3968 6228
447 334 504 375 ix
546 304 547 307 η
1752 327 2093 389 ΙίἸᾹΝΝΕΞ
2138 328 2447 389 LMllUS.
3679 341 3714 378 κ

451 449 572 489 nem
608 434 909 502 Sittaitam,
943 446 1047 495 ctc.
1079 439 1231 507 Quod
1266 434 1485 510 quidem
1531 440 1880 496 Grammatici
1933 456 2031 493 no~
2068 445 2103 498 Α
2137 439 2233 491 rei
2268 440 2471 503 Γλυκᾶ,
2506 457 2560 493 κ.
2594 456 2642 493 τ.
2681 439 2730 494 λ.
2776 437 3169 509 Sapientissimi
3210 448 3257 492 et
3307 437 3722 508 eloquentissimi

452 543 580 581 men
615 530 980 597 professionis
1006 549 1127 588 esse
1154 549 1258 588 non
1307 544 1393 588 est
1438 549 1537 589 cur
1586 534 1926 593 dubitemus,
1977 542 2033 587 et

453 619 621 686 quod,
646 620 813 675 etiam
846 633 1131 693 postquam
1167 624 1526 678 monasticam
1557 624 1721 679 vitam
1745 625 2032 694 amplexus

452 722 640 779 esset,
708 715 949 770 retinere
1001 718 1205 784 potuit,
1243 717 1287 771 si
1325 715 1550 787 quidem
1608 734 1726 771 eam
1795 732 2031 785 unquam

455 806 747 876 atitplexus
781 819 901 862 est:
956 826 1107 876 nam,
1148 820 1208 865 ut
1232 811 1365 875 dixi,
1392 810 1539 863 omni
1571 811 1812 864 historiae
1841 820 2031 864 aucto-

453 898 621 953 ritate
651 899 947 956 destitutus
982 903 1059 969 id,
1094 920 1197 958 una
1230 920 1352 959 cum
1380 903 1654 983 Fabricio,
1684 906 1804 973 quis
1839 905 2032 958 crede-

456 1001 544 1045 ret
569 991 592 1045 ?
616 992 683 1046 Et
713 993 934 1062 quidem
956 996 1202 1050 monachi
1224 996 1447 1067 passim,
1471 995 1668 1065 aliique
1696 997 1746 1049 in
1771 995 2032 1050 eminenti

452 1084 724 1155 dignitate
752 1087 1061 1155 constituti,
1100 1104 1265 1159 super
1292 1089 1613 1159 theologicis
1666 1087 2033 1160 gravissimis-

451 1192 565 1244 que
594 1181 980 1235 controversiis
1014 1197 1136 1235 eum
1187 1182 1571 1246 consulebant,
1606 1192 1665 1236 ut
1692 1198 1757 1237 ex
1816 1180 2034 1251 Episto-

451 1268 544 1331 lis.
601 1286 697 1324 seu
756 1272 1272 1339 dissertationibus,
1335 1291 1471 1346 quas
1538 1274 1773 1340 edimus,
1817 1284 2030 1329 certum

455 1363 912 1435 exploratumque
938 1378 1041 1421 est.
1073 1367 1207 1436 Quis
1236 1380 1418 1424 autem
1446 1368 1603 1423 facile
1634 1368 1911 1439 opinetur,
1932 1368 2035 1423 ho-

455 1455 665 1507 minem
699 1456 869 1509 sacris
900 1466 953 1510 et
987 1458 1236 1518 castioris
1280 1458 1516 1528 alicujus
1556 1470 1719 1513 sectae
1764 1459 2033 1515 institutis

455 1547 691 1601 minime
736 1547 1036 1612 addictum,
1067 1550 1160 1604 sed
1197 1565 1229 1605 θ
1283 1550 1466 1606 medio
1512 1550 1736 1621 populo,
1795 1566 1917 1605 cum
1954 1560 2033 1607 tot

378 1666 384 1670 ~
454 1638 707 1708 episcopi
763 1640 1233 1710 ecclesiasticique
1287 1652 1651 1711 praeceptores
1702 1641 1865 1712 vulgo
1899 1656 2033 1711 sup-

455 1739 730 1807 peterent,
760 1733 829 1786 ab
859 1731 940 1787 eis
983 1732 1038 1786 in
1073 1734 1353 1803 religionis
1382 1734 1815 1805 dogmatumque
1866 1734 2031 1790 Cliti-

456 1825 769 1881 stianorum
826 1828 1044 1897 negotio
1122 1831 1436 1889 consultum
1512 1836 1651 1886 adeo
1712 1831 2037 1907 frequenter

456 1916 680 1973 fuisse?
713 1917 830 1973 Non
882 1934 970 1973 me
1007 1920 1226 1990 quidem
1274 1922 1426 1989 latet,
1461 1937 1607 1977 mere
1656 1923 1823 1981 etiam
1856 1924 2025 1979 iaicos

458 2009 755 2079 aliquando
776 2010 830 2064 in
862 2008 1108 2067 Ecclesia
1137 2011 1415 2080 docuisse,
1443 2024 1497 2070 et
1519 2015 1780 2071 habuisse
1810 2018 2035 2075 concio-

458 2118 582 2167 nes,
610 2111 667 2156 ut
693 2119 754 2156 ex
783 2104 1023 2159 Eusebio
1049 2105 1119 2160 de
1144 2105 1378 2177 Origene
1401 2107 1579 2169 adhuc
1607 2109 1806 2179 juvene
1834 2110 2029 2183 liquet;

450 2203 510 2247 et
547 2194 779 2266 Prosper
818 2197 1125 2273 Aquitanus
1174 2197 1367 2262 multa,
1429 2215 1551 2270 quae
1599 2200 1732 2271 ipsis
1777 2202 2039 2261 ecclesia-

452 2286 578 2340 stici
626 2287 837 2342 ordinis
886 2290 1160 2360 tuagistrls
1218 2291 1385 2347 ardua
1433 2300 1485 2347 et
1547 2291 1822 2351 salebrosa
1859 2293 2036 2350 videri

450 2389 751 2447 poterant,
808 2381 876 2434 in.
918 2397 978 2436 re
1028 2383 1330 2453 theologica
1393 2384 1551 2441 docte
1584 2395 1641 2440 et
1698 2387 2035 2457 praeclaritet‘

452 2472 840 2540 pertractavit;
876 2482 1121 2531 attamen
1156 2476 1339 2531 isthuc
1388 2476 1567 2548 ipsum
1602 2479 1656 2532 in
1700 2494 1758 2534 re
1794 2488 1903 2534 tam
1940 2480 2039 2535 ob-

455 2580 616 2618 scura
651 2573 707 2619 et
737 2565 991 2633 ambigua
1030 2568 1219 2623 nescio
1244 2568 1373 2639 quid
1409 2571 1742 2639 suspicionis
1778 2573 2038 2630 inducere

455 2656 906 2713 dissimulandum
938 2658 1357 2729 haudquaquam
1388 2661 1666 2717 existimo.
1710 2662 2035 2721 Conlirmari

458 2749 509 2801 id
547 2750 711 2804 etiam
747 2759 930 2820 posset
956 2750 1444 2809 animadvertendo
1476 2755 1529 2809 in
1562 2755 1749 2811 codice
1784 2757 2036 2814 Caesareo

451 2842 622 2910 κυρδν
665 2837 888 2914 Glycam
916 2844 1213 2913 appellari;
1267 2861 1377 2915 quo
1436 2847 1701 2902 vocabulo
1752 2858 2036 2905 contracto

452 2933 715 2989 monachi
766 2937 1108 3007 prtesertim,
1151 2937 1501 3008 sequior-ibus
1550 2940 1786 3005 saeculis,
1842 2940 2037 3011 indigi-

450 3028 746 3082 L-iiantur:
790 3043 900 3082 non
949 3044 1107 3087 secus
1161 3030 1381 3101 quidem
1440 3037 1604 3099 atque
1662 3046 1760 3086 nos
1818 3033 2036 3089 domuos

2142 532 2410 587 Michaelis
2443 532 2641 602 Glyca',
2672 543 2800 597 ctc.;
2828 543 2880 587 et
2910 548 2971 585 ex
2997 531 3451 602 inscriptionibus
3471 530 3721 585 codicum

2142 626 2427 679 Annalium
2468 625 2804 680 Vallicellani
2850 635 2905 680 et
2967 623 3527 685 Fontiscbraldcnsis,
3586 637 3724 691 quas

2137 718 2303 788 paulo
2335 718 2589 786 superius
2622 716 2927 772 attulimus.
2962 717 3028 771 Et
3068 718 3286 787 quidem
3322 717 3375 770 in
3422 731 3614 785 magna
3650 716 3724 768 oh

2137 809 2443 864 doctrinam
2472 809 2879 864 existimatione
2915 808 3086 863 fuisse
3116 808 3357 862 indicant
3377 807 3539 862 etiam
3568 807 3723 861 lucu-

2135 902 2314 957 lenter
2330 902 2450 973 ejus
2468 902 2733 970 e,-istolae.
2757 917 2877 971 quae
2905 901 3189 955 monachis
3206 902 3407 971 passim
3463 900 3718 967 aliisque,

2135 996 2227 1065 qui
2271 1010 2395 1051 eum
2429 996 2497 1052 de
2526 996 2921 1066 qumstionibus
2955 994 3289 1049 difficillimis
3332 991 3719 1049 consulebant.

2136 1088 2448 1151 mittuntur,
2481 1096 2540 1142 ttt
2578 1103 2677 1162 per
2706 1103 2768 1142 ea
2796 1096 3045 1156 tempora
3080 1097 3275 1139 omnes
3324 1081 3440 1135 fere
3492 1080 3558 1134 ad
3589 1094 3714 1131 eum

2132 1180 2393 1236 doctrina:
2421 1195 2607 1245 causa,
2627 1195 2721 1235 seu
2755 1194 3002 1243 accessu,
3023 1194 3119 1233 seu
3139 1176 3355 1240 litteris,
3382 1171 3721 1228 conﬂuxisse

2135 1274 2444 1328 videantur.

2206 1365 2324 1430 Qua
2360 1376 2519 1420 aetate
2565 1364 2758 1438 Glycas
2833 1373 3023 1419 noster
3069 1363 3287 1425 vixerit,
3339 1368 3461 1430 post
3509 1374 3711 1412 novam

2135 1456 2494 1512 eruditissimi
2525 1455 2694 1510 Leon.
2732 1454 2911 1508 Allatii
2942 1453 3279 1523 opinionem,
3312 1465 3473 1519 quam
3506 1448 3628 1502 (ἰλιδί
3658 1468 3711 1500 ι’.

2136 1548 2391 1605 Oudinus
2418 1564 2519 1604 suo
2552 1547 2765 1602 calculo
2794 1548 3139 1616 comprobat,
3181 1545 3232 1597 in
3271 1542 3565 1597 sententiis
3607 1552 3715 1595 est.

2133 1638 2391 1708 Plerique
2428 1647 2609 1693 tamen
2648 1652 2843 1693 omnes
2875 1636 3058 1691 saaculi
3106 1652 3184 1690 xtt
3228 1635 3549 1704 scriptorem
3585 1648 3709 1686 cum

2139 1732 2479 1798 existimant,
2522 1730 2609 1786 Jo.
2639 1731 2886 1795 Zonarw,
2933 1729 3154 1800 Georgii
3206 1729 3463 1791 Cedrcni,
3524 1727 3716 1781 Const.

2144 1824 2408 1881 Manassis
2440 1825 2760 1896 σύγχρονον,
2791 1825 3130 1894 aliorumque
3174 1823 3455 1877 similium.
3496 1821 3563 1875 Et
3600 1820 3721 1888 qui-

2141 1920 2267 1975 dem
2296 1935 2450 1974 snam
2482 1917 2801 1984 Historiam,
2844 1932 3006 1987 quam
3038 1917 3107 1971 ab
3128 1916 3260 1970 orbe
3295 1914 3518 1970 condito
3556 1928 3716 1967 exor-

2139 2013 2312 2079 ditur,
2343 2029 2514 2083 usque
2540 2013 2607 2067 ad
2634 2012 2842 2065 obitum
2891 2010 3063 2064 Alexii
3095 2008 3385 2071 tlomneni,
3418 2017 3475 2061 et
3508 2022 3715 2060 annum

2141 2107 2343 2167 Christi
2374 2104 2531 2171 1118,
2559 2104 2801 2160 deducit.
2831 2102 2967 2158 llinc
3010 2117 3040 2156 a
3084 2101 3149 2157 G.
3195 2100 3278 2155 Jo.
3308 2100 3519 2165 Vossio,
3554 2098 3647 2151 lib.
3680 2113 3715 2151 ιι

2142 2190 2221 2247 De
2238 2194 2421 2255 histor.
2453 2191 2787 2263 erc..Cap.
2818 2193 2909 2257 27,
2942 2191 3007 2245 ad
3033 2206 3236 2245 annum
3266 2189 3399 2243 “20
3449 2189 3715 2245 refertur;

2139 2286 2600 2360 quemadmodum
2654 2297 2710 2340 et
2748 2302 2778 2340 a
2812 2285 3011 2342 Guliel.
3055 2285 3255 2346 Caveo,
3291 2283 3343 2336 in
3380 2282 3515 2336 (list.
3551 2280 3715 2333 litter.

2139 2380 2322 2450 script.
2356 2378 2540 2433 ecclcs.
2575 2377 2678 2433 Ph.
2716 2377 2935 2432 Labbeo
2962 2376 3260 2432 verisimile
3290 2383 3397 2438 est,
3421 2387 3543 2427 eum
3571 2372 3715 2426 circa

2142 2485 2345 2524 annum
2377 2471 2516 2528 1150
2536 2469 2787 2544 ﬂoruisse
2812 2488 2828 2525 :
2870 2456 2955 2525 cui
2987 2469 3208 2541 epoehae
3230 2467 3319 2521 alii
3343 2482 3557 2536 quoque
3587 2467 3718 2519 asti-

2139 2562 2418 2633 pulantur,
2459 2563 2505 2620 si
2532 2564 2788 2621 Allatium
2823 2573 2878 2619 et
2915 2564 3193 2618 Oudinum
3220 2563 3467 2617 laudatos
3494 2574 3721 2628 excepe-

2140 2656 2241 2713 ris.
2272 2656 2363 2712 Ille
2400 2658 2547 2713 enim
2595 2658 2814 2729 Glycam
2846 2658 3029 2713 saeculi
3076 2672 3145 2711 xv
3194 2655 3519 2725 scriptorem
3561 2667 3709 2715 esse,

2139 2759 2193 2805 et
2218 2765 2363 2806 anno
2392 2751 2530 2807 M30
2589 2766 2653 2806 ac
2678 2751 2939 2821 deinceps
2970 2750 3257 2813 claruisse,
3292 2747 3592 2819 pertendit,
3630 2761 3718 2799 ra-

2142 2845 2346 2914 tioque,
2377 2861 2485 2917 qua
2526 2846 2799 2910 innititur,
2831 2855 2939 2913 est,
2974 2845 3120 2917 quod
3160 2861 3225 2901 ex
3263 2845 3439 2917 Glyca:
3468 2842 3722 2913 epistolis

2139 2937 2323 3011 plures
2351 2938 2417 2992 ad
2439 2939 2730 2996 Maximum
2761 2938 3121 3004 Smeniotem,
3146 2948 3199 2992 et
3230 2938 3428 2994 lsaiam
3454 2936 3712 3007 Cyprium

2140 3030 2495 3097 monachum,
2524 3032 2617 3100 qui
2670 3040 2802 3086 tunc
2852 3034 3113 3101 temporis
3162 3031 3441 3097 vivebant,
3499 3029 3715 3098 scriptu:

447 3117 753 3172 monachos
787 3120 1012 3175 honeris
1041 3134 1202 3176 causa
1236 3136 1639 3191 nuncupamus,
1678 3123 1824 3191 quod
1871 3123 2034 3178 latius
2056 3129 2103 3192 ε
2136 3129 2281 3180 sunt.
2325 3120 2576 3178 Oudinus
2601 3123 2754 3176 addit
2806 3121 2990 3193 Glycw
3039 3131 3321 3195 syntagma
3387 3124 3711 3179 historicum

450 3226 517 3262 ac
547 3211 837 3267 dilucidius
868 3213 920 3266 in
957 3213 1181 3275 scholiis
1210 3213 1278 3269 ad
1313 3212 1759 3271 dissertationem
1796 3216 2027 3287 primam

450 3302 795 3369 expediuius,
826 3310 883 3358 et
920 3290 1273 3359 classicorum
1327 3303 1660 3375 scriptorum
1702 3309 2030 3365 testimoniis

454 3395 509 3454 in
539 3394 776 3449 medium
807 3394 1061 3450 adductis
1089 3396 1525 3466 comprobemus.
1559 3398 1700 3463 Quid
1737 3401 1881 3469 quod
1934 3416 2030 3459 co-

455 3488 557 3539 dex
616 3503 719 3540 ms.
752 3487 1043 3541 Annalium
1070 3486 1247 3559 Glyca:
1282 3487 1671 3545 Vallicellanus
1713 3491 2027 3562 huiusmodi

463 3581 671 3639 titulum
734 3580 993 3652 prtel'ert?
1045 3581 1155 3634 Τοῦ
1198 3582 1536 3649 λογιωτάτου
1590 3584 1687 3637 καὶ
1743 3602 2032 3655 μακαριω-

454 3674 620 3732 sitae
682 3673 854 3743 κυροῦ
890 3673 1107 3743 Μιχαὴλ
1137 3675 1233 3727 τοῦ
1259 3673 1444 3729 Γλυκᾶ
1474 3676 1763 3746 Χρονικὺν,
1796 3695 1849 3731 κ.
1883 3695 1934 3731 τ.
1974 3679 2025 3734 λ.

455 3764 894 3833 Eloquentissimi
925 3776 973 3820 et
1004 3767 1296 3821 beatissimi
1322 3769 1502 3822 damni
1529 3767 1801 3824 Michaelis
1852 3770 2028 3842 Glyco:

455 3858 775 3923 Chronicon,
808 3870 948 3923 etc.,
983 3860 1076 3929 qui
1111 3859 1251 3914 forte
1284 3875 1391 3913 non
1422 3869 1529 3914 tam
1580 3878 1792 3917 morum
1841 3863 2031 3933 probi-

456 3962 621 4011 ιςιιριιι
652 3960 706 4005 et
746 3952 1192 4016 sanctitudinem,
1224 3968 1387 4022 quam
1419 3954 1775 4008 monasticam
1820 3955 2029 4025 proles-

453 4043 667 4097 sionem
717 4044 1004 4112 designare
1054 4058 1214 4113 posse
1264 4044 1535 4099 videatur.
1570 4045 1754 4100 Codex
1808 4063 2027 4118 quoque

452 4136 770 4195 numasterii
826 4135 1362 4208 Fontisebraldmsis
1414 4139 1603 4207 paucis
1661 4139 1881 4194 mutatis
1946 4142 2028 4195 sic

450 4228 680 4295 incipit:
732 4227 845 4282 Τοῦ
895 4228 1210 4298 σοφωτάτου
1270 4228 1367 4282 καὶ
1409 4231 1855 4301 μακαριωτάτου,
1889 4240 2021 4300 etc.,

451 4321 847 4393 Sapientissimi
875 4330 924 4373 et
960 4320 1271 4386 beatissimi,
1297 4330 1406 4376 etc.

526 4410 799 4483 Quidquid
834 4422 1015 4471 autem
1047 4412 1139 4477 sit,
1165 4411 1299 4467 illud
1324 4410 1619 4483 exploratae
1652 4413 1772 4468 ﬁdei
1803 4425 1907 4479 est,
1940 4413 2026 4469 vi-

2131 3212 2283 3267 olcre
2318 3214 2584 3271 Graeciam
2609 3215 3068 3281 recentissimam,
3102 3216 3248 3286 quod
3279 3217 3371 3272 ille
3398 3217 3484 3271 vel
3534 3228 3715 3272 morte

2134 3304 2217 3357 vel
2248 3304 2481 3375 negotiis
2515 3315 2817 3375 occupatus
2866 3307 3010 3361 ultra
3045 3323 3248 3361 annum
3285 3308 3421 3363 1118
3471 3324 3583 3361 non
3614 3324 3712 3361 ex-

2133 3398 2390 3453 tenderit.
2421 3398 2607 3469 Itaque
2632 3397 2785 3469 juxta
2817 3410 3152 3456 memoratos
3183 3402 3481 3473 scriptorcs
3513 3401 3709 3473 Glyeas

2132 3489 2432 3559 σύγχρονος
2468 3489 2668 3546 fuisset
2717 3490 2940 3546 Macarii
2992 3490 3271 3563 Ancyrani
3323 3493 3708 3563 metropolitae,

2131 3580 2338 3636 Nicolai
2369 3579 2659 3651 Sciengiae,
2690 3581 2775 3637 lo.
2805 3582 2987 3647 Ducas,
3025 3583 3366 3653 aliorumque
3399 3582 3560 3653 hujus
3585 3592 3713 3636 :eta.

2132 3675 2201 3728 tis
2230 3674 2493 3740 virorum,
2512 3676 2607 3744 qui
2639 3674 3112 3730 lucubrationibus
3136 3675 3298 3731 editis
3321 3691 3521 3730 nomen
3546 3689 3704 3729 suum

2129 3769 2434 3838 posteritati
2462 3767 3005 3823 commendaverunt.
3048 3766 3249 3824 Verum
3279 3767 3357 3832 id,
3388 3769 3530 3837 quod
3557 3766 3707 3822 litem

2129 3876 2348 3915 omnem
2377 3860 2604 3927 dirimit,
2641 3871 2770 3915 sunt
2818 3860 3073 3930 Epistolae
3104 3860 3283 3932 Glycae
3310 3860 3400 3925 55,
3432 3860 3501 3915 56
3531 3869 3586 3914 et
3615 3861 3715 3923 4!,

2129 3970 2250 4023 qua:
2306 3952 2373 4006 ad
2433 3952 2817 4023 imperatorem
2866 3953 3291 4013 Constantinum
3379 3951 3715 4024 Palaelogum.

2128 4045 2348 4116 scriptas
2372 4055 2528 4111 sunt;
2561 4054 2776 4101 constat
2802 4056 2985 4102 autem
3020 4058 3085 4102 ex
3123 4044 3435 4102 verioribus
3475 4046 3706 4101 chrono-

2127 4138 2265 4210 logis
2314 4138 2735 4194 Constantinum
2796 4134 3154 4210 Palmologum
3212 4156 3321 4193 non
3394 4132 3521 4193 ante
3602 4155 3705 4194 an.

2128 4245 2257 4283 num
2314 4226 2471 4294 1445,
2504 4227 2588 4284 vel
2638 4229 2794 4303 juxta
2829 4230 2967 4283 alios
3005 4228 3167 4292 1448,
3206 4218 3494 4299 imperium
3516 4243 3704 4283 susceo-

2128 4323 2273 4396 pisse
2299 4321 2558 4388 Orientis,
2585 4323 2727 4392 quod
2759 4337 2905 4376 anno
2937 4321 3098 4383 1455,
3144 4322 3198 4375 in
3238 4321 3705 4391 Constantinopo:

2129 4415 2297 4470 litana
2352 4416 2510 4471 clade
2556 4416 2887 4481 exstinctus,
2938 4413 3143 4478 amisit,
3180 4428 3306 4467 cum
3349 4412 3510 4473 annis
3534 4412 3587 4477 8,
3617 4413 3713 4473 vel

452 4520 571 4557 rum
601 4506 745 4559 hunc
774 4505 1078 4561 litterarum
1098 4504 1295 4561 studiis
1326 4507 1562 4561 maxime
1588 4506 1856 4570 deditum,
1879 4507 2027 4575 φιλόο
2052 4486 2104 4549 Ῑ)
2125 4502 2279 4583 juxta
2338 4509 2476 4564 alios
2523 4508 2557 4564 5
2609 4507 2711 4562 etsi
2770 4522 2885 4561 non
2917 4506 3144 4577 integris
3195 4506 3536 4575 imperasset.
3581 4503 3700 4560 Jam

454 4613 612 4648 πονο-ι
661 4596 756 4655 καὶ
800 4596 1099 4668 φιλομαθῆ,
1150 4596 1320 4653 fuisse
1362 4598 1691 4675 cunctisque
1728 4600 1869 4658 adeo
1909 4599 2022 4658 fere

455 4689 753 4757 «ὶὶδισίνῐεηὶδ
782 4688 1098 4742 eruditum:
1133 4690 1332 4757 passim
1370 4689 1514 4745 enim
1546 4689 1601 4744 in
1626 4690 1741 4748 suis
1758 4691 2023 4760 operibus

460 4780 763 4850 theologum
784 4779 967 4843 simul,
985 4792 1264 4834 sacrarum
1289 4779 1618 4839 Litterarum
1638 4781 2021 4853 interpretem,

449 4871 721 4929 medicum
753 4871 1126 4941 naturalisque
1156 4873 1403 4929 scientiae
1433 4873 1809 4944 indagatorem
1842 4874 2019 4929 soler-

449 4963 738 5029 tissimum,
779 4963 1285 5035 peritissimumque
1334 4980 1393 5019 se
1437 4967 1619 5037 prodit
1669 4966 2018 5023 historicum.

447 5055 560 5111 Nec
589 5056 913 5124 eloquentia:
940 5056 1160 5127 quidem
1194 5056 1356 5111 laude
1384 5066 1556 5120 caret,
1589 5063 1647 5112 et
1689 5057 1833 5113 facili
1882 5074 2017 5127 qua—

444 5147 570 5206 dam
600 5162 665 5202 ac
694 5147 851 5217 plana
879 5147 1096 5204 dicendi
1127 5147 1339 5203 ratione
1374 5147 1633 5203 lectorem
1664 5150 1906 5205 oblectat
1954 5165 2020 5206 ac

444 5239 677 5304 detinet,
743 5238 815 5292 ita
860 5246 921 5292 ut
958 5240 1272 5312 eloquentia
1310 5253 1436 5295 cum
1487 5240 1693 5310 ingenii
1755 5241 2019 5297 facilitate

444 5341 661 5385 certare
686 5331 959 5387 videatur.
987 5330 1176 5402 itaque
1210 5332 1281 5387 ob
1311 5331 1431 5402 ejus
1456 5332 1723 5389 doctrinae
1751 5345 2018 5403 praestan-

446 5424 578 5483 tiam
616 5425 814 5479 merito
863 5424 1195 5491 λογιώτατος
1226 5425 1320 5479 καὶ
1350 5425 1666 5493 σοφώτατος
1714 5426 2018 5495 appellatus

443 5524 550 5579 est,
586 5523 646 5567 ut
687 5529 753 5569 ex
804 5516 923 5582 eius
968 5515 1336 5586 Epistolarum
1386 5516 1624 5586 generali
1658 5516 2018 5586 inscriptione

444 5611 504 5661 in
570 5608 755 5664 codice
807 5609 1058 5665 Ctesareo
1130 5612 1271 5680 apud
1330 5612 1391 5667 P.
1453 5613 1823 5675 Lambecium,
1891 5614 2015 5668 cod.

448 5700 686 5771 tlteolog.
765 5703 887 5765 159,
921 5702 1284 5773 intelligitur;
1347 5716 1428 5761 est
1503 5708 1649 5761 enim
1720 5722 1820 5770 ea,
1898 5723 2018 5773 qua:

446 5794 736 5863 εαίιιιίιυτε
773 5793 876 5855 Τοῦ
934 5794 1243 5866 σοεξωτάτου
1280 5800 1371 5853 καὶ
1424 5799 1753 5870 λογιωτάτου
1794 5800 1849 5858 Μ
1876 5797 2015 5868 χαὴλ

2127 4610 2546 4659 memoratarum
2577 4597 2938 4669 Epistolarum
2972 4597 3359 4669 inscriptiones
3390 4598 3443 4651 in
3469 4597 3576 4652 alio
3608 4612 3705 4649 vo-

2124 4687 2331 4745 lumine
2362 4706 2465 4745 una
2489 4706 2612 4745 cum
2646 4690 2876 4744 aliarum
2902 4690 3074 4749 titulis
3099 4689 3420 4754 aﬂ'eremus,
3450 4698 3505 4743 et
3537 4706 3605 4743 ex
3637 4690 3715 4748 iis

2121 4784 2323 4838 veritas
2346 4783 2434 4837 illa
2456 4798 2619 4853 quam
2634 4782 2926 4842 astruimus
2941 4781 3225 4843 evidenter
3248 4781 3501 4836 elucebit.
3520 4779 3701 4836 Caro].

2122 4875 2344 4944 quidem
2388 4874 2729 4940 Dulresnius,
2771 4873 2853 4928 vir
2886 4872 3333 4938 doctissimus,in
3364 4872 3707 4942 prmlationc,

2120 4983 2286 5040 quam
2317 4967 2576 5037 operibus
2610 4966 2697 5021 Jo.
2732 4966 2960 5020 Zonarae
2991 4966 3278 5035 praemisit,
3313 4981 3437 5019 cum
3476 4964 3532 5019 in
3579 4981 3702 5023 eam

2121 5060 2449 5115 sententiam
2484 5059 2848 5126 discessisset,
2899 5075 3022 5130 qua:
3066 5059 3184 5114 vult
3229 5060 3392 5114 hasce
3430 5059 3701 5129 Epistolas

2119 5165 2243 5207 esse
2268 5150 2353 5206 ιο.
2392 5146 2622 5206 Zonaras
2677 5136 2884 5214 fetum,
2908 5160 2969 5205 ut
2990 5151 3211 5206 evincat
3241 5166 3354 5218 eas,
3389 5150 3475 5221 vel
3508 5166 3696 5205 earmn

2119 5241 2313 5295 saltem
2344 5240 2574 5311 aliquas,
2606 5255 2729 5296 esse
2761 5242 2995 5312 scriptas
3022 5257 3087 5296 ea
3128 5250 3310 5309 aetate,
3344 5258 3450 5314 qua
3498 5244 3587 5296 ille
3620 5243 3701 5295 vis.

2118 5331 2301 5397 vehat,
2323 5332 2533 5387 clarum
2562 5344 3020 5404 perspectumque
3039 5349 3164 5389 esse
3178 5335 3275 5401 ait,
3307 5332 3691 5388 nonnullarum

2118 5433 2423 5487 auctorem,
2482 5424 2530 5478 si
2573 5440 2681 5478 non
2725 5425 2994 5491 omnium,
3040 5426 3240 5483 vixisse
3293 5426 3396 5480 sub
3441 5424 3697 5479 Manuele

2117 5515 2436 5581 Conmeno;
2472 5531 2596 5569 nam
2625 5517 2914 5587 epistolam
2943 5519 3012 5572 38
3044 5520 3098 5587 in
3122 5520 3300 5573 indice
3323 5517 3691 5574 Lambeciano

2117 5609 2385 5665 Manuelis
2399 5610 2664 5664 Contncni
2686 5612 3030 5681 imperatoris
3047 5628 3166 5667 esse
3185 5611 3501 5676 arbitratur,
3520 5629 3693 5682 quare

2120 5713 2175 5753 ct
2207 5703 2552 5769 subsequens
2599 5703 3114 5771 Antapologeticum,
3154 5705 3297 5770 quod
3329 5703 3548 5771 quidem
3581 5714 3690 5759 sta-

2120 5796 2219 5849 tim
2251 5794 2500 5851 subditur
2529 5794 2581 5848 in
2616 5794 2799 5851 codice
2835 5794 3079 5848 Cmsarco
3126 5803 3180 5849 et
3228 5792 3282 5850 in
3314 5793 3485 5867 chio
3541 5796 3690 5859 Pari-
