3968 6228
281 287 341 327 3‘“
1506 280 1605 340 DE
1644 281 2033 343 MICHAELE
2071 282 2306 344 GLYCA
3440 298 3516 339 xu

276 393 466 455 sicnsi,
500 390 692 447 eodem
740 400 982 460 tempore
1018 393 1280 463 Scriptum
1316 409 1451 466 esse,
1483 394 1673 451 infert.
1720 399 1849 452 Eam
1879 406 1922 461 Α
1953 398 2293 468 aliorumque
2321 396 2542 465 vestigia
2579 412 2642 450 ac
2692 411 2830 467 pene
2866 395 3075 452 verba:
3139 398 3232 469 qui
3294 400 3515 471 quidem

274 492 487 537 aetatem
519 485 682 538 etiam
711 485 889 553 arguit
919 501 980 539 ex
1015 485 1146 540 viris
1186 488 1464 557 primariis
1509 491 1645 544 aula
1708 491 1849 545 Con-

274 576 800 645 sfantinopolitanre,
825 578 1021 644 quibus
1049 578 1527 650 aliquotZepistola:
1548 581 1851 636 inscribun-

275 674 399 720 tur:
435 679 598 738 atque
645 670 699 722 in
739 671 806 725 iis
830 669 1039 726 Joanne
1067 671 1215 725 Dura
1252 689 1446 737 magno
1493 674 1848 731 hetmriarcha

273 769 325 812 et
360 764 601 827 sehasto,
637 763 794 829 cujus
818 780 930 832 pra:
952 765 1167 819 caeteris
1198 767 1405 820 mentio
1437 768 1679 823 occurrit
1703 767 1849 837 apud

271 848 517 906 Niret-am
553 854 609 907 in
644 854 832 909 Alexio
859 854 1131 910 Manuelis
1160 855 1268 921 ﬁl.,
1294 865 1348 911 et
1392 854 1641 911 Manuele
1686 846 1849 912 Com-

274 962 420 1000 neno
450 947 907 1012 sebastocratore,
948 948 1041 1018 qui
1070 963 1179 1003 non
1210 948 1346 1003 alius
1372 957 1460 1004 est
1483 949 1551 1005 ab
1578 964 1666 1014 eo,
1690 949 1848 1019 cujus

273 1040 478 1108 pariter
503 1039 803 1094 Cinnamus
830 1041 1080 1095 meminit
1112 1041 1207 1095 lib.
1250 1059 1306 1097 ν.
1345 1040 1449 1095 Sed
1482 1051 1630 1096 recte
1660 1042 1850 1097 obser-

276 1141 363 1183 vat
394 1130 519 1185 Cas.
576 1129 828 1185 Omiinus
888 1132 1080 1196 falsum
1119 1149 1240 1188 esse
1295 1132 1669 1195 Dufresnium,
1717 1134 1845 1188 dum

276 1221 495 1273 censuit
532 1220 819 1290 epistolam
856 1220 923 1275 58
983 1224 1049 1275 ad
1084 1221 1333 1292 Alypium
1361 1221 1693 1277 monachum
1726 1237 1848 1278 esse

273 1310 541 1367 Manuelis
563 1313 851 1376 Conmeni,
883 1330 1007 1369 cum
1034 1330 1159 1369 vere
1191 1314 1369 1386 Glyca:
1400 1315 1472 1368 sit
1519 1316 1845 1369 monachum

273 1403 423 1457 illum
460 1404 528 1458 ah
573 1404 882 1476 astrologim
930 1406 1111 1459 studio
1158 1404 1544 1461 dehortantis:
1596 1406 1847 1460 concedit

272 1505 480 1549 tantum
516 1497 1008 1566 Antapologeticum
1058 1512 1182 1550 esse
1230 1496 1498 1551 Manuelis
1551 1497 1841 1562 Comneni,

268 1592 425 1658 Cujus
456 1589 678 1657 quidem
711 1604 912 1643 nomen
945 1589 1182 1657 praefert,
1216 1598 1270 1642 et
1298 1604 1531 1643 numero
1556 1589 1626 1644 59
1677 1588 1844 1643 collo-

270 1690 446 1736 vatur.
516 1679 651 1734 Cum
697 1681 845 1733 enim
886 1678 1219 1750 Alypius-in
1253 1677 1559 1747 astrologiae
1603 1677 1840 1732 studium

1953 505 2146 544 omnes
2172 506 2308 558 opus
2340 503 2432 543 sex
2469 489 2700 547 dierum,
2730 488 2875 558 quod
2922 488 3109 545 Grmca
3161 506 3293 547 voce
3347 492 3522 547 llexa-

1953 591 2175 630 emeron
2205 576 2387 631 dicere
2414 576 2673 643 solemus,
2692 577 2953 648 singuiari
2976 578 3256 648 diligentia
3287 584 3520 636 concin-

1951 677 2168 722 narnnt.
2196 667 2301 723 Sed
2331 668 2457 737 quia
2494 678 2715 725 notatur
2744 685 2774 724 a
2836 669 2942 727 Th.
2990 669 3326 741 Dempstero,
3356 673 3454 728 lib.
3503 693 3517 729 ι

1956 759 2199 829 I’aralip.
2227 765 2294 814 ad
2324 761 2598 827 Rosinum,
2638 777 2759 832 cap.
2795 762 2847 828 1,
2875 764 3028 832 quasi
3058 762 3207 835 leges
3258 765 3521 821 historico

1952 849 2300 920 praescriptas
2332 867 2440 906 non
2472 852 2796 920 servaverit,
2833 854 2922 907 hic
2956 854 3277 923 tempestive
3312 856 3519 911 deseri-

1951 942 2127 997 benda
2161 943 2416 998 videntur
2455 947 2621 998 verba
2659 944 2971 999 Leunclavii
3014 946 3279 1014 promendo
3311 947 3365 1001 in
3393 948 3521 1019 Gly—

1951 1051 2029 1090 ca:
2059 1035 2289 1090 Annales
2309 1051 2329 1089 :
2360 1036 2512 1101 Quod
2547 1039 2595 1090 si
2625 1038 2741 1103 quis
2773 1037 3098 1101 arbitratur,‘
3145 1039 3337 1107 inquit,
3385 1042 3520 1095 hisce

1951 1125 2015 1176 de
2046 1124 2199 1177 rebus
2229 1126 2444 1178 minime
2481 1126 2841 1180 disserendum
2870 1126 2948 1181 vel
2991 1128 3049 1181 in
3073 1129 3312 1195 historia,
3348 1131 3428 1184 vel
3464 1133 3519 1185 in

1949 1218 2290 1273 adnotatione
2318 1228 2604 1286 temporum
2632 1259 2647 1283 ,
2677 1220 2722 1272 is
2752 1220 2906 1281 sciat,
2931 1219 3162 1287 primum
3199 1221 3309 1275 Itazc
3339 1220 3522 1289 junio-

1932 1312 2092 1398 lribus
2121 1328 2233 1365 esse
2261 1313 2574 1379 perscripta,
2604 1328 2825 1381 quarunt
2846 1312 3050 1369 animos
3070 1315 3222 1366 rectis
3249 1315 3519 1368 sententiis

1952 1402 2031 1471 (ut
2061 1400 2224 1472 paulo
2241 1411 2365 1455 ante
2384 1402 2833 1472 signiﬁcabamus)
2863 1403 3026 1456 imbui
3043 1404 3321 1474 permagni
3338 1407 3515 1476 refert.

1947 1494 2148 1549 Deinde
2178 1497 2332 1549 velim
2358 1495 2529 1566 Glycte
2553 1508 2728 1550 nostra
2759 1497 2838 1550 uel
2869 1496 3019 1552 illam
3076 1497 3138 1552 ob
3173 1514 3395 1553 causam
3451 1500 3519 1552 sit

1947 1588 2168 1657 aequior,
2208 1588 2346 1657 quod
2380 1588 2630 1658 pleraque
2657 1605 2759 1643 non
2790 1591 2867 1643 ita
2897 1590 3122 1659 prolixe,
3160 1607 3252 1644 nec
3283 1576 3517 1660 confuse,

1949 1680 2247 1746 tradiderit,
2279 1690 2341 1734 ut
2367 1680 2660 1737 Cedrenum
2685 1691 2734 1734 et
2765 1681 2900 1736 alios
2935 1683 3212 1752 factitasse
3242 1683 3478 1737 videmus
3500 1700 3520 1739 :

272 1778 386 1824 toto
414 1772 653 1853 pondere
681 1772 939 1838 ferretur,
968 1790 1068 1827 nec
1093 1772 1268 1843 Glyete
1294 1770 1537 1826 consiliis
1569 1779 1625 1824 et
1659 1770 1842 1825 horta-
1871 1778 1919 1838 Β
1947 1773 2035 1844 qui
2067 1775 2372 1842 compendia
2393 1776 2636 1845 quantum
2663 1776 3051 1844 promittentes,
3073 1774 3339 1829 volumina
3371 1791 3523 1845 pror-

271 1861 518 1917 tionibus
547 1863 943 1933 acquiesceret,
970 1874 1027 1918 ut
1050 1864 1289 1918 studium
1318 1878 1479 1937 suum
1508 1860 1845 1927 defenderet,

274 1955 408 2008 nihil
444 1958 561 2025 ipse
594 1959 843 2028 regessit,
898 1961 992 2012 sed
1022 1957 1202 2013 aliena
1245 1956 1543 2025 scriptione
1575 1970 1704 2009 usus
1740 1964 1846 2023 est,

269 2047 496 2103 mittens
532 2064 630 2117 pro
663 2050 1026 2118 responsione
1056 2047 1550 2119 Antapologeticum
1584 2047 1849 2102 Mannelis

269 2136 535 2191 Comneni
577 2136 645 2191 ab
692 2137 852 2191 annis
901 2136 1123 2191 circiter
1156 2136 1260 2191 500
1309 2137 1363 2189 in
1395 2135 1628 2207 gratiam
1670 2142 1849 2190 astro-

271 2224 447 2295 legite,
494 2242 599 2295 qua
649 2225 1043 2289 delectabatur,
1085 2225 1488 2296 conscriptum;
1541 2226 1624 2280 vel
1682 2224 1847 2278 alium

270 2317 578 2372 Manuelem
635 2316 977 2381 Comnenum
1033 2317 1203 2373 fuisse
1261 2317 1592 2387 suspicatur.
1654 2317 1733 2370 Ad
1785 2331 1847 2369 ea

273 2427 404 2465 vero
435 2428 555 2481 quae
581 2412 905 2468 Dulresnius
939 2413 1006 2468 de
1056 2413 1330 2482 primariis
1364 2411 1499 2465 aula:
1528 2408 1847 2465 Constanti-

274 2503 601 2571 nopoiitana:
632 2503 765 2559 viris
795 2503 1041 2568 adducit,
1098 2503 1172 2557 ita
1206 2504 1455 2556 laudatus
1491 2501 1735 2557 Oudinus
1766 2514 1850 2554 re-

270 2597 509 2666 Spnndet
536 2615 549 2651 ε
576 2595 695 2649 Non
719 2577 803 2650 Itis.
829 2595 1126 2650 nominibus
1158 2606 1350 2648 veteres
1374 2593 1427 2646 hi
1458 2593 1846 2663 intelliguntur,

269 2687 363 2740 sed
407 2689 723 2743 recentiores
769 2689 1006 2757 ejusdem
1056 2689 1283 2742 nominis
1319 2697 1366 2740 et
1412 2687 1711 2757 dignitatis.
1757 2685 1848 2754 qui

273 2799 411 2834 anno
452 2782 661 2835 circiter
696 2780 833 2835 1450
886 2781 941 2835 in
987 2781 1214 2851 imperio
1255 2778 1519 2835 Orientali
1566 2777 1659 2832 sub
1697 2776 1848 2833 Con-

270 2876 504 2929 stantino
560 2875 881 2944 Paltrologo,
930 2874 1120 2928 ultimo
1151 2874 1450 2931 Caesarum
1506 2873 1846 2944 imperatore,

274 2970 621 3038 dignitatibus
644 2970 721 3023 his
749 2969 1106 3039 fungebantur
1129 2984 1148 3023 :
1194 2976 1251 3021 ut
1286 2976 1491 3021 constat
1540 2982 1604 3020 ex.
1642 2964 1848 3020 Joanne

280 3062 447 3123 linea,
478 3062 629 3130 cujus
655 3060 934 3115 historiam
958 3061 1012 3114 in
1048 3062 1287 3114 manibus
1315 3059 1565 3112 habemus
1586 3073 1607 3111 .·
1638 3056 1728 3127 qui
1750 3054 1851 3109 Mi-

277 3154 470 3207 rlmelis
495 3153 672 3226 Glyca:
702 3154 991 3224 σῦγχρονοι
1012 3170 1127 3207 cum
1157 3153 1377 3223 fuerint,
1410 3151 1480 3207 ad
1518 3151 1634 3205 illos
1655 3150 1852 3220 episto-
1872 3130 1920 3195 Ο

276 3245 357 3298 las
393 3246 596 3302 dedisse
629 3246 762 3302 nihil
817 3249 1009 3300 mirum
1045 3245 1326 3300 videbitur.
1369 3246 1547 3313 Atque
1598 3244 1671 3296 ita
1727 3241 1850 3311 qui-

275 3339 400 3394 dem
446 3339 556 3396 ille.
621 3340 709 3403 Et,
747 3346 806 3393 ut
830 3338 1061 3400 videtur,
1095 3335 1337 3392 Joannes
1362 3331 1555 3395 Ducas.
1593 3335 1683 3388 ille
1703 3333 1850 3388 idem

277 3443 385 3496 est,
422 3433 514 3501 qui
543 3431 765 3501 scripsit
806 3429 1102 3485 Historiam
1153 3427 1848 3498 Constantinopolitanam,

276 3524 500 3597 quando
527 3519 1034 3590 Constantinopolis
1067 3539 1095 3573 ιι
1120 3517 1431 3574 Mahumete
1466 3516 1510 3571 ll
1545 3515 1849 3571 Turcarutn

280 3615 611 3684 imperatore
641 3620 954 3683 expugnata
986 3621 1091 3673 est,
1139 3625 1312 3680 eaque
1357 3609 1463 3663 illis
1489 3606 1704 3677 imperii
1730 3620 1852 3660 esse

279 3707 440 3760 sedes
479 3705 666 3775 coepit,
696 3703 845 3774 quod
887 3703 991 3759 luit
1043 3719 1190 3758 anno
1229 3701 1444 3772 llegirm
1481 3700 1606 3766 857,
1644 3698 1851 3755 Christi

277 3812 461 3857 autem
488 3800 644 3864 1455,
678 3815 789 3871 quo
825 3798 1042 3855 vivebat
1075 3798 1163 3854 ille
1197 3796 1372 3851 DIlClS
1402 3812 1467 3851 ex
1503 3794 1705 3865 inclyta
1740 3792 1853 3871 Du—

278 3910 471 3949 earum
502 3893 708 3949 familia
743 3890 1035 3949 oriundus.
1082 3890 1181 3945 llic
1228 3890 1297 3945 de
1329 3889 1497 3962 gestis
1547 3886 1852 3942 Turca-rum

277 3986 541 4057 adversus
563 3984 800 4051 ercos,
832 3994 888 4040 et
911 3977 1387 4053 Constantinopoli
1413 3966 1662 4043 subacta,
1698 3993 1853 4033 com-

279 4078 585 4135 mentarius
613 4086 797 4133 exstat
859 4093 965 4131 ms.
1021 4076 1207 4131 Crmce
1239 4075 1295 4129 in
1328 4071 1662 4129 Bibliotheca
1692 4070 1854 4127 Chri-

275 4170 599 4231 stianissimi
628 4169 965 4225 Francorum
1000 4169 1162 4240 regis,
1193 4183 1354 4237 quem
1386 4183 1489 4220 una
1520 4182 1643 4222 cum
1683 4164 1849 4219 inter-

279 4264 587 4342 pretatione
633 4278 730 4318 sua
774 4262 964 4318 Latina
1000 4263 1125 4318 lsm.
1158 4261 1456 4316 Bullialdus
1508 4261 1561 4313 in
1622 4272 1853 4328 corpore

279 4355 593 4427 Byzantime
628 4357 875 4412 historiae
909 4355 1188 4410 edendum
1236 4353 1491 4417 curavit,
1540 4362 1596 4406 et
1643 4349 1711 4406 de
1746 4364 1855 4421 quo

1952 1883 2042 1919 sus
2063 1867 2319 1935 ingentia,
2357 1884 2572 1937 qumque
2613 1869 2727 1921 sine
2778 1867 2930 1920 ttedio
2982 1866 3182 1937 perlegi
3237 1876 3520 1936 nequeunt,

1952 1959 2172 2029 posteris
2197 1958 2650 2030 reliquere.llujus
2677 1960 2864 2029 operis
2898 1959 3092 2013 titulus
3133 1961 3188 2012 in
3239 1960 3523 2014 codicibus

1952 2049 2303 2106 Vallicellano
2367 2060 2420 2107 et
2475 2050 2975 2106 Fontisebraldensi
3028 2049 3101 2103 ita
3155 2049 3363 2104 habet:
3413 2051 3521 2103 ’1ὀῦ

1948 2142 2286 2210 λογιωτάτου
2334 2146 2429 2195 καὶ
2472 2142 2901 2212 μακαριωτάτου
2948 2141 3123 2212 κιδροῦ
3173 2139 3392 2211 Μιχαὴλ
3420 2141 3518 2194 τοῦ

1950 2236 2133 2290 Γλυκᾶ
2178 2235 2430 2307 χρονικὸν
2480 2235 2587 2289 ἀπὸ
2640 2233 2873 2313 κτίσεως
2923 2233 3133 2303 κόσμου
3177 2233 3521 2298 συνοπτικδν.

1950 2323 2147 2392 διεξιὸν
2180 2324 2304 2376 κατ’
2336 2324 2605 2395 ἐπιτομὴν
2629 2322 2757 2394 περί
2781 2339 2840 2376 τε
2885 2321 2978 2376 τοῦ
3026 2320 3256 2392 οὐρανοῦ
3287 2323 3384 2377 καὶ
3421 2324 3523 2392 τῆς

1952 2419 2079 2487 γῆς,
2119 2417 2329 2486 περὶτε
2361 2415 2457 2467 τοῦ
2498 2415 2676 2484 φωτὸς
2721 2414 2911 2479 αὑτοῦ,
2948 2414 3046 2469 καὶ
3082 2416 3303 2470 πάντων
3335 2416 3523 2477 ἁπλῶς

1951 2511 2060 2565 τῶν
2090 2510 2193 2566 ὑπὸ
2223 2510 2360 2563 Θεοῦ
2393 2509 2915 2579 δημιουργηθέντων
2961 2510 3018 2562 ὲν
3050 2509 3288 2580 ἡμέραις
3323 2507 3395 2573 ς’·
3432 2526 3524 2561 πε-

1954 2605 2008 2673 ρί
2030 2621 2089 2656 τε
2118 2603 2223 2672 τῆς
2251 2602 2504 2665 πλάσεως
2534 2602 2628 2655 τοῦ
2658 2601 2854 2671 Ἀδὰμ,
2878 2602 2974 2656 καὶ
2998 2601 3105 2656 τῶν
3133 2602 3338 2655 λοιπῶν
3360 2601 3517 2655 καθε-

1954 2694 2070 2763 ξῆς.
2131 2693 2554 2764 Eloquentissimi
2589 2702 2638 2746 et
2700 2692 2989 2747 beatissimi
3022 2691 3203 2745 domui
3251 2691 3521 2745 Michaelis

1953 2785 2135 2857 Glyca:
2192 2785 2488 2839 Chronicon
2537 2783 2986 2854 compendiariam
3017 2782 3083 2836 ab
3122 2779 3244 2835 orbe
3286 2782 3516 2840 condito,

1952 2879 2177 2934 breviter
2191 2894 2499 2947 percurrens
2525 2893 2607 2941 ea,
2628 2891 2746 2945 qua:
2773 2875 2997 2929 attinent
3017 2875 3198 2929 cretum
3230 2882 3277 2928 et
3302 2881 3520 2940 terram,

1953 2968 2224 3041 lucemque
2255 2969 2395 3034 eius,
2428 2977 2479 3021 et
2515 2968 2714 3030 omnia,
2744 2974 2802 3019 ut
2826 2981 2931 3019 uno
2959 2965 3111 3019 uerbo
3138 2965 3329 3027 dicam,
3358 2981 3390 3017 a
3414 2961 3522 3015 Deo

1953 3079 2045 3117 sex
2064 3062 2244 3117 diebus
2270 3061 2589 3133 fabrefacta,
2619 3058 2913 3130 Adamique
2936 3058 3217 3126 fictionem,
3236 3064 3287 3109 et
3305 3065 3515 3117 cetera,

1953 3171 2070 3227 qua:
2095 3155 2336 3225 deinceps
2368 3154 2717 3224 contigerunt.

2025 3246 2230 3301 Praater
2262 3244 2497 3299 Annales
2525 3242 2747 3314 scripsit
2793 3241 2986 3316 Glycas
3016 3242 3290 3314 Epistolas
3344 3240 3520 3311 pluri-

1954 3354 2096 3405 mas,
2134 3341 2507 3406 interrogatus
2539 3353 2569 3392 a
2598 3337 2829 3393 diversis
2867 3351 3033 3407 super
3077 3334 3241 3391 variis
3270 3333 3527 3405 quiestio-

1957 3432 2118 3488 uibus
2155 3431 2497 3503 theologicis,
2526 3431 2814 3502 dubiisque
2833 3435 2896 3485 ad
2938 3429 3240 3485 caelestium
3275 3426 3525 3494 Scriptu-

1955 3542 2141 3582 rarum
2222 3525 2627 3580 enarrationem
2705 3512 3078 3588 resolvendis;
3153 3535 3290 3593 quas
3367 3518 3524 3574 solita

1954 3618 2175 3674 dicendi
2200 3617 2460 3674 facilitate
2516 3626 2572 3673 et
2593 3616 2894 3689 multiiugis
2913 3615 3239 3673 eruditionis
3270 3612 3525 3669 illecebra

1956 3720 2011 3764 et
2059 3709 2377 3765 ammnitate
2408 3711 2754 3779 conscripsit.
2787 3698 2920 3775 Quae
2948 3709 3171 3779 quidem
3211 3722 3397 3763 earum
3431 3721 3528 3760 ex-

1956 3812 2119 3869 stant,
2144 3801 2288 3874 qnod
2313 3790 2506 3869 sciam,
2531 3803 2599 3859 56
2627 3818 2917 3858 numerum
2941 3802 3179 3873 explent.
3207 3797 3529 3853 Lambecius

1958 3906 2136 3950 tamen
2198 3896 2494 3951 in'codice
2550 3895 2787 3967 theolog.
2845 3893 2990 3960 233,
3042 3894 3138 3948 lib.
3192 3909 3226 3946 v
3283 3890 3525 3949 Comm.,

1957 3987 2211 4041 observat
2240 3988 2296 4040 in
2327 3987 2430 4041 hoc
2458 3987 2651 4051 codice
2671 3987 2830 4041 aliter
2854 3985 3124 4056 Epistolas
3146 3982 3322 4047 Clvcze
3341 3981 3523 4050 diSpo-

1960 4079 2036 4145 ni,
2075 4090 2184 4133 tam
2220 4094 2473 4143 numero,
2507 4094 2670 4150 quam
2705 4078 2919 4142 ordine,
2973 4076 3112 4131 adeo
3151 4083 3210 4128 ut
3262 4089 3348 4138 ea,
3403 4087 3527 4141 qua:

1958 4173 2013 4228 in
2045 4174 2166 4229 aliis
2214 4172 2492 4228 codicibus
2532 4182 2615 4227 est
2646 4172 2736 4237 '55,
2775 4171 2829 4225 in
2881 4171 2983 4225 hoc
3027 4167 3213 4224 codice
3268 4167 3341 4222 sit
3365 4165 3434 4220 6-1
3471 4173 3527 4219 et

1959 4264 2169 4329 ultima,
2216 4260 2310 4317 Ha:
2343 4280 2535 4321 ()lllllCS
2575 4263 2718 4319 enim
2755 4268 3000 4334 quinque
3065 4261 3350 4317 codicibus
3389 4275 3525 4313 mss.

1957 4356 2308 4413 Bibliothecae
2327 4355 2588 4413 Caesareae
2602 4357 2975 4422 continentur,
2994 4366 3051 4410 ut
3081 4356 3222 4425 apud
3248 4351 3529 4406 Pet.Lam-

280 4449 407 4513 ﬁer.
440 4446 525 4503 In.
553 4448 801 4511 Vossius,
828 4448 923 4503 lib.
952 4465 1003 4502 tv
1055 4449 1126 4500 De
1156 4445 1357 4500 Hister.
1395 4444 1588 4508 Crtt'c.,
1613 4457 1735 4511 cap.
1768 4441 1850 4495 19.

1959 4450 2174 4505 bcciunt
2209 4449 2441 4511 coditzili.
2473 4449 2736 4519 Theolog.
2764 4449 2890 4511 159,
2920 4448 3042 4509 160.
3066 4448 3194 4506 9.52.
3219 4446 3325 4501 955
3348 4459 3405 4499 et
3425 4444 3530 4498 555

280 4544 509 4616 Exstant
543 4542 689 4598 inter
723 4542 1001 4612 Epistolas
1051 4538 1332 4593 Michaelis
1373 4537 1552 4606 Glycze
1609 4535 1853 4606 epistola:

277 4640 398 4699 dua:
430 4637 493 4689 ad
533 4637 678 4690 hunc
712 4635 978 4690 Joannem
1011 4634 1235 4697 Ducam,
1262 4647 1458 4701 nempe
1479 4630 1540 4685 2i
1579 4642 1635 4684 et
1666 4630 1754 4684 52.
1783 4630 1855 4685 De

276 4728 487 4803 Joanne
512 4738 694 4784 autem
726 4729 867 4793 Duca
894 4727 1046 4799 plura
1080 4724 1313 4781 videnda
1349 4726 1492 4795 apud
1526 4726 1651 4779 tias.
1686 4722 1856 4777 Oudi-

278 4838 409 4899 unm
447 4821 513 4875 ad
545 4836 745 4875 annum
778 4819 936 4884 1460,
967 4829 1022 4872 et
1058 4818 1112 4871 in
1148 4817 1233 4872 Jo.
1272 4816 1504 4870 Zonara.

347 4914 547 4981 Opera,
584 4928 706 4983 qua:
742 4911 938 4984 Clycas
969 4909 1216 4995 scripsit,
1248 4917 1379 4963 sunt
1415 4910 1467 4962 in
1499 4907 1693 4978 primis
1741 4908 1854 4963 An-

280 5010 451 5084 pales,
492 5007 952 5078 patriarcharum,
1006 5023 1195 5076 regum
1235 5013 1401 5076 atque
1456 5007 1855 5075 imperatorum

281 5122 368 5165 res
393 5114 592 5179 gestas,
626 5105 1027 5174 historiamque
1062 5119 1283 5160 omnem
1316 5101 1623 5166 Judaicam,
1652 5101 1855 5156 Roma-

283 5215 407 5271 pam
458 5212 523 5253 ac
556 5196 1242 5266 Constantinopolitanam,
1290 5194 1368 5252 ita
1402 5194 1855 5264 complectentes,

216 5276 224 5288 ”
286 5303 345 5345 nt
387 5290 579 5347 eodem
634 5298 897 5371 contextu
942 5299 1327 5345 controversas
1387 5287 1528 5342 inter
1576 5272 1858 5354 theologos

288 5383 752 5454 philoSOphosque
804 5384 1136 5453 quaestiones
1161 5381 1473 5453 agitaverit,
1506 5396 1571 5435 ac
1603 5382 1669 5433 de
1697 5379 1859 5434 rebus

289 5480 570 5543 tunnibus,
608 5493 732 5547 quae
760 5477 815 5531 in
858 5476 1018 5544 coelo,
1051 5491 1198 5541 aere,
1245 5485 1389 5529 terra
1423 5490 1489 5530 ac
1529 5473 1665 5527 mari
1702 5472 1858 5535 fiunt,

286 5570 352 5621 de
380 5571 596 5636 avibus,
621 5560 890 5637 piscibus;
910 5569 1260 5629 animalibus,
1296 5569 1731 5634 homine,.atque
1761 5581 1859 5618 an-

287 5656 440 5738 gelis,
462 5659 809 5724 disseruerit,
825 5668 1047 5714 secutus
1065 5668 1311 5712 veterum
1330 5658 1549 5711 Patrum
1565 5653 1857 5717 Eustathi,

290 5749 496 5826 liasilii,
563 5751 815 5823 Nysseni,
867 5751 1270 5823 Chrysostomi,
1337 5749 1580 5817 Sinailte,
1642 5747 1857 5817 Pisidae,

1959 4539 2147 4594 videre
2188 4548 2294 4593 est.
2327 4536 2505 4609 Glycae
2545 4537 2763 4607 quidem
2792 4535 3047 4606 Epistolas
3078 4549 3274 4604 magno
3320 4534 3372 4585 in
3406 4548 3532 4601 pre-

1961 4632 2034 4684 tio
2071 4631 2270 4684 habitae
2309 4639 2440 4683 sunt
2496 4645 2525 4683 a
2561 4627 2693 4682 viris
2727 4627 2922 4690 doctis,
2960 4636 3017 4681 et
3070 4625 3311 4695 plerique
3364 4625 3528 4679 etiam

1960 4722 2329 4796 publicijuris
2359 4722 2538 4787 facere
2569 4720 2750 4776 conati
2802 4729 2967 4788 sunt;
3022 4719 3116 4775 sed
3169 4718 3251 4772 vel
3303 4718 3531 4788 integris

1959 4809 2239 4891 codicibus
2265 4814 2530 4878 destituti,
2562 4812 2649 4868 vel
2681 4823 2856 4867 morte
2886 4812 3172 4882 praeventi,
3209 4811 3294 4864 vel
3325 4809 3428 4863 alia
3463 4808 3532 4861 de

1957 4926 2124 4968 causa
2154 4909 2420 4980 impediti,
2461 4908 2515 4963 id
2546 4918 2806 4980 prtestare
2835 4924 2944 4961 non
2987 4914 3299 4977 potuerunt.
3333 4903 3530 4957 Earum

1959 5005 2182 5073 quidem
2205 5003 2450 5059 codicem
2480 5002 2679 5074 Georg.
2729 5003 2909 5075 Dousa
2936 4995 3414 5065 Constantinopoli
3449 5003 3533 5048 at-

1960 5094 2180 5161 tulerat,
2210 5094 2303 5150 sed
2347 5094 2552 5150 recenti
2586 5102 2642 5148 et
2701 5107 2892 5164 parum
2947 5088 3051 5145 ﬁda
3099 5103 3288 5150 manu,
3320 5094 3379 5141 ut
3417 5084 3533 5153 ipse

1961 5198 2215 5253 testatur,
2251 5191 2603 5259 exscriptum,
2667 5188 2777 5242 imo
2826 5196 2883 5240 et
2927 5182 3174 5238 mutilum
3231 5177 3530 5244 interdum,

1960 5295 2019 5339 ut
2050 5297 2119 5338 ex
2146 5281 2379 5352 epistola
2413 5282 2502 5345 l5,
2534 5294 2697 5350 quam
2746 5294 2810 5333 ex
2840 5292 2906 5331 eo
2936 5276 3123 5332 codice
3161 5273 3297 5328 Bon.
3334 5270 3531 5324 Vulca-

1960 5378 2090 5431 nius
2121 5375 2312 5441 edidit,
2342 5382 2512 5437 patet.
2540 5372 2675 5426 Nam
2701 5369 2837 5424 Bon.
2872 5368 3189 5431 Vulcanius,
3228 5379 3352 5420 cum
3391 5364 3531 5417 Dou-

1963 5486 2037 5525 sa:
2063 5468 2308 5524 codicem
2341 5479 2530 5521 nactus
2556 5472 2729 5529 esset,
2762 5472 2874 5518 tres
2899 5478 2966 5516 ex
3002 5460 3113 5515 illis
3141 5457 3390 5529 epistolis
3418 5454 3535 5510 edi-

1963 5562 2045 5617 dit
2076 5577 2184 5617 una
2209 5576 2334 5616 cum
2360 5574 2460 5615 sua
2485 5556 2678 5615 Latina
2720 5555 3178 5625 interpretatione
3208 5552 3261 5605 in
3282 5549 3436 5604 Notis
3466 5546 3536 5601 ad

1965 5655 2021 5710 ὃ.
2042 5655 2326 5725 Cyrillum,
2348 5652 2543 5705 Contra
2561 5648 3142 5720 Anthropomorphitas,
3163 5660 3286 5700 cum
3313 5639 3534 5696 interim

1966 5748 2207 5803 omnium
2234 5747 2423 5802 harum
2451 5745 2815 5816 Epistolarum
2836 5740 3132 5798 editionem
3156 5736 3533 5794 meditaretur,
