3968 6228
389 362 493 402 1111

1665 346 1849 405 ,ΙΟΑΝ
1865 345 1908 402 N
2048 347 2196 403 l..-\‘;\l
2215 347 2226 401 l
2245 345 2357 406 ΗΞ.

3521 390 3523 393 ,
3559 348 3642 386 XIV

395 477 460 518 ut
498 468 549 518 iu
581 462 827 516 ian-latis
857 463 998 517 notis
1024 462 1270 515 aﬂirmat.
1308 459 1440 514 Tres
1476 471 1652 513 autem
1688 461 1964 528 EplSlttlﬂ',
2001 463 2044 517 Α
2077 470 2128 513 et
2180 461 2402 527 integra:
2435 460 2802 527 perlegentur.
2851 455 3084 524 [leuique
3116 451 3433 520 fragmentis
3461 465 3645 504 earum

396 573 539 624 quas
588 556 734 626 typis
783 554 1056 608 mandavit
1095 553 1406 611 Vulcanius,
1459 553 1651 606 ordine
1697 562 1822 605 sunt
1884 553 1969 614 10,

400 649 494 710 15,
528 647 617 701 52.
652 644 772 698 lac.
809 659 1022 713 quoque
1071 643 1346 697 Pontanus
1379 641 1514 697 duas
1544 659 1609 696 ex
1648 643 1793 695 hisce
1830 642 1973 694 litte-

403 743 510 799 ris,
540 753 676 808 quas
705 738 775 792 ab
802 737 1015 790 Andrca
1051 735 1280 789 Schotto
1316 734 1599 795 habuerat,
1637 733 1825 787 Latine
1856 752 1884 786 ιι
1916 749 1974 788 se

400 843 700 882 conversas
723 826 1067 881 excudendas
1086 825 1318 888 curavit,
1338 839 1456 893 qua:
1481 824 1642 878 hodie
1659 826 1713 878 in
1737 824 1974 877 Maxima

407 919 638 970 Patrum
677 915 1018 980 Bibliotheca,
1049 924 1104 968 et
1134 917 1186 966 in
1221 911 1508 967 Annalium
1535 912 1711 982 Glyco:
1735 913 1978 968 editione

405 1007 705 1064 Parisiensi
739 1023 767 1060 a
824 1007 1076 1076 Philippo
1111 1006 1328 1060 Labbeo
1362 1006 1622 1060 adornata
1667 1006 1972 1061 habentur:

404 1103 509 1156 sed
539 1117 640 1155 nec
675 1109 884 1155 textum
917 1099 1163 1154 Gracum
1211 1099 1502 1167 apposuit,
1534 1106 1590 1153 et
1628 1097 1853 1152 alterius
1886 1098 1976 1151 vix

402 1192 629 1245 dimidia
661 1202 922 1260 pars-est,
955 1206 1116 1259 quam
1143 1191 1334 1256 edidit,
1365 1191 1500 1245 adeo
1524 1203 1776 1245 mancum
1808 1200 1861 1244 et
1887 1190 1977 1245 de-

407 1297 728 1340 truut‘atum
771 1284 937 1338 fuisse
969 1294 1186 1352 oportet
1237 1283 1503 1347 codicem,
1537 1297 1647 1352 quo
1689 1298 1820 1336 usus
1871 1294 1975 1337 est.

405 1377 656 1431 Tandem
691 1376 803 1430 Leo
833 1376 1061 1430 Allatius
1101 1376 1175 1429 De
1201 1375 1463 1430 Consensu
1495 1378 1766 1444 utriusque
1800 1374 1979 1427 Eccle-

405 1471 520 1530 siu‘,
547 1477 730 1522 contra
759 1469 1156 1537 Crcigtltoncm;
1183 1468 1258 1520 De
1283 1468 1428 1521 libris
1454 1469 1811 1521 ecclesiasticis
1831 1466 1979 1521 Grat-

403 1579 546 1626 cor.;
579 1561 668 1614 lib.
697 1564 759 1614 de
796 1561 1081 1631 Purgator.
1110 1570 1164 1616 et
1199 1561 1284 1614 lib.
1310 1562 1561 1613 adversus
1587 1561 1975 1629 liottingerum,

409 1657 575 1707 hasce
607 1655 862 1722 epistolas
891 1669 1034 1722 saepe
1056 1654 1256 1718 laudat,
1289 1663 1346 1708 et
1368 1654 1665 1724 fragmenta
1717 1652 1976 1721 plurima,

404 1760 509 1797 nec
532 1743 928 1798 contemnenda
963 1744 1202 1813 quidem,
1245 1759 1434 1798 earum
1470 1745 1726 1805 adducit;
1782 1745 1890 1798 imo
1919 1745 1973 1798 in

402 1837 736 1904 quibusdam
772 1837 904 1890 locis
927 1837 1214 1890 nonnullas
1239 1837 1403 1890 etiam
1421 1837 1662 1905 integras
1690 1837 1974 1892 describit.

479 1927 592 1980 Nos
625 1926 786 1994 igitur
841 1927 1040 1980 horum
1096 1928 1336 1981 virorum
1399 1929 1975 1997 praastantissimorum

401 2018 751 2084 propositum
783 2015 1056 2072 laudabile
1085 2019 1282 2081 secuti,
1316 2018 1612 2074 nonnullas
1639 2016 1817 2088 Glycte
1849 2016 1977 2088 Epi-

407 2108 586 2162 stolas
609 2109 660 2162 in
689 2108 862 2163 lucem
895 2109 1060 2164 edere
1085 2111 1330 2164 animum
1378 2110 1712 2175 induximus,
1753 2119 1978 2165 nostrae-

406 2215 522 2269 que
571 2201 866 2253 ἀνεκδότων
924 2201 1266 2257 collectionis
1311 2203 1462 2257 velut
1510 2203 1565 2256 in
1623 2203 1742 2271 ipsa
1800 2201 1979 2258 fronte

404 2283 780 2357 constituere;
815 2309 938 2349 cum
963 2295 1034 2349 ob
1067 2305 1447 2366 argumentum
1483 2294 1665 2352 nobile
1698 2304 1752 2350 et
1803 2295 1982 2351 excel-

412 2389 548 2450 lens,
602 2381 790 2456 utpOte
830 2388 1236 2459 theologicam,
1293 2397 1405 2442 tum
1456 2389 1511 2443 in
1551 2395 1978 2442 memoratorum

409 2484 743 2550 scriptorum
807 2484 982 2538 laudis
1038 2492 1092 2538 et
1140 2484 1512 2539 venerationis
1574 2494 1978 2556 argumentum.

409 2576 544 2628 Cum
595 2577 746 2630 enim
792 2576 844 2629 in
897 2591 999 2632 ms.
1058 2576 1403 2631 bibliothecae
1448 2576 1842 2644 Riccardiante,
1892 2579 1980 2633 cui

408 2683 670 2736 prrsum,
691 2667 934 2723 codicem
956 2668 1152 2738 quinto
1169 2667 1382 2723 decimo
1399 2669 1641 2740 quidem,
1672 2670 1979 2737 utvidetur,

411 2759 630 2825 sarculo,
678 2760 774 2814 sed
827 2761 1043 2832 egregie
1093 2769 1393 2831 exacthue
1445 2761 1783 2834 descriptum
1843 2763 1981 2818 inci-

410 2852 638 2918 dissem,
695 2869 805 2919 quo
863 2856 1056 2908 harum
1115 2854 1486 2924 Epistolarum
1562 2857 1978 2926 quatuordecim

401 2945 784 3011 continentur,
811 2948 909 3002 has
935 2948 1127 3002 saltem
1155 2949 1374 3018 publico
1425 2965 1534 3004 non
1589 2951 1832 3007 invidere
1870 2969 1983 3008 me—

403 3053 542 3091 cum
584 3039 698 3106 ipse
725 3037 1045 3106 deliberavi,
1077 3041 1320 3111 adeoque
1351 3042 1614 3114 exscripsi
1668 3059 1785 3099 mea
1816 3060 1980 3100 manu

401 3128 723 3198 diligenter,
754 3140 809 3186 et
840 3130 900 3185 in
924 3131 1177 3187 Latinam
1209 3133 1447 3204 linguam
1475 3134 1662 3191 sedulo
1710 3152 1810 3206 pro
1836 3136 1980 3190 virili
2007 3164 2053 3228 ο

407 3231 779 3291 accurateque
802 3225 1070 3279 converti.
1112 3224 1287 3295 Hujus
1319 3235 1503 3280 autem
1546 3241 1680 3281 mete
1724 3227 1980 3284 editionis

407 3315 688 3383 specimen
717 3315 976 3370 dederam
1009 3317 1066 3370 in
1094 3316 1409 3386 Appendice
1444 3318 1662 3372 illorum
1690 3317 1985 3374 Commen-

413 3410 700 3473 tariorum,
761 3409 962 3478 quibus
1002 3409 1081 3462 De
1112 3419 1256 3464 recta
1310 3410 1732 3466 Christianorum
1791 3413 1848 3466 in
1898 3429 1979 3477 eo,

410 3499 548 3567 quod
573 3500 882 3570 mysterium
915 3500 1106 3555 divinat
1133 3500 1409 3557 Trinitatis
1444 3504 1655 3567 attinet,
1692 3499 1978 3570 sententia,

413 3591 630 3645 titulum
702 3593 806 3648 feci
837 3635 852 3659 ,
912 3603 1336 3655 memoratarum
1394 3594 1763 3666 Epistolarum
1823 3599 1980 3654 tertia

412 3684 594 3740 Graace
618 3702 689 3741 ac
716 3686 910 3742 Latine
938 3688 1139 3757 publici
1165 3687 1304 3755 juris
1333 3688 1511 3744 facta:
1541 3691 1726 3761 ibique
1752 3691 1863 3760 jam
1893 3708 1981 3746 me

412 3778 543 3832 olim
579 3789 807 3835 ceteras
839 3794 1058 3848 quoque
1081 3819 1099 3845 ,
1148 3793 1286 3848 quas
1315 3780 1659 3850 habuissem,
1701 3782 1981 3836 editurum

413 3884 770 3938 receperam:
831 3884 1000 3940 quare
1057 3885 1207 3925 nunc
1239 3871 1398 3924 [idem
1432 3871 1623 3927 libero.
1681 3873 1826 3927 Inter
1884 3873 1981 3928 has

409 3964 630 4031 quidem
667 3978 774 4016 non
827 3977 920 4018 eas
980 3972 1188 4017 tantum
1223 3962 1520 4031 proferam,
1555 3980 1675 4034 quae
1705 3965 1980 4018 ἀνέκδοτοι

409 4066 561 4123 sunt,
589 4058 684 4113 sed
721 4067 781 4112 ut
807 4073 947 4128 opus
974 4058 1276 4129 perlectum
1321 4067 1376 4112 et
1423 4059 1756 4124 absolutum,
1802 4061 1978 4129 quoad

410 4149 524 4204 ﬁeri
553 4159 753 4218 potest,
789 4151 1038 4216 exsistat,
1090 4153 1159 4208 iis
1211 4170 1312 4209 suo
1353 4155 1471 4207 loco
1501 4164 1555 4208 et
1587 4153 1723 4218 illas,
1760 4169 1879 4223 quae
1913 4153 1980 4208 ab

406 4244 534 4298 aliis
564 4244 726 4298 etlitte
758 4244 994 4310 fuerunt,
1030 4246 1352 4302 interseram
1385 4263 1398 4299 :
1437 4246 1734 4316 fragmenta
1793 4246 1976 4312 etiam,

405 4336 782 4404 undecunque
856 4337 1146 4393 corradere
1197 4339 1434 4408 licuerit,
1474 4338 1726 4406 adjiciam
1756 4354 1768 4388 :
1804 4348 1858 4390 et
1887 4337 1981 4390 ubi

406 4431 534 4497 plus
559 4437 818 4497 praestare
853 4446 961 4484 non
999 4429 1238 4496 dabitur,
1271 4432 1460 4485 saltem
1511 4429 1845 4498 reliquarum
1873 4445 1978 4482 nu-

2011 1809 2050 1861 Β

2080 561 2132 605 et.
2167 553 2338 606 titulis
2403 551 2532 605 illud
2565 552 2689 604 novi
2727 550 2917 604 saltem
2947 548 3191 611 accedet,
3225 546 3515 614 quodcum
3548 543 3649 596 La-

2082 648 2188 698 tina
2225 644 2680 713 interpretatione
2716 642 3038 712 prodibuut.
3084 639 3232 693 Adde
3268 637 3412 707 quod
3445 651 3666 704 oppor--

2081 748 2208 792 tuna
2250 737 2452 793 scholia
2501 736 2794 790 identidem
2828 735 3201 801 ascripsimus,
3233 740 3287 785 et
3319 739 3642 798 perpetumn

2079 845 2247 899 prope
2272 827 2724 885 commentarium
2771 826 3128 880 attexuimus.
3170 824 3224 877 ld
3256 823 3401 890 quod
3443 835 3643 872 novum

2080 923 2269 980 saltem
2289 924 2393 979 erit
2416 925 2468 978 in
2504 923 2573 977 iis
2603 939 2737 992 quas
2768 922 2878 976 Leo
2905 920 3132 974 Allatius
3161 919 3366 978 edidit;
3400 932 3521 969 nam
3556 930 3648 966 cas

2079 1025 2132 1072 et
2157 1016 2342 1072 Grzccc
2367 1027 2420 1072 ct
2451 1016 2660 1081 Latine,
2694 1026 2747 1070 et
2777 1013 3245 1081 castigatissimas,
3278 1025 3396 1078 quae
3425 1009 3525 1061 fuit
3549 1007 3644 1058 viri

2079 1109 2359 1176 diligentia
2421 1119 2475 1164 et
2524 1109 2779 1172 eruditio,
2815 1105 3109 1177 evulgavit.
3146 1103 3260 1158 Non
3293 1103 3435 1171 quod
3475 1100 3644 1152 nostri

2077 1202 2344 1273 propositi
2405 1218 2530 1271 pars
2575 1201 2664 1266 sit,
2713 1201 2848 1254 adeo
2897 1197 3200 1268 frequentia
3257 1205 3312 1249 et
3358 1193 3647 1262 prolixiora

2079 1297 2238 1352 etiam
2273 1296 2478 1351 scholia
2531 1295 2595 1349 ad
2628 1311 2688 1349 ea
2726 1310 2911 1364 opera,
2945 1308 3068 1360 quae
3113 1291 3163 1343 in
3198 1289 3519 1342 collectione
3555 1303 3651 1338 no-

2079 1398 2188 1445 stra
2225 1389 2426 1458 publici
2459 1388 2598 1458 juris
2633 1387 2824 1441 facturi
2869 1401 3077 1446 sumus,
3114 1380 3495 1441 commentari,
3557 1376 3650 1431 sed

2081 1480 2135 1534 in
2173 1480 2412 1534 editione
2433 1481 2635 1534 harum
2665 1476 3026 1546 Epistolarum
3055 1475 3104 1528 id
3136 1471 3505 1528 necessarium
3531 1485 3651 1522 esse

2081 1572 2378 1626 arbitratus
2409 1587 2551 1626 sum.
2587 1570 2722 1624 Cum
2757 1569 2900 1622 enim
2931 1567 3124 1638 Giycas
3159 1577 3351 1619 noster
3382 1563 3652 1630 sequiori-

2081 1663 2184 1718 bus
2215 1663 2426 1718 saeculis
2465 1661 2678 1721 vixerit,
2725 1671 2778 1716 ct
2805 1662 3022 1730 quando
3053 1659 3221 1713 Graeci
3257 1647 3508 1710 homines
3534 1655 3651 1708 sine

2081 1758 2238 1825 nugis
2299 1767 2353 1810 et
2400 1756 2617 1824 ineptiis
2681 1755 2768 1808 vix
2802 1754 3100 1820 quidquam
3131 1751 3371 1805 scribere
3415 1747 3653 1818 aggressi

2084 1858 2230 1913 sunt,
2267 1849 2388 1916 ejus
2425 1847 2739 1917 opinionum
2802 1845 3074 1900 licentiam
3135 1853 3190 1896 et
3243 1843 3303 1894 τὸ
3331 1840 3654 1909 έποιράδοξον

2083 1954 2435 2010 compescere
2485 1938 2756 1993 interdum
2818 1936 3079 2006 oportuit,
3131 1951 3191 1988 ac
3251 1936 3415 1989 certis
3483 1934 3655 1986 frenis

2086 2048 2362 2098 coercere,
2395 2031 2770 2100 theologorum
2827 2030 3024 2084 melius
3075 2029 3483 2099 sapientiusqne
3532 2029 3653 2095 opi—

2086 2125 2335 2180 nantium
2391 2123 2638 2178 conSulta
2696 2137 2726 2176 e
2789 2122 3036 2192 regione,
3097 2129 3155 2173 ut
3192 2119 3265 2173 ita
3299 2118 3498 2180 dicam,
3543 2127 3656 2168 sta-

2087 2215 2311 2277 tuendo,
2346 2224 2602 2284 tanquam
2633 2213 2898 2268 adversus
2931 2227 3053 2266 cum
3083 2211 3252 2266 aciem
3297 2208 3656 2262 instructissi-

2087 2324 2252 2375 mam,
2311 2315 2472 2378 atque
2527 2307 2601 2360 ita
2661 2305 2960 2375 legentium
3017 2313 3182 2357 rectre
3252 2302 3539 2355 sententiae
3604 2309 3658 2350 et.

2088 2392 2366 2448 securitati
2423 2390 2730 2447 consulere.
2774 2388 2893 2442 Non
2946 2389 3092 2443 enim
3152 2402 3371 2455 semper
3422 2385 3657 2452 optimas

2088 2496 2343 2557 ratasque
2369 2485 2692 2546 sententias,
2729 2492 2784 2538 et
2811 2483 3158 2552 antiquorum
3189 2481 3404 2536 Patrum
3434 2477 3658 2548 placita,

2088 2583 2320 2651 seligere
2341 2580 2714 2651 etamplexari
2745 2578 2995 2644 videtur;
3031 2578 3124 2632 sed
3157 2578 3225 2631 de
3257 2577 3402 2646 regia
3439 2575 3657 2644 opinio-

2089 2691 2217 2732 num
2252 2674 2337 2729 via
2363 2673 2437 2727 ita
2465 2672 2708 2742 quaedam
2733 2671 2800 2725 ad
2823 2670 3055 2725 divortia
3092 2667 3378 2724 deﬂectere
3410 2668 3678 2738 :tliqunu-q

2089 2771 2178 2836 do,
2211 2778 2270 2824 ut
2300 2767 2463 2822 facile
2494 2765 2668 2835 possit
2696 2781 2725 2819 a
2756 2762 3168 2818 delicatioribus
3203 2761 3524 2831 quibusdam
3559 2777 3658 2812 no-

2086 2861 2270 2918 vitatis
2309 2869 2365 2916 et
2407 2857 2740 2926 αὐτομολίας
2811 2854 3141 2911 insimulari.
3197 2854 3275 2906 Ad
3331 2854 3433 2906 hoc
3490 2852 3654 2921 igitur

2087 2953 2279 3008 saltem
2333 2965 2468 3005 mea:
2518 2948 2935 3004 observationes
2988 2945 3330 3008 inservient,
3391 2953 3450 2996 ut
3511 2954 3657 2995 reclzt

2087 3044 2265 3117 Glycaa
2290 3043 2563 3099 sententia
2593 3042 2838 3110 apertius
2866 3039 3270 3106 dilucidiusque
3297 3037 3652 3106 percipiatur,

2089 3148 2143 3195 et
2173 3153 2284 3193 non
2321 3136 2480 3191 facile
2509 3135 2888 3203 cujuscunque
2949 3130 3434 3184 criminationibus
3465 3131 3514 3179 in
3550 3128 3653 3190 his,

2085 3231 2140 3286 in
2177 3229 2376 3301 quibus
2436 3227 2660 3282 minime
2714 3235 2975 3288 meretur,
3017 3223 3286 3276 obnoxius
3343 3219 3558 3273 evadat.
3599 3221 3655 3270 lu

2085 3322 2410 3395 quibusdam
2441 3318 2692 3374 excusari
2725 3326 2816 3370 aut
2842 3315 3058 3371 delendi
3088 3329 3196 3366 non
3232 3319 3434 3382 potest.
3467 3321 3655 3378 utpote

2085 3414 2257 3472 Graeci
2300 3410 2610 3468 schismatis
2635 3409 2822 3468 homo,
2863 3416 2916 3461 et
2953 3405 3310 3460 err‘aticarum
3349 3402 3494 3456 illius
3522 3418 3657 3473 gen-

2087 3507 2156 3561 tis
2187 3504 2506 3574 opinionum
2553 3500 2842 3570 aliquando
2875 3489 3272 3569 propugnator,
3311 3505 3370 3549 ut
3397 3499 3654 3548 ostende-

2087 3610 2175 3653 tur
2206 3596 2458 3653 inferins.
2515 3594 2632 3649 Non
2671 3602 2852 3647 tamen
2891 3592 3016 3646 ideo
3051 3589 3401 3658 spernendus
3464 3600 3656 3641 aucror

2087 3695 2175 3748 hic
2204 3693 2476 3754 videatur;
2519 3704 2641 3742 nam
2677 3697 2730 3742 et
2766 3702 2829 3742 ex
2879 3687 2964 3740 his
2997 3683 3266 3754 sequioris
3295 3675 3394 3737 :evi
3430 3682 3659 3748 scripto-

2085 3786 2237 3840 ribus
2263 3783 2464 3840 Grzccis
2496 3795 2743 3850 magnam
2769 3778 3052 3834 catholica:
3077 3777 3333 3831 Ecclesia
3364 3775 3656 3830 utilitatem

2083 3880 2374 3950 provenire
2402 3873 2768 3944 cognoscitur,
2798 3873 2912 3926 sive
2941 3880 2997 3925 ut
3029 3870 3255 3925 historia
3286 3867 3654 3922 ecclesiastica

2083 3970 2401 4040 locupletior
2457 3967 2806 4035 exactiorque
2860 3965 3151 4028 habeatur,
3209 3963 3325 4017 sive
3387 3965 3447 4016 nt
3483 3961 3654 4015 Grzeci

2082 4063 2394 4120 schismatis
2451 4075 2667 4116 errores
2723 4057 2939 4114 facilius
3006 4057 3365 4115 refellantur,
3429 4054 3543 4107 sive
3602 4063 3659 4105 ut

2084 4167 2397 4213 nostrorum
2427 4159 2733 4224 temporum
2766 4152 2985 4208 scctarii
3021 4150 3281 4204 lalsarum
3335 4147 3654 4216 opinionum

2084 4257 2464 4318 certorumque
2490 4249 2975 4303 deliramentorum
3034 4243 3112 4296 rei
3150 4240 3440 4295 manifeste
3469 4237 3653 4289 revin—

2084 4351 2276 4397 cantur
2303 4359 2316 4393 :
2343 4341 2396 4394 id
2427 4341 2570 4409 quod
2597 4347 2783 4406 aperte
2811 4337 2988 4390 elucet
3016 4348 3080 4386 ex
3106 4333 3192 4386 .lo.
3226 4329 3445 4390 Morini,
3483 4327 3654 4380 Leon.

2087 4434 2291 4497 Allatii,
2325 4433 2467 4486 Petri
2503 4429 2746 4494 Arcutlii,
2777 4428 2867 4482 Fr.
2934 4423 3270 4485 Combeﬁsii,
3320 4423 3658 4486 aliorumque

410 4519 510 4572 dos
539 4517 841 4589 mulos“),
873 4529 932 4574 ιιι
961 4536 1057 4575 005
1093 4520 1418 4575 LambeClDS
1443 4529 1692 4575 τεοϐηεοι
1722 4531 1776 4573 el
1821 4520 1976 4574 Cllll‘
2007 4503 2059 4564 Β
2084 4527 2526 4582 doctissimorum
2561 4522 2844 4577 hominum
2875 4514 3374 4573 lucubrationibus,
3405 4525 3544 4578 ques
3580 4511 3660 4561 in-

415 4613 526 4670 bet,
559 4612 612 4666 in
647 4612 885 4667 medium
939 4613 1228 4667 adducam.
1259 4613 1577 4682 Quanquam
1619 4623 1673 4667 et
1703 4627 1814 4675 eas,
1863 4627 1982 4681 quae

418 4701 554 4754 alias
578 4703 737 4756 edita:
764 4702 938 4765 fuere,
990 4703 1330 4770 ἀνεκδότους,
1366 4713 1420 4757 et
1449 4719 1597 4756 nunc
1651 4703 1888 4772 primum
1921 4702 1976 4754 in

424 4793 691 4860 publicum
719 4795 942 4863 prodire
972 4796 1150 4850 visum
1183 4796 1248 4849 iri
1287 4796 1732 4865 prudentioribus
1787 4809 1981 4863 spero;

421 4900 543 4937 nam
590 4887 668 4940 vel
701 4886 1010 4940 exactiores
1037 4896 1090 4940 et
1119 4887 1548 4952 emendatiores,
1581 4887 1666 4941 vel
1722 4885 2011 4956 integrio-.

416 4990 531 5041 res,
564 4980 648 5032 vel
675 4978 1000 5048 primigenia
1033 4993 1130 5032 sua
1157 4980 1358 5049 lingua,
1411 4994 1518 5046 qua
1582 4987 1814 5032 exarata:
1864 4977 1982 5030 lue-

411 5076 560 5130 runt,
593 5070 937 5122 emittentur.
975 5070 1113 5123 Ecce
1139 5071 1285 5123 enim
1321 5066 1600 5123 Pontanus
1628 5069 1819 5122 Latine
1856 5080 1979 5122 tan-

411 5170 546 5224 tum,
580 5161 918 5231 alteramque
957 5163 1200 5216 mutilam
1247 5162 1505 5217 excudit:
1565 5162 1680 5229 ipse
1735 5161 1981 5216 Graecum

406 5263 719 5308 contextum
754 5269 1048 5323 apponam,
1080 5263 1136 5309 et
1164 5269 1502 5324 quaecunque
1541 5253 1737 5308 desunt
1801 5270 1864 5308 ex
1898 5269 1987 5306 co-

407 5345 528 5399 dice
583 5347 954 5403 Riccardiano
1014 5348 1299 5417 supplebo.
1346 5347 1644 5403 Bonavent.
1689 5347 1983 5402 Vulcanius

407 5435 594 5494 Grzece
625 5442 848 5508 quidem
886 5457 949 5494 ac
1009 5441 1198 5494 Latine
1230 5455 1355 5493 suas
1384 5441 1640 5509 vulgavit,
1676 5441 1771 5492 sed
1827 5454 1983 5491 men-

404 5532 542 5585 doso
596 5537 784 5591 codice
843 5550 996 5598 usus,
1061 5549 1220 5586 unam
1273 5538 1437 5585 etiam
1491 5533 1764 5600 ἀκέφαλον
1823 5532 1986 5585 edere

404 5636 626 5682 coactus
653 5640 737 5684 est
765 5647 780 5684 :
849 5630 907 5680 in
946 5628 1046 5679 hac
1079 5625 1319 5679 editione
1351 5635 1405 5679 et
1436 5629 1736 5679 emendata‘
1769 5640 1982 5686 omnes,

1012 5735 1044 5742 ,αδ

2083 4630 2164 4672 ter
2191 4615 2576 4671 memorandus
2624 4612 2897 4682 prmcipuc
2947 4606 3115 4660 Nicol.
3149 4607 3462 4658 Conmenus
3520 4601 3657 4666 l‘ap-

2082 4707 2404 4778 padopolus,
2436 4707 2528 4774 qui
2591 4720 2732 4757 anno
2760 4701 2895 4756 1697
2946 4699 3141 4752 librum
3199 4697 3338 4765 typis
3381 4692 3659 4746 mandavit

2087 4800 2313 4864 Patavii,
2341 4801 2413 4852 ita
2461 4797 2788 4864 inscriptum
2818 4812 2832 4847 :
2897 4792 3254 4845 Pramotioncs
3291 4786 3657 4856 mystqgogirtt‘

2089 4907 2150 4945 ex
2172 4892 2299 4960 jure
2321 4892 2598 4952 canonico,
2637 4890 2741 4940 sive
2771 4887 3034 4954 Responsa
3074 4900 3184 4946 seat,
3235 4884 3286 4934 in
3321 4880 3509 4950 quibus
3552 4895 3657 4929 una

2091 4985 2401 5056 praponilur
2451 4981 2702 5034 Ecclesiae
2751 4980 3040 5047 utriusque,
3095 4973 3292 5028 Gra’t‘w
3323 4984 3370 5026 et
3425 4971 3652 5031 Latimr,

2091 5075 2401 5146 suffragium
2438 5072 2500 5125 dc
2530 5073 2616 5134 iis,
2669 5087 2784 5141 qutc
2843 5068 3056 5121 omnino
3115 5063 3483 5130 prwmittenda
3536 5069 3655 5112 sunt

2090 5163 2358 5218 ordinibus
2381 5161 2568 5225 sacris,
2603 5169 2761 5229 atque
2790 5159 2952 5212 obiter
2973 5167 3021 5210 et
3050 5155 3255 5210 Gra’cia
3287 5155 3534 5206 adversus
3569 5169 3656 5204 m-

2088 5255 2429 5310 lumniatores
2482 5254 2801 5322 defenditur,
2837 5263 2884 5305 et
2935 5249 3215 5319 principum
3272 5245 3652 5299 Photianorum

2084 5346 2652 5416 ineptitt'refelluntur.
2685 5345 2761 5396 lbi
2795 5343 3062 5397 innumeri
3101 5342 3400 5410 scriptores
3460 5335 3653 5392 Grreci.

2086 5438 2437 5506 proximioris
2464 5439 2769 5506 przesertim
2805 5438 3001 5499 artatis,
3039 5437 3091 5489 in
3123 5435 3362 5488 medium
3417 5430 3655 5481 alit-rim—

2087 5543 2194 5595 tur,
2225 5533 2315 5600 qui
2347 5533 2578 5585 maxima
2610 5547 2734 5598 pars
2767 5530 2934 5599 ignoti
2964 5530 3120 5582 nobis
3153 5535 3329 5588 erant,
3365 5531 3425 5574 ut
3465 5520 3657 5573 scribit

2087 5625 2571 5693 prmstantissimus
2604 5612 3028 5676 Monslalconlus
3067 5615 3353 5672 DiarJtal.
3389 5629 3510 5680 cap.
3564 5613 3653 5663 ‘23.

467 5806 537 5864 ll)
563 5807 621 5860 Et
655 5812 746 5859 hoc
773 5808 930 5858 etiam
979 5818 1072 5854 non
1118 5809 1366 5866 praestitit,
1417 5806 1546 5867 quod
1595 5807 1700 5866 ejus
1727 5805 1835 5853 loco
1859 5805 2082 5854 fecimus.
2113 5805 2247 5854 Eutr.
