  <div class='ocr_page' id='page_1' title='image "/cluster/home/n/w/nwhite01/storage/ocr_20150623/158/mdp.39015078384701/019.png"; bbox 0 0 3968 6228; ppageno 0'>
   <div class='ocr_carea' id='block_1_1' title="bbox 335 261 2349 331">
    <p class='ocr_par' dir='ltr' id='par_1_1' title="bbox 335 261 2349 331">
     <span class='ocr_line' id='line_1_1' title="bbox 335 261 2349 331; baseline 0 -7"><span class='ocrx_word' id='word_1_1' title='bbox 335 272 396 313; x_wconf 60' lang='grc' dir='ltr'><strong>’ἐν</strong></span> <span class='ocrx_word' id='word_1_2' title='bbox 1540 271 1636 330; x_wconf 82' lang='lat' dir='ltr'><strong>DE</strong></span> <span class='ocrx_word' id='word_1_3' title='bbox 1680 261 2072 331; x_wconf 67' lang='lat' dir='ltr'><strong>MIClIAELE</strong></span> <span class='ocrx_word' id='word_1_4' title='bbox 2113 268 2349 325; x_wconf 70' lang='lat' dir='ltr'><strong>GLYCA</strong></span> 
     </span>
    </p>
   </div>
   <div class='ocr_carea' id='block_1_2' title="bbox 3469 275 3559 316">
    <p class='ocr_par' dir='ltr' id='par_1_2' title="bbox 3469 275 3559 316">
     <span class='ocr_line' id='line_1_2' title="bbox 3469 275 3559 316; baseline -0.022 0"><span class='ocrx_word' id='word_1_5' title='bbox 3469 275 3559 316; x_wconf 61' lang='grc' dir='ltr'>κνι</span> 
     </span>
    </p>
   </div>
   <div class='ocr_carea' id='block_1_3' title="bbox 399 381 3565 457">
    <p class='ocr_par' dir='ltr' id='par_1_3' title="bbox 399 381 3565 457">
     <span class='ocr_line' id='line_1_3' title="bbox 399 381 3565 457; baseline -0 -22"><span class='ocrx_word' id='word_1_6' title='bbox 399 383 666 437; x_wconf 83' lang='lat' dir='ltr'><strong>Caeterum</strong></span> <span class='ocrx_word' id='word_1_7' title='bbox 691 400 834 439; x_wconf 90' lang='lat' dir='ltr'><strong>nunc</strong></span> <span class='ocrx_word' id='word_1_8' title='bbox 857 386 1190 442; x_wconf 84' lang='lat' dir='ltr'><strong>mouendum</strong></span> <span class='ocrx_word' id='word_1_9' title='bbox 1217 395 1321 450; x_wconf 89' lang='lat' dir='ltr'><strong>est,</strong></span> <span class='ocrx_word' id='word_1_10' title='bbox 1358 387 1412 442; x_wconf 86' lang='lat' dir='ltr'><strong>in</strong></span> <span class='ocrx_word' id='word_1_11' title='bbox 1441 389 1764 457; x_wconf 82' lang='lat' dir='ltr'><strong>quibusdam</strong></span> <span class='ocrx_word' id='word_1_12' title='bbox 1801 403 1898 453; x_wconf 85' lang='lat' dir='ltr'><strong>co-</strong></span> <span class='ocrx_word' id='word_1_13' title='bbox 1927 388 1968 444; x_wconf 85' lang='lat' dir='ltr'><strong>A</strong></span> <span class='ocrx_word' id='word_1_14' title='bbox 1998 385 2206 440; x_wconf 87' lang='lat' dir='ltr'><strong>schelio</strong></span> <span class='ocrx_word' id='word_1_15' title='bbox 2267 399 2334 437; x_wconf 88' lang='lat' dir='ltr'><strong>ex</strong></span> <span class='ocrx_word' id='word_1_16' title='bbox 2391 382 2723 438; x_wconf 74' lang='lat' dir='ltr'><strong>bibliotheca</strong></span> <span class='ocrx_word' id='word_1_17' title='bbox 2778 383 3086 452; x_wconf 73' lang='lat' dir='ltr'><strong>Augustam</strong></span> <span class='ocrx_word' id='word_1_18' title='bbox 3141 381 3334 437; x_wconf 85' lang='lat' dir='ltr'><strong>eodem</strong></span> <span class='ocrx_word' id='word_1_19' title='bbox 3388 383 3565 444; x_wconf 90' lang='lat' dir='ltr'><strong>titulo,</strong></span> 
     </span>
    </p>
   </div>
   <div class='ocr_carea' id='block_1_4' title="bbox 335 475 1894 552">
    <p class='ocr_par' dir='ltr' id='par_1_4' title="bbox 335 475 1894 552">
     <span class='ocr_line' id='line_1_4' title="bbox 335 475 1894 552; baseline 0.003 -24"><span class='ocrx_word' id='word_1_20' title='bbox 335 475 544 529; x_wconf 77' lang='lat' dir='ltr'><strong>.iicibus</strong></span> <span class='ocrx_word' id='word_1_21' title='bbox 586 477 750 533; x_wconf 87' lang='lat' dir='ltr'><strong>hasce</strong></span> <span class='ocrx_word' id='word_1_22' title='bbox 786 478 1056 548; x_wconf 74' lang='lat' dir='ltr'><strong>Epistolas</strong></span> <span class='ocrx_word' id='word_1_23' title='bbox 1090 494 1199 534; x_wconf 89' lang='lat' dir='ltr'><strong>non</strong></span> <span class='ocrx_word' id='word_1_24' title='bbox 1240 479 1489 534; x_wconf 80' lang='lat' dir='ltr'><strong>Michaeli</strong></span> <span class='ocrx_word' id='word_1_25' title='bbox 1543 480 1741 552; x_wconf 71' lang='lat' dir='ltr'><strong>Glycm,</strong></span> <span class='ocrx_word' id='word_1_26' title='bbox 1797 477 1894 534; x_wconf 89' lang='lat' dir='ltr'><strong>sed</strong></span> 
     </span>
    </p>
   </div>
   <div class='ocr_carea' id='block_1_5' title="bbox 337 565 1893 643">
    <p class='ocr_par' dir='ltr' id='par_1_5' title="bbox 337 565 1893 643">
     <span class='ocr_line' id='line_1_5' title="bbox 337 565 1893 643; baseline 0.007 -28"><span class='ocrx_word' id='word_1_27' title='bbox 337 565 413 618; x_wconf 84' lang='lat' dir='ltr'><strong>lo.</strong></span> <span class='ocrx_word' id='word_1_28' title='bbox 447 567 673 622; x_wconf 72' lang='lat' dir='ltr'><strong>Zonara:</strong></span> <span class='ocrx_word' id='word_1_29' title='bbox 709 569 896 633; x_wconf 89' lang='lat' dir='ltr'><strong>tribui,</strong></span> <span class='ocrx_word' id='word_1_30' title='bbox 930 578 988 624; x_wconf 90' lang='lat' dir='ltr'><strong>ut</strong></span> <span class='ocrx_word' id='word_1_31' title='bbox 1021 570 1075 624; x_wconf 90' lang='lat' dir='ltr'><strong>in</strong></span> <span class='ocrx_word' id='word_1_32' title='bbox 1104 570 1293 627; x_wconf 87' lang='lat' dir='ltr'><strong>codice</strong></span> <span class='ocrx_word' id='word_1_33' title='bbox 1345 570 1535 643; x_wconf 79' lang='lat' dir='ltr'><strong>Regio,</strong></span> <span class='ocrx_word' id='word_1_34' title='bbox 1571 571 1727 641; x_wconf 84' lang='lat' dir='ltr'><strong>cujus</strong></span> <span class='ocrx_word' id='word_1_35' title='bbox 1775 586 1893 626; x_wconf 86' lang='lat' dir='ltr'><strong>me-</strong></span> 
     </span>
    </p>
   </div>
   <div class='ocr_carea' id='block_1_6' title="bbox 335 657 1895 746">
    <p class='ocr_par' dir='ltr' id='par_1_6' title="bbox 335 657 1895 746">
     <span class='ocr_line' id='line_1_6' title="bbox 335 657 1895 746; baseline 0.006 -38"><span class='ocrx_word' id='word_1_36' title='bbox 335 657 490 712; x_wconf 79' lang='lat' dir='ltr'><strong>n-init</strong></span> <span class='ocrx_word' id='word_1_37' title='bbox 567 658 882 724; x_wconf 83' lang='lat' dir='ltr'><strong>Dufresnius</strong></span> <span class='ocrx_word' id='word_1_38' title='bbox 909 699 926 722; x_wconf 93' lang='lat'><strong>.</strong></span> <span class='ocrx_word' id='word_1_39' title='bbox 997 676 1307 732; x_wconf 80' lang='lat' dir='ltr'><strong>quanquam</strong></span> <span class='ocrx_word' id='word_1_40' title='bbox 1337 670 1346 694; x_wconf 67' lang='grc' dir='ltr'><strong>ε</strong></span> <span class='ocrx_word' id='word_1_41' title='bbox 1377 662 1670 719; x_wconf 82' lang='lat' dir='ltr'><strong>recentiori</strong></span> <span class='ocrx_word' id='word_1_42' title='bbox 1689 714 1704 746; x_wconf 47' lang='grc' dir='ltr'><em>ι</em></span> <span class='ocrx_word' id='word_1_43' title='bbox 1729 678 1895 718; x_wconf 90' lang='lat' dir='ltr'><strong>manu</strong></span> 
     </span>
    </p>
   </div>
   <div class='ocr_carea' id='block_1_7' title="bbox 335 750 1898 826">
    <p class='ocr_par' dir='ltr' id='par_1_7' title="bbox 335 750 1898 826">
     <span class='ocr_line' id='line_1_7' title="bbox 335 750 1898 826; baseline 0.005 -24"><span class='ocrx_word' id='word_1_44' title='bbox 335 750 558 820; x_wconf 83' lang='lat' dir='ltr'><strong>scripto,</strong></span> <span class='ocrx_word' id='word_1_45' title='bbox 591 767 734 807; x_wconf 91' lang='lat' dir='ltr'><strong>anno</strong></span> <span class='ocrx_word' id='word_1_46' title='bbox 789 753 998 808; x_wconf 72' lang='lat' dir='ltr'><strong>scilicet</strong></span> <span class='ocrx_word' id='word_1_47' title='bbox 1054 755 1240 810; x_wconf 89' lang='lat' dir='ltr'><strong>mundi</strong></span> <span class='ocrx_word' id='word_1_48' title='bbox 1294 755 1445 826; x_wconf 76' lang='lat' dir='ltr'><strong>iuxta</strong></span> <span class='ocrx_word' id='word_1_49' title='bbox 1492 755 1708 810; x_wconf 71' lang='lat' dir='ltr'><strong>Graecos</strong></span> <span class='ocrx_word' id='word_1_50' title='bbox 1755 754 1898 810; x_wconf 84' lang='lat'><strong>6996</strong></span> 
     </span>
    </p>
   </div>
   <div class='ocr_carea' id='block_1_8' title="bbox 334 842 1898 919">
    <p class='ocr_par' dir='ltr' id='par_1_8' title="bbox 334 842 1898 919">
     <span class='ocr_line' id='line_1_8' title="bbox 334 842 1898 919; baseline 0.006 -25"><span class='ocrx_word' id='word_1_51' title='bbox 334 842 558 909; x_wconf 90' lang='lat' dir='ltr'><strong>(Christi</strong></span> <span class='ocrx_word' id='word_1_52' title='bbox 593 843 776 913; x_wconf 75' lang='grc'><strong>1488),</strong></span> <span class='ocrx_word' id='word_1_53' title='bbox 812 843 1003 902; x_wconf 86' lang='lat' dir='ltr'><strong>iudict.</strong></span> <span class='ocrx_word' id='word_1_54' title='bbox 1031 846 1085 902; x_wconf 86' lang='lat'><strong>6.</strong></span> <span class='ocrx_word' id='word_1_55' title='bbox 1121 845 1282 902; x_wconf 82' lang='lat' dir='ltr'><strong>&quot;unc</strong></span> <span class='ocrx_word' id='word_1_56' title='bbox 1309 847 1458 902; x_wconf 90' lang='lat' dir='ltr'><strong>enim</strong></span> <span class='ocrx_word' id='word_1_57' title='bbox 1491 845 1708 903; x_wconf 86' lang='lat' dir='ltr'><strong>titulum</strong></span> <span class='ocrx_word' id='word_1_58' title='bbox 1759 863 1898 919; x_wconf 60' lang='lat' dir='ltr'><strong>prai—</strong></span> 
     </span>
    </p>
   </div>
   <div class='ocr_carea' id='block_1_9' title="bbox 335 927 1895 1010">
    <p class='ocr_par' dir='ltr' id='par_1_9' title="bbox 335 927 1895 1010">
     <span class='ocr_line' id='line_1_9' title="bbox 335 927 1895 1010; baseline 0.004 -26"><span class='ocrx_word' id='word_1_59' title='bbox 335 927 440 984; x_wconf 84' lang='lat' dir='ltr'><strong>I&#39;ert</strong></span> <span class='ocrx_word' id='word_1_60' title='bbox 486 949 502 985; x_wconf 91' lang='lat'><strong>:</strong></span> <span class='ocrx_word' id='word_1_61' title='bbox 583 932 900 987; x_wconf 79' lang='grc' dir='ltr'>Ἐπιστολαὶ</span> <span class='ocrx_word' id='word_1_62' title='bbox 952 934 1121 1007; x_wconf 77' lang='grc' dir='ltr'><strong>κυροῦ</strong></span> <span class='ocrx_word' id='word_1_63' title='bbox 1187 938 1440 993; x_wconf 82' lang='grc' dir='ltr'><strong>Ἰωάννου</strong></span> <span class='ocrx_word' id='word_1_64' title='bbox 1511 939 1744 1010; x_wconf 83' lang='grc' dir='ltr'>Ζωναρᾶ</span> <span class='ocrx_word' id='word_1_65' title='bbox 1799 938 1895 992; x_wconf 73' lang='grc' dir='ltr'><strong>καὶ</strong></span> 
     </span>
    </p>
   </div>
   <div class='ocr_carea' id='block_1_10' title="bbox 335 1027 1900 1102">
    <p class='ocr_par' dir='ltr' id='par_1_10' title="bbox 335 1027 1900 1102">
     <span class='ocr_line' id='line_1_10' title="bbox 335 1027 1900 1102; baseline 0.006 -28"><span class='ocrx_word' id='word_1_66' title='bbox 335 1027 826 1096; x_wconf 80' lang='grc' dir='ltr'>πρωτοασηκρῆτις</span> <span class='ocrx_word' id='word_1_67' title='bbox 851 1030 946 1082; x_wconf 74' lang='grc' dir='ltr'><strong>καὶ</strong></span> <span class='ocrx_word' id='word_1_68' title='bbox 989 1027 1357 1100; x_wconf 73' lang='grc' dir='ltr'>δρουγγαρζου</span> <span class='ocrx_word' id='word_1_69' title='bbox 1390 1030 1490 1100; x_wconf 85' lang='grc' dir='ltr'>τῆς</span> <span class='ocrx_word' id='word_1_70' title='bbox 1523 1030 1744 1100; x_wconf 80' lang='grc' dir='ltr'>Βιγλης.</span> <span class='ocrx_word' id='word_1_71' title='bbox 1775 1029 1900 1102; x_wconf 83' lang='lat' dir='ltr'><strong>Epi-</strong></span> 
     </span>
    </p>
   </div>
   <div class='ocr_carea' id='block_1_11' title="bbox 335 1115 1899 1191">
    <p class='ocr_par' dir='ltr' id='par_1_11' title="bbox 335 1115 1899 1191">
     <span class='ocr_line' id='line_1_11' title="bbox 335 1115 1899 1191; baseline 0.006 -24"><span class='ocrx_word' id='word_1_72' title='bbox 335 1115 482 1169; x_wconf 66' lang='lat' dir='ltr'><strong>stolis</strong></span> <span class='ocrx_word' id='word_1_73' title='bbox 503 1115 682 1170; x_wconf 83' lang='lat' dir='ltr'><strong>damni</strong></span> <span class='ocrx_word' id='word_1_74' title='bbox 726 1117 950 1174; x_wconf 81' lang='lat' dir='ltr'><strong>Joannis</strong></span> <span class='ocrx_word' id='word_1_75' title='bbox 977 1117 1224 1187; x_wconf 76' lang='lat' dir='ltr'><strong>Zonarre,</strong></span> <span class='ocrx_word' id='word_1_76' title='bbox 1277 1130 1328 1176; x_wconf 88' lang='lat' dir='ltr'><strong>et</strong></span> <span class='ocrx_word' id='word_1_77' title='bbox 1374 1124 1792 1191; x_wconf 85' lang='lat' dir='ltr'><strong>protoasecretis,</strong></span> <span class='ocrx_word' id='word_1_78' title='bbox 1849 1129 1899 1176; x_wconf 92' lang='lat' dir='ltr'><strong>et</strong></span> 
     </span>
    </p>
   </div>
   <div class='ocr_carea' id='block_1_12' title="bbox 334 1205 1900 1281">
    <p class='ocr_par' dir='ltr' id='par_1_12' title="bbox 334 1205 1900 1281">
     <span class='ocr_line' id='line_1_12' title="bbox 334 1205 1900 1281; baseline 0.007 -26"><span class='ocrx_word' id='word_1_79' title='bbox 334 1205 566 1274; x_wconf 77' lang='lat' dir='ltr'><strong>prrcfecti</strong></span> <span class='ocrx_word' id='word_1_80' title='bbox 617 1205 870 1276; x_wconf 84' lang='lat' dir='ltr'><strong>Vigilum.</strong></span> <span class='ocrx_word' id='word_1_81' title='bbox 939 1206 1164 1265; x_wconf 68' lang='lat' dir='ltr'><strong>Zonarre</strong></span> <span class='ocrx_word' id='word_1_82' title='bbox 1210 1226 1426 1281; x_wconf 88' lang='lat' dir='ltr'><strong>quoque</strong></span> <span class='ocrx_word' id='word_1_83' title='bbox 1475 1213 1572 1266; x_wconf 89' lang='lat' dir='ltr'><strong>bas</strong></span> <span class='ocrx_word' id='word_1_84' title='bbox 1629 1211 1900 1281; x_wconf 84' lang='lat' dir='ltr'><strong>Epistolas</strong></span> 
     </span>
    </p>
   </div>
   <div class='ocr_carea' id='block_1_13' title="bbox 335 1297 1901 1374">
    <p class='ocr_par' dir='ltr' id='par_1_13' title="bbox 335 1297 1901 1374">
     <span class='ocr_line' id='line_1_13' title="bbox 335 1297 1901 1374; baseline 0.007 -27"><span class='ocrx_word' id='word_1_85' title='bbox 335 1297 857 1366; x_wconf 78' lang='lat' dir='ltr'><strong>ascribehatcodex,</strong></span> <span class='ocrx_word' id='word_1_86' title='bbox 889 1317 1050 1372; x_wconf 88' lang='lat' dir='ltr'><strong>quem</strong></span> <span class='ocrx_word' id='word_1_87' title='bbox 1079 1302 1276 1374; x_wconf 84' lang='lat' dir='ltr'><strong>Georg.</strong></span> <span class='ocrx_word' id='word_1_88' title='bbox 1315 1304 1491 1357; x_wconf 83' lang='lat' dir='ltr'><strong>Douza</strong></span> <span class='ocrx_word' id='word_1_89' title='bbox 1516 1302 1901 1358; x_wconf 88' lang='lat' dir='ltr'><strong>Constantino-</strong></span> 
     </span>
    </p>
   </div>
   <div class='ocr_carea' id='block_1_14' title="bbox 337 1387 1903 1466">
    <p class='ocr_par' dir='ltr' id='par_1_14' title="bbox 337 1387 1903 1466">
     <span class='ocr_line' id='line_1_14' title="bbox 337 1387 1903 1466; baseline 0.006 -25"><span class='ocrx_word' id='word_1_90' title='bbox 337 1387 442 1460; x_wconf 52' lang='lat' dir='ltr'><strong>poli</strong></span> <span class='ocrx_word' id='word_1_91' title='bbox 468 1389 741 1455; x_wconf 80' lang='lat' dir='ltr'><strong>attulerat,</strong></span> <span class='ocrx_word' id='word_1_92' title='bbox 769 1401 1053 1462; x_wconf 83' lang='lat' dir='ltr'><strong>exstatque</strong></span> <span class='ocrx_word' id='word_1_93' title='bbox 1085 1393 1248 1448; x_wconf 92' lang='lat' dir='ltr'><strong>modo</strong></span> <span class='ocrx_word' id='word_1_94' title='bbox 1279 1394 1333 1448; x_wconf 90' lang='lat' dir='ltr'><strong>in</strong></span> <span class='ocrx_word' id='word_1_95' title='bbox 1362 1391 1699 1451; x_wconf 81' lang='lat' dir='ltr'><strong>Bibliotheca</strong></span> <span class='ocrx_word' id='word_1_96' title='bbox 1758 1394 1903 1466; x_wconf 76' lang='lat' dir='ltr'><strong>Lug-</strong></span> 
     </span>
    </p>
   </div>
   <div class='ocr_carea' id='block_1_15' title="bbox 335 1479 1902 1556">
    <p class='ocr_par' dir='ltr' id='par_1_15' title="bbox 335 1479 1902 1556">
     <span class='ocr_line' id='line_1_15' title="bbox 335 1479 1902 1556; baseline 0.008 -25"><span class='ocrx_word' id='word_1_97' title='bbox 335 1479 747 1548; x_wconf 87' lang='lat' dir='ltr'><strong>duno-Batava;</strong></span> <span class='ocrx_word' id='word_1_98' title='bbox 789 1499 958 1554; x_wconf 91' lang='lat' dir='ltr'><strong>quare</strong></span> <span class='ocrx_word' id='word_1_99' title='bbox 985 1494 1038 1539; x_wconf 91' lang='lat' dir='ltr'><strong>et</strong></span> <span class='ocrx_word' id='word_1_100' title='bbox 1090 1479 1214 1549; x_wconf 73' lang='lat' dir='ltr'><strong>ilhc,</strong></span> <span class='ocrx_word' id='word_1_101' title='bbox 1248 1502 1382 1556; x_wconf 90' lang='lat' dir='ltr'><strong>quas</strong></span> <span class='ocrx_word' id='word_1_102' title='bbox 1406 1503 1473 1541; x_wconf 82' lang='lat' dir='ltr'><strong>ex</strong></span> <span class='ocrx_word' id='word_1_103' title='bbox 1504 1503 1569 1542; x_wconf 90' lang='lat' dir='ltr'><strong>eo</strong></span> <span class='ocrx_word' id='word_1_104' title='bbox 1599 1487 1768 1544; x_wconf 88' lang='lat' dir='ltr'><strong>edidit</strong></span> <span class='ocrx_word' id='word_1_105' title='bbox 1801 1487 1902 1543; x_wconf 88' lang='lat' dir='ltr'><strong>Bo-</strong></span> 
     </span>
    </p>
   </div>
   <div class='ocr_carea' id='block_1_16' title="bbox 337 1570 1902 1640">
    <p class='ocr_par' dir='ltr' id='par_1_16' title="bbox 337 1570 1902 1640">
     <span class='ocr_line' id='line_1_16' title="bbox 337 1570 1902 1640; baseline 0.008 -17"><span class='ocrx_word' id='word_1_106' title='bbox 337 1587 461 1625; x_wconf 78' lang='lat' dir='ltr'><strong>nav.</strong></span> <span class='ocrx_word' id='word_1_107' title='bbox 487 1570 804 1640; x_wconf 76' lang='lat' dir='ltr'><strong>Vulcanius,</strong></span> <span class='ocrx_word' id='word_1_108' title='bbox 839 1570 1015 1632; x_wconf 89' lang='lat' dir='ltr'><strong>eidem</strong></span> <span class='ocrx_word' id='word_1_109' title='bbox 1050 1577 1275 1634; x_wconf 79' lang='lat' dir='ltr'><strong>Zonaras</strong></span> <span class='ocrx_word' id='word_1_110' title='bbox 1308 1581 1644 1638; x_wconf 86' lang='lat' dir='ltr'><strong>tribuuntur.</strong></span> <span class='ocrx_word' id='word_1_111' title='bbox 1675 1573 1902 1636; x_wconf 65' lang='lat' dir='ltr'><strong>Zonaras</strong></span> 
     </span>
    </p>
   </div>
   <div class='ocr_carea' id='block_1_17' title="bbox 337 1663 1902 1732">
    <p class='ocr_par' dir='ltr' id='par_1_17' title="bbox 337 1663 1902 1732">
     <span class='ocr_line' id='line_1_17' title="bbox 337 1663 1902 1732; baseline 0.005 -16"><span class='ocrx_word' id='word_1_112' title='bbox 337 1665 545 1732; x_wconf 86' lang='lat' dir='ltr'><strong>pariter</strong></span> <span class='ocrx_word' id='word_1_113' title='bbox 573 1665 813 1720; x_wconf 90' lang='lat' dir='ltr'><strong>vindicat</strong></span> <span class='ocrx_word' id='word_1_114' title='bbox 841 1663 1011 1722; x_wconf 87' lang='lat' dir='ltr'><strong>Index</strong></span> <span class='ocrx_word' id='word_1_115' title='bbox 1042 1667 1357 1723; x_wconf 66' lang='lat' dir='ltr'><strong>Graecorum</strong></span> <span class='ocrx_word' id='word_1_116' title='bbox 1390 1663 1654 1723; x_wconf 90' lang='lat' dir='ltr'><strong>librorum</strong></span> <span class='ocrx_word' id='word_1_117' title='bbox 1708 1684 1774 1724; x_wconf 83' lang='lat' dir='ltr'><strong>ex</strong></span> <span class='ocrx_word' id='word_1_118' title='bbox 1811 1685 1902 1724; x_wconf 89' lang='lat' dir='ltr'><strong>co-</strong></span> 
     </span>
    </p>
   </div>
   <div class='ocr_carea' id='block_1_18' title="bbox 1996 473 3566 545">
    <p class='ocr_par' dir='ltr' id='par_1_18' title="bbox 1996 473 3566 545">
     <span class='ocr_line' id='line_1_18' title="bbox 1996 473 3566 545; baseline -0.001 -15"><span class='ocrx_word' id='word_1_119' title='bbox 1996 476 2120 530; x_wconf 89' lang='lat' dir='ltr'><strong>cod.</strong></span> <span class='ocrx_word' id='word_1_120' title='bbox 2144 475 2234 540; x_wconf 79' lang='lat'><strong>65,</strong></span> <span class='ocrx_word' id='word_1_121' title='bbox 2260 484 2316 530; x_wconf 90' lang='lat' dir='ltr'><strong>ct</strong></span> <span class='ocrx_word' id='word_1_122' title='bbox 2338 489 2368 528; x_wconf 90' lang='lat' dir='ltr'><strong>a</strong></span> <span class='ocrx_word' id='word_1_123' title='bbox 2397 473 2511 532; x_wconf 82' lang='lat' dir='ltr'><strong>Jac.</strong></span> <span class='ocrx_word' id='word_1_124' title='bbox 2548 475 2814 542; x_wconf 82' lang='lat' dir='ltr'><strong>Pontano,</strong></span> <span class='ocrx_word' id='word_1_125' title='bbox 2848 476 2940 544; x_wconf 88' lang='lat' dir='ltr'><strong>qui</strong></span> <span class='ocrx_word' id='word_1_126' title='bbox 2978 475 3188 545; x_wconf 88' lang='lat' dir='ltr'><strong>priores</strong></span> <span class='ocrx_word' id='word_1_127' title='bbox 3217 474 3353 530; x_wconf 85' lang='lat' dir='ltr'><strong>duas</strong></span> <span class='ocrx_word' id='word_1_128' title='bbox 3375 474 3566 530; x_wconf 82' lang='lat' dir='ltr'><strong>Latine</strong></span> 
     </span>
    </p>
   </div>
   <div class='ocr_carea' id='block_1_19' title="bbox 1996 565 3569 637">
    <p class='ocr_par' dir='ltr' id='par_1_19' title="bbox 1996 565 3569 637">
     <span class='ocr_line' id='line_1_19' title="bbox 1996 565 3569 637; baseline -0.002 -17"><span class='ocrx_word' id='word_1_129' title='bbox 1996 567 2264 622; x_wconf 86' lang='lat' dir='ltr'><strong>convertit</strong></span> <span class='ocrx_word' id='word_1_130' title='bbox 2297 575 2462 633; x_wconf 84' lang='lat' dir='ltr'><strong>atque</strong></span> <span class='ocrx_word' id='word_1_131' title='bbox 2489 566 2679 621; x_wconf 88' lang='lat' dir='ltr'><strong>edidit.</strong></span> <span class='ocrx_word' id='word_1_132' title='bbox 2713 565 2818 622; x_wconf 88' lang='lat' dir='ltr'><strong>Sed</strong></span> <span class='ocrx_word' id='word_1_133' title='bbox 2847 576 2903 623; x_wconf 88' lang='lat' dir='ltr'><strong>et</strong></span> <span class='ocrx_word' id='word_1_134' title='bbox 2939 568 3038 623; x_wconf 89' lang='lat' dir='ltr'><strong>has</strong></span> <span class='ocrx_word' id='word_1_135' title='bbox 3071 568 3174 622; x_wconf 86' lang='lat' dir='ltr'><strong>sub</strong></span> <span class='ocrx_word' id='word_1_136' title='bbox 3227 567 3406 637; x_wconf 56' lang='lat' dir='ltr'><strong>Glycera</strong></span> <span class='ocrx_word' id='word_1_137' title='bbox 3471 582 3569 620; x_wconf 82' lang='lat' dir='ltr'><strong>no-</strong></span> 
     </span>
    </p>
   </div>
   <div class='ocr_carea' id='block_1_20' title="bbox 1997 659 3567 724">
    <p class='ocr_par' dir='ltr' id='par_1_20' title="bbox 1997 659 3567 724">
     <span class='ocr_line' id='line_1_20' title="bbox 1997 659 3567 724; baseline -0.002 -7"><span class='ocrx_word' id='word_1_138' title='bbox 1997 662 2145 718; x_wconf 86' lang='lat' dir='ltr'><strong>mine</strong></span> <span class='ocrx_word' id='word_1_139' title='bbox 2166 660 2341 716; x_wconf 85' lang='lat' dir='ltr'><strong>citant</strong></span> <span class='ocrx_word' id='word_1_140' title='bbox 2357 659 2708 716; x_wconf 83' lang='lat' dir='ltr'><strong>CasaubOnus</strong></span> <span class='ocrx_word' id='word_1_141' title='bbox 2729 661 2959 717; x_wconf 76' lang='lat' dir='ltr'><strong>Exercit.</strong></span> <span class='ocrx_word' id='word_1_142' title='bbox 2979 663 3034 716; x_wconf 90' lang='lat' dir='ltr'><strong>in</strong></span> <span class='ocrx_word' id='word_1_143' title='bbox 3051 662 3249 716; x_wconf 86' lang='lat' dir='ltr'><strong>Baron.</strong></span> <span class='ocrx_word' id='word_1_144' title='bbox 3271 662 3358 724; x_wconf 82' lang='grc'><strong>16,</strong></span> <span class='ocrx_word' id='word_1_145' title='bbox 3387 679 3441 715; x_wconf 92' lang='lat' dir='ltr'><strong>u.</strong></span> <span class='ocrx_word' id='word_1_146' title='bbox 3463 662 3567 722; x_wconf 70' lang='lat'><strong>49;</strong></span> 
     </span>
    </p>
   </div>
   <div class='ocr_carea' id='block_1_21' title="bbox 1997 751 3570 824">
    <p class='ocr_par' dir='ltr' id='par_1_21' title="bbox 1997 751 3570 824">
     <span class='ocr_line' id='line_1_21' title="bbox 1997 751 3570 824; baseline -0.001 -18"><span class='ocrx_word' id='word_1_147' title='bbox 1997 752 2267 808; x_wconf 77' lang='lat' dir='ltr'><strong>Antonius</strong></span> <span class='ocrx_word' id='word_1_148' title='bbox 2317 751 2669 818; x_wconf 77' lang='lat' dir='ltr'><strong>Posseviuus,</strong></span> <span class='ocrx_word' id='word_1_149' title='bbox 2725 762 2857 809; x_wconf 92' lang='lat' dir='ltr'><strong>tom.</strong></span> <span class='ocrx_word' id='word_1_150' title='bbox 2889 753 2935 808; x_wconf 90' lang='grc'><strong>11</strong></span> <span class='ocrx_word' id='word_1_151' title='bbox 2973 755 3281 824; x_wconf 70' lang='lat' dir='ltr'><strong>Apparatus</strong></span> <span class='ocrx_word' id='word_1_152' title='bbox 3319 754 3481 814; x_wconf 82' lang='lat' dir='ltr'><strong>sacri,</strong></span> <span class='ocrx_word' id='word_1_153' title='bbox 3515 761 3570 806; x_wconf 82' lang='lat' dir='ltr'><strong>et</strong></span> 
     </span>
    </p>
   </div>
   <div class='ocr_carea' id='block_1_22' title="bbox 1995 842 3569 918">
    <p class='ocr_par' dir='ltr' id='par_1_22' title="bbox 1995 842 3569 918">
     <span class='ocr_line' id='line_1_22' title="bbox 1995 842 3569 918; baseline -0.003 -18"><span class='ocrx_word' id='word_1_154' title='bbox 1995 843 2084 900; x_wconf 81' lang='lat' dir='ltr'><strong>Jo.</strong></span> <span class='ocrx_word' id='word_1_155' title='bbox 2113 844 2352 914; x_wconf 79' lang='lat' dir='ltr'><strong>Baptista</strong></span> <span class='ocrx_word' id='word_1_156' title='bbox 2399 842 2707 900; x_wconf 76' lang='lat' dir='ltr'><strong>Cotelerius&#39;</strong></span> <span class='ocrx_word' id='word_1_157' title='bbox 2737 846 2791 900; x_wconf 92' lang='lat' dir='ltr'><strong>in</strong></span> <span class='ocrx_word' id='word_1_158' title='bbox 2821 845 2974 902; x_wconf 86' lang='lat' dir='ltr'><strong>Notis</strong></span> <span class='ocrx_word' id='word_1_159' title='bbox 2997 846 3064 902; x_wconf 91' lang='lat' dir='ltr'><strong>ad</strong></span> <span class='ocrx_word' id='word_1_160' title='bbox 3092 844 3270 918; x_wconf 84' lang='lat' dir='ltr'><strong>Opera</strong></span> <span class='ocrx_word' id='word_1_161' title='bbox 3325 845 3426 900; x_wconf 82' lang='lat'><strong>88.</strong></span> <span class='ocrx_word' id='word_1_162' title='bbox 3469 844 3569 896; x_wconf 85' lang='lat' dir='ltr'><strong>Pa-</strong></span> 
     </span>
    </p>
   </div>
   <div class='ocr_carea' id='block_1_23' title="bbox 2005 937 3567 1010">
    <p class='ocr_par' dir='ltr' id='par_1_23' title="bbox 2005 937 3567 1010">
     <span class='ocr_line' id='line_1_23' title="bbox 2005 937 3567 1010; baseline -0.001 -18"><span class='ocrx_word' id='word_1_163' title='bbox 2005 943 2148 992; x_wconf 89' lang='lat' dir='ltr'><strong>trum</strong></span> <span class='ocrx_word' id='word_1_164' title='bbox 2200 937 2294 1007; x_wconf 84' lang='lat' dir='ltr'><strong>qui</strong></span> <span class='ocrx_word' id='word_1_165' title='bbox 2328 939 2665 1009; x_wconf 88' lang='lat' dir='ltr'><strong>temporibus</strong></span> <span class='ocrx_word' id='word_1_166' title='bbox 2713 940 3032 1010; x_wconf 81' lang='lat' dir='ltr'><strong>apostolicis</strong></span> <span class='ocrx_word' id='word_1_167' title='bbox 3083 940 3406 995; x_wconf 79' lang='lat' dir='ltr'><strong>ﬂoruerunt.</strong></span> <span class='ocrx_word' id='word_1_168' title='bbox 3477 939 3567 992; x_wconf 90' lang='lat' dir='ltr'><strong>ubi</strong></span> 
     </span>
    </p>
   </div>
   <div class='ocr_carea' id='block_1_24' title="bbox 2002 1031 3571 1104">
    <p class='ocr_par' dir='ltr' id='par_1_24' title="bbox 2002 1031 3571 1104">
     <span class='ocr_line' id='line_1_24' title="bbox 2002 1031 3571 1104; baseline -0.002 -18"><span class='ocrx_word' id='word_1_169' title='bbox 2002 1031 2214 1102; x_wconf 87' lang='lat' dir='ltr'><strong>inquit:</strong></span> <span class='ocrx_word' id='word_1_170' title='bbox 2254 1031 2387 1098; x_wconf 78' lang='lat' dir='ltr'><strong>Qua:</strong></span> <span class='ocrx_word' id='word_1_171' title='bbox 2443 1033 2603 1087; x_wconf 88' lang='lat' dir='ltr'><strong>etiam</strong></span> <span class='ocrx_word' id='word_1_172' title='bbox 2628 1033 2758 1088; x_wconf 86' lang='lat' dir='ltr'><strong>citat</strong></span> <span class='ocrx_word' id='word_1_173' title='bbox 2814 1033 3044 1088; x_wconf 79' lang='lat' dir='ltr'><strong>Michael</strong></span> <span class='ocrx_word' id='word_1_174' title='bbox 3093 1033 3284 1104; x_wconf 80' lang='lat' dir='ltr'><strong>Glycas</strong></span> <span class='ocrx_word' id='word_1_175' title='bbox 3339 1034 3392 1084; x_wconf 89' lang='lat' dir='ltr'><strong>in</strong></span> <span class='ocrx_word' id='word_1_176' title='bbox 3439 1031 3571 1084; x_wconf 85' lang='lat' dir='ltr'><strong>libro</strong></span> 
     </span>
    </p>
   </div>
   <div class='ocr_carea' id='block_1_25' title="bbox 2003 1124 3567 1196">
    <p class='ocr_par' dir='ltr' id='par_1_25' title="bbox 2003 1124 3567 1196">
     <span class='ocr_line' id='line_1_25' title="bbox 2003 1124 3567 1196; baseline 0 -18"><span class='ocrx_word' id='word_1_177' title='bbox 2003 1125 2288 1195; x_wconf 68' lang='lat' dir='ltr'><strong>posteriore</strong></span> <span class='ocrx_word' id='word_1_178' title='bbox 2313 1126 2484 1194; x_wconf 68' lang='lat' dir='ltr'><strong>operis</strong></span> <span class='ocrx_word' id='word_1_179' title='bbox 2515 1126 2596 1188; x_wconf 76' lang='grc' dir='ltr'><strong>εἰς</strong></span> <span class='ocrx_word' id='word_1_180' title='bbox 2627 1125 2695 1178; x_wconf 84' lang='grc' dir='ltr'><strong>τὰ.</strong></span> <span class='ocrx_word' id='word_1_181' title='bbox 2720 1124 2902 1196; x_wconf 76' lang='grc' dir='ltr'>ἄπορα</span> <span class='ocrx_word' id='word_1_182' title='bbox 2931 1125 3031 1194; x_wconf 85' lang='grc' dir='ltr'>τῆς</span> <span class='ocrx_word' id='word_1_183' title='bbox 3060 1126 3303 1195; x_wconf 81' lang='grc' dir='ltr'>Γραφῆς,</span> <span class='ocrx_word' id='word_1_184' title='bbox 3335 1140 3453 1193; x_wconf 86' lang='lat' dir='ltr'><strong>cap.</strong></span> <span class='ocrx_word' id='word_1_185' title='bbox 3477 1125 3567 1178; x_wconf 72' lang='grc'><strong>⁸52.</strong></span> 
     </span>
    </p>
   </div>
   <div class='ocr_carea' id='block_1_26' title="bbox 2007 1213 3572 1285">
    <p class='ocr_par' dir='ltr' id='par_1_26' title="bbox 2007 1213 3572 1285">
     <span class='ocr_line' id='line_1_26' title="bbox 2007 1213 3572 1285; baseline -0.001 -17"><span class='ocrx_word' id='word_1_186' title='bbox 2007 1213 2199 1269; x_wconf 72' lang='lat' dir='ltr'><strong>Exstat</strong></span> <span class='ocrx_word' id='word_1_187' title='bbox 2223 1215 2278 1270; x_wconf 80' lang='lat' dir='ltr'><strong>id</strong></span> <span class='ocrx_word' id='word_1_188' title='bbox 2305 1232 2434 1285; x_wconf 88' lang='lat' dir='ltr'><strong>opus</strong></span> <span class='ocrx_word' id='word_1_189' title='bbox 2465 1232 2563 1269; x_wconf 91' lang='lat' dir='ltr'><strong>ms.</strong></span> <span class='ocrx_word' id='word_1_190' title='bbox 2603 1216 2661 1269; x_wconf 87' lang='lat' dir='ltr'><strong>in</strong></span> <span class='ocrx_word' id='word_1_191' title='bbox 2685 1215 2995 1270; x_wconf 80' lang='lat' dir='ltr'><strong>bibliotheca</strong></span> <span class='ocrx_word' id='word_1_192' title='bbox 3031 1215 3276 1278; x_wconf 88' lang='lat' dir='ltr'><strong>Thuana,</strong></span> <span class='ocrx_word' id='word_1_193' title='bbox 3315 1215 3572 1284; x_wconf 71' lang='lat' dir='ltr'><strong>composi-</strong></span> 
     </span>
    </p>
   </div>
   <div class='ocr_carea' id='block_1_27' title="bbox 2005 1305 3570 1375">
    <p class='ocr_par' dir='ltr' id='par_1_27' title="bbox 2005 1305 3570 1375">
     <span class='ocr_line' id='line_1_27' title="bbox 2005 1305 3570 1375; baseline -0.003 -15"><span class='ocrx_word' id='word_1_194' title='bbox 2005 1317 2213 1375; x_wconf 80' lang='lat' dir='ltr'><strong>tumque</strong></span> <span class='ocrx_word' id='word_1_195' title='bbox 2239 1317 2314 1361; x_wconf 88' lang='lat' dir='ltr'><strong>est</strong></span> <span class='ocrx_word' id='word_1_196' title='bbox 2342 1322 2406 1361; x_wconf 81' lang='lat' dir='ltr'><strong>ea:</strong></span> <span class='ocrx_word' id='word_1_197' title='bbox 2430 1307 2720 1361; x_wconf 71' lang='lat' dir='ltr'><strong>orthodoxa</strong></span> <span class='ocrx_word' id='word_1_198' title='bbox 2749 1307 2852 1374; x_wconf 78' lang='lat' dir='ltr'><strong>ﬁde</strong></span> <span class='ocrx_word' id='word_1_199' title='bbox 2881 1306 2940 1362; x_wconf 91' lang='lat' dir='ltr'><strong>S.</strong></span> <span class='ocrx_word' id='word_1_200' title='bbox 2976 1307 3205 1361; x_wconf 80' lang='lat' dir='ltr'><strong>Joannis</strong></span> <span class='ocrx_word' id='word_1_201' title='bbox 3233 1305 3570 1365; x_wconf 80' lang='lat' dir='ltr'><strong>Damusceni,</strong></span> 
     </span>
    </p>
   </div>
   <div class='ocr_carea' id='block_1_28' title="bbox 2003 1398 3569 1469">
    <p class='ocr_par' dir='ltr' id='par_1_28' title="bbox 2003 1398 3569 1469">
     <span class='ocr_line' id='line_1_28' title="bbox 2003 1398 3569 1469; baseline -0.001 -17"><span class='ocrx_word' id='word_1_202' title='bbox 2003 1398 2224 1469; x_wconf 85' lang='lat' dir='ltr'><strong>adjectis</strong></span> <span class='ocrx_word' id='word_1_203' title='bbox 2263 1398 2532 1453; x_wconf 77' lang='lat' dir='ltr'><strong>nonnullis</strong></span> <span class='ocrx_word' id='word_1_204' title='bbox 2586 1399 2818 1453; x_wconf 85' lang='lat' dir='ltr'><strong>aliorum</strong></span> <span class='ocrx_word' id='word_1_205' title='bbox 2871 1399 3117 1453; x_wconf 84' lang='lat' dir='ltr'><strong>Patrum.</strong></span> <span class='ocrx_word' id='word_1_206' title='bbox 3181 1399 3288 1453; x_wconf 86' lang='lat' dir='ltr'><strong>Sed</strong></span> <span class='ocrx_word' id='word_1_207' title='bbox 3343 1406 3396 1453; x_wconf 78' lang='lat' dir='ltr'><strong>et</strong></span> <span class='ocrx_word' id='word_1_208' title='bbox 3443 1398 3569 1457; x_wconf 81' lang='lat' dir='ltr'><strong>Gul.</strong></span> 
     </span>
    </p>
   </div>
   <div class='ocr_carea' id='block_1_29' title="bbox 2003 1487 3570 1560">
    <p class='ocr_par' dir='ltr' id='par_1_29' title="bbox 2003 1487 3570 1560">
     <span class='ocr_line' id='line_1_29' title="bbox 2003 1487 3570 1560; baseline -0.001 -19"><span class='ocrx_word' id='word_1_209' title='bbox 2003 1487 2213 1541; x_wconf 80' lang='lat' dir='ltr'><strong>Caveus</strong></span> <span class='ocrx_word' id='word_1_210' title='bbox 2239 1487 2292 1542; x_wconf 91' lang='lat' dir='ltr'><strong>in</strong></span> <span class='ocrx_word' id='word_1_211' title='bbox 2327 1487 2537 1544; x_wconf 87' lang='lat' dir='ltr'><strong>Joanne</strong></span> <span class='ocrx_word' id='word_1_212' title='bbox 2560 1487 2774 1544; x_wconf 84' lang='lat' dir='ltr'><strong>Zonara</strong></span> <span class='ocrx_word' id='word_1_213' title='bbox 2807 1504 2904 1546; x_wconf 78' lang='lat' dir='ltr'><strong>eas</strong></span> <span class='ocrx_word' id='word_1_214' title='bbox 2928 1489 3110 1559; x_wconf 68' lang='lat' dir='ltr'><strong>Glycre</strong></span> <span class='ocrx_word' id='word_1_215' title='bbox 3139 1488 3323 1560; x_wconf 80' lang='lat' dir='ltr'><strong>potius</strong></span> <span class='ocrx_word' id='word_1_216' title='bbox 3357 1490 3570 1557; x_wconf 79' lang='lat' dir='ltr'><strong>adjudi-</strong></span> 
     </span>
    </p>
   </div>
   <div class='ocr_carea' id='block_1_30' title="bbox 2001 1579 3570 1651">
    <p class='ocr_par' dir='ltr' id='par_1_30' title="bbox 2001 1579 3570 1651">
     <span class='ocr_line' id='line_1_30' title="bbox 2001 1579 3570 1651; baseline -0.001 -17"><span class='ocrx_word' id='word_1_217' title='bbox 2001 1579 2204 1634; x_wconf 86' lang='lat' dir='ltr'><strong>caudas</strong></span> <span class='ocrx_word' id='word_1_218' title='bbox 2225 1579 2519 1637; x_wconf 76' lang='lat' dir='ltr'><strong>existimat.</strong></span> <span class='ocrx_word' id='word_1_219' title='bbox 2538 1579 2614 1634; x_wconf 82' lang='lat' dir='ltr'><strong>Ex</strong></span> <span class='ocrx_word' id='word_1_220' title='bbox 2641 1580 2744 1644; x_wconf 87' lang='lat' dir='ltr'><strong>his,</strong></span> <span class='ocrx_word' id='word_1_221' title='bbox 2763 1597 2884 1651; x_wconf 83' lang='lat' dir='ltr'><strong>qua:</strong></span> <span class='ocrx_word' id='word_1_222' title='bbox 2906 1582 3170 1637; x_wconf 78' lang='lat' dir='ltr'><strong>hactenus</strong></span> <span class='ocrx_word' id='word_1_223' title='bbox 3191 1581 3570 1638; x_wconf 85' lang='lat' dir='ltr'><strong>disseruimus.</strong></span> 
     </span>
    </p>
   </div>
   <div class='ocr_carea' id='block_1_31' title="bbox 2005 1669 3574 1742">
    <p class='ocr_par' dir='ltr' id='par_1_31' title="bbox 2005 1669 3574 1742">
     <span class='ocr_line' id='line_1_31' title="bbox 2005 1669 3574 1742; baseline 0.001 -18"><span class='ocrx_word' id='word_1_224' title='bbox 2005 1669 2277 1736; x_wconf 79' lang='lat' dir='ltr'><strong>constitit,</strong></span> <span class='ocrx_word' id='word_1_225' title='bbox 2311 1671 2566 1738; x_wconf 81' lang='lat' dir='ltr'><strong>arbitror,</strong></span> <span class='ocrx_word' id='word_1_226' title='bbox 2597 1688 2704 1727; x_wconf 89' lang='lat' dir='ltr'><strong>non</strong></span> <span class='ocrx_word' id='word_1_227' title='bbox 2732 1682 2940 1728; x_wconf 87' lang='lat' dir='ltr'><strong>tantum</strong></span> <span class='ocrx_word' id='word_1_228' title='bbox 2966 1677 3060 1728; x_wconf 89' lang='lat' dir='ltr'><strong>has</strong></span> <span class='ocrx_word' id='word_1_229' title='bbox 3090 1674 3361 1742; x_wconf 78' lang='lat' dir='ltr'><strong>Epistolas</strong></span> <span class='ocrx_word' id='word_1_230' title='bbox 3384 1675 3574 1742; x_wconf 83' lang='lat' dir='ltr'><strong>genui-</strong></span> 
     </span>
    </p>
   </div>
   <div class='ocr_carea' id='block_1_32' title="bbox 336 1754 3570 1836">
    <p class='ocr_par' dir='ltr' id='par_1_32' title="bbox 336 1754 3570 1836">
     <span class='ocr_line' id='line_1_32' title="bbox 336 1754 3570 1836; baseline 0.003 -27"><span class='ocrx_word' id='word_1_231' title='bbox 336 1756 456 1810; x_wconf 87' lang='lat' dir='ltr'><strong>dico</strong></span> <span class='ocrx_word' id='word_1_232' title='bbox 487 1771 589 1811; x_wconf 89' lang='lat' dir='ltr'><strong>ms.</strong></span> <span class='ocrx_word' id='word_1_233' title='bbox 639 1755 806 1830; x_wconf 76' lang='lat' dir='ltr'><strong>[legio</strong></span> <span class='ocrx_word' id='word_1_234' title='bbox 833 1754 993 1813; x_wconf 74' lang='lat' dir='ltr'><strong>28l5.</strong></span> <span class='ocrx_word' id='word_1_235' title='bbox 1047 1754 1333 1828; x_wconf 82' lang='lat' dir='ltr'><strong>Philippus</strong></span> <span class='ocrx_word' id='word_1_236' title='bbox 1380 1774 1594 1830; x_wconf 89' lang='lat' dir='ltr'><strong>quoque</strong></span> <span class='ocrx_word' id='word_1_237' title='bbox 1631 1758 1902 1826; x_wconf 82' lang='lat' dir='ltr'><strong>Labbeus,</strong></span> <span class='ocrx_word' id='word_1_238' title='bbox 1934 1776 1976 1832; x_wconf 74' lang='grc' dir='ltr'><strong>Β</strong></span> <span class='ocrx_word' id='word_1_239' title='bbox 2005 1778 2138 1817; x_wconf 92' lang='lat' dir='ltr'><strong>num</strong></span> <span class='ocrx_word' id='word_1_240' title='bbox 2170 1778 2293 1818; x_wconf 88' lang='lat' dir='ltr'><strong>esse</strong></span> <span class='ocrx_word' id='word_1_241' title='bbox 2326 1763 2605 1820; x_wconf 78' lang='lat' dir='ltr'><strong>Michaelis</strong></span> <span class='ocrx_word' id='word_1_242' title='bbox 2633 1765 2812 1836; x_wconf 67' lang='lat' dir='ltr'><strong>Glycm</strong></span> <span class='ocrx_word' id='word_1_243' title='bbox 2862 1766 3030 1820; x_wconf 82' lang='lat' dir='ltr'><strong>fetum</strong></span> <span class='ocrx_word' id='word_1_244' title='bbox 3056 1800 3070 1828; x_wconf 63' lang='grc' dir='ltr'><strong><em>ς</em></strong></span> <span class='ocrx_word' id='word_1_245' title='bbox 3133 1781 3324 1820; x_wconf 79' lang='lat' dir='ltr'><strong>verum</strong></span> <span class='ocrx_word' id='word_1_246' title='bbox 3382 1767 3570 1826; x_wconf 85' lang='lat' dir='ltr'><strong>etiam.</strong></span> 
     </span>
    </p>
   </div>
   <div class='ocr_carea' id='block_1_33' title="bbox 339 1847 1899 1925">
    <p class='ocr_par' dir='ltr' id='par_1_33' title="bbox 339 1847 1899 1925">
     <span class='ocr_line' id='line_1_33' title="bbox 339 1847 1899 1925; baseline 0.006 -23"><span class='ocrx_word' id='word_1_247' title='bbox 339 1849 531 1904; x_wconf 88' lang='lat' dir='ltr'><strong>tom.I</strong></span> <span class='ocrx_word' id='word_1_248' title='bbox 591 1849 665 1904; x_wconf 90' lang='lat' dir='ltr'><strong>De</strong></span> <span class='ocrx_word' id='word_1_249' title='bbox 717 1851 973 1920; x_wconf 84' lang='lat' dir='ltr'><strong>Scriptor.</strong></span> <span class='ocrx_word' id='word_1_250' title='bbox 1005 1848 1232 1917; x_wconf 79' lang='lat' dir='ltr'><strong>Eccles.,</strong></span> <span class='ocrx_word' id='word_1_251' title='bbox 1274 1855 1326 1908; x_wconf 92' lang='lat' dir='ltr'><strong>in</strong></span> <span class='ocrx_word' id='word_1_252' title='bbox 1373 1847 1572 1925; x_wconf 78' lang='lat' dir='ltr'><strong>Georg.</strong></span> <span class='ocrx_word' id='word_1_253' title='bbox 1629 1854 1899 1917; x_wconf 88' lang='lat' dir='ltr'><strong>Ccdreuo.</strong></span> 
     </span>
    </p>
   </div>
   <div class='ocr_carea' id='block_1_34' title="bbox 337 1939 1904 2018">
    <p class='ocr_par' dir='ltr' id='par_1_34' title="bbox 337 1939 1904 2018">
     <span class='ocr_line' id='line_1_34' title="bbox 337 1939 1904 2018; baseline 0.004 -22"><span class='ocrx_word' id='word_1_254' title='bbox 337 1947 502 2000; x_wconf 86' lang='lat' dir='ltr'><strong>hasce</strong></span> <span class='ocrx_word' id='word_1_255' title='bbox 532 1939 796 2012; x_wconf 80' lang='lat' dir='ltr'><strong>Epistolas</strong></span> <span class='ocrx_word' id='word_1_256' title='bbox 821 1945 1047 2000; x_wconf 79' lang='lat' dir='ltr'><strong>Zonara:</strong></span> <span class='ocrx_word' id='word_1_257' title='bbox 1073 1946 1256 2016; x_wconf 87' lang='lat' dir='ltr'><strong>potius</strong></span> <span class='ocrx_word' id='word_1_258' title='bbox 1283 1961 1405 2002; x_wconf 91' lang='lat' dir='ltr'><strong>esse</strong></span> <span class='ocrx_word' id='word_1_259' title='bbox 1433 1946 1734 2010; x_wconf 82' lang='lat' dir='ltr'><strong>existimat,</strong></span> <span class='ocrx_word' id='word_1_260' title='bbox 1764 1963 1904 2018; x_wconf 85' lang='lat' dir='ltr'><strong>quas</strong></span> 
     </span>
    </p>
   </div>
   <div class='ocr_carea' id='block_1_35' title="bbox 337 2023 1904 2110">
    <p class='ocr_par' dir='ltr' id='par_1_35' title="bbox 337 2023 1904 2110">
     <span class='ocr_line' id='line_1_35' title="bbox 337 2023 1904 2110; baseline 0.004 -21"><span class='ocrx_word' id='word_1_261' title='bbox 337 2047 550 2095; x_wconf 72' lang='lat' dir='ltr'><strong>cxstarc</strong></span> <span class='ocrx_word' id='word_1_262' title='bbox 579 2045 786 2090; x_wconf 91' lang='lat' dir='ltr'><strong>tantum</strong></span> <span class='ocrx_word' id='word_1_263' title='bbox 821 2023 1152 2094; x_wconf 33' lang='lat' dir='ltr'><strong>numero&#39;éli</strong></span> <span class='ocrx_word' id='word_1_264' title='bbox 1186 2035 1419 2094; x_wconf 82' lang='lat' dir='ltr'><strong>aﬂirmat</strong></span> <span class='ocrx_word' id='word_1_265' title='bbox 1442 2081 1457 2103; x_wconf 92' lang='lat'><strong>,</strong></span> <span class='ocrx_word' id='word_1_266' title='bbox 1484 2048 1547 2094; x_wconf 85' lang='lat' dir='ltr'><strong>et</strong></span> <span class='ocrx_word' id='word_1_267' title='bbox 1589 2043 1904 2110; x_wconf 51' lang='lat' dir='ltr'><strong>suspicatur</strong></span> 
     </span>
    </p>
   </div>
   <div class='ocr_carea' id='block_1_36' title="bbox 336 2125 1900 2206">
    <p class='ocr_par' dir='ltr' id='par_1_36' title="bbox 336 2125 1900 2206">
     <span class='ocr_line' id='line_1_36' title="bbox 336 2125 1900 2206; baseline 0.007 -28"><span class='ocrx_word' id='word_1_268' title='bbox 336 2129 416 2181; x_wconf 81' lang='lat' dir='ltr'><strong>cis</strong></span> <span class='ocrx_word' id='word_1_269' title='bbox 452 2127 662 2183; x_wconf 74' lang='lat' dir='ltr'><strong>additas</strong></span> <span class='ocrx_word' id='word_1_270' title='bbox 695 2127 904 2198; x_wconf 88' lang='lat' dir='ltr'><strong>aliquot</strong></span> <span class='ocrx_word' id='word_1_271' title='bbox 937 2129 1109 2186; x_wconf 75' lang='lat' dir='ltr'><strong>fuisse</strong></span> <span class='ocrx_word' id='word_1_272' title='bbox 1139 2125 1370 2203; x_wconf 82' lang='lat' dir='ltr'><strong>alicujus</strong></span> <span class='ocrx_word' id='word_1_273' title='bbox 1420 2132 1706 2202; x_wconf 88' lang='lat' dir='ltr'><strong>scriptoris</strong></span> <span class='ocrx_word' id='word_1_274' title='bbox 1733 2133 1900 2206; x_wconf 80' lang='lat' dir='ltr'><strong>Glyca</strong></span> 
     </span>
    </p>
   </div>
   <div class='ocr_carea' id='block_1_37' title="bbox 341 2217 1902 2292">
    <p class='ocr_par' dir='ltr' id='par_1_37' title="bbox 341 2217 1902 2292">
     <span class='ocr_line' id='line_1_37' title="bbox 341 2217 1902 2292; baseline 0.004 -22"><span class='ocrx_word' id='word_1_275' title='bbox 341 2219 663 2272; x_wconf 81' lang='lat' dir='ltr'><strong>recentioris</strong></span> <span class='ocrx_word' id='word_1_276' title='bbox 697 2219 977 2289; x_wconf 88' lang='lat' dir='ltr'><strong>epistolas.</strong></span> <span class='ocrx_word' id='word_1_277' title='bbox 1039 2222 1142 2286; x_wconf 83' lang='lat' dir='ltr'><strong>Qui</strong></span> <span class='ocrx_word' id='word_1_278' title='bbox 1169 2223 1308 2276; x_wconf 84' lang='lat' dir='ltr'><strong>enim</strong></span> <span class='ocrx_word' id='word_1_279' title='bbox 1340 2217 1458 2290; x_wconf 80' lang='lat' dir='ltr'><strong>ﬁeri</strong></span> <span class='ocrx_word' id='word_1_280' title='bbox 1485 2223 1674 2291; x_wconf 83' lang='lat' dir='ltr'><strong>potuit,</strong></span> <span class='ocrx_word' id='word_1_281' title='bbox 1703 2223 1902 2292; x_wconf 86' lang='lat' dir='ltr'><strong>inquit,</strong></span> 
     </span>
    </p>
   </div>
   <div class='ocr_carea' id='block_1_38' title="bbox 338 2308 1904 2383">
    <p class='ocr_par' dir='ltr' id='par_1_38' title="bbox 338 2308 1904 2383">
     <span class='ocr_line' id='line_1_38' title="bbox 338 2308 1904 2383; baseline 0.003 -22"><span class='ocrx_word' id='word_1_282' title='bbox 338 2318 394 2362; x_wconf 86' lang='lat' dir='ltr'><strong>ut</strong></span> <span class='ocrx_word' id='word_1_283' title='bbox 427 2309 488 2362; x_wconf 87' lang='lat' dir='ltr'><strong>de</strong></span> <span class='ocrx_word' id='word_1_284' title='bbox 517 2308 747 2363; x_wconf 84' lang='lat' dir='ltr'><strong>(.‘edreno</strong></span> <span class='ocrx_word' id='word_1_285' title='bbox 771 2327 833 2364; x_wconf 91' lang='lat' dir='ltr'><strong>nc</strong></span> <span class='ocrx_word' id='word_1_286' title='bbox 869 2310 1077 2366; x_wconf 80' lang='lat' dir='ltr'><strong>verbum</strong></span> <span class='ocrx_word' id='word_1_287' title='bbox 1117 2313 1326 2383; x_wconf 84' lang='lat' dir='ltr'><strong>quidem</strong></span> <span class='ocrx_word' id='word_1_288' title='bbox 1357 2314 1542 2382; x_wconf 84' lang='lat' dir='ltr'><strong>fecerit</strong></span> <span class='ocrx_word' id='word_1_289' title='bbox 1568 2313 1622 2368; x_wconf 87' lang='lat' dir='ltr'><strong>in</strong></span> <span class='ocrx_word' id='word_1_290' title='bbox 1673 2313 1904 2367; x_wconf 77' lang='lat' dir='ltr'><strong>Annali-</strong></span> 
     </span>
    </p>
   </div>
   <div class='ocr_carea' id='block_1_39' title="bbox 339 2397 1906 2477">
    <p class='ocr_par' dir='ltr' id='par_1_39' title="bbox 339 2397 1906 2477">
     <span class='ocr_line' id='line_1_39' title="bbox 339 2397 1906 2477; baseline 0.006 -26"><span class='ocrx_word' id='word_1_291' title='bbox 339 2401 433 2454; x_wconf 85' lang='lat' dir='ltr'><strong>bus</strong></span> <span class='ocrx_word' id='word_1_292' title='bbox 463 2403 570 2454; x_wconf 84' lang='lat' dir='ltr'><strong>suis</strong></span> <span class='ocrx_word' id='word_1_293' title='bbox 599 2401 808 2473; x_wconf 82' lang='lat' dir='ltr'><strong>Glycas,</strong></span> <span class='ocrx_word' id='word_1_294' title='bbox 838 2405 926 2474; x_wconf 85' lang='lat' dir='ltr'><strong>qui</strong></span> <span class='ocrx_word' id='word_1_295' title='bbox 943 2397 1203 2459; x_wconf 81' lang='lat' dir='ltr'><strong>Joannem</strong></span> <span class='ocrx_word' id='word_1_296' title='bbox 1232 2405 1524 2477; x_wconf 79' lang='lat' dir='ltr'><strong>Scylitzen,</strong></span> <span class='ocrx_word' id='word_1_297' title='bbox 1547 2405 1906 2472; x_wconf 80' lang='lat' dir='ltr'><strong>Joanncmque</strong></span> 
     </span>
    </p>
   </div>
   <div class='ocr_carea' id='block_1_40' title="bbox 340 2494 1906 2570">
    <p class='ocr_par' dir='ltr' id='par_1_40' title="bbox 340 2494 1906 2570">
     <span class='ocr_line' id='line_1_40' title="bbox 340 2494 1906 2570; baseline 0.005 -23"><span class='ocrx_word' id='word_1_298' title='bbox 340 2494 604 2551; x_wconf 86' lang='lat' dir='ltr'><strong>Zonaram</strong></span> <span class='ocrx_word' id='word_1_299' title='bbox 655 2508 762 2552; x_wconf 89' lang='lat' dir='ltr'><strong>tam</strong></span> <span class='ocrx_word' id='word_1_300' title='bbox 796 2515 937 2568; x_wconf 68' lang='lat' dir='ltr'><strong>sa&#39;pe</strong></span> <span class='ocrx_word' id='word_1_301' title='bbox 959 2495 1235 2570; x_wconf 80' lang='lat' dir='ltr'><strong>appellat?</strong></span> <span class='ocrx_word' id='word_1_302' title='bbox 1300 2499 1432 2566; x_wconf 63' lang='lat' dir='ltr'><strong>Quae</strong></span> <span class='ocrx_word' id='word_1_303' title='bbox 1493 2501 1712 2570; x_wconf 87' lang='lat' dir='ltr'><strong>quidem</strong></span> <span class='ocrx_word' id='word_1_304' title='bbox 1768 2501 1906 2555; x_wconf 87' lang='lat' dir='ltr'><strong>ratio</strong></span> 
     </span>
    </p>
   </div>
   <div class='ocr_carea' id='block_1_41' title="bbox 343 2584 1906 2660">
    <p class='ocr_par' dir='ltr' id='par_1_41' title="bbox 343 2584 1906 2660">
     <span class='ocr_line' id='line_1_41' title="bbox 343 2584 1906 2660; baseline 0.005 -18"><span class='ocrx_word' id='word_1_305' title='bbox 343 2589 472 2643; x_wconf 86' lang='lat' dir='ltr'><strong>mihi</strong></span> <span class='ocrx_word' id='word_1_306' title='bbox 510 2590 819 2660; x_wconf 79' lang='lat' dir='ltr'><strong>languidula</strong></span> <span class='ocrx_word' id='word_1_307' title='bbox 873 2591 1085 2648; x_wconf 87' lang='lat' dir='ltr'><strong>videtur</strong></span> <span class='ocrx_word' id='word_1_308' title='bbox 1133 2608 1198 2647; x_wconf 88' lang='lat' dir='ltr'><strong>ac</strong></span> <span class='ocrx_word' id='word_1_309' title='bbox 1229 2591 1420 2648; x_wconf 83' lang='lat' dir='ltr'><strong>futilis.</strong></span> <span class='ocrx_word' id='word_1_310' title='bbox 1471 2584 1720 2650; x_wconf 81' lang='lat' dir='ltr'><strong>Labbeus</strong></span> <span class='ocrx_word' id='word_1_311' title='bbox 1775 2608 1906 2650; x_wconf 82' lang='lat' dir='ltr'><strong>usus</strong></span> 
     </span>
    </p>
   </div>
   <div class='ocr_carea' id='block_1_42' title="bbox 341 2683 1906 2756">
    <p class='ocr_par' dir='ltr' id='par_1_42' title="bbox 341 2683 1906 2756">
     <span class='ocr_line' id='line_1_42' title="bbox 341 2683 1906 2756; baseline 0.004 -20"><span class='ocrx_word' id='word_1_312' title='bbox 341 2683 556 2737; x_wconf 85' lang='lat' dir='ltr'><strong>videtur</strong></span> <span class='ocrx_word' id='word_1_313' title='bbox 576 2685 762 2740; x_wconf 90' lang='lat' dir='ltr'><strong>codice</strong></span> <span class='ocrx_word' id='word_1_314' title='bbox 789 2700 892 2738; x_wconf 91' lang='lat' dir='ltr'><strong>ms.</strong></span> <span class='ocrx_word' id='word_1_315' title='bbox 919 2683 1327 2740; x_wconf 87' lang='lat' dir='ltr'><strong>Claromontani</strong></span> <span class='ocrx_word' id='word_1_316' title='bbox 1351 2683 1561 2756; x_wconf 78' lang='lat' dir='ltr'><strong>collegii</strong></span> <span class='ocrx_word' id='word_1_317' title='bbox 1584 2685 1906 2744; x_wconf 87' lang='lat' dir='ltr'><strong>Parisiensis</strong></span> 
     </span>
    </p>
   </div>
   <div class='ocr_carea' id='block_1_43' title="bbox 340 2776 1908 2848">
    <p class='ocr_par' dir='ltr' id='par_1_43' title="bbox 340 2776 1908 2848">
     <span class='ocr_line' id='line_1_43' title="bbox 340 2776 1908 2848; baseline 0.005 -20"><span class='ocrx_word' id='word_1_318' title='bbox 340 2776 617 2831; x_wconf 83' lang='lat' dir='ltr'><strong>societatis</strong></span> <span class='ocrx_word' id='word_1_319' title='bbox 652 2776 804 2842; x_wconf 81' lang='lat' dir='ltr'><strong>Jesu,</strong></span> <span class='ocrx_word' id='word_1_320' title='bbox 835 2778 924 2848; x_wconf 88' lang='lat' dir='ltr'><strong>qui</strong></span> <span class='ocrx_word' id='word_1_321' title='bbox 974 2779 1234 2848; x_wconf 86' lang='lat' dir='ltr'><strong>epistolas</strong></span> <span class='ocrx_word' id='word_1_322' title='bbox 1265 2779 1334 2834; x_wconf 70' lang='grc'>46</span> <span class='ocrx_word' id='word_1_323' title='bbox 1391 2779 1638 2836; x_wconf 89' lang='lat' dir='ltr'><strong>continet</strong></span> <span class='ocrx_word' id='word_1_324' title='bbox 1683 2779 1908 2836; x_wconf 79' lang='lat' dir='ltr'><strong>Zonara:</strong></span> 
     </span>
    </p>
   </div>
   <div class='ocr_carea' id='block_1_44' title="bbox 343 2868 1909 2942">
    <p class='ocr_par' dir='ltr' id='par_1_44' title="bbox 343 2868 1909 2942">
     <span class='ocr_line' id='line_1_44' title="bbox 343 2868 1909 2942; baseline 0.003 -20"><span class='ocrx_word' id='word_1_325' title='bbox 343 2869 594 2924; x_wconf 72' lang='lat' dir='ltr'><strong>tributus.</strong></span> <span class='ocrx_word' id='word_1_326' title='bbox 627 2868 767 2924; x_wconf 84' lang='lat' dir='ltr'><strong>Hinc</strong></span> <span class='ocrx_word' id='word_1_327' title='bbox 791 2868 993 2925; x_wconf 79' lang='lat' dir='ltr'><strong>factum</strong></span> <span class='ocrx_word' id='word_1_328' title='bbox 1025 2880 1129 2934; x_wconf 86' lang='lat' dir='ltr'><strong>est,</strong></span> <span class='ocrx_word' id='word_1_329' title='bbox 1165 2882 1224 2927; x_wconf 90' lang='lat' dir='ltr'><strong>ut</strong></span> <span class='ocrx_word' id='word_1_330' title='bbox 1249 2871 1558 2942; x_wconf 91' lang='lat' dir='ltr'><strong>promiscue</strong></span> <span class='ocrx_word' id='word_1_331' title='bbox 1584 2873 1746 2927; x_wconf 85' lang='lat' dir='ltr'><strong>hasce</strong></span> <span class='ocrx_word' id='word_1_332' title='bbox 1780 2871 1909 2942; x_wconf 48' lang='lat' dir='ltr'><strong>Epi,</strong></span> 
     </span>
    </p>
   </div>
   <div class='ocr_carea' id='block_1_45' title="bbox 341 2963 1908 3036">
    <p class='ocr_par' dir='ltr' id='par_1_45' title="bbox 341 2963 1908 3036">
     <span class='ocr_line' id='line_1_45' title="bbox 341 2963 1908 3036; baseline 0.002 -20"><span class='ocrx_word' id='word_1_333' title='bbox 341 2963 509 3017; x_wconf 87' lang='lat' dir='ltr'><strong>stolas</strong></span> <span class='ocrx_word' id='word_1_334' title='bbox 538 2963 640 3017; x_wconf 90' lang='lat' dir='ltr'><strong>sub</strong></span> <span class='ocrx_word' id='word_1_335' title='bbox 676 2963 900 3018; x_wconf 90' lang='lat' dir='ltr'><strong>nomine</strong></span> <span class='ocrx_word' id='word_1_336' title='bbox 926 2963 1172 3030; x_wconf 68' lang='lat' dir='ltr'><strong>Zonarre,</strong></span> <span class='ocrx_word' id='word_1_337' title='bbox 1210 2972 1305 3019; x_wconf 89' lang='lat' dir='ltr'><strong>aut</strong></span> <span class='ocrx_word' id='word_1_338' title='bbox 1344 2964 1543 3036; x_wconf 70' lang='lat' dir='ltr'><strong>Glycze,</strong></span> <span class='ocrx_word' id='word_1_339' title='bbox 1584 2965 1770 3022; x_wconf 87' lang='lat' dir='ltr'><strong>laudet</strong></span> <span class='ocrx_word' id='word_1_340' title='bbox 1813 2965 1908 3019; x_wconf 85' lang='lat' dir='ltr'><strong>Al-</strong></span> 
     </span>
    </p>
   </div>
   <div class='ocr_carea' id='block_1_46' title="bbox 343 3052 1901 3130">
    <p class='ocr_par' dir='ltr' id='par_1_46' title="bbox 343 3052 1901 3130">
     <span class='ocr_line' id='line_1_46' title="bbox 343 3052 1901 3130; baseline 0.004 -23"><span class='ocrx_word' id='word_1_341' title='bbox 343 3057 534 3123; x_wconf 82' lang='lat' dir='ltr'><strong>latius;</strong></span> <span class='ocrx_word' id='word_1_342' title='bbox 567 3072 879 3127; x_wconf 87' lang='lat' dir='ltr'><strong>quanquam</strong></span> <span class='ocrx_word' id='word_1_343' title='bbox 906 3067 1096 3113; x_wconf 87' lang='lat' dir='ltr'><strong>contra</strong></span> <span class='ocrx_word' id='word_1_344' title='bbox 1135 3052 1535 3130; x_wconf 81' lang='lat' dir='ltr'><strong>Creigthonum</strong></span> <span class='ocrx_word' id='word_1_345' title='bbox 1563 3059 1813 3116; x_wconf 84' lang='lat' dir='ltr'><strong>scribens</strong></span> <span class='ocrx_word' id='word_1_346' title='bbox 1845 3058 1901 3114; x_wconf 91' lang='lat' dir='ltr'><strong>in</strong></span> 
     </span>
    </p>
   </div>
   <div class='ocr_carea' id='block_1_47' title="bbox 343 3149 1911 3223">
    <p class='ocr_par' dir='ltr' id='par_1_47' title="bbox 343 3149 1911 3223">
     <span class='ocr_line' id='line_1_47' title="bbox 343 3149 1911 3223; baseline 0.005 -21"><span class='ocrx_word' id='word_1_347' title='bbox 343 3164 459 3202; x_wconf 87' lang='lat' dir='ltr'><strong>eam</strong></span> <span class='ocrx_word' id='word_1_348' title='bbox 483 3149 787 3206; x_wconf 87' lang='lat' dir='ltr'><strong>concedere</strong></span> <span class='ocrx_word' id='word_1_349' title='bbox 811 3151 1138 3208; x_wconf 87' lang='lat' dir='ltr'><strong>sententiam</strong></span> <span class='ocrx_word' id='word_1_350' title='bbox 1163 3151 1400 3218; x_wconf 82' lang='lat' dir='ltr'><strong>videtur,</strong></span> <span class='ocrx_word' id='word_1_351' title='bbox 1429 3162 1486 3206; x_wconf 87' lang='lat' dir='ltr'><strong>ut</strong></span> <span class='ocrx_word' id='word_1_352' title='bbox 1505 3151 1686 3223; x_wconf 70' lang='lat' dir='ltr'><strong>Glycaa</strong></span> <span class='ocrx_word' id='word_1_353' title='bbox 1727 3153 1911 3223; x_wconf 86' lang='lat' dir='ltr'><strong>potius</strong></span> 
     </span>
    </p>
   </div>
   <div class='ocr_carea' id='block_1_48' title="bbox 344 3241 1908 3309">
    <p class='ocr_par' dir='ltr' id='par_1_48' title="bbox 344 3241 1908 3309">
     <span class='ocr_line' id='line_1_48' title="bbox 344 3241 1908 3309; baseline 0.002 -14"><span class='ocrx_word' id='word_1_354' title='bbox 344 3257 504 3309; x_wconf 88' lang='lat' dir='ltr'><strong>quam</strong></span> <span class='ocrx_word' id='word_1_355' title='bbox 536 3241 763 3298; x_wconf 76' lang='lat' dir='ltr'><strong>Zonarte</strong></span> <span class='ocrx_word' id='word_1_356' title='bbox 798 3243 916 3298; x_wconf 88' lang='lat' dir='ltr'><strong>illas</strong></span> <span class='ocrx_word' id='word_1_357' title='bbox 944 3245 1206 3298; x_wconf 87' lang='lat' dir='ltr'><strong>attribuat</strong></span> <span class='ocrx_word' id='word_1_358' title='bbox 1236 3262 1250 3300; x_wconf 92' lang='lat'><strong>:</strong></span> <span class='ocrx_word' id='word_1_359' title='bbox 1288 3244 1363 3299; x_wconf 89' lang='lat' dir='ltr'><strong>ibi</strong></span> <span class='ocrx_word' id='word_1_360' title='bbox 1395 3244 1543 3298; x_wconf 91' lang='lat' dir='ltr'><strong>enim</strong></span> <span class='ocrx_word' id='word_1_361' title='bbox 1568 3244 1641 3298; x_wconf 90' lang='lat' dir='ltr'><strong>ita</strong></span> <span class='ocrx_word' id='word_1_362' title='bbox 1671 3244 1864 3300; x_wconf 87' lang='lat' dir='ltr'><strong>scribit</strong></span> <span class='ocrx_word' id='word_1_363' title='bbox 1893 3262 1908 3298; x_wconf 89' lang='lat'><strong>:</strong></span> 
     </span>
    </p>
   </div>
   <div class='ocr_carea' id='block_1_49' title="bbox 347 3330 1912 3406">
    <p class='ocr_par' dir='ltr' id='par_1_49' title="bbox 347 3330 1912 3406">
     <span class='ocr_line' id='line_1_49' title="bbox 347 3330 1912 3406; baseline 0.001 -19"><span class='ocrx_word' id='word_1_364' title='bbox 347 3333 471 3388; x_wconf 76' lang='lat' dir='ltr'><strong>Ilwc</strong></span> <span class='ocrx_word' id='word_1_365' title='bbox 502 3346 549 3389; x_wconf 91' lang='lat' dir='ltr'><strong>et</strong></span> <span class='ocrx_word' id='word_1_366' title='bbox 581 3335 693 3390; x_wconf 90' lang='lat' dir='ltr'><strong>alia</strong></span> <span class='ocrx_word' id='word_1_367' title='bbox 726 3330 956 3391; x_wconf 79' lang='lat' dir='ltr'><strong>Michael</strong></span> <span class='ocrx_word' id='word_1_368' title='bbox 979 3336 1188 3406; x_wconf 84' lang='lat' dir='ltr'><strong>Glycas,</strong></span> <span class='ocrx_word' id='word_1_369' title='bbox 1212 3335 1435 3406; x_wconf 87' lang='lat' dir='ltr'><strong>epistola</strong></span> <span class='ocrx_word' id='word_1_370' title='bbox 1453 3334 1584 3389; x_wconf 84' lang='lat' dir='ltr'><strong>satis</strong></span> <span class='ocrx_word' id='word_1_371' title='bbox 1613 3335 1820 3404; x_wconf 73' lang='lat' dir='ltr'><strong>prolixa</strong></span> <span class='ocrx_word' id='word_1_372' title='bbox 1840 3335 1912 3388; x_wconf 88' lang='lat' dir='ltr'><strong>ad</strong></span> 
     </span>
    </p>
   </div>
   <div class='ocr_carea' id='block_1_50' title="bbox 345 3423 1914 3496">
    <p class='ocr_par' dir='ltr' id='par_1_50' title="bbox 345 3423 1914 3496">
     <span class='ocr_line' id='line_1_50' title="bbox 345 3423 1914 3496; baseline 0.001 -18"><span class='ocrx_word' id='word_1_373' title='bbox 345 3425 682 3482; x_wconf 74' lang='lat' dir='ltr'><strong>.loannicium</strong></span> <span class='ocrx_word' id='word_1_374' title='bbox 722 3423 1059 3493; x_wconf 84' lang='lat' dir='ltr'><strong>monachum,</strong></span> <span class='ocrx_word' id='word_1_375' title='bbox 1089 3437 1194 3481; x_wconf 90' lang='lat' dir='ltr'><strong>etc.</strong></span> <span class='ocrx_word' id='word_1_376' title='bbox 1228 3427 1296 3481; x_wconf 89' lang='lat' dir='ltr'><strong>Et</strong></span> <span class='ocrx_word' id='word_1_377' title='bbox 1344 3426 1486 3480; x_wconf 87' lang='lat' dir='ltr'><strong>idem</strong></span> <span class='ocrx_word' id='word_1_378' title='bbox 1538 3440 1756 3496; x_wconf 90' lang='lat' dir='ltr'><strong>quoque</strong></span> <span class='ocrx_word' id='word_1_379' title='bbox 1785 3425 1914 3481; x_wconf 83' lang='lat' dir='ltr'><strong>iacit</strong></span> 
     </span>
    </p>
   </div>
   <div class='ocr_carea' id='block_1_51' title="bbox 347 3514 1914 3584">
    <p class='ocr_par' dir='ltr' id='par_1_51' title="bbox 347 3514 1914 3584">
     <span class='ocr_line' id='line_1_51' title="bbox 347 3514 1914 3584; baseline 0.001 -18"><span class='ocrx_word' id='word_1_380' title='bbox 347 3515 547 3581; x_wconf 90' lang='lat' dir='ltr'><strong>passim</strong></span> <span class='ocrx_word' id='word_1_381' title='bbox 593 3515 646 3567; x_wconf 95' lang='lat' dir='ltr'><strong>in</strong></span> <span class='ocrx_word' id='word_1_382' title='bbox 679 3529 847 3584; x_wconf 88' lang='lat' dir='ltr'><strong>opere</strong></span> <span class='ocrx_word' id='word_1_383' title='bbox 885 3514 959 3568; x_wconf 90' lang='lat' dir='ltr'><strong>De</strong></span> <span class='ocrx_word' id='word_1_384' title='bbox 1019 3525 1266 3584; x_wconf 86' lang='lat' dir='ltr'><strong>perpetuo</strong></span> <span class='ocrx_word' id='word_1_385' title='bbox 1321 3530 1575 3571; x_wconf 82' lang='lat' dir='ltr'><strong>consensu</strong></span> <span class='ocrx_word' id='word_1_386' title='bbox 1643 3514 1914 3583; x_wconf 85' lang='lat' dir='ltr'><strong>utriusque</strong></span> 
     </span>
    </p>
   </div>
   <div class='ocr_carea' id='block_1_52' title="bbox 349 3600 1916 3672">
    <p class='ocr_par' dir='ltr' id='par_1_52' title="bbox 349 3600 1916 3672">
     <span class='ocr_line' id='line_1_52' title="bbox 349 3600 1916 3672; baseline 0.001 -16"><span class='ocrx_word' id='word_1_387' title='bbox 349 3600 618 3671; x_wconf 80' lang='lat' dir='ltr'><strong>Ecclesia&#39;,</strong></span> <span class='ocrx_word' id='word_1_388' title='bbox 646 3616 778 3670; x_wconf 90' lang='lat' dir='ltr'><strong>etc.,</strong></span> <span class='ocrx_word' id='word_1_389' title='bbox 809 3616 864 3660; x_wconf 86' lang='lat' dir='ltr'><strong>et</strong></span> <span class='ocrx_word' id='word_1_390' title='bbox 887 3607 941 3672; x_wconf 83' lang='lat' dir='ltr'><strong>in</strong></span> <span class='ocrx_word' id='word_1_391' title='bbox 975 3606 1448 3662; x_wconf 83' lang='lat' dir='ltr'><strong>dissertationibus</strong></span> <span class='ocrx_word' id='word_1_392' title='bbox 1478 3606 1554 3660; x_wconf 87' lang='lat' dir='ltr'><strong>De</strong></span> <span class='ocrx_word' id='word_1_393' title='bbox 1579 3606 1723 3663; x_wconf 88' lang='lat' dir='ltr'><strong>libris</strong></span> <span class='ocrx_word' id='word_1_394' title='bbox 1753 3606 1916 3660; x_wconf 86' lang='lat' dir='ltr'><strong>eccle-</strong></span> 
     </span>
    </p>
   </div>
   <div class='ocr_carea' id='block_1_53' title="bbox 347 3698 1912 3771">
    <p class='ocr_par' dir='ltr' id='par_1_53' title="bbox 347 3698 1912 3771">
     <span class='ocr_line' id='line_1_53' title="bbox 347 3698 1912 3771; baseline 0.001 -18"><span class='ocrx_word' id='word_1_395' title='bbox 347 3698 572 3756; x_wconf 82' lang='lat' dir='ltr'><strong>siasticis</strong></span> <span class='ocrx_word' id='word_1_396' title='bbox 609 3699 911 3757; x_wconf 68' lang='lat' dir='ltr'><strong>Graecorum</strong></span> <span class='ocrx_word' id='word_1_397' title='bbox 943 3715 1158 3771; x_wconf 84' lang='lat' dir='ltr'><strong>quoque</strong></span> <span class='ocrx_word' id='word_1_398' title='bbox 1213 3711 1271 3756; x_wconf 89' lang='lat' dir='ltr'><strong>ut</strong></span> <span class='ocrx_word' id='word_1_399' title='bbox 1299 3699 1593 3771; x_wconf 88' lang='lat' dir='ltr'><strong>plurimum</strong></span> <span class='ocrx_word' id='word_1_400' title='bbox 1620 3699 1797 3771; x_wconf 70' lang='lat' dir='ltr'><strong>Glyca:</strong></span> <span class='ocrx_word' id='word_1_401' title='bbox 1819 3715 1912 3754; x_wconf 88' lang='lat' dir='ltr'><strong>eas</strong></span> 
     </span>
    </p>
   </div>
   <div class='ocr_carea' id='block_1_54' title="bbox 348 3793 1915 3867">
    <p class='ocr_par' dir='ltr' id='par_1_54' title="bbox 348 3793 1915 3867">
     <span class='ocr_line' id='line_1_54' title="bbox 348 3793 1915 3867; baseline 0 -19"><span class='ocrx_word' id='word_1_402' title='bbox 348 3795 608 3851; x_wconf 84' lang='lat' dir='ltr'><strong>vindicat.</strong></span> <span class='ocrx_word' id='word_1_403' title='bbox 647 3797 710 3851; x_wconf 86' lang='lat' dir='ltr'><strong>Et</strong></span> <span class='ocrx_word' id='word_1_404' title='bbox 743 3807 891 3852; x_wconf 89' lang='lat' dir='ltr'><strong>recte</strong></span> <span class='ocrx_word' id='word_1_405' title='bbox 920 3796 1164 3867; x_wconf 91' lang='lat' dir='ltr'><strong>quidem,</strong></span> <span class='ocrx_word' id='word_1_406' title='bbox 1205 3804 1264 3849; x_wconf 91' lang='lat' dir='ltr'><strong>ut</strong></span> <span class='ocrx_word' id='word_1_407' title='bbox 1315 3795 1574 3857; x_wconf 91' lang='lat' dir='ltr'><strong>arbitror,</strong></span> <span class='ocrx_word' id='word_1_408' title='bbox 1615 3793 1688 3848; x_wconf 91' lang='lat' dir='ltr'><strong>ita</strong></span> <span class='ocrx_word' id='word_1_409' title='bbox 1747 3793 1915 3848; x_wconf 91' lang='lat' dir='ltr'><strong>sentit</strong></span> 
     </span>
    </p>
   </div>
   <div class='ocr_carea' id='block_1_55' title="bbox 349 3887 1914 3955">
    <p class='ocr_par' dir='ltr' id='par_1_55' title="bbox 349 3887 1914 3955">
     <span class='ocr_line' id='line_1_55' title="bbox 349 3887 1914 3955; baseline 0 -14"><span class='ocrx_word' id='word_1_410' title='bbox 349 3893 431 3943; x_wconf 79' lang='lat' dir='ltr'><strong>rir</strong></span> <span class='ocrx_word' id='word_1_411' title='bbox 465 3892 557 3945; x_wconf 88' lang='lat' dir='ltr'><strong>ille</strong></span> <span class='ocrx_word' id='word_1_412' title='bbox 593 3888 967 3945; x_wconf 86' lang='lat' dir='ltr'><strong>doctissimus.</strong></span> <span class='ocrx_word' id='word_1_413' title='bbox 1002 3889 1286 3955; x_wconf 88' lang='lat' dir='ltr'><strong>Quomodo</strong></span> <span class='ocrx_word' id='word_1_414' title='bbox 1333 3888 1478 3943; x_wconf 90' lang='lat' dir='ltr'><strong>cnim</strong></span> <span class='ocrx_word' id='word_1_415' title='bbox 1543 3887 1628 3943; x_wconf 83' lang='lat' dir='ltr'><strong>Jo.</strong></span> <span class='ocrx_word' id='word_1_416' title='bbox 1687 3888 1914 3942; x_wconf 75' lang='lat' dir='ltr'><strong>Zonaras</strong></span> 
     </span>
    </p>
   </div>
   <div class='ocr_carea' id='block_1_56' title="bbox 355 3979 1916 4052">
    <p class='ocr_par' dir='ltr' id='par_1_56' title="bbox 355 3979 1916 4052">
     <span class='ocr_line' id='line_1_56' title="bbox 355 3979 1916 4052; baseline -0.002 -17"><span class='ocrx_word' id='word_1_417' title='bbox 355 3982 534 4038; x_wconf 85' lang='lat' dir='ltr'><strong>adscri</strong></span> <span class='ocrx_word' id='word_1_418' title='bbox 568 3991 797 4052; x_wconf 84' lang='lat' dir='ltr'><strong>possunt</strong></span> <span class='ocrx_word' id='word_1_419' title='bbox 824 3982 928 4035; x_wconf 72' lang='lat' dir='ltr'><strong>ilhc</strong></span> <span class='ocrx_word' id='word_1_420' title='bbox 959 3980 1237 4049; x_wconf 70' lang='lat' dir='ltr'><strong>Epistolzc,</strong></span> <span class='ocrx_word' id='word_1_421' title='bbox 1269 3996 1406 4050; x_wconf 88' lang='lat' dir='ltr'><strong>quas</strong></span> <span class='ocrx_word' id='word_1_422' title='bbox 1429 3979 1772 4037; x_wconf 85' lang='lat' dir='ltr'><strong>Constantini</strong></span> <span class='ocrx_word' id='word_1_423' title='bbox 1816 3980 1916 4034; x_wconf 71' lang='lat' dir='ltr'><strong>Pu-</strong></span> 
     </span>
    </p>
   </div>
   <div class='ocr_carea' id='block_1_57' title="bbox 347 4071 1912 4144">
    <p class='ocr_par' dir='ltr' id='par_1_57' title="bbox 347 4071 1912 4144">
     <span class='ocr_line' id='line_1_57' title="bbox 347 4071 1912 4144; baseline -0.003 -15"><span class='ocrx_word' id='word_1_424' title='bbox 347 4073 554 4144; x_wconf 79' lang='lat' dir='ltr'><strong>lcologi</strong></span> <span class='ocrx_word' id='word_1_425' title='bbox 589 4083 747 4128; x_wconf 71' lang='lat' dir='ltr'><strong>aetate</strong></span> <span class='ocrx_word' id='word_1_426' title='bbox 793 4073 1026 4141; x_wconf 88' lang='lat' dir='ltr'><strong>scriptas</strong></span> <span class='ocrx_word' id='word_1_427' title='bbox 1080 4071 1248 4126; x_wconf 83' lang='lat' dir='ltr'><strong>fuisse</strong></span> <span class='ocrx_word' id='word_1_428' title='bbox 1303 4073 1598 4142; x_wconf 80' lang='lat' dir='ltr'><strong>explorata:</strong></span> <span class='ocrx_word' id='word_1_429' title='bbox 1647 4071 1770 4126; x_wconf 84' lang='lat' dir='ltr'><strong>lidci</strong></span> <span class='ocrx_word' id='word_1_430' title='bbox 1804 4080 1912 4134; x_wconf 89' lang='lat' dir='ltr'><strong>est,</strong></span> 
     </span>
    </p>
   </div>
   <div class='ocr_carea' id='block_1_58' title="bbox 348 4163 1915 4234">
    <p class='ocr_par' dir='ltr' id='par_1_58' title="bbox 348 4163 1915 4234">
     <span class='ocr_line' id='line_1_58' title="bbox 348 4163 1915 4234; baseline 0 -16"><span class='ocrx_word' id='word_1_431' title='bbox 348 4177 406 4220; x_wconf 91' lang='lat' dir='ltr'><strong>ut</strong></span> <span class='ocrx_word' id='word_1_432' title='bbox 438 4167 692 4234; x_wconf 84' lang='lat' dir='ltr'><strong>superius</strong></span> <span class='ocrx_word' id='word_1_433' title='bbox 735 4163 1112 4220; x_wconf 86' lang='lat' dir='ltr'><strong>ostendimus?</strong></span> <span class='ocrx_word' id='word_1_434' title='bbox 1176 4163 1416 4219; x_wconf 88' lang='lat' dir='ltr'><strong>Zonaras</strong></span> <span class='ocrx_word' id='word_1_435' title='bbox 1449 4163 1595 4218; x_wconf 89' lang='lat' dir='ltr'><strong>enim</strong></span> <span class='ocrx_word' id='word_1_436' title='bbox 1652 4179 1760 4222; x_wconf 87' lang='lat' dir='ltr'><strong>non</strong></span> <span class='ocrx_word' id='word_1_437' title='bbox 1811 4163 1915 4218; x_wconf 90' lang='lat' dir='ltr'><strong>sub</strong></span> 
     </span>
    </p>
   </div>
   <div class='ocr_carea' id='block_1_59' title="bbox 349 4254 1916 4330">
    <p class='ocr_par' dir='ltr' id='par_1_59' title="bbox 349 4254 1916 4330">
     <span class='ocr_line' id='line_1_59' title="bbox 349 4254 1916 4330; baseline -0.004 -15"><span class='ocrx_word' id='word_1_438' title='bbox 349 4260 451 4316; x_wconf 84' lang='lat' dir='ltr'><strong>hoc</strong></span> <span class='ocrx_word' id='word_1_439' title='bbox 511 4261 776 4330; x_wconf 90' lang='lat' dir='ltr'><strong>principe,</strong></span> <span class='ocrx_word' id='word_1_440' title='bbox 813 4273 991 4328; x_wconf 90' lang='lat' dir='ltr'><strong>neque</strong></span> <span class='ocrx_word' id='word_1_441' title='bbox 1038 4259 1242 4313; x_wconf 65' lang='lat' dir='ltr'><strong>sacculo</strong></span> <span class='ocrx_word' id='word_1_442' title='bbox 1269 4273 1360 4322; x_wconf 73' lang='lat' dir='ltr'><strong>xv,</strong></span> <span class='ocrx_word' id='word_1_443' title='bbox 1414 4257 1508 4313; x_wconf 88' lang='lat' dir='ltr'><strong>sed</strong></span> <span class='ocrx_word' id='word_1_444' title='bbox 1567 4256 1670 4310; x_wconf 89' lang='lat' dir='ltr'><strong>sub</strong></span> <span class='ocrx_word' id='word_1_445' title='bbox 1724 4254 1916 4317; x_wconf 77' lang='lat' dir='ltr'><strong>Alexio</strong></span> 
     </span>
    </p>
   </div>
   <div class='ocr_carea' id='block_1_60' title="bbox 347 4347 1915 4417">
    <p class='ocr_par' dir='ltr' id='par_1_60' title="bbox 347 4347 1915 4417">
     <span class='ocr_line' id='line_1_60' title="bbox 347 4347 1915 4417; baseline -0.004 -7"><span class='ocrx_word' id='word_1_446' title='bbox 347 4357 642 4416; x_wconf 79' lang='lat' dir='ltr'><strong>Coumcno,</strong></span> <span class='ocrx_word' id='word_1_447' title='bbox 661 4369 734 4407; x_wconf 89' lang='lat' dir='ltr'><strong>xlt</strong></span> <span class='ocrx_word' id='word_1_448' title='bbox 752 4351 1001 4407; x_wconf 82' lang='lat' dir='ltr'><strong>videlicet</strong></span> <span class='ocrx_word' id='word_1_449' title='bbox 1016 4349 1234 4417; x_wconf 64' lang='lat' dir='ltr'><strong>sacculo,</strong></span> <span class='ocrx_word' id='word_1_450' title='bbox 1257 4350 1327 4404; x_wconf 84' lang='lat' dir='ltr'><strong>ab</strong></span> <span class='ocrx_word' id='word_1_451' title='bbox 1348 4364 1494 4403; x_wconf 84' lang='lat' dir='ltr'><strong>anno</strong></span> <span class='ocrx_word' id='word_1_452' title='bbox 1517 4348 1651 4404; x_wconf 86' lang='grc'><strong>1110</strong></span> <span class='ocrx_word' id='word_1_453' title='bbox 1693 4347 1758 4403; x_wconf 84' lang='lat' dir='ltr'><strong>ad</strong></span> <span class='ocrx_word' id='word_1_454' title='bbox 1779 4347 1915 4403; x_wconf 74' lang='grc' dir='ltr'><strong>11ἳο</strong></span> 
     </span>
    </p>
   </div>
   <div class='ocr_carea' id='block_1_61' title="bbox 2005 1855 3674 1927">
    <p class='ocr_par' dir='ltr' id='par_1_61' title="bbox 2005 1855 3674 1927">
     <span class='ocr_line' id='line_1_61' title="bbox 2005 1855 3674 1927; baseline 0.002 -19"><span class='ocrx_word' id='word_1_455' title='bbox 2005 1870 2167 1922; x_wconf 88' lang='lat' dir='ltr'><strong>quem</strong></span> <span class='ocrx_word' id='word_1_456' title='bbox 2197 1871 2277 1910; x_wconf 75' lang='lat' dir='ltr'><strong>ea:</strong></span> <span class='ocrx_word' id='word_1_457' title='bbox 2309 1855 2363 1910; x_wconf 93' lang='lat' dir='ltr'><strong>in</strong></span> <span class='ocrx_word' id='word_1_458' title='bbox 2391 1857 2622 1912; x_wconf 86' lang='lat' dir='ltr'><strong>diversis</strong></span> <span class='ocrx_word' id='word_1_459' title='bbox 2665 1858 2948 1914; x_wconf 87' lang='lat' dir='ltr'><strong>codicibus</strong></span> <span class='ocrx_word' id='word_1_460' title='bbox 2988 1858 3204 1912; x_wconf 89' lang='lat' dir='ltr'><strong>titulum</strong></span> <span class='ocrx_word' id='word_1_461' title='bbox 3261 1857 3572 1927; x_wconf 68' lang='lat' dir='ltr'><strong>praeferant.</strong></span> <span class='ocrx_word' id='word_1_462' title='bbox 3669 1889 3674 1892; x_wconf 98' lang='lat'><strong><em>-</em></strong></span> 
     </span>
    </p>
   </div>
   <div class='ocr_carea' id='block_1_62' title="bbox 1995 1945 3576 2019">
    <p class='ocr_par' dir='ltr' id='par_1_62' title="bbox 1995 1945 3576 2019">
     <span class='ocr_line' id='line_1_62' title="bbox 1995 1945 3576 2019; baseline 0.002 -21"><span class='ocrx_word' id='word_1_463' title='bbox 1995 1945 2218 2012; x_wconf 79' lang='lat' dir='ltr'><strong>Quibus</strong></span> <span class='ocrx_word' id='word_1_464' title='bbox 2241 1947 2366 2003; x_wconf 89' lang='lat' dir='ltr'><strong>addi</strong></span> <span class='ocrx_word' id='word_1_465' title='bbox 2399 1957 2580 2018; x_wconf 91' lang='lat' dir='ltr'><strong>potest</strong></span> <span class='ocrx_word' id='word_1_466' title='bbox 2611 1949 2898 2019; x_wconf 87' lang='lat' dir='ltr'><strong>inscriptio</strong></span> <span class='ocrx_word' id='word_1_467' title='bbox 2923 1949 3128 2004; x_wconf 86' lang='lat' dir='ltr'><strong>codicis</strong></span> <span class='ocrx_word' id='word_1_468' title='bbox 3160 1951 3459 2018; x_wconf 75' lang='lat' dir='ltr'><strong>Augustani</strong></span> <span class='ocrx_word' id='word_1_469' title='bbox 3486 1949 3576 2009; x_wconf 82' lang='lat'><strong>57.</strong></span> 
     </span>
    </p>
   </div>
   <div class='ocr_carea' id='block_1_63' title="bbox 2007 2038 3578 2111">
    <p class='ocr_par' dir='ltr' id='par_1_63' title="bbox 2007 2038 3578 2111">
     <span class='ocr_line' id='line_1_63' title="bbox 2007 2038 3578 2111; baseline 0.001 -21"><span class='ocrx_word' id='word_1_470' title='bbox 2007 2053 2126 2106; x_wconf 73' lang='lat' dir='ltr'><strong>qua:</strong></span> <span class='ocrx_word' id='word_1_471' title='bbox 2167 2039 2241 2094; x_wconf 81' lang='lat' dir='ltr'><strong>ita</strong></span> <span class='ocrx_word' id='word_1_472' title='bbox 2271 2038 2476 2096; x_wconf 86' lang='lat' dir='ltr'><strong>habet:</strong></span> <span class='ocrx_word' id='word_1_473' title='bbox 2529 2039 2810 2095; x_wconf 70' lang='lat' dir='ltr'><strong>Michaelis</strong></span> <span class='ocrx_word' id='word_1_474' title='bbox 2850 2039 3028 2111; x_wconf 75' lang='lat' dir='ltr'><strong>Glyco:</strong></span> <span class='ocrx_word' id='word_1_475' title='bbox 3079 2040 3455 2108; x_wconf 63' lang='lat' dir='ltr'><strong>explicationes</strong></span> <span class='ocrx_word' id='word_1_476' title='bbox 3493 2041 3578 2092; x_wconf 54' lang='grc' dir='ltr'><strong>οὐκ</strong></span> 
     </span>
    </p>
   </div>
   <div class='ocr_carea' id='block_1_64' title="bbox 2005 2130 3186 2204">
    <p class='ocr_par' dir='ltr' id='par_1_64' title="bbox 2005 2130 3186 2204">
     <span class='ocr_line' id='line_1_64' title="bbox 2005 2130 3186 2204; baseline 0.003 -20"><span class='ocrx_word' id='word_1_477' title='bbox 2005 2130 2282 2186; x_wconf 67' lang='lat' dir='ltr'><strong>acurorum</strong></span> <span class='ocrx_word' id='word_1_478' title='bbox 2315 2131 2548 2186; x_wconf 87' lang='lat' dir='ltr'><strong>locorum</strong></span> <span class='ocrx_word' id='word_1_479' title='bbox 2573 2149 2740 2187; x_wconf 73' lang='lat' dir='ltr'><strong>sacra:</strong></span> <span class='ocrx_word' id='word_1_480' title='bbox 2769 2133 3081 2204; x_wconf 64' lang='lat' dir='ltr'><strong>Scriptura.</strong></span> <span class='ocrx_word' id='word_1_481' title='bbox 3181 2149 3186 2154; x_wconf 77' lang='lat'><strong>‘</strong></span> 
     </span>
    </p>
   </div>
   <div class='ocr_carea' id='block_1_65' title="bbox 2078 2220 3578 2291">
    <p class='ocr_par' dir='ltr' id='par_1_65' title="bbox 2078 2220 3578 2291">
     <span class='ocr_line' id='line_1_65' title="bbox 2078 2220 3578 2291; baseline 0 -17"><span class='ocrx_word' id='word_1_482' title='bbox 2078 2220 2346 2277; x_wconf 70' lang='lat' dir='ltr'><strong>Caeterum</strong></span> <span class='ocrx_word' id='word_1_483' title='bbox 2374 2223 2586 2291; x_wconf 88' lang='lat' dir='ltr'><strong>aliquot</strong></span> <span class='ocrx_word' id='word_1_484' title='bbox 2613 2223 2749 2278; x_wconf 88' lang='lat' dir='ltr'><strong>alios</strong></span> <span class='ocrx_word' id='word_1_485' title='bbox 2786 2233 3052 2277; x_wconf 86' lang='lat' dir='ltr'><strong>tractatus</strong></span> <span class='ocrx_word' id='word_1_486' title='bbox 3079 2223 3344 2279; x_wconf 89' lang='lat' dir='ltr'><strong>hactenus</strong></span> <span class='ocrx_word' id='word_1_487' title='bbox 3403 2223 3578 2275; x_wconf 85' lang='lat' dir='ltr'><strong>inedi-</strong></span> 
     </span>
    </p>
   </div>
   <div class='ocr_carea' id='block_1_66' title="bbox 2011 2311 3579 2385">
    <p class='ocr_par' dir='ltr' id='par_1_66' title="bbox 2011 2311 3579 2385">
     <span class='ocr_line' id='line_1_66' title="bbox 2011 2311 3579 2385; baseline 0.001 -19"><span class='ocrx_word' id='word_1_488' title='bbox 2011 2321 2096 2385; x_wconf 88' lang='lat' dir='ltr'><strong>tos</strong></span> <span class='ocrx_word' id='word_1_489' title='bbox 2132 2321 2381 2368; x_wconf 77' lang='lat' dir='ltr'><strong>recenset</strong></span> <span class='ocrx_word' id='word_1_490' title='bbox 2414 2311 2525 2369; x_wconf 88' lang='lat' dir='ltr'><strong>Leo</strong></span> <span class='ocrx_word' id='word_1_491' title='bbox 2554 2312 2803 2378; x_wconf 85' lang='lat' dir='ltr'><strong>Allatius,</strong></span> <span class='ocrx_word' id='word_1_492' title='bbox 2874 2312 2950 2368; x_wconf 89' lang='lat' dir='ltr'><strong>De</strong></span> <span class='ocrx_word' id='word_1_493' title='bbox 3004 2330 3264 2367; x_wconf 85' lang='lat' dir='ltr'><strong>consensu</strong></span> <span class='ocrx_word' id='word_1_494' title='bbox 3311 2315 3579 2382; x_wconf 78' lang='lat' dir='ltr'><strong>utriusque</strong></span> 
     </span>
    </p>
   </div>
   <div class='ocr_carea' id='block_1_67' title="bbox 2009 2405 3580 2475">
    <p class='ocr_par' dir='ltr' id='par_1_67' title="bbox 2009 2405 3580 2475">
     <span class='ocr_line' id='line_1_67' title="bbox 2009 2405 3580 2475; baseline 0.001 -15"><span class='ocrx_word' id='word_1_495' title='bbox 2009 2405 2277 2472; x_wconf 76' lang='lat' dir='ltr'><strong>Ecclesia&#39;,</strong></span> <span class='ocrx_word' id='word_1_496' title='bbox 2309 2405 2406 2460; x_wconf 85' lang='lat' dir='ltr'><strong>lib.</strong></span> <span class='ocrx_word' id='word_1_497' title='bbox 2442 2421 2503 2471; x_wconf 86' lang='lat' dir='ltr'><strong>tt,</strong></span> <span class='ocrx_word' id='word_1_498' title='bbox 2543 2421 2665 2475; x_wconf 85' lang='lat' dir='ltr'><strong>cap.</strong></span> <span class='ocrx_word' id='word_1_499' title='bbox 2703 2405 2792 2470; x_wconf 82' lang='grc'><strong>18,</strong></span> <span class='ocrx_word' id='word_1_500' title='bbox 2825 2421 3041 2475; x_wconf 84' lang='lat' dir='ltr'><strong>nempe.</strong></span> <span class='ocrx_word' id='word_1_501' title='bbox 3075 2407 3272 2460; x_wconf 87' lang='lat' dir='ltr'><strong>librum</strong></span> <span class='ocrx_word' id='word_1_502' title='bbox 3306 2406 3374 2459; x_wconf 86' lang='lat' dir='ltr'><strong>ad</strong></span> <span class='ocrx_word' id='word_1_503' title='bbox 3407 2405 3580 2460; x_wconf 73' lang='lat' dir='ltr'><strong>Maxi-</strong></span> 
     </span>
    </p>
   </div>
   <div class='ocr_carea' id='block_1_68' title="bbox 2009 2496 3580 2569">
    <p class='ocr_par' dir='ltr' id='par_1_68' title="bbox 2009 2496 3580 2569">
     <span class='ocr_line' id='line_1_68' title="bbox 2009 2496 3580 2569; baseline 0.001 -19"><span class='ocrx_word' id='word_1_504' title='bbox 2009 2513 2159 2552; x_wconf 87' lang='lat' dir='ltr'><strong>mum</strong></span> <span class='ocrx_word' id='word_1_505' title='bbox 2190 2497 2528 2553; x_wconf 82' lang='lat' dir='ltr'><strong>Smeuiotem</strong></span> <span class='ocrx_word' id='word_1_506' title='bbox 2561 2497 2636 2553; x_wconf 84' lang='lat' dir='ltr'><strong>De</strong></span> <span class='ocrx_word' id='word_1_507' title='bbox 2657 2500 2984 2569; x_wconf 87' lang='lat' dir='ltr'><strong>processione</strong></span> <span class='ocrx_word' id='word_1_508' title='bbox 3011 2496 3240 2566; x_wconf 86' lang='lat' dir='ltr'><strong>Spiritus</strong></span> <span class='ocrx_word' id='word_1_509' title='bbox 3262 2499 3453 2562; x_wconf 85' lang='lat' dir='ltr'><strong>sancti,</strong></span> <span class='ocrx_word' id='word_1_510' title='bbox 3486 2513 3580 2552; x_wconf 90' lang='lat' dir='ltr'><strong>cu-</strong></span> 
     </span>
    </p>
   </div>
   <div class='ocr_carea' id='block_1_69' title="bbox 2003 2589 3577 2662">
    <p class='ocr_par' dir='ltr' id='par_1_69' title="bbox 2003 2589 3577 2662">
     <span class='ocr_line' id='line_1_69' title="bbox 2003 2589 3577 2662; baseline 0.001 -19"><span class='ocrx_word' id='word_1_511' title='bbox 2003 2589 2096 2661; x_wconf 84' lang='lat' dir='ltr'><strong>jus</strong></span> <span class='ocrx_word' id='word_1_512' title='bbox 2125 2589 2487 2662; x_wconf 70' lang='lat' dir='ltr'><strong>fragmentum</strong></span> <span class='ocrx_word' id='word_1_513' title='bbox 2538 2590 2701 2647; x_wconf 86' lang='lat' dir='ltr'><strong>habet</strong></span> <span class='ocrx_word' id='word_1_514' title='bbox 2735 2591 2936 2647; x_wconf 90' lang='lat' dir='ltr'><strong>ibidem</strong></span> <span class='ocrx_word' id='word_1_515' title='bbox 2972 2591 3068 2660; x_wconf 73' lang='lat' dir='ltr'><strong>lib.</strong></span> <span class='ocrx_word' id='word_1_516' title='bbox 3098 2606 3178 2655; x_wconf 84' lang='lat' dir='ltr'><strong>ut,</strong></span> <span class='ocrx_word' id='word_1_517' title='bbox 3221 2604 3341 2659; x_wconf 89' lang='lat' dir='ltr'><strong>cap.</strong></span> <span class='ocrx_word' id='word_1_518' title='bbox 3379 2589 3432 2642; x_wconf 74' lang='lat'><strong>2.</strong></span> <span class='ocrx_word' id='word_1_519' title='bbox 3495 2590 3577 2644; x_wconf 85' lang='lat' dir='ltr'><strong>Ad</strong></span> 
     </span>
    </p>
   </div>
   <div class='ocr_carea' id='block_1_70' title="bbox 2008 2682 3574 2755">
    <p class='ocr_par' dir='ltr' id='par_1_70' title="bbox 2008 2682 3574 2755">
     <span class='ocr_line' id='line_1_70' title="bbox 2008 2682 3574 2755; baseline -0.004 -19"><span class='ocrx_word' id='word_1_520' title='bbox 2008 2686 2284 2749; x_wconf 87' lang='lat' dir='ltr'><strong>eumdem,</strong></span> <span class='ocrx_word' id='word_1_521' title='bbox 2313 2701 2385 2740; x_wconf 89' lang='lat' dir='ltr'><strong>an</strong></span> <span class='ocrx_word' id='word_1_522' title='bbox 2411 2682 2650 2740; x_wconf 81' lang='lat' dir='ltr'><strong>Christus</strong></span> <span class='ocrx_word' id='word_1_523' title='bbox 2705 2700 2891 2755; x_wconf 73' lang='lat' dir='ltr'><strong>azyma</strong></span> <span class='ocrx_word' id='word_1_524' title='bbox 2917 2684 2973 2738; x_wconf 87' lang='lat' dir='ltr'><strong>in</strong></span> <span class='ocrx_word' id='word_1_525' title='bbox 3001 2696 3420 2751; x_wconf 74' lang='lat' dir='ltr'><strong>suprcmaccena</strong></span> <span class='ocrx_word' id='word_1_526' title='bbox 3448 2695 3574 2731; x_wconf 88' lang='lat' dir='ltr'><strong>usus</strong></span> 
     </span>
    </p>
   </div>
   <div class='ocr_carea' id='block_1_71' title="bbox 2007 2775 3576 2840">
    <p class='ocr_par' dir='ltr' id='par_1_71' title="bbox 2007 2775 3576 2840">
     <span class='ocr_line' id='line_1_71' title="bbox 2007 2775 3576 2840; baseline -0.003 -12"><span class='ocrx_word' id='word_1_527' title='bbox 2007 2776 2096 2829; x_wconf 88' lang='lat' dir='ltr'><strong>sit.</strong></span> <span class='ocrx_word' id='word_1_528' title='bbox 2123 2775 2201 2830; x_wconf 86' lang='lat' dir='ltr'><strong>Ad</strong></span> <span class='ocrx_word' id='word_1_529' title='bbox 2228 2775 2423 2832; x_wconf 83' lang='lat' dir='ltr'><strong>Isaiam</strong></span> <span class='ocrx_word' id='word_1_530' title='bbox 2468 2776 2796 2832; x_wconf 85' lang='lat' dir='ltr'><strong>monachum</strong></span> <span class='ocrx_word' id='word_1_531' title='bbox 2834 2776 2910 2830; x_wconf 90' lang='lat' dir='ltr'><strong>De</strong></span> <span class='ocrx_word' id='word_1_532' title='bbox 2938 2775 3218 2830; x_wconf 87' lang='lat' dir='ltr'><strong>animabus</strong></span> <span class='ocrx_word' id='word_1_533' title='bbox 3271 2789 3304 2826; x_wconf 91' lang='lat' dir='ltr'><strong>a</strong></span> <span class='ocrx_word' id='word_1_534' title='bbox 3361 2787 3576 2840; x_wconf 76' lang='lat' dir='ltr'><strong>corpore</strong></span> 
     </span>
    </p>
   </div>
   <div class='ocr_carea' id='block_1_72' title="bbox 2009 2861 3578 2937">
    <p class='ocr_par' dir='ltr' id='par_1_72' title="bbox 2009 2861 3578 2937">
     <span class='ocr_line' id='line_1_72' title="bbox 2009 2861 3578 2937; baseline -0.005 -17"><span class='ocrx_word' id='word_1_535' title='bbox 2009 2870 2293 2937; x_wconf 82' lang='lat' dir='ltr'><strong>separatis.</strong></span> <span class='ocrx_word' id='word_1_536' title='bbox 2343 2869 2549 2924; x_wconf 76' lang='lat' dir='ltr'><strong>Verum</strong></span> <span class='ocrx_word' id='word_1_537' title='bbox 2597 2867 2655 2923; x_wconf 89' lang='lat' dir='ltr'><strong>hi</strong></span> <span class='ocrx_word' id='word_1_538' title='bbox 2688 2882 2882 2924; x_wconf 86' lang='lat' dir='ltr'><strong>omnes</strong></span> <span class='ocrx_word' id='word_1_539' title='bbox 2931 2874 3189 2923; x_wconf 90' lang='lat' dir='ltr'><strong>tractatus</strong></span> <span class='ocrx_word' id='word_1_540' title='bbox 3236 2863 3373 2918; x_wconf 86' lang='lat' dir='ltr'><strong>nihil</strong></span> <span class='ocrx_word' id='word_1_541' title='bbox 3430 2861 3578 2915; x_wconf 88' lang='lat' dir='ltr'><strong>aliud</strong></span> 
     </span>
    </p>
   </div>
   <div class='ocr_carea' id='block_1_73' title="bbox 2011 2950 3582 3026">
    <p class='ocr_par' dir='ltr' id='par_1_73' title="bbox 2011 2950 3582 3026">
     <span class='ocr_line' id='line_1_73' title="bbox 2011 2950 3582 3026; baseline -0.006 -12"><span class='ocrx_word' id='word_1_542' title='bbox 2011 2960 2146 3014; x_wconf 89' lang='lat' dir='ltr'><strong>mihi</strong></span> <span class='ocrx_word' id='word_1_543' title='bbox 2183 2975 2308 3015; x_wconf 86' lang='lat' dir='ltr'><strong>cum</strong></span> <span class='ocrx_word' id='word_1_544' title='bbox 2339 2959 2559 3016; x_wconf 87' lang='lat' dir='ltr'><strong>Oudino</strong></span> <span class='ocrx_word' id='word_1_545' title='bbox 2589 2974 2712 3016; x_wconf 89' lang='lat' dir='ltr'><strong>esse</strong></span> <span class='ocrx_word' id='word_1_546' title='bbox 2766 2958 3049 3023; x_wconf 87' lang='lat' dir='ltr'><strong>videntur,</strong></span> <span class='ocrx_word' id='word_1_547' title='bbox 3102 2970 3269 3026; x_wconf 84' lang='lat' dir='ltr'><strong>quam</strong></span> <span class='ocrx_word' id='word_1_548' title='bbox 3321 2950 3582 3022; x_wconf 68' lang='lat' dir='ltr'><strong>Epistolas</strong></span> 
     </span>
    </p>
   </div>
   <div class='ocr_carea' id='block_1_74' title="bbox 2013 3043 3581 3124">
    <p class='ocr_par' dir='ltr' id='par_1_74' title="bbox 2013 3043 3581 3124">
     <span class='ocr_line' id='line_1_74' title="bbox 2013 3043 3581 3124; baseline -0.005 -18"><span class='ocrx_word' id='word_1_549' title='bbox 2013 3051 2290 3107; x_wconf 80' lang='lat' dir='ltr'><strong>Michaelis</strong></span> <span class='ocrx_word' id='word_1_550' title='bbox 2315 3050 2515 3124; x_wconf 66' lang='lat' dir='ltr'><strong>Glycaa,</strong></span> <span class='ocrx_word' id='word_1_551' title='bbox 2544 3053 2600 3107; x_wconf 90' lang='lat' dir='ltr'><strong>in</strong></span> <span class='ocrx_word' id='word_1_552' title='bbox 2627 3051 2826 3122; x_wconf 88' lang='lat' dir='ltr'><strong>quibus</strong></span> <span class='ocrx_word' id='word_1_553' title='bbox 2853 3048 3151 3118; x_wconf 79' lang='lat' dir='ltr'><strong>Scriptura:</strong></span> <span class='ocrx_word' id='word_1_554' title='bbox 3184 3045 3304 3098; x_wconf 87' lang='lat' dir='ltr'><strong>loca</strong></span> <span class='ocrx_word' id='word_1_555' title='bbox 3334 3043 3581 3113; x_wconf 61' lang='lat' dir='ltr'><strong>quadam</strong></span> 
     </span>
    </p>
   </div>
   <div class='ocr_carea' id='block_1_75' title="bbox 1937 3115 3203 3209">
    <p class='ocr_par' dir='ltr' id='par_1_75' title="bbox 1937 3115 3203 3209">
     <span class='ocr_line' id='line_1_75' title="bbox 1937 3115 3203 3209; baseline -0.008 -10"><span class='ocrx_word' id='word_1_556' title='bbox 1937 3115 1983 3176; x_wconf 60' lang='grc' dir='ltr'><strong>θ</strong></span> <span class='ocrx_word' id='word_1_557' title='bbox 2017 3144 2271 3209; x_wconf 88' lang='lat' dir='ltr'><strong>obscura,</strong></span> <span class='ocrx_word' id='word_1_558' title='bbox 2307 3115 2397 3200; x_wconf 79' lang='lat' dir='ltr'><strong>vel</strong></span> <span class='ocrx_word' id='word_1_559' title='bbox 2418 3115 2794 3208; x_wconf 74' lang='lat' dir='ltr'><strong>controversa,</strong></span> <span class='ocrx_word' id='word_1_560' title='bbox 2821 3141 2911 3195; x_wconf 88' lang='lat' dir='ltr'><strong>ille</strong></span> <span class='ocrx_word' id='word_1_561' title='bbox 2946 3115 3203 3206; x_wconf 67' lang='lat' dir='ltr'><strong>explicat.</strong></span> 
     </span>
    </p>
   </div>
   <div class='ocr_carea' id='block_1_76' title="bbox 2089 3222 3584 3302">
    <p class='ocr_par' dir='ltr' id='par_1_76' title="bbox 2089 3222 3584 3302">
     <span class='ocr_line' id='line_1_76' title="bbox 2089 3222 3584 3302; baseline -0.006 -15"><span class='ocrx_word' id='word_1_562' title='bbox 2089 3234 2194 3287; x_wconf 89' lang='lat' dir='ltr'><strong>Sed</strong></span> <span class='ocrx_word' id='word_1_563' title='bbox 2230 3233 2358 3302; x_wconf 88' lang='lat' dir='ltr'><strong>quia</strong></span> <span class='ocrx_word' id='word_1_564' title='bbox 2399 3231 2468 3286; x_wconf 85' lang='lat' dir='ltr'><strong>ad</strong></span> <span class='ocrx_word' id='word_1_565' title='bbox 2512 3231 2715 3286; x_wconf 88' lang='lat' dir='ltr'><strong>calcem</strong></span> <span class='ocrx_word' id='word_1_566' title='bbox 2745 3226 2953 3282; x_wconf 87' lang='lat' dir='ltr'><strong>codicis</strong></span> <span class='ocrx_word' id='word_1_567' title='bbox 3009 3222 3164 3294; x_wconf 72' lang='lat' dir='ltr'><strong>Regii</strong></span> <span class='ocrx_word' id='word_1_568' title='bbox 3197 3223 3584 3280; x_wconf 83' lang='lat' dir='ltr'><strong>describuntur</strong></span> 
     </span>
    </p>
   </div>
   <div class='ocr_carea' id='block_1_77' title="bbox 2015 3316 3585 3390">
    <p class='ocr_par' dir='ltr' id='par_1_77' title="bbox 2015 3316 3585 3390">
     <span class='ocr_line' id='line_1_77' title="bbox 2015 3316 3585 3390; baseline -0.005 -10"><span class='ocrx_word' id='word_1_569' title='bbox 2015 3339 2204 3380; x_wconf 88' lang='lat' dir='ltr'><strong>eorum</strong></span> <span class='ocrx_word' id='word_1_570' title='bbox 2233 3321 2456 3377; x_wconf 86' lang='lat' dir='ltr'><strong>nomina</strong></span> <span class='ocrx_word' id='word_1_571' title='bbox 2472 3335 2704 3390; x_wconf 88' lang='lat' dir='ltr'><strong>quorum</strong></span> <span class='ocrx_word' id='word_1_572' title='bbox 2734 3317 3062 3374; x_wconf 78' lang='lat' dir='ltr'><strong>auctoritate</strong></span> <span class='ocrx_word' id='word_1_573' title='bbox 3097 3330 3230 3372; x_wconf 86' lang='lat' dir='ltr'><strong>usus</strong></span> <span class='ocrx_word' id='word_1_574' title='bbox 3256 3321 3342 3372; x_wconf 87' lang='lat' dir='ltr'><strong>est</strong></span> <span class='ocrx_word' id='word_1_575' title='bbox 3365 3316 3585 3386; x_wconf 88' lang='lat' dir='ltr'><strong>Episto-</strong></span> 
     </span>
    </p>
   </div>
   <div class='ocr_carea' id='block_1_78' title="bbox 2017 3410 3582 3486">
    <p class='ocr_par' dir='ltr' id='par_1_78' title="bbox 2017 3410 3582 3486">
     <span class='ocr_line' id='line_1_78' title="bbox 2017 3410 3582 3486; baseline -0.007 -12"><span class='ocrx_word' id='word_1_576' title='bbox 2017 3418 2190 3474; x_wconf 87' lang='lat' dir='ltr'><strong>larum</strong></span> <span class='ocrx_word' id='word_1_577' title='bbox 2223 3415 2456 3486; x_wconf 89' lang='lat' dir='ltr'><strong>scriptor</strong></span> <span class='ocrx_word' id='word_1_578' title='bbox 2479 3455 2495 3480; x_wconf 92' lang='lat'><strong>,</strong></span> <span class='ocrx_word' id='word_1_579' title='bbox 2523 3429 2642 3470; x_wconf 89' lang='lat' dir='ltr'><strong>eam</strong></span> <span class='ocrx_word' id='word_1_580' title='bbox 2679 3412 2769 3469; x_wconf 88' lang='lat' dir='ltr'><strong>hic</strong></span> <span class='ocrx_word' id='word_1_581' title='bbox 2795 3411 3112 3468; x_wconf 85' lang='lat' dir='ltr'><strong>describere</strong></span> <span class='ocrx_word' id='word_1_582' title='bbox 3131 3425 3310 3482; x_wconf 71' lang='lat' dir='ltr'><strong>opera:</strong></span> <span class='ocrx_word' id='word_1_583' title='bbox 3346 3410 3582 3481; x_wconf 89' lang='lat' dir='ltr'><strong>pretium</strong></span> 
     </span>
    </p>
   </div>
   <div class='ocr_carea' id='block_1_79' title="bbox 2015 3502 3584 3576">
    <p class='ocr_par' dir='ltr' id='par_1_79' title="bbox 2015 3502 3584 3576">
     <span class='ocr_line' id='line_1_79' title="bbox 2015 3502 3584 3576; baseline -0.007 -11"><span class='ocrx_word' id='word_1_584' title='bbox 2015 3525 2138 3565; x_wconf 88' lang='lat' dir='ltr'><strong>esse</strong></span> <span class='ocrx_word' id='word_1_585' title='bbox 2177 3508 2526 3569; x_wconf 67' lang='lat' dir='ltr'><strong>existimavi:</strong></span> <span class='ocrx_word' id='word_1_586' title='bbox 2589 3504 3008 3576; x_wconf 81' lang='grc' dir='ltr'>Συγγράφοντες</span> <span class='ocrx_word' id='word_1_587' title='bbox 3039 3505 3134 3557; x_wconf 74' lang='grc' dir='ltr'><strong>καὶ</strong></span> <span class='ocrx_word' id='word_1_588' title='bbox 3180 3502 3584 3573; x_wconf 79' lang='grc' dir='ltr'>συμμάρτυρες</span> 
     </span>
    </p>
   </div>
   <div class='ocr_carea' id='block_1_80' title="bbox 2015 3593 3586 3671">
    <p class='ocr_par' dir='ltr' id='par_1_80' title="bbox 2015 3593 3586 3671">
     <span class='ocr_line' id='line_1_80' title="bbox 2015 3593 3586 3671; baseline -0.004 -18"><span class='ocrx_word' id='word_1_589' title='bbox 2015 3601 2113 3671; x_wconf 85' lang='grc' dir='ltr'>τῆς</span> <span class='ocrx_word' id='word_1_590' title='bbox 2162 3601 2348 3666; x_wconf 80' lang='grc' dir='ltr'>βίϐλου</span> <span class='ocrx_word' id='word_1_591' title='bbox 2377 3599 2556 3661; x_wconf 73' lang='grc' dir='ltr'>αὐτοὶ,</span> <span class='ocrx_word' id='word_1_592' title='bbox 2615 3598 2917 3667; x_wconf 80' lang='grc' dir='ltr'>Γρηγὸριος</span> <span class='ocrx_word' id='word_1_593' title='bbox 2959 3599 2988 3650; x_wconf 94' lang='lat'><strong>6</strong></span> <span class='ocrx_word' id='word_1_594' title='bbox 3031 3593 3312 3664; x_wconf 82' lang='grc' dir='ltr'>Θεολόγος,</span> <span class='ocrx_word' id='word_1_595' title='bbox 3353 3597 3382 3648; x_wconf 92' lang='lat'><strong>6</strong></span> <span class='ocrx_word' id='word_1_596' title='bbox 3413 3595 3586 3664; x_wconf 81' lang='grc' dir='ltr'>μέγας</span> 
     </span>
    </p>
   </div>
   <div class='ocr_carea' id='block_1_81' title="bbox 2019 3686 3586 3762">
    <p class='ocr_par' dir='ltr' id='par_1_81' title="bbox 2019 3686 3586 3762">
     <span class='ocr_line' id='line_1_81' title="bbox 2019 3686 3586 3762; baseline -0.008 -12"><span class='ocrx_word' id='word_1_597' title='bbox 2019 3694 2320 3756; x_wconf 80' lang='grc' dir='ltr'>Βασίλειος,</span> <span class='ocrx_word' id='word_1_598' title='bbox 2347 3687 2385 3745; x_wconf 82' lang='grc' dir='ltr'><strong>Γ</strong></span> <span class='ocrx_word' id='word_1_599' title='bbox 2391 3690 2652 3762; x_wconf 83' lang='grc' dir='ltr'>ρηγόριος</span> <span class='ocrx_word' id='word_1_600' title='bbox 2685 3689 2935 3758; x_wconf 84' lang='grc' dir='ltr'><strong>Νύοσης,</strong></span> <span class='ocrx_word' id='word_1_601' title='bbox 2979 3686 3234 3758; x_wconf 81' lang='grc' dir='ltr'><strong>Ἰωάννης</strong></span> <span class='ocrx_word' id='word_1_602' title='bbox 3266 3688 3295 3740; x_wconf 98' lang='lat'><strong>6</strong></span> <span class='ocrx_word' id='word_1_603' title='bbox 3349 3687 3586 3756; x_wconf 73' lang='grc' dir='ltr'>χρυσορ-</span> 
     </span>
    </p>
   </div>
   <div class='ocr_carea' id='block_1_82' title="bbox 2019 3777 3586 3857">
    <p class='ocr_par' dir='ltr' id='par_1_82' title="bbox 2019 3777 3586 3857">
     <span class='ocr_line' id='line_1_82' title="bbox 2019 3777 3586 3857; baseline -0.007 -17"><span class='ocrx_word' id='word_1_604' title='bbox 2019 3788 2232 3857; x_wconf 80' lang='grc' dir='ltr'><strong>ρήμων,</strong></span> <span class='ocrx_word' id='word_1_605' title='bbox 2275 3788 2305 3839; x_wconf 88' lang='lat'><strong>6</strong></span> <span class='ocrx_word' id='word_1_606' title='bbox 2354 3784 2528 3856; x_wconf 63' lang='grc' dir='ltr'>μέγας</span> <span class='ocrx_word' id='word_1_607' title='bbox 2565 3782 2904 3846; x_wconf 79' lang='grc' dir='ltr'>’Δθανάσιος,</span> <span class='ocrx_word' id='word_1_608' title='bbox 2937 3782 2965 3834; x_wconf 89' lang='lat'><strong>6</strong></span> <span class='ocrx_word' id='word_1_609' title='bbox 3018 3778 3308 3852; x_wconf 75' lang='grc' dir='ltr'>Κύριλλος.</span> <span class='ocrx_word' id='word_1_610' title='bbox 3347 3779 3378 3831; x_wconf 87' lang='lat'><strong>6</strong></span> <span class='ocrx_word' id='word_1_611' title='bbox 3413 3777 3586 3848; x_wconf 82' lang='grc' dir='ltr'><strong>μέγας</strong></span> 
     </span>
    </p>
   </div>
   <div class='ocr_carea' id='block_1_83' title="bbox 2030 3869 3588 3950">
    <p class='ocr_par' dir='ltr' id='par_1_83' title="bbox 2030 3869 3588 3950">
     <span class='ocr_line' id='line_1_83' title="bbox 2030 3869 3588 3950; baseline -0.007 -18"><span class='ocrx_word' id='word_1_612' title='bbox 2030 3879 2370 3950; x_wconf 80' lang='grc' dir='ltr'>Ἐπιφάνιος,</span> <span class='ocrx_word' id='word_1_613' title='bbox 2431 3875 2787 3937; x_wconf 76' lang='grc' dir='ltr'>Ἀναστάσιος</span> <span class='ocrx_word' id='word_1_614' title='bbox 2839 3874 2869 3925; x_wconf 86' lang='lat'><strong>6</strong></span> <span class='ocrx_word' id='word_1_615' title='bbox 2922 3871 3201 3942; x_wconf 79' lang='grc' dir='ltr'>Σιναῖτης,</span> <span class='ocrx_word' id='word_1_616' title='bbox 3257 3869 3509 3939; x_wconf 82' lang='grc' dir='ltr'><strong>Ἰωάννης</strong></span> <span class='ocrx_word' id='word_1_617' title='bbox 3558 3869 3588 3922; x_wconf 89' lang='lat'><strong>6</strong></span> 
     </span>
    </p>
   </div>
   <div class='ocr_carea' id='block_1_84' title="bbox 2019 3961 3590 4042">
    <p class='ocr_par' dir='ltr' id='par_1_84' title="bbox 2019 3961 3590 4042">
     <span class='ocr_line' id='line_1_84' title="bbox 2019 3961 3590 4042; baseline -0.006 -18"><span class='ocrx_word' id='word_1_618' title='bbox 2019 3971 2402 4042; x_wconf 73' lang='grc' dir='ltr'><strong>Δαμασκηνὸς,</strong></span> <span class='ocrx_word' id='word_1_619' title='bbox 2434 3968 2736 4038; x_wconf 76' lang='grc' dir='ltr'>Γρηγόριος</span> <span class='ocrx_word' id='word_1_620' title='bbox 2759 3968 2788 4020; x_wconf 89' lang='lat'><strong>6</strong></span> <span class='ocrx_word' id='word_1_621' title='bbox 2834 3964 3114 4033; x_wconf 78' lang='grc' dir='ltr'><strong>Διάλογος,</strong></span> <span class='ocrx_word' id='word_1_622' title='bbox 3147 3961 3403 4033; x_wconf 81' lang='grc' dir='ltr'>’Δνδρέας</span> <span class='ocrx_word' id='word_1_623' title='bbox 3433 3961 3590 4030; x_wconf 73' lang='grc' dir='ltr'><strong>Κρή-</strong></span> 
     </span>
    </p>
   </div>
   <div class='ocr_carea' id='block_1_85' title="bbox 2017 4052 3588 4133">
    <p class='ocr_par' dir='ltr' id='par_1_85' title="bbox 2017 4052 3588 4133">
     <span class='ocr_line' id='line_1_85' title="bbox 2017 4052 3588 4133; baseline -0.009 -15"><span class='ocrx_word' id='word_1_624' title='bbox 2017 4081 2137 4133; x_wconf 82' lang='grc' dir='ltr'>της,</span> <span class='ocrx_word' id='word_1_625' title='bbox 2173 4059 2520 4132; x_wconf 66' lang='grc' dir='ltr'>Πέτροςικαὶ</span> <span class='ocrx_word' id='word_1_626' title='bbox 2565 4057 2774 4120; x_wconf 75' lang='grc' dir='ltr'>Παῦλος</span> <span class='ocrx_word' id='word_1_627' title='bbox 2829 4057 2880 4112; x_wconf 78' lang='lat' dir='ltr'><strong>oi</strong></span> <span class='ocrx_word' id='word_1_628' title='bbox 2911 4055 3222 4122; x_wconf 84' lang='grc' dir='ltr'><strong>ἀπόστολοι,</strong></span> <span class='ocrx_word' id='word_1_629' title='bbox 3274 4052 3588 4123; x_wconf 74' lang='grc' dir='ltr'>Νικηφόρος</span> 
     </span>
    </p>
   </div>
   <div class='ocr_carea' id='block_1_86' title="bbox 2020 4143 3589 4229">
    <p class='ocr_par' dir='ltr' id='par_1_86' title="bbox 2020 4143 3589 4229">
     <span class='ocr_line' id='line_1_86' title="bbox 2020 4143 3589 4229; baseline -0.01 -17"><span class='ocrx_word' id='word_1_630' title='bbox 2020 4158 2368 4229; x_wconf 70' lang='grc' dir='ltr'><strong>πατριάρχης</strong></span> <span class='ocrx_word' id='word_1_631' title='bbox 2396 4171 2411 4188; x_wconf 80' lang='grc' dir='ltr'><strong>ο</strong></span> <span class='ocrx_word' id='word_1_632' title='bbox 2446 4152 2542 4208; x_wconf 75' lang='grc' dir='ltr'><strong>σὺν</strong></span> <span class='ocrx_word' id='word_1_633' title='bbox 2571 4153 2781 4217; x_wconf 79' lang='grc' dir='ltr'><strong>τούτοις</strong></span> <span class='ocrx_word' id='word_1_634' title='bbox 2804 4155 2899 4207; x_wconf 68' lang='grc' dir='ltr'>καὶ</span> <span class='ocrx_word' id='word_1_635' title='bbox 2919 4151 3124 4220; x_wconf 80' lang='grc' dir='ltr'><strong>Μωσῆς</strong></span> <span class='ocrx_word' id='word_1_636' title='bbox 3152 4149 3246 4202; x_wconf 72' lang='grc' dir='ltr'><strong>καὶ</strong></span> <span class='ocrx_word' id='word_1_637' title='bbox 3270 4146 3454 4209; x_wconf 75' lang='grc' dir='ltr'><strong>Δασὶδ,</strong></span> <span class='ocrx_word' id='word_1_638' title='bbox 3491 4143 3589 4197; x_wconf 77' lang='grc' dir='ltr'><strong>και</strong></span> 
     </span>
    </p>
   </div>
   <div class='ocr_carea' id='block_1_87' title="bbox 2017 4235 3590 4315">
    <p class='ocr_par' dir='ltr' id='par_1_87' title="bbox 2017 4235 3590 4315">
     <span class='ocr_line' id='line_1_87' title="bbox 2017 4235 3590 4315; baseline -0.01 -14"><span class='ocrx_word' id='word_1_639' title='bbox 2017 4267 2100 4310; x_wconf 85' lang='grc' dir='ltr'><strong>τις</strong></span> <span class='ocrx_word' id='word_1_640' title='bbox 2149 4249 2177 4300; x_wconf 85' lang='lat'><strong>6</strong></span> <span class='ocrx_word' id='word_1_641' title='bbox 2208 4245 2458 4315; x_wconf 70' lang='grc' dir='ltr'><strong>φωτίζων</strong></span> <span class='ocrx_word' id='word_1_642' title='bbox 2495 4243 2744 4309; x_wconf 76' lang='grc' dir='ltr'>τούτους,</span> <span class='ocrx_word' id='word_1_643' title='bbox 2803 4243 2896 4296; x_wconf 79' lang='grc' dir='ltr'><strong>καὶ</strong></span> <span class='ocrx_word' id='word_1_644' title='bbox 2947 4240 3156 4312; x_wconf 79' lang='grc' dir='ltr'><strong>μάρτυς</strong></span> <span class='ocrx_word' id='word_1_645' title='bbox 3205 4237 3467 4307; x_wconf 79' lang='grc' dir='ltr'><strong>ἀψευδὴς,</strong></span> <span class='ocrx_word' id='word_1_646' title='bbox 3527 4235 3590 4286; x_wconf 84' lang='grc' dir='ltr'>τδ</span> 
     </span>
    </p>
   </div>
   <div class='ocr_carea' id='block_1_88' title="bbox 2019 4327 3594 4410">
    <p class='ocr_par' dir='ltr' id='par_1_88' title="bbox 2019 4327 3594 4410">
     <span class='ocr_line' id='line_1_88' title="bbox 2019 4327 3594 4410; baseline -0.009 -16"><span class='ocrx_word' id='word_1_647' title='bbox 2019 4340 2240 4410; x_wconf 73' lang='grc' dir='ltr'>Πνεῦμα</span> <span class='ocrx_word' id='word_1_648' title='bbox 2261 4344 2322 4392; x_wconf 72' lang='grc' dir='ltr'>τὸ</span> <span class='ocrx_word' id='word_1_649' title='bbox 2386 4338 2560 4407; x_wconf 72' lang='grc' dir='ltr'>ἅγιον.</span> <span class='ocrx_word' id='word_1_650' title='bbox 2595 4336 2698 4402; x_wconf 85' lang='lat' dir='ltr'><strong>Qui</strong></span> <span class='ocrx_word' id='word_1_651' title='bbox 2741 4335 2898 4391; x_wconf 82' lang='lat' dir='ltr'><strong>simul</strong></span> <span class='ocrx_word' id='word_1_652' title='bbox 2937 4335 3285 4404; x_wconf 75' lang='lat' dir='ltr'><strong>scripserunt;</strong></span> <span class='ocrx_word' id='word_1_653' title='bbox 3337 4327 3594 4398; x_wconf 87' lang='lat' dir='ltr'><strong>simulque</strong></span> 
     </span>
    </p>
   </div>
   <div class='ocr_carea' id='block_1_89' title="bbox 348 4423 3590 4517">
    <p class='ocr_par' dir='ltr' id='par_1_89' title="bbox 348 4423 3590 4517">
     <span class='ocr_line' id='line_1_89' title="bbox 348 4423 3590 4517; baseline -0.006 -16"><span class='ocrx_word' id='word_1_654' title='bbox 348 4445 549 4508; x_wconf 76' lang='lat' dir='ltr'><strong>[lui-uit.</strong></span> <span class='ocrx_word' id='word_1_655' title='bbox 581 4463 644 4502; x_wconf 89' lang='lat' dir='ltr'><strong>ac</strong></span> <span class='ocrx_word' id='word_1_656' title='bbox 669 4446 855 4517; x_wconf 84' lang='lat' dir='ltr'><strong>paucis</strong></span> <span class='ocrx_word' id='word_1_657' title='bbox 884 4454 1006 4516; x_wconf 88' lang='lat' dir='ltr'><strong>post</strong></span> <span class='ocrx_word' id='word_1_658' title='bbox 1032 4444 1194 4499; x_wconf 88' lang='lat' dir='ltr'><strong>annis</strong></span> <span class='ocrx_word' id='word_1_659' title='bbox 1220 4443 1429 4500; x_wconf 85' lang='lat' dir='ltr'><strong>Joanne</strong></span> <span class='ocrx_word' id='word_1_660' title='bbox 1461 4442 1635 4498; x_wconf 77' lang='lat' dir='ltr'><strong>Alexii</strong></span> <span class='ocrx_word' id='word_1_661' title='bbox 1666 4441 1775 4495; x_wconf 86' lang='lat' dir='ltr'><strong>ﬁlio</strong></span> <span class='ocrx_word' id='word_1_662' title='bbox 1811 4441 1913 4495; x_wconf 90' lang='lat' dir='ltr'><strong>im-</strong></span> <span class='ocrx_word' id='word_1_663' title='bbox 1944 4448 1988 4504; x_wconf 84' lang='grc' dir='ltr'>ι)</span> <span class='ocrx_word' id='word_1_664' title='bbox 2023 4443 2174 4488; x_wconf 82' lang='lat' dir='ltr'><strong>testes</strong></span> <span class='ocrx_word' id='word_1_665' title='bbox 2194 4433 2348 4501; x_wconf 85' lang='lat' dir='ltr'><strong>hujus</strong></span> <span class='ocrx_word' id='word_1_666' title='bbox 2375 4431 2494 4485; x_wconf 87' lang='lat' dir='ltr'><strong>libri</strong></span> <span class='ocrx_word' id='word_1_667' title='bbox 2519 4431 2682 4500; x_wconf 78' lang='lat' dir='ltr'><strong>fuere,</strong></span> <span class='ocrx_word' id='word_1_668' title='bbox 2713 4441 2834 4484; x_wconf 90' lang='lat' dir='ltr'><strong>sunt</strong></span> <span class='ocrx_word' id='word_1_669' title='bbox 2855 4428 2945 4482; x_wconf 87' lang='lat' dir='ltr'><strong>hi:</strong></span> <span class='ocrx_word' id='word_1_670' title='bbox 2968 4427 3250 4517; x_wconf 71' lang='lat' dir='ltr'><strong>Gregorius</strong></span> <span class='ocrx_word' id='word_1_671' title='bbox 3278 4423 3590 4517; x_wconf 59' lang='lat' dir='ltr'><strong>Tlteotoaui.</strong></span> 
     </span>
    </p>
   </div>
   <div class='ocr_carea' id='block_1_90' title="bbox 349 4532 1917 4606">
    <p class='ocr_par' dir='ltr' id='par_1_90' title="bbox 349 4532 1917 4606">
     <span class='ocr_line' id='line_1_90' title="bbox 349 4532 1917 4606; baseline -0.003 -14"><span class='ocrx_word' id='word_1_672' title='bbox 349 4549 574 4606; x_wconf 80' lang='lat' dir='ltr'><strong>pcrantc</strong></span> <span class='ocrx_word' id='word_1_673' title='bbox 603 4549 812 4594; x_wconf 75' lang='lat' dir='ltr'><strong>natura:</strong></span> <span class='ocrx_word' id='word_1_674' title='bbox 839 4538 1132 4594; x_wconf 89' lang='lat' dir='ltr'><strong>concessit.</strong></span> <span class='ocrx_word' id='word_1_675' title='bbox 1168 4536 1392 4606; x_wconf 60' lang='lat' dir='ltr'><strong>Insuper</strong></span> <span class='ocrx_word' id='word_1_676' title='bbox 1425 4535 1535 4589; x_wconf 90' lang='lat' dir='ltr'><strong>duo</strong></span> <span class='ocrx_word' id='word_1_677' title='bbox 1557 4532 1788 4588; x_wconf 75' lang='lat' dir='ltr'><strong>Caesarei</strong></span> <span class='ocrx_word' id='word_1_678' title='bbox 1826 4549 1917 4588; x_wconf 90' lang='lat' dir='ltr'><strong>co-</strong></span> 
     </span>
    </p>
   </div>
   <div class='ocr_carea' id='block_1_91' title="bbox 350 4627 1916 4702">
    <p class='ocr_par' dir='ltr' id='par_1_91' title="bbox 350 4627 1916 4702">
     <span class='ocr_line' id='line_1_91' title="bbox 350 4627 1916 4702; baseline -0.006 -14"><span class='ocrx_word' id='word_1_679' title='bbox 350 4636 520 4697; x_wconf 82' lang='lat' dir='ltr'><strong>dices,</strong></span> <span class='ocrx_word' id='word_1_680' title='bbox 559 4649 700 4702; x_wconf 90' lang='lat' dir='ltr'><strong>quos</strong></span> <span class='ocrx_word' id='word_1_681' title='bbox 735 4631 832 4685; x_wconf 90' lang='lat' dir='ltr'><strong>lib.</strong></span> <span class='ocrx_word' id='word_1_682' title='bbox 868 4649 918 4686; x_wconf 83' lang='grc' dir='ltr'><strong>ιν</strong></span> <span class='ocrx_word' id='word_1_683' title='bbox 955 4629 1489 4686; x_wconf 83' lang='lat' dir='ltr'><strong>Commentariorum</strong></span> <span class='ocrx_word' id='word_1_684' title='bbox 1542 4628 1726 4682; x_wconf 90' lang='lat' dir='ltr'><strong>laudat</strong></span> <span class='ocrx_word' id='word_1_685' title='bbox 1752 4627 1916 4684; x_wconf 85' lang='lat' dir='ltr'><strong>Lam-</strong></span> 
     </span>
    </p>
   </div>
   <div class='ocr_carea' id='block_1_92' title="bbox 351 4717 1919 4794">
    <p class='ocr_par' dir='ltr' id='par_1_92' title="bbox 351 4717 1919 4794">
     <span class='ocr_line' id='line_1_92' title="bbox 351 4717 1919 4794; baseline -0.005 -15"><span class='ocrx_word' id='word_1_686' title='bbox 351 4727 828 4794; x_wconf 71' lang='lat' dir='ltr'><strong>lnccius,,quorum</strong></span> <span class='ocrx_word' id='word_1_687' title='bbox 865 4723 1017 4792; x_wconf 86' lang='lat' dir='ltr'><strong>prior</strong></span> <span class='ocrx_word' id='word_1_688' title='bbox 1070 4722 1333 4791; x_wconf 88' lang='lat' dir='ltr'><strong>epistolas</strong></span> <span class='ocrx_word' id='word_1_689' title='bbox 1385 4721 1475 4787; x_wconf 76' lang='lat'><strong>50,</strong></span> <span class='ocrx_word' id='word_1_690' title='bbox 1510 4719 1650 4774; x_wconf 87' lang='lat' dir='ltr'><strong>alter</strong></span> <span class='ocrx_word' id='word_1_691' title='bbox 1684 4717 1752 4772; x_wconf 74' lang='lat'><em>56</em></span> <span class='ocrx_word' id='word_1_692' title='bbox 1784 4735 1919 4772; x_wconf 88' lang='lat' dir='ltr'><strong>cou-</strong></span> 
     </span>
    </p>
   </div>
   <div class='ocr_carea' id='block_1_93' title="bbox 352 4813 1921 4885">
    <p class='ocr_par' dir='ltr' id='par_1_93' title="bbox 352 4813 1921 4885">
     <span class='ocr_line' id='line_1_93' title="bbox 352 4813 1921 4885; baseline -0.004 -14"><span class='ocrx_word' id='word_1_693' title='bbox 352 4818 508 4879; x_wconf 83' lang='lat' dir='ltr'><strong>tinet,</strong></span> <span class='ocrx_word' id='word_1_694' title='bbox 543 4813 861 4872; x_wconf 78' lang='lat' dir='ltr'><strong>Michaelcm</strong></span> <span class='ocrx_word' id='word_1_695' title='bbox 889 4815 1106 4885; x_wconf 81' lang='lat' dir='ltr'><strong>Glycam</strong></span> <span class='ocrx_word' id='word_1_696' title='bbox 1137 4827 1418 4870; x_wconf 89' lang='lat' dir='ltr'><strong>auctorem</strong></span> <span class='ocrx_word' id='word_1_697' title='bbox 1455 4815 1774 4884; x_wconf 67' lang='lat' dir='ltr'><strong>praeferunt,</strong></span> <span class='ocrx_word' id='word_1_698' title='bbox 1816 4815 1921 4865; x_wconf 86' lang='lat' dir='ltr'><strong>hoc</strong></span> 
     </span>
    </p>
   </div>
   <div class='ocr_carea' id='block_1_94' title="bbox 353 4901 1917 4976">
    <p class='ocr_par' dir='ltr' id='par_1_94' title="bbox 353 4901 1917 4976">
     <span class='ocr_line' id='line_1_94' title="bbox 353 4901 1917 4976; baseline -0.005 -12"><span class='ocrx_word' id='word_1_699' title='bbox 353 4913 652 4966; x_wconf 74' lang='lat' dir='ltr'><strong>lo-mmate:</strong></span> <span class='ocrx_word' id='word_1_700' title='bbox 708 4908 814 4963; x_wconf 77' lang='grc' dir='ltr'><strong>Τοῦ</strong></span> <span class='ocrx_word' id='word_1_701' title='bbox 855 4907 1172 4976; x_wconf 72' lang='grc' dir='ltr'>σοφωτάτου</span> <span class='ocrx_word' id='word_1_702' title='bbox 1219 4907 1314 4960; x_wconf 72' lang='grc' dir='ltr'><strong>καὶ</strong></span> <span class='ocrx_word' id='word_1_703' title='bbox 1365 4904 1699 4974; x_wconf 76' lang='grc' dir='ltr'>λογιωτάτου</span> <span class='ocrx_word' id='word_1_704' title='bbox 1748 4901 1917 4974; x_wconf 79' lang='grc' dir='ltr'><strong>κυροῦ</strong></span> 
     </span>
    </p>
   </div>
   <div class='ocr_carea' id='block_1_95' title="bbox 353 4997 1919 5076">
    <p class='ocr_par' dir='ltr' id='par_1_95' title="bbox 353 4997 1919 5076">
     <span class='ocr_line' id='line_1_95' title="bbox 353 4997 1919 5076; baseline -0.006 -18"><span class='ocrx_word' id='word_1_705' title='bbox 353 5004 572 5076; x_wconf 71' lang='grc' dir='ltr'>Μιχαὴλ</span> <span class='ocrx_word' id='word_1_706' title='bbox 630 5005 726 5057; x_wconf 77' lang='grc' dir='ltr'>τοῦ</span> <span class='ocrx_word' id='word_1_707' title='bbox 787 5003 968 5056; x_wconf 83' lang='grc' dir='ltr'>Γλυκᾶ</span> <span class='ocrx_word' id='word_1_708' title='bbox 1035 5003 1118 5066; x_wconf 75' lang='grc' dir='ltr'>εἰς</span> <span class='ocrx_word' id='word_1_709' title='bbox 1177 5001 1274 5063; x_wconf 83' lang='grc' dir='ltr'>τὰς</span> <span class='ocrx_word' id='word_1_710' title='bbox 1327 4999 1562 5070; x_wconf 77' lang='grc' dir='ltr'><strong>ἀπορίας</strong></span> <span class='ocrx_word' id='word_1_711' title='bbox 1621 5001 1720 5070; x_wconf 77' lang='grc' dir='ltr'>τῆς</span> <span class='ocrx_word' id='word_1_712' title='bbox 1767 4997 1919 5060; x_wconf 80' lang='grc' dir='ltr'><strong>θείας</strong></span> 
     </span>
    </p>
   </div>
   <div class='ocr_carea' id='block_1_96' title="bbox 354 5089 1918 5169">
    <p class='ocr_par' dir='ltr' id='par_1_96' title="bbox 354 5089 1918 5169">
     <span class='ocr_line' id='line_1_96' title="bbox 354 5089 1918 5169; baseline -0.007 -17"><span class='ocrx_word' id='word_1_713' title='bbox 354 5100 592 5169; x_wconf 82' lang='grc' dir='ltr'>Γραφῆς.</span> <span class='ocrx_word' id='word_1_714' title='bbox 639 5097 1028 5167; x_wconf 85' lang='lat' dir='ltr'><strong>Sapientissimi</strong></span> <span class='ocrx_word' id='word_1_715' title='bbox 1061 5113 1110 5149; x_wconf 78' lang='lat' dir='ltr'><strong>et</strong></span> <span class='ocrx_word' id='word_1_716' title='bbox 1141 5093 1549 5163; x_wconf 84' lang='lat' dir='ltr'><strong>eloquentissimi</strong></span> <span class='ocrx_word' id='word_1_717' title='bbox 1593 5092 1774 5145; x_wconf 86' lang='lat' dir='ltr'><strong>damni</strong></span> <span class='ocrx_word' id='word_1_718' title='bbox 1812 5089 1918 5142; x_wconf 81' lang='lat' dir='ltr'><strong>Mi-</strong></span> 
     </span>
    </p>
   </div>
   <div class='ocr_carea' id='block_1_97' title="bbox 308 5181 1920 5263">
    <p class='ocr_par' dir='ltr' id='par_1_97' title="bbox 308 5181 1920 5263">
     <span class='ocr_line' id='line_1_97' title="bbox 308 5181 1920 5263; baseline -0.006 -17"><span class='ocrx_word' id='word_1_719' title='bbox 308 5260 311 5263; x_wconf 22' lang='lat'><strong>,</strong></span> <span class='ocrx_word' id='word_1_720' title='bbox 355 5191 540 5246; x_wconf 82' lang='lat' dir='ltr'><strong>chaelis</strong></span> <span class='ocrx_word' id='word_1_721' title='bbox 566 5191 739 5261; x_wconf 77' lang='lat' dir='ltr'><strong>Clycw</strong></span> <span class='ocrx_word' id='word_1_722' title='bbox 764 5192 819 5244; x_wconf 91' lang='lat' dir='ltr'><strong>in</strong></span> <span class='ocrx_word' id='word_1_723' title='bbox 841 5190 1027 5245; x_wconf 77' lang='lat' dir='ltr'><strong>divina:</strong></span> <span class='ocrx_word' id='word_1_724' title='bbox 1052 5188 1341 5259; x_wconf 77' lang='lat' dir='ltr'><strong>Scriptum</strong></span> <span class='ocrx_word' id='word_1_725' title='bbox 1359 5186 1732 5241; x_wconf 85' lang='lat' dir='ltr'><strong>dubitationes.</strong></span> <span class='ocrx_word' id='word_1_726' title='bbox 1765 5185 1832 5239; x_wconf 89' lang='lat' dir='ltr'><strong>Et</strong></span> <span class='ocrx_word' id='word_1_727' title='bbox 1852 5181 1920 5236; x_wconf 89' lang='lat' dir='ltr'><strong>ad</strong></span> 
     </span>
    </p>
   </div>
   <div class='ocr_carea' id='block_1_98' title="bbox 355 5278 1922 5352">
    <p class='ocr_par' dir='ltr' id='par_1_98' title="bbox 355 5278 1922 5352">
     <span class='ocr_line' id='line_1_98' title="bbox 355 5278 1922 5352; baseline -0.008 -11"><span class='ocrx_word' id='word_1_728' title='bbox 355 5287 556 5341; x_wconf 83' lang='lat' dir='ltr'><strong>calcem</strong></span> <span class='ocrx_word' id='word_1_729' title='bbox 589 5285 794 5339; x_wconf 83' lang='lat' dir='ltr'><strong>codicis</strong></span> <span class='ocrx_word' id='word_1_730' title='bbox 827 5283 1146 5352; x_wconf 88' lang='lat' dir='ltr'><strong>posterioris</strong></span> <span class='ocrx_word' id='word_1_731' title='bbox 1205 5281 1322 5334; x_wconf 69' lang='lat' dir='ltr'><strong>hinc</strong></span> <span class='ocrx_word' id='word_1_732' title='bbox 1351 5278 1709 5334; x_wconf 86' lang='lat' dir='ltr'><strong>scribuntur:</strong></span> <span class='ocrx_word' id='word_1_733' title='bbox 1751 5279 1922 5330; x_wconf 83' lang='grc' dir='ltr'>Τοῦτο</span> 
     </span>
    </p>
   </div>
   <div class='ocr_carea' id='block_1_99' title="bbox 356 5363 1921 5444">
    <p class='ocr_par' dir='ltr' id='par_1_99' title="bbox 356 5363 1921 5444">
     <span class='ocr_line' id='line_1_99' title="bbox 356 5363 1921 5444; baseline -0.004 -16"><span class='ocrx_word' id='word_1_734' title='bbox 356 5363 559 5444; x_wconf 65' lang='grc' dir='ltr'>βιϐλῖον</span> <span class='ocrx_word' id='word_1_735' title='bbox 590 5376 823 5444; x_wconf 82' lang='grc' dir='ltr'>ὑπάρχει</span> <span class='ocrx_word' id='word_1_736' title='bbox 854 5375 1078 5444; x_wconf 75' lang='grc' dir='ltr'>Μιχαὴλ</span> <span class='ocrx_word' id='word_1_737' title='bbox 1105 5372 1198 5426; x_wconf 83' lang='grc' dir='ltr'>τοῦ</span> <span class='ocrx_word' id='word_1_738' title='bbox 1227 5372 1430 5425; x_wconf 78' lang='grc' dir='ltr'>Γλυκᾶ.</span> <span class='ocrx_word' id='word_1_739' title='bbox 1492 5369 1595 5423; x_wconf 85' lang='lat' dir='ltr'><strong>Hic</strong></span> <span class='ocrx_word' id='word_1_740' title='bbox 1619 5369 1822 5423; x_wconf 86' lang='lat' dir='ltr'><strong>libellus</strong></span> <span class='ocrx_word' id='word_1_741' title='bbox 1847 5378 1921 5422; x_wconf 85' lang='lat' dir='ltr'><strong>est</strong></span> 
     </span>
    </p>
   </div>
   <div class='ocr_carea' id='block_1_100' title="bbox 360 5459 1919 5534">
    <p class='ocr_par' dir='ltr' id='par_1_100' title="bbox 360 5459 1919 5534">
     <span class='ocr_line' id='line_1_100' title="bbox 360 5459 1919 5534; baseline -0.004 -16"><span class='ocrx_word' id='word_1_742' title='bbox 360 5466 631 5520; x_wconf 79' lang='lat' dir='ltr'><strong>Michaelis</strong></span> <span class='ocrx_word' id='word_1_743' title='bbox 703 5463 896 5534; x_wconf 62' lang='grc' dir='ltr'><strong>(Σιμίας.</strong></span> <span class='ocrx_word' id='word_1_744' title='bbox 959 5464 1065 5519; x_wconf 79' lang='lat' dir='ltr'><strong>Sed</strong></span> <span class='ocrx_word' id='word_1_745' title='bbox 1129 5473 1185 5518; x_wconf 93' lang='lat' dir='ltr'><strong>et</strong></span> <span class='ocrx_word' id='word_1_746' title='bbox 1244 5461 1426 5517; x_wconf 83' lang='lat' dir='ltr'><strong>Codex</strong></span> <span class='ocrx_word' id='word_1_747' title='bbox 1489 5459 1919 5524; x_wconf 78' lang='lat' dir='ltr'><strong>lticcardianus,</strong></span> 
     </span>
    </p>
   </div>
   <div class='ocr_carea' id='block_1_101' title="bbox 357 5549 1923 5622">
    <p class='ocr_par' dir='ltr' id='par_1_101' title="bbox 357 5549 1923 5622">
     <span class='ocr_line' id='line_1_101' title="bbox 357 5549 1923 5622; baseline -0.004 -15"><span class='ocrx_word' id='word_1_748' title='bbox 357 5571 463 5622; x_wconf 91' lang='lat' dir='ltr'><strong>quo</strong></span> <span class='ocrx_word' id='word_1_749' title='bbox 497 5559 719 5618; x_wconf 86' lang='lat' dir='ltr'><strong>utimur.</strong></span> <span class='ocrx_word' id='word_1_750' title='bbox 753 5556 824 5610; x_wconf 89' lang='lat' dir='ltr'><strong>ita</strong></span> <span class='ocrx_word' id='word_1_751' title='bbox 852 5554 1174 5611; x_wconf 82' lang='lat' dir='ltr'><strong>inscribitur</strong></span> <span class='ocrx_word' id='word_1_752' title='bbox 1203 5571 1218 5608; x_wconf 85' lang='lat'><strong>:</strong></span> <span class='ocrx_word' id='word_1_753' title='bbox 1270 5550 1668 5622; x_wconf 82' lang='grc' dir='ltr'>Γραμματικοῦ</span> <span class='ocrx_word' id='word_1_754' title='bbox 1709 5549 1923 5619; x_wconf 82' lang='grc' dir='ltr'>Μιχαὴλ</span> 
     </span>
    </p>
   </div>
   <div class='ocr_carea' id='block_1_102' title="bbox 355 5639 1924 5714">
    <p class='ocr_par' dir='ltr' id='par_1_102' title="bbox 355 5639 1924 5714">
     <span class='ocr_line' id='line_1_102' title="bbox 355 5639 1924 5714; baseline -0.003 -16"><span class='ocrx_word' id='word_1_755' title='bbox 355 5646 450 5698; x_wconf 75' lang='grc' dir='ltr'>τοῦ</span> <span class='ocrx_word' id='word_1_756' title='bbox 481 5648 676 5700; x_wconf 60' lang='lat' dir='ltr'><strong>Fluxa.</strong></span> <span class='ocrx_word' id='word_1_757' title='bbox 711 5645 1056 5700; x_wconf 76' lang='lat' dir='ltr'><strong>Grammatici</strong></span> <span class='ocrx_word' id='word_1_758' title='bbox 1080 5641 1350 5700; x_wconf 79' lang='lat' dir='ltr'><strong>Michaelis</strong></span> <span class='ocrx_word' id='word_1_759' title='bbox 1382 5642 1576 5714; x_wconf 66' lang='grc' dir='ltr'><strong>δινσιε.</strong></span> <span class='ocrx_word' id='word_1_760' title='bbox 1608 5639 1924 5696; x_wconf 88' lang='lat' dir='ltr'><strong>Laudantur</strong></span> 
     </span>
    </p>
   </div>
   <div class='ocr_carea' id='block_1_103' title="bbox 357 5731 1923 5797">
    <p class='ocr_par' dir='ltr' id='par_1_103' title="bbox 357 5731 1923 5797">
     <span class='ocr_line' id='line_1_103' title="bbox 357 5731 1923 5797; baseline -0.003 -5"><span class='ocrx_word' id='word_1_761' title='bbox 357 5737 518 5792; x_wconf 77' lang='lat' dir='ltr'><strong>etiam</strong></span> <span class='ocrx_word' id='word_1_762' title='bbox 552 5753 580 5792; x_wconf 90' lang='lat' dir='ltr'><strong>a</strong></span> <span class='ocrx_word' id='word_1_763' title='bbox 610 5735 852 5795; x_wconf 85' lang='lat' dir='ltr'><strong>Gesncro</strong></span> <span class='ocrx_word' id='word_1_764' title='bbox 881 5741 983 5794; x_wconf 91' lang='lat' dir='ltr'><strong>sub</strong></span> <span class='ocrx_word' id='word_1_765' title='bbox 1018 5736 1237 5794; x_wconf 89' lang='lat' dir='ltr'><strong>nomine</strong></span> <span class='ocrx_word' id='word_1_766' title='bbox 1264 5736 1464 5797; x_wconf 71' lang='lat' dir='ltr'><strong>lecte.</strong></span> <span class='ocrx_word' id='word_1_767' title='bbox 1505 5746 1563 5790; x_wconf 92' lang='lat' dir='ltr'><strong>ut</strong></span> <span class='ocrx_word' id='word_1_768' title='bbox 1595 5743 1651 5790; x_wconf 88' lang='lat' dir='ltr'><strong>et</strong></span> <span class='ocrx_word' id='word_1_769' title='bbox 1700 5733 1767 5789; x_wconf 90' lang='lat' dir='ltr'><strong>ab</strong></span> <span class='ocrx_word' id='word_1_770' title='bbox 1798 5731 1923 5788; x_wconf 66' lang='lat' dir='ltr'><strong>Ilae-</strong></span> 
     </span>
    </p>
   </div>
   <div class='ocr_carea' id='block_1_104' title="bbox 2023 4509 3586 4597">
    <p class='ocr_par' dir='ltr' id='par_1_104' title="bbox 2023 4509 3586 4597">
     <span class='ocr_line' id='line_1_104' title="bbox 2023 4509 3586 4597; baseline -0.013 -15"><span class='ocrx_word' id='word_1_771' title='bbox 2023 4526 2244 4597; x_wconf 82' lang='lat' dir='ltr'><strong>Magnus</strong></span> <span class='ocrx_word' id='word_1_772' title='bbox 2277 4523 2532 4591; x_wconf 78' lang='lat' dir='ltr'><strong>Basilius,</strong></span> <span class='ocrx_word' id='word_1_773' title='bbox 2569 4523 2850 4592; x_wconf 80' lang='lat' dir='ltr'><strong>Gregorius</strong></span> <span class='ocrx_word' id='word_1_774' title='bbox 2886 4520 3178 4591; x_wconf 76' lang='lat' dir='ltr'><strong>Nyssenus,</strong></span> <span class='ocrx_word' id='word_1_775' title='bbox 3213 4515 3445 4569; x_wconf 82' lang='lat' dir='ltr'><strong>Joannes</strong></span> <span class='ocrx_word' id='word_1_776' title='bbox 3475 4509 3586 4564; x_wconf 80' lang='lat' dir='ltr'><strong>Au-</strong></span> 
     </span>
    </p>
   </div>
   <div class='ocr_carea' id='block_1_105' title="bbox 2025 4603 3589 4692">
    <p class='ocr_par' dir='ltr' id='par_1_105' title="bbox 2025 4603 3589 4692">
     <span class='ocr_line' id='line_1_105' title="bbox 2025 4603 3589 4692; baseline -0.012 -19"><span class='ocrx_word' id='word_1_777' title='bbox 2025 4623 2234 4692; x_wconf 76' lang='lat' dir='ltr'><strong>ri/luus,</strong></span> <span class='ocrx_word' id='word_1_778' title='bbox 2271 4635 2493 4689; x_wconf 85' lang='lat' dir='ltr'><strong>magnus</strong></span> <span class='ocrx_word' id='word_1_779' title='bbox 2530 4616 2871 4678; x_wconf 76' lang='lat' dir='ltr'><strong>Athanasius,</strong></span> <span class='ocrx_word' id='word_1_780' title='bbox 2901 4611 3148 4682; x_wconf 82' lang='lat' dir='ltr'><strong>Cyrillus,</strong></span> <span class='ocrx_word' id='word_1_781' title='bbox 3191 4623 3415 4678; x_wconf 84' lang='lat' dir='ltr'><strong>magnus</strong></span> <span class='ocrx_word' id='word_1_782' title='bbox 3454 4603 3589 4669; x_wconf 75' lang='lat' dir='ltr'><strong>Epi-</strong></span> 
     </span>
    </p>
   </div>
   <div class='ocr_carea' id='block_1_106' title="bbox 2023 4699 3593 4782">
    <p class='ocr_par' dir='ltr' id='par_1_106' title="bbox 2023 4699 3593 4782">
     <span class='ocr_line' id='line_1_106' title="bbox 2023 4699 3593 4782; baseline -0.012 -16"><span class='ocrx_word' id='word_1_783' title='bbox 2023 4714 2269 4782; x_wconf 85' lang='lat' dir='ltr'><strong>phanius,</strong></span> <span class='ocrx_word' id='word_1_784' title='bbox 2294 4712 2611 4766; x_wconf 81' lang='lat' dir='ltr'><strong>Anastasius</strong></span> <span class='ocrx_word' id='word_1_785' title='bbox 2640 4706 2890 4770; x_wconf 86' lang='lat' dir='ltr'><strong>Sinaites,</strong></span> <span class='ocrx_word' id='word_1_786' title='bbox 2917 4703 3152 4758; x_wconf 79' lang='lat' dir='ltr'><strong>Joannes</strong></span> <span class='ocrx_word' id='word_1_787' title='bbox 3213 4699 3593 4754; x_wconf 83' lang='lat' dir='ltr'><strong>Damascenus.</strong></span> 
     </span>
    </p>
   </div>
   <div class='ocr_carea' id='block_1_107' title="bbox 2026 4791 3594 4877">
    <p class='ocr_par' dir='ltr' id='par_1_107' title="bbox 2026 4791 3594 4877">
     <span class='ocr_line' id='line_1_107' title="bbox 2026 4791 3594 4877; baseline -0.016 -14"><span class='ocrx_word' id='word_1_788' title='bbox 2026 4807 2305 4877; x_wconf 86' lang='lat' dir='ltr'><strong>Gregorius</strong></span> <span class='ocrx_word' id='word_1_789' title='bbox 2361 4803 2635 4872; x_wconf 82' lang='lat' dir='ltr'><strong>Dialogus,</strong></span> <span class='ocrx_word' id='word_1_790' title='bbox 2683 4801 2921 4856; x_wconf 81' lang='lat' dir='ltr'><strong>Andreas</strong></span> <span class='ocrx_word' id='word_1_791' title='bbox 2979 4795 3262 4857; x_wconf 82' lang='lat' dir='ltr'><strong>Cretensis,</strong></span> <span class='ocrx_word' id='word_1_792' title='bbox 3316 4791 3505 4845; x_wconf 86' lang='lat' dir='ltr'><strong>Petrus</strong></span> <span class='ocrx_word' id='word_1_793' title='bbox 3545 4793 3594 4839; x_wconf 87' lang='lat' dir='ltr'><strong>et</strong></span> 
     </span>
    </p>
   </div>
   <div class='ocr_carea' id='block_1_108' title="bbox 2026 4877 3594 4966">
    <p class='ocr_par' dir='ltr' id='par_1_108' title="bbox 2026 4877 3594 4966">
     <span class='ocr_line' id='line_1_108' title="bbox 2026 4877 3594 4966; baseline -0.015 -14"><span class='ocrx_word' id='word_1_794' title='bbox 2026 4897 2230 4951; x_wconf 85' lang='lat' dir='ltr'><strong>Paulus</strong></span> <span class='ocrx_word' id='word_1_795' title='bbox 2279 4895 2523 4966; x_wconf 83' lang='lat' dir='ltr'><strong>apostoli,</strong></span> <span class='ocrx_word' id='word_1_796' title='bbox 2559 4891 2885 4961; x_wconf 85' lang='lat' dir='ltr'><strong>Nicephorus</strong></span> <span class='ocrx_word' id='word_1_797' title='bbox 2908 4885 3242 4958; x_wconf 86' lang='lat' dir='ltr'><strong>patriarcha,</strong></span> <span class='ocrx_word' id='word_1_798' title='bbox 3273 4893 3492 4948; x_wconf 84' lang='lat' dir='ltr'><strong>cumque</strong></span> <span class='ocrx_word' id='word_1_799' title='bbox 3515 4877 3594 4930; x_wconf 86' lang='lat' dir='ltr'><strong>his</strong></span> 
     </span>
    </p>
   </div>
   <div class='ocr_carea' id='block_1_109' title="bbox 2027 4973 3597 5056">
    <p class='ocr_par' dir='ltr' id='par_1_109' title="bbox 2027 4973 3597 5056">
     <span class='ocr_line' id='line_1_109' title="bbox 2027 4973 3597 5056; baseline -0.016 -11"><span class='ocrx_word' id='word_1_800' title='bbox 2027 4990 2201 5045; x_wconf 80' lang='lat' dir='ltr'><strong>Moses</strong></span> <span class='ocrx_word' id='word_1_801' title='bbox 2221 4998 2270 5044; x_wconf 87' lang='lat' dir='ltr'><strong>et</strong></span> <span class='ocrx_word' id='word_1_802' title='bbox 2300 4988 2488 5055; x_wconf 84' lang='lat' dir='ltr'><strong>David,</strong></span> <span class='ocrx_word' id='word_1_803' title='bbox 2519 4996 2592 5050; x_wconf 89' lang='lat' dir='ltr'><strong>et,</strong></span> <span class='ocrx_word' id='word_1_804' title='bbox 2613 4984 2705 5056; x_wconf 90' lang='lat' dir='ltr'><strong>qui</strong></span> <span class='ocrx_word' id='word_1_805' title='bbox 2730 4985 2878 5038; x_wconf 83' lang='lat' dir='ltr'><strong>hosce</strong></span> <span class='ocrx_word' id='word_1_806' title='bbox 2941 4978 3209 5033; x_wconf 84' lang='lat' dir='ltr'><strong>illuminat</strong></span> <span class='ocrx_word' id='word_1_807' title='bbox 3240 4973 3483 5040; x_wconf 81' lang='lat' dir='ltr'><strong>testisque</strong></span> <span class='ocrx_word' id='word_1_808' title='bbox 3519 4978 3597 5022; x_wconf 87' lang='lat' dir='ltr'><strong>est</strong></span> 
     </span>
    </p>
   </div>
   <div class='ocr_carea' id='block_1_110' title="bbox 2026 5072 3016 5148">
    <p class='ocr_par' dir='ltr' id='par_1_110' title="bbox 2026 5072 3016 5148">
     <span class='ocr_line' id='line_1_110' title="bbox 2026 5072 3016 5148; baseline -0.013 -11"><span class='ocrx_word' id='word_1_809' title='bbox 2026 5083 2240 5138; x_wconf 72' lang='lat' dir='ltr'><strong>mentiri</strong></span> <span class='ocrx_word' id='word_1_810' title='bbox 2265 5082 2487 5146; x_wconf 85' lang='lat' dir='ltr'><strong>nescius,</strong></span> <span class='ocrx_word' id='word_1_811' title='bbox 2517 5072 2766 5148; x_wconf 66' lang='lat' dir='ltr'><strong>Spiritus;</strong></span> <span class='ocrx_word' id='word_1_812' title='bbox 2783 5082 3016 5128; x_wconf 87' lang='lat' dir='ltr'><strong>sanctus.</strong></span> 
     </span>
    </p>
   </div>
   <div class='ocr_carea' id='block_1_111' title="bbox 2102 5158 3595 5243">
    <p class='ocr_par' dir='ltr' id='par_1_111' title="bbox 2102 5158 3595 5243">
     <span class='ocr_line' id='line_1_111' title="bbox 2102 5158 3595 5243; baseline -0.01 -16"><span class='ocrx_word' id='word_1_813' title='bbox 2102 5175 2306 5231; x_wconf 84' lang='lat' dir='ltr'><strong>Verum</strong></span> <span class='ocrx_word' id='word_1_814' title='bbox 2337 5184 2634 5243; x_wconf 89' lang='lat' dir='ltr'><strong>antequam</strong></span> <span class='ocrx_word' id='word_1_815' title='bbox 2667 5171 2736 5226; x_wconf 85' lang='lat' dir='ltr'><strong>de</strong></span> <span class='ocrx_word' id='word_1_816' title='bbox 2767 5169 2947 5239; x_wconf 74' lang='lat' dir='ltr'><strong>Glycce</strong></span> <span class='ocrx_word' id='word_1_817' title='bbox 2985 5163 3246 5234; x_wconf 86' lang='lat' dir='ltr'><strong>Epistolis</strong></span> <span class='ocrx_word' id='word_1_818' title='bbox 3279 5175 3438 5231; x_wconf 82' lang='lat' dir='ltr'><strong>agere</strong></span> <span class='ocrx_word' id='word_1_819' title='bbox 3495 5158 3595 5213; x_wconf 83' lang='lat' dir='ltr'><strong>de-</strong></span> 
     </span>
    </p>
   </div>
   <div class='ocr_carea' id='block_1_112' title="bbox 2027 5253 3596 5333">
    <p class='ocr_par' dir='ltr' id='par_1_112' title="bbox 2027 5253 3596 5333">
     <span class='ocr_line' id='line_1_112' title="bbox 2027 5253 3596 5333; baseline -0.013 -7"><span class='ocrx_word' id='word_1_820' title='bbox 2027 5271 2297 5333; x_wconf 85' lang='lat' dir='ltr'><strong>sinamus,</strong></span> <span class='ocrx_word' id='word_1_821' title='bbox 2326 5267 2395 5322; x_wconf 91' lang='lat' dir='ltr'><strong>de</strong></span> <span class='ocrx_word' id='word_1_822' title='bbox 2423 5266 2614 5321; x_wconf 92' lang='lat' dir='ltr'><strong>codice</strong></span> <span class='ocrx_word' id='word_1_823' title='bbox 2653 5259 3018 5316; x_wconf 80' lang='lat' dir='ltr'><strong>Riccardiauo</strong></span> <span class='ocrx_word' id='word_1_824' title='bbox 3064 5258 3328 5311; x_wconf 86' lang='lat' dir='ltr'><strong>lectorem</strong></span> <span class='ocrx_word' id='word_1_825' title='bbox 3360 5253 3596 5307; x_wconf 84' lang='lat' dir='ltr'><strong>edocere</strong></span> 
     </span>
    </p>
   </div>
   <div class='ocr_carea' id='block_1_113' title="bbox 2027 5353 3598 5418">
    <p class='ocr_par' dir='ltr' id='par_1_113' title="bbox 2027 5353 3598 5418">
     <span class='ocr_line' id='line_1_113' title="bbox 2027 5353 3598 5418; baseline -0.015 0"><span class='ocrx_word' id='word_1_826' title='bbox 2027 5362 2136 5418; x_wconf 81' lang='lat' dir='ltr'><strong>fert</strong></span> <span class='ocrx_word' id='word_1_827' title='bbox 2157 5360 2394 5416; x_wconf 89' lang='lat' dir='ltr'><strong>animus.</strong></span> <span class='ocrx_word' id='word_1_828' title='bbox 2431 5356 2617 5412; x_wconf 80' lang='lat' dir='ltr'><strong>Codex</strong></span> <span class='ocrx_word' id='word_1_829' title='bbox 2645 5355 2733 5409; x_wconf 87' lang='lat' dir='ltr'><strong>hic</strong></span> <span class='ocrx_word' id='word_1_830' title='bbox 2761 5354 3084 5410; x_wconf 82' lang='lat' dir='ltr'><strong>chartaccus</strong></span> <span class='ocrx_word' id='word_1_831' title='bbox 3110 5358 3213 5412; x_wconf 87' lang='lat' dir='ltr'><strong>est,</strong></span> <span class='ocrx_word' id='word_1_832' title='bbox 3246 5353 3465 5401; x_wconf 90' lang='lat' dir='ltr'><strong>notatus</strong></span> <span class='ocrx_word' id='word_1_833' title='bbox 3489 5358 3598 5397; x_wconf 84' lang='lat' dir='ltr'><strong>nu-</strong></span> 
     </span>
    </p>
   </div>
   <div class='ocr_carea' id='block_1_114' title="bbox 2026 5438 3602 5520">
    <p class='ocr_par' dir='ltr' id='par_1_114' title="bbox 2026 5438 3602 5520">
     <span class='ocr_line' id='line_1_114' title="bbox 2026 5438 3602 5520; baseline -0.017 -8"><span class='ocrx_word' id='word_1_834' title='bbox 2026 5453 2290 5520; x_wconf 77' lang='lat' dir='ltr'><strong>mcroiQ,</strong></span> <span class='ocrx_word' id='word_1_835' title='bbox 2322 5449 2514 5507; x_wconf 89' lang='lat' dir='ltr'><strong>Pluteo</strong></span> <span class='ocrx_word' id='word_1_836' title='bbox 2552 5449 2623 5513; x_wconf 82' lang='grc' dir='ltr'><strong>Κ,</strong></span> <span class='ocrx_word' id='word_1_837' title='bbox 2650 5445 2846 5502; x_wconf 90' lang='lat' dir='ltr'><strong>ordine</strong></span> <span class='ocrx_word' id='word_1_838' title='bbox 2878 5444 2922 5508; x_wconf 89' lang='lat' dir='ltr'><strong>l,</strong></span> <span class='ocrx_word' id='word_1_839' title='bbox 2978 5443 3122 5495; x_wconf 93' lang='lat' dir='ltr'><strong>inter</strong></span> <span class='ocrx_word' id='word_1_840' title='bbox 3167 5438 3352 5495; x_wconf 64' lang='lat' dir='ltr'><strong>Gruca</strong></span> <span class='ocrx_word' id='word_1_841' title='bbox 3409 5448 3602 5490; x_wconf 87' lang='lat' dir='ltr'><strong>manu-</strong></span> 
     </span>
    </p>
   </div>
   <div class='ocr_carea' id='block_1_115' title="bbox 2027 5525 3598 5616">
    <p class='ocr_par' dir='ltr' id='par_1_115' title="bbox 2027 5525 3598 5616">
     <span class='ocr_line' id='line_1_115' title="bbox 2027 5525 3598 5616; baseline -0.017 -13"><span class='ocrx_word' id='word_1_842' title='bbox 2027 5548 2250 5616; x_wconf 90' lang='lat' dir='ltr'><strong>scripta.</strong></span> <span class='ocrx_word' id='word_1_843' title='bbox 2273 5543 2527 5600; x_wconf 88' lang='lat' dir='ltr'><strong>Coutinct</strong></span> <span class='ocrx_word' id='word_1_844' title='bbox 2552 5541 2782 5611; x_wconf 90' lang='lat' dir='ltr'><strong>primum</strong></span> <span class='ocrx_word' id='word_1_845' title='bbox 2803 5535 3075 5606; x_wconf 85' lang='lat' dir='ltr'><strong>Epistolas</strong></span> <span class='ocrx_word' id='word_1_846' title='bbox 3091 5532 3267 5603; x_wconf 72' lang='lat' dir='ltr'><strong>Glyca:</strong></span> <span class='ocrx_word' id='word_1_847' title='bbox 3289 5525 3598 5587; x_wconf 87' lang='lat' dir='ltr'><strong>nonnullas,</strong></span> 
     </span>
    </p>
   </div>
   <div class='ocr_carea' id='block_1_116' title="bbox 2029 5619 3597 5695">
    <p class='ocr_par' dir='ltr' id='par_1_116' title="bbox 2029 5619 3597 5695">
     <span class='ocr_line' id='line_1_116' title="bbox 2029 5619 3597 5695; baseline -0.016 -1"><span class='ocrx_word' id='word_1_848' title='bbox 2029 5638 2228 5695; x_wconf 86' lang='lat' dir='ltr'><strong>deinde</strong></span> <span class='ocrx_word' id='word_1_849' title='bbox 2252 5633 2588 5692; x_wconf 82' lang='lat' dir='ltr'><strong>Cbristoduli</strong></span> <span class='ocrx_word' id='word_1_850' title='bbox 2624 5629 2899 5686; x_wconf 86' lang='lat' dir='ltr'><strong>monachi.</strong></span> <span class='ocrx_word' id='word_1_851' title='bbox 2943 5643 3039 5682; x_wconf 84' lang='lat' dir='ltr'><strong>seu</strong></span> <span class='ocrx_word' id='word_1_852' title='bbox 3071 5622 3300 5680; x_wconf 83' lang='lat' dir='ltr'><strong>Joannis</strong></span> <span class='ocrx_word' id='word_1_853' title='bbox 3322 5619 3597 5675; x_wconf 85' lang='lat' dir='ltr'><strong>Cantacu-</strong></span> 
     </span>
    </p>
   </div>
   <div class='ocr_carea' id='block_1_117' title="bbox 2031 5711 3600 5790">
    <p class='ocr_par' dir='ltr' id='par_1_117' title="bbox 2031 5711 3600 5790">
     <span class='ocr_line' id='line_1_117' title="bbox 2031 5711 3600 5790; baseline -0.018 -1"><span class='ocrx_word' id='word_1_854' title='bbox 2031 5731 2180 5790; x_wconf 83' lang='lat' dir='ltr'><strong>zeui.</strong></span> <span class='ocrx_word' id='word_1_855' title='bbox 2231 5729 2474 5788; x_wconf 79' lang='lat' dir='ltr'><strong>dialoaos</strong></span> <span class='ocrx_word' id='word_1_856' title='bbox 2523 5725 2556 5781; x_wconf 91' lang='lat'>8</span> <span class='ocrx_word' id='word_1_857' title='bbox 2603 5724 2868 5780; x_wconf 83' lang='lat' dir='ltr'><strong>adversus</strong></span> <span class='ocrx_word' id='word_1_858' title='bbox 2917 5717 3128 5774; x_wconf 68' lang='grc' dir='ltr'>ιιιιίωυε</span> <span class='ocrx_word' id='word_1_859' title='bbox 3175 5729 3335 5771; x_wconf 86' lang='lat' dir='ltr'><strong>manu</strong></span> <span class='ocrx_word' id='word_1_860' title='bbox 3384 5711 3600 5766; x_wconf 78' lang='lat' dir='ltr'><strong>diversa</strong></span> 
     </span>
    </p>
   </div>
  </div>
