3968 6228
365 366 487 410 ιγιι

1681 367 2018 429 JOANNES
2064 329 2373 431 LAMllJS.

3508 379 3642 420 κνιιι

377 486 660 532 exaratos.
694 478 865 535 Primi
897 486 1077 535 autem
1138 479 1327 535 titulus
1382 480 1454 534 ita
1492 480 1653 537 habet
1681 500 1695 535 :
1731 483 1965 552 Χριστο-
1998 488 2039 541 Α
2070 499 2209 545 mus,
2240 484 2596 552 perscrutari,
2627 483 2825 553 quibus
2879 484 2969 539 ille
2999 483 3324 539 Christianae
3363 482 3644 553 religionis

383 570 576 623 δούλου
638 571 887 641 μοναχοῦ
950 573 1091 627 κατᾶ
1145 571 1417 626 ⁹Ιουδαίων
1484 573 1639 642 lbra;
1695 575 1765 629 α’.
1817 573 1969 629 Chri-

388 660 580 714 stoduli
613 664 863 716 monachi
886 664 1134 719 adversus
1189 663 1403 718 Judccos
1452 680 1620 718 sermo
1670 664 1718 718 I.
1777 662 1969 731 Incipit

391 766 563 807 vero:
597 751 715 805 Οὐκ
768 749 866 806 οἶδ’
903 754 1162 823 ὁπότερον
1217 754 1436 809 κάλλιον
1486 756 1643 823 φαῖεν
1687 755 1752 809 ἄν
1804 771 1969 818 τινες,

389 842 710 913 ἐπιγράψας
754 843 834 915 τῷ
860 845 1087 916 τοιούτῳ
1132 846 1476 917 συντάγματι
1517 848 1657 901 κατὰ
1698 846 1972 901 Ἰουδαίων

388 936 581 1006 ipsud
618 936 819 1005 μᾶλλον
844 937 984 1008 ὑπὲρ
1017 938 1219 1004 αὐτῶν,
1258 956 1313 993 κ.
1344 955 1398 995 τ.
1430 938 1480 993 λ.
1512 939 1610 994 Est
1656 940 1712 994 in
1759 940 1865 994 line
1919 947 1976 995 et

387 1029 539 1083 aliud
568 1029 836 1100 perbreve
864 1030 1209 1100 opusculum,
1244 1030 1350 1085 alia
1394 1045 1614 1102 quoque
1670 1046 1858 1097 manu,
1916 1041 1975 1088 ut

389 1121 636 1183 videtur,
666 1120 1022 1190 exscriptum,
1048 1122 1135 1179 cui
1167 1122 1464 1194 praligitur
1487 1138 1503 1178 :
1526 1122 1783 1195 Δόγματα
1812 1122 1972 1194 ὀρθό-

389 1213 543 1278 δοξα,
568 1212 713 1284 ἅπερ
743 1212 989 1278 ὲξὲῠεντο
1035 1216 1086 1269 οι
1127 1216 1274 1286 ἅγιοι
1325 1217 1636 1285 ἀπόστολοι,
1660 1219 1753 1273 καὶ
1778 1220 1978 1284 πάντες

390 1304 441 1355 oi
474 1303 625 1372 ἅγιοι
657 1305 921 1376 Πατέρες,
951 1306 1046 1361 καὶ
1073 1308 1446 1379 οἰκουμενικοὶ
1469 1310 1800 1367 διδάσκαλοι.
1830 1309 1978 1381 Dog-

393 1408 538 1450 mata
585 1397 875 1452 orthodoxa
909 1414 1025 1468 quw
1054 1411 1404 1469 exposuerunt
1436 1403 1611 1456 sancti
1648 1402 1893 1471 apostoli,
1928 1410 1977 1455 et

392 1505 575 1543 ainnes
637 1491 807 1544 sancti
836 1489 1048 1556 Patres,
1104 1500 1153 1547 et
1196 1494 1505 1548 cecumenici
1560 1496 1819 1550 doctores.
1870 1495 1980 1550 Ini-

391 1581 531 1641 rium
555 1593 736 1636 autent
779 1580 898 1651 ejus
929 1591 1015 1638 est
1059 1602 1075 1639 :
1127 1584 1463 1655 Πιττεῦομεν
1485 1626 1501 1653 ,
1532 1585 1717 1650 καθὼς
1749 1584 1981 1639 ἐϐαπτί-

394 1671 637 1743 σθημεν,
672 1675 752 1737 εις
784 1674 1029 1745 Πατέρα,
1061 1675 1157 1728 καὶ
1209 1675 1339 1729 Υἱὸν
1388 1678 1485 1731 καὶ
1533 1676 1690 1745 ἅγιον
1734 1676 1982 1748 Πνεῦμα,

401 1766 498 1819 τὸν
525 1766 624 1821 ἕνα
655 1765 808 1831 Θεὸν,
837 1784 890 1821 κ.
921 1784 975 1822 τ.
1005 1767 1058 1824 λ.
1089 1754 1285 1824 Omnia
1321 1780 1503 1824 tamen
1529 1768 1645 1824 haec
1674 1783 1839 1839 opera
1874 1783 1974 1824 sa:-

391 1860 525 1917 culo
560 1874 629 1915 xv
659 1858 939 1929 descripta
964 1874 1091 1915 esse
1140 1860 1418 1925 videntur,
1462 1861 1563 1916 etsi
1590 1860 1784 1916 nullibi
1815 1859 1966 1926 anni,

390 1952 484 2006 vel
508 1951 793 2021 temporis,
824 1965 934 2021 quo
954 1951 1156 2022 scripta
1186 1952 1431 2017 luerunt,
1450 1952 1734 2009 adnotatio
1756 1962 1969 2023 pareat.

388 2044 577 2115 Glycae
604 2051 782 2097 autem
808 2042 1069 2113 Epistolas
1094 2057 1308 2111 omnes,
1344 2058 1467 2113 quae
1495 2044 1599 2100 hoc
1629 2044 1821 2101 codice
1874 2044 1973 2099 ha-

397 2137 628 2198 bentur,
656 2133 1063 2205 quatuordecim
1098 2144 1309 2191 tantum
1350 2146 1500 2201 sunt,
1532 2152 1760 2207 quarum
1797 2136 1971 2207 prima

396 2224 467 2278 ad
501 2223 761 2279 Joannem
810 2225 1081 2281 Sinaitam
1115 2226 1322 2297 scripta
1350 2236 1457 2292 est,
1506 2238 1669 2299 prout
1696 2227 1751 2282 in
1786 2226 1973 2284 Indice

392 2318 787 2385 Lambeciano,
830 2327 886 2374 et
926 2328 1135 2375 eceterae
1185 2320 1351 2377 etiam
1404 2321 1596 2377 eodem
1653 2320 1847 2378 ordine
1900 2336 1965 2376 ac

395 2411 562 2475 serie,
586 2411 765 2481 quain
785 2421 1089 2468 memorato
1111 2412 1288 2468 indice
1334 2412 1778 2485 progrediuntur.
1795 2410 1975 2469 Unum

395 2512 609 2558 tantum
643 2503 919 2578 singulare
969 2504 1132 2562 habet
1174 2505 1266 2561 hic
1315 2512 1511 2574 codex,
1553 2505 1699 2577 quod
1758 2506 1973 2562 numeri

395 2595 680 2651 adnotatio
715 2594 946 2662 indicat,
974 2610 1093 2651 eam
1139 2596 1425 2667 epistolam
1460 2610 1571 2653 non
1621 2611 1744 2654 esse
1796 2597 1975 2670 Glycaa

398 2685 655 2755 primam,
686 2685 786 2741 sed
812 2684 1068 2751 tertiam;
1097 2683 1173 2741 ita
1209 2692 1268 2740 ut
1295 2694 1487 2756 quarta
1522 2685 1733 2743 decima
1766 2684 1977 2743 decima

399 2793 574 2845 sexta,
606 2794 840 2836 numero
868 2778 1129 2850 ascripta,
1165 2778 1527 2852 signiﬁcetur.
1585 2780 1855 2838 Caeterum
1892 2787 1979 2838 est

400 2874 691 2929 admodum
719 2880 1002 2930 correctus
1044 2880 1099 2928 et
1121 2874 1480 2941 emendatus,
1526 2876 1737 2947 integer
1756 2887 1977 2946 quoque

391 2977 455 3021 et
492 2966 770 3037 eleganter
809 2974 1090 3032 exoratus,
1131 2974 1191 3022 ut
1223 2966 1449 3038 plurimi
1510 2967 1797 3027 faciendus
1852 2982 1977 3026 esse

399 3058 681 3114 videatur.

478 3150 591 3205 Sed
624 3151 733 3223 jam
778 3152 832 3209 in
863 3152 969 3210 alia
998 3152 1175 3225 Glycae
1203 3166 1368 3224 opera
1406 3151 1767 3224 inquiramus,
1800 3153 1979 3224 deque

396 3242 469 3296 iis
506 3242 817 3312 loquentem
846 3243 1134 3300 audiamus
1178 3244 1308 3301 Cas.
1338 3244 1612 3301 Oudinum
1674 3244 1731 3299 in
1770 3244 1978 3317 Glyca:

404 3333 559 3389 Inter
583 3351 710 3390 mss.
743 3337 967 3403 codices,
1002 3336 1199 3408 inquit,
1241 3335 1545 3393 Bodleiante
1571 3336 1766 3394 Oxonii
1782 3338 1839 3392 in
1876 3336 1983 3391 Ait-

399 3428 510 3494 glia
534 3425 858 3480 bibliotheca:
886 3408 1002 3482 cod.
1029 3426 1153 3493 τεο,
1187 3427 1244 3481 in
1272 3442 1396 3482 mss.
1430 3427 1691 3482 codicibus
1714 3426 1983 3484 Guillelmi

406 3515 577 3568 Laudi
603 3516 711 3571 litt.
737 3532 785 3569 e.
810 3517 930 3571 cod.
948 3516 1037 3583 77,
1070 3516 1249 3574 Graece
1274 3523 1484 3571 exstant
1505 3516 1778 3573 Michaelis
1809 3516 1983 3588 Glyca:

406 3622 667 3662 sermones
701 3609 880 3663 uarii:
909 3620 959 3664 et
998 3610 1188 3666 ibidem
1222 3612 1338 3666 cod.
1371 3611 1476 3667 723
1504 3613 1561 3666 in
1605 3604 1981 3682 manuscriptis

408 3700 667 3756 codicibus
687 3702 920 3773 ejusdem
938 3702 1128 3758 ibidem
1152 3704 1267 3758 cod.
1286 3704 1377 3773 9i,
1397 3719 1450 3758 n.
1474 3704 1530 3772 2,
1551 3713 1721 3759 exstat
1747 3702 1982 3759 Michae-

408 3792 472 3847 lis
498 3791 675 3863 Glycw
693 3803 986 3871 tractatus,
1005 3797 1097 3866 qui
1124 3796 1179 3850 in
1201 3797 1361 3869 uarid
1380 3798 1559 3866 capita
1582 3796 1837 3851 dividitur
1858 3806 1979 3863 etc.,

407 3883 498 3951 qui
547 3882 677 3937 liber
708 3899 850 3938 anno
877 3900 1000 3940 terte
1045 3884 1369 3941 Grascanicce
1418 3885 1559 3943 6978
1609 3886 1836 3956 scriptus
1876 3902 1986 3941 esse

407 3972 623 4038 dicitur,
664 3975 763 4029 hoc
794 3982 889 4040 est,
917 3991 1061 4029 anno
1087 3974 1286 4031 Christi
1310 3976 1426 4031 nati
1458 3975 1616 4032 1470.
1653 3976 1892 4045 Denique
1926 3978 1983 4030 in

407 4063 650 4135 catalogo
697 4063 1023 4121 bibliothecae
1077 4064 1397 4137 Marquardi
1438 4066 1632 4135 Gudii,
1690 4068 1782 4139 qui
1826 4068 1985 4139 regite

405 4155 899 4225 majestatisDaniae
912 4158 1249 4214 consiliarius
1265 4160 1364 4231 fuit
1390 4160 1445 4215 in
1468 4177 1709 4231 supremo
1728 4159 1984 4217 tribunali

402 4252 629 4303 ducatus
662 4247 1033 4318 Slcswicensis,
1073 4268 1214 4307 anno
1249 4252 1389 4308 1706
1431 4250 1638 4309 Kilonii
1663 4252 1803 4307 edito
1832 4253 1890 4308 in
1923 4253 1981 4319 ι,

402 4341 556 4411 apud
584 4341 928 4399 Bartholdum
950 4343 1293 4412 Reutlterum,
1332 4361 1456 4415 pag.
1490 4345 1616 4411 533,
1670 4346 1805 4400 inter
1851 4363 1979 4403 mss.

402 4435 611 4489 codices
634 4434 838 4493 ercos
864 4437 923 4493 in
952 4438 1010 4504 4,
1039 4438 1158 4494 eod.
1193 4437 1284 4505 50,
1324 4436 1602 4494 Michaelis
1637 4438 1813 4510 δινσιε
1864 4457 1981 4495 ser-

2073 576 2342 645 dogmatis
2367 577 2676 631 censendus
2697 576 2787 640 sit,
2812 578 2953 646 quod
2977 577 3196 647 quidem
3224 591 3289 631 ex
3319 575 3490 645 ipsius
3513 576 3648 628 scri-

2075 671 2183 738 ptis
2202 671 2504 725 eruendurn
2529 670 2761 726 videtur.
2784 671 3001 742 Glycam
3027 671 3248 741 quidem
3280 668 3645 722 ortliodoxum

2074 762 2211 819 Phil.
2243 762 2489 818 Labbeus
2533 763 2827 819 arbitratur
2854 805 2867 829 ,
2916 764 3011 818 sed
3038 762 3311 819 evidentia
3363 760 3480 831 ipsa
3513 776 3647 813 con—

2077 855 2303 909 trarium
2348 855 2766 911 demonstravit.
2795 855 3092 925 Antiquum
3121 854 3269 908 enim
3300 852 3540 909 scliisnta
3593 860 3649 904 et

2078 946 2193 1015 ipse
2247 944 2457 1012 fovens,
2500 946 2745 1015 quzedam
2803 957 2991 1001 contra
3037 943 3257 999 Latinos
3318 940 3645 1010 composuit.

2076 1034 2212 1090 Nam
2266 1036 2487 1106 scripsit
2528 1035 2764 1102 primum
2822 1036 2889 1090 ad
2948 1035 3243 1089 Maximum
3289 1030 3650 1089 Smeniotem,

2080 1126 2267 1199 Εζχρὴ
2297 1128 2589 1198 προσέχειν
2610 1128 2721 1191 τοῖς
2743 1127 3017 1196 λέγουσιν,
3050 1127 3131 1179 ὅτι
3161 1123 3342 1177 λαϐὼν
3371 1123 3652 1192 ὁΧριστὺς

2079 1220 2291 1290 ἄζυμον
2316 1220 2374 1273 ὲν
2398 1223 2463 1291 τῇ
2506 1220 2718 1290 ἑσπέρᾳ
2743 1220 2841 1289 τῆς
2876 1219 3119 1288 μεγάλης
3145 1219 3406 1287 Πέμπτης
3435 1217 3509 1277 ὡς
3542 1214 3652 1266 τῶν

2078 1313 2181 1381 τῆς
2209 1312 2404 1383 ἑορτῆς
2428 1312 2521 1365 τοῦ
2550 1313 2759 1382 Πάσχα,
2785 1308 3087 1379 τηνικαῦτα
3108 1309 3266 1381 δῆθεν
3289 1311 3399 1370 τοῖς
3431 1308 3652 1367 οἰκείοις

2082 1404 2142 1458 τὸ
2180 1405 2376 1474 Πάσχα
2413 1403 2685 1457 ἐτέλεσεν·
2721 1404 2806 1457 An
2861 1403 3150 1457 dicentibus
3184 1401 3555 1456 attendendum
3584 1399 3652 1452 sit

2083 1497 2349 1551 Christum
2374 1511 2585 1563 vespere
2620 1511 2825 1566 magum
2856 1496 3004 1565 ferite
3037 1512 3090 1558 ν,
3139 1510 3254 1548 cum
3282 1493 3494 1547 Pascha
3518 1490 3653 1544 cele-

2084 1589 2344 1653 braretur,
2382 1588 2635 1655 accepisse
2662 1603 2930 1656 azymum,
2973 1596 3020 1639 et
3045 1586 3121 1638 sic
3157 1584 3267 1639 suis
3307 1593 3416 1637 tum
3450 1583 3653 1637 Pascha

2086 1680 2390 1735 tradidisse.
2457 1676 2791 1747 Principium
2841 1688 3022 1731 autem
3074 1685 3197 1732 est:
3264 1672 3324 1729 Ὀ
3369 1676 3496 1745 περὶ
3545 1675 3655 1725 τῶν

2086 1770 2312 1842 ἀζύμων
2348 1770 2526 1839 λόγος,
2548 1763 2591 1824 ὦ
2616 1768 2739 1823 θεία
2771 1771 2865 1822 καὶ
2895 1766 3019 1838 ἱερὰ
3048 1766 3282 1837 κεφαλὴ,
3314 1766 3407 1819 καὶ
3442 1765 3654 1826 πολλοῖς

2072 1863 2297 1935 ἔφθασε.
2327 1860 2561 1931 Scripsit
2593 1859 2788 1916 deinde
2815 1861 2952 1931 Περί
2989 1877 3151 1914 τινων
3198 1859 3468 1930 χρήσεων,
3495 1859 3654 1909 ὃτιὲκ

2075 1955 2241 2029 μόνου
2271 1953 2368 2009 τοῦ
2416 1952 2646 2023 Πατρδς,
2698 1952 2757 2004 οὐ
2790 1951 2897 2021 μὴν
2920 1950 2977 2004 δὲ
3034 1952 3127 2003 καὶ
3159 1950 3223 2002 ὲκ
3272 1947 3363 2000 τοῦ
3414 1946 3542 2000 Υἱοῦ
3593 1948 3655 1996 τὸ

2076 2047 2301 2118 Πνεῦμα
2337 2046 2399 2100 τὸ
2427 2046 2583 2115 ἅγιον
2615 2044 3011 2114 ἐκπορεύεται,
3059 2042 3155 2095 καὶ
3211 2042 3294 2094 ὅτι
3349 2042 3411 2093 οὐ
3457 2040 3651 2093 ταυτὸν

2075 2140 2351 2213 ἀποστολὴ
2371 2141 2466 2194 καὶ
2498 2130 2855 2209 ὲκπὸρευσις·
2897 2135 2973 2190 De
3019 2133 3291 2189 nonnullis
3326 2132 3546 2187 Patrum
3580 2141 3654 2183 tc-

2076 2234 2361 2296 stimoniis,
2392 2232 2573 2303 quibus
2597 2231 2865 2301 probatur,
2892 2245 2959 2283 ea:
2992 2226 3103 2282 solo
3135 2225 3323 2293 Patre,
3350 2241 3452 2279 non
3481 2234 3657 2276 autem

2077 2337 2125 2382 et
2157 2343 2220 2382 ea:
2238 2326 2396 2391 Filio,
2432 2323 2690 2394 Spiritum
2716 2330 2959 2377 sanctum
2982 2320 3259 2390 procedere
3283 2334 3302 2373 :
3330 2328 3380 2372 et
3406 2333 3506 2370 non
3546 2332 3657 2369 esse

2077 2419 2214 2475 idem
2246 2418 2548 2474 missionem
2593 2423 2644 2471 et
2685 2413 3090 2485 processionem.
3135 2409 3493 2480 Principium,
3516 2408 3581 2461 Τί
3602 2408 3658 2461 δέ

2081 2528 2165 2564 σοι
2199 2510 2295 2565 καὶ
2323 2509 2575 2580 περὶτῆς
2615 2508 2857 2579 ἀρρήτου
2888 2504 2983 2559 τοῦ
3015 2504 3289 2573 παναγίου
3340 2500 3658 2570 Πνεύματος

2078 2602 2482 2674 ἑκπορεύσεως.
2522 2599 2726 2657 Verum
2763 2609 2945 2655 tamen
2983 2607 3069 2653 est
3125 2612 3250 2653 eum
3284 2611 3383 2668 pro
3446 2595 3660 2649 Latinis

2079 2710 2296 2769 quoque
2325 2704 2511 2753 contra
2557 2709 2683 2751 suos
2710 2693 2931 2750 Graecos
2993 2691 3285 2762 scripsisse
3343 2688 3411 2744 ad
3464 2688 3660 2743 Isaiam

2080 2788 2428 2857 monachum,
2492 2788 2630 2858 Περὶ
2674 2787 2770 2842 τοῦ
2822 2788 3005 2842 ὁποῖον
3069 2785 3287 2855 ἀπαντᾷ
3334 2785 3487 2847 τέλος
3539 2782 3661 2842 ταῖς

2078 2876 2280 2949 ψυχαῖς
2309 2874 2713 2949 χωριζομέναις
2759 2874 2855 2929 τοῦ
2894 2874 3169 2945 σώματος,
3196 2874 3291 2927 καὶ
3333 2874 3467 2925 ὅπου
3498 2870 3661 2925 αὐταὶ

2080 2968 2437 3039 ἀπέρχονται.
2466 2966 2604 3033 Quid
2632 2968 2701 3022 sit
2734 2966 2799 3022 de
2832 2966 3133 3029 animabus,
3156 2975 3437 3036 postquam
3470 2964 3661 3034 fuerint

2082 3062 2132 3117 a“
2146 3075 2362 3129 corpore
2383 3068 2664 3130 separatae,
2698 3067 2749 3113 et
2775 3075 2877 3129 quo
2911 3059 3020 3114 illa:
3044 3060 3279 3114 abeant?
3304 3056 3663 3126 Principium,

2007 3178 2052 3240 ε
2083 3152 2194 3208 Καὶ
2216 3152 2475 3223 περὶτῶν
2513 3151 2610 3222 μὲν
2632 3152 2879 3217 δικαίων,
2911 3150 2969 3204 τί
2995 3151 3103 3222 χρὴ
3136 3155 3234 3205 καὶ
3266 3151 3469 3218 λέγειν.
3521 3149 3661 3201 Inibi

2088 3246 2282 3318 probat
2313 3242 2745 3301 luculentissime
2779 3243 2837 3297 in
2868 3242 3066 3298 cmlum
3103 3256 3197 3296 eas
3229 3242 3433 3296 deferri
3458 3283 3474 3307 ,
3505 3241 3660 3294 ideo-

2086 3354 2194 3410 que
2226 3344 2526 3409 praeseutes
2554 3335 2724 3393 Deum
2762 3335 3053 3391 manifeste
3105 3333 3331 3399 intueri,
3357 3343 3523 3402 atque
3585 3332 3661 3383 ita

2087 3445 2301 3488 summa
2326 3428 2588 3485 beatitate
2640 3427 2923 3500 gaudere:
2965 3436 3025 3481 ut
3051 3426 3183 3481 hinc
3227 3440 3424 3495 arguas
3470 3438 3662 3478 omnes

2086 3522 2399 3581 Graecorum
2422 3534 2662 3585 errores,
2690 3519 2826 3590 ipsis
2854 3520 3019 3574 etiam
3046 3517 3272 3583 Graecis,
3298 3515 3390 3586 qui
3424 3516 3661 3569 scliisma

2086 3616 2361 3679 foverunt,
2411 3629 2524 3669 non
2561 3613 2754 3669 eodem
2816 3611 2938 3668 loco
2976 3610 3169 3666 fuisse.
3206 3609 3306 3664 Hic
3353 3619 3663 3679 postremus

2087 3723 2269 3766 sermo
2308 3707 2538 3763 decimae
2562 3715 2770 3761 octavae
2811 3702 3060 3775 epistolae
3118 3703 3299 3757 locum
3341 3700 3555 3755 obtinet
3610 3699 3662 3752 in

2085 3801 2273 3857 Indice
2297 3798 2686 3864 Lamheciano,
2716 3811 2878 3867 aqua
2928 3810 3042 3851 non
3093 3793 3326 3849 multum
3380 3792 3665 3848 dissimilis

2087 3891 2393 3965 argumenti
2429 3890 2648 3946 videtur
2670 3903 2792 3944 esse
2817 3903 2905 3953 ea,
2954 3902 3076 3957 qua:
3118 3886 3391 3956 sequitur,
3431 3887 3665 3940 untlevi~

2086 3982 2314 4049 cesima,
2344 3982 2525 4039 eidem
2572 3980 2845 4036 monacho
2885 3981 3109 4049 scripta.
3164 3979 3271 4034 Alii
3310 3987 3495 4033 autem
3554 3980 3665 4033 duo

2088 4083 2355 4133 tractatus
2381 4074 2648 4131 adversus
2671 4070 2897 4127 Latinos
2932 4080 3062 4127 sunt
3091 4070 3351 4150 vicesima
3406 4071 3660 4140 septima,

2086 4180 2141 4227 et
2167 4168 2651 4234 duodetricesima,
2684 4165 2931 4238 epistola:
2991 4164 3047 4219 in
3097 4163 3280 4219 Indice
3342 4174 3662 4223 memoratu,

2084 4275 2248 4332 quem
2277 4268 2404 4331 post
2426 4257 2686 4329 epistolas
2716 4258 2785 4312 ad
2816 4255 3000 4326 operis
3023 4255 3254 4318 calcem,
3287 4263 3343 4308 ut
3377 4253 3486 4324 jam
3518 4254 3664 4307 disi-

2085 4367 2231 4419 mus,
2282 4366 2408 4408 cum
2452 4349 2573 4406 aliis
2636 4346 3007 4420 fragmentis,
3060 4345 3387 4417 tempestive
3436 4345 3663 4399 exhibe-

2084 4449 2286 4506 bimus.

405 4545 608 4593 mones,
642 4532 920 4587 chartaceo
965 4533 1143 4586 codice
1190 4532 1338 4589 bonae
1384 4542 1545 4601 notat,
1595 4549 1747 4605 quem
1791 4533 1978 4588 titulus
2010 4520 2057 4577 1)
2154 4541 2273 4599 Jam
2303 4555 2435 4597 γει-ο
2471 4538 2608 4610 quid
2637 4539 2706 4594 de
2731 4537 2911 4611 (:1ch
2950 4538 3282 4604 eruditione,
3312 4535 3548 4609 judicio,
3575 4535 3661 4589 di.

407 4619 719 4687 σοφώτατον
776 4623 872 4677 καὶ
908 4623 1241 4693 λογιώτατον
1276 4626 1486 4690 laudat,
1545 4610 1633 4681 ubi
1668 4635 1979 4699 argumenta

407 4725 704 4767 sermonum
764 4724 1103 4769 recensentur
1158 4718 1485 4784 summatim,
1525 4716 1747 4789 singulis
1780 4733 1872 4787 per
1895 4734 1983 4773 or-

412 4803 583 4857 dinem
620 4807 766 4872 operi
789 4806 1089 4873 praemissis.
1128 4807 1251 4865 Hzec
1291 4812 1508 4881 quidem
1539 4811 1654 4868 ille.
1694 4810 1804 4867 Sed
1864 4811 1981 4867 haec

412 4893 525 4950 fere
546 4896 729 4952 omnia
770 4896 846 4950 nil
882 4897 1027 4953 aliud
1052 4899 1181 4953 mihi
1213 4914 1332 4955 esse
1358 4902 1635 4971 videntur,
1666 4918 1825 4975 quam
1854 4904 1982 4975 ipsa:

407 4984 582 5057 Glycae
650 4987 942 5058 Epistulae,
992 5004 1112 5059 quae
1167 4991 1352 5059 Λόγοι,
1376 4991 1651 5049 Sermones
1704 4994 1980 5050 interdum

407 5079 805 5148 inscribuntur,
839 5091 901 5137 ut
938 5083 1158 5153 quidem
1220 5084 1518 5156 aliquando
1568 5084 1628 5141 lit
1680 5086 1734 5141 in
1787 5085 1979 5142 codice

406 5169 788 5236 Biccardiapo.
821 5173 966 5229 Guil.
992 5176 1213 5245 quidem
1241 5177 1455 5234 Caveus
1485 5178 1541 5233 in
1559 5193 1655 5233 sua
1682 5176 1975 5234 Litteraria

408 5262 717 5331 scriptorum
750 5266 1226 5322 ecclesiasticarum
1285 5268 1522 5324 Historia
1546 5270 1811 5341 scriptum
1843 5271 1978 5326 reli-

406 5355 547 5423 quit,
573 5356 763 5412 codice
788 5358 1167 5431 philosophico
1199 5361 1301 5418 105
1326 5362 1671 5419 bibliothecae
1696 5365 1980 5428 Caesareae,

407 5449 665 5505 nonnulla
697 5449 877 5522 Glycae
904 5453 1080 5525 capita
1111 5454 1482 5526 philosoiiltica
1516 5459 1789 5513 asservari
1815 5476 1831 5515 :
1885 5460 1981 5515 sed

408 5541 522 5608 eius
545 5542 801 5600 inimicus
823 5554 880 5601 et
896 5547 1198 5603 insectator
1215 5548 1539 5617 acerrimus,
1561 5549 1685 5607 Cas.
1712 5550 1979 5618 Oudiuus,

410 5632 461 5686 id
490 5633 608 5690 falsi
636 5637 820 5709 arguit
874 5635 1234 5711 aliirmatque,
1270 5655 1394 5697 cum
1422 5644 1807 5710 consuluisset,
1844 5644 1979 5701 nihil

410 5740 468 5782 se
506 5727 607 5785 tale
636 5732 913 5802 reperisse

432 5852 437 5867 ι
478 5818 594 5876 Jam
626 5833 868 5898 tempus,
908 5840 1061 5904 cum;
1093 5831 1160 5907 de
1189 5830 1367 5899 Glycze
1417 5832 1634 5898 scriptis
1662 5833 1771 5890 late
1804 5834 1980 5902 egeri-

2085 4634 2304 4706 Iigentia
2341 4643 2398 4689 et
2455 4631 2812 4703 opinionibus
2866 4632 3160 4689 dicendum
3214 4640 3268 4687 et
3307 4630 3659 4687 sentiendum

2084 4728 2174 4796 sit,
2195 4726 2346 4791 alibi,
2375 4726 2505 4783 licet
2527 4723 2898 4797 perfunctorie
2915 4733 2971 4780 et
2997 4725 3195 4791 obiter,
3219 4724 3627 4781 enuntiavimus
3647 4766 3660 4789 ,

2084 4834 2252 4890 quare
2282 4819 2399 4873 haec
2433 4818 2489 4873 in
2516 4816 2802 4887 praesentia
2829 4816 3081 4886 pluribus
3110 4816 3370 4872 diducere
3403 4830 3504 4886 pro
3532 4816 3659 4868 inu-

2088 4910 2166 4967 tili
2216 4926 2282 4968 ac
2332 4924 2741 4982 supervacaneo
2788 4908 2977 4965 haberi
3043 4916 3247 4980 posset.
3297 4908 3396 4964 llic
3451 4916 3660 4962 tantum

2086 5005 2358 5061 ascribere
2402 5018 2433 5059 e
2462 5019 2523 5059 re
2567 5002 2685 5058 fore
2718 5003 2957 5058 arbitror
3005 5002 3316 5073 catalogum
3350 5010 3663 5064 auctorum,

2085 5097 2178 5169 qui
2205 5096 2258 5151 in
2287 5095 2464 5167 Glyca‘.
2491 5095 2781 5167 operibus,
2812 5110 2934 5151 cum
2962 5094 3247 5165 Epistolis,
3275 5104 3388 5149 tum
3436 5092 3665 5148 Annali-

2086 5188 2209 5255 bus,
2235 5189 2497 5258 citantur,
2535 5197 2592 5244 et
2617 5203 2686 5244 ex
2736 5187 2936 5258 quibus
2986 5185 3173 5243 omnia
3232 5200 3328 5242 sua
3377 5184 3662 5255 collegisse

2089 5281 2391 5351 compilans
2418 5280 2510 5336 ille
2530 5281 2767 5348 videtur,

2158 5370 2439 5443 Floriferis
2477 5380 2535 5425 ut
2566 5389 2689 5440 apes
2712 5374 2768 5427 in
2791 5373 3013 5426 saltibus
3044 5373 3222 5427 omnia
3258 5373 3446 5427 libant.

2158 5464 2315 5521 Hunc
2338 5465 2557 5536 quidem
2584 5476 2782 5536 praeter
2798 5467 3017 5522 brevem
3053 5466 3203 5522 illum
3226 5474 3538 5520 auctorum,
3568 5461 3659 5529 qu!

2087 5559 2143 5613 in
2173 5558 2427 5630 Epistolis
2452 5558 2766 5625 laudantur,
2799 5574 2959 5628 quem
2983 5560 3145 5629 paulo
3172 5556 3421 5625 superius
3452 5552 3630 5607 desert

2086 5649 2319 5720 psimus,
2352 5649 2442 5704 alii
2471 5665 2690 5719 quoque
2717 5649 3120 5704 concinnarunt
3146 5664 3161 5710 ;
3189 5646 3307 5711 sed,
3345 5659 3505 5714 quem
3541 5643 3659 5712 ipsc

2084 5741 2367 5808 contexui,
2395 5742 2757 5812 copiosiorem
2781 5742 3283 5807 absolutioremque
3304 5738 3426 5793 esse
3450 5735 3659 5791 inlicia-

2083 5834 2231 5892 bitur
2266 5851 2453 5893 nemo.
