3968 6228
316 356 411 396 Συ

1610 344 1958 401 JUANNES
2000 345 2312 406 IAMIUS.

3465 353 3578 395 XXII

310 459 553 528 aiieujus
585 472 708 511 esse
739 472 852 511 non
882 456 1176 525 poterunt?
1199 457 1530 524 Argumenta
1561 468 1619 512 ut
1651 459 1703 513 id
1737 463 1884 512 cviu—
1919 470 1964 519 Λ
1995 462 2235 529 ipsorum
2273 465 2459 534 lingua
2494 464 2799 531 absolvere,
2832 476 2889 520 ut
2923 464 3115 521 scribit
3148 462 3440 529 Duronius,
3467 463 3573 515 An

308 562 475 605 catur
499 548 696 604 afferre
730 565 959 604 necesse
990 558 1090 601 est.
1148 546 1250 601 Pro
1281 548 1442 619 Glyca
1476 561 1583 604 stat
1642 552 1891 605 codicum

310 658 453 696 mss.
512 642 836 707 inscriptio;
893 651 998 694 stat
1040 640 1183 708 quod
1236 640 1451 694 illarum
1524 641 1893 710 Epistolarum

312 734 506 803 plures
537 732 657 799 ejus
703 746 921 799 quoque
966 730 1263 784 Annalibus
1304 732 1529 786 totidem
1578 734 1758 787 verbis
1806 734 1895 787 iu-

308 835 481 878 serta:
506 834 663 889 sunt;
700 831 807 877 stat
844 824 983 876 idem
1017 822 1208 891 stylus,
1235 823 1422 876 eadem
1448 823 1895 891 St-riptionisma-

312 918 507 979 terics,
531 916 718 969 eadem
738 916 1111 983 diSpnsitionis
1140 926 1192 968 et
1224 914 1655 968 ratiocinationis
1688 918 1897 968 metho-

312 1006 443 1056 dus.
482 1007 612 1069 Quae
648 1003 867 1072 quidem
894 1003 1075 1056 omnia
1108 1003 1269 1056 simul
1313 1003 1538 1055 collecta
1570 1013 1625 1055 et
1656 1017 1895 1071 expensa

310 1093 616 1160 prxvalere
647 1093 898 1145 videntur
926 1092 1129 1160 jejuna:
1166 1091 1241 1143 illi
1274 1091 1599 1145 dubitationi
1630 1107 1645 1146 ε
1678 1092 1814 1156 Quid
1852 1092 1895 1145 si

311 1182 579 1249 Epistolaz
612 1183 867 1236 misiella:
898 1184 1067 1238 sunt?
1098 1182 1251 1248 Quod
1280 1184 1323 1237 si
1352 1182 1529 1252 Glycze
1578 1183 1745 1237 dictio
1795 1184 1899 1238 cle-

311 1289 451 1343 gans
504 1282 559 1326 et
608 1271 797 1326 florida
835 1284 940 1339 est,
991 1288 1101 1327 non
1151 1275 1275 1328 ideo
1322 1274 1523 1328 smenlo
1600 1290 1666 1327 av
1717 1275 1897 1329 minus

310 1365 611 1433 congruit,
660 1382 767 1433 quo
810 1366 1152 1433 exploratum
1207 1366 1510 1429 habemus,
1562 1365 1894 1430 Plethones,

308 1458 675 1512 Bessariones
700 1500 716 1521 ,
761 1458 1159 1527 Trapezuntios
1181 1501 1195 1523 ,
1243 1457 1415 1513 Gazas
1440 1500 1454 1525 ,
1496 1458 1895 1528 Argyropylos,

274 1542 602 1643 ‘Lascares,
627 1550 1113 1622 Chalcocondylas,
1134 1552 1405 1619 lllusuros,
1432 1560 1487 1605 et
1515 1550 1734 1605 Graecos
1760 1551 1897 1604 alios

268 1638 610 1719 {sexcentos
631 1638 1037 1704 disertissimos,
1072 1656 1263 1695 omnes
1286 1640 1614 1708 eloquentia:
1647 1648 1893 1703 ornatus,

277 1721 373 1780 ἐι
408 1728 663 1781 dictimris
695 1728 965 1796 phaleras,
1026 1730 1347 1798 copiamque
1380 1729 1626 1793 uberem,
1677 1729 1729 1781 in
1780 1730 1894 1783 suis

2005 552 2207 607 nalium
2247 572 2446 623 parens
2469 557 2970 611 eminentissimus.
3013 554 3169 620 Quod
3202 552 3422 621 quidem
3456 567 3581 607 suc-

2001 643 2328 697 cedentibus
2357 646 2689 713 temporibus
2721 646 2976 714 usquead
3012 658 3166 697 suam
3191 651 3435 703 :etatem,
3473 641 3581 695 hoc

2003 744 2109 798 est,
2141 751 2309 804 usque
2340 736 2408 791 ad
2436 752 2638 790 artuum
2674 738 2807 791 1640
2859 735 3083 805 etquod
3106 733 3371 797 exeurrit,
3396 748 3584 785 scrva-

2007 836 2119 879 tum
2148 842 2268 880 esse
2316 837 2547 881 testatur
2594 828 2810 883 Ilochus
2839 827 3096 897 Pyrrhus,
3127 826 3303 879 Netini
3331 824 3578 879 cmttnbii

2005 916 2262 970 Basiliani
2319 918 2506 983 abbas,
2559 919 2811 973 Inundatus
2856 918 3017 971 notit.
3068 917 3090 969 l
3150 916 3272 969 libri
3328 931 3404 975 tv,
3458 929 3582 965 cum

2004 1023 2112 1075 quo
2162 1010 2348 1063 nescio
2400 1011 2673 1077 quomodo
2720 1010 3012 1063 conciliare
3070 1006 3581 1075 prmstantissimum

2006 1100 2569 1163 Muntemfalcmrinm,
2622 1102 2713 1168 qui
2752 1116 2875 1169 cap.
2918 1100 2981 1152 15
3029 1098 3203 1152 Diarii
3235 1095 3417 1149 Italici
3446 1093 3585 1147 scri-

2006 1190 2104 1252 bit,
2135 1192 2185 1242 in
2221 1190 2491 1254 Calabria,
2522 1202 2576 1245 et
2610 1191 2731 1243 aliis
2762 1187 3109 1259 Neapolitani
3146 1186 3300 1255 regni
3341 1184 3583 1253 regioni-

2009 1284 2133 1340 bus.
2161 1292 2323 1349 atque
2356 1282 2406 1334 in
2437 1282 2644 1344 Sit-ilia,
2666 1282 2868 1349 linguze
2886 1279 3090 1333 Graeca:
3110 1278 3164 1328 in
3190 1273 3585 1329 ecclesiasticis

2008 1375 2201 1427 ciliciis
2243 1388 2399 1426 usum
2456 1373 2648 1432 fuisse.
2693 1373 2865 1425 donec
2912 1368 3101 1423 Sixtus
3152 1366 3219 1422 IV
3274 1367 3467 1427 vetuit,
3516 1380 3587 1416 uo

2006 1469 2129 1538 quis
2156 1464 2256 1518 nisi
2290 1464 2482 1516 Latine
2547 1462 2730 1514 divina
2795 1459 2977 1512 officia
3036 1455 3419 1527 persolveret;
3476 1453 3584 1507 nisi

2006 1558 2248 1609 dicamus
2299 1552 2438 1605 Sixti
2491 1550 2556 1603 IV
2619 1551 2856 1604 edictum
2928 1549 2997 1601 ad
3054 1545 3358 1600 monachos
3421 1546 3584 1598 etiam

2009 1644 2308 1699 Basilianos
2376 1653 2662 1695 extensum
2726 1657 2836 1695 nou
2930 1638 3130 1704 fuisse,
3214 1638 3307 1690 sed
3375 1648 3587 1690 tantum

2011 1731 2240 1785 clericos
2269 1730 2577 1792 san-ulares,
2624 1729 2863 1796 aliosque
2895 1727 3123 1780 aliorum
3166 1727 3426 1779 ordinum
3471 1742 3588 1781 mo-

308 1819 760 1873 instruetissimis
782 1821 1190 1874 commentariis
1212 1829 1266 1874 et
1288 1822 1539 1890 epistolis
1562 1820 1901 1877 exhibuisse.
1934 1818 1975 1870 Β
2009 1822 2214 1874 nachos
2247 1820 2573 1888 respexisse.
2614 1819 2677 1870 Iit
2728 1819 2948 1886 quidem
2980 1814 3069 1869 Jo.
3109 1815 3456 1869 blahillouius
3481 1814 3583 1868 Iti-

302 1908 456 1973 Qnil
492 1920 671 1962 autem
704 1911 907 1965 habent
937 1911 1024 1963 alii
1053 1911 1119 1963 de
1159 1912 1338 1981 Clyt-re
1371 1919 1530 1964 aetate
1571 1912 1729 1965 aliter
1775 1929 1899 1966 sen-

309 2002 545 2062 tientes.
576 2017 685 2070 quo
715 2017 868 2055 suam
900 2002 1216 2070 opinionem
1249 2002 1519 2057 fulciant?
1547 2003 1684 2057 Illud
1731 2019 1897 2057 unum

306 2091 488 2144 nimis
518 2092 793 2144 incertum
823 2099 876 2143 et
904 2092 1087 2148 fallax.
1127 2092 1349 2161 Clycam
1383 2108 1512 2147 suos
1540 2093 1782 2147 Annales
1830 2093 1899 2147 ad

306 2172 583 2235 swcnlum
627 2199 701 2236 xu
738 2189 971 2235 'tantnm
1036 2184 1352 2238 deduxisse.
1410 2184 1577 2239 Multa
1630 2188 1684 2240 in
1736 2202 1899 2241 causa

302 2290 436 2327 esse
470 2282 714 2342 potuere,
745 2288 844 2326 cur
871 2275 1098 2327 ulterius
1121 2275 1353 2328 Annales
1378 2274 1571 2345 Glycas
1632 2280 1898 2347 non‘pro-

309 2366 567 2427 duceret,
600 2375 657 2418 ut
687 2366 813 2421 alibi
851 2366 1295 2430 observavimus;
1321 2378 1375 2421 ct
1422 2366 1683 2421 lectorem
1717 2385 1901 2423 exem-

306 2456 420 2525 plis
480 2458 713 2511 obruere
768 2472 1003 2527 possem,
1052 2457 1159 2510 nisi
1220 2458 1474 2512 brevitati
1518 2462 1893 2523 consulerem,

307 2565 538 2612 corum,
566 2550 656 2619 qui
693 2550 820 2604 licet
852 2551 1029 2604 serius
1074 2550 1329 2614 vixerint,
1383 2561 1667 2622 susceptas
1719 2564 1898 2607 tamen

290 2645 580 2700 “historias
612 2646 679 2699 ad
711 2662 865 2701 suam
895 2661 1069 2715 usque
1114 2656 1328 2701 aetatem
1371 2663 1482 2701 non
1533 2647 1895 2701 deduxerunt.

224 2765 234 2773 -
318 2737 394 2789 lit
427 2737 545 2789 ha-c
583 2737 830 2805 quidem,
858 2736 1194 2805 coniecturis
1221 2736 1686 2805 probabiliorihns
1718 2736 1899 2790 indul-

308 2844 495 2898 gens;
554 2843 679 2882 cum
733 2838 914 2883 tamen
951 2828 1171 2897 plurimi
1201 2828 1397 2882 faciam
1434 2829 1500 2884 de
1533 2829 1711 2900 Glyeze
1739 2839 1900 2884 uitale

307 2921 746 2985 dubitationem,
781 2936 887 2989 qua
915 2921 998 2974 vir
1030 2919 1380 2975 doctissimus
1413 2936 1567 2988 mque
1598 2937 1661 2975 ac
1684 2922 1898 2976 amicis-

308 3013 497 3066 simus
530 3028 588 3066 se
620 3013 673 3065 in
706 3028 765 3065 ea
800 3011 1032 3066 traducit
1072 3012 1407 3083 ambiguum.
1469 3010 1586 3065 Non
1643 3022 1827 3067 tamen
1871 3029 1899 3066 a

308 3102 534 3157 Boivini
568 3102 835 3158 sententia
861 3104 1020 3174 longe
1064 3103 1380 3159 recesserint
1412 3105 1462 3156 in
1496 3120 1561 3158 eo
1598 3104 1743 3174 quod
1775 3104 1903 3173 Cly-
1929 3144 1975 3205 ϐ

306 3201 437 3249 ὁαηι
464 3197 815 3265 Β)·ῑ;ὶηιῖιὶυειι
846 3206 1040 3265 putet;
1076 3212 1102 3248 a
1129 3211 1215 3249 me
1246 3195 1392 3250 enim
1413 3196 1523 3264 jam
1553 3196 1897 3249 animadver-

309 3308 439 3345 sum
482 3290 586 3343 fuit
614 3290 961 3360 Glycetarum
994 3288 1252 3341 familiam
1296 3289 1458 3342 etiam
1506 3289 1897 3344 Lonstantino-

311 3384 430 3452 poli
492 3383 594 3436 fnis
626 3398 690 3447 e,
744 3393 797 3436 et
840 3381 1103 3435 Joannem
1150 3380 1377 3451 Glycyu,
1423 3395 1518 3434 seu
1566 3380 1789 3452 Glyean.
1843 3391 1899 3435 ut

310 3474 646 3527 DufreSnius
668 3473 920 3541 appellat,
950 3473 1312 3542 patriarcham
1334 3472 1439 3526 CP.
1464 3473 1727 3527 claruisse
1754 3490 1897 3526 anno

312 3568 481 3622 1516.
508 3568 665 3629 Item,
705 3566 892 3619 Daniel
923 3566 1118 3637 (Ἡμῖν
1154 3581 1295 3619 unus
1324 3576 1405 3619 cst
1438 3581 1500 3619 ex
1536 3567 1622 3622 i‘s.
1665 3565 1729 3617 ad
1761 3582 1897 3634 quos

310 3660 605 3728 Georgius,
640 3675 735 3711 seu
780 3657 1071 3728 Gregorius
1109 3658 1341 3727 Cyprius
1398 3658 1706 3727 patriarcha
1762 3656 1893 3719 CP.,

309 3752 410 3818 «ιοὶ
436 3767 581 3804 anno
623 3751 755 3803 1⁵285
806 3751 1054 3814 florebat,
1086 3752 1292 3816 scribit,
1335 3759 1391 3803 ut
1438 3751 1582 3821 apud
1644 3751 1707 3804 L.
1753 3751 1921 3805 Alla-'

311 3848 454 3896 tium
498 3843 568 3894 De
607 3840 849 3910 Ceorgiis
908 3843 1093 3895 videre
1145 3852 1245 3907 est,
1298 3852 1354 3896 et
1398 3858 1467 3896 ex
1514 3842 1703 3896 eadem
1757 3841 1895 3894 forte

310 3934 525 3986 familia
558 3944 620 3987 ac.
654 3933 897 3987 Joannes
946 3933 1067 3987 fuit.
1108 3936 1175 3985 At
1213 3950 1321 3988 non
1358 3942 1623 4003 repugnat
1673 3933 1893 4002 Clycam

311 4033 566 4074 nostrum
597 4023 808 4091 urigine
836 4023 1498 4092 Constautiuopi‘ilitanum
1529 4022 1719 4085 fuisse,
1741 4024 1893 4075 ineo-

312 4118 431 4168 latu
471 4132 598 4168 vero
629 4114 903 4177 Siculum,
942 4116 1214 4185 praacipue
1245 4116 1288 4167 si
1327 4117 1629 4168 monachus
1663 4124 1802 4174 erat.
1836 4124 1894 4169 ut

311 4205 604 4259 Fabricius
647 4206 967 4261 arbitratur.
1004 4205 1156 4258 Patet
1186 4204 1331 4258 enim
1393 4206 1429 4257 S
1452 4204 1628 4258 ciliam
1654 4215 1711 4259 et
1739 4205 1895 4259 Cala-

310 4295 493 4349 briam
520 4293 722 4349 Grateis
751 4294 1147 4348 Basilianorunr
1184 4296 1577 4347 monachorum
1622 4293 1891 4348 cumobiis

314 4388 547 4439 πίει-λεδ
582 4388 769 4448 fuisse,
802 4395 858 4439 et
899 4386 951 4439 in
983 4386 1047 4440 iis
1075 4402 1177 4438 non
1209 4386 1325 4439 Itali
1385 4396 1624 4448 tantum,
1693 4386 1787 4439 sed
1839 4396 1893 4438 et

2005 1928 2126 1964 nere
2163 1910 2353 1963 Italico
2388 1909 2552 1961 tradit
2590 1908 2888 1962 monachos
2929 1907 3167 1961 co'nobii
3209 1903 3425 1977 Crypcc
3455 1903 3586 1958 Fer-

2006 2009 2155 2061 rattc,
2184 1997 2509 2052 duodeeitno
2538 1995 2606 2049 ab
2636 1997 2771 2049 urbe
2806 1994 2983 2063 lapide
3035 1992 3312 2058 distantis,
3366 1992 3583 2047 missam

2004 2090 2188 2144 (ira-ee
2219 2090 2521 2152 celebrare,
2555 2088 2645 2141 sed
2673 2086 2922 2140 Romano
2955 2086 3081 2139 ritni
3114 2100 3342 2154 prorsus
3372 2100 3587 2139 accum-

2006 2183 2301 2237 modatani.
2332 2181 2449 2236 Jam
2491 2199 2621 2236 vero
2652 2198 2777 2236 cum
2810 2183 2920 2235 hcce
2955 2182 3030 2235 ita
3064 2196 3123 2235 se
3151 2182 3415 2243 habeant,
3455 2182 3585 2249 quis

2007 2293 2111 2328 non
2147 2275 2327 2329 videat
2357 2275 2578 2329 facilem
2614 2284 2667 2328 et
2698 2291 2806 2328 non
2841 2276 3109 2344 ingratum
3146 2272 3349 2329 Grmcis
3378 2274 3447 2327 ad
3473 2276 3584 2326 han:

2005 2366 2184 2421 Sicula
2216 2367 2463 2421 coznobia
2495 2367 2781 2421 transitum
2806 2366 2994 2431 fuisse,
3027 2364 3339 2435 multosque
3367 2365 3585 2421 illorum

2007 2460 2061 2513 in
2096 2476 2155 2513 ea
2184 2459 2364 2514 insula
2400 2459 2761 2514 austeriorem
2794 2458 2959 2510 vitam
2995 2464 3215 2526 sumpto
3240 2471 3397 2511 sacro
3420 2456 3586 2509 sche-

2005 2563 2147 2607 mate
2174 2553 2411 2623 profiteri
2441 2554 2721 2622 potuisse;
2746 2566 3051 2621 eorumque
3078 2566 3243 2604 unum
3268 2549 3582 2604 Michaeleni

2005 2646 2225 2715 Glycatn
2259 2644 2398 2699 forte
2434 2643 2642 2697 fuisse?
2698 2642 2831 2705 Ouis
2877 2644 3022 2696 enim
3060 2642 3275 2712 ignorat
3306 2641 3582 2721 laudatum

2007 2739 2294 2792 Baroninm
2327 2737 2544 2791 tradere
2585 2737 2686 2790 sub
2716 2734 2901 2788 Leone
2928 2749 3151 2803 quoque
3189 2733 3448 2786 Armenio
3482 2732 3586 2784 im-

2007 2842 2281 2902 peratnre,
2329 2844 2609 2883 sacrarum
2664 2826 2965 2895 imaginum
3004 2827 3182 2889 hoste,
3241 2824 3584 2879 orthodoxos

2007 2920 2304 2974 monachos
2334 2917 2827 2986 Constantinoydi,
2855 2926 2909 2969 et
2944 2932 3009 2969 ex
3038 2915 3161 2969 aliis
3184 2913 3425 2970 Orientis
3461 2929 3585 2984 par~

2007 3011 2154 3065 tibus
2200 3020 2417 3063 exactos
2468 3017 2520 3061 et
2570 3016 2823 3060 extorres
2875 3007 2931 3060 in
2978 3006 3191 3060 Italiam
3248 3017 3299 3059 et
3353 3004 3580 3057 Romam

2008 3099 2353 3171 confugisse?
2378 3101 2482 3152 Sed
2514 3097 2782 3165 exemplis
2816 3097 2982 3150 etiam
3022 3096 3075 3151 id
3102 3095 3430 3150 confirma-e
3458 3110 3585 3165 pro-

2008 3197 2144 3252 olive
2176 3204 2279 3259 est,
2317 3210 2380 3247 ex
2420 3207 2479 3244 ea
2511 3191 2729 3245 circiter
2759 3178 2939 3251 :etate,
2973 3204 3036 3242 ac
3063 3189 3324 3257 deinceps
3374 3187 3583 3257 petitis,

2006 3304 2110 3358 qua
2145 3286 2364 3353 Clycam
2410 3283 2611 3337 vixisse
2657 3281 3232 3351 wruquamsimillime
3282 3281 3578 3335 credimus.

2008 3382 2145 3434 Ecce
2186 3378 2469 3433 Bessarion
2527 3374 2862 3435 cardinalis,
2912 3374 3083 3444 patria
3131 3373 3531 3442 'l‘rapezunlius
3561 3411 3580 3440 ,

2005 3490 2149 3528 anno
2187 3472 2316 3525 tuo
2371 3486 2433 3524 ac
2462 3470 2742 3538 deinceps,
2788 3466 3210 3539 archipramlrita
3240 3476 3355 3520 erat
3389 3481 3578 3521 mona-

2006 3564 2154 3620 sterii
2188 3562 2370 3617 Sancti
2404 3561 2702 3614 Salvatoris
2738 3560 2956 3628 Lingua:
3003 3557 3163 3611 Phari
3199 3558 3491 3622 Messanae,
3526 3569 3583 3611 et

2006 3655 2325 3708 monasterii
2526 3653 2670 3706 Petri
2704 3662 2758 3705 et
2794 3652 2947 3705 Pauli
2998 3652 3065 3706 de
3098 3654 3263 3721 Agre,
3306 3659 3358 3705 et
3395 3650 3577 3705 Sancti

2004 3745 2237 3816 Philippi
2279 3746 2602 3814 Majoris,et
2652 3743 2834 3796 Sancti
2874 3744 3062 3813 Angeli
3113 3744 3179 3797 de
3231 3743 3410 3803 Brolo,
3454 3759 3577 3795 eum

1980 3841 2229 3908 ,iuSuper
2278 3850 2420 3892 esset
2456 3848 2733 3905 protector
2770 3838 3008 3889 universi
3043 3836 3261 3887 ordinis
3295 3833 3577 3894 Basiliani.

2003 3941 2063 3987 ut
2100 3932 2339 4001 Pyrrhus
2368 3930 2570 3984 citatus
2596 3912 2873 3981 memoria:
2908 3926 3169 3996 prodidit.
3224 3926 3385 3978 Anno
3438 3925 3569 3979 1551

2002 4024 2285 4078 Anatolius
2304 4020 2942 4089 Constantinopnlitanus
2974 4019 3293 4084 monachus,
3324 4033 3430 4071 una
3450 4034 3574 4075 cum

2002 4116 2272 4169 monacho
2293 4115 2495 4182 pariter
2516 4112 2702 4167 Grarco
2731 4112 3001 4165 Basili-ano
3029 4112 3249 4173 Davide,
3278 4123 3329 4165 et
3355 4114 3582 4181 presby-

2004 4218 2122 4262 tero
2160 4192 2394 4277 quodam
2445 4205 2725 4259 societatis
2766 4204 2894 4257 Jesu
2922 4242 2937 4263 .
2988 4205 3039 4256 in
3088 4203 3217 4256 Sieil
3250 4221 3276 4253 a
3340 4204 3576 4270 ιὶιιΙιηιιει

2008 4300 2219 4367 llogerii
2257 4300 2397 4367 regis
2436 4314 2581 4350 anno
2618 4298 2755 4351 1143
2780 4313 3123 4358 concessum,
3159 4313 3268 4366 quo
3302 4313 3394 4349 rex
3443 4313 3578 4349 con-

2003 4396 2182 4446 tinuat
2244 4390 2610 4445 Athanasium
2666 4389 3193 4451 hieromouachum,
3263 4390 3570 4443 secundum

309 4475 491 4527 Graeci
521 4475 618 4541 ipsi
653 4477 981 4544 (quanquam
1015 4473 1204 4528 Sicilia
1230 4476 1356 4529 vlim
1390 4487 1444 4529 et
1474 4475 1744 4535 Calabria.
1771 4491 1891 4544 quae
1928 4501 1967 4554 ι)
2001 4486 2252 4539 abbatem
2306 4483 2539 4538 C(Bttobii
2573 4482 2632 4537 S.
2686 4482 2919 4550 Philippi
2973 4482 3231 4550 Majoris,
3291 4481 3572 4537 describit.

310 4568 506 4637 Magna
530 4565 738 4621 Graecia
771 4582 990 4636 quoque
1020 4568 1163 4621 dicta
1187 4576 1268 4621 (ξςι
1289 4610 1303 4633 ,
1333 4567 1729 4627 Graecissantes
1765 4586 1893 4636 pro-

315 4660 513 4712 vinciae
562 4661 740 4731 erant)
798 4660 1199 4729 philosophiam
1249 4660 1613 4713 Christianam
1673 4665 1893 4728 profite-

313 4754 538 4805 bantur.
572 4750 791 4805 Rochus
826 4752 1068 4822 Pyrrhus
1103 4752 1154 4804 in
1197 4768 1309 4804 sua:
1358 4752 1558 4805 Sicilire
1590 4752 1770 4806 Sarra:
1831 4753 1898 4805 Ii-

314 4844 418 4897 bro
471 4859 521 4895 tv
566 4843 788 4913 triginta
840 4842 1234 4897 Basiliannrnm
1294 4842 1545 4897 ew.obia
1608 4846 1659 4895 in
1714 4844 1895 4896 Sicilia

311 4934 636 4990 exsiste‘ntia
666 4949 918 4990 recenset
934 4946 1097 5005 atque
1123 4936 1396 4996 describit.
1418 4953 1647 5005 quormn
1668 4936 1895 5006 plurima

314 5026 419 5081 sub
450 5028 814 5083 Constantino
842 5027 1193 5099 Copronymo
1235 5029 1473 5082 excitata
1504 5028 1671 5082 fuisse
1706 5029 1899 5081 viden-

315 5134 425 5186 tur,
493 5138 614 5177 cum
691 5121 902 5177 scilicet
960 5123 1048 5177 ille
1102 5123 1305 5194 impius
1362 5123 1657 5193 imperator
1714 5124 1895 5177 ezliclo

314 5214 658 5285 promulgato
713 5225 962 5269 vetuerat
1020 5231 1141 5269 esse
1205 5218 1497 5270 monachos
1543 5216 1596 5268 in
1647 5215 1892 5270 Oriente.

316 5303 475 5356 Tunc
499 5304 647 5357 enim
679 5304 872 5372 ingens
896 5308 1293 5358 monachorum
1323 5305 1671 5359 orientalium
1704 5308 1892 5359 multi-

312 5397 449 5449 tudo
506 5395 713 5452 sesein
762 5396 949 5450 urbem
1009 5407 1066 5451 ct
1122 5397 1328 5451 Italiam
1386 5396 1605 5461 infudit,
1657 5414 1892 5468 quorum

315 5503 441 5541 cum
476 5486 663 5541 Gratca
689 5488 873 5558 lingua
898 5497 1043 5543 esset
1067 5489 1380 5557 peculiaris,
1412 5489 1633 5543 eosdem
1662 5491 1717 5542 in
1778 5505 1894 5543 tuo-

314 5580 576 5632 nasteriis
634 5578 931 5633 (εοιιυισειῑοε
963 5579 1137 5634 voluit
1171 5579 1373 5635 Paulus
1419 5582 1435 5635 l
1468 5597 1605 5652 papa
1656 5598 1718 5636 ea
1750 5599 1889 5651 pra;-

313 5678 481 5735 stare,
514 5685 635 5739 quae
656 5672 1074 5724 consuevissmtt
1107 5672 1159 5724 in
1190 5674 1533 5727 monasteriis
1552 5673 1813 5737 Orientis,
1840 5683 1893 5728 et

322 5762 659 5834 psalmorum
684 5774 911 5827 cantus,
930 5764 1139 5833 aliaque
1168 5766 1339 5819 ollicia
1367 5766 1743 5833 ecclesiastica
1782 5782 1887 5821 sua

642 5856 913 5919 Parnon.
947 5858 1061 5921 Gtt.
1104 5860 1365 5923 CLVIII.

2000 4572 2145 4643 quod
2186 4574 2241 4627 in
2274 4573 2444 4626 libros
2477 4571 2637 4641 regia:
2663 4570 3007 4624 cancellaria:
3057 4568 3415 4624 transfertur.
3458 4570 3572 4623 Imo

1999 4681 2108 4719 non
2136 4664 2493 4719 dubitandum
2519 4662 2716 4730 linguae
2741 4661 2943 4715 Grai-a2
2970 4672 3333 4732 prmeeptores
3356 4661 3575 4729 aliquos

2001 4759 2055 4812 in
2107 4756 2423 4811 tnetnoratis
2478 4754 2828 4807 monasteriis
2879 4769 2975 4822 per
3025 4770 3088 4807 ra
3144 4764 3387 4821 tempora
3428 4768 3571 4815 esse,
3604 4748 3637 4755 ”’

2002 4850 2305 4920 praesertim
2378 4864 2502 4901 eum
2561 4847 2613 4899 in
2689 4845 2873 4900 Sit-ilia
2940 4856 2999 4901 et
3065 4846 3313 4899 Calabria
3389 4846 3572 4898 Italica

2001 4943 2182 5014 lingua
2235 4942 2433 5012 passim
2475 4938 2813 4999 inraluissct.
2869 4949 2925 4993 ct
2969 4939 3142 5007 major
3178 4940 3571 4992 monachorum

2002 5052 2265 5090 numerus
2294 5044 2423 5087 tunc
2468 5035 2728 5103 temporis
2779 5036 2943 5088 Italus
2998 5033 3226 5096 fuisset;
3270 5043 3326 5087 ut
3366 5034 3573 5087 lirzccis

1998 5129 2198 5183 litteris
2226 5127 2413 5197 animo
2438 5127 2853 5195 comprehensis
2888 5126 3143 5181 monachi
3165 5125 3350 5180 Gra‘ca
3386 5127 3570 5197 lingua

2000 5222 2067 5277 de
2124 5236 2274 5275 more
2315 5219 2683 5275 ecclesiastica
2724 5218 2909 5273 ofticia
2956 5218 3302 5289 perficerent.
3362 5219 3441 5272 Ex
3487 5219 3572 5271 bis

1997 5330 2117 5370 esse
2163 5313 2342 5384 potuit
2380 5312 2605 5368 Michael
2639 5312 2854 5382 Glycas,
2888 5312 2978 5380 qui
3015 5311 3068 5365 in
3120 5310 3310 5369 codice
3344 5310 3567 5363 Ricear—

1998 5408 2163 5460 diano
2188 5406 2308 5461 ideo
2343 5405 2481 5460 forte
2519 5404 2910 5459 Grammaticus
2943 5402 3163 5458 dicitur.
3199 5402 3265 5457 Et
3291 5413 3440 5458 certe
3466 5403 3567 5453 hu-

1994 5499 2234 5569 jusrnodi
2308 5507 2679 5567 praeceptores
2725 5496 3067 5551 necessarios
3134 5494 3307 5548 fuisse
3360 5491 3571 5559 evincit

1997 5590 2161 5643 etiam
2192 5591 2265 5655 id,
2297 5590 2441 5657 quod
2477 5589 2675 5643 deinde
2699 5596 3056 5642 consecutum
3078 5597 3161 5641 est
3185 5626 3198 5648 ,
3232 5600 3379 5639 anno
3411 5583 3567 5637 vide-

1997 5678 2121 5732 IiCt‘l
2175 5678 2305 5732 H61
2345 5688 2595 5733 senatum
2653 5676 3058 5731 Messanensem
3103 5691 3132 5727 a
3176 5673 3271 5727 Pio
3309 5673 3352 5728 ll
3410 5684 3563 5744 pont,

1998 5785 2140 5824 max.
2193 5769 2434 5839 petiisse,
2489 5779 2543 5823 et
2588 5769 2915 5847 obtinuisse,
2957 5776 3012 5821 ut
3049 5766 3330 5837 gymnasia
3382 5767 3564 5823 Graeco

3191 5865 3227 5927 b

2410 5941 2415 5945 η
2436 5938 2470 5949 oo

3672 4824 3687 4907 ἔ

3673 4912 3683 4963 ἐ
