3968 6228
376 301 530 350 tum

1577 276 1712 362 ‘Ds
1759 294 2154 361 MICIIAELE
2192 297 2428 361 GLYCA

3490 306 3639 353 ‘XX’W

381 405 655 467 'Hessanae
705 421 835 482 pro'
867 408 1151 468 monachis
1204 412 1403 470 Graecis
1428 373 1472 478 ,
1502 424 1596 468 seu
1650 413 1928 484 Calligeris
1952 452 1968 477 ,
2002 419 2042 473 Α
2073 408 2322 467 Graecum
2358 409 2650 466 Annalium
2701 409 2878 483 Glycat
2911 409 3154 489 codicem
3186 423 3289 465 ms.
3344 408 3399 464 in
3433 408 3639 483 Biblio-

392 504 683 558 conrti‘uta
716 505 1038 574 praeceptori
1084 519 1263 559 annua
1289 505 1542 560 mercede
1569 518 1860 560 aureorum
1900 504 1968 559 80

393 589 461 643 de
494 605 707 646 camera
762 592 1025 648 solvenda
1050 609 1078 647 a
1111 592 1460 649 monasteriis
1490 592 1803 657 Basilianis,
1856 594 1968 647 cri-

391 693 678 749 gerentur;
713 685 858 753 quod
890 684 1232 740 essecutioni
1263 685 1632 740 mandandum
1660 685 1967 741 ‘Bessarion

384 766 615 825 Ordinis
648 784 927 841 protector
966 777 1178 832 litteris
1232 777 1415 832 Romae
1448 794 1609 833 'anno
1634 778 1967 848 insequenti

381 857 533 915 datis
587 863 794 929 edixit,
848 868 1155 920 Athanasio
1215 867 1475 937 episcopo
1541 868 1852 925 Hieracmsi
1913 881 1969 924 et

388 950 714 1017 quibusdam
753 954 1043 1011 abbatibus
1106 959 1373 1018 scribens.
1403 961 1548 1018 Hinc
1564 962 1969 1018 Constantinus

389 1037 637 1096 Lascaris
693 1042 798 1097 ΟΡ.
843 1060 908 1099 ex
940 1047 1137 1104 litteris
1183 1053 1510 1120 protectoris
1549 1053 1774 1110 Ordinis
1828 1056 1968 1110 datis

386 1127 580 1186 Romae
610 1133 950 1202 pridie‘ildus
988 1138 1302 1198 Decembris
1340 1144 1503 1212 1467,
1549 1161 1670 1200 cum
1716 1147 1967 1201 mercede

388 1235 573 1276 annua
600 1232 938 1281 scutatorum
972 1228 1064 1293 80,
1095 1246 1216 1300 quae
1255 1234 1468 1290 solvere
1503 1245 1822 1291 tenerentur
1848 1252 1967 1292 mo-

390 1313 631 1369 nasteria
692 1315 883 1374 Graeca
944 1320 1174 1388 Siciliae,
1207 1324 1464 1381 ducenda:
1512 1327 1710 1396 linguae
1748 1329 1968 1386 Graecae

386 1406 703 1473 pnclicitur.
739 1411 899 1465 Anno
932 1411 1068 1468 M78
1099 1414 1496 1474 Constantinus
1514 1419 1758 1477 Lascaris
1788 1423 1970 1478 adhuc

388 1496 444 1549 in
470 1495 657 1552 Sicilia
694 1498 947 1570 docebat,
1001 1512 1054 1558 et
1085 1505 1189 1561 hoc
1223 1521 1389 1573 anno,
1419 1508 1573 1578 jussu
1624 1512 1823 1580 ΑΞςὶἀῆ
1862 1511 1968 1568 Ro-

389 1590 532 1643 mani
563 1590 775 1648 abbatis
805 1594 1122 1651 monasterii
1151 1596 1253 1653 SS.
1273 1594 1419 1654 Petri
1440 1612 1500 1655 'et
1528 1600 1675 1656 Pauli
1707 1603 1772 1658 de
1798 1603 1964 1675 Agro,

377 1693 421 1733 πε
452 1679 647 1738 Graeco
675 1682 1013 1741 in'Latinum
1050 1690 1320 1744 convertit
1353 1693 1675 1760 pritnrevnm
1722 1694 1962 1764 diploma

386 1769 726 1829 fundationis
763 1783 820 1830 et
847 1777 1143 1834 dotationis
1171 1779 1316 1835 illius
1350 1782 1583 1838 coenobii
1621 1784 1807 1840 datum
1864 1802 1963 1840 au-

388 1879 462 1917 no
491 1865 678 1920 mundi
713 1866 878 1934 6625,
909 1868 1215 1925 indictione
1256 1872 1310 1929 9.
1348 1874 1509 1928 Anno
1556 1878 1766 1944 pariter
1820 1876 1961 1934 M99

384 1952 544 2008 idem
578 1953 830 2012 Lascaris
896 1956 1086 2015 Latine
1150 1962 1657 2021 reddidit‘Graecum
1703 1964 1959 2038 Diploma

378 2045 611 2113 '«Rogerii
645 2048 885 2115 comitis,
923 2064 1032 2119 quo
1062 2050 1108 2106 is
1136 2059 1367 2107 testatur
1396 2065 1546 2125 parta
1571 2056 1639 2112 de
1675 2057 1966 2114 Saracenis

378 2136 619 2193 Victoria
650 2139 916 2211 templum
961 2151 1017 2197 et
1064 2143 1377 2199 ctenobium
1414 2145 1629 2203 Sanctae
1681 2148 1862 2205 Mariae
1899 2151 1965 2206 de

389 2227 505 2282 Mili
523 2229 840 2299 aedificasse,
859 2240 914 2288 et
939 2234 986 2288 ei
1008 2233 1322 2292 Michaelem
1347 2239 1598 2311 abbatem
1632 2242 1963 2312 praeterisse,

388 2320 576 2377 datum
606 2336 758 2378 anno
787 2325 977 2381 mundi
1009 2326 1168 2394 6600,
1201 2328 1289 2383 die
1318 2330 1384 2386 iO
1431 2332 1765 2402 Decembris,
1820 2336 1965 2391 indi-

378 2412 571 2469 ctione
601 2412 691 2482 Η,
724 2415 927 2472 Christi
965 2417 1126 2474 1092.
1165 2420 1268 2476 Sed
1317 2423 1403 2476 vix
1434 2423 1688 2481 dubitare
1721 2442 1964 2497 possum,

386 2507 519 2575 quin
555 2507 643 2562 hic
676 2509 792 2577 ipse
820 2507 1068 2568 Lascaris
1102 2521 1156 2568 et
1194 2525 1321 2569 ante
1352 2515 1465 2570 haec
1498 2524 1743 2587 tempora
1777 2519 1831 2572 in
1876 2518 1966 2574 Si-

376 2592 511 2650 cilia
542 2607 598 2651 et
628 2597 877 2655 Calabria
913 2613 1162 2658 versatus
1193 2604 1284 2673 sit,
1337 2620 1460 2661 cum
1494 2608 1706 2664 videam
1732 2624 1863 2665 eum
1898 2610 1968 2666 li-

366 2689 548 2743 ‘brum
583 2689 655 2746 De
698 2689 946 2748 Calabris
975 2705 1025 2748 et
1067 2694 1267 2751 Siculis
1297 2700 1641 2768 scriptoribus
1693 2718 1967 2765 exarasse,

385 2787 442 2832 et
478 2778 760 2851 Alpbonso
792 2778 1094 2856 Neapoleos
1127 2787 1262 2860 regi,
1298 2790 1389 2860 qui
1422 2806 1569 2847 anno
1598 2792 1735 2849 1458
1761 2804 1970 2851 natura:

386 2876 686 2943 concessit,
721 2883 1167 2949 nuncupavisse;
1222 2882 1314 2950 qui
1339 2883 1479 2939 liber
1542 2885 1777 2940 habetur
1827 2888 1969 2959 apud

378 2965 725 3036 ~«Fabricium,
783 2979 916 3026 tom.
958 2969 1077 3026 XIV
1113 2972 1452 3029 Bibliotheca:
1508 2974 1730 3031 Grazca'.
1792 2977 1970 3048 Atque

2074 501 2231 556 theca
2261 500 2541 558 Saibantis
2570 499 2803 557 Verona:
2832 501 3120 564 asservari,
3155 509 3214 555 ut
3243 499 3424 569 prodit
3457 498 3513 553 in
3541 513 3639 554 sua

2086 575 2287 645 Verona
2315 592 2581 646 illustrata
2614 591 2695 649 vir
2713 591 2978 647 doctrina
2999 602 3053 647 et
3072 588 3392 646 eruditionis
3415 590 3644 645 immen-

2070 698 2145 737 sae
2174 682 2359 752 Scipio
2382 681 2634 738 Maﬂ'eius
2656 683 2919 740 marcbio.

2140 771 2320 843 Glycat
2352 772 2622 843 Epistolae
2651 773 2807 845 juxta
2868 772 3182 828 Fabricium
3236 784 3529 827 numerum
3572 766 3640 826 50

2067 865 2311 936 explent,
2341 874 2477 935 qum
2506 864 2598 920 ille
2626 862 2805 921 credit
2826 863 3171 920 a-Lambecio
3208 864 3516 931 recenseri;
3542 863 3635 919 sed

2071 958 2241 1013 multo
2274 957 2481 1028 [plures
2523 957 2966 1024 ille‘memorat,‘
3018 966 3072 1012 et
3118 957 3183 1012 ad
3229 970 3520 1010 numerum
3571 956 3643 1012 64

2068 1051 2361 1107 ascendere
2384 1050 2636 1116 aﬂirmat,
2656 1051 2835 1121 utjam
2859 1051 2911 1105 in
2934 1050 3108 1120 prima
3130 1049 3446 1119 praefatione
3464 1051 3636 1107 anim-

2069 1144 2298 1199 adverti.
2333 1140 2474 1211 Quin
2536 1144 2654 1215 ipse
2684 1142 2978 1199 Fabricius
3045 1144 3300 1199 observat
3329 1142 3554 1200 Parisiis
3580 1144 3639 1200 in

2069 1235 2395 1291 bibliotheca
2430 1230 2596 1307 Regia
2621 1235 2879 1306 epistolas
2901 1232 3270 1292 92Micbaelis
3292 1233 3481 1307 ‘Glycae
3501 1251 3639 1292 mss.

2067 1326 2370 1392 asservari;
2405 1326 2522 1396 ipse
2545 1340 2678 1381 vero
2709 1326 3011 1381 addiderim
3042 1322 3219 1398 Glyca:
3268 1326 3639 1391 Epistolarum

2068 1418 2332 1484 codicem,
2369 1420 2533 1473 manu
2562 1421 2872 1481 exaratum,
2904 1418 3069 1488 quiin
3098 1417 3407 1490 Augustam
3430 1417 3639 1473 Biblio-

2071 1511 2225 1565 theca
2273 1517 2472 1576 exstat,
2524 1518 2580 1566 et
2625 1510 2780 1580 cujus
2833 1508 2963 1565 alibi
3017 1506 3640 1573 mentionem‘fccimus,

2056 1600 2203 1654 mihi
2228 1600 2455 1654 missum
2478 1609 2533 1655 et
2563 1599 2969 1655 commodatum
3002 1594 3092 1664 iri,
3125 1600 3168 1653 si
3212 1598 3398 1663 velim,
3434 1607 3649 1654 ut~on-

2071 1705 2168 1746 nes
2224 1688 2552 1757 describam,
2611 1707 2763 1761 spem
2799 1691 2996 1747 iecisse
3025 1694 3106 1746 vir
3130 1691 3469 1748 clarissimus
3520 1691 3642 1746 Jac.

2067 1776 2343 1835 Brukerus
2395 1780 2769 1852 Augustanus,
2833 1780 3229 1852 Cauibyrensis
3276 1782 3536 1838 minister
3583 1792 3644 1836 et

2060 1872 2386 1927 scholarcha
2434 1871 2680 1928 doctrina
2723 1873 2877 1942 juxta
2943 1888 3009 1927 ac
3040 1872 3386 1928 humanitate
3419 1872 3643 1941 praecel-

2065 1964 2219 2032 lens;
2250 1980 2412 2036 quem
2442 1964 2663 2036 quidem
2683 1965 2925 2020 nondum
2958 1975 3210 2020 senatum
3230 1964 3382 2020 illum
3412 1964 3639 2035 amplis—

2065 2055 2264 2111 simum
2297 2056 2453 2128 petii,
2480 2055 2627 2128 quod
2659 2071 2852 2112 omnes
2885 2056 2992 2112 illae
3019 2056 3108 2113 bis
3133 2055 3455 2123 Deliciarum
3490 2072 3644 2112 mea—

2066 2163 2184 2202 rum
2212 2149 2480 2218 angustiis
2507 2148 2900 2218 comprehendi
2922 2163 3030 2203 non
3054 2148 3288 2218 possint,
3313 2159 3370 2203 ut
3388 2148 3644 2203 materia-

2066 2259 2185 2298 rum
2222 2243 2453 2298 varietas
2479 2241 2533 2296 in
2569 2242 2636 2296 iis
2654 2241 2937 2312 .promissa
2968 2250 3241 2297 servetur.
3289 2239 3641 2297 Memorabile

2066 2348 2122 2394 et
2147 2338 2363 2408 insigne
2388 2337 2722 2408 exemplum,
2748 2335 2893 2405 quod
2926 2335 3129 2390 multos
3152 2335 3342 2405 patriae
3374 2334 3641 2406 ingratos,

2067 2429 2264 2484 litteris
2299 2429 2573 2493 exitiales,
2630 2428 2845 2499 sibique
2893 2437 2950 2482 et
2999 2442 3114 2481 suae
3177 2425 3333 2482 tanta:
3384 2425 3640 2482 inimicos

2069 2522 2288 2576 bomum
2310 2520 2485 2585 iones,
2513 2520 2604 2589 qui
2632 2518 2703 2574 ad
2736 2518 2959 2574 inutiles
2979 2517 3086 2573 sibi
3116 2530 3246 2571 suas
3277 2514 3641 2572 bibliothecae

2067 2614 2203 2670 viris
2240 2612 2417 2669 doctis
2461 2612 2668 2667 aditum
2713 2610 3047 2680 praecludere
3087 2609 3403 2674 sustinent,
3446 2606 3642 2662 merito

2069 2706 2278 2778 pudore
2319 2702 2622 2760 sull'undat.
2680 2702 2937 2773 Epistolas
2992 2702 3026 2756 5
3085 2701 3289 2772 Glycat,
3341 2714 3477 2768 quas
3528 2699 3636 2753 hoc

2068 2796 2349 2853 volumine
2375 2794 2577 2867 publici
2598 2794 2738 2866 juris
2764 2793 2927 2862 iacio,
2951 2793 3147 2863 partim
3175 2791 3367 2848 Joanni
3394 2789 3638 2860 ,Aspiota':

2071 2886 2364 2954 monacho,
2391 2885 2588 2954 partim
2622 2881 2780 2939 Isaiae
2831 2883 3041 2954 pariter
3088 2882 3361 2937 monacho
3390 2879 3643 2936 scribun-

2075 2988 2184 3035 tur.
2211 2977 2345 3046 Quis
2382 2977 2452 3033 sit
2478 2976 2719 3031 Joannes
2765 2975 2856 3030 ille
2894 2974 3149 3046 ASpiotas
3181 2977 3371 3045 ignoro
3400 2984 3641 3042 prorsus.

390 3060 508 3115 haec
542 3061 725 3131 quoad
778 3061 957 3135 Glyca:
997 3075 1212 3120 aetatem
1249 3078 1301 3121 et
1361 3069 1590 3137 patriam
1641 3070 1784 3125 dicta
1836 3073 1964 3125 sint.
1996 3087 2041 3147 ρ
2074 3068 2221 3126 idem
2262 3068 2564 3140 proferrem
2595 3067 2663 3122 de
2712 3067 2983 3121 monacho
3030 3064 3168 3119 Isaia
3191 3104 3206 3131 ,
3236 3064 3344 3118 nisi
3374 3062 3502 3118 Cas.
3531 3061 3645 3118 Ou-

374 3148 571 3217 ‘Nunc,
598 3151 759 3208 aliam
800 3153 1174 3224 praefationem
1201 3162 1370 3214 etiam
1410 3160 1465 3214 in
1498 3160 1603 3215 hoc
1632 3160 1962 3230 suppleturi,

389 3243 820 3300 tuemorabimus
849 3244 1133 3303 Michaelis
1171 3248 1348 3320 Glyea:
1386 3249 1461 3303 De
1495 3249 1816 3305 Paenitentia
1855 3252 1967 3306 Sa-

376 3332 620 3389 rlomonis
679 3344 1020 3403 tractatum,
1073 3353 1246 3392 unum
1305 3340 1519 3393 illorum
1577 3341 1966 3410 Opusculorum

394 3422 592 3489 fuisse,
635 3439 759 3495 quae
813 3426 1046 3481 Allatius
1086 3428 1226 3482 libro
1257 3445 1315 3483 tv
1368 3444 1594 3483 suorum
1646 3427 1971 3501 Symmicton

381 3515 638 3572 inserere
668 3517 1060 3585 meditabatur,
1089 3531 1148 3575 ut
1176 3521 1320 3592 apud
1352 3520 1664 3577 Fabricium
1686 3523 1969 3577 laudatum

391 3608 561 3664 citato
609 3618 759 3667 torno
804 3611 999 3667 videre
1026 3621 1113 3667 est
1137 3629 1158 3683 ς
1192 3613 1285 3684 qui
1337 3612 1480 3668 forte
1537 3614 1611 3667 nil
1667 3613 1815 3668 aliud
1863 3623 1968 3677 est,

392 3717 555 3772 quam
599 3718 705 3789 una
730 3719 802 3761 ex
849 3702 1028 3775 Glycm
1074 3704 1355 3776 Epistolis.
1406 3706 1637 3777 Insuper
1685 3718 1971 3761 monemus

420 3934 729 3952 *αδ-
737 3938 1425 3961 *ΜΛ-..ατ

2068 3161 2234 3216 diuus
2273 3159 2484 3228 opinari
2535 3158 2820 3212 videretur
2870 3170 2993 3209 esse
3041 3154 3297 3229 eumdem
3345 3167 3411 3207 ac
3443 3152 3645 3207 Isaiam

2067 3254 2242 3318 illum,
2267 3250 2424 3319 cuius
2470 3248 2768 3319 Epistulam
2798 3256 2988 3302 contra
3023 3245 3307 3301 Nicolaum
3326 3244 3647 3325 'Sclengiam

2068 3343 2151 3397 De
2197 3341 2524 3410 processione
2571 3336 2802 3407 Spiritus
2866 3338 3060 3401 sancti,
3113 3336 3368 3408 producit
3415 3335 3649 3391 Allatius

2071 3441 2204 3486 tom.
2240 3431 2262 3486 Ι
2299 3429 2522 3485 σηπίας
2571 3428 2876 3484 orthodoxa
2896 3445 2915 3494 ,'
2945 3439 3002 3484 et
3028 3429 3123 3498 qui
3171 3438 3315 3484 anno
3348 3427 3482 3483 “'50
3520 3442 3651 3496 pro-

2066 3523 2323 3579 babiliter
2349 3521 2596 3586 ﬂorebat,
2627 3530 2682 3575 ut
2707 3520 3007 3576 observant
3037 3516 3335 3576 Wartonus
3372 3529 3426 3574 et
3458 3515 3653 3573 Fabri-

2068 3616 2210 3668 cius.
2246 3614 2347 3668 Hic
2375 3612 2540 3666 lsaias
2573 3612 2885 3682 appellatur
2918 3610 3086 3666 etiam
3140 3627 3320 3667 mona.
3341 3611 3446 3666 bus
3475 3619 3531 3667 et
3550 3609 3654 3665 do-

2071 3705 2353 3769 mesticus,
2393 3704 2597 3774 utjam
2633 3704 2937 3759 innuimus.
3052 3702 3061 3717 ‘

1551 4105 2509 4224 DISSERTATIO

1116 4330 1224 4391 ns
1261 4329 1556 4395 IETATE
1594 4330 1696 4393 nr
1739 4296 2085 4395 scrupus
2133 4330 2575 4395 MICHAELIS
2614 4330 2932 4394 GLYCE.

1323 4497 1450 4562 (Cas.
1480 4498 1655 4551 Onam.
1687 4499 1755 4550 De
1779 4496 1952 4562 script.
1973 4497 2165 4560 cedes,
2201 4507 2318 4549 tom.
2347 4497 2435 4558 lli,
2469 4498 2566 4550 col.
2598 4494 2764 4560 2521.)

989 4799 1309 4858 PBOLOGU
1320 4803 1375 4857 S.

476 4896 705 4954 Michael
737 4895 952 4969 Glyeas,
990 4894 1213 4948 natione
1240 4889 1481 4956 Siculus,
1522 4906 1630 4945 non
1672 4891 1774 4945 sub
1791 4889 1982 4945 Alexio

408 5001 461 5049 et
494 4989 704 5047 Joanne
762 4987 1059 5045 Comnenis
1121 4984 1541 5055 imperatoribus
1596 4982 1986 5039 Constantino-

409 5084 665 5158 politanls
695 5082 907 5146 vivens,
944 5086 1006 5136 ut
1037 5078 1193 5149 vulgo
1247 5078 1506 5143 creditur,
1561 5077 1655 5133 sed
1696 5077 1805 5134 sub
1836 5075 1983 5132 Con-

398 5177 650 5244 ,stantino
674 5171 1189 5241 Palmologonltimo
1244 5170 1339 5225 illo
1372 5171 1701 5240 imperatore
1757 5169 1825 5225 ad
1886 5184 1985 5223 an-

412 5286 541 5327 num
571 5268 711 5325 N50
740 5267 943 5332 clarus,
991 5263 1209 5336 scripsit
1237 5277 1382 5320 anno
1425 5262 1766 5333 incomperto
1793 5264 1981 5315 Anna-

413 5371 484 5420 les
514 5360 953 5437 quadripartitos,
1015 5371 1153 5429 opus
1218 5370 1328 5411 non
1377 5354 1539 5409 modo
1603 5353 1984 5423 theologicum,

404 5458 511 5513 ecd
540 5466 597 5512 et
632 5453 915 5527 physicum
947 5458 1004 5507 et
1031 5449 1376 5506 historicum.
1434 5443 1617 5500 Prima
1662 5454 1818 5516 parte
1876 5443 1988 5514 agit

416 5551 487 5604 de
519 5563 686 5618 opere
717 5562 811 5603 sex
852 5543 1087 5600 dierum.
1139 5540 1324 5596 Altera
1370 5539 1439 5594 de
1485 5536 1868 5607 rebus‘gestis
1919 5537 1988 5591 ab

416 5637 550 5694 orbe
600 5637 822 5694 condito
847 5650 1019 5708 usque
1048 5633 1114 5688 ad
1139 5631 1419 5688 Christum
1442 5638 1653 5685 natum.
1684 5626 1867 5682 Tertia
1901 5640 1988 5681 res

419 5736 602 5800 gestas
631 5745 660 5783 a
691 5730 911 5787 Christo
938 5742 1109 5800 usque
1176 5724 1247 5781 ad
1273 5724 1689 5781 Constantinum
1742 5719 1988 5794 Magnum

2003 4800 2059 4859 Β
2085 4798 2447 4873 prosequitur.
2470 4797 2670 4864 Quarta
2701 4808 2787 4852 res
2809 4802 3002 4850 tractat
3031 4788 3448 4865 Byzantinorum
3476 4790 3654 4864 impe-

2079 4902 2323 4948 ratorum
2348 4905 2518 4962 usque
2544 4888 2610 4945 ad
2641 4888 2854 4943 obitum
2873 4885 3047 4942 Διελῑί
3077 4883 3362 4950 Comneni,
3390 4886 3485 4955 qui
3509 4901 3656 4941 armo

2086 4984 2221 5041 HIS
2245 4984 2506 5047 moriens,
2567 4980 2837 5037 Joannem
2884 4978 3224 5034 Coninenum
3278 4992 3653 5034 successorem

2082 5076 2288 5131 habuit.
2323 5073 2528 5128 Exinde
2554 5087 2725 5142 usque
2751 5071 2819 5126 ad
2846 5081 3057 5139 captam
3088 5084 3115 5121 a
3151 5068 3358 5137 Latinis
3385 5067 3658 5122 Constan-

2082 5164 2362 5237 tin0polim
2390 5163 2701 5234 perstringit
2730 5176 2818 5216 res
2853 5159 3176 5230 Byzantinas
3195 5158 3437 5215 Joannes
3473 5157 3658 5214 Leun-

2089 5257 2313 5321 clavius,
2342 5257 2434 5327 qui
2465 5263 2519 5309 et
2543 5254 2751 5322 primus
2781 5249 2956 5322 Glycze
3010 5248 3520 5321 interpretationem
3551 5266 3657 5304 no-

2085 5344 2171 5406 bis
2200 5348 2365 5413 dedit,
2408 5344 2654 5411 Basileae,
2688 5358 2831 5397 anno
2850 5341 3007 5409 1572,
3036 5341 3092 5396 ἰη
3119 5339 3173 5408 8,
3208 5341 3347 5413 typis
3378 5340 3658 5413 Episcopii

2083 5437 2310 5499 editam.
2346 5437 2586 5493 Habetur
2615 5445 2796 5490 autem
2854 5434 3043 5489 eadem
3090 5433 3327 5490 Historia
3363 5432 3553 5491 Graece
3601 5446 3660 5491 et

2088 5534 2279 5590 Latine
2306 5530 2361 5586 in
2416 5528 2545 5584 folio
2584 5528 2724 5582 inter
2761 5524 3068 5582 Historicos
3125 5524 3454 5599 Byzantinos
3495 5524 3659 5583 Pari—

2089 5625 2188 5683 siis
2215 5639 2280 5679 ει
2311 5618 2665 5695 typographia
2698 5617 2886 5689 Regia,
2937 5633 3060 5672 cum
3110 5617 3554 5688 interpretatione
3604 5628 3663 5673 et

2089 5718 2234 5774 notis
2263 5714 2499 5785 Philippi
2533 5709 2758 5779 Labbci,
2793 5709 2860 5767 de
2895 5724 3003 5781 quo
3033 5718 3142 5766 tam
3177 5725 3322 5782 saepe
3357 5709 3659 5778 loquimur;
