3968 6228
297 440 405 479 XXV

1671 425 1831 484 CA5.
1876 422 1973 481 0U
1991 425 2059 482 υι
2076 423 2115 479 Ν
2132 423 2247 483 US.

3456 420 3582 458 εκγι

306 547 499 601 Exstat
529 554 725 601 autem
752 545 843 599 illa
867 544 1049 599 Graece
1078 558 1183 596 ms.
1218 543 1272 597 in
1299 540 1626 596 bibliotheca
1653 538 1891 593 Vallicel

2015 556 2128 599 τος,
2166 542 2257 589 καὶ
2310 539 2557 604 ὅπουπερ
2586 533 2748 588 altat
2814 531 3171 600 ἀπέρχονταισ
3240 525 3379 591 Quid
3416 525 3485 577 sit
3516 525 3586 575 de

307 639 434 693 lana
487 638 702 703 Romae,
760 636 927 706 Regia
984 633 1208 698 Gallica,
1272 633 1691 688 Claramontana
1747 631 1897 683 l‘axi-

307 730 506 796 siensi,
537 729 896 798 imperatoria
920 724 1239 790 Viennensi,
1265 736 1322 779 et
1351 726 1663 794 Augusmna
1696 722 1895 776 Vinde-

309 823 547 878 licorum
569 819 710 875 Cod.
736 819 827 875 80.

816 951 1045 1008 CAPUT
1113 940 1401 1007 PRIMUM.

305 1069 457 1135 Quid
480 1067 672 1123 sentiat
700 1067 804 1121 Leo
837 1068 1065 1121 Allatius
1113 1072 1176 1121 de
1207 1078 1362 1122 etate
1394 1065 1665 1120 Michaelis
1697 1065 1891 1135 Clytie.

383 1183 630 1237 ditatem
682 1183 901 1252 quidem
958 1180 1234 1236 Michaelis
1295 1179 1474 1251 Clyt-ae
1539 1196 1727 1236 omnes
1786 1182 1897 1235 fere

307 1278 614 1346 scriptores
646 1276 712 1328 ad
738 1290 938 1327 annum
977 1273 1113 1328 “20
1180 1274 1483 1343 assignant,
1525 1283 1583 1326 ut
1624 1272 1897 1327 Gerardus

306 1364 556 1419 Joannes
585 1364 825 1425 Vossius,
881 1364 973 1417 lib.
1009 1380 1046 1417 Il
1106 1363 1177 1417 De
1210 1365 1473 1417 historicis
1506 1364 1722 1425 Graecis.
1774 1381 1895 1433 cap.

306 1456 407 1520 27,
450 1472 573 1525 pag.
614 1456 747 1509 mihi
779 1455 918 1519 504;
952 1454 1275 1510 Guillelmus
1308 1454 1486 1509 Cavus
1545 1456 1596 1507 in
1664 1454 1897 1507 Historia

306 1549 392 1601 rei
429 1546 710 1600 litterario:
736 1546 801 1599 ad
830 1562 1034 1600 annum
1062 1546 1222 1610 “:20,
1265 1562 1387 1617 pag.
1418 1546 1542 1601 054.
1600 1545 1705 1600 Sed
1738 1546 1897 1613 longe

304 1640 475 1693 aliter
505 1638 614 1691 Leo
648 1637 880 1692 Allatius
932 1638 1076 1692 libro
1107 1654 1143 1692 ιι
1208 1638 1282 1691 De
1339 1648 1589 1707 perpetuo
1646 1653 1897 1691 consensu

307 1731 568 1784 Ecclesia:
604 1730 957 1784 Occidentalis
988 1741 1037 1784 et
1066 1732 1379 1795 Orientalis,
1430 1746 1548 1799 cap.
1602 1732 1686 1791 10,
1723 1730 1749 1800 §
1810 1732 1897 1793 17,

300 1822 408 1876 fol.
446 1820 572 1882 870.
600 1822 756 1891 cujus
780 1832 960 1876 tamen
992 1822 1228 1876 maxime
1268 1824 1546 1885 intererat,
1584 1832 1643 1876 ut
1676 1823 1893 1889 Choam

2004 630 2219 688 animis,
2248 639 2525 698 postquam
2566 626 2763 695 fuerint
2784 641 2814 677 a
2844 636 3066 687 corpore
3095 627 3379 687 separant,
3408 625 3459 670 et
3483 632 3587 685 quo

2002 721 2109 773 illa:
2137 721 2324 773 abeant
2346 722 2372 773 .’
2403 718 2762 787 Principium.
2796 716 2908 769 Kal
2947 712 3077 783 περὶ
3103 714 3198 781 μὲν
3219 710 3327 763 τῶν
3360 708 3588 773 δικαίων

2000 816 2052 865 τί
2083 812 2189 882 χρὴ
2217 812 2313 866 καὶ
2370 813 2547 877 λέγειν
2582 829 2595 875 ;
2632 809 2829 863 Probat
2891 802 3328 859 luculentissime
3386 802 3441 855 iu
3480 815 3589 853 cte-

2000 907 2113 960 lum
2148 919 2242 959 eas
2272 903 2492 966 deferri,
2526 902 2708 971 ibique
2743 900 2852 954 Deo
2894 906 3193 967 pra'Sentes
3224 895 3433 951 visione
3454 894 3588 947 bea-

2000 995 2143 1051 tiflca
2170 996 2274 1049 frui
2314 1012 2326 1047 :
2366 1004 2424 1048 ut
2453 996 2579 1048 hinc
2624 1007 2820 1063 arguas
2853 1006 3047 1045 omnes
3083 989 3400 1043 Graecorum
3430 999 3586 1039 erro-

2001 1103 2109 1153 res,
2138 1088 2268 1156 ipsis
2305 1088 2470 1141 etiam
2494 1086 2725 1150 Grauis,
2755 1085 2846 1153 qui
2881 1082 3122 1137 schisma
3156 1080 3436 1139 foverunt,
3474 1092 3581 1129 non

1998 1180 2192 1233 eodem
2220 1179 2340 1234 loco
2379 1179 2569 1241 fuisse,
2606 1188 2663 1232 ut
2715 1177 2844 1231 alibi
2910 1176 3182 1230 dicemus.
3220 1189 3241 1222 ι
3298 1170 3474 1238 Atque
3529 1177 3586 1219 nt

2005 1272 2208 1327 rectius
2243 1274 2354 1327 lucc
2390 1273 2783 1341 intelligantur,
2816 1267 3187 1338 adjungenda,
3246 1278 3368 1334 quzc
3422 1262 3586 1316 habet
3670 1308 3671 1311 η

1999 1365 2340 1435 paragrapho
2370 1365 2453 1428 16,
2504 1362 2837 1432 praecedenti
2887 1362 2993 1417 θυι.
3028 1358 3134 1414 806
3206 1375 3220 1413 :
3291 1378 3312 1409 ‹
3370 1356 3585 1409 Nullam

1999 1455 2143 1525 apud
2176 1456 2312 1508 alios
2356 1456 2530 1522 ipsius
2576 1454 2834 1524 (Macarii
2889 1452 3159 1520 Aucyraui
3211 1448 3585 1519 metropolita')

2002 1548 2323 1601 memoriam
2359 1548 2560 1616 reperi,
2602 1544 3060 1614 quemadmodum
3112 1559 3213 1597 nec
3260 1544 3326 1597 de
3360 1541 3586 1596 Nicolao

2003 1637 2276 1707 Selengia,
2314 1638 2402 1706 qui
2464 1639 2657 1690 iisdem
2694 1636 2809 1689 fere
2838 1635 3178 1703 temporibus
3212 1643 3406 1688 contra
3427 1632 3571 1686 Lati-

2002 1746 2121 1796 nos,
2156 1732 2334 1785 varias
2360 1730 2486 1784 hinc
2520 1730 2647 1783 inde
2669 1728 2926 1783 collectas
2950 1727 3308 1781 auctoritates
3334 1726 3583 1791 Patrum,

2003 1824 2141 1877 male
2172 1833 2453 1887 consulas,
2496 1823 2760 1891 pejusque
2791 1819 3095 1873 intellectas
3120 1817 3435 1887 publicavit.
3474 1818 3585 1870 lllm

300 1914 679 1982 antiquiorem
713 1913 934 1977 faceret,
962 1929 1123 1983 quem
1152 1913 1269 1967 vult
1291 1923 1481 1967 contra
1536 1899 1757 1968 Grmcos
1790 1928 1900 1968 Slc-
1930 1888 1972 1944 Β
2002 1934 2128 1973 cum
2173 1918 2227 1971 in
2268 1933 2464 1971 manus
2503 1916 2887 1985 pervenissent
2946 1914 3102 1968 Isaiae
3130 1914 3331 1982 Cyprii,
3374 1912 3585 1966 exami-

302 2004 451 2057 tisse
483 2019 511 2057 a
537 2004 783 2074 partibus
816 2004 1099 2058 ﬂoriiaais.
1132 2004 1193 2058 ln
1231 2020 1408 2059 causa:
1434 2020 1565 2076 ergo
1614 2020 1726 2059 suae
1754 2021 1897 2074 prae.

300 2097 581 2168 judicium
629 2095 946 2151 Michaelem
1003 2095 1225 2167 Glycam
1281 2097 1396 2151 vult
1448 2095 1700 2152 ﬂoruisse
1757 2113 1901 2152 anno

306 2190 550 2244 circiter
587 2190 744 2254 N30,
788 2189 1049 2243 treentis
1076 2198 1200 2259 post
1248 2189 1527 2257 vulgarem
1573 2190 1897 2243 sententiam

306 2281 500 2345 annis,
552 2280 831 2349 fuisseque
876 2281 1244 2351 synchronum
1318 2279 1555 2335 Macario
1614 2283 1900 2339 Ancvraue

312 2371 699 2441 metropolitaz,
763 2371 984 2426 Nicolao
1041 2370 1307 2440 Scleugize
1370 2383 1535 2441 atque
1589 2372 1737 2426 lsaiw
1796 2371 1872 2442 Cy

304 2465 436 2532 prio
479 2465 775 2527 monacho,
810 2464 974 2532 hujus
1028 2465 1205 2518 aetatis
1243 2464 1626 2533 scriptoribus.
1686 2464 1894 2517 Novam

302 2552 568 2624 quamvis
618 2557 970 2622 sententiam,
1029 2572 1139 2609 non
1193 2556 1511 2623 absurdam,
1565 2558 1677 2611 imo
1717 2574 1895 2610 veram

308 2658 528 2716 putem,
559 2647 845 2716 hucusque
867 2647 1045 2719 Glyca:
1068 2647 1364 2718 Syntagma
1396 2649 1722 2703 historicum
1752 2650 1897 2702 olere

302 2740 583 2795 Graeciam
611 2740 1077 2805 recentissimam,
1118 2740 1264 2808 quod
1320 2741 1408 2794 ille
1443 2741 1527 2794 vel
1560 2753 1754 2805 morte,
1814 2742 1897 2795 vel

308 2833 555 2903 negotiis
610 2843 927 2902 occupatus,
966 2832 1101 2886 ultra
1140 2848 1342 2886 annum
1383 2830 1520 2887 1120
1572 2848 1678 2887 non
1710 2843 1897 2887 exten-

308 2924 418 2988 dit,
447 2924 551 2978 etsi
579 2922 750 2978 tribus
779 2933 903 2994 post
936 2924 1076 2978 hanc
1105 2924 1374 2992 epocham
1404 2924 1622 2979 sacculis
1678 2924 1891 2978 vixerit.

307 3012 492 3081 Igitur
519 3013 607 3067 hic
635 3029 664 3065 a
697 3028 784 3067 me
810 3012 1162 3081 relinquitur,
1193 3014 1295 3067 etsi
1326 3014 1379 3067 in
1413 3014 1774 3082 scriptoribus
1808 3029 1897 3067 cc-

300 3104 639 3159 clesiastieis
683 3103 913 3157 nimium
944 3104 1209 3159 innovare
1268 3104 1472 3168 videar,
1517 3102 1659 3157 hanc
1713 3110 1892 3156 tamen

2003 2021 2143 2065 natm
2206 2012 2599 2079 discussaeque,
2639 2017 2845 2062 tantum
2875 2007 3070 2069 abfuit,
3112 2017 3172 2060 ut
3196 2016 3431 2060 mentem
3476 2004 3581 2059 Se-

2004 2103 2196 2173 lengia:
2222 2114 2274 2156 et
2295 2101 2607 2157 Graecorum
2638 2100 2956 2169 opinionem
3010 2098 3461 2167 comprobarent,
3499 2105 3585 2157 ,ιιι

1998 2194 2602 2248 collectoremsumma:
2643 2189 2968 2258 ignorantiae
3022 2188 3335 2257 nulliusque
3390 2186 3583 2256 judit'ii

2002 2284 2281 2338 hominem
2306 2291 2616 2352 arguerent.
2669 2280 2847 2346 Quare
2886 2279 3130 2349 Epistula
3175 2283 3241 2334 ad
3297 2277 3582 2333 Nicolaum

1999 2376 2225 2446 scripta,
2287 2376 2554 2429 idemmet
2600 2372 2769 2428 Isaias
2822 2374 3099 2429 [utilitatis
3150 2382 3206 2427 et
3254 2373 3583 2441 nugacitau's

1999 2466 2351 2537 reprehendit
2366 2465 2388 2534 (
2403 2464 2468 2533 l).
2500 2485 2523 2520 ι

2069 2560 2192 2630 Agit
2223 2559 2289 2613 de
2323 2560 2581 2613 Michaele
2616 2559 2779 2630 Glyca
2808 2557 3133 2614 Guilielmus
3170 2556 3354 2612 Carus
3402 2556 3455 2609 iu
3478 2555 3581 2607 lli-

2003 2652 2167 2704 sLoria
2200 2651 2486 2715 litterario,
2505 2651 2715 2714 tomo-l,
2749 2666 2843 2704 seu
2879 2662 3027 2718 parte
3048 2665 3084 2711 ι,
3112 2650 3175 2703 ad
3189 2664 3397 2703 annum
3420 2648 3579 2710 nso.

2000 2758 2120 2814 pag.
2151 2741 2290 2805 654;
2322 2752 2378 2797 et
2416 2755 2570 2813 parte
2604 2759 2668 2806 ιι,
2702 2758 2828 2812 pag.
2860 2743 2990 2806 583,
3050 2743 3311 2797 editionis
3371 2741 3579 2796 Londi-

1994 2834 2223 2890 nensis:
2264 2843 2319 2887 et
2350 2834 2400 2887 in
2432 2833 2673 2888 editione
2708 2832 3020 2888 Geneveusi
3078 2833 3144 2887 ad
3195 2833 3447 2888 eumdem
3477 2848 3575 2886 an-

1998 2942 2129 2978 num
2177 2925 2337 2990 11Ξο,
2366 2934 2523 2995 parte
2561 2941 2601 2991 ι,
2652 2940 2772 2996 pag.
2824 2924 2952 2988 456,
3011 2934 3067 2979 et
3129 2934 3289 2993 parte
3334 2939 3396 2990 ιι,
3450 2940 3574 2994 pag.

1995 3018 2120 3083 2'23,
2157 3016 2354 3086 ubique
2386 3032 2508 3071 cum
2547 3018 2754 3080 errore,
2787 3018 2882 3071 sed
2910 3016 3274 3087 scriptoribus
3319 3017 3577 3070 omnibus

1997 3110 2298 3173 communi,
2356 3110 2449 3177 qui
2502 3110 2651 3163 illum
2704 3124 2848 3164 anno
2909 3109 3047 3162 1120
3092 3109 3459 3178 assignarunt.
3509 3109 3579 3159 At

306 3193 497 3248 Allatii
529 3195 857 3250 sententiain
889 3209 998 3248 non
1036 3195 1377 3249 dissimulare
1404 3204 1498 3248 aut
1525 3204 1722 3259 tacere,
1752 3210 1895 3247 mca-
1921 3234 1966 3296 ο
2000 3211 2194 3271 praeter
2223 3216 2467 3254 errorem
2494 3201 2661 3264 hunc,
2709 3215 2871 3269 quem
2907 3200 3051 3253 Caco
3107 3200 3422 3253 condonare
3478 3200 3578 3254 de-

310 3305 437 3342 rum
467 3288 569 3342 fuit
597 3288 856 3357 partium.
892 3286 949 3340 Id
986 3286 1328 3356 potissimum
1364 3286 1566 3357 colligit
1597 3302 1663 3341 ex
1718 3284 1893 3356 Glycac

304 3366 600 3449 Epistolis,
650 3396 877 3449 quarum
914 3380 1101 3447 plures
1123 3379 1189 3434 ad
1223 3378 1519 3433 Maximum
1555 3379 1892 3434 Smeniotem

311 3484 369 3527 ct
395 3474 592 3527 Isaiam
631 3472 990 3534 monachum,
1024 3470 1117 3539 qui
1162 3478 1289 3524 tunc
1335 3470 1593 3539 temporis
1618 3470 1891 3523 vivebant.

306 3566 390 3620 Nc
420 3582 551 3621 vero
592 3565 753 3619 fidem
803 3564 925 3633 quis
954 3564 1086 3617 mihi
1117 3564 1401 3628 detrectet,
1430 3564 1606 3631 ipsum
1638 3563 1891 3617 Allatium

315 3660 650 3713 verboteuus
684 3658 945 3727 produco.
982 3674 1001 3707 ι
1039 3655 1267 3709 Michael
1298 3670 1514 3725 quoque
1549 3656 1743 3725 Glycas
1791 3656 1893 3710 hoc

311 3753 509 3805 eodem
543 3763 659 3802 aevo
677 3747 925 3802 ﬂoruisse
952 3747 1183 3811 videtur,
1213 3748 1304 3816 qui
1336 3748 1477 3800 inter
1536 3748 1643 3800 alia
1681 3749 1769 3815 pic
1799 3747 1896 3801 do-

313 3851 513 3910 cteque
591 3840 815 3910 scripta,
905 3840 1149 3909 quaalam
1205 3840 1368 3894 etiam
1424 3848 1611 3894 contra
1667 3838 1893 3893 Latinos

312 3933 667 4002 composuit:
706 3938 755 3985 1.
791 3932 868 3985 Ad
901 3932 1193 3987 Maximum
1260 3930 1622 3998 Smeniolem,
1691 3932 1748 3983 Et
1786 3931 1892 4001 χρὴ

314 4027 612 4094 προσέχειν
643 4026 754 4085 τοῖς
783 4024 1055 4092 λέγουσιν,
1093 4022 1175 4076 ὅτι
1208 4023 1390 4076 λαϐὼν
1429 4026 1456 4076 ὁ
1491 4026 1729 4095 Χριστὸς
1759 4024 1891 4088 ἄζυ-

317 4137 417 4187 μον
442 4122 497 4172 ὲν
524 4122 589 4187 τῇ
631 4120 847 4193 ἑσπέρᾳ,
881 4120 980 4187 τῆς
1039 4117 1283 4187 μεγάλης
1338 4118 1624 4187 Πέμπτης,
1665 4116 1739 4180 ὡς
1799 4120 1892 4169 καὶ

312 4217 414 4284 τῆς
450 4212 647 4281 ἑορτῆς
683 4211 777 4264 τοῦ
800 4213 1017 4280 Πάσχα,
1050 4211 1352 4277 τηνικαῦτα.
1410 4211 1574 4279 δῆθεν
1639 4213 1752 4272 τοῖς
1808 4212 1890 4261 οἱ⁴

313 4306 480 4367 κείοις
502 4304 565 4356 τὺ
595 4306 785 4373 Πάσχα
810 4298 1079 4355 ἐτέλεσεν
1135 4303 1196 4357 Si
1259 4301 1554 4356 dicentibus
1612 4302 1883 4355 attenden-

313 4400 442 4450 dum
489 4409 587 4460 est,
620 4398 888 4451 Christum
914 4414 1124 4467 vespm:
1170 4414 1373 4467 magna:
1420 4395 1595 4450 Feria:
1669 4394 1727 4459 V,
1767 4392 1885 4447 cum

314 4490 521 4544 Pascha
562 4491 943 4557 celebraretur,
977 4493 1234 4560 accepisse
1256 4506 1521 4560 azymum,
1554 4499 1602 4543 et
1655 4489 1732 4543 sic
1782 4489 1889 4542 suis

312 4595 435 4635 tum
474 4583 678 4635 Pascha
704 4585 1008 4636 tradidisse.
1069 4584 1426 4653 Principium,
1487 4582 1543 4636 '0
1601 4583 1729 4652 περὶ
1783 4584 1891 4634 τῶν

312 4676 539 4742 ἀζύμων
564 4676 745 4741 λόγος,
781 4669 825 4727 ὦ
849 4676 969 4728 Θεία
996 4678 1089 4729 καὶ
1119 4676 1240 4744 ἱερὰ
1264 4676 1499 4744 κεφαλὴ,
1555 4681 1651 4729 καὶ
1676 4675 1892 4737 πολλοῖς

312 4766 535 4831 ἔφθασε.
589 4767 644 4819 2.
676 4767 862 4819 Eidem
900 4785 916 4819 :
951 4769 1086 4836 Περί
1141 4786 1302 4819 τινων
1354 4771 1623 4837 χρήσεων,
1674 4767 1757 4819 ὅτι
1829 4769 1891 4819 ὲκ

314 4860 479 4927 μόνου
506 4858 600 4911 τοῦ
630 4857 863 4933 Πατρὺῆ
892 4859 952 4911 οὐ
991 4859 1095 4928 μὴν
1152 4860 1208 4912 δὲ
1244 4859 1340 4912 καὶ
1401 4860 1465 4911 ὲκ
1495 4858 1589 4911 τοῦ
1643 4857 1772 4909 Υἱοῦ
1831 4859 1890 4908 τὸ

313 4944 542 5018 Πνεῦμα
584 4950 647 5001 τὸ
685 4948 845 5014 ἄτιον
878 4950 1268 5018 ἐκπορεύεται,
1326 4951 1426 5003 καὶ
1454 4951 1535 5003 ὅτι
1592 4950 1654 5002 οὐ
1691 4951 1890 5002 ταυτὸν

315 5042 591 5110 ἀποστολὴ
629 5041 725 5093 καὶ
782 5043 1141 5112 ὲκπὸρευσιςο
1203 5042 1281 5096 De
1334 5043 1598 5095 nonnullis
1657 5041 1881 5095 Patrum

311 5134 644 5195 testimoniis,
687 5134 872 5199 quibus
910 5133 1185 5201 probatur,
1220 5150 1283 5186 ea:
1311 5134 1422 5187 solo
1448 5134 1631 5199 Patre,
1658 5150 1760 5187 non
1788 5151 1885 5186 au-

304 5234 487 5276 tcntct
518 5239 584 5277 ea:
607 5222 745 5275 Filio
778 5222 1038 5289 Spiritum
1078 5235 1318 5277 sanctum
1344 5226 1619 5293 procedere
1644 5241 1663 5279 :
1698 5235 1746 5279 et
1780 5241 1883 5279 non

304 5330 419 5368 csse
442 5314 588 5367 idem
638 5313 935 5367 missionem
974 5323 1021 5366 et
1056 5317 1459 5382 processioncm.
1516 5306 1878 5385 Principium,

310 5405 372 5454 Τί
402 5403 456 5457 δέ
496 5421 579 5457 σοι
612 5404 705 5457 καὶ
737 5405 987 5475 περὶτῆς
1019 5406 1259 5476 ἀρρήτου
1295 5404 1390 5458 τοῦ
1414 5405 1684 5474 παναγίου
1716 5407 1888 5458 Πνευ-

312 5514 476 5564 ματος
525 5496 931 5564 ὲκπορεύσεως.
994 5498 1227 5566 Scripsit
1274 5514 1373 5565 pro
1430 5497 1642 5552 Latinis
1701 5506 1889 5552 contra

304 5588 522 5644 Graecos
552 5590 621 5644 ad
662 5584 870 5644 Isaiam
930 5593 1283 5658 monachum,
1349 5593 1485 5662 Περὶ
1541 5592 1635 5646 τοῦ
1698 5594 1884 5645 ὁποῖον

307 5682 519 5753 ἀπαντᾷ
553 5682 708 5745 τέλος
752 5684 871 5745 ταῖς
904 5683 1105 5753 ψυχαῖς
1137 5684 1535 5755 χωριζομέναις
1574 5683 1670 5739 τοῦ
1700 5683 1888 5755 σώμα-

1998 3294 2210 3353 bemus,
2252 3292 2403 3358 licet,
2438 3292 2484 3346 si
2516 3301 2773 3345 accurate
2802 3290 3041 3346 leonem
3079 3290 3337 3344 Allatium
3358 3290 3432 3343 De
3454 3305 3578 3342 con-

1994 3403 2149 3440 sensu
2184 3387 2457 3455 utriusque
2490 3386 2739 3441 Ecclesia:
2772 3385 3012 3455 legisset,
3078 3400 3241 3455 quem
3302 3395 3411 3437 tam
3461 3382 3572 3437 fve-

1995 3488 2226 3547 quentor
2253 3478 2405 3542 citat,
2438 3479 2716 3547 corrigere
2772 3477 2927 3530 illum
2954 3486 3211 3546 potuerat
3270 3490 3335 3529 ac
3365 3473 3573 3529 debue-

1998 3571 2430 3626 rattvclctiam
2487 3587 2552 3626 ex
2608 3570 2907 3625 Lambecio
2974 3571 3031 3624 in
3100 3585 3229 3623 nus.
3292 3569 3576 3624 codicibus

1995 3664 2195 3717 Cret-is
2218 3661 2580 3731 Epistolarum
2612 3662 2810 3732 Glycae,
2859 3677 2997 3731 quos
3021 3677 3129 3714 non
3191 3660 3359 3715 semel
3385 3675 3577 3714 reten-

1995 3764 2102 3819 set,
2134 3755 2425 3808 emendare
2455 3755 2704 3808 eumdem
2741 3764 2973 3822 poterat.
3029 3752 3136 3807 Sed
3184 3753 3268 3806 his
3303 3768 3410 3806 non
3446 3766 3573 3805 con.

1999 3855 2204 3910 tentus,
2279 3846 2424 3914 quod
2474 3846 2620 3899 Caio
2674 3855 2865 3898 nostro
2919 3845 3133 3907 turpius
3170 3852 3287 3907 est,
3336 3844 3569 3912 aspersit

1994 3939 2159 3994 falsas
2214 3938 2499 3992 citationcs
2545 3953 2735 3991 omnes
2766 3936 3015 3991 codicum
3074 3935 3570 4004 manuscriptorum

1994 4031 2341 4086 bibliosheca:
2379 4030 2639 4084 Caesarea:
2674 4028 3134 4089 Viudoboncnsis,
3166 4037 3320 4097 parte
3349 4043 3408 4091 ιι,
3442 4042 3568 4097 pag.

1993 4124 2118 4187 585,
2155 4122 2239 4176 his
2289 4122 2490 4186 verbis,
2528 4120 2656 4175 dum
2708 4121 2994 4190 loquitur:
3034 4139 3051 4171 ι
3094 4119 3324 4173 Michael
3352 4118 3568 4189 Glycas.

1990 4215 2212 4269 natione
2269 4212 2508 4278 Siculus,
2542 4213 2740 4267 claruit
2789 4228 2935 4267 anno
2971 4212 3129 4266 1120.
3164 4210 3419 4281 Epistolaa
3459 4209 3571 4265 Lll

1994 4305 2285 4359 maximam
2323 4315 2529 4374 partem
2564 4304 2883 4374 theologica:
2907 4304 2974 4357 de
3016 4302 3184 4358 variis
3218 4319 3387 4358 sacra:
3420 4302 3567 4356 Scri-

1992 4409 2167 4469 pturaa
2218 4397 2632 4460 controversiis,
2680 4397 2869 4452 Cncce
2928 4410 3065 4452 mss.
3121 4397 3173 4447 in
3243 4396 3569 4451 bibliotheca

1996 4489 2403 4544 Vindohoneusi
2436 4490 2728 4559 aliquoties
2784 4489 3078 4554 habentur,
3134 4503 3331 4557 nempe
3382 4490 3571 4543 codice

1998 4582 2299 4651 thrologico
2332 4582 2421 4645 67,
2456 4582 2645 4635 codice
2679 4580 2766 4646 85,
2798 4588 2952 4633 nimi.
2978 4579 3033 4646 2,
3070 4580 3172 4635 fol.
3207 4580 3313 4644 ‘29;
3381 4581 3572 4635 codice

1994 4670 2117 4735 155,
2153 4671 2343 4725 codice
2379 4670 2761 4740 philoSOphico
2798 4669 2920 4732 105,
2965 4669 3057 4723 ubi
3089 4670 3252 4724 etiam
3310 4674 3570 4725 nonnulla

1990 4763 2109 4832 ejus
2163 4761 2357 4830 Capita
2420 4761 2778 4830 philosophica
2838 4769 3212 4816 asscrvantur.
3273 4760 3569 4832 Speciatim

1992 4854 2184 4905 harum
2229 4852 2994 4921 Epistolarumrecensiouem
3044 4852 3269 4906 exhibet
3335 4852 3569 4906 Lambe-

1989 4941 2624 4998 ciusCommemw'ioruin
2658 4944 2796 4997 libro
2823 4962 2891 5007 tv,
2931 4962 3049 5015 pag.
3105 4944 3228 5010 152,
3264 4957 3369 4999 etc.
3438 4947 3568 5015 Epi-

1995 5039 2130 5091 stula
2160 5038 2224 5090 ad
2265 5037 2511 5107 Alypium
2547 5039 2874 5091 monachum
2924 5038 2986 5090 de
3011 5039 3377 5106 Assumptiouc
3401 5037 3573 5093 beata;

1997 5131 2233 5201 Virginis
2260 5129 2525 5198 Deiparzc.
2555 5140 2731 5183 exstat
2788 5132 3081 5199 separatim
3119 5130 3309 5186 codice
3346 5131 3569 5185 theolo-

1993 5228 2111 5293 gico
2136 5222 2262 5286 265,
2293 5237 2446 5276 num.
2493 5224 2578 5286 ll,
2639 5222 2730 5276 fol.
2780 5224 2834 5277 5.
2876 5243 2894 5273 ι
2960 5223 3037 5277 lta
3089 5224 3310 5290 quidem
3368 5224 3568 5279 Cavus.

1995 5318 2193 5371 Verum
2228 5316 2343 5370 haec
2369 5316 2552 5370 omnia
2584 5316 2866 5370 mendacia
2927 5325 2983 5369 ct
3038 5315 3187 5370 falsa:
3250 5317 3569 5377 citationcs,

1993 5408 2058 5462 ad
2085 5407 2362 5462 Guilielmi
2388 5408 2519 5463 Cavi
2542 5404 2918 5463 confusionem
2948 5416 3002 5462 et
3049 5404 3289 5462 dedecus
3317 5417 3569 5463 :exstaut

1986 5500 2138 5552 enim
2177 5500 2231 5552 in
2259 5514 2389 5554 mss.
2415 5499 2693 5554 codicibus
2728 5508 2962 5568 quatuor
3022 5498 3163 5575 istis,
3224 5497 3421 5551 codice
3459 5511 3564 5549 ms.

1994 5592 2303 5663 theologico
2349 5593 2538 5648 Grzcco
2601 5594 2722 5654 149,
2783 5609 2931 5645 ιιιιιιι.
2993 5590 3207 5657 2,160,
3254 5589 3320 5642 dc
3366 5586 3570 5657 quibus

1991 5685 2133 5740 libro
2164 5702 2214 5743 Iv
2255 5687 2787 5743 Commentariorum
2829 5685 2991 5755 hujus
3040 5680 3387 5738 bibliotheca:
3436 5695 3565 5753 pag.

362 5863 429 5927 (1)
458 5863 595 5913 Πιιις
619 5865 883 5927 epistolam
906 5864 1058 5916 habes
1092 5867 1215 5927 apud
1244 5879 1330 5916 nos
1357 5865 1403 5914 iu
1433 5863 1551 5915 lsaia
1576 5860 1772 5927 Cyprio,
1798 5866 1853 5914 ad
1891 5878 2001 5913 stin.
2031 5865 2150 5914 1150

3689 4952 3706 5149 ἐ
