  <div class='ocr_page' id='page_1' title='image "/cluster/home/n/w/nwhite01/storage/ocr_20150623/158/mdp.39015078384701/026.png"; bbox 0 0 3968 6228; ppageno 0'>
   <div class='ocr_carea' id='block_1_1' title="bbox 352 291 498 334">
    <p class='ocr_par' dir='ltr' id='par_1_1' title="bbox 352 291 498 334">
     <span class='ocr_line' id='line_1_1' title="bbox 352 291 498 334; baseline -0.014 -1"><span class='ocrx_word' id='word_1_1' title='bbox 352 297 378 334; x_wconf 71' lang='lat' dir='ltr'><strong>I</strong></span> <span class='ocrx_word' id='word_1_2' title='bbox 390 291 498 331; x_wconf 54' lang='grc' dir='ltr'><strong><em>ιπηιη</em></strong></span> 
     </span>
    </p>
   </div>
   <div class='ocr_carea' id='block_1_2' title="bbox 1711 271 2299 333">
    <p class='ocr_par' dir='ltr' id='par_1_2' title="bbox 1711 271 2299 333">
     <span class='ocr_line' id='line_1_2' title="bbox 1711 271 2299 333; baseline 0.012 -7"><span class='ocrx_word' id='word_1_3' title='bbox 1711 272 1864 331; x_wconf 78' lang='lat' dir='ltr'><strong>CA-S.</strong></span> <span class='ocrx_word' id='word_1_4' title='bbox 1911 271 2299 333; x_wconf 53' lang='lat' dir='ltr'><strong>CONSUS.-</strong></span> 
     </span>
    </p>
   </div>
   <div class='ocr_carea' id='block_1_3' title="bbox 3497 278 3636 322">
    <p class='ocr_par' dir='ltr' id='par_1_3' title="bbox 3497 278 3636 322">
     <span class='ocr_line' id='line_1_3' title="bbox 3497 278 3636 322; baseline -0.014 0"><span class='ocrx_word' id='word_1_5' title='bbox 3497 278 3636 322; x_wconf 48' lang='lat' dir='ltr'><strong>XXV.</strong></span> 
     </span>
    </p>
   </div>
   <div class='ocr_carea' id='block_1_4' title="bbox 351 374 3607 450">
    <p class='ocr_par' dir='ltr' id='par_1_4' title="bbox 351 374 3607 450">
     <span class='ocr_line' id='line_1_4' title="bbox 351 374 3607 450; baseline -0.006 -3"><span class='ocrx_word' id='word_1_6' title='bbox 351 394 442 447; x_wconf 71' lang='lat' dir='ltr'><strong>lib.</strong></span> <span class='ocrx_word' id='word_1_7' title='bbox 499 406 530 444; x_wconf 74' lang='grc' dir='ltr'><strong>ν</strong></span> <span class='ocrx_word' id='word_1_8' title='bbox 585 385 1126 442; x_wconf 66' lang='lat' dir='ltr'><strong>Commentariorum</strong></span> <span class='ocrx_word' id='word_1_9' title='bbox 1192 382 1284 439; x_wconf 93' lang='lat' dir='ltr'><strong>fol.</strong></span> <span class='ocrx_word' id='word_1_10' title='bbox 1327 383 1397 438; x_wconf 78' lang='lat'><strong>&#39;50</strong></span> <span class='ocrx_word' id='word_1_11' title='bbox 1467 378 1652 436; x_wconf 85' lang='lat' dir='ltr'><strong>laudat</strong></span> <span class='ocrx_word' id='word_1_12' title='bbox 1697 383 1900 438; x_wconf 66' lang='lat' dir='ltr'><strong>Lausbe</strong></span> <span class='ocrx_word' id='word_1_13' title='bbox 1959 386 2006 446; x_wconf 75' lang='grc' dir='ltr'><strong>Α</strong></span> <span class='ocrx_word' id='word_1_14' title='bbox 2106 382 2215 437; x_wconf 79' lang='lat' dir='ltr'><strong>Nec</strong></span> <span class='ocrx_word' id='word_1_15' title='bbox 2246 383 2466 450; x_wconf 88' lang='lat' dir='ltr'><strong>juvatur</strong></span> <span class='ocrx_word' id='word_1_16' title='bbox 2506 377 2751 436; x_wconf 82' lang='lat' dir='ltr'><strong>etiamin</strong></span> <span class='ocrx_word' id='word_1_17' title='bbox 2779 375 3095 446; x_wconf 77' lang='lat' dir='ltr'><strong>conjectura</strong></span> <span class='ocrx_word' id='word_1_18' title='bbox 3159 390 3253 430; x_wconf 87' lang='lat' dir='ltr'><strong>sua</strong></span> <span class='ocrx_word' id='word_1_19' title='bbox 3289 374 3343 428; x_wconf 90' lang='lat' dir='ltr'><strong>in</strong></span> <span class='ocrx_word' id='word_1_20' title='bbox 3381 375 3607 427; x_wconf 71' lang='lat' dir='ltr'><strong>lotium:</strong></span> 
     </span>
    </p>
   </div>
   <div class='ocr_carea' id='block_1_5' title="bbox 349 474 1920 552">
    <p class='ocr_par' dir='ltr' id='par_1_5' title="bbox 349 474 1920 552">
     <span class='ocr_line' id='line_1_5' title="bbox 349 474 1920 552; baseline -0.008 -11"><span class='ocrx_word' id='word_1_21' title='bbox 349 485 488 548; x_wconf 81' lang='lat' dir='ltr'><strong>eius,</strong></span> <span class='ocrx_word' id='word_1_22' title='bbox 530 496 764 552; x_wconf 88' lang='lat' dir='ltr'><strong>quorum</strong></span> <span class='ocrx_word' id='word_1_23' title='bbox 815 479 962 550; x_wconf 76' lang='lat' dir='ltr'><strong>prior</strong></span> <span class='ocrx_word' id='word_1_24' title='bbox 989 475 1258 546; x_wconf 75' lang='lat' dir='ltr'><strong>Epistolas</strong></span> <span class='ocrx_word' id='word_1_25' title='bbox 1294 492 1346 540; x_wconf 85' lang='lat' dir='ltr'><strong>L,</strong></span> <span class='ocrx_word' id='word_1_26' title='bbox 1379 474 1515 529; x_wconf 87' lang='lat' dir='ltr'><strong>alter</strong></span> <span class='ocrx_word' id='word_1_27' title='bbox 1538 489 1624 528; x_wconf 81' lang='lat' dir='ltr'><strong>Lvt</strong></span> <span class='ocrx_word' id='word_1_28' title='bbox 1653 474 1920 539; x_wconf 88' lang='lat' dir='ltr'><strong>continet,</strong></span> 
     </span>
    </p>
   </div>
   <div class='ocr_carea' id='block_1_6' title="bbox 350 567 1927 642">
    <p class='ocr_par' dir='ltr' id='par_1_6' title="bbox 350 567 1927 642">
     <span class='ocr_line' id='line_1_6' title="bbox 350 567 1927 642; baseline -0.007 -12"><span class='ocrx_word' id='word_1_29' title='bbox 350 574 670 630; x_wconf 69' lang='lat' dir='ltr'><strong>llichaelem</strong></span> <span class='ocrx_word' id='word_1_30' title='bbox 695 571 915 642; x_wconf 74' lang='lat' dir='ltr'><strong>Clycam</strong></span> <span class='ocrx_word' id='word_1_31' title='bbox 938 578 1219 625; x_wconf 86' lang='lat' dir='ltr'><strong>auctorem</strong></span> <span class='ocrx_word' id='word_1_32' title='bbox 1281 567 1598 636; x_wconf 56' lang='lat' dir='ltr'><strong>praeierunt,</strong></span> <span class='ocrx_word' id='word_1_33' title='bbox 1652 567 1756 622; x_wconf 92' lang='lat' dir='ltr'><strong>hoc</strong></span> <span class='ocrx_word' id='word_1_34' title='bbox 1789 567 1927 620; x_wconf 81' lang='lat' dir='ltr'><strong>lem-</strong></span> 
     </span>
    </p>
   </div>
   <div class='ocr_carea' id='block_1_7' title="bbox 352 655 1925 731">
    <p class='ocr_par' dir='ltr' id='par_1_7' title="bbox 352 655 1925 731">
     <span class='ocr_line' id='line_1_7' title="bbox 352 655 1925 731; baseline -0.008 -11"><span class='ocrx_word' id='word_1_35' title='bbox 352 677 534 720; x_wconf 84' lang='lat' dir='ltr'><strong>mate:</strong></span> <span class='ocrx_word' id='word_1_36' title='bbox 571 663 677 716; x_wconf 74' lang='grc' dir='ltr'><strong>Τοῦ</strong></span> <span class='ocrx_word' id='word_1_37' title='bbox 723 663 1037 731; x_wconf 69' lang='grc' dir='ltr'><strong>σοφωτάτου</strong></span> <span class='ocrx_word' id='word_1_38' title='bbox 1069 663 1164 714; x_wconf 74' lang='grc' dir='ltr'><strong>καὶ</strong></span> <span class='ocrx_word' id='word_1_39' title='bbox 1214 658 1551 727; x_wconf 77' lang='grc' dir='ltr'><strong>λογιωτάτου</strong></span> <span class='ocrx_word' id='word_1_40' title='bbox 1595 655 1767 728; x_wconf 78' lang='grc' dir='ltr'>κυροῢ</span> <span class='ocrx_word' id='word_1_41' title='bbox 1793 657 1925 724; x_wconf 59' lang='grc' dir='ltr'><strong>ἰΜι-</strong></span> 
     </span>
    </p>
   </div>
   <div class='ocr_carea' id='block_1_8' title="bbox 347 747 1924 824">
    <p class='ocr_par' dir='ltr' id='par_1_8' title="bbox 347 747 1924 824">
     <span class='ocr_line' id='line_1_8' title="bbox 347 747 1924 824; baseline -0.004 -20"><span class='ocrx_word' id='word_1_42' title='bbox 347 754 483 824; x_wconf 68' lang='grc' dir='ltr'><strong>χιὴλ</strong></span> <span class='ocrx_word' id='word_1_43' title='bbox 543 751 636 805; x_wconf 78' lang='grc' dir='ltr'><strong>τοῦ</strong></span> <span class='ocrx_word' id='word_1_44' title='bbox 685 751 866 804; x_wconf 81' lang='grc' dir='ltr'><strong>Γλυκᾶ</strong></span> <span class='ocrx_word' id='word_1_45' title='bbox 899 751 978 812; x_wconf 76' lang='lat' dir='ltr'><strong>ei;</strong></span> <span class='ocrx_word' id='word_1_46' title='bbox 1033 749 1132 811; x_wconf 71' lang='grc' dir='ltr'><strong>τὰς</strong></span> <span class='ocrx_word' id='word_1_47' title='bbox 1160 747 1396 818; x_wconf 65' lang='grc' dir='ltr'><strong>ἀπορίαις</strong></span> <span class='ocrx_word' id='word_1_48' title='bbox 1443 749 1539 818; x_wconf 75' lang='grc' dir='ltr'><strong>τῆς</strong></span> <span class='ocrx_word' id='word_1_49' title='bbox 1592 747 1743 810; x_wconf 77' lang='grc' dir='ltr'><strong>Θείας</strong></span> <span class='ocrx_word' id='word_1_50' title='bbox 1784 747 1924 816; x_wconf 69' lang='grc' dir='ltr'><strong>Γρι-</strong></span> 
     </span>
    </p>
   </div>
   <div class='ocr_carea' id='block_1_9' title="bbox 349 839 1923 915">
    <p class='ocr_par' dir='ltr' id='par_1_9' title="bbox 349 839 1923 915">
     <span class='ocr_line' id='line_1_9' title="bbox 349 839 1923 915; baseline -0.003 -18"><span class='ocrx_word' id='word_1_51' title='bbox 349 847 477 915; x_wconf 79' lang='grc' dir='ltr'><strong>φῆς.</strong></span> <span class='ocrx_word' id='word_1_52' title='bbox 517 841 1014 898; x_wconf 77' lang='lat' dir='ltr'><strong>Laudantnretiam</strong></span> <span class='ocrx_word' id='word_1_53' title='bbox 1036 857 1065 895; x_wconf 89' lang='lat' dir='ltr'><strong>a</strong></span> <span class='ocrx_word' id='word_1_54' title='bbox 1085 841 1329 896; x_wconf 79' lang='lat' dir='ltr'><strong>Gesnero</strong></span> <span class='ocrx_word' id='word_1_55' title='bbox 1350 840 1454 895; x_wconf 85' lang='lat' dir='ltr'><strong>sub</strong></span> <span class='ocrx_word' id='word_1_56' title='bbox 1473 839 1698 894; x_wconf 79' lang='lat' dir='ltr'><strong>neruine</strong></span> <span class='ocrx_word' id='word_1_57' title='bbox 1724 839 1923 909; x_wconf 62' lang='lat' dir='ltr'><strong>Glyeie,</strong></span> 
     </span>
    </p>
   </div>
   <div class='ocr_carea' id='block_1_10' title="bbox 348 931 1923 1001">
    <p class='ocr_par' dir='ltr' id='par_1_10' title="bbox 348 931 1923 1001">
     <span class='ocr_line' id='line_1_10' title="bbox 348 931 1923 1001; baseline -0.004 -11"><span class='ocrx_word' id='word_1_58' title='bbox 348 934 924 992; x_wconf 66' lang='lat' dir='ltr'><strong>nt.et.abllte.~chelio</strong></span> <span class='ocrx_word' id='word_1_59' title='bbox 979 949 1042 988; x_wconf 79' lang='lat' dir='ltr'><strong>ex</strong></span> <span class='ocrx_word' id='word_1_60' title='bbox 1086 931 1412 986; x_wconf 75' lang='lat' dir='ltr'><strong>bibliotheca</strong></span> <span class='ocrx_word' id='word_1_61' title='bbox 1457 932 1777 1001; x_wconf 83' lang='lat' dir='ltr'><strong>Augustana</strong></span> <span class='ocrx_word' id='word_1_62' title='bbox 1832 944 1923 984; x_wconf 86' lang='lat' dir='ltr'><strong>eo—</strong></span> 
     </span>
    </p>
   </div>
   <div class='ocr_carea' id='block_1_11' title="bbox 346 1023 1927 1092">
    <p class='ocr_par' dir='ltr' id='par_1_11' title="bbox 346 1023 1927 1092">
     <span class='ocr_line' id='line_1_11' title="bbox 346 1023 1927 1092; baseline -0.004 -10"><span class='ocrx_word' id='word_1_63' title='bbox 346 1028 468 1084; x_wconf 86' lang='lat' dir='ltr'><strong>dem</strong></span> <span class='ocrx_word' id='word_1_64' title='bbox 494 1027 678 1087; x_wconf 82' lang='lat' dir='ltr'><strong>titulo,</strong></span> <span class='ocrx_word' id='word_1_65' title='bbox 720 1035 772 1079; x_wconf 89' lang='lat' dir='ltr'><strong>et</strong></span> <span class='ocrx_word' id='word_1_66' title='bbox 797 1041 826 1078; x_wconf 84' lang='lat' dir='ltr'><strong>a</strong></span> <span class='ocrx_word' id='word_1_67' title='bbox 855 1023 1062 1078; x_wconf 86' lang='lat' dir='ltr'><strong>Jacobo</strong></span> <span class='ocrx_word' id='word_1_68' title='bbox 1095 1023 1364 1085; x_wconf 88' lang='lat' dir='ltr'><strong>Pontano,</strong></span> <span class='ocrx_word' id='word_1_69' title='bbox 1391 1023 1482 1092; x_wconf 86' lang='lat' dir='ltr'><strong>qui</strong></span> <span class='ocrx_word' id='word_1_70' title='bbox 1527 1023 1737 1090; x_wconf 85' lang='lat' dir='ltr'><strong>priores</strong></span> <span class='ocrx_word' id='word_1_71' title='bbox 1790 1023 1927 1078; x_wconf 89' lang='lat' dir='ltr'><strong>duas</strong></span> 
     </span>
    </p>
   </div>
   <div class='ocr_carea' id='block_1_12' title="bbox 347 1113 1927 1182">
    <p class='ocr_par' dir='ltr' id='par_1_12' title="bbox 347 1113 1927 1182">
     <span class='ocr_line' id='line_1_12' title="bbox 347 1113 1927 1182; baseline -0.005 -7"><span class='ocrx_word' id='word_1_72' title='bbox 347 1120 537 1175; x_wconf 82' lang='lat' dir='ltr'><strong>Latine</strong></span> <span class='ocrx_word' id='word_1_73' title='bbox 572 1117 827 1173; x_wconf 76' lang='lat' dir='ltr'><strong>reddidit.</strong></span> <span class='ocrx_word' id='word_1_74' title='bbox 867 1115 971 1171; x_wconf 86' lang='lat' dir='ltr'><strong>Sed</strong></span> <span class='ocrx_word' id='word_1_75' title='bbox 1005 1125 1058 1170; x_wconf 87' lang='lat' dir='ltr'><strong>et</strong></span> <span class='ocrx_word' id='word_1_76' title='bbox 1089 1113 1154 1169; x_wconf 88' lang='lat' dir='ltr'><strong>ad</strong></span> <span class='ocrx_word' id='word_1_77' title='bbox 1181 1113 1388 1167; x_wconf 85' lang='lat' dir='ltr'><strong>calcem</strong></span> <span class='ocrx_word' id='word_1_78' title='bbox 1465 1113 1673 1168; x_wconf 81' lang='lat' dir='ltr'><strong>codicis</strong></span> <span class='ocrx_word' id='word_1_79' title='bbox 1741 1123 1927 1182; x_wconf 69' lang='lat' dir='ltr'><strong>posm-</strong></span> 
     </span>
    </p>
   </div>
   <div class='ocr_carea' id='block_1_13' title="bbox 352 1202 1926 1271">
    <p class='ocr_par' dir='ltr' id='par_1_13' title="bbox 352 1202 1926 1271">
     <span class='ocr_line' id='line_1_13' title="bbox 352 1202 1926 1271; baseline -0.006 -6"><span class='ocrx_word' id='word_1_80' title='bbox 352 1213 516 1265; x_wconf 82' lang='lat' dir='ltr'><strong>rioris</strong></span> <span class='ocrx_word' id='word_1_81' title='bbox 583 1207 818 1263; x_wconf 64' lang='lat' dir='ltr'><strong>Caesarei</strong></span> <span class='ocrx_word' id='word_1_82' title='bbox 882 1209 1000 1261; x_wconf 80' lang='lat' dir='ltr'><strong>bac</strong></span> <span class='ocrx_word' id='word_1_83' title='bbox 1054 1205 1422 1260; x_wconf 88' lang='lat' dir='ltr'><strong>scribuntur:</strong></span> <span class='ocrx_word' id='word_1_84' title='bbox 1495 1203 1665 1257; x_wconf 77' lang='grc' dir='ltr'>Τοῦτο</span> <span class='ocrx_word' id='word_1_85' title='bbox 1723 1202 1926 1271; x_wconf 77' lang='grc' dir='ltr'><strong>βιϐλίον</strong></span> 
     </span>
    </p>
   </div>
   <div class='ocr_carea' id='block_1_14' title="bbox 351 1288 1926 1371">
    <p class='ocr_par' dir='ltr' id='par_1_14' title="bbox 351 1288 1926 1371">
     <span class='ocr_line' id='line_1_14' title="bbox 351 1288 1926 1371; baseline -0.003 -17"><span class='ocrx_word' id='word_1_86' title='bbox 351 1301 588 1371; x_wconf 73' lang='grc' dir='ltr'><strong>ὑπάρχει</strong></span> <span class='ocrx_word' id='word_1_87' title='bbox 623 1299 844 1371; x_wconf 78' lang='grc' dir='ltr'><strong>Μιχαὴλ</strong></span> <span class='ocrx_word' id='word_1_88' title='bbox 873 1298 968 1350; x_wconf 77' lang='grc' dir='ltr'><strong>τοῦ</strong></span> <span class='ocrx_word' id='word_1_89' title='bbox 1021 1299 1218 1350; x_wconf 72' lang='grc' dir='ltr'><strong>Γλυκεῖ.</strong></span> <span class='ocrx_word' id='word_1_90' title='bbox 1257 1297 1573 1352; x_wconf 77' lang='lat' dir='ltr'><strong>l’romiscue</strong></span> <span class='ocrx_word' id='word_1_91' title='bbox 1602 1288 1730 1350; x_wconf 72' lang='lat' dir='ltr'><strong>vero</strong></span> <span class='ocrx_word' id='word_1_92' title='bbox 1762 1296 1926 1350; x_wconf 87' lang='lat' dir='ltr'><strong>hasce</strong></span> 
     </span>
    </p>
   </div>
   <div class='ocr_carea' id='block_1_15' title="bbox 352 1388 1927 1462">
    <p class='ocr_par' dir='ltr' id='par_1_15' title="bbox 352 1388 1927 1462">
     <span class='ocr_line' id='line_1_15' title="bbox 352 1388 1927 1462; baseline -0.004 -15"><span class='ocrx_word' id='word_1_93' title='bbox 352 1392 620 1462; x_wconf 65' lang='lat' dir='ltr'><strong>l-Tpistolas</strong></span> <span class='ocrx_word' id='word_1_94' title='bbox 643 1394 746 1445; x_wconf 92' lang='lat' dir='ltr'><strong>sub</strong></span> <span class='ocrx_word' id='word_1_95' title='bbox 779 1391 1000 1444; x_wconf 89' lang='lat' dir='ltr'><strong>nomine</strong></span> <span class='ocrx_word' id='word_1_96' title='bbox 1048 1388 1277 1443; x_wconf 74' lang='lat' dir='ltr'><strong>Zonara:</strong></span> <span class='ocrx_word' id='word_1_97' title='bbox 1332 1389 1449 1444; x_wconf 83' lang='lat' dir='ltr'><strong>sive</strong></span> <span class='ocrx_word' id='word_1_98' title='bbox 1480 1388 1656 1459; x_wconf 75' lang='lat' dir='ltr'><strong>Glyco:</strong></span> <span class='ocrx_word' id='word_1_99' title='bbox 1710 1403 1927 1456; x_wconf 73' lang='lat' dir='ltr'><strong>semper</strong></span> 
     </span>
    </p>
   </div>
   <div class='ocr_carea' id='block_1_16' title="bbox 347 1478 1925 1550">
    <p class='ocr_par' dir='ltr' id='par_1_16' title="bbox 347 1478 1925 1550">
     <span class='ocr_line' id='line_1_16' title="bbox 347 1478 1925 1550; baseline -0.005 -10"><span class='ocrx_word' id='word_1_100' title='bbox 347 1487 526 1540; x_wconf 77' lang='lat' dir='ltr'><strong>laudat</strong></span> <span class='ocrx_word' id='word_1_101' title='bbox 553 1485 786 1543; x_wconf 82' lang='lat' dir='ltr'><strong>Allatius</strong></span> <span class='ocrx_word' id='word_1_102' title='bbox 809 1483 902 1536; x_wconf 87' lang='lat' dir='ltr'><strong>lib.</strong></span> <span class='ocrx_word' id='word_1_103' title='bbox 937 1499 975 1536; x_wconf 87' lang='lat' dir='ltr'><strong>ll</strong></span> <span class='ocrx_word' id='word_1_104' title='bbox 1032 1483 1104 1535; x_wconf 84' lang='lat' dir='ltr'><strong>De</strong></span> <span class='ocrx_word' id='word_1_105' title='bbox 1129 1497 1381 1538; x_wconf 76' lang='lat' dir='ltr'><strong>consensu</strong></span> <span class='ocrx_word' id='word_1_106' title='bbox 1415 1481 1690 1550; x_wconf 76' lang='lat' dir='ltr'><strong>utriusque</strong></span> <span class='ocrx_word' id='word_1_107' title='bbox 1738 1478 1925 1536; x_wconf 83' lang='lat' dir='ltr'><strong>Eccle-</strong></span> 
     </span>
    </p>
   </div>
   <div class='ocr_carea' id='block_1_17' title="bbox 348 1570 1923 1644">
    <p class='ocr_par' dir='ltr' id='par_1_17' title="bbox 348 1570 1923 1644">
     <span class='ocr_line' id='line_1_17' title="bbox 348 1570 1923 1644; baseline -0.003 -16"><span class='ocrx_word' id='word_1_108' title='bbox 348 1578 457 1641; x_wconf 70' lang='lat' dir='ltr'><strong>sita,</strong></span> <span class='ocrx_word' id='word_1_109' title='bbox 497 1573 741 1644; x_wconf 29' lang='lat' dir='ltr'><strong>cap.,l8,</strong></span> <span class='ocrx_word' id='word_1_110' title='bbox 773 1589 923 1628; x_wconf 84' lang='lat' dir='ltr'><strong>num.</strong></span> <span class='ocrx_word' id='word_1_111' title='bbox 977 1572 1099 1636; x_wconf 40' lang='lat'><strong>17;.</strong></span> <span class='ocrx_word' id='word_1_112' title='bbox 1129 1573 1222 1624; x_wconf 85' lang='lat' dir='ltr'><strong>lib.</strong></span> <span class='ocrx_word' id='word_1_113' title='bbox 1262 1587 1343 1634; x_wconf 88' lang='lat' dir='ltr'><strong>nt,</strong></span> <span class='ocrx_word' id='word_1_114' title='bbox 1381 1587 1506 1640; x_wconf 87' lang='lat' dir='ltr'><strong>cap.</strong></span> <span class='ocrx_word' id='word_1_115' title='bbox 1563 1570 1650 1633; x_wconf 77' lang='grc'><strong>15,</strong></span> <span class='ocrx_word' id='word_1_116' title='bbox 1684 1585 1836 1625; x_wconf 89' lang='lat' dir='ltr'><strong>num.</strong></span> <span class='ocrx_word' id='word_1_117' title='bbox 1869 1570 1923 1637; x_wconf 88' lang='lat'><strong>8,</strong></span> 
     </span>
    </p>
   </div>
   <div class='ocr_carea' id='block_1_18' title="bbox 349 1664 1922 1736">
    <p class='ocr_par' dir='ltr' id='par_1_18' title="bbox 349 1664 1922 1736">
     <span class='ocr_line' id='line_1_18' title="bbox 349 1664 1922 1736; baseline -0.004 -13"><span class='ocrx_word' id='word_1_118' title='bbox 349 1684 466 1736; x_wconf 68' lang='lat' dir='ltr'><strong>cep.</strong></span> <span class='ocrx_word' id='word_1_119' title='bbox 501 1667 590 1726; x_wconf 83' lang='lat' dir='ltr'><strong>l6,</strong></span> <span class='ocrx_word' id='word_1_120' title='bbox 644 1665 918 1731; x_wconf 49' lang='lat' dir='ltr'><strong>unum”,</strong></span> <span class='ocrx_word' id='word_1_121' title='bbox 977 1681 1098 1734; x_wconf 84' lang='lat' dir='ltr'><strong>cap.</strong></span> <span class='ocrx_word' id='word_1_122' title='bbox 1137 1665 1223 1730; x_wconf 85' lang='grc'><strong>18,</strong></span> <span class='ocrx_word' id='word_1_123' title='bbox 1285 1681 1436 1718; x_wconf 79' lang='lat' dir='ltr'><strong>nunt.</strong></span> <span class='ocrx_word' id='word_1_124' title='bbox 1485 1664 1540 1728; x_wconf 89' lang='lat'><strong>8,</strong></span> <span class='ocrx_word' id='word_1_125' title='bbox 1609 1675 1664 1720; x_wconf 88' lang='lat' dir='ltr'><strong>et</strong></span> <span class='ocrx_word' id='word_1_126' title='bbox 1734 1674 1922 1719; x_wconf 89' lang='lat' dir='ltr'><strong>contra</strong></span> 
     </span>
    </p>
   </div>
   <div class='ocr_carea' id='block_1_19' title="bbox 2032 465 3608 547">
    <p class='ocr_par' dir='ltr' id='par_1_19' title="bbox 2032 465 3608 547">
     <span class='ocr_line' id='line_1_19' title="bbox 2032 465 3608 547; baseline -0.008 -20"><span class='ocrx_word' id='word_1_127' title='bbox 2032 476 2256 547; x_wconf 79' lang='lat' dir='ltr'><strong>gratiam</strong></span> <span class='ocrx_word' id='word_1_128' title='bbox 2291 473 2428 528; x_wconf 79' lang='lat' dir='ltr'><strong>facta</strong></span> <span class='ocrx_word' id='word_1_129' title='bbox 2463 490 2476 526; x_wconf 91' lang='lat'><strong>:</strong></span> <span class='ocrx_word' id='word_1_130' title='bbox 2515 471 2593 524; x_wconf 73' lang='lat' dir='ltr'><strong>Er</strong></span> <span class='ocrx_word' id='word_1_131' title='bbox 2620 473 2744 524; x_wconf 73' lang='lat' dir='ltr'><strong>uiris</strong></span> <span class='ocrx_word' id='word_1_132' title='bbox 2775 469 3048 539; x_wconf 78' lang='lat' dir='ltr'><strong>primariis</strong></span> <span class='ocrx_word' id='word_1_133' title='bbox 3100 465 3254 521; x_wconf 72' lang='lat' dir='ltr'><strong>aulae.</strong></span> <span class='ocrx_word' id='word_1_134' title='bbox 3303 465 3608 524; x_wconf 83' lang='lat' dir='ltr'><strong>Constanti-</strong></span> 
     </span>
    </p>
   </div>
   <div class='ocr_carea' id='block_1_20' title="bbox 2030 558 3633 637">
    <p class='ocr_par' dir='ltr' id='par_1_20' title="bbox 2030 558 3633 637">
     <span class='ocr_line' id='line_1_20' title="bbox 2030 558 3633 637; baseline -0.009 -15"><span class='ocrx_word' id='word_1_135' title='bbox 2030 568 2379 637; x_wconf 72' lang='lat' dir='ltr'><strong>nopolitanat,</strong></span> <span class='ocrx_word' id='word_1_136' title='bbox 2438 565 2622 635; x_wconf 78' lang='lat' dir='ltr'><strong>quibus</strong></span> <span class='ocrx_word' id='word_1_137' title='bbox 2675 563 2873 633; x_wconf 76' lang='lat' dir='ltr'><strong>aliquot</strong></span> <span class='ocrx_word' id='word_1_138' title='bbox 2925 561 3281 619; x_wconf 78' lang='lat' dir='ltr'><strong>inscribuntur</strong></span> <span class='ocrx_word' id='word_1_139' title='bbox 3339 573 3357 612; x_wconf 91' lang='lat'><strong><em>:</em></strong></span> <span class='ocrx_word' id='word_1_140' title='bbox 3401 558 3633 612; x_wconf 83' lang='lat' dir='ltr'><strong>Joanne.</strong></span> 
     </span>
    </p>
   </div>
   <div class='ocr_carea' id='block_1_21' title="bbox 2033 652 3608 730">
    <p class='ocr_par' dir='ltr' id='par_1_21' title="bbox 2033 652 3608 730">
     <span class='ocr_line' id='line_1_21' title="bbox 2033 652 3608 730; baseline -0.006 -18"><span class='ocrx_word' id='word_1_141' title='bbox 2033 660 2177 712; x_wconf 88' lang='lat' dir='ltr'><strong>Duca</strong></span> <span class='ocrx_word' id='word_1_142' title='bbox 2203 675 2389 730; x_wconf 83' lang='lat' dir='ltr'><strong>magno</strong></span> <span class='ocrx_word' id='word_1_143' title='bbox 2422 657 2761 710; x_wconf 74' lang='lat' dir='ltr'><strong>lteta&#39;riarchu</strong></span> <span class='ocrx_word' id='word_1_144' title='bbox 2784 665 2831 707; x_wconf 84' lang='lat' dir='ltr'><strong>et</strong></span> <span class='ocrx_word' id='word_1_145' title='bbox 2889 654 3113 718; x_wconf 79' lang='lat' dir='ltr'><strong>sebasto,</strong></span> <span class='ocrx_word' id='word_1_146' title='bbox 3167 652 3316 720; x_wconf 84' lang='lat' dir='ltr'><strong>cujus</strong></span> <span class='ocrx_word' id='word_1_147' title='bbox 3345 666 3456 721; x_wconf 80' lang='lat' dir='ltr'><strong>pra:</strong></span> <span class='ocrx_word' id='word_1_148' title='bbox 3503 667 3608 704; x_wconf 79' lang='lat' dir='ltr'><strong>ca:-</strong></span> 
     </span>
    </p>
   </div>
   <div class='ocr_carea' id='block_1_22' title="bbox 2030 744 3634 814">
    <p class='ocr_par' dir='ltr' id='par_1_22' title="bbox 2030 744 3634 814">
     <span class='ocr_line' id='line_1_22' title="bbox 2030 744 3634 814; baseline -0.002 -10"><span class='ocrx_word' id='word_1_149' title='bbox 2030 753 2175 813; x_wconf 85' lang='lat' dir='ltr'><strong>teris,</strong></span> <span class='ocrx_word' id='word_1_150' title='bbox 2203 761 2258 803; x_wconf 84' lang='lat' dir='ltr'><strong>ut</strong></span> <span class='ocrx_word' id='word_1_151' title='bbox 2287 750 2418 803; x_wconf 86' lang='lat' dir='ltr'><strong>alios</strong></span> <span class='ocrx_word' id='word_1_152' title='bbox 2444 750 2673 813; x_wconf 83' lang='lat' dir='ltr'><strong>omittat,</strong></span> <span class='ocrx_word' id='word_1_153' title='bbox 2698 747 2892 802; x_wconf 87' lang='lat' dir='ltr'><strong>mentio</strong></span> <span class='ocrx_word' id='word_1_154' title='bbox 2921 747 3150 800; x_wconf 83' lang='lat' dir='ltr'><strong>occurrit</strong></span> <span class='ocrx_word' id='word_1_155' title='bbox 3181 745 3325 814; x_wconf 81' lang='lat' dir='ltr'><strong>apud</strong></span> <span class='ocrx_word' id='word_1_156' title='bbox 3364 744 3634 807; x_wconf 74' lang='lat' dir='ltr'><strong>Nicctam...</strong></span> 
     </span>
    </p>
   </div>
   <div class='ocr_carea' id='block_1_23' title="bbox 2029 835 3624 903">
    <p class='ocr_par' dir='ltr' id='par_1_23' title="bbox 2029 835 3624 903">
     <span class='ocr_line' id='line_1_23' title="bbox 2029 835 3624 903; baseline -0.006 -6"><span class='ocrx_word' id='word_1_157' title='bbox 2029 845 2082 898; x_wconf 89' lang='lat' dir='ltr'><strong>in</strong></span> <span class='ocrx_word' id='word_1_158' title='bbox 2130 843 2321 897; x_wconf 79' lang='lat' dir='ltr'><strong>Alexio</strong></span> <span class='ocrx_word' id='word_1_159' title='bbox 2346 841 2611 896; x_wconf 75' lang='lat' dir='ltr'><strong>Manu-lis</strong></span> <span class='ocrx_word' id='word_1_160' title='bbox 2673 840 2781 896; x_wconf 89' lang='lat' dir='ltr'><strong>filio</strong></span> <span class='ocrx_word' id='word_1_161' title='bbox 2813 855 2967 893; x_wconf 88' lang='lat' dir='ltr'><strong>num.</strong></span> <span class='ocrx_word' id='word_1_162' title='bbox 3021 840 3051 892; x_wconf 88' lang='lat'><strong>7</strong></span> <span class='ocrx_word' id='word_1_163' title='bbox 3087 847 3140 891; x_wconf 89' lang='lat' dir='ltr'><strong>ct</strong></span> <span class='ocrx_word' id='word_1_164' title='bbox 3173 836 3308 903; x_wconf 27' lang='lat' dir='ltr'><strong>9,.et</strong></span> <span class='ocrx_word' id='word_1_165' title='bbox 3365 835 3624 894; x_wconf 42' lang='lat' dir='ltr'><strong>Mannele.</strong></span> 
     </span>
    </p>
   </div>
   <div class='ocr_carea' id='block_1_24' title="bbox 2029 912 3653 1003">
    <p class='ocr_par' dir='ltr' id='par_1_24' title="bbox 2029 912 3653 1003">
     <span class='ocr_line' id='line_1_24' title="bbox 2029 912 3653 1003; baseline -0.003 -12"><span class='ocrx_word' id='word_1_166' title='bbox 2029 935 2296 991; x_wconf 85' lang='lat' dir='ltr'><strong>Comneno</strong></span> <span class='ocrx_word' id='word_1_167' title='bbox 2320 936 2756 998; x_wconf 84' lang='lat' dir='ltr'><strong>scbastocratore,</strong></span> <span class='ocrx_word' id='word_1_168' title='bbox 2817 935 2906 1003; x_wconf 87' lang='lat' dir='ltr'><strong>qui</strong></span> <span class='ocrx_word' id='word_1_169' title='bbox 2947 949 3049 986; x_wconf 87' lang='lat' dir='ltr'><strong>non</strong></span> <span class='ocrx_word' id='word_1_170' title='bbox 3111 931 3246 984; x_wconf 86' lang='lat' dir='ltr'><strong>alius</strong></span> <span class='ocrx_word' id='word_1_171' title='bbox 3287 941 3362 987; x_wconf 74' lang='lat' dir='ltr'><strong>cst</strong></span> <span class='ocrx_word' id='word_1_172' title='bbox 3397 930 3462 984; x_wconf 88' lang='lat' dir='ltr'><strong>ab</strong></span> <span class='ocrx_word' id='word_1_173' title='bbox 3524 947 3604 986; x_wconf 80' lang='lat' dir='ltr'><strong>eo.</strong></span> <span class='ocrx_word' id='word_1_174' title='bbox 3639 912 3653 947; x_wconf 40' lang='grc' dir='ltr'><strong>ἱ</strong></span> 
     </span>
    </p>
   </div>
   <div class='ocr_carea' id='block_1_25' title="bbox 2026 1021 3607 1096">
    <p class='ocr_par' dir='ltr' id='par_1_25' title="bbox 2026 1021 3607 1096">
     <span class='ocr_line' id='line_1_25' title="bbox 2026 1021 3607 1096; baseline -0.004 -16"><span class='ocrx_word' id='word_1_175' title='bbox 2026 1027 2180 1096; x_wconf 84' lang='lat' dir='ltr'><strong>cujus</strong></span> <span class='ocrx_word' id='word_1_176' title='bbox 2211 1027 2414 1096; x_wconf 85' lang='lat' dir='ltr'><strong>pariter</strong></span> <span class='ocrx_word' id='word_1_177' title='bbox 2453 1025 3018 1082; x_wconf 69' lang='lat' dir='ltr'><strong>Cinnamusmeminit-</strong></span> <span class='ocrx_word' id='word_1_178' title='bbox 3039 1025 3172 1077; x_wconf 88' lang='lat' dir='ltr'><strong>libro</strong></span> <span class='ocrx_word' id='word_1_179' title='bbox 3203 1039 3232 1076; x_wconf 85' lang='lat' dir='ltr'><strong>v</strong></span> <span class='ocrx_word' id='word_1_180' title='bbox 3266 1040 3413 1077; x_wconf 87' lang='lat' dir='ltr'><strong>num.</strong></span> <span class='ocrx_word' id='word_1_181' title='bbox 3451 1021 3514 1074; x_wconf 80' lang='lat' dir='ltr'><strong>ll</strong></span> <span class='ocrx_word' id='word_1_182' title='bbox 3559 1031 3607 1074; x_wconf 80' lang='lat' dir='ltr'><strong>et</strong></span> 
     </span>
    </p>
   </div>
   <div class='ocr_carea' id='block_1_26' title="bbox 2030 1111 3603 1179">
    <p class='ocr_par' dir='ltr' id='par_1_26' title="bbox 2030 1111 3603 1179">
     <span class='ocr_line' id='line_1_26' title="bbox 2030 1111 3603 1179; baseline -0.007 -8"><span class='ocrx_word' id='word_1_183' title='bbox 2030 1117 2115 1171; x_wconf 82' lang='lat' dir='ltr'><strong>l5.</strong></span> <span class='ocrx_word' id='word_1_184' title='bbox 2145 1116 2260 1170; x_wconf 86' lang='lat' dir='ltr'><strong>Non</strong></span> <span class='ocrx_word' id='word_1_185' title='bbox 2293 1116 2440 1170; x_wconf 89' lang='lat' dir='ltr'><strong>enim</strong></span> <span class='ocrx_word' id='word_1_186' title='bbox 2472 1115 2557 1169; x_wconf 91' lang='lat' dir='ltr'><strong>bis</strong></span> <span class='ocrx_word' id='word_1_187' title='bbox 2585 1114 2900 1169; x_wconf 83' lang='lat' dir='ltr'><strong>nominibus</strong></span> <span class='ocrx_word' id='word_1_188' title='bbox 2934 1122 3150 1170; x_wconf 52' lang='lat' dir='ltr'><strong>Veteres</strong></span> <span class='ocrx_word' id='word_1_189' title='bbox 3176 1112 3229 1166; x_wconf 91' lang='lat' dir='ltr'><strong>bi</strong></span> <span class='ocrx_word' id='word_1_190' title='bbox 3286 1111 3569 1179; x_wconf 86' lang='lat' dir='ltr'><strong>intclligun</strong></span> <span class='ocrx_word' id='word_1_191' title='bbox 3590 1139 3603 1149; x_wconf 80' lang='grc' dir='ltr'><strong><em>ο</em></strong></span> 
     </span>
    </p>
   </div>
   <div class='ocr_carea' id='block_1_27' title="bbox 2029 1202 3604 1276">
    <p class='ocr_par' dir='ltr' id='par_1_27' title="bbox 2029 1202 3604 1276">
     <span class='ocr_line' id='line_1_27' title="bbox 2029 1202 3604 1276; baseline -0.006 -14"><span class='ocrx_word' id='word_1_192' title='bbox 2029 1219 2141 1270; x_wconf 91' lang='lat' dir='ltr'><strong>tur,</strong></span> <span class='ocrx_word' id='word_1_193' title='bbox 2176 1208 2272 1263; x_wconf 90' lang='lat' dir='ltr'><strong>sed</strong></span> <span class='ocrx_word' id='word_1_194' title='bbox 2304 1209 2642 1262; x_wconf 79' lang='lat' dir='ltr'><strong>recentiores</strong></span> <span class='ocrx_word' id='word_1_195' title='bbox 2674 1206 2918 1276; x_wconf 85' lang='lat' dir='ltr'><strong>ejusdem</strong></span> <span class='ocrx_word' id='word_1_196' title='bbox 2956 1205 3194 1260; x_wconf 74' lang='grc' dir='ltr'><strong>ιιοιιιίιιίε</strong></span> <span class='ocrx_word' id='word_1_197' title='bbox 3231 1202 3604 1274; x_wconf 63' lang='lat' dir='ltr'><strong>c-tdignitatis,</strong></span> 
     </span>
    </p>
   </div>
   <div class='ocr_carea' id='block_1_28' title="bbox 2028 1295 3607 1369">
    <p class='ocr_par' dir='ltr' id='par_1_28' title="bbox 2028 1295 3607 1369">
     <span class='ocr_line' id='line_1_28' title="bbox 2028 1295 3607 1369; baseline -0.013 -8"><span class='ocrx_word' id='word_1_198' title='bbox 2028 1302 2120 1369; x_wconf 83' lang='lat' dir='ltr'><strong>qui</strong></span> <span class='ocrx_word' id='word_1_199' title='bbox 2172 1315 2317 1356; x_wconf 85' lang='lat' dir='ltr'><strong>anno</strong></span> <span class='ocrx_word' id='word_1_200' title='bbox 2349 1302 2570 1354; x_wconf 82' lang='lat' dir='ltr'><strong>circiter</strong></span> <span class='ocrx_word' id='word_1_201' title='bbox 2612 1299 2748 1354; x_wconf 72' lang='grc'><strong>1450</strong></span> <span class='ocrx_word' id='word_1_202' title='bbox 2800 1298 2853 1352; x_wconf 91' lang='lat' dir='ltr'><strong>in</strong></span> <span class='ocrx_word' id='word_1_203' title='bbox 2907 1298 3140 1367; x_wconf 84' lang='lat' dir='ltr'><strong>imperio</strong></span> <span class='ocrx_word' id='word_1_204' title='bbox 3190 1295 3451 1351; x_wconf 80' lang='lat' dir='ltr'><strong>Oricnlnli</strong></span> <span class='ocrx_word' id='word_1_205' title='bbox 3509 1297 3607 1347; x_wconf 86' lang='lat' dir='ltr'><strong>Sub</strong></span> 
     </span>
    </p>
   </div>
   <div class='ocr_carea' id='block_1_29' title="bbox 2027 1386 3608 1459">
    <p class='ocr_par' dir='ltr' id='par_1_29' title="bbox 2027 1386 3608 1459">
     <span class='ocr_line' id='line_1_29' title="bbox 2027 1386 3608 1459; baseline -0.004 -15"><span class='ocrx_word' id='word_1_206' title='bbox 2027 1389 2391 1444; x_wconf 85' lang='lat' dir='ltr'><strong>Constantino</strong></span> <span class='ocrx_word' id='word_1_207' title='bbox 2428 1387 2757 1459; x_wconf 74' lang='lat' dir='ltr'><strong>Pal-.eolngo,</strong></span> <span class='ocrx_word' id='word_1_208' title='bbox 2792 1388 2985 1442; x_wconf 90' lang='lat' dir='ltr'><strong>ultimo</strong></span> <span class='ocrx_word' id='word_1_209' title='bbox 3005 1388 3316 1443; x_wconf 66' lang='lat' dir='ltr'><strong>Gi&#39;arcorum</strong></span> <span class='ocrx_word' id='word_1_210' title='bbox 3369 1386 3608 1454; x_wconf 82' lang='lat' dir='ltr'><strong>impera-</strong></span> 
     </span>
    </p>
   </div>
   <div class='ocr_carea' id='block_1_30' title="bbox 2029 1479 3626 1549">
    <p class='ocr_par' dir='ltr' id='par_1_30' title="bbox 2029 1479 3626 1549">
     <span class='ocr_line' id='line_1_30' title="bbox 2029 1479 3626 1549; baseline -0.002 -16"><span class='ocrx_word' id='word_1_211' title='bbox 2029 1491 2168 1544; x_wconf 86' lang='lat' dir='ltr'><strong>tore,</strong></span> <span class='ocrx_word' id='word_1_212' title='bbox 2225 1479 2584 1549; x_wconf 81' lang='lat' dir='ltr'><strong>dignitatibus</strong></span> <span class='ocrx_word' id='word_1_213' title='bbox 2648 1480 2734 1533; x_wconf 90' lang='lat' dir='ltr'><strong>his</strong></span> <span class='ocrx_word' id='word_1_214' title='bbox 2786 1480 3158 1547; x_wconf 70' lang='lat' dir='ltr'><strong>fungebantur</strong></span> <span class='ocrx_word' id='word_1_215' title='bbox 3214 1493 3228 1530; x_wconf 90' lang='lat'><strong>:</strong></span> <span class='ocrx_word' id='word_1_216' title='bbox 3285 1486 3346 1531; x_wconf 89' lang='lat' dir='ltr'><strong>ut</strong></span> <span class='ocrx_word' id='word_1_217' title='bbox 3395 1485 3626 1538; x_wconf 77' lang='lat' dir='ltr'><strong>constat.</strong></span> 
     </span>
    </p>
   </div>
   <div class='ocr_carea' id='block_1_31' title="bbox 2026 1568 3620 1640">
    <p class='ocr_par' dir='ltr' id='par_1_31' title="bbox 2026 1568 3620 1640">
     <span class='ocr_line' id='line_1_31' title="bbox 2026 1568 3620 1640; baseline -0.001 -16"><span class='ocrx_word' id='word_1_218' title='bbox 2026 1585 2092 1624; x_wconf 79' lang='lat' dir='ltr'><strong>ex</strong></span> <span class='ocrx_word' id='word_1_219' title='bbox 2117 1568 2332 1624; x_wconf 81' lang='lat' dir='ltr'><strong>Joanne</strong></span> <span class='ocrx_word' id='word_1_220' title='bbox 2370 1569 2536 1635; x_wconf 86' lang='lat' dir='ltr'><strong>Duca,</strong></span> <span class='ocrx_word' id='word_1_221' title='bbox 2568 1571 2722 1640; x_wconf 86' lang='lat' dir='ltr'><strong>cujus</strong></span> <span class='ocrx_word' id='word_1_222' title='bbox 2759 1570 3042 1625; x_wconf 86' lang='lat' dir='ltr'><strong>historiam</strong></span> <span class='ocrx_word' id='word_1_223' title='bbox 3073 1569 3406 1630; x_wconf 84' lang='lat' dir='ltr'><strong>inmanibus</strong></span> <span class='ocrx_word' id='word_1_224' title='bbox 3439 1569 3620 1623; x_wconf 79' lang='lat' dir='ltr'><strong>habe-.</strong></span> 
     </span>
    </p>
   </div>
   <div class='ocr_carea' id='block_1_32' title="bbox 2027 1658 3628 1732">
    <p class='ocr_par' dir='ltr' id='par_1_32' title="bbox 2027 1658 3628 1732">
     <span class='ocr_line' id='line_1_32' title="bbox 2027 1658 3628 1732; baseline 0.002 -20"><span class='ocrx_word' id='word_1_225' title='bbox 2027 1674 2150 1714; x_wconf 91' lang='lat' dir='ltr'><strong>mus</strong></span> <span class='ocrx_word' id='word_1_226' title='bbox 2183 1675 2197 1713; x_wconf 91' lang='lat'><strong>:</strong></span> <span class='ocrx_word' id='word_1_227' title='bbox 2225 1660 2315 1728; x_wconf 87' lang='lat' dir='ltr'><strong>qui</strong></span> <span class='ocrx_word' id='word_1_228' title='bbox 2347 1658 2593 1714; x_wconf 82' lang='lat' dir='ltr'><strong>Michaeli</strong></span> <span class='ocrx_word' id='word_1_229' title='bbox 2629 1660 2808 1732; x_wconf 71' lang='lat' dir='ltr'><strong>Glycze</strong></span> <span class='ocrx_word' id='word_1_230' title='bbox 2864 1662 3162 1732; x_wconf 82' lang='lat' dir='ltr'><strong>synehroni</strong></span> <span class='ocrx_word' id='word_1_231' title='bbox 3221 1677 3344 1718; x_wconf 87' lang='lat' dir='ltr'><strong>cum</strong></span> <span class='ocrx_word' id='word_1_232' title='bbox 3379 1662 3628 1726; x_wconf 85' lang='lat' dir='ltr'><strong>fuerint,_</strong></span> 
     </span>
    </p>
   </div>
   <div class='ocr_carea' id='block_1_33' title="bbox 347 1741 3605 1828">
    <p class='ocr_par' dir='ltr' id='par_1_33' title="bbox 347 1741 3605 1828">
     <span class='ocr_line' id='line_1_33' title="bbox 347 1741 3605 1828; baseline -0.002 -14"><span class='ocrx_word' id='word_1_233' title='bbox 347 1758 727 1828; x_wconf 74' lang='lat' dir='ltr'><strong>Greigtbonem</strong></span> <span class='ocrx_word' id='word_1_234' title='bbox 756 1773 878 1825; x_wconf 81' lang='lat' dir='ltr'><strong>pag.</strong></span> <span class='ocrx_word' id='word_1_235' title='bbox 917 1756 1014 1811; x_wconf 72' lang='lat' dir='ltr'><strong>5H</strong></span> <span class='ocrx_word' id='word_1_236' title='bbox 1073 1755 1286 1810; x_wconf 70' lang='grc' dir='ltr'><strong>ρι’54ι1..</strong></span> <span class='ocrx_word' id='word_1_237' title='bbox 1338 1756 1393 1808; x_wconf 91' lang='lat' dir='ltr'><strong>ln</strong></span> <span class='ocrx_word' id='word_1_238' title='bbox 1457 1757 1658 1823; x_wconf 80' lang='lat' dir='ltr'><strong>quibus</strong></span> <span class='ocrx_word' id='word_1_239' title='bbox 1697 1755 1917 1824; x_wconf 87' lang='lat' dir='ltr'><strong>quidem</strong></span> <span class='ocrx_word' id='word_1_240' title='bbox 1956 1741 1998 1796; x_wconf 77' lang='grc' dir='ltr'><strong>Β</strong></span> <span class='ocrx_word' id='word_1_241' title='bbox 2029 1753 2097 1805; x_wconf 89' lang='lat' dir='ltr'><strong>ad</strong></span> <span class='ocrx_word' id='word_1_242' title='bbox 2122 1752 2244 1807; x_wconf 83' lang='lat' dir='ltr'><strong>illos</strong></span> <span class='ocrx_word' id='word_1_243' title='bbox 2281 1753 2542 1823; x_wconf 79' lang='lat' dir='ltr'><strong>epistolas</strong></span> <span class='ocrx_word' id='word_1_244' title='bbox 2595 1754 2812 1810; x_wconf 80' lang='lat' dir='ltr'><strong>dedisse</strong></span> <span class='ocrx_word' id='word_1_245' title='bbox 2857 1756 2995 1817; x_wconf 82' lang='lat' dir='ltr'><strong>nihil</strong></span> <span class='ocrx_word' id='word_1_246' title='bbox 3050 1756 3272 1819; x_wconf 77' lang='lat' dir='ltr'><strong>mirum</strong></span> <span class='ocrx_word' id='word_1_247' title='bbox 3309 1755 3605 1818; x_wconf 80' lang='lat' dir='ltr'><strong>videbitur.</strong></span> 
     </span>
    </p>
   </div>
   <div class='ocr_carea' id='block_1_34' title="bbox 348 1848 1915 1936">
    <p class='ocr_par' dir='ltr' id='par_1_34' title="bbox 348 1848 1915 1936">
     <span class='ocr_line' id='line_1_34' title="bbox 348 1848 1915 1936; baseline -0.006 -28"><span class='ocrx_word' id='word_1_248' title='bbox 348 1851 478 1908; x_wconf 78' lang='lat' dir='ltr'><strong>locis</strong></span> <span class='ocrx_word' id='word_1_249' title='bbox 507 1851 774 1919; x_wconf 83' lang='lat' dir='ltr'><strong>quasdam</strong></span> <span class='ocrx_word' id='word_1_250' title='bbox 803 1865 869 1904; x_wconf 77' lang='lat' dir='ltr'><strong>ex</strong></span> <span class='ocrx_word' id='word_1_251' title='bbox 898 1850 971 1904; x_wconf 91' lang='lat' dir='ltr'><strong>iis</strong></span> <span class='ocrx_word' id='word_1_252' title='bbox 998 1850 1239 1919; x_wconf 83' lang='lat' dir='ltr'><strong>integras</strong></span> <span class='ocrx_word' id='word_1_253' title='bbox 1269 1848 1578 1936; x_wconf 64' lang='lat' dir='ltr'><strong>deserips&#39;q,</strong></span> <span class='ocrx_word' id='word_1_254' title='bbox 1606 1848 1679 1902; x_wconf 85' lang='lat' dir='ltr'><strong>ita</strong></span> <span class='ocrx_word' id='word_1_255' title='bbox 1713 1857 1771 1902; x_wconf 88' lang='lat' dir='ltr'><strong>ut</strong></span> <span class='ocrx_word' id='word_1_256' title='bbox 1791 1863 1915 1902; x_wconf 90' lang='lat' dir='ltr'><strong>eum</strong></span> 
     </span>
    </p>
   </div>
   <div class='ocr_carea' id='block_1_35' title="bbox 346 1940 1919 2010">
    <p class='ocr_par' dir='ltr' id='par_1_35' title="bbox 346 1940 1919 2010">
     <span class='ocr_line' id='line_1_35' title="bbox 346 1940 1919 2010; baseline -0.001 -14"><span class='ocrx_word' id='word_1_257' title='bbox 346 1944 638 2006; x_wconf 78' lang='lat' dir='ltr'><strong>scribebat,</strong></span> <span class='ocrx_word' id='word_1_258' title='bbox 693 1943 851 2008; x_wconf 88' lang='lat' dir='ltr'><strong>cujus</strong></span> <span class='ocrx_word' id='word_1_259' title='bbox 873 1951 1055 1996; x_wconf 79' lang='lat' dir='ltr'><strong>essent</strong></span> <span class='ocrx_word' id='word_1_260' title='bbox 1077 1957 1188 1996; x_wconf 91' lang='lat' dir='ltr'><strong>non</strong></span> <span class='ocrx_word' id='word_1_261' title='bbox 1218 1941 1444 1995; x_wconf 83' lang='lat' dir='ltr'><strong>omnino</strong></span> <span class='ocrx_word' id='word_1_262' title='bbox 1493 1941 1594 2010; x_wconf 89' lang='lat' dir='ltr'><strong>ipsi</strong></span> <span class='ocrx_word' id='word_1_263' title='bbox 1630 1956 1728 2010; x_wconf 89' lang='lat' dir='ltr'><strong>pro</strong></span> <span class='ocrx_word' id='word_1_264' title='bbox 1756 1940 1919 1994; x_wconf 85' lang='lat' dir='ltr'><strong>indu-</strong></span> 
     </span>
    </p>
   </div>
   <div class='ocr_carea' id='block_1_36' title="bbox 347 2031 1920 2098">
    <p class='ocr_par' dir='ltr' id='par_1_36' title="bbox 347 2031 1920 2098">
     <span class='ocr_line' id='line_1_36' title="bbox 347 2031 1920 2098; baseline -0.002 -10"><span class='ocrx_word' id='word_1_265' title='bbox 347 2036 510 2089; x_wconf 78' lang='lat' dir='ltr'><strong>bituto</strong></span> <span class='ocrx_word' id='word_1_266' title='bbox 542 2035 856 2088; x_wconf 87' lang='lat' dir='ltr'><strong>haberetur.</strong></span> <span class='ocrx_word' id='word_1_267' title='bbox 903 2031 962 2088; x_wconf 73' lang='grc' dir='ltr'><strong>ιιι</strong></span> <span class='ocrx_word' id='word_1_268' title='bbox 1007 2033 1274 2088; x_wconf 79' lang='lat' dir='ltr'><strong>duntaxat</strong></span> <span class='ocrx_word' id='word_1_269' title='bbox 1332 2041 1570 2098; x_wconf 86' lang='lat' dir='ltr'><strong>constat,</strong></span> <span class='ocrx_word' id='word_1_270' title='bbox 1625 2031 1920 2086; x_wconf 87' lang='lat' dir='ltr'><strong>nonnulla-</strong></span> 
     </span>
    </p>
   </div>
   <div class='ocr_carea' id='block_1_37' title="bbox 346 2123 1918 2192">
    <p class='ocr_par' dir='ltr' id='par_1_37' title="bbox 346 2123 1918 2192">
     <span class='ocr_line' id='line_1_37' title="bbox 346 2123 1918 2192; baseline -0.001 -12"><span class='ocrx_word' id='word_1_271' title='bbox 346 2143 463 2180; x_wconf 76' lang='lat' dir='ltr'><strong>rum</strong></span> <span class='ocrx_word' id='word_1_272' title='bbox 507 2136 814 2192; x_wconf 85' lang='lat' dir='ltr'><strong>auctorem,</strong></span> <span class='ocrx_word' id='word_1_273' title='bbox 855 2125 901 2180; x_wconf 88' lang='lat' dir='ltr'><strong>si</strong></span> <span class='ocrx_word' id='word_1_274' title='bbox 930 2141 1038 2178; x_wconf 90' lang='lat' dir='ltr'><strong>non</strong></span> <span class='ocrx_word' id='word_1_275' title='bbox 1089 2125 1358 2190; x_wconf 89' lang='lat' dir='ltr'><strong>omnium,</strong></span> <span class='ocrx_word' id='word_1_276' title='bbox 1410 2125 1608 2179; x_wconf 76' lang='lat' dir='ltr'><strong>vixisse</strong></span> <span class='ocrx_word' id='word_1_277' title='bbox 1646 2124 1750 2179; x_wconf 91' lang='lat' dir='ltr'><strong>sub</strong></span> <span class='ocrx_word' id='word_1_278' title='bbox 1804 2123 1918 2178; x_wconf 80' lang='lat' dir='ltr'><strong>Ma-</strong></span> 
     </span>
    </p>
   </div>
   <div class='ocr_carea' id='block_1_38' title="bbox 344 2217 1919 2287">
    <p class='ocr_par' dir='ltr' id='par_1_38' title="bbox 344 2217 1919 2287">
     <span class='ocr_line' id='line_1_38' title="bbox 344 2217 1919 2287; baseline -0.001 -13"><span class='ocrx_word' id='word_1_279' title='bbox 344 2219 504 2274; x_wconf 84' lang='lat' dir='ltr'><strong>nucle</strong></span> <span class='ocrx_word' id='word_1_280' title='bbox 563 2217 866 2283; x_wconf 87' lang='lat' dir='ltr'><strong>Comncno,</strong></span> <span class='ocrx_word' id='word_1_281' title='bbox 924 2227 1037 2272; x_wconf 91' lang='lat' dir='ltr'><strong>tum</strong></span> <span class='ocrx_word' id='word_1_282' title='bbox 1088 2231 1155 2272; x_wconf 85' lang='lat' dir='ltr'><strong>ex</strong></span> <span class='ocrx_word' id='word_1_283' title='bbox 1220 2217 1708 2287; x_wconf 82' lang='lat' dir='ltr'><strong>Antapologetico.</strong></span> <span class='ocrx_word' id='word_1_284' title='bbox 1760 2217 1919 2286; x_wconf 84' lang='lat' dir='ltr'><strong>cujus</strong></span> 
     </span>
    </p>
   </div>
   <div class='ocr_carea' id='block_1_39' title="bbox 344 2311 1919 2380">
    <p class='ocr_par' dir='ltr' id='par_1_39' title="bbox 344 2311 1919 2380">
     <span class='ocr_line' id='line_1_39' title="bbox 344 2311 1919 2380; baseline 0 -14"><span class='ocrx_word' id='word_1_285' title='bbox 344 2311 712 2372; x_wconf 77' lang='lat' dir='ltr'><strong>meminimus,</strong></span> <span class='ocrx_word' id='word_1_286' title='bbox 759 2319 871 2365; x_wconf 91' lang='lat' dir='ltr'><strong>tum</strong></span> <span class='ocrx_word' id='word_1_287' title='bbox 929 2327 992 2364; x_wconf 76' lang='lat' dir='ltr'><strong>ex</strong></span> <span class='ocrx_word' id='word_1_288' title='bbox 1038 2311 1169 2364; x_wconf 90' lang='lat' dir='ltr'><strong>viris</strong></span> <span class='ocrx_word' id='word_1_289' title='bbox 1237 2311 1518 2380; x_wconf 90' lang='lat' dir='ltr'><strong>primariis</strong></span> <span class='ocrx_word' id='word_1_290' title='bbox 1575 2311 1712 2365; x_wconf 73' lang='lat' dir='ltr'><strong>aula:</strong></span> <span class='ocrx_word' id='word_1_291' title='bbox 1777 2311 1919 2366; x_wconf 88' lang='lat' dir='ltr'><strong>Con-</strong></span> 
     </span>
    </p>
   </div>
   <div class='ocr_carea' id='block_1_40' title="bbox 344 2401 1918 2473">
    <p class='ocr_par' dir='ltr' id='par_1_40' title="bbox 344 2401 1918 2473">
     <span class='ocr_line' id='line_1_40' title="bbox 344 2401 1918 2473; baseline 0 -15"><span class='ocrx_word' id='word_1_292' title='bbox 344 2401 894 2472; x_wconf 73' lang='lat' dir='ltr'><strong>stantinopolitanm,</strong></span> <span class='ocrx_word' id='word_1_293' title='bbox 946 2402 1147 2473; x_wconf 84' lang='lat' dir='ltr'><strong>quibus</strong></span> <span class='ocrx_word' id='word_1_294' title='bbox 1225 2402 1434 2472; x_wconf 87' lang='lat' dir='ltr'><strong>aliquot</strong></span> <span class='ocrx_word' id='word_1_295' title='bbox 1496 2404 1918 2460; x_wconf 85' lang='lat' dir='ltr'><strong>inscribuntur:</strong></span> 
     </span>
    </p>
   </div>
   <div class='ocr_carea' id='block_1_41' title="bbox 344 2494 1924 2565">
    <p class='ocr_par' dir='ltr' id='par_1_41' title="bbox 344 2494 1924 2565">
     <span class='ocr_line' id='line_1_41' title="bbox 344 2494 1924 2565; baseline 0.003 -20"><span class='ocrx_word' id='word_1_296' title='bbox 344 2507 503 2565; x_wconf 74' lang='lat' dir='ltr'><strong>atque</strong></span> <span class='ocrx_word' id='word_1_297' title='bbox 536 2497 589 2549; x_wconf 90' lang='lat' dir='ltr'><strong>in</strong></span> <span class='ocrx_word' id='word_1_298' title='bbox 623 2498 712 2559; x_wconf 89' lang='lat' dir='ltr'><strong>iis,</strong></span> <span class='ocrx_word' id='word_1_299' title='bbox 763 2494 972 2552; x_wconf 83' lang='lat' dir='ltr'><strong>Joanne</strong></span> <span class='ocrx_word' id='word_1_300' title='bbox 1027 2494 1181 2549; x_wconf 80' lang='lat' dir='ltr'><strong>Duca</strong></span> <span class='ocrx_word' id='word_1_301' title='bbox 1202 2511 1397 2565; x_wconf 75' lang='lat' dir='ltr'><strong>magno</strong></span> <span class='ocrx_word' id='word_1_302' title='bbox 1457 2495 1822 2554; x_wconf 73' lang='lat' dir='ltr'><strong>hetaeriarcha</strong></span> <span class='ocrx_word' id='word_1_303' title='bbox 1869 2509 1924 2550; x_wconf 89' lang='lat' dir='ltr'><strong>et</strong></span> 
     </span>
    </p>
   </div>
   <div class='ocr_carea' id='block_1_42' title="bbox 345 2584 1920 2656">
    <p class='ocr_par' dir='ltr' id='par_1_42' title="bbox 345 2584 1920 2656">
     <span class='ocr_line' id='line_1_42' title="bbox 345 2584 1920 2656; baseline 0 -17"><span class='ocrx_word' id='word_1_304' title='bbox 345 2587 585 2652; x_wconf 84' lang='lat' dir='ltr'><strong>sebaslo,</strong></span> <span class='ocrx_word' id='word_1_305' title='bbox 614 2587 774 2656; x_wconf 79' lang='lat' dir='ltr'><strong>cujus</strong></span> <span class='ocrx_word' id='word_1_306' title='bbox 801 2600 908 2655; x_wconf 69' lang='lat' dir='ltr'><strong>prae</strong></span> <span class='ocrx_word' id='word_1_307' title='bbox 938 2585 1172 2649; x_wconf 63' lang='lat' dir='ltr'><strong>ceteris,</strong></span> <span class='ocrx_word' id='word_1_308' title='bbox 1209 2594 1268 2638; x_wconf 90' lang='lat' dir='ltr'><strong>ut</strong></span> <span class='ocrx_word' id='word_1_309' title='bbox 1289 2584 1426 2640; x_wconf 89' lang='lat' dir='ltr'><strong>alios</strong></span> <span class='ocrx_word' id='word_1_310' title='bbox 1464 2585 1737 2644; x_wconf 89' lang='lat' dir='ltr'><strong>omittam.</strong></span> <span class='ocrx_word' id='word_1_311' title='bbox 1773 2602 1920 2640; x_wconf 85' lang='lat' dir='ltr'><strong>men-</strong></span> 
     </span>
    </p>
   </div>
   <div class='ocr_carea' id='block_1_43' title="bbox 346 2675 1919 2749">
    <p class='ocr_par' dir='ltr' id='par_1_43' title="bbox 346 2675 1919 2749">
     <span class='ocr_line' id='line_1_43' title="bbox 346 2675 1919 2749; baseline 0 -17"><span class='ocrx_word' id='word_1_312' title='bbox 346 2679 417 2732; x_wconf 90' lang='lat' dir='ltr'><strong>tio</strong></span> <span class='ocrx_word' id='word_1_313' title='bbox 449 2679 694 2733; x_wconf 87' lang='lat' dir='ltr'><strong>occurrit</strong></span> <span class='ocrx_word' id='word_1_314' title='bbox 725 2677 866 2748; x_wconf 88' lang='lat' dir='ltr'><strong>apud</strong></span> <span class='ocrx_word' id='word_1_315' title='bbox 902 2677 1145 2731; x_wconf 82' lang='lat' dir='ltr'><strong>Nicetam</strong></span> <span class='ocrx_word' id='word_1_316' title='bbox 1197 2677 1250 2730; x_wconf 91' lang='lat' dir='ltr'><strong>in</strong></span> <span class='ocrx_word' id='word_1_317' title='bbox 1291 2675 1473 2731; x_wconf 77' lang='lat' dir='ltr'><strong>Alexio</strong></span> <span class='ocrx_word' id='word_1_318' title='bbox 1504 2675 1770 2733; x_wconf 80' lang='lat' dir='ltr'><strong>Manuelis</strong></span> <span class='ocrx_word' id='word_1_319' title='bbox 1807 2679 1919 2749; x_wconf 79' lang='lat' dir='ltr'><strong>ﬁlio</strong></span> 
     </span>
    </p>
   </div>
   <div class='ocr_carea' id='block_1_44' title="bbox 343 2765 1914 2833">
    <p class='ocr_par' dir='ltr' id='par_1_44' title="bbox 343 2765 1914 2833">
     <span class='ocr_line' id='line_1_44' title="bbox 343 2765 1914 2833; baseline 0 -11"><span class='ocrx_word' id='word_1_320' title='bbox 343 2786 492 2824; x_wconf 90' lang='lat' dir='ltr'><strong>num.</strong></span> <span class='ocrx_word' id='word_1_321' title='bbox 537 2771 568 2823; x_wconf 86' lang='lat'><strong>‘7</strong></span> <span class='ocrx_word' id='word_1_322' title='bbox 599 2782 651 2824; x_wconf 87' lang='lat' dir='ltr'><strong>et</strong></span> <span class='ocrx_word' id='word_1_323' title='bbox 678 2770 731 2833; x_wconf 88' lang='lat'><strong>9,</strong></span> <span class='ocrx_word' id='word_1_324' title='bbox 765 2781 821 2823; x_wconf 90' lang='lat' dir='ltr'><strong>et</strong></span> <span class='ocrx_word' id='word_1_325' title='bbox 855 2768 1102 2822; x_wconf 83' lang='lat' dir='ltr'><strong>Manuele</strong></span> <span class='ocrx_word' id='word_1_326' title='bbox 1131 2765 1414 2823; x_wconf 87' lang='lat' dir='ltr'><strong>Comneno</strong></span> <span class='ocrx_word' id='word_1_327' title='bbox 1451 2771 1914 2833; x_wconf 86' lang='lat' dir='ltr'><strong>sebastocratore,</strong></span> 
     </span>
    </p>
   </div>
   <div class='ocr_carea' id='block_1_45' title="bbox 341 2859 1918 2929">
    <p class='ocr_par' dir='ltr' id='par_1_45' title="bbox 341 2859 1918 2929">
     <span class='ocr_line' id='line_1_45' title="bbox 341 2859 1918 2929; baseline 0.003 -19"><span class='ocrx_word' id='word_1_328' title='bbox 341 2861 430 2928; x_wconf 89' lang='lat' dir='ltr'><strong>qui</strong></span> <span class='ocrx_word' id='word_1_329' title='bbox 464 2876 573 2914; x_wconf 92' lang='lat' dir='ltr'><strong>non</strong></span> <span class='ocrx_word' id='word_1_330' title='bbox 610 2861 753 2913; x_wconf 87' lang='lat' dir='ltr'><strong>alius</strong></span> <span class='ocrx_word' id='word_1_331' title='bbox 779 2867 862 2915; x_wconf 88' lang='lat' dir='ltr'><strong>est</strong></span> <span class='ocrx_word' id='word_1_332' title='bbox 895 2859 963 2912; x_wconf 90' lang='lat' dir='ltr'><strong>ab</strong></span> <span class='ocrx_word' id='word_1_333' title='bbox 993 2874 1081 2924; x_wconf 91' lang='lat' dir='ltr'><strong>eo,</strong></span> <span class='ocrx_word' id='word_1_334' title='bbox 1139 2859 1296 2929; x_wconf 90' lang='lat' dir='ltr'><strong>cujus</strong></span> <span class='ocrx_word' id='word_1_335' title='bbox 1349 2860 1555 2928; x_wconf 88' lang='lat' dir='ltr'><strong>pariter</strong></span> <span class='ocrx_word' id='word_1_336' title='bbox 1617 2859 1918 2916; x_wconf 88' lang='lat' dir='ltr'><strong>Cinnamus</strong></span> 
     </span>
    </p>
   </div>
   <div class='ocr_carea' id='block_1_46' title="bbox 343 2951 1345 3016">
    <p class='ocr_par' dir='ltr' id='par_1_46' title="bbox 343 2951 1345 3016">
     <span class='ocr_line' id='line_1_46' title="bbox 343 2951 1345 3016; baseline 0 -11"><span class='ocrx_word' id='word_1_337' title='bbox 343 2968 462 3005; x_wconf 85' lang='lat' dir='ltr'><strong>tuen</strong></span> <span class='ocrx_word' id='word_1_338' title='bbox 488 2951 592 3005; x_wconf 93' lang='lat' dir='ltr'><strong>init</strong></span> <span class='ocrx_word' id='word_1_339' title='bbox 620 2951 762 3004; x_wconf 90' lang='lat' dir='ltr'><strong>libro</strong></span> <span class='ocrx_word' id='word_1_340' title='bbox 794 2966 848 3016; x_wconf 71' lang='grc' dir='ltr'><strong>ν,</strong></span> <span class='ocrx_word' id='word_1_341' title='bbox 882 2967 1034 3003; x_wconf 90' lang='lat' dir='ltr'><strong>num.</strong></span> <span class='ocrx_word' id='word_1_342' title='bbox 1078 2951 1142 3004; x_wconf 79' lang='lat' dir='ltr'><strong>M</strong></span> <span class='ocrx_word' id='word_1_343' title='bbox 1177 2961 1230 3004; x_wconf 92' lang='lat' dir='ltr'><strong>et</strong></span> <span class='ocrx_word' id='word_1_344' title='bbox 1258 2951 1345 3005; x_wconf 79' lang='grc'><strong>15.</strong></span> 
     </span>
    </p>
   </div>
   <div class='ocr_carea' id='block_1_47' title="bbox 2026 1843 3606 1917">
    <p class='ocr_par' dir='ltr' id='par_1_47' title="bbox 2026 1843 3606 1917">
     <span class='ocr_line' id='line_1_47' title="bbox 2026 1843 3606 1917; baseline 0.001 -19"><span class='ocrx_word' id='word_1_345' title='bbox 2026 1843 2150 1900; x_wconf 62' lang='lat' dir='ltr'><strong>Hac</strong></span> <span class='ocrx_word' id='word_1_346' title='bbox 2175 1845 2438 1901; x_wconf 87' lang='lat' dir='ltr'><strong>adversus</strong></span> <span class='ocrx_word' id='word_1_347' title='bbox 2470 1846 2826 1915; x_wconf 79' lang='lat' dir='ltr'><strong>conjecturas</strong></span> <span class='ocrx_word' id='word_1_348' title='bbox 2885 1846 3126 1903; x_wconf 86' lang='lat' dir='ltr'><strong>anrenii</strong></span> <span class='ocrx_word' id='word_1_349' title='bbox 3151 1863 3248 1917; x_wconf 90' lang='lat' dir='ltr'><strong>pro</strong></span> <span class='ocrx_word' id='word_1_350' title='bbox 3287 1848 3496 1908; x_wconf 84' lang='lat' dir='ltr'><strong>Zonara</strong></span> <span class='ocrx_word' id='word_1_351' title='bbox 3524 1847 3606 1901; x_wconf 81' lang='lat' dir='ltr'><strong>ia-</strong></span> 
     </span>
    </p>
   </div>
   <div class='ocr_carea' id='block_1_48' title="bbox 2023 1934 3608 2009">
    <p class='ocr_par' dir='ltr' id='par_1_48' title="bbox 2023 1934 3608 2009">
     <span class='ocr_line' id='line_1_48' title="bbox 2023 1934 3608 2009; baseline 0.005 -22"><span class='ocrx_word' id='word_1_352' title='bbox 2023 1945 2160 1990; x_wconf 88' lang='lat' dir='ltr'><strong>ctas.</strong></span> <span class='ocrx_word' id='word_1_353' title='bbox 2212 1934 2413 1992; x_wconf 87' lang='lat' dir='ltr'><strong>Contra</strong></span> <span class='ocrx_word' id='word_1_354' title='bbox 2475 1947 2658 1997; x_wconf 84' lang='lat' dir='ltr'><strong>autem</strong></span> <span class='ocrx_word' id='word_1_355' title='bbox 2717 1938 2931 1992; x_wconf 88' lang='lat' dir='ltr'><strong>illorum</strong></span> <span class='ocrx_word' id='word_1_356' title='bbox 3004 1939 3252 2009; x_wconf 70' lang='lat' dir='ltr'><strong>plurimm</strong></span> <span class='ocrx_word' id='word_1_357' title='bbox 3326 1938 3608 1995; x_wconf 79' lang='lat' dir='ltr'><strong>Michaelis</strong></span> 
     </span>
    </p>
   </div>
   <div class='ocr_carea' id='block_1_49' title="bbox 2022 2027 3606 2101">
    <p class='ocr_par' dir='ltr' id='par_1_49' title="bbox 2022 2027 3606 2101">
     <span class='ocr_line' id='line_1_49' title="bbox 2022 2027 3606 2101; baseline 0.001 -17"><span class='ocrx_word' id='word_1_358' title='bbox 2022 2027 2203 2097; x_wconf 65' lang='lat' dir='ltr'><strong>Glyco:</strong></span> <span class='ocrx_word' id='word_1_359' title='bbox 2231 2044 2428 2082; x_wconf 87' lang='lat' dir='ltr'><strong>nomen</strong></span> <span class='ocrx_word' id='word_1_360' title='bbox 2465 2045 2791 2100; x_wconf 79' lang='lat' dir='ltr'><strong>expressum</strong></span> <span class='ocrx_word' id='word_1_361' title='bbox 2858 2030 3085 2096; x_wconf 85' lang='lat' dir='ltr'><strong>habent,</strong></span> <span class='ocrx_word' id='word_1_362' title='bbox 3147 2031 3420 2101; x_wconf 79' lang='lat' dir='ltr'><strong>inscriptte</strong></span> <span class='ocrx_word' id='word_1_363' title='bbox 3467 2048 3606 2086; x_wconf 86' lang='lat' dir='ltr'><strong>non-</strong></span> 
     </span>
    </p>
   </div>
   <div class='ocr_carea' id='block_1_50' title="bbox 2025 2120 3604 2198">
    <p class='ocr_par' dir='ltr' id='par_1_50' title="bbox 2025 2120 3604 2198">
     <span class='ocr_line' id='line_1_50' title="bbox 2025 2120 3604 2198; baseline 0.004 -26"><span class='ocrx_word' id='word_1_364' title='bbox 2025 2120 2187 2174; x_wconf 69' lang='lat' dir='ltr'><strong>nulla:</strong></span> <span class='ocrx_word' id='word_1_365' title='bbox 2214 2121 2419 2176; x_wconf 83' lang='lat' dir='ltr'><strong>diserte</strong></span> <span class='ocrx_word' id='word_1_366' title='bbox 2449 2120 2796 2182; x_wconf 82' lang='lat' dir='ltr'><strong>Constantino</strong></span> <span class='ocrx_word' id='word_1_367' title='bbox 2830 2121 3131 2193; x_wconf 71' lang='lat' dir='ltr'><strong>Paltrologo</strong></span> <span class='ocrx_word' id='word_1_368' title='bbox 3159 2123 3487 2198; x_wconf 76' lang='lat' dir='ltr'><strong>imperatori,</strong></span> <span class='ocrx_word' id='word_1_369' title='bbox 3515 2126 3604 2194; x_wconf 87' lang='lat' dir='ltr'><strong>qui</strong></span> 
     </span>
    </p>
   </div>
   <div class='ocr_carea' id='block_1_51' title="bbox 2023 2211 3616 2284">
    <p class='ocr_par' dir='ltr' id='par_1_51' title="bbox 2023 2211 3616 2284">
     <span class='ocr_line' id='line_1_51' title="bbox 2023 2211 3616 2284; baseline 0.008 -20"><span class='ocrx_word' id='word_1_370' title='bbox 2023 2211 2092 2266; x_wconf 91' lang='lat' dir='ltr'><strong>ab</strong></span> <span class='ocrx_word' id='word_1_371' title='bbox 2114 2227 2259 2266; x_wconf 89' lang='lat' dir='ltr'><strong>anno</strong></span> <span class='ocrx_word' id='word_1_372' title='bbox 2294 2213 2426 2266; x_wconf 67' lang='grc'><strong>1414</strong></span> <span class='ocrx_word' id='word_1_373' title='bbox 2447 2214 2513 2267; x_wconf 85' lang='lat' dir='ltr'><strong>ad</strong></span> <span class='ocrx_word' id='word_1_374' title='bbox 2550 2213 2688 2268; x_wconf 73' lang='grc'><strong>1453</strong></span> <span class='ocrx_word' id='word_1_375' title='bbox 2750 2215 3040 2284; x_wconf 84' lang='lat' dir='ltr'><strong>imperium</strong></span> <span class='ocrx_word' id='word_1_376' title='bbox 3089 2215 3298 2282; x_wconf 51' lang='lat' dir='ltr'><strong>tenuit,</strong></span> <span class='ocrx_word' id='word_1_377' title='bbox 3337 2217 3454 2272; x_wconf 77' lang='lat' dir='ltr'><strong>alia:</strong></span> <span class='ocrx_word' id='word_1_378' title='bbox 3487 2219 3616 2277; x_wconf 69' lang='lat' dir='ltr'><strong>aliis.</strong></span> 
     </span>
    </p>
   </div>
   <div class='ocr_carea' id='block_1_52' title="bbox 2023 2304 3084 2375">
    <p class='ocr_par' dir='ltr' id='par_1_52' title="bbox 2023 2304 3084 2375">
     <span class='ocr_line' id='line_1_52' title="bbox 2023 2304 3084 2375; baseline 0.004 -16"><span class='ocrx_word' id='word_1_379' title='bbox 2023 2304 2267 2374; x_wconf 89' lang='lat' dir='ltr'><strong>ejusdem</strong></span> <span class='ocrx_word' id='word_1_380' title='bbox 2303 2307 2568 2375; x_wconf 82' lang='lat' dir='ltr'><strong>temporis</strong></span> <span class='ocrx_word' id='word_1_381' title='bbox 2603 2307 2735 2362; x_wconf 82' lang='lat' dir='ltr'><strong>viris</strong></span> <span class='ocrx_word' id='word_1_382' title='bbox 2758 2307 3084 2363; x_wconf 74' lang='lat' dir='ltr'><strong>illustribus.</strong></span> 
     </span>
    </p>
   </div>
   <div class='ocr_carea' id='block_1_53' title="bbox 2521 2440 3107 2497">
    <p class='ocr_par' dir='ltr' id='par_1_53' title="bbox 2521 2440 3107 2497">
     <span class='ocr_line' id='line_1_53' title="bbox 2521 2440 3107 2497; baseline 0.003 -4"><span class='ocrx_word' id='word_1_383' title='bbox 2521 2441 2753 2497; x_wconf 82' lang='lat' dir='ltr'><strong>CAPUT</strong></span> <span class='ocrx_word' id='word_1_384' title='bbox 2775 2440 3107 2497; x_wconf 74' lang='lat' dir='ltr'><strong>TERTIUM.</strong></span> 
     </span>
    </p>
   </div>
   <div class='ocr_carea' id='block_1_54' title="bbox 2024 2551 3606 2628">
    <p class='ocr_par' dir='ltr' id='par_1_54' title="bbox 2024 2551 3606 2628">
     <span class='ocr_line' id='line_1_54' title="bbox 2024 2551 3606 2628; baseline 0.007 -24"><span class='ocrx_word' id='word_1_385' title='bbox 2024 2551 2164 2628; x_wconf 62' lang='lat' dir='ltr'><strong>Quid</strong></span> <span class='ocrx_word' id='word_1_386' title='bbox 2194 2554 2260 2607; x_wconf 87' lang='lat' dir='ltr'><strong>de</strong></span> <span class='ocrx_word' id='word_1_387' title='bbox 2286 2553 2857 2628; x_wconf 71' lang='lat' dir='ltr'><strong>hisepistoliseditum</strong></span> <span class='ocrx_word' id='word_1_388' title='bbox 2884 2558 3064 2627; x_wconf 74' lang='lat' dir='ltr'><strong>fuerit,</strong></span> <span class='ocrx_word' id='word_1_389' title='bbox 3100 2558 3191 2628; x_wconf 89' lang='lat' dir='ltr'><strong>qui</strong></span> <span class='ocrx_word' id='word_1_390' title='bbox 3215 2559 3419 2614; x_wconf 84' lang='lat' dir='ltr'><strong>codices</strong></span> <span class='ocrx_word' id='word_1_391' title='bbox 3481 2578 3606 2616; x_wconf 78' lang='lat' dir='ltr'><strong>mss.</strong></span> 
     </span>
    </p>
   </div>
   <div class='ocr_carea' id='block_1_55' title="bbox 2095 2624 3616 2696">
    <p class='ocr_par' dir='ltr' id='par_1_55' title="bbox 2095 2624 3616 2696">
     <span class='ocr_line' id='line_1_55' title="bbox 2095 2624 3616 2696; baseline 0.009 -23"><span class='ocrx_word' id='word_1_392' title='bbox 2095 2624 2343 2696; x_wconf 66' lang='lat' dir='ltr'><strong>illarum_</strong></span> <span class='ocrx_word' id='word_1_393' title='bbox 2367 2625 2420 2676; x_wconf 90' lang='lat' dir='ltr'><strong>in</strong></span> <span class='ocrx_word' id='word_1_394' title='bbox 2449 2626 2678 2696; x_wconf 70' lang='lat' dir='ltr'><strong>diversis</strong></span> <span class='ocrx_word' id='word_1_395' title='bbox 2711 2624 3063 2690; x_wconf 68' lang='lat' dir='ltr'><strong>bibliothecis,</strong></span> <span class='ocrx_word' id='word_1_396' title='bbox 3111 2624 3178 2682; x_wconf 74' lang='lat' dir='ltr'><strong>ac</strong></span> <span class='ocrx_word' id='word_1_397' title='bbox 3235 2637 3299 2683; x_wconf 83' lang='lat' dir='ltr'><strong>de</strong></span> <span class='ocrx_word' id='word_1_398' title='bbox 3322 2632 3430 2684; x_wconf 78' lang='lat' dir='ltr'><strong>illis</strong></span> <span class='ocrx_word' id='word_1_399' title='bbox 3481 2634 3616 2696; x_wconf 80' lang='lat' dir='ltr'><strong>quid.</strong></span> 
     </span>
    </p>
   </div>
   <div class='ocr_carea' id='block_1_56' title="bbox 2098 2692 3605 2757">
    <p class='ocr_par' dir='ltr' id='par_1_56' title="bbox 2098 2692 3605 2757">
     <span class='ocr_line' id='line_1_56' title="bbox 2098 2692 3605 2757; baseline 0.006 -11"><span class='ocrx_word' id='word_1_400' title='bbox 2098 2694 2297 2750; x_wconf 78' lang='lat' dir='ltr'><strong>i’etrus&#39;</strong></span> <span class='ocrx_word' id='word_1_401' title='bbox 2313 2692 2618 2750; x_wconf 79' lang='lat' dir='ltr'><strong>Lambecius</strong></span> <span class='ocrx_word' id='word_1_402' title='bbox 2641 2699 2848 2754; x_wconf 81' lang='lat' dir='ltr'><strong>scribat</strong></span> <span class='ocrx_word' id='word_1_403' title='bbox 2877 2707 2927 2750; x_wconf 88' lang='lat' dir='ltr'><strong>et</strong></span> <span class='ocrx_word' id='word_1_404' title='bbox 2972 2699 3168 2754; x_wconf 81' lang='lat' dir='ltr'><strong>sentiat</strong></span> <span class='ocrx_word' id='word_1_405' title='bbox 3205 2699 3355 2755; x_wconf 78' lang='lat' dir='ltr'><strong>libris</strong></span> <span class='ocrx_word' id='word_1_406' title='bbox 3408 2692 3548 2757; x_wconf 67' lang='lat' dir='ltr'><strong>rvet</strong></span> <span class='ocrx_word' id='word_1_407' title='bbox 3576 2720 3605 2754; x_wconf 67' lang='grc' dir='ltr'><strong>ν</strong></span> 
     </span>
    </p>
   </div>
   <div class='ocr_carea' id='block_1_57' title="bbox 2096 2763 3608 2832">
    <p class='ocr_par' dir='ltr' id='par_1_57' title="bbox 2096 2763 3608 2832">
     <span class='ocr_line' id='line_1_57' title="bbox 2096 2763 3608 2832; baseline 0.007 -15"><span class='ocrx_word' id='word_1_408' title='bbox 2096 2763 2612 2832; x_wconf 83' lang='lat' dir='ltr'><strong>Conmtentariorum</strong></span> <span class='ocrx_word' id='word_1_409' title='bbox 2660 2766 2983 2829; x_wconf 68' lang='lat' dir='ltr'><strong>bibliotheca:</strong></span> <span class='ocrx_word' id='word_1_410' title='bbox 3029 2767 3287 2827; x_wconf 76' lang='lat' dir='ltr'><strong>Gtt-sarcre</strong></span> <span class='ocrx_word' id='word_1_411' title='bbox 3357 2771 3608 2827; x_wconf 77' lang='lat' dir='ltr'><strong>l’indol-o-</strong></span> 
     </span>
    </p>
   </div>
   <div class='ocr_carea' id='block_1_58' title="bbox 2096 2850 2295 2888">
    <p class='ocr_par' dir='ltr' id='par_1_58' title="bbox 2096 2850 2295 2888">
     <span class='ocr_line' id='line_1_58' title="bbox 2096 2850 2295 2888; baseline 0.015 -2"><span class='ocrx_word' id='word_1_412' title='bbox 2096 2850 2270 2888; x_wconf 83' lang='lat' dir='ltr'><strong>nensts</strong></span> <span class='ocrx_word' id='word_1_413' title='bbox 2283 2875 2295 2888; x_wconf 85' lang='lat'><strong>.</strong></span> 
     </span>
    </p>
   </div>
   <div class='ocr_carea' id='block_1_59' title="bbox 2094 2932 3607 3025">
    <p class='ocr_par' dir='ltr' id='par_1_59' title="bbox 2094 2932 3607 3025">
     <span class='ocr_line' id='line_1_59' title="bbox 2094 2932 3607 3025; baseline 0.007 -21"><span class='ocrx_word' id='word_1_414' title='bbox 2094 2950 2350 3019; x_wconf 77' lang='lat' dir='ltr'><strong>Ejusdem</strong></span> <span class='ocrx_word' id='word_1_415' title='bbox 2393 2932 2663 3006; x_wconf 75' lang='lat' dir='ltr'><strong>Michaelis</strong></span> <span class='ocrx_word' id='word_1_416' title='bbox 2721 2950 2900 3024; x_wconf 69' lang='lat' dir='ltr'><strong>Glyco:</strong></span> <span class='ocrx_word' id='word_1_417' title='bbox 2949 2955 3427 3025; x_wconf 77' lang='lat' dir='ltr'><strong>disputatiuncuch</strong></span> <span class='ocrx_word' id='word_1_418' title='bbox 3488 2960 3607 3015; x_wconf 83' lang='lat' dir='ltr'><strong>dua:</strong></span> 
     </span>
    </p>
   </div>
   <div class='ocr_carea' id='block_1_60' title="bbox 408 3039 3608 3126">
    <p class='ocr_par' dir='ltr' id='par_1_60' title="bbox 408 3039 3608 3126">
     <span class='ocr_line' id='line_1_60' title="bbox 408 3039 3608 3126; baseline 0.002 -27"><span class='ocrx_word' id='word_1_419' title='bbox 408 3039 626 3099; x_wconf 78' lang='lat' dir='ltr'><strong>Falsum</strong></span> <span class='ocrx_word' id='word_1_420' title='bbox 657 3051 824 3112; x_wconf 84' lang='lat' dir='ltr'><strong>porro</strong></span> <span class='ocrx_word' id='word_1_421' title='bbox 850 3051 953 3102; x_wconf 88' lang='lat' dir='ltr'><strong>est,</strong></span> <span class='ocrx_word' id='word_1_422' title='bbox 982 3041 1126 3111; x_wconf 88' lang='lat' dir='ltr'><strong>quod</strong></span> <span class='ocrx_word' id='word_1_423' title='bbox 1157 3041 1353 3095; x_wconf 87' lang='lat' dir='ltr'><strong>scribit</strong></span> <span class='ocrx_word' id='word_1_424' title='bbox 1377 3040 1673 3096; x_wconf 88' lang='lat' dir='ltr'><strong>Dufrenius</strong></span> <span class='ocrx_word' id='word_1_425' title='bbox 1698 3043 1918 3110; x_wconf 89' lang='lat' dir='ltr'><strong>allatus,</strong></span> <span class='ocrx_word' id='word_1_426' title='bbox 1947 3069 1990 3126; x_wconf 65' lang='grc' dir='ltr'><em>ε</em></span> <span class='ocrx_word' id='word_1_427' title='bbox 2026 3040 2217 3094; x_wconf 86' lang='lat' dir='ltr'><strong>Latine</strong></span> <span class='ocrx_word' id='word_1_428' title='bbox 2246 3040 2401 3096; x_wconf 69' lang='lat' dir='ltr'><strong>factae</strong></span> <span class='ocrx_word' id='word_1_429' title='bbox 2431 3059 2528 3111; x_wconf 91' lang='lat' dir='ltr'><strong>per</strong></span> <span class='ocrx_word' id='word_1_430' title='bbox 2546 3041 2809 3098; x_wconf 87' lang='lat' dir='ltr'><strong>Jacobum</strong></span> <span class='ocrx_word' id='word_1_431' title='bbox 2845 3043 3156 3102; x_wconf 85' lang='lat' dir='ltr'><strong>Pontanum</strong></span> <span class='ocrx_word' id='word_1_432' title='bbox 3182 3064 3297 3104; x_wconf 93' lang='lat' dir='ltr'><strong>soc.</strong></span> <span class='ocrx_word' id='word_1_433' title='bbox 3332 3051 3485 3116; x_wconf 91' lang='lat' dir='ltr'><strong>Jesu,</strong></span> <span class='ocrx_word' id='word_1_434' title='bbox 3523 3053 3608 3106; x_wconf 85' lang='lat' dir='ltr'><strong>ln-</strong></span> 
     </span>
    </p>
   </div>
   <div class='ocr_carea' id='block_1_61' title="bbox 343 3134 1918 3205">
    <p class='ocr_par' dir='ltr' id='par_1_61' title="bbox 343 3134 1918 3205">
     <span class='ocr_line' id='line_1_61' title="bbox 343 3134 1918 3205; baseline 0 -14"><span class='ocrx_word' id='word_1_435' title='bbox 343 3136 627 3205; x_wconf 65' lang='lat' dir='ltr'><strong>cpistolam</strong></span> <span class='ocrx_word' id='word_1_436' title='bbox 657 3150 856 3201; x_wconf 87' lang='lat' dir='ltr'><strong>nempe</strong></span> <span class='ocrx_word' id='word_1_437' title='bbox 890 3134 958 3189; x_wconf 82' lang='grc'><strong>58</strong></span> <span class='ocrx_word' id='word_1_438' title='bbox 1021 3135 1182 3204; x_wconf 87' lang='lat' dir='ltr'><strong>hujus</strong></span> <span class='ocrx_word' id='word_1_439' title='bbox 1227 3134 1566 3190; x_wconf 84' lang='lat' dir='ltr'><strong>collectionis</strong></span> <span class='ocrx_word' id='word_1_440' title='bbox 1626 3151 1750 3191; x_wconf 89' lang='lat' dir='ltr'><strong>esse</strong></span> <span class='ocrx_word' id='word_1_441' title='bbox 1803 3135 1918 3192; x_wconf 85' lang='lat' dir='ltr'><strong>Ma-</strong></span> 
     </span>
    </p>
   </div>
   <div class='ocr_carea' id='block_1_62' title="bbox 339 3225 1934 3298">
    <p class='ocr_par' dir='ltr' id='par_1_62' title="bbox 339 3225 1934 3298">
     <span class='ocr_line' id='line_1_62' title="bbox 339 3225 1934 3298; baseline 0 -17"><span class='ocrx_word' id='word_1_442' title='bbox 339 3228 512 3289; x_wconf 82' lang='lat' dir='ltr'><strong>nuclis</strong></span> <span class='ocrx_word' id='word_1_443' title='bbox 539 3229 804 3282; x_wconf 89' lang='lat' dir='ltr'><strong>Comneni</strong></span> <span class='ocrx_word' id='word_1_444' title='bbox 835 3227 1182 3296; x_wconf 84' lang='lat' dir='ltr'><strong>imperatoris</strong></span> <span class='ocrx_word' id='word_1_445' title='bbox 1198 3227 1262 3280; x_wconf 89' lang='lat' dir='ltr'><strong>ad</strong></span> <span class='ocrx_word' id='word_1_446' title='bbox 1287 3225 1536 3298; x_wconf 81' lang='lat' dir='ltr'><strong>Alypium</strong></span> <span class='ocrx_word' id='word_1_447' title='bbox 1567 3227 1934 3298; x_wconf 88' lang='lat' dir='ltr'><strong>monachum,_</strong></span> 
     </span>
    </p>
   </div>
   <div class='ocr_carea' id='block_1_63' title="bbox 340 3318 1920 3390">
    <p class='ocr_par' dir='ltr' id='par_1_63' title="bbox 340 3318 1920 3390">
     <span class='ocr_line' id='line_1_63' title="bbox 340 3318 1920 3390; baseline 0.001 -16"><span class='ocrx_word' id='word_1_448' title='bbox 340 3337 497 3390; x_wconf 80' lang='lat' dir='ltr'><strong>quem</strong></span> <span class='ocrx_word' id='word_1_449' title='bbox 533 3338 563 3375; x_wconf 86' lang='lat' dir='ltr'><strong>a</strong></span> <span class='ocrx_word' id='word_1_450' title='bbox 597 3320 780 3376; x_wconf 89' lang='lat' dir='ltr'><strong>studio</strong></span> <span class='ocrx_word' id='word_1_451' title='bbox 817 3319 1125 3390; x_wconf 72' lang='lat' dir='ltr'><strong>astrologia:</strong></span> <span class='ocrx_word' id='word_1_452' title='bbox 1155 3330 1408 3374; x_wconf 85' lang='lat' dir='ltr'><strong>avertere</strong></span> <span class='ocrx_word' id='word_1_453' title='bbox 1457 3318 1771 3376; x_wconf 82' lang='lat' dir='ltr'><strong>omnimodo</strong></span> <span class='ocrx_word' id='word_1_454' title='bbox 1793 3321 1920 3375; x_wconf 90' lang='lat' dir='ltr'><strong>niti-</strong></span> 
     </span>
    </p>
   </div>
   <div class='ocr_carea' id='block_1_64' title="bbox 343 3409 1919 3482">
    <p class='ocr_par' dir='ltr' id='par_1_64' title="bbox 343 3409 1919 3482">
     <span class='ocr_line' id='line_1_64' title="bbox 343 3409 1919 3482; baseline -0.001 -17"><span class='ocrx_word' id='word_1_455' title='bbox 343 3422 424 3465; x_wconf 90' lang='lat' dir='ltr'><strong>tur</strong></span> <span class='ocrx_word' id='word_1_456' title='bbox 463 3433 475 3468; x_wconf 91' lang='lat'>:</span> <span class='ocrx_word' id='word_1_457' title='bbox 509 3412 762 3482; x_wconf 89' lang='lat' dir='ltr'><strong>nihilque</strong></span> <span class='ocrx_word' id='word_1_458' title='bbox 817 3411 872 3465; x_wconf 92' lang='lat' dir='ltr'><strong>in</strong></span> <span class='ocrx_word' id='word_1_459' title='bbox 910 3411 1013 3466; x_wconf 84' lang='lat' dir='ltr'><strong>hoc</strong></span> <span class='ocrx_word' id='word_1_460' title='bbox 1062 3409 1437 3477; x_wconf 83' lang='lat' dir='ltr'><strong>Collectaneo,</strong></span> <span class='ocrx_word' id='word_1_461' title='bbox 1497 3409 1644 3478; x_wconf 90' lang='lat' dir='ltr'><strong>quod</strong></span> <span class='ocrx_word' id='word_1_462' title='bbox 1704 3418 1919 3480; x_wconf 85' lang='lat' dir='ltr'><strong>spectet</strong></span> 
     </span>
    </p>
   </div>
   <div class='ocr_carea' id='block_1_65' title="bbox 340 3502 1917 3577">
    <p class='ocr_par' dir='ltr' id='par_1_65' title="bbox 340 3502 1917 3577">
     <span class='ocr_line' id='line_1_65' title="bbox 340 3502 1917 3577; baseline -0.001 -19"><span class='ocrx_word' id='word_1_463' title='bbox 340 3505 418 3564; x_wconf 49' lang='lat' dir='ltr'><strong>ad,</strong></span> <span class='ocrx_word' id='word_1_464' title='bbox 448 3505 840 3575; x_wconf 78' lang='lat' dir='ltr'><strong>imperatorem</strong></span> <span class='ocrx_word' id='word_1_465' title='bbox 865 3504 1054 3570; x_wconf 86' lang='lat' dir='ltr'><strong>hunc,_</strong></span> <span class='ocrx_word' id='word_1_466' title='bbox 1089 3519 1250 3574; x_wconf 66' lang='lat' dir='ltr'><strong>iniam</strong></span> <span class='ocrx_word' id='word_1_467' title='bbox 1289 3502 1771 3577; x_wconf 61' lang='lat' dir='ltr'><strong>Antapologgticus,</strong></span> <span class='ocrx_word' id='word_1_468' title='bbox 1824 3502 1917 3571; x_wconf 90' lang='lat' dir='ltr'><strong>qui</strong></span> 
     </span>
    </p>
   </div>
   <div class='ocr_carea' id='block_1_66' title="bbox 344 3594 1916 3665">
    <p class='ocr_par' dir='ltr' id='par_1_66' title="bbox 344 3594 1916 3665">
     <span class='ocr_line' id='line_1_66' title="bbox 344 3594 1916 3665; baseline 0.001 -17"><span class='ocrx_word' id='word_1_469' title='bbox 344 3611 542 3649; x_wconf 78' lang='lat' dir='ltr'><strong>noinen</strong></span> <span class='ocrx_word' id='word_1_470' title='bbox 575 3595 696 3665; x_wconf 90' lang='lat' dir='ltr'><strong>ejus</strong></span> <span class='ocrx_word' id='word_1_471' title='bbox 719 3594 958 3665; x_wconf 72' lang='lat' dir='ltr'><strong>przefert,</strong></span> <span class='ocrx_word' id='word_1_472' title='bbox 1014 3604 1068 3649; x_wconf 90' lang='lat' dir='ltr'><strong>et</strong></span> <span class='ocrx_word' id='word_1_473' title='bbox 1099 3594 1217 3650; x_wconf 93' lang='lat' dir='ltr'><strong>loco</strong></span> <span class='ocrx_word' id='word_1_474' title='bbox 1247 3596 1314 3650; x_wconf 76' lang='lat'><strong>59</strong></span> <span class='ocrx_word' id='word_1_475' title='bbox 1372 3595 1698 3650; x_wconf 88' lang='lat' dir='ltr'><strong>collocatur.</strong></span> <span class='ocrx_word' id='word_1_476' title='bbox 1745 3595 1916 3650; x_wconf 85' lang='lat' dir='ltr'><strong>Porro</strong></span> 
     </span>
    </p>
   </div>
   <div class='ocr_carea' id='block_1_67' title="bbox 342 3686 1917 3758">
    <p class='ocr_par' dir='ltr' id='par_1_67' title="bbox 342 3686 1917 3758">
     <span class='ocr_line' id='line_1_67' title="bbox 342 3686 1917 3758; baseline 0.003 -18"><span class='ocrx_word' id='word_1_477' title='bbox 342 3704 459 3741; x_wconf 91' lang='lat' dir='ltr'><strong>cum</strong></span> <span class='ocrx_word' id='word_1_478' title='bbox 489 3687 716 3758; x_wconf 76' lang='lat' dir='ltr'><strong>Alypius</strong></span> <span class='ocrx_word' id='word_1_479' title='bbox 751 3686 1046 3758; x_wconf 82' lang='lat' dir='ltr'><strong>astrologia</strong></span> <span class='ocrx_word' id='word_1_480' title='bbox 1089 3689 1286 3743; x_wconf 88' lang='lat' dir='ltr'><strong>mirunt</strong></span> <span class='ocrx_word' id='word_1_481' title='bbox 1320 3688 1373 3741; x_wconf 91' lang='lat' dir='ltr'><strong>in</strong></span> <span class='ocrx_word' id='word_1_482' title='bbox 1418 3689 1640 3742; x_wconf 88' lang='lat' dir='ltr'><strong>modum</strong></span> <span class='ocrx_word' id='word_1_483' title='bbox 1676 3688 1917 3744; x_wconf 82' lang='lat' dir='ltr'><strong>allicere-</strong></span> 
     </span>
    </p>
   </div>
   <div class='ocr_carea' id='block_1_68' title="bbox 341 3779 1913 3853">
    <p class='ocr_par' dir='ltr' id='par_1_68' title="bbox 341 3779 1913 3853">
     <span class='ocr_line' id='line_1_68' title="bbox 341 3779 1913 3853; baseline 0.001 -20"><span class='ocrx_word' id='word_1_484' title='bbox 341 3792 444 3844; x_wconf 90' lang='lat' dir='ltr'><strong>tur,</strong></span> <span class='ocrx_word' id='word_1_485' title='bbox 473 3796 579 3838; x_wconf 84' lang='lat' dir='ltr'><strong>nec</strong></span> <span class='ocrx_word' id='word_1_486' title='bbox 633 3779 874 3834; x_wconf 90' lang='lat' dir='ltr'><strong>studium</strong></span> <span class='ocrx_word' id='word_1_487' title='bbox 917 3780 1037 3851; x_wconf 87' lang='lat' dir='ltr'><strong>ejus</strong></span> <span class='ocrx_word' id='word_1_488' title='bbox 1081 3779 1336 3835; x_wconf 88' lang='lat' dir='ltr'><strong>hortante</strong></span> <span class='ocrx_word' id='word_1_489' title='bbox 1405 3780 1666 3836; x_wconf 83' lang='lat' dir='ltr'><strong>Michaele</strong></span> <span class='ocrx_word' id='word_1_490' title='bbox 1727 3780 1913 3853; x_wconf 78' lang='lat' dir='ltr'><strong>Glyco,</strong></span> 
     </span>
    </p>
   </div>
   <div class='ocr_carea' id='block_1_69' title="bbox 336 3871 1911 3944">
    <p class='ocr_par' dir='ltr' id='par_1_69' title="bbox 336 3871 1911 3944">
     <span class='ocr_line' id='line_1_69' title="bbox 336 3871 1911 3944; baseline 0.004 -20"><span class='ocrx_word' id='word_1_491' title='bbox 336 3871 459 3928; x_wconf 82' lang='lat' dir='ltr'><strong>licet</strong></span> <span class='ocrx_word' id='word_1_492' title='bbox 482 3872 755 3927; x_wconf 85' lang='lat' dir='ltr'><strong>monacho</strong></span> <span class='ocrx_word' id='word_1_493' title='bbox 783 3873 964 3928; x_wconf 84' lang='lat' dir='ltr'><strong>minus</strong></span> <span class='ocrx_word' id='word_1_494' title='bbox 992 3873 1330 3928; x_wconf 83' lang='lat' dir='ltr'><strong>conveniens</strong></span> <span class='ocrx_word' id='word_1_495' title='bbox 1365 3873 1672 3944; x_wconf 83' lang='lat' dir='ltr'><strong>relinquere</strong></span> <span class='ocrx_word' id='word_1_496' title='bbox 1707 3876 1866 3930; x_wconf 81' lang='lat' dir='ltr'><strong>vellet</strong></span> <span class='ocrx_word' id='word_1_497' title='bbox 1897 3893 1911 3929; x_wconf 89' lang='lat'><strong>:</strong></span> 
     </span>
    </p>
   </div>
   <div class='ocr_carea' id='block_1_70' title="bbox 338 3964 1913 4037">
    <p class='ocr_par' dir='ltr' id='par_1_70' title="bbox 338 3964 1913 4037">
     <span class='ocr_line' id='line_1_70' title="bbox 338 3964 1913 4037; baseline 0.003 -21"><span class='ocrx_word' id='word_1_498' title='bbox 338 3964 589 4032; x_wconf 62' lang='lat' dir='ltr'><strong>Epistola!</strong></span> <span class='ocrx_word' id='word_1_499' title='bbox 621 3965 900 4020; x_wconf 81' lang='lat' dir='ltr'><strong>Michaelis</strong></span> <span class='ocrx_word' id='word_1_500' title='bbox 959 3965 1160 4036; x_wconf 70' lang='lat' dir='ltr'><strong>Glycte,</strong></span> <span class='ocrx_word' id='word_1_501' title='bbox 1227 3981 1296 4019; x_wconf 89' lang='lat' dir='ltr'><strong>nc</strong></span> <span class='ocrx_word' id='word_1_502' title='bbox 1334 3967 1482 4020; x_wconf 89' lang='lat' dir='ltr'><strong>illum</strong></span> <span class='ocrx_word' id='word_1_503' title='bbox 1538 3978 1913 4037; x_wconf 78' lang='lat' dir='ltr'><strong>exasperaret,</strong></span> 
     </span>
    </p>
   </div>
   <div class='ocr_carea' id='block_1_71' title="bbox 333 4055 1911 4126">
    <p class='ocr_par' dir='ltr' id='par_1_71' title="bbox 333 4055 1911 4126">
     <span class='ocr_line' id='line_1_71' title="bbox 333 4055 1911 4126; baseline 0.002 -16"><span class='ocrx_word' id='word_1_504' title='bbox 333 4056 666 4123; x_wconf 65' lang='lat' dir='ltr'><strong>respondere</strong></span> <span class='ocrx_word' id='word_1_505' title='bbox 712 4055 926 4120; x_wconf 88' lang='lat' dir='ltr'><strong>nolens,</strong></span> <span class='ocrx_word' id='word_1_506' title='bbox 962 4070 1062 4126; x_wconf 88' lang='lat' dir='ltr'><strong>pro</strong></span> <span class='ocrx_word' id='word_1_507' title='bbox 1113 4056 1472 4126; x_wconf 86' lang='lat' dir='ltr'><strong>responsione</strong></span> <span class='ocrx_word' id='word_1_508' title='bbox 1506 4056 1680 4119; x_wconf 50' lang='lat' dir='ltr'><strong>obsit,</strong></span> <span class='ocrx_word' id='word_1_509' title='bbox 1714 4056 1781 4110; x_wconf 85' lang='lat' dir='ltr'><strong>ad</strong></span> <span class='ocrx_word' id='word_1_510' title='bbox 1826 4059 1911 4114; x_wconf 85' lang='lat' dir='ltr'><strong>sui</strong></span> 
     </span>
    </p>
   </div>
   <div class='ocr_carea' id='block_1_72' title="bbox 330 4145 1913 4219">
    <p class='ocr_par' dir='ltr' id='par_1_72' title="bbox 330 4145 1913 4219">
     <span class='ocr_line' id='line_1_72' title="bbox 330 4145 1913 4219; baseline -0.001 -18"><span class='ocrx_word' id='word_1_511' title='bbox 330 4147 800 4216; x_wconf 78' lang='lat' dir='ltr'><strong>justiticationem,</strong></span> <span class='ocrx_word' id='word_1_512' title='bbox 832 4146 1324 4219; x_wconf 82' lang='lat' dir='ltr'><strong>Antapologcticum</strong></span> <span class='ocrx_word' id='word_1_513' title='bbox 1354 4146 1620 4207; x_wconf 75' lang='lat' dir='ltr'><strong>Manuelis</strong></span> <span class='ocrx_word' id='word_1_514' title='bbox 1653 4145 1913 4207; x_wconf 79' lang='lat' dir='ltr'><strong>Comneni</strong></span> 
     </span>
    </p>
   </div>
   <div class='ocr_carea' id='block_1_73' title="bbox 334 4238 1928 4308">
    <p class='ocr_par' dir='ltr' id='par_1_73' title="bbox 334 4238 1928 4308">
     <span class='ocr_line' id='line_1_73' title="bbox 334 4238 1928 4308; baseline 0.002 -16"><span class='ocrx_word' id='word_1_515' title='bbox 334 4240 690 4306; x_wconf 78' lang='lat' dir='ltr'><strong>imperatoris,</strong></span> <span class='ocrx_word' id='word_1_516' title='bbox 719 4254 880 4308; x_wconf 89' lang='lat' dir='ltr'><strong>quem</strong></span> <span class='ocrx_word' id='word_1_517' title='bbox 913 4239 1054 4294; x_wconf 89' lang='lat' dir='ltr'><strong>inter</strong></span> <span class='ocrx_word' id='word_1_518' title='bbox 1097 4238 1315 4293; x_wconf 88' lang='lat' dir='ltr'><strong>codices</strong></span> <span class='ocrx_word' id='word_1_519' title='bbox 1346 4254 1476 4294; x_wconf 87' lang='lat' dir='ltr'><strong>suos</strong></span> <span class='ocrx_word' id='word_1_520' title='bbox 1531 4239 1788 4303; x_wconf 81' lang='lat' dir='ltr'><strong>habebat,</strong></span> <span class='ocrx_word' id='word_1_521' title='bbox 1846 4238 1928 4296; x_wconf 84' lang='lat' dir='ltr'><strong>ab</strong></span> 
     </span>
    </p>
   </div>
   <div class='ocr_carea' id='block_1_74' title="bbox 331 4323 1914 4401">
    <p class='ocr_par' dir='ltr' id='par_1_74' title="bbox 331 4323 1914 4401">
     <span class='ocr_line' id='line_1_74' title="bbox 331 4323 1914 4401; baseline 0.001 -17"><span class='ocrx_word' id='word_1_522' title='bbox 331 4333 489 4385; x_wconf 87' lang='lat' dir='ltr'><strong>anuis</strong></span> <span class='ocrx_word' id='word_1_523' title='bbox 515 4332 736 4386; x_wconf 85' lang='lat' dir='ltr'><strong>circiter</strong></span> <span class='ocrx_word' id='word_1_524' title='bbox 759 4330 862 4385; x_wconf 78' lang='lat'><strong>300</strong></span> <span class='ocrx_word' id='word_1_525' title='bbox 883 4329 1256 4401; x_wconf 85' lang='lat' dir='ltr'><strong>conscriptum</strong></span> <span class='ocrx_word' id='word_1_526' title='bbox 1310 4330 1364 4383; x_wconf 90' lang='lat' dir='ltr'><strong>in</strong></span> <span class='ocrx_word' id='word_1_527' title='bbox 1403 4323 1650 4401; x_wconf 77' lang='lat' dir='ltr'><strong>gratiam</strong></span> <span class='ocrx_word' id='word_1_528' title='bbox 1681 4331 1914 4385; x_wconf 86' lang='lat' dir='ltr'><strong>astrolo-</strong></span> 
     </span>
    </p>
   </div>
   <div class='ocr_carea' id='block_1_75' title="bbox 2024 3134 3607 3213">
    <p class='ocr_par' dir='ltr' id='par_1_75' title="bbox 2024 3134 3607 3213">
     <span class='ocr_line' id='line_1_75' title="bbox 2024 3134 3607 3213; baseline 0.007 -26"><span class='ocrx_word' id='word_1_529' title='bbox 2024 3134 2300 3206; x_wconf 80' lang='lat' dir='ltr'><strong>golstadii,</strong></span> <span class='ocrx_word' id='word_1_530' title='bbox 2323 3150 2471 3189; x_wconf 87' lang='lat' dir='ltr'><strong>anno</strong></span> <span class='ocrx_word' id='word_1_531' title='bbox 2492 3135 2644 3204; x_wconf 66' lang='grc'><strong>1604,</strong></span> <span class='ocrx_word' id='word_1_532' title='bbox 2670 3138 2724 3190; x_wconf 92' lang='lat' dir='ltr'><strong>in</strong></span> <span class='ocrx_word' id='word_1_533' title='bbox 2747 3136 2798 3203; x_wconf 65' lang='grc' dir='ltr'><strong>ὁ,</strong></span> <span class='ocrx_word' id='word_1_534' title='bbox 2820 3154 2941 3193; x_wconf 90' lang='lat' dir='ltr'><strong>cum</strong></span> <span class='ocrx_word' id='word_1_535' title='bbox 2978 3138 3198 3209; x_wconf 90' lang='lat' dir='ltr'><strong>Dioptra</strong></span> <span class='ocrx_word' id='word_1_536' title='bbox 3224 3142 3456 3213; x_wconf 86' lang='lat' dir='ltr'><strong>Philippi</strong></span> <span class='ocrx_word' id='word_1_537' title='bbox 3475 3144 3607 3200; x_wconf 71' lang='lat' dir='ltr'><strong>Sol-2-</strong></span> 
     </span>
    </p>
   </div>
   <div class='ocr_carea' id='block_1_76' title="bbox 2025 3226 3607 3299">
    <p class='ocr_par' dir='ltr' id='par_1_76' title="bbox 2025 3226 3607 3299">
     <span class='ocr_line' id='line_1_76' title="bbox 2025 3226 3607 3299; baseline 0.009 -21"><span class='ocrx_word' id='word_1_538' title='bbox 2025 3227 2171 3291; x_wconf 88' lang='lat' dir='ltr'><strong>tarii,</strong></span> <span class='ocrx_word' id='word_1_539' title='bbox 2195 3241 2317 3295; x_wconf 84' lang='lat' dir='ltr'><strong>quae</strong></span> <span class='ocrx_word' id='word_1_540' title='bbox 2341 3226 2528 3282; x_wconf 73' lang='lat' dir='ltr'><strong>Graace</strong></span> <span class='ocrx_word' id='word_1_541' title='bbox 2555 3244 2773 3299; x_wconf 90' lang='lat' dir='ltr'><strong>quoque</strong></span> <span class='ocrx_word' id='word_1_542' title='bbox 2802 3246 2930 3285; x_wconf 90' lang='lat' dir='ltr'><strong>mss.</strong></span> <span class='ocrx_word' id='word_1_543' title='bbox 2955 3241 3170 3285; x_wconf 82' lang='lat' dir='ltr'><strong>exstant</strong></span> <span class='ocrx_word' id='word_1_544' title='bbox 3193 3233 3250 3287; x_wconf 87' lang='lat' dir='ltr'><strong>in</strong></span> <span class='ocrx_word' id='word_1_545' title='bbox 3275 3233 3607 3292; x_wconf 79' lang='lat' dir='ltr'><strong>bibliotheca</strong></span> 
     </span>
    </p>
   </div>
   <div class='ocr_carea' id='block_1_77' title="bbox 2019 3315 3607 3393">
    <p class='ocr_par' dir='ltr' id='par_1_77' title="bbox 2019 3315 3607 3393">
     <span class='ocr_line' id='line_1_77' title="bbox 2019 3315 3607 3393; baseline 0.006 -21"><span class='ocrx_word' id='word_1_546' title='bbox 2019 3316 2265 3372; x_wconf 63' lang='lat' dir='ltr'><strong>Caesarea</strong></span> <span class='ocrx_word' id='word_1_547' title='bbox 2303 3315 2589 3375; x_wconf 74' lang='lat' dir='ltr'><strong>Viennensi</strong></span> <span class='ocrx_word' id='word_1_548' title='bbox 2638 3329 2694 3375; x_wconf 90' lang='lat' dir='ltr'><strong>et</strong></span> <span class='ocrx_word' id='word_1_549' title='bbox 2728 3322 2782 3375; x_wconf 91' lang='lat' dir='ltr'><strong>in</strong></span> <span class='ocrx_word' id='word_1_550' title='bbox 2836 3324 3150 3393; x_wconf 78' lang='lat' dir='ltr'><strong>Augustana</strong></span> <span class='ocrx_word' id='word_1_551' title='bbox 3192 3326 3316 3380; x_wconf 85' lang='lat' dir='ltr'><strong>cod.</strong></span> <span class='ocrx_word' id='word_1_552' title='bbox 3350 3325 3418 3381; x_wconf 83' lang='lat'><strong>57</strong></span> <span class='ocrx_word' id='word_1_553' title='bbox 3450 3344 3464 3381; x_wconf 88' lang='lat'><strong>:</strong></span> <span class='ocrx_word' id='word_1_554' title='bbox 3501 3327 3607 3381; x_wconf 81' lang='lat' dir='ltr'><strong>Mi—</strong></span> 
     </span>
    </p>
   </div>
   <div class='ocr_carea' id='block_1_78' title="bbox 2021 3408 3607 3484">
    <p class='ocr_par' dir='ltr' id='par_1_78' title="bbox 2021 3408 3607 3484">
     <span class='ocr_line' id='line_1_78' title="bbox 2021 3408 3607 3484; baseline 0.008 -22"><span class='ocrx_word' id='word_1_555' title='bbox 2021 3409 2212 3463; x_wconf 83' lang='lat' dir='ltr'><strong>chaelis</strong></span> <span class='ocrx_word' id='word_1_556' title='bbox 2233 3408 2409 3480; x_wconf 70' lang='lat' dir='ltr'><strong>Glyco:</strong></span> <span class='ocrx_word' id='word_1_557' title='bbox 2428 3413 2798 3482; x_wconf 67' lang='lat' dir='ltr'><strong>explicationes</strong></span> <span class='ocrx_word' id='word_1_558' title='bbox 2828 3416 3164 3470; x_wconf 78' lang='lat' dir='ltr'><strong>obscurorum</strong></span> <span class='ocrx_word' id='word_1_559' title='bbox 3191 3416 3428 3474; x_wconf 81' lang='lat' dir='ltr'><strong>locorum</strong></span> <span class='ocrx_word' id='word_1_560' title='bbox 3439 3437 3607 3484; x_wconf 68' lang='lat' dir='ltr'><strong>sacris</strong></span> 
     </span>
    </p>
   </div>
   <div class='ocr_carea' id='block_1_79' title="bbox 2020 3498 3631 3577">
    <p class='ocr_par' dir='ltr' id='par_1_79' title="bbox 2020 3498 3631 3577">
     <span class='ocr_line' id='line_1_79' title="bbox 2020 3498 3631 3577; baseline 0.006 -24"><span class='ocrx_word' id='word_1_561' title='bbox 2020 3498 2309 3568; x_wconf 75' lang='lat' dir='ltr'><strong>Scriptura:</strong></span> <span class='ocrx_word' id='word_1_562' title='bbox 2342 3519 2360 3557; x_wconf 90' lang='lat'><strong><em>:</em></strong></span> <span class='ocrx_word' id='word_1_563' title='bbox 2388 3504 2470 3557; x_wconf 88' lang='lat' dir='ltr'><strong>vel</strong></span> <span class='ocrx_word' id='word_1_564' title='bbox 2503 3514 2565 3560; x_wconf 81' lang='lat' dir='ltr'><strong>ut.</strong></span> <span class='ocrx_word' id='word_1_565' title='bbox 2594 3505 2645 3558; x_wconf 90' lang='lat' dir='ltr'><strong>in</strong></span> <span class='ocrx_word' id='word_1_566' title='bbox 2671 3507 3047 3575; x_wconf 83' lang='lat' dir='ltr'><strong>imperatoria,</strong></span> <span class='ocrx_word' id='word_1_567' title='bbox 3075 3508 3631 3577; x_wconf 20' lang='lat' dir='ltr'><strong>ejus«lem,Qutestio-.</strong></span> 
     </span>
    </p>
   </div>
   <div class='ocr_carea' id='block_1_80' title="bbox 2021 3596 3605 3670">
    <p class='ocr_par' dir='ltr' id='par_1_80' title="bbox 2021 3596 3605 3670">
     <span class='ocr_line' id='line_1_80' title="bbox 2021 3596 3605 3670; baseline 0.01 -24"><span class='ocrx_word' id='word_1_568' title='bbox 2021 3611 2109 3648; x_wconf 80' lang='lat' dir='ltr'><strong>nes</strong></span> <span class='ocrx_word' id='word_1_569' title='bbox 2155 3603 2202 3648; x_wconf 87' lang='lat' dir='ltr'><strong>et</strong></span> <span class='ocrx_word' id='word_1_570' title='bbox 2235 3596 2590 3650; x_wconf 80' lang='lat' dir='ltr'><strong>dubitationes</strong></span> <span class='ocrx_word' id='word_1_571' title='bbox 2647 3598 2702 3652; x_wconf 87' lang='lat' dir='ltr'><strong>in</strong></span> <span class='ocrx_word' id='word_1_572' title='bbox 2750 3597 3112 3670; x_wconf 79' lang='lat' dir='ltr'><strong>Scripturam,</strong></span> <span class='ocrx_word' id='word_1_573' title='bbox 3161 3617 3281 3670; x_wconf 65' lang='lat' dir='ltr'><strong>quae</strong></span> <span class='ocrx_word' id='word_1_574' title='bbox 3339 3604 3605 3662; x_wconf 79' lang='lat' dir='ltr'><strong>nomium.</strong></span> 
     </span>
    </p>
   </div>
   <div class='ocr_carea' id='block_1_81' title="bbox 2019 3689 3610 3762">
    <p class='ocr_par' dir='ltr' id='par_1_81' title="bbox 2019 3689 3610 3762">
     <span class='ocr_line' id='line_1_81' title="bbox 2019 3689 3610 3762; baseline 0.006 -22"><span class='ocrx_word' id='word_1_575' title='bbox 2019 3689 2163 3757; x_wconf 88' lang='lat' dir='ltr'><strong>quod</strong></span> <span class='ocrx_word' id='word_1_576' title='bbox 2206 3689 2400 3756; x_wconf 87' lang='lat' dir='ltr'><strong>sciam,</strong></span> <span class='ocrx_word' id='word_1_577' title='bbox 2467 3691 2749 3760; x_wconf 76' lang='lat' dir='ltr'><strong>impressa:</strong></span> <span class='ocrx_word' id='word_1_578' title='bbox 2786 3703 2915 3745; x_wconf 91' lang='lat' dir='ltr'><strong>sunt</strong></span> <span class='ocrx_word' id='word_1_579' title='bbox 2947 3709 2962 3746; x_wconf 87' lang='lat'><strong>:</strong></span> <span class='ocrx_word' id='word_1_580' title='bbox 2997 3693 3064 3747; x_wconf 83' lang='lat' dir='ltr'><strong>de</strong></span> <span class='ocrx_word' id='word_1_581' title='bbox 3120 3694 3320 3762; x_wconf 80' lang='lat' dir='ltr'><strong>quibus</strong></span> <span class='ocrx_word' id='word_1_582' title='bbox 3371 3695 3610 3761; x_wconf 86' lang='lat' dir='ltr'><strong>loquitur</strong></span> 
     </span>
    </p>
   </div>
   <div class='ocr_carea' id='block_1_82' title="bbox 2016 3781 3606 3860">
    <p class='ocr_par' dir='ltr' id='par_1_82' title="bbox 2016 3781 3606 3860">
     <span class='ocr_line' id='line_1_82' title="bbox 2016 3781 3606 3860; baseline 0.006 -26"><span class='ocrx_word' id='word_1_583' title='bbox 2016 3781 2289 3835; x_wconf 85' lang='lat' dir='ltr'><strong>Antonius</strong></span> <span class='ocrx_word' id='word_1_584' title='bbox 2323 3781 2660 3842; x_wconf 85' lang='lat' dir='ltr'><strong>Possevinus</strong></span> <span class='ocrx_word' id='word_1_585' title='bbox 2681 3793 2826 3836; x_wconf 90' lang='lat' dir='ltr'><strong>tomo</strong></span> <span class='ocrx_word' id='word_1_586' title='bbox 2856 3782 3240 3853; x_wconf 63' lang='lat' dir='ltr'><strong>llApparatus</strong></span> <span class='ocrx_word' id='word_1_587' title='bbox 3279 3790 3448 3850; x_wconf 75' lang='lat' dir='ltr'><strong>sacri,</strong></span> <span class='ocrx_word' id='word_1_588' title='bbox 3481 3804 3606 3860; x_wconf 80' lang='lat' dir='ltr'><strong>pag.</strong></span> 
     </span>
    </p>
   </div>
   <div class='ocr_carea' id='block_1_83' title="bbox 2019 3871 3631 3948">
    <p class='ocr_par' dir='ltr' id='par_1_83' title="bbox 2019 3871 3631 3948">
     <span class='ocr_line' id='line_1_83' title="bbox 2019 3871 3631 3948; baseline 0.004 -22"><span class='ocrx_word' id='word_1_589' title='bbox 2019 3872 2142 3926; x_wconf 75' lang='lat'><strong>“2.</strong></span> <span class='ocrx_word' id='word_1_590' title='bbox 2171 3871 2412 3926; x_wconf 80' lang='lat' dir='ltr'><strong>Joannes</strong></span> <span class='ocrx_word' id='word_1_591' title='bbox 2439 3872 3024 3942; x_wconf 84' lang='lat' dir='ltr'><strong>Baptista__Cotelerins</strong></span> <span class='ocrx_word' id='word_1_592' title='bbox 3059 3876 3112 3928; x_wconf 89' lang='lat' dir='ltr'><strong>in</strong></span> <span class='ocrx_word' id='word_1_593' title='bbox 3155 3879 3302 3932; x_wconf 88' lang='lat' dir='ltr'><strong>notis</strong></span> <span class='ocrx_word' id='word_1_594' title='bbox 3326 3879 3394 3933; x_wconf 87' lang='lat' dir='ltr'><strong>ad</strong></span> <span class='ocrx_word' id='word_1_595' title='bbox 3427 3879 3631 3948; x_wconf 42' lang='lat' dir='ltr'><strong>Opera.</strong></span> 
     </span>
    </p>
   </div>
   <div class='ocr_carea' id='block_1_84' title="bbox 2017 3961 3602 4041">
    <p class='ocr_par' dir='ltr' id='par_1_84' title="bbox 2017 3961 3602 4041">
     <span class='ocr_line' id='line_1_84' title="bbox 2017 3961 3602 4041; baseline 0.005 -24"><span class='ocrx_word' id='word_1_596' title='bbox 2017 3961 2117 4023; x_wconf 86' lang='lat' dir='ltr'><strong>SS.</strong></span> <span class='ocrx_word' id='word_1_597' title='bbox 2151 3963 2396 4027; x_wconf 87' lang='lat' dir='ltr'><strong>Patrum,</strong></span> <span class='ocrx_word' id='word_1_598' title='bbox 2429 3965 2522 4034; x_wconf 83' lang='lat' dir='ltr'><strong>qui</strong></span> <span class='ocrx_word' id='word_1_599' title='bbox 2559 3965 2895 4033; x_wconf 74' lang='lat' dir='ltr'><strong>temporibus</strong></span> <span class='ocrx_word' id='word_1_600' title='bbox 2927 3968 3247 4036; x_wconf 80' lang='lat' dir='ltr'><strong>apostolicis</strong></span> <span class='ocrx_word' id='word_1_601' title='bbox 3271 3969 3602 4041; x_wconf 82' lang='lat' dir='ltr'><strong>floruerunt,</strong></span> 
     </span>
    </p>
   </div>
   <div class='ocr_carea' id='block_1_85' title="bbox 2020 4055 3606 4127">
    <p class='ocr_par' dir='ltr' id='par_1_85' title="bbox 2020 4055 3606 4127">
     <span class='ocr_line' id='line_1_85' title="bbox 2020 4055 3606 4127; baseline 0.004 -17"><span class='ocrx_word' id='word_1_602' title='bbox 2020 4055 2129 4110; x_wconf 91' lang='lat' dir='ltr'><strong>col.</strong></span> <span class='ocrx_word' id='word_1_603' title='bbox 2167 4056 2255 4122; x_wconf 79' lang='grc'><strong>77,</strong></span> <span class='ocrx_word' id='word_1_604' title='bbox 2289 4056 2370 4111; x_wconf 83' lang='grc' dir='ltr'><strong>Ιῑι.</strong></span> <span class='ocrx_word' id='word_1_605' title='bbox 2432 4055 2472 4109; x_wconf 83' lang='lat' dir='ltr'>E</span> <span class='ocrx_word' id='word_1_606' title='bbox 2519 4057 2744 4127; x_wconf 85' lang='lat' dir='ltr'><strong>inquit:</strong></span> <span class='ocrx_word' id='word_1_607' title='bbox 2789 4057 2916 4126; x_wconf 80' lang='lat' dir='ltr'><strong>Qua:</strong></span> <span class='ocrx_word' id='word_1_608' title='bbox 2963 4060 3127 4113; x_wconf 84' lang='lat' dir='ltr'><strong>etiam</strong></span> <span class='ocrx_word' id='word_1_609' title='bbox 3185 4060 3312 4120; x_wconf 83' lang='lat' dir='ltr'><strong>citat</strong></span> <span class='ocrx_word' id='word_1_610' title='bbox 3376 4063 3606 4125; x_wconf 70' lang='lat' dir='ltr'><strong>illic/mel</strong></span> 
     </span>
    </p>
   </div>
   <div class='ocr_carea' id='block_1_86' title="bbox 2017 4146 3604 4226">
    <p class='ocr_par' dir='ltr' id='par_1_86' title="bbox 2017 4146 3604 4226">
     <span class='ocr_line' id='line_1_86' title="bbox 2017 4146 3604 4226; baseline 0.006 -25"><span class='ocrx_word' id='word_1_611' title='bbox 2017 4146 2210 4220; x_wconf 58' lang='grc' dir='ltr'><strong>σιμ-αδ</strong></span> <span class='ocrx_word' id='word_1_612' title='bbox 2240 4151 2293 4203; x_wconf 88' lang='lat' dir='ltr'><strong>in</strong></span> <span class='ocrx_word' id='word_1_613' title='bbox 2318 4149 2453 4204; x_wconf 87' lang='lat' dir='ltr'><strong>libro</strong></span> <span class='ocrx_word' id='word_1_614' title='bbox 2480 4151 2770 4218; x_wconf 77' lang='lat' dir='ltr'><strong>posteriore</strong></span> <span class='ocrx_word' id='word_1_615' title='bbox 2824 4153 2992 4221; x_wconf 76' lang='lat' dir='ltr'><strong>operis</strong></span> <span class='ocrx_word' id='word_1_616' title='bbox 3022 4153 3115 4216; x_wconf 79' lang='grc' dir='ltr'><strong>Εἰς</strong></span> <span class='ocrx_word' id='word_1_617' title='bbox 3160 4153 3230 4208; x_wconf 67' lang='grc' dir='ltr'>τὰ</span> <span class='ocrx_word' id='word_1_618' title='bbox 3261 4156 3442 4225; x_wconf 75' lang='grc' dir='ltr'>ἄπορα</span> <span class='ocrx_word' id='word_1_619' title='bbox 3505 4157 3604 4226; x_wconf 79' lang='grc' dir='ltr'><strong>τῆς</strong></span> 
     </span>
    </p>
   </div>
   <div class='ocr_carea' id='block_1_87' title="bbox 2018 4240 3606 4314">
    <p class='ocr_par' dir='ltr' id='par_1_87' title="bbox 2018 4240 3606 4314">
     <span class='ocr_line' id='line_1_87' title="bbox 2018 4240 3606 4314; baseline 0.007 -23"><span class='ocrx_word' id='word_1_620' title='bbox 2018 4240 2269 4311; x_wconf 78' lang='grc' dir='ltr'><strong>Γραφῆς,</strong></span> <span class='ocrx_word' id='word_1_621' title='bbox 2299 4257 2419 4311; x_wconf 86' lang='lat' dir='ltr'><strong>cap.</strong></span> <span class='ocrx_word' id='word_1_622' title='bbox 2447 4241 2537 4296; x_wconf 71' lang='grc'><strong>52.</strong></span> <span class='ocrx_word' id='word_1_623' title='bbox 2577 4240 2764 4299; x_wconf 76' lang='lat' dir='ltr'><strong>Exstat</strong></span> <span class='ocrx_word' id='word_1_624' title='bbox 2785 4244 2839 4296; x_wconf 83' lang='lat' dir='ltr'><strong>id</strong></span> <span class='ocrx_word' id='word_1_625' title='bbox 2863 4261 2994 4314; x_wconf 87' lang='lat' dir='ltr'><strong>opus</strong></span> <span class='ocrx_word' id='word_1_626' title='bbox 3056 4262 3152 4299; x_wconf 87' lang='lat' dir='ltr'><strong>ms.</strong></span> <span class='ocrx_word' id='word_1_627' title='bbox 3195 4247 3250 4300; x_wconf 85' lang='lat' dir='ltr'><strong>in</strong></span> <span class='ocrx_word' id='word_1_628' title='bbox 3299 4247 3606 4302; x_wconf 75' lang='lat' dir='ltr'><strong>bibliotheca</strong></span> 
     </span>
    </p>
   </div>
   <div class='ocr_carea' id='block_1_88' title="bbox 2021 4333 3602 4408">
    <p class='ocr_par' dir='ltr' id='par_1_88' title="bbox 2021 4333 3602 4408">
     <span class='ocr_line' id='line_1_88' title="bbox 2021 4333 3602 4408; baseline 0.001 -18"><span class='ocrx_word' id='word_1_629' title='bbox 2021 4333 2268 4399; x_wconf 78' lang='lat' dir='ltr'><strong>Timauo,</strong></span> <span class='ocrx_word' id='word_1_630' title='bbox 2319 4337 2772 4406; x_wconf 63' lang='lat' dir='ltr'><strong>compositumque</strong></span> <span class='ocrx_word' id='word_1_631' title='bbox 2805 4345 2880 4389; x_wconf 86' lang='lat' dir='ltr'><strong>est</strong></span> <span class='ocrx_word' id='word_1_632' title='bbox 2947 4352 3010 4389; x_wconf 74' lang='lat' dir='ltr'><strong>ca:</strong></span> <span class='ocrx_word' id='word_1_633' title='bbox 3057 4338 3346 4392; x_wconf 75' lang='lat' dir='ltr'><strong>orthodoxa</strong></span> <span class='ocrx_word' id='word_1_634' title='bbox 3399 4340 3502 4408; x_wconf 78' lang='lat' dir='ltr'><strong>ﬁde</strong></span> <span class='ocrx_word' id='word_1_635' title='bbox 3544 4339 3602 4394; x_wconf 92' lang='lat' dir='ltr'><strong>S.</strong></span> 
     </span>
    </p>
   </div>
   <div class='ocr_carea' id='block_1_89' title="bbox 333 4422 3606 4501">
    <p class='ocr_par' dir='ltr' id='par_1_89' title="bbox 333 4422 3606 4501">
     <span class='ocr_line' id='line_1_89' title="bbox 333 4422 3606 4501; baseline 0.003 -27"><span class='ocrx_word' id='word_1_636' title='bbox 333 4427 450 4495; x_wconf 69' lang='lat' dir='ltr'><strong>gite,</strong></span> <span class='ocrx_word' id='word_1_637' title='bbox 486 4441 593 4495; x_wconf 84' lang='lat' dir='ltr'><strong>qua</strong></span> <span class='ocrx_word' id='word_1_638' title='bbox 618 4425 1014 4480; x_wconf 85' lang='lat' dir='ltr'><strong>delectabatur.</strong></span> <span class='ocrx_word' id='word_1_639' title='bbox 1085 4425 1262 4494; x_wconf 88' lang='lat' dir='ltr'><strong>Atque</strong></span> <span class='ocrx_word' id='word_1_640' title='bbox 1292 4422 1396 4479; x_wconf 89' lang='lat' dir='ltr'><strong>hoc</strong></span> <span class='ocrx_word' id='word_1_641' title='bbox 1453 4425 1616 4483; x_wconf 80' lang='lat' dir='ltr'><strong>modo</strong></span> <span class='ocrx_word' id='word_1_642' title='bbox 1667 4425 1908 4481; x_wconf 87' lang='lat' dir='ltr'><strong>studium</strong></span> <span class='ocrx_word' id='word_1_643' title='bbox 1946 4423 1990 4478; x_wconf 86' lang='lat' dir='ltr'><strong>D</strong></span> <span class='ocrx_word' id='word_1_644' title='bbox 2017 4425 2240 4480; x_wconf 83' lang='lat' dir='ltr'><strong>Joannis</strong></span> <span class='ocrx_word' id='word_1_645' title='bbox 2276 4426 2609 4491; x_wconf 81' lang='lat' dir='ltr'><strong>Damasceni,</strong></span> <span class='ocrx_word' id='word_1_646' title='bbox 2636 4427 2856 4501; x_wconf 83' lang='lat' dir='ltr'><strong>adjectis</strong></span> <span class='ocrx_word' id='word_1_647' title='bbox 2902 4427 3169 4482; x_wconf 85' lang='lat' dir='ltr'><strong>nonnullis</strong></span> <span class='ocrx_word' id='word_1_648' title='bbox 3199 4429 3430 4483; x_wconf 83' lang='lat' dir='ltr'><strong>aliorum</strong></span> <span class='ocrx_word' id='word_1_649' title='bbox 3496 4432 3606 4486; x_wconf 82' lang='lat' dir='ltr'><strong>Pu-</strong></span> 
     </span>
    </p>
   </div>
   <div class='ocr_carea' id='block_1_90' title="bbox 333 4515 1913 4592">
    <p class='ocr_par' dir='ltr' id='par_1_90' title="bbox 333 4515 1913 4592">
     <span class='ocr_line' id='line_1_90' title="bbox 333 4515 1913 4592; baseline -0.001 -21"><span class='ocrx_word' id='word_1_650' title='bbox 333 4535 490 4572; x_wconf 83' lang='lat' dir='ltr'><strong>suum</strong></span> <span class='ocrx_word' id='word_1_651' title='bbox 526 4517 934 4577; x_wconf 84' lang='lat' dir='ltr'><strong>commendavit</strong></span> <span class='ocrx_word' id='word_1_652' title='bbox 989 4515 1324 4583; x_wconf 43' lang='lat' dir='ltr'><strong>instantius,</strong></span> <span class='ocrx_word' id='word_1_653' title='bbox 1363 4532 1526 4592; x_wconf 85' lang='lat' dir='ltr'><strong>quam</strong></span> <span class='ocrx_word' id='word_1_654' title='bbox 1564 4519 1607 4570; x_wconf 88' lang='lat' dir='ltr'><strong>si</strong></span> <span class='ocrx_word' id='word_1_655' title='bbox 1648 4518 1764 4586; x_wconf 90' lang='lat' dir='ltr'><strong>ipse</strong></span> <span class='ocrx_word' id='word_1_656' title='bbox 1826 4533 1913 4569; x_wconf 83' lang='lat' dir='ltr'><strong>re—</strong></span> 
     </span>
    </p>
   </div>
   <div class='ocr_carea' id='block_1_91' title="bbox 332 4609 1910 4683">
    <p class='ocr_par' dir='ltr' id='par_1_91' title="bbox 332 4609 1910 4683">
     <span class='ocr_line' id='line_1_91' title="bbox 332 4609 1910 4683; baseline -0.002 -18"><span class='ocrx_word' id='word_1_657' title='bbox 332 4613 685 4676; x_wconf 72' lang='lat' dir='ltr'><strong>Spunsionem</strong></span> <span class='ocrx_word' id='word_1_658' title='bbox 713 4612 988 4683; x_wconf 81' lang='lat' dir='ltr'><strong>propriam</strong></span> <span class='ocrx_word' id='word_1_659' title='bbox 1032 4609 1283 4669; x_wconf 83' lang='lat' dir='ltr'><strong>Micbacli</strong></span> <span class='ocrx_word' id='word_1_660' title='bbox 1335 4609 1513 4680; x_wconf 68' lang='lat' dir='ltr'><strong>Glycaa</strong></span> <span class='ocrx_word' id='word_1_661' title='bbox 1569 4610 1910 4671; x_wconf 68' lang='lat' dir='ltr'><strong>adornasset.</strong></span> 
     </span>
    </p>
   </div>
   <div class='ocr_carea' id='block_1_92' title="bbox 333 4703 1912 4776">
    <p class='ocr_par' dir='ltr' id='par_1_92' title="bbox 333 4703 1912 4776">
     <span class='ocr_line' id='line_1_92' title="bbox 333 4703 1912 4776; baseline -0.002 -18"><span class='ocrx_word' id='word_1_662' title='bbox 333 4703 462 4758; x_wconf 76' lang='lat' dir='ltr'><strong>Nam</strong></span> <span class='ocrx_word' id='word_1_663' title='bbox 498 4707 604 4760; x_wconf 91' lang='lat' dir='ltr'><strong>hoc</strong></span> <span class='ocrx_word' id='word_1_664' title='bbox 640 4706 801 4760; x_wconf 90' lang='lat' dir='ltr'><strong>modo</strong></span> <span class='ocrx_word' id='word_1_665' title='bbox 822 4703 1170 4774; x_wconf 85' lang='lat' dir='ltr'><strong>astrologiam</strong></span> <span class='ocrx_word' id='word_1_666' title='bbox 1203 4704 1582 4776; x_wconf 79' lang='lat' dir='ltr'><strong>multomagis</strong></span> <span class='ocrx_word' id='word_1_667' title='bbox 1627 4719 1912 4758; x_wconf 85' lang='lat' dir='ltr'><strong>commen-</strong></span> 
     </span>
    </p>
   </div>
   <div class='ocr_carea' id='block_1_93' title="bbox 332 4795 1908 4868">
    <p class='ocr_par' dir='ltr' id='par_1_93' title="bbox 332 4795 1908 4868">
     <span class='ocr_line' id='line_1_93' title="bbox 332 4795 1908 4868; baseline -0.004 -14"><span class='ocrx_word' id='word_1_668' title='bbox 332 4801 514 4861; x_wconf 76' lang='lat' dir='ltr'><strong>dabat,</strong></span> <span class='ocrx_word' id='word_1_669' title='bbox 550 4814 714 4868; x_wconf 84' lang='lat' dir='ltr'><strong>quam</strong></span> <span class='ocrx_word' id='word_1_670' title='bbox 745 4798 1042 4867; x_wconf 88' lang='lat' dir='ltr'><strong>imperator</strong></span> <span class='ocrx_word' id='word_1_671' title='bbox 1071 4795 1292 4853; x_wconf 61' lang='lat' dir='ltr'><strong>Gnaeus</strong></span> <span class='ocrx_word' id='word_1_672' title='bbox 1327 4808 1453 4852; x_wconf 85' lang='lat' dir='ltr'><strong>ante</strong></span> <span class='ocrx_word' id='word_1_673' title='bbox 1494 4805 1776 4851; x_wconf 88' lang='lat' dir='ltr'><strong>trecentos</strong></span> <span class='ocrx_word' id='word_1_674' title='bbox 1806 4810 1908 4852; x_wconf 88' lang='lat' dir='ltr'><strong>an-</strong></span> 
     </span>
    </p>
   </div>
   <div class='ocr_carea' id='block_1_94' title="bbox 332 4889 1915 4960">
    <p class='ocr_par' dir='ltr' id='par_1_94' title="bbox 332 4889 1915 4960">
     <span class='ocr_line' id='line_1_94' title="bbox 332 4889 1915 4960; baseline -0.003 -18"><span class='ocrx_word' id='word_1_675' title='bbox 332 4909 428 4944; x_wconf 84' lang='lat' dir='ltr'><strong>nos</strong></span> <span class='ocrx_word' id='word_1_676' title='bbox 461 4891 788 4944; x_wconf 78' lang='lat' dir='ltr'><strong>defenderat</strong></span> <span class='ocrx_word' id='word_1_677' title='bbox 825 4891 1094 4944; x_wconf 86' lang='lat' dir='ltr'><strong>adversus</strong></span> <span class='ocrx_word' id='word_1_678' title='bbox 1156 4889 1560 4960; x_wconf 84' lang='lat' dir='ltr'><strong>vituperatores</strong></span> <span class='ocrx_word' id='word_1_679' title='bbox 1615 4899 1675 4942; x_wconf 89' lang='lat' dir='ltr'><strong>et</strong></span> <span class='ocrx_word' id='word_1_680' title='bbox 1725 4902 1915 4941; x_wconf 87' lang='lat' dir='ltr'><strong>mona-</strong></span> 
     </span>
    </p>
   </div>
   <div class='ocr_carea' id='block_1_95' title="bbox 328 4979 1910 5057">
    <p class='ocr_par' dir='ltr' id='par_1_95' title="bbox 328 4979 1910 5057">
     <span class='ocr_line' id='line_1_95' title="bbox 328 4979 1910 5057; baseline -0.003 -22"><span class='ocrx_word' id='word_1_681' title='bbox 328 4987 488 5037; x_wconf 78' lang='lat' dir='ltr'><strong>chum</strong></span> <span class='ocrx_word' id='word_1_682' title='bbox 521 4983 815 5057; x_wconf 77' lang='lat' dir='ltr'><strong>quemdam</strong></span> <span class='ocrx_word' id='word_1_683' title='bbox 868 4982 943 5036; x_wconf 93' lang='lat' dir='ltr'><strong>illi</strong></span> <span class='ocrx_word' id='word_1_684' title='bbox 998 4981 1372 5040; x_wconf 86' lang='lat' dir='ltr'><strong>insultantem.</strong></span> <span class='ocrx_word' id='word_1_685' title='bbox 1417 4979 1910 5053; x_wconf 70' lang='lat' dir='ltr'><strong>Antapologeticum</strong></span> 
     </span>
    </p>
   </div>
   <div class='ocr_carea' id='block_1_96' title="bbox 328 5071 1909 5147">
    <p class='ocr_par' dir='ltr' id='par_1_96' title="bbox 328 5071 1909 5147">
     <span class='ocr_line' id='line_1_96' title="bbox 328 5071 1909 5147; baseline -0.004 -16"><span class='ocrx_word' id='word_1_686' title='bbox 328 5077 491 5147; x_wconf 67' lang='lat' dir='ltr'><strong>igitur</strong></span> <span class='ocrx_word' id='word_1_687' title='bbox 532 5092 654 5130; x_wconf 89' lang='lat' dir='ltr'><strong>esse</strong></span> <span class='ocrx_word' id='word_1_688' title='bbox 688 5075 950 5130; x_wconf 74' lang='lat' dir='ltr'><strong>Manuelis</strong></span> <span class='ocrx_word' id='word_1_689' title='bbox 982 5073 1248 5132; x_wconf 85' lang='lat' dir='ltr'><strong>Comneni</strong></span> <span class='ocrx_word' id='word_1_690' title='bbox 1282 5073 1659 5144; x_wconf 75' lang='lat' dir='ltr'><strong>agnoscimus,</strong></span> <span class='ocrx_word' id='word_1_691' title='bbox 1692 5080 1748 5125; x_wconf 87' lang='lat' dir='ltr'><strong>at</strong></span> <span class='ocrx_word' id='word_1_692' title='bbox 1790 5071 1909 5141; x_wconf 83' lang='lat' dir='ltr'><strong>epi-</strong></span> 
     </span>
    </p>
   </div>
   <div class='ocr_carea' id='block_1_97' title="bbox 326 5165 1906 5238">
    <p class='ocr_par' dir='ltr' id='par_1_97' title="bbox 326 5165 1906 5238">
     <span class='ocr_line' id='line_1_97' title="bbox 326 5165 1906 5238; baseline -0.005 -14"><span class='ocrx_word' id='word_1_693' title='bbox 326 5171 518 5224; x_wconf 76' lang='lat' dir='ltr'><strong>stolam</strong></span> <span class='ocrx_word' id='word_1_694' title='bbox 547 5167 618 5223; x_wconf 78' lang='lat'><strong>58</strong></span> <span class='ocrx_word' id='word_1_695' title='bbox 653 5170 1047 5237; x_wconf 65' lang='lat' dir='ltr'><strong>praecedentem</strong></span> <span class='ocrx_word' id='word_1_696' title='bbox 1080 5167 1270 5238; x_wconf 77' lang='lat' dir='ltr'><strong>Alypio</strong></span> <span class='ocrx_word' id='word_1_697' title='bbox 1317 5165 1589 5224; x_wconf 77' lang='lat' dir='ltr'><strong>monacho</strong></span> <span class='ocrx_word' id='word_1_698' title='bbox 1644 5165 1906 5234; x_wconf 81' lang='lat' dir='ltr'><strong>scriptam</strong></span> 
     </span>
    </p>
   </div>
   <div class='ocr_carea' id='block_1_98' title="bbox 326 5257 1904 5331">
    <p class='ocr_par' dir='ltr' id='par_1_98' title="bbox 326 5257 1904 5331">
     <span class='ocr_line' id='line_1_98' title="bbox 326 5257 1904 5331; baseline -0.004 -15"><span class='ocrx_word' id='word_1_699' title='bbox 326 5264 492 5316; x_wconf 76' lang='lat' dir='ltr'><strong>fuisse</strong></span> <span class='ocrx_word' id='word_1_700' title='bbox 531 5278 561 5314; x_wconf 87' lang='lat' dir='ltr'><strong>a</strong></span> <span class='ocrx_word' id='word_1_701' title='bbox 607 5259 876 5314; x_wconf 81' lang='lat' dir='ltr'><strong>Michaele</strong></span> <span class='ocrx_word' id='word_1_702' title='bbox 915 5258 1080 5331; x_wconf 81' lang='lat' dir='ltr'><strong>Glyca</strong></span> <span class='ocrx_word' id='word_1_703' title='bbox 1116 5259 1376 5312; x_wconf 81' lang='lat' dir='ltr'><strong>Adversus</strong></span> <span class='ocrx_word' id='word_1_704' title='bbox 1430 5257 1733 5328; x_wconf 83' lang='lat' dir='ltr'><strong>astrologia:</strong></span> <span class='ocrx_word' id='word_1_705' title='bbox 1790 5267 1904 5312; x_wconf 88' lang='lat' dir='ltr'><strong>stu-</strong></span> 
     </span>
    </p>
   </div>
   <div class='ocr_carea' id='block_1_99' title="bbox 326 5349 1904 5424">
    <p class='ocr_par' dir='ltr' id='par_1_99' title="bbox 326 5349 1904 5424">
     <span class='ocr_line' id='line_1_99' title="bbox 326 5349 1904 5424; baseline -0.001 -18"><span class='ocrx_word' id='word_1_706' title='bbox 326 5359 471 5408; x_wconf 74' lang='lat' dir='ltr'><strong>dium</strong></span> <span class='ocrx_word' id='word_1_707' title='bbox 503 5363 745 5410; x_wconf 86' lang='lat' dir='ltr'><strong>constat.</strong></span> <span class='ocrx_word' id='word_1_708' title='bbox 779 5353 925 5407; x_wconf 83' lang='lat' dir='ltr'><strong>Nihil</strong></span> <span class='ocrx_word' id='word_1_709' title='bbox 963 5353 1125 5424; x_wconf 81' lang='lat' dir='ltr'><strong>igitur</strong></span> <span class='ocrx_word' id='word_1_710' title='bbox 1149 5351 1393 5408; x_wconf 88' lang='lat' dir='ltr'><strong>oceurrit</strong></span> <span class='ocrx_word' id='word_1_711' title='bbox 1422 5351 1476 5404; x_wconf 90' lang='lat' dir='ltr'><strong>in</strong></span> <span class='ocrx_word' id='word_1_712' title='bbox 1509 5351 1594 5406; x_wconf 79' lang='lat' dir='ltr'><strong>his</strong></span> <span class='ocrx_word' id='word_1_713' title='bbox 1635 5349 1904 5420; x_wconf 76' lang='lat' dir='ltr'><strong>epistolis,</strong></span> 
     </span>
    </p>
   </div>
   <div class='ocr_carea' id='block_1_100' title="bbox 325 5443 1905 5519">
    <p class='ocr_par' dir='ltr' id='par_1_100' title="bbox 325 5443 1905 5519">
     <span class='ocr_line' id='line_1_100' title="bbox 325 5443 1905 5519; baseline -0.004 -19"><span class='ocrx_word' id='word_1_714' title='bbox 325 5467 431 5516; x_wconf 85' lang='lat' dir='ltr'><strong>quo</strong></span> <span class='ocrx_word' id='word_1_715' title='bbox 459 5450 728 5519; x_wconf 89' lang='lat' dir='ltr'><strong>probetur</strong></span> <span class='ocrx_word' id='word_1_716' title='bbox 761 5446 882 5500; x_wconf 90' lang='lat' dir='ltr'><strong>illas</strong></span> <span class='ocrx_word' id='word_1_717' title='bbox 903 5448 970 5501; x_wconf 85' lang='lat' dir='ltr'><strong>ad</strong></span> <span class='ocrx_word' id='word_1_718' title='bbox 1001 5444 1274 5500; x_wconf 81' lang='lat' dir='ltr'><strong>Joannem</strong></span> <span class='ocrx_word' id='word_1_719' title='bbox 1306 5444 1574 5499; x_wconf 81' lang='lat' dir='ltr'><strong>Zonaram</strong></span> <span class='ocrx_word' id='word_1_720' title='bbox 1601 5443 1905 5513; x_wconf 90' lang='lat' dir='ltr'><strong>pertinere,</strong></span> 
     </span>
    </p>
   </div>
   <div class='ocr_carea' id='block_1_101' title="bbox 324 5531 1906 5608">
    <p class='ocr_par' dir='ltr' id='par_1_101' title="bbox 324 5531 1906 5608">
     <span class='ocr_line' id='line_1_101' title="bbox 324 5531 1906 5608; baseline -0.002 -17"><span class='ocrx_word' id='word_1_721' title='bbox 324 5542 410 5607; x_wconf 79' lang='lat' dir='ltr'><strong>qui</strong></span> <span class='ocrx_word' id='word_1_722' title='bbox 440 5541 682 5596; x_wconf 81' lang='lat' dir='ltr'><strong>niaxime</strong></span> <span class='ocrx_word' id='word_1_723' title='bbox 722 5541 826 5594; x_wconf 92' lang='lat' dir='ltr'><strong>sub</strong></span> <span class='ocrx_word' id='word_1_724' title='bbox 857 5539 1044 5592; x_wconf 72' lang='lat' dir='ltr'><strong>Alexio</strong></span> <span class='ocrx_word' id='word_1_725' title='bbox 1068 5538 1368 5603; x_wconf 85' lang='lat' dir='ltr'><strong>Comneno,</strong></span> <span class='ocrx_word' id='word_1_726' title='bbox 1425 5537 1517 5608; x_wconf 88' lang='lat' dir='ltr'><strong>qui</strong></span> <span class='ocrx_word' id='word_1_727' title='bbox 1569 5551 1715 5591; x_wconf 85' lang='lat' dir='ltr'><strong>anno</strong></span> <span class='ocrx_word' id='word_1_728' title='bbox 1768 5531 1906 5590; x_wconf 85' lang='lat' dir='ltr'><strong>lll8</strong></span> 
     </span>
    </p>
   </div>
   <div class='ocr_carea' id='block_1_102' title="bbox 327 5627 1904 5702">
    <p class='ocr_par' dir='ltr' id='par_1_102' title="bbox 327 5627 1904 5702">
     <span class='ocr_line' id='line_1_102' title="bbox 327 5627 1904 5702; baseline 0 -19"><span class='ocrx_word' id='word_1_729' title='bbox 327 5645 581 5690; x_wconf 84' lang='lat' dir='ltr'><strong>uortuus</strong></span> <span class='ocrx_word' id='word_1_730' title='bbox 647 5633 875 5702; x_wconf 84' lang='lat' dir='ltr'><strong>legitur,</strong></span> <span class='ocrx_word' id='word_1_731' title='bbox 935 5631 1138 5695; x_wconf 85' lang='lat' dir='ltr'><strong>ﬂoruit,</strong></span> <span class='ocrx_word' id='word_1_732' title='bbox 1199 5646 1261 5686; x_wconf 88' lang='lat' dir='ltr'><strong>ac</strong></span> <span class='ocrx_word' id='word_1_733' title='bbox 1324 5631 1514 5700; x_wconf 89' lang='lat' dir='ltr'><strong>paucis</strong></span> <span class='ocrx_word' id='word_1_734' title='bbox 1569 5639 1690 5700; x_wconf 85' lang='lat' dir='ltr'><strong>post</strong></span> <span class='ocrx_word' id='word_1_735' title='bbox 1741 5627 1904 5684; x_wconf 81' lang='lat' dir='ltr'><strong>annis</strong></span> 
     </span>
    </p>
   </div>
   <div class='ocr_carea' id='block_1_103' title="bbox 327 5722 1592 5795">
    <p class='ocr_par' dir='ltr' id='par_1_103' title="bbox 327 5722 1592 5795">
     <span class='ocr_line' id='line_1_103' title="bbox 327 5722 1592 5795; baseline -0.002 -18"><span class='ocrx_word' id='word_1_736' title='bbox 327 5722 533 5783; x_wconf 47' lang='lat' dir='ltr'><strong>Joanne</strong></span> <span class='ocrx_word' id='word_1_737' title='bbox 553 5725 738 5783; x_wconf 72' lang='lat' dir='ltr'><strong>Alexii</strong></span> <span class='ocrx_word' id='word_1_738' title='bbox 769 5726 876 5780; x_wconf 84' lang='lat' dir='ltr'><strong>[ibo</strong></span> <span class='ocrx_word' id='word_1_739' title='bbox 920 5726 1224 5795; x_wconf 85' lang='lat' dir='ltr'><strong>imperante</strong></span> <span class='ocrx_word' id='word_1_740' title='bbox 1256 5723 1378 5780; x_wconf 83' lang='lat' dir='ltr'><strong>fatis</strong></span> <span class='ocrx_word' id='word_1_741' title='bbox 1406 5722 1592 5778; x_wconf 78' lang='lat' dir='ltr'><strong>cessit.</strong></span> 
     </span>
    </p>
   </div>
   <div class='ocr_carea' id='block_1_104' title="bbox 2020 4517 3605 4586">
    <p class='ocr_par' dir='ltr' id='par_1_104' title="bbox 2020 4517 3605 4586">
     <span class='ocr_line' id='line_1_104' title="bbox 2020 4517 3605 4586; baseline 0.005 -15"><span class='ocrx_word' id='word_1_742' title='bbox 2020 4527 2186 4572; x_wconf 88' lang='lat' dir='ltr'><strong>trum.</strong></span> <span class='ocrx_word' id='word_1_743' title='bbox 2236 4517 2456 4586; x_wconf 79' lang='lat' dir='ltr'><strong>Aliquot</strong></span> <span class='ocrx_word' id='word_1_744' title='bbox 2498 4518 2662 4572; x_wconf 77' lang='lat' dir='ltr'><strong>etiam</strong></span> <span class='ocrx_word' id='word_1_745' title='bbox 2716 4528 2980 4575; x_wconf 76' lang='lat' dir='ltr'><strong>tractatus</strong></span> <span class='ocrx_word' id='word_1_746' title='bbox 3035 4521 3302 4577; x_wconf 87' lang='lat' dir='ltr'><strong>hactenus</strong></span> <span class='ocrx_word' id='word_1_747' title='bbox 3366 4525 3605 4580; x_wconf 84' lang='lat' dir='ltr'><strong>incditos</strong></span> 
     </span>
    </p>
   </div>
   <div class='ocr_carea' id='block_1_105' title="bbox 2021 4606 3606 4680">
    <p class='ocr_par' dir='ltr' id='par_1_105' title="bbox 2021 4606 3606 4680">
     <span class='ocr_line' id='line_1_105' title="bbox 2021 4606 3606 4680; baseline 0.003 -19"><span class='ocrx_word' id='word_1_748' title='bbox 2021 4617 2272 4662; x_wconf 88' lang='lat' dir='ltr'><strong>recenset</strong></span> <span class='ocrx_word' id='word_1_749' title='bbox 2306 4606 2417 4664; x_wconf 86' lang='lat' dir='ltr'><strong>Leo</strong></span> <span class='ocrx_word' id='word_1_750' title='bbox 2452 4607 2681 4660; x_wconf 79' lang='lat' dir='ltr'><strong>Allatius</strong></span> <span class='ocrx_word' id='word_1_751' title='bbox 2708 4606 2788 4670; x_wconf 76' lang='lat' dir='ltr'><strong>De</strong></span> <span class='ocrx_word' id='word_1_752' title='bbox 2817 4625 3066 4663; x_wconf 83' lang='lat' dir='ltr'><strong>consensu</strong></span> <span class='ocrx_word' id='word_1_753' title='bbox 3103 4611 3378 4680; x_wconf 85' lang='lat' dir='ltr'><strong>utriusque</strong></span> <span class='ocrx_word' id='word_1_754' title='bbox 3427 4612 3606 4666; x_wconf 78' lang='lat' dir='ltr'><strong>Eccle-</strong></span> 
     </span>
    </p>
   </div>
   <div class='ocr_carea' id='block_1_106' title="bbox 2017 4699 3606 4772">
    <p class='ocr_par' dir='ltr' id='par_1_106' title="bbox 2017 4699 3606 4772">
     <span class='ocr_line' id='line_1_106' title="bbox 2017 4699 3606 4772; baseline 0.004 -18"><span class='ocrx_word' id='word_1_755' title='bbox 2017 4701 2134 4764; x_wconf 66' lang='lat' dir='ltr'><strong>siae,</strong></span> <span class='ocrx_word' id='word_1_756' title='bbox 2170 4699 2262 4754; x_wconf 89' lang='lat' dir='ltr'><strong>lib.</strong></span> <span class='ocrx_word' id='word_1_757' title='bbox 2287 4715 2346 4764; x_wconf 81' lang='grc' dir='ltr'><strong>ιι,</strong></span> <span class='ocrx_word' id='word_1_758' title='bbox 2379 4716 2500 4768; x_wconf 75' lang='lat' dir='ltr'><strong>i-ap.</strong></span> <span class='ocrx_word' id='word_1_759' title='bbox 2539 4699 2625 4765; x_wconf 87' lang='grc'><strong>18,</strong></span> <span class='ocrx_word' id='word_1_760' title='bbox 2655 4715 2870 4771; x_wconf 65' lang='lat' dir='ltr'><strong>par-agr.</strong></span> <span class='ocrx_word' id='word_1_761' title='bbox 2900 4700 2988 4765; x_wconf 80' lang='lat' dir='ltr'><strong>l7,</strong></span> <span class='ocrx_word' id='word_1_762' title='bbox 3031 4717 3230 4772; x_wconf 89' lang='lat' dir='ltr'><strong>nempe</strong></span> <span class='ocrx_word' id='word_1_763' title='bbox 3260 4702 3473 4756; x_wconf 85' lang='lat' dir='ltr'><strong>Librum</strong></span> <span class='ocrx_word' id='word_1_764' title='bbox 3533 4707 3606 4761; x_wconf 80' lang='lat' dir='ltr'><strong>ad</strong></span> 
     </span>
    </p>
   </div>
   <div class='ocr_carea' id='block_1_107' title="bbox 2020 4792 3604 4864">
    <p class='ocr_par' dir='ltr' id='par_1_107' title="bbox 2020 4792 3604 4864">
     <span class='ocr_line' id='line_1_107' title="bbox 2020 4792 3604 4864; baseline 0.003 -18"><span class='ocrx_word' id='word_1_765' title='bbox 2020 4792 2317 4851; x_wconf 76' lang='lat' dir='ltr'><strong>Maximum</strong></span> <span class='ocrx_word' id='word_1_766' title='bbox 2347 4792 2662 4846; x_wconf 61' lang='lat' dir='ltr'><strong>Sereniotem</strong></span> <span class='ocrx_word' id='word_1_767' title='bbox 2700 4793 2765 4846; x_wconf 88' lang='lat' dir='ltr'><strong>de</strong></span> <span class='ocrx_word' id='word_1_768' title='bbox 2797 4795 3123 4862; x_wconf 86' lang='lat' dir='ltr'><strong>pracessione</strong></span> <span class='ocrx_word' id='word_1_769' title='bbox 3184 4795 3425 4864; x_wconf 82' lang='lat' dir='ltr'><strong>Spiritus</strong></span> <span class='ocrx_word' id='word_1_770' title='bbox 3477 4814 3604 4850; x_wconf 87' lang='lat' dir='ltr'><strong>san-</strong></span> 
     </span>
    </p>
   </div>
   <div class='ocr_carea' id='block_1_108' title="bbox 2017 4884 3599 4958">
    <p class='ocr_par' dir='ltr' id='par_1_108' title="bbox 2017 4884 3599 4958">
     <span class='ocr_line' id='line_1_108' title="bbox 2017 4884 3599 4958; baseline 0.004 -22"><span class='ocrx_word' id='word_1_771' title='bbox 2017 4885 2108 4946; x_wconf 87' lang='lat' dir='ltr'><strong>cti,</strong></span> <span class='ocrx_word' id='word_1_772' title='bbox 2135 4884 2296 4951; x_wconf 90' lang='lat' dir='ltr'><strong>cujus</strong></span> <span class='ocrx_word' id='word_1_773' title='bbox 2330 4884 2692 4952; x_wconf 82' lang='lat' dir='ltr'><strong>fragmentum</strong></span> <span class='ocrx_word' id='word_1_774' title='bbox 2721 4884 2888 4940; x_wconf 83' lang='lat' dir='ltr'><strong>habet</strong></span> <span class='ocrx_word' id='word_1_775' title='bbox 2911 4885 3114 4939; x_wconf 87' lang='lat' dir='ltr'><strong>ibidem</strong></span> <span class='ocrx_word' id='word_1_776' title='bbox 3151 4885 3245 4940; x_wconf 86' lang='lat' dir='ltr'><strong>lib.</strong></span> <span class='ocrx_word' id='word_1_777' title='bbox 3284 4903 3367 4950; x_wconf 87' lang='lat' dir='ltr'><strong>ttt,</strong></span> <span class='ocrx_word' id='word_1_778' title='bbox 3394 4904 3512 4958; x_wconf 84' lang='lat' dir='ltr'><strong>cap.</strong></span> <span class='ocrx_word' id='word_1_779' title='bbox 3542 4889 3599 4958; x_wconf 76' lang='grc'><strong>2,</strong></span> 
     </span>
    </p>
   </div>
   <div class='ocr_carea' id='block_1_109' title="bbox 2019 4977 3598 5050">
    <p class='ocr_par' dir='ltr' id='par_1_109' title="bbox 2019 4977 3598 5050">
     <span class='ocr_line' id='line_1_109' title="bbox 2019 4977 3598 5050; baseline 0.001 -17"><span class='ocrx_word' id='word_1_780' title='bbox 2019 4979 2047 5048; x_wconf 81' lang='lat'><strong>§</strong></span> <span class='ocrx_word' id='word_1_781' title='bbox 2085 4980 2138 5033; x_wconf 81' lang='grc'><strong>5.</strong></span> <span class='ocrx_word' id='word_1_782' title='bbox 2173 4978 2253 5032; x_wconf 83' lang='lat' dir='ltr'><strong>Ad</strong></span> <span class='ocrx_word' id='word_1_783' title='bbox 2299 4977 2560 5040; x_wconf 72' lang='lat' dir='ltr'><strong>euindem,</strong></span> <span class='ocrx_word' id='word_1_784' title='bbox 2610 4996 2680 5033; x_wconf 87' lang='lat' dir='ltr'><strong>an</strong></span> <span class='ocrx_word' id='word_1_785' title='bbox 2723 4978 2964 5034; x_wconf 65' lang='lat' dir='ltr'><strong>Christus</strong></span> <span class='ocrx_word' id='word_1_786' title='bbox 3019 4997 3206 5050; x_wconf 75' lang='lat' dir='ltr'><strong>azyma</strong></span> <span class='ocrx_word' id='word_1_787' title='bbox 3253 4981 3307 5034; x_wconf 88' lang='lat' dir='ltr'><strong>in</strong></span> <span class='ocrx_word' id='word_1_788' title='bbox 3353 4997 3598 5050; x_wconf 79' lang='lat' dir='ltr'><strong>suprema</strong></span> 
     </span>
    </p>
   </div>
   <div class='ocr_carea' id='block_1_110' title="bbox 2014 5071 3595 5128">
    <p class='ocr_par' dir='ltr' id='par_1_110' title="bbox 2014 5071 3595 5128">
     <span class='ocr_line' id='line_1_110' title="bbox 2014 5071 3595 5128; baseline 0.004 -6"><span class='ocrx_word' id='word_1_789' title='bbox 2014 5085 2161 5127; x_wconf 70' lang='lat' dir='ltr'><strong>omna</strong></span> <span class='ocrx_word' id='word_1_790' title='bbox 2222 5086 2347 5124; x_wconf 84' lang='lat' dir='ltr'><strong>usus</strong></span> <span class='ocrx_word' id='word_1_791' title='bbox 2398 5071 2491 5124; x_wconf 87' lang='lat' dir='ltr'><strong>sit.</strong></span> <span class='ocrx_word' id='word_1_792' title='bbox 2530 5071 2608 5124; x_wconf 88' lang='lat' dir='ltr'><strong>Ad</strong></span> <span class='ocrx_word' id='word_1_793' title='bbox 2649 5071 2856 5124; x_wconf 86' lang='lat' dir='ltr'><strong>Isaiam</strong></span> <span class='ocrx_word' id='word_1_794' title='bbox 2920 5075 3235 5126; x_wconf 74' lang='lat' dir='ltr'><strong>monachum</strong></span> <span class='ocrx_word' id='word_1_795' title='bbox 3284 5075 3347 5128; x_wconf 85' lang='lat' dir='ltr'><strong>de</strong></span> <span class='ocrx_word' id='word_1_796' title='bbox 3389 5077 3595 5128; x_wconf 50' lang='lat' dir='ltr'><strong>anima.</strong></span> 
     </span>
    </p>
   </div>
   <div class='ocr_carea' id='block_1_111' title="bbox 2012 5163 3597 5233">
    <p class='ocr_par' dir='ltr' id='par_1_111' title="bbox 2012 5163 3597 5233">
     <span class='ocr_line' id='line_1_111' title="bbox 2012 5163 3597 5233; baseline 0.004 -17"><span class='ocrx_word' id='word_1_797' title='bbox 2012 5163 2106 5217; x_wconf 87' lang='lat' dir='ltr'><strong>bus</strong></span> <span class='ocrx_word' id='word_1_798' title='bbox 2134 5181 2167 5217; x_wconf 92' lang='lat' dir='ltr'><strong>a</strong></span> <span class='ocrx_word' id='word_1_799' title='bbox 2195 5181 2413 5232; x_wconf 87' lang='lat' dir='ltr'><strong>corpore</strong></span> <span class='ocrx_word' id='word_1_800' title='bbox 2445 5167 2734 5233; x_wconf 79' lang='lat' dir='ltr'><strong>separatis.</strong></span> <span class='ocrx_word' id='word_1_801' title='bbox 2774 5165 2976 5220; x_wconf 76' lang='lat' dir='ltr'><strong>Verum</strong></span> <span class='ocrx_word' id='word_1_802' title='bbox 3011 5167 3062 5220; x_wconf 92' lang='lat' dir='ltr'><strong>bi</strong></span> <span class='ocrx_word' id='word_1_803' title='bbox 3102 5182 3297 5223; x_wconf 87' lang='lat' dir='ltr'><strong>omnes</strong></span> <span class='ocrx_word' id='word_1_804' title='bbox 3332 5177 3597 5223; x_wconf 81' lang='lat' dir='ltr'><strong>tractatus</strong></span> 
     </span>
    </p>
   </div>
   <div class='ocr_carea' id='block_1_112' title="bbox 2015 5248 3678 5329">
    <p class='ocr_par' dir='ltr' id='par_1_112' title="bbox 2015 5248 3678 5329">
     <span class='ocr_line' id='line_1_112' title="bbox 2015 5248 3678 5329; baseline 0.005 -20"><span class='ocrx_word' id='word_1_805' title='bbox 2015 5255 2092 5310; x_wconf 90' lang='lat' dir='ltr'><strong>nil</strong></span> <span class='ocrx_word' id='word_1_806' title='bbox 2117 5255 2262 5309; x_wconf 72' lang='lat' dir='ltr'><strong>aliud</strong></span> <span class='ocrx_word' id='word_1_807' title='bbox 2290 5255 2422 5309; x_wconf 88' lang='lat' dir='ltr'><strong>mihi</strong></span> <span class='ocrx_word' id='word_1_808' title='bbox 2447 5272 2568 5311; x_wconf 84' lang='lat' dir='ltr'><strong>esse</strong></span> <span class='ocrx_word' id='word_1_809' title='bbox 2597 5257 2869 5324; x_wconf 87' lang='lat' dir='ltr'><strong>videntur,</strong></span> <span class='ocrx_word' id='word_1_810' title='bbox 2904 5275 3064 5329; x_wconf 90' lang='lat' dir='ltr'><strong>quam</strong></span> <span class='ocrx_word' id='word_1_811' title='bbox 3088 5261 3334 5329; x_wconf 66' lang='lat' dir='ltr'><strong>epistolae</strong></span> <span class='ocrx_word' id='word_1_812' title='bbox 3359 5258 3597 5316; x_wconf 73' lang='lat' dir='ltr'><strong>lliichau~</strong></span> <span class='ocrx_word' id='word_1_813' title='bbox 3667 5248 3678 5259; x_wconf 72' lang='grc'><strong>’</strong></span> 
     </span>
    </p>
   </div>
   <div class='ocr_carea' id='block_1_113' title="bbox 2013 5346 3594 5422">
    <p class='ocr_par' dir='ltr' id='par_1_113' title="bbox 2013 5346 3594 5422">
     <span class='ocr_line' id='line_1_113' title="bbox 2013 5346 3594 5422; baseline 0.002 -23"><span class='ocrx_word' id='word_1_814' title='bbox 2013 5347 2079 5400; x_wconf 87' lang='lat' dir='ltr'><strong>lis</strong></span> <span class='ocrx_word' id='word_1_815' title='bbox 2112 5346 2312 5417; x_wconf 69' lang='lat' dir='ltr'><strong>Glycas,</strong></span> <span class='ocrx_word' id='word_1_816' title='bbox 2345 5348 2618 5417; x_wconf 88' lang='lat' dir='ltr'><strong>inquibus</strong></span> <span class='ocrx_word' id='word_1_817' title='bbox 2655 5349 2954 5419; x_wconf 78' lang='lat' dir='ltr'><strong>Scriptura:</strong></span> <span class='ocrx_word' id='word_1_818' title='bbox 2981 5350 3095 5406; x_wconf 85' lang='lat' dir='ltr'><strong>loca</strong></span> <span class='ocrx_word' id='word_1_819' title='bbox 3119 5353 3340 5422; x_wconf 88' lang='lat' dir='ltr'><strong>quidem</strong></span> <span class='ocrx_word' id='word_1_820' title='bbox 3362 5351 3594 5411; x_wconf 75' lang='lat' dir='ltr'><strong>obscura</strong></span> 
     </span>
    </p>
   </div>
   <div class='ocr_carea' id='block_1_114' title="bbox 2014 5439 3593 5514">
    <p class='ocr_par' dir='ltr' id='par_1_114' title="bbox 2014 5439 3593 5514">
     <span class='ocr_line' id='line_1_114' title="bbox 2014 5439 3593 5514; baseline 0.003 -20"><span class='ocrx_word' id='word_1_821' title='bbox 2014 5439 2098 5495; x_wconf 88' lang='lat' dir='ltr'><strong>vel</strong></span> <span class='ocrx_word' id='word_1_822' title='bbox 2131 5453 2489 5496; x_wconf 87' lang='lat' dir='ltr'><strong>controversa</strong></span> <span class='ocrx_word' id='word_1_823' title='bbox 2548 5442 2809 5513; x_wconf 78' lang='lat' dir='ltr'><strong>explicat.</strong></span> <span class='ocrx_word' id='word_1_824' title='bbox 2861 5442 3092 5514; x_wconf 87' lang='lat' dir='ltr'><strong>Scripsit</strong></span> <span class='ocrx_word' id='word_1_825' title='bbox 3125 5446 3271 5499; x_wconf 89' lang='lat' dir='ltr'><strong>enim</strong></span> <span class='ocrx_word' id='word_1_826' title='bbox 3329 5441 3593 5513; x_wconf 73' lang='lat' dir='ltr'><strong>epistolas</strong></span> 
     </span>
    </p>
   </div>
   <div class='ocr_carea' id='block_1_115' title="bbox 2013 5532 3593 5607">
    <p class='ocr_par' dir='ltr' id='par_1_115' title="bbox 2013 5532 3593 5607">
     <span class='ocr_line' id='line_1_115' title="bbox 2013 5532 3593 5607; baseline 0.004 -21"><span class='ocrx_word' id='word_1_827' title='bbox 2013 5532 2221 5603; x_wconf 87' lang='lat' dir='ltr'><strong>plures,</strong></span> <span class='ocrx_word' id='word_1_828' title='bbox 2251 5536 2538 5604; x_wconf 80' lang='lat' dir='ltr'><strong>exquibus</strong></span> <span class='ocrx_word' id='word_1_829' title='bbox 2565 5535 2795 5604; x_wconf 85' lang='lat' dir='ltr'><strong>plurima</strong></span> <span class='ocrx_word' id='word_1_830' title='bbox 2827 5535 3154 5607; x_wconf 78' lang='lat' dir='ltr'><strong>fragmenta,</strong></span> <span class='ocrx_word' id='word_1_831' title='bbox 3213 5551 3314 5592; x_wconf 85' lang='lat' dir='ltr'><strong>nec</strong></span> <span class='ocrx_word' id='word_1_832' title='bbox 3340 5545 3593 5593; x_wconf 68' lang='lat' dir='ltr'><strong>eontemr</strong></span> 
     </span>
    </p>
   </div>
   <div class='ocr_carea' id='block_1_116' title="bbox 2011 5625 3593 5698">
    <p class='ocr_par' dir='ltr' id='par_1_116' title="bbox 2011 5625 3593 5698">
     <span class='ocr_line' id='line_1_116' title="bbox 2011 5625 3593 5698; baseline 0.001 -18"><span class='ocrx_word' id='word_1_833' title='bbox 2011 5626 2187 5680; x_wconf 82' lang='lat' dir='ltr'><strong>nenda</strong></span> <span class='ocrx_word' id='word_1_834' title='bbox 2209 5626 2574 5695; x_wconf 86' lang='lat' dir='ltr'><strong>quidcm,non</strong></span> <span class='ocrx_word' id='word_1_835' title='bbox 2615 5627 2794 5680; x_wconf 88' lang='lat' dir='ltr'><strong>unoin</strong></span> <span class='ocrx_word' id='word_1_836' title='bbox 2827 5627 2946 5682; x_wconf 90' lang='lat' dir='ltr'><strong>loco</strong></span> <span class='ocrx_word' id='word_1_837' title='bbox 2973 5627 3193 5682; x_wconf 76' lang='lat' dir='ltr'><strong>adducit</strong></span> <span class='ocrx_word' id='word_1_838' title='bbox 3215 5625 3324 5681; x_wconf 88' lang='lat' dir='ltr'><strong>Leo</strong></span> <span class='ocrx_word' id='word_1_839' title='bbox 3341 5625 3593 5698; x_wconf 70' lang='lat' dir='ltr'><strong>Allatius,</strong></span> 
     </span>
    </p>
   </div>
   <div class='ocr_carea' id='block_1_117' title="bbox 2013 5714 3584 5788">
    <p class='ocr_par' dir='ltr' id='par_1_117' title="bbox 2013 5714 3584 5788">
     <span class='ocr_line' id='line_1_117' title="bbox 2013 5714 3584 5788; baseline -0.001 -17"><span class='ocrx_word' id='word_1_840' title='bbox 2013 5720 2064 5772; x_wconf 88' lang='lat' dir='ltr'><strong>in</strong></span> <span class='ocrx_word' id='word_1_841' title='bbox 2101 5732 2262 5788; x_wconf 81' lang='lat' dir='ltr'><strong>opcrc</strong></span> <span class='ocrx_word' id='word_1_842' title='bbox 2290 5717 2364 5771; x_wconf 76' lang='lat' dir='ltr'><strong>Dc</strong></span> <span class='ocrx_word' id='word_1_843' title='bbox 2393 5733 2639 5771; x_wconf 69' lang='lat' dir='ltr'><strong>consensu</strong></span> <span class='ocrx_word' id='word_1_844' title='bbox 2671 5717 2944 5787; x_wconf 81' lang='lat' dir='ltr'><strong>utriusque</strong></span> <span class='ocrx_word' id='word_1_845' title='bbox 2983 5714 3230 5769; x_wconf 71' lang='lat' dir='ltr'><strong>Ecclesia:</strong></span> <span class='ocrx_word' id='word_1_846' title='bbox 3270 5714 3584 5783; x_wconf 58' lang='lat' dir='ltr'><strong>Occidentis:</strong></span> 
     </span>
    </p>
   </div>
  </div>
