3968 6228
310 369 479 411 υττιι

1105 357 1648 419 EPISTOLARUM
1700 355 2074 416 llECENSlO
2118 357 2216 416 EX
2258 356 2420 417 COD.
2466 358 2746 421 CzﬂSAR.

3383 368 3477 405 πυ
3495 366 3553 402 iv,

304 474 447 528 κατά
503 488 649 526 τινα-ν.
678 470 843 524 τόπον
887 471 1327 541 ἀναπαυόμεναι,
1375 471 1435 524 οὐ
1474 469 1686 523 δέονται
1713 458 1875 521 αὐτο·
1906 478 1946 529 Α
1983 485 2057 526 σι.
2096 470 2191 521 καὶ
2238 467 2324 521 διὰ
2370 468 2586 521 πάντων
2618 468 2647 520 6
2677 466 2925 532 διάϐολός
2961 466 3084 520 ἐστι
3119 466 3447 537 πρωταίτιος
3491 467 3549 517 ἐν

306 563 621 634 προσώπως
670 562 813 630 ὑπὲρ
851 562 1008 632 ἡμῶν
1042 562 1118 632 τῷ
1172 561 1397 633 Χριστῷ
1442 560 1869 632 παριστάμεναι,

306 658 427 710 οὐτε
456 658 570 719 τοῖς
618 654 853 709 ἐνταῦθα
906 656 1045 718 ὅλως
1092 655 1436 721 ἐφίστανται,
1481 652 1737 722 καὶπερὶ
1771 652 1874 721 ψυ-

308 749 427 817 χῆς.
449 747 515 798 οι
538 746 871 807 ἀπελθόντες
888 744 1058 812 ἅγιοι,
1077 743 1263 807 καθὼς
1284 742 1645 814 ἐδιδάχθημεν
1664 741 1740 812 (1)
1764 751 1870 796 etc.

320 839 575 893 Vicesima
611 854 630 892 :
663 837 754 908 Τῷ
804 838 1122 909 τιμιωτάτῳ
1174 836 1392 907 μοναχῷ
1446 834 1601 907 κυρῷ
1639 834 1877 903 Ἀλυπίῳ

309 931 384 1001 τῷ
419 931 728 998 ἐγκλείστῳ
785 934 915 998 περὶ
968 927 1062 982 τοῦ
1119 928 1237 993 πῶς
1297 928 1332 999 ὴ
1387 928 1717 996 μετάστασις
1774 925 1874 997 τῆς

318 1021 709 1091 ’Λειπαρθένου
770 1022 984 1090 γέγονε,
1051 1021 1146 1076 καὶ
1213 1022 1261 1073 εί
1322 1019 1538 1091 ἀληθῶς
1599 1021 1660 1073 ἐκ
1702 1019 1874 1087 τάφου

305 1114 609 1183 ἐγήγερται
650 1113 796 1165 κατά
855 1113 955 1182 τὴν
1010 1114 1076 1165 ἐκ
1126 1112 1339 1183 νεκρῶν
1391 1110 1485 1165 τοῦ
1542 1111 1747 1180 Κυρίου
1780 1112 1875 1163 καὶ

305 1203 559 1271 Σωτῆρος
592 1201 751 1271 ἡμῶν
781 1203 1019 1275 ἔγερσιν.
1053 1204 1191 1271 Περὶ
1218 1203 1275 1255 δέ
1305 1204 1415 1256 τῶν
1448 1203 1875 1273 συμϐεϐηκότων

300 1301 365 1365 τῇ
409 1294 785 1364 ’Δειπαρθένῳ
838 1294 930 1346 ’τοῦ
984 1294 1191 1362 Κυρίου
1250 1294 1435 1363 Μητρὶ
1479 1292 1626 1347 κατά
1662 1309 1725 1361 τε
1776 1292 1874 1362 τὴν

301 1386 475 1453 αὐτῆς
506 1385 770 1453 κοίμησιν
794 1392 903 1438 etc.
948 1384 1199 1438 Vicesima
1240 1385 1415 1454 prima
1452 1400 1469 1437 :
1505 1383 1595 1453 Τῷ
1641 1384 1873 1453 μεγαλο-

300 1475 579 1544 δοξοτάτῳ
646 1475 872 1542 μεγάλῳ
930 1474 1262 1545 ἐταιριάρχῃ
1314 1472 1467 1543 κυρῷ
1521 1474 1744 1545 Ἰωάννῃ
1797 1474 1877 1543 τῷ

306 1567 503 1619 Δουκί.
542 1565 603 1618 Et
633 1568 659 1617 6
686 1566 920 1636 Χριστὸς
968 1565 1066 1635 τὴν
1095 1565 1191 1616 ἐπὶ
1230 1563 1437 1617 δώδεκα
1471 1564 1677 1633 θρόνων
1710 1564 1876 1617 καθέ-

297 1659 440 1728 δραν
475 1658 749 1727 ὑπέσχετο
779 1657 961 1710 δοῦναι
1010 1660 1122 1719 τοῖς
1173 1657 1464 1726 μαθηταῖς,
1500 1656 1879 1727 συμπαρόντος

296 1751 493 1813 αὐτοῖς
531 1750 751 1803 καὶτοῦ
782 1749 1045 1818 προδότου
1084 1748 1292 1812 Ἰούδας
1326 1748 1555 1819 Μήποτε
1584 1746 1646 1799 τὸ
1684 1746 1878 1815 μέλλον

295 1843 584 1911 Invenere;
641 1842 760 1892 Κάν
809 1840 985 1910 τούτῳ
1033 1839 1443 1910 διαπορουμένῃ
1500 1840 1567 1908 τῇ
1626 1837 1876 1906 εὐγενείᾳ

298 1951 400 1985 σου
432 1943 545 1988 etc.
628 1931 885 1985 Vicesima
921 1932 1149 1985 secunda
1185 1946 1203 1983 :
1242 1930 1332 2000 Τῷ
1364 1932 1681 1998 τιμιωτάτῳ
1715 1947 1878 1998 μονα-

293 2024 378 2095 χῷ
423 2025 523 2077 καὶ
567 2023 875 2092 δομεστίκῳ
918 2022 1072 2092 κυρῷ
1120 2020 1339 2091 Ἡσαΐᾳ.
1374 2020 1437 2073 El
1488 2025 1628 2074 κατά
1665 2020 1725 2072 τὸ
1752 2020 1878 2089 ὡρι-

299 2115 535 2181 σμένον,
572 2115 647 2177 ὡς
683 2115 1024 2182 γέγραπται,
1059 2112 1195 2181 πρὸς
1224 2112 1286 2165 τὸ
1321 2113 1492 2175 πάθος
1524 2112 1663 2165 ἑκὼν
1684 2112 1878 2182 ἐλήλυ-

300 2208 399 2260 θεν
436 2207 465 2258 6
505 2207 743 2275 Χριστὸς
774 2206 863 2259 διὰ
892 2206 992 2274 τὴν
1030 2205 1123 2257 τοῦ
1157 2205 1365 2273 κόσμου
1399 2204 1701 2273 σωτηρίαν,
1733 2204 1879 2265 τίνος

297 2296 498 2349 ἕνεκεν
539 2298 844 2364 ἀγανακτεῖ
884 2295 1028 2349 κατά
1077 2296 1185 2348 τῶν
1224 2295 1659 2363 σταυρωσάντων
1691 2293 1876 2356 αὐτὸν,

297 2390 397 2441 καὶ
433 2388 524 2444 διά
569 2392 622 2441 τί
664 2388 761 2441 τοῦ
800 2389 1013 2457 Πατρὶς
1056 2389 1260 2453 δέεται,
1307 2388 1518 2456 λέγων·
1558 2406 1576 2439 ι
1619 2387 1881 2457 ’Δνάστη-

300 2481 403 2533 σόν
437 2496 532 2549 με,
569 2480 664 2532 καὶ
695 2480 1061 2532 ἀνταποδώσω
1090 2480 1297 2543 αὐτοῖς.
1336 2497 1354 2530 ι
1396 2480 1515 2532 Ὀτι
1549 2479 1649 2549 μὲν
1684 2478 1778 2532 οὖν
1808 2476 1879 2529 δι’

292 2573 456 2641 ἡμᾶς
488 2574 515 2625 6
548 2571 681 2634 Θεὸς
717 2572 889 2639 Λόγος
922 2572 1211 2643 ἅνθρωπος
1244 2571 1434 2639 γέγονε
1468 2579 1577 2626 etc.
1620 2570 1877 2625 Vicesima

296 2666 463 2718 tertia
520 2680 539 2717 :
589 2665 681 2733 Τῷ
733 2664 1051 2734 τιμιωτάτῳ
1101 2663 1253 2734 κυρῷ
1290 2664 1511 2733 μοναχῷ
1574 2664 1879 2735 Ὀνουφρίῳ

292 2756 438 2822 περὶ
481 2752 579 2807 τοῦ
610 2753 664 2805 τί
712 2758 819 2824 χρὴ
877 2755 971 2806 καὶ
1000 2753 1184 2820 λέγειν
1215 2753 1307 2804 ἐπὶ
1353 2752 1461 2806 τῶν
1499 2751 1746 2805 ἀπίστων
1779 2753 1880 2822 μὲν

290 2846 495 2909 ὄντων,
533 2847 923 2915 πορευομένων
948 2846 1001 2898 δὲ
1031 2846 1177 2914 ὅμως
1209 2844 1332 2897 κατ’
1366 2846 1606 2915 ἐντολήν.
1645 2843 1703 2898 '0
1736 2844 1880 2907 θεῖος

305 2938 677 2998 Ἀκαστάσιος
711 2953 777 2988 πε
792 2941 844 3006 pi.
874 2938 1067 2989 τούτου
1100 2938 1197 2991 καὶ
1229 2937 1355 2990 τάδε
1382 2937 1549 3005 φησὶν
1583 2944 1690 2992 etc.
1732 2935 1881 2990 Vice-

289 3032 436 3084 sima
483 3039 727 3099 quarta:
790 3029 879 3099 Τῴ
925 3030 1242 3095 οἰκειοτάτῳ)
1295 3028 1570 3102 ἀνθρώπῳ
1609 3028 1704 3083 τοῦ
1747 3046 1884 3099 κρα-

287 3121 458 3174 ταιοῦ
493 3123 589 3173 καὶ
622 3121 780 3187 ἁγίου
808 3120 960 3189 ὑμῶν
988 3120 1247 3174 αὐθέντου
1281 3123 1375 3173 καὶ
1402 3120 1689 3191 βασιλέως,
1726 3120 1879 3191 κυρῷ
1905 3163 1947 3220 c

290 3216 614 3286 Νικηφόρῳ
677 3215 753 3285 τῷ
802 3216 1047 3287 Σιναῖτῃ,
1122 3216 1184 3267 El
1237 3214 1345 3285 χρὴ
1406 3215 1701 3284 προσέχειν
1763 3215 1876 3276 τοῖς

290 3311 558 3378 λέγουσιν
591 3312 673 3362 ὅτι
723 3312 785 3363 τὸ
839 3310 1041 3364 διδόναι
1088 3311 1197 3364 τῶν
1236 3310 1441 3362 λοιπῶν
1486 3309 1744 3362 εὐποιιῶν
1784 3310 1879 3363 καὶ

292 3402 638 3473 προσφορῶν
694 3404 964 3471 κρεῖττον,
1026 3404 1122 3455 καὶ
1171 3403 1255 3454 ὅτι
1314 3402 1441 3463 τούς
1501 3398 1877 3471 ἐλεημοσύνην

295 3493 601 3553 ποιοῦντας
625 3492 686 3544 οὐ
720 3493 827 3563 χρὴ
869 3491 1011 3545 κατά
1042 3508 1095 3544 τι
1132 3489 1601 3562 παρατηρεῖσθαι,
1627 3491 1702 3552 ὡς
1731 3490 1878 3541 ἐκεῖ·

294 3588 380 3637 νοί
410 3603 575 3653 φασι.
605 3586 665 3639 El
696 3584 751 3637 δὲ
787 3585 901 3648 καὶ,
940 3584 1110 3636 Παντὶ
1132 3583 1209 3653 τῷ
1234 3583 1476 3637 αἰτοῦντί
1505 3599 1561 3634 σε
1592 3582 1735 3635 δίδου
1766 3590 1872 3636 etc.

298 3680 561 3732 Vicesima
595 3680 778 3749 quinta
809 3694 825 3730 :
855 3677 943 3746 Τῷ
976 3676 1144 3745 αὐτᾷ.
1187 3676 1310 3728 Ἐτι
1349 3677 1441 3728 καὶ
1472 3674 1629 3728 τοῦτο
1660 3674 1876 3744 ἠπόρη-

292 3791 411 3836 ται,
452 3772 499 3822 εί
532 3771 599 3821 τά
633 3769 775 3838 μετά
806 3767 903 3837 τὴν
934 3767 1297 3820 δωδεκαετίαν
1337 3766 1535 3818 αὐτίκα
1560 3764 1691 3833 παρ’
1717 3764 1876 3833 ἡμῶν

294 3860 782 3931 πλημμελούμενα
822 3860 902 3921 είς
959 3860 1145 3930 κρίσιν
1202 3857 1556 3928 ἀχθήσονται.
1611 3857 1733 3908 Ὅτι
1777 3854 1877 3924 μὲν

292 3953 390 4008 οὖν
436 3954 465 4005 6
524 3952 790 4022 ἡμέτερος
838 3948 963 4013 νοῦς
1022 3948 1162 4019 μετά
1212 3949 1310 4017 τὴν
1366 3944 1735 4000 δωδεκαετίαν
1765 3954 1872 3998 etc.

295 4045 565 4099 l’iccsima
588 4053 734 4096 sexta
764 4057 780 4094 :
818 4041 907 4110 Τῷ
929 4041 1110 4108 αὐτῷ.
1137 4040 1258 4092 Ἔτι
1293 4041 1382 4091 καὶ
1414 4036 1573 4089 τοῦτο
1602 4036 1876 4105 ἠπόρηται

292 4141 432 4207 περὶ
472 4136 581 4187 τῶν
611 4134 880 4201 γιγάντων
930 4133 1195 4197 ἐκείνων,
1233 4130 1341 4183 εἴτε
1396 4132 1555 4196 μόνον
1601 4127 1879 4191 εὐσθενεῖς

292 4232 573 4299 ὑπῆρχον,
612 4226 723 4278 είτε
756 4226 1113 4294 ὑπερμεγέθη
1162 4222 1389 4291 σώματα
1422 4221 1637 4291 ἔφερον.
1679 4220 1738 4273 '0
1776 4219 1875 4288 μὲν

291 4318 388 4373 οὖν
421 4320 700 4381 θειότατος
755 4316 1048 4387 Κύριλλος,
1092 4318 1187 4369 καὶ
1237 4315 1337 4383 τὴν
1390 4314 1449 4377 ἐξ
1503 4312 1682 4383 ἀρχῆς
1708 4312 1879 4381 αὐτῆς

292 4413 407 4464 τῶν
475 4410 752 4477 γιγάντων
806 4407 1031 4460 ἐκείνων
1082 4405 1412 4475 ἀναγράφων
1478 4404 1718 4471 γένεσιν,
1752 4410 1872 4458 etc.

1974 560 2109 629 ἡμῖν
2140 559 2248 613 τῶν
2294 559 2505 614 κακῶν.
2543 560 2663 614 Ὀτι
2702 560 2801 629 μὲν
2842 555 2960 627 οὗν,
2991 557 3293 630 ἡγιασμένε
3324 558 3565 628 μοιῐιάιη

1977 667 2095 722 τερ,
2133 651 2369 722 σπορεύς
2417 653 2518 721 τῆς
2569 652 2768 715 κακίας
2795 661 2904 709 etc.
2967 652 3253 706 Tricesima
3286 667 3305 705 :
3339 649 3428 720 Τῷ
3455 650 3555 702 αὐ-

1976 742 2078 813 τῷ,
2113 743 2259 806 τίνος
2307 745 2496 798 ἕνεκεν
2539 746 2566 797 6
2607 745 2861 816 Χριστὸς,
2936 744 3032 797 καὶ
3063 746 3153 799 διά
3203 744 3256 797 τί
3302 744 3452 813 παρά
3482 745 3548 813 τῇ

1978 836 2172 909 Γραφῇ
2200 835 2346 901 λίθος
2378 838 2624 891 καλεῖται
2652 840 2748 892 καὶ
2786 840 3096 910 μάργαρος.
3130 838 3243 893 Καὶ
3270 837 3420 899 λίθος
3453 837 3553 905 μὲν

1976 928 2166 991 ἁπλῶς
2229 927 2373 981 οὐτω
2422 930 2668 984 καλεῖται
2701 939 2810 986 etc.
2873 929 3155 986 Triccsima
3209 931 3380 1000 prima
3417 927 3554 995 ετῷ

1978 1015 2151 1081 αὐτῷ.
2189 1015 2271 1068 Τά
2304 1016 2360 1069 δὲ
2396 1017 2541 1071 κατά
2596 1019 2685 1073 τὸν
2720 1018 3031 1090 ἀδάμαντα,
3075 1020 3190 1084 πῶς
3224 1008 3587 1089 ἐκλγμττέονδ

1983 1106 2139 1159 Ἐστι
2176 1108 2270 1161 καὶ
2319 1108 2465 1171 λίθος
2498 1110 2715 1175 ἀδάμας
2747 1111 2889 1165 οὕτω
2924 1112 3259 1183 καλούμενος
3290 1122 3396 1167 etc.
3434 1112 3554 1166 Tri—

1979 1197 2172 1251 ccsima
2221 1201 2450 1253 secunda
2479 1217 2496 1255 :
2525 1201 2615 1271 Τῷ
2646 1203 2816 1272 αὐτῷ.
2853 1203 2919 1255 Τί
2961 1204 3005 1257 δ’
3047 1204 3112 1258 άν
3155 1222 3239 1269 τις
3285 1206 3417 1275 είπῃ
3461 1204 3555 1256 καὶ

1980 1287 2107 1354 περὶ
2147 1288 2247 1358 τῆς
2284 1292 2653 1359 μαγνήτιδος;
2703 1294 2847 1363 Ὅρα
2904 1298 2997 1348 καὶ
3043 1296 3231 1364 ἕτερόν
3275 1313 3330 1348 τι
3371 1296 3554 1366 παράο

1979 1380 2130 1444 δοξον
2176 1390 2283 1434 etc.
2320 1380 2601 1437 Tricesima
2640 1387 2793 1439 tertia
2831 1387 2969 1457 εΤῷ
3009 1388 3180 1457 αὐτῷ.
3219 1388 3284 1441 Τί
3330 1388 3435 1457 χρὴ
3464 1388 3557 1439 λέ-

1982 1488 2102 1537 γειν
2132 1469 2230 1540 τὴν
2264 1471 2356 1525 τοῦ
2392 1473 2601 1542 Κυρίου
2637 1476 2894 1543 γενέσθαι
2930 1479 3217 1549 σύλληψιν.
3265 1481 3374 1533 Καὶ
3396 1478 3557 1530 τοῦτο

1984 1562 2122 1628 μετὰ
2158 1562 2265 1615 τῶν
2298 1563 2470 1616 ἀλλων
2502 1566 2701 1620 εἰδέναι
2722 1584 2780 1620 σε
2812 1570 2941 1639 χρὴ,
2970 1570 3238 1623 θεοείκελα
3266 1570 3420 1639 ἄνερ,
3444 1579 3554 1624 etc.

1983 1651 2263 1706 Triccsr'ma
2288 1664 2483 1723 quarta
2513 1673 2532 1710 :
2564 1657 2654 1726 Τῷ
2692 1658 2862 1730 αὐτῷ.
2891 1661 3012 1723 Πῶς
3044 1661 3099 1714 δέ
3126 1663 3426 1733 ἐκληπτέον
3458 1660 3559 1714 καὶ

1983 1744 2044 1795 τὸ
2074 1744 2168 1797 τοῦ
2193 1746 2251 1799 ἐν
2280 1746 2455 1814 ἁγίοις
2482 1748 2761 1820 Θεοδώρου
2790 1751 2884 1805 τοῦ
2911 1753 3196 1807 Στουδίτου
3233 1755 3555 1825 τροπάριον,
3586 1806 3591 1811 ,

1909 1832 1950 1885 Β
1980 1834 2040 1885 τὸ
2073 1835 2274 1889 οὑτωσὶ
2304 1836 2500 1904 λέγων·
2530 1839 2695 1892 Βάθει
2725 1840 2835 1892 τῶν
2861 1843 3151 1912 χριμάτων
3184 1860 3300 1905 σου,
3326 1844 3558 1912 Χριστέ,

1982 1924 2277 1992 πανσόφως
2338 1927 2657 1998 προώρισας
2722 1932 2953 1985 ἑκάστου
3013 1933 3201 1996 τέλους
3263 1931 3409 2003 ζωῆς
3462 1936 3557 1986 τὸν

1981 2014 2144 2067 τόπον
2179 2018 2271 2069 καὶ
2298 2021 2388 2070 τὸν
2418 2021 2638 2089 ’τρόπον⁹
2663 2022 2743 2075 διὸ
2760 2022 2849 2086 οὓς
2881 2025 3118 2093 ἐκάλυψε
3132 2029 3299 2093 τάφος
3319 2028 3374 2079 ἐν
3408 2025 3560 2097 πάσῃ

1983 2106 2157 2176 χώρᾳ,
2181 2107 2239 2159 ἐν
2272 2111 2337 2177 τῇ
2371 2111 2555 2179 κρίσει
2608 2113 2809 2181 σῶσον,
2842 2118 3286 2186 πανοικτίρμων.
3324 2118 3466 2187 Πρδς
3496 2118 3559 2170 τδ

1982 2200 2375 2271 εὐσεϐέστερον
2416 2204 2578 2273 δῆθεν
2619 2209 2766 2271 τινὲς
2800 2210 3207 2280 ⁵ἀποκλίνοντες
3241 2221 3350 2266 etc.
3386 2211 3560 2265 Trice-

1983 2290 2119 2343 sima
2144 2292 2329 2360 quinta
2353 2308 2373 2346 :
2406 2295 2496 2364 Τῷ
2530 2299 2889 2369 πανσεϐάστῳ
2924 2300 3176 2372 σεϐαστῷ
3207 2302 3360 2374 κυρῷ
3407 2304 3562 2357 Κωνο

1985 2386 2255 2456 σταντίνῳ
2290 2386 2369 2457 τῷ
2416 2390 2790 2463 Παλαιολόγῳ.
2829 2395 2893 2447 Ei
2943 2395 3051 2467 χρὴ
3100 2397 3394 2467 προσέχειν
3444 2400 3560 2461 τοῖς

1982 2475 2257 2543 λέγουσιν,
2278 2480 2361 2533 ὅτι
2395 2484 2787 2553 προωρισμένα
2806 2485 2914 2538 εἰσὶ
2942 2487 3011 2539 τά
3036 2487 3160 2539 καθ’
3180 2489 3326 2557 ἡμᾶς
3359 2489 3559 2553 πάντα,

1982 2569 2039 2620 αί
2067 2570 2285 2637 ἀρεταὶ,
2321 2573 2375 2625 αί
2414 2575 2733 2647 εὐπραγίαι,
2789 2579 2842 2631 oi
2890 2580 3168 2650 περασμοὶ
3202 2582 3296 2635 καὶ
3331 2582 3494 2644 αὐτὸς
3533 2584 3561 2633 6

1986 2660 2241 2726 θάνατος.
2290 2666 2353 2719 El
2381 2666 2436 2720 δὲ
2472 2669 2566 2722 καὶ
2596 2670 2961 2733 ἀπαιδεύτους
2994 2672 3056 2725 τά
3091 2670 3210 2724 θεῖα
3256 2674 3349 2724 καὶ
3381 2673 3565 2744 ἀμυή-

1982 2770 2109 2817 τους
2137 2758 2293 2819 τινάς
2316 2768 2425 2814 etc.
2447 2758 2522 2814 Ex
2550 2761 2651 2815 hac.
2685 2778 2819 2818 sane
2850 2764 3089 2832 Epistula
3120 2766 3190 2819 55
3220 2776 3273 2819 et
3297 2769 3553 2836 sequenti

1981 2846 2051 2901 56
2100 2857 2154 2904 et
2182 2848 2245 2903 41
2299 2850 2363 2905 ad
2408 2852 2793 2922 imperatorem
2836 2854 3257 2912 Constantinum
3302 2858 3562 2914 Palmolo-

1982 2955 2133 3009 gum.
2167 2956 2399 3010 quarum
2458 2946 2708 2999 ultimam
2759 2947 2925 3002 refert
2961 2948 3071 3003 Leo
3106 2950 3338 3005 Allalius
3374 2951 3563 3010 Graece

1983 3042 2040 3084 et
2109 3032 2304 3088 Latine
2364 3035 2510 3090 lib.|
2555 3038 2632 3091 De
2672 3054 2920 3094 consensu
2984 3044 3257 3112 utriusque
3312 3045 3561 3101 Ecclesia:

1983 3118 2275 3176 Orientalis
2303 3133 2351 3176 et
2385 3123 2757 3190 Occidentalis,
2786 3144 2909 3198 cap.
2941 3130 2995 3195 4,
3030 3130 3056 3201 ς
3091 3132 3144 3195 4,
3182 3133 3290 3187 col.
3328 3135 3418 3201 42,
3445 3135 3560 3191 cla-

1986 3211 2101 3266 rius
2133 3211 2257 3266 luce
2300 3213 2605 3267 meridiana
2662 3226 2902 3280 constat,
2934 3232 3044 3286 quo
3079 3228 3324 3288 tempore
3356 3222 3564 3277 ﬂoruee

1983 3303 2051 3357 rit
2104 3302 2330 3377 Michqu
2365 3304 2581 3374 Glycas,
2607 3320 2751 3362 anno
2780 3304 3040 3363 nimirum
3068 3310 3205 3364 1450
3233 3321 3287 3367 et
3322 3328 3567 3383 sequemur

1984 3391 2159 3457 tibus,
2196 3410 2303 3447 non
2339 3410 2485 3448 anno
2525 3396 2682 3463 H20,
2731 3404 2791 3451 ut
2839 3400 2905 3451 ali
2957 3400 3215 3456 omnibus
3275 3404 3559 3474 hucusque

1980 3484 2247 3554 scriptum
2287 3496 2390 3540 est.
2425 3488 2603 3557 Atque
2642 3488 2688 3543 si
2724 3489 3051 3549 Guillelmus
3092 3494 3273 3550 Cavus
3312 3497 3403 3566 qui
3432 3515 3555 3552 sex-

1980 3579 2154 3632 centis
2198 3579 2331 3634 locis
2381 3579 2618 3637 Leonem
2684 3583 2940 3638 Allatium
2991 3587 3123 3642 citat
3179 3587 3235 3642 in
3293 3589 3450 3645 libris
3482 3591 3558 3647 De

1979 3686 2231 3725 consensa
2298 3671 2549 3727 Ecclesia:
2609 3676 2922 3747 utriusque,
2980 3681 3192 3737 tantilla
3249 3686 3558 3739 attentione

1980 3762 2227 3831 legisset,
2262 3765 2410 3818 nullo
2452 3766 2670 3836 negotio
2718 3781 2876 3822 suum
2913 3783 3157 3825 errorem
3190 3775 3557 3843 cognovisset.

1980 3852 2117 3907 Illud
2150 3870 2370 3923 quoque
2400 3871 2699 3925 agnoscere
2729 3860 2908 3928 potuit
2940 3874 3006 3913 ex
3039 3863 3231 3915 eodem
3274 3864 3471 3919 Allatio
3500 3866 3557 3919 in

1982 3946 2227 4001 Diatriba
2278 3950 2343 4001 de
2397 3948 2704 4004 Simeonum
2752 3934 2988 4023 scriptis,
3029 3970 3151 4026 pag.
3182 3954 3271 4022 36,
3302 3957 3392 4011 ubi
3426 3960 3569 4016 citat

1983 4035 2306 4093 Michai-lem
2350 4038 2573 4111 Glycam
2635 4050 2759 4110 post
2811 4042 3178 4114 Nicephorum
3233 4047 3556 4113 Callistum,

1980 4144 2143 4198 quem
2204 4130 2324 4199 ejus
2373 4132 2728 4187 continuator
2756 4132 3030 4189 Warthon
3070 4153 3214 4192 anno
3249 4139 3389 4195 1553
3422 4140 3561 4194 assi-

1982 4223 2191 4291 gnavit.
2230 4222 2383 4276 Illum
2437 4224 2585 4278 enim
2637 4225 2762 4281 huic
2807 4227 2974 4281 dubio
3006 4230 3193 4297 procul
3228 4230 3450 4286 Callisto
3483 4235 3562 4286 ci-

1982 4323 2096 4370 tato
2131 4317 2483 4385 praetulisset,
2514 4318 2559 4371 si
2614 4333 2761 4375 anno
2798 4321 2941 4375 H20
2984 4322 3316 4378 scribentem
3345 4324 3429 4377 vel
3460 4324 3559 4379 llo-

1982 4416 2198 4461 rentcm
2244 4409 2597 4465 credidisset.
2660 4410 2805 4466 Idem
2865 4413 3145 4482 colligitur
3203 4414 3260 4467 in
3307 4414 3553 4484 Epistula

296 4507 564 4561 Vicesima
615 4504 837 4572 septima
882 4516 910 4555 εΔ
943 4499 1036 4570 Τῷ
1082 4497 1397 4568 τιμιωτάτῳ
1451 4495 1668 4566 μοναχῷ
1722 4494 1878 4564 κυρῷ

1986 4502 2232 4569 ejusdem
2274 4503 2343 4565 ad
2395 4501 2661 4557 Joannem
2714 4515 3079 4575 cognomento
3144 4507 3373 4571 Ducam,
3434 4526 3556 4571 qua:

293 4598 549 4666 Μαξίμῳ
582 4594 662 4663 τῷ
694 4593 999 4665 Σμενιώτῃ.
1033 4592 1094 4643 Εἰ
1142 4592 1249 4661 χρὴ
1307 4590 1596 4660 προσέχειν
1631 4590 1744 4650 τοῖς
1794 4586 1880 4639 λέ-

294 4708 520 4759 γουσιν,
552 4690 634 4742 ὅτι
677 4689 858 4740 λαϐὼν
891 4688 918 4740 6
952 4688 1187 4756 Χριστὸς
1232 4684 1443 4752 ἄζυμον
1486 4683 1544 4735 ἐν
1566 4683 1630 4752 τῇ
1668 4680 1878 4753 ἑσπέρα

296 4788 400 4854 τῆς
451 4783 700 4851 μεγάλης
751 4781 1011 4852 Πέμπτης
1037 4780 1141 4841 ἕως
1169 4778 1267 4845 τῆς
1297 4777 1491 4845 ἑορτῆς
1535 4776 1876 4845 τοῢηΠάσχα,

296 4876 611 4945 τηνικαῦτα
660 4872 822 4942 δῆθεν
862 4874 974 4934 τοῖς
1022 4871 1243 4932 οίκείοις
1286 4869 1479 4938 Πάσχα
1501 4867 1773 4921 ἐτέλεσεν.
1819 4865 1879 4919 '0

300 4967 568 5037 περὶτῶν
594 4964 821 5033 ἀζύμων
842 4962 1023 5031 λόγος,
1044 4957 1087 5015 ὧ
1120 4962 1239 5015 θεία
1277 4962 1371 5014 καὶ
1396 4961 1515 5029 ίερά
1535 4962 1745 5028 κεφαλὴ
1769 4968 1875 5015 etc.

308 5059 575 5115 Vicesima
612 5065 794 5109 octaua
831 5072 848 5109 .'
883 5054 973 5125 Τῷ
1019 5053 1189 5123 αὐτῷ.
1249 5052 1381 5121 Περὶ
1416 5050 1666 5122 χρήσεών
1691 5067 1874 5114 τινων,

296 5154 381 5204 ὅτι
416 5154 483 5203 ἐκ
515 5150 678 5220 μόνου
714 5148 807 5201 τοῦ
836 5148 1071 5218 Ιιατρδς,
1100 5148 1160 5197 οὐ
1198 5146 1306 5214 μὴν
1329 5145 1383 5198 δὲ
1411 5145 1476 5196 ἐκ
1504 5142 1597 5196 τοῦ
1628 5141 1783 5207 Υίοῦ,
1816 5142 1877 5195 τὸ

302 5243 533 5310 Πνεῦμα
586 5240 648 5292 τὸ
684 5242 835 5307 ἆγιον
888 5237 1268 5309 ἐκπορεύεται,
1321 5237 1413 5288 καὶ
1453 5236 1543 5289 ὅτι
1578 5236 1640 5289 οὐ
1678 5236 1876 5288 ταυτὸν

298 5332 580 5402 ἀποστολὴ
616 5335 711 5383 καὶ
744 5331 1093 5399 ἐκπόρευσις.
1135 5329 1197 5381 Et
1245 5328 1300 5380 δέ
1336 5343 1420 5379 σοι
1467 5328 1561 5381 καὶ
1612 5327 1740 5396 περὶ
1779 5326 1879 5395 τῆς

300 5427 552 5497 ἀρρήτου
605 5424 702 5476 τοῦ
757 5422 1025 5489 παναγίου
1090 5421 1410 5489 Πνεύματος
1473 5418 1880 5486 ἐκπορεύσεως.

306 5517 569 5571 Vicesima
602 5532 742 5570 nona
768 5532 784 5569 :
813 5516 903 5584 Τῷ
925 5515 1239 5584 τιμιωτάτῳ
1272 5509 1490 5581 μοναχῷ
1520 5510 1672 5581 κυρῷ
1702 5512 1883 5562 Ὀνου-

301 5608 474 5678 φρίιρ.
514 5605 579 5659 Et
622 5606 728 5676 χρὴ
774 5604 1065 5674 προσέχειν
1094 5604 1206 5665 τοῖς
1240 5602 1511 5670 λέγουσιν,
1544 5595 1633 5653 ὅτι
1658 5600 1750 5652 ἐπὶ
1778 5598 1885 5651 πᾶ-

374 5779 455 5848 (1)
490 5777 646 5833 llanc
693 5775 871 5833 edidit
920 5778 1067 5832 card.
1120 5776 1219 5830 Mai
1272 5790 1338 5831 cx
1387 5774 1606 5830 SCllCdlS
1651 5772 1938 5827 Allatianis

1984 4594 2052 4647 52
2084 4604 2160 4649 est
2217 4596 2269 4648 in
2316 4596 2610 4664 Epistolis;
2654 4598 2813 4652 annis
2856 4601 3001 4652 enim
3041 4599 3129 4653 ille
3163 4601 3301 4655 1450
3330 4612 3385 4655 et
3426 4603 3561 4659 1160

1983 4684 2185 4740 ﬂoruit.
2216 4685 2502 4740 Tricesima
2553 4698 2702 4741 sexta
2733 4705 2750 4743 :
2782 4688 2874 4760 Τῷ
2912 4690 3085 4761 αὐτῷ.
3149 4692 3209 4743 Et
3240 4692 3346 4762 χρὴ
3384 4710 3556 4762 προσ-

1983 4776 2132 4846 ἐχειν
2164 4778 2278 4839 τοῖς
2323 4777 2598 4845 λέγουσιν,
2643 4780 2725 4832 ὅτι
2757 4781 2869 4850 ὅρῳ
2899 4781 3185 4833 ὑπόκειται
3219 4783 3250 4850 ἡ
3284 4785 3398 4846 ἐνὸς
3430 4787 3565 4838 ἐκά-

1986 4884 2114 4919 στου
2139 4867 2248 4920 τῶν
2282 4868 2588 4938 ἀνθρώπων
2616 4868 2754 4938 ζωή.
2791 4869 2917 4922 Ὂτι
2955 4871 3055 4939 μὲν
3086 4867 3181 4925 οὖν
3212 4873 3312 4924 οὐκ
3335 4874 3559 4937 εὐσεϐὲς

1985 4954 2126 5012 εἶναι
2162 4959 2311 5012 δοκεῖ
2356 4968 2465 5013 etc.
2498 4958 2783 5013 Tricesima
2815 4963 3035 5029 septima
3068 4978 3087 5016 :
3120 4961 3212 5033 Τῷ
3233 4967 3557 5035 τιμιωτάτῳ

1990 5048 2210 5120 μοναχῷ
2236 5050 2384 5119 κυρῷ
2412 5050 2671 5121 Στεφάνῳ
2705 5053 3138 5124 διαπορουμένῳ,
3177 5053 3293 5117 πῶς
3320 5056 3379 5120 ἐξ
3411 5057 3556 5110 ἀντμ

1986 5142 2239 5211 φράξεως
2270 5140 2365 5195 τοῦ
2402 5142 2659 5211 οὐρανίου
2698 5141 2953 5211 σώματος
2986 5144 3079 5198 τὸν
3110 5126 3555 5215 ἐναποληφθέντά

1985 5235 2138 5297 ἐντὸς
2186 5233 2330 5305 ἀέρα
2382 5233 2575 5296 σκότος
2613 5233 2749 5303 βαθὺ
2795 5233 3086 5300 διεδέξατο.
3132 5237 3255 5290 Ὅτι
3296 5238 3397 5306 μὲν
3435 5234 3551 5302 οὖν,

1978 5328 2243 5379 δσιώτατε
2306 5325 2459 5398 άνερ,
2503 5326 2741 5397 ἀπορίαν
2813 5329 2873 5380 οὐ
2938 5329 3038 5396 τὴν
3090 5330 3363 5401 τυχούσαν
3419 5331 3552 5397 ἡμῖν

1981 5419 2177 5485 ἐνῆκεν
2232 5420 2261 5471 6
2318 5420 2496 5488 μέγας
2526 5418 2812 5483 Βασίλειος
2850 5430 2956 5476 etc.
2988 5421 3273 5475 Tricesima
3322 5434 3552 5486 octava;

1980 5507 2071 5579 Τῷ
2105 5511 2425 5581 τιμιωτάτῳ
2462 5509 2682 5582 μοναχῷ
2738 5512 2891 5583 κυρῷ
2937 5515 3173 5582 ’Λλυπίῳ
3216 5512 3295 5580 τῷ
3333 5511 3552 5577 ἐγκλείο

1984 5620 2115 5671 στῳ.
2157 5604 2218 5657 El.
2249 5603 2359 5675 χρὴ
2393 5605 2492 5673 τὴν
2532 5603 2926 5676 μαθηματικὴν
2962 5605 3279 5674 ἐπιστήμην
3308 5600 3545 5672 ἀποτρό-
