3968 6228
410 277 454 338 3
1556 271 1771 333 PHIL.‘
1807 270 2084 330 LABBEI
2124 270 2547 334 PRAEFATIO.
2970 286 2975 291 ‘
3642 270 3679 339 1

418 388 728 456 obstricti,
768 392 825 447 et
854 400 1066 448 recens
1100 384 1262 448 illud
1290 404 1643 468 quanquam
1676 386 1949 446 omnium
2000 402 2316 445 commune
2372 387 2550 463 pacis
2607 386 2988 467 beneﬁcium,
3039 386 3219 450 nobis
3261 387 3522 466 proprie
3553 387 3684 448 col~

415 489 616 550 latum
650 486 1071 564 agnoscimus.
1108 484 1261 546 Cum
1293 488 1457 547 enim
1488 485 1776 548 instituti
1804 482 2014 544 nostri
2048 482 2156 555 sit,
2191 490 2248 543 et
2277 483 2656 561 optimarum
2682 485 2922 546 artium
2965 482 3341 563 disciplinas
3369 482 3681 562 proﬁteri,

415 601 685 664 quarum
715 582 948 644 studiis
980 580 1144 643 nihil
1175 592 1263 645 est
1292 601 1615 645 armorum
1644 582 1919 659 strepitu
1948 579 2246 658 infestius
2268 619 2287 648 ,
2343 587 2401 639 et
2452 579 2811 649 excolendis
2841 580 3160 642 hominum
3205 577 3487 639 moribus
3544 587 3683 638 stu-
3760 594 3763 595 '

416 681 584 753 dere,
616 678 1152 761 profligandaeque
1181 680 1520 760 impietati,
1561 697 1694 759 quae
1737 677 2059 757 impunius
2091 677 2261 737 inter
2289 672 2447 735 bella
2497 687 2829 755 grassatur
2860 698 2879 738 :
2922 678 3017 737 Tu
3048 677 3394 737 constituta
3413 692 3596 754 pace,
3630 682 3683 733 et

416 778 784 857 languentes
812 796 885 837 ac
910 795 1111 859 prope
1140 778 1536 840 semianimes
1569 777 1819 838 litteras
1854 772 2184 843 excitasti,
2231 778 2289 833 et
2318 769 2616 850 neglectis
2669 792 2742 833 ac
2788 772 2985 834 veluti
3019 774 3313 852 profugis
3342 769 3685 832 virtutibus

415 881 746 960 Europam
770 884 1234 961 'omnem'quasi
1272 879 1575 961 templum
1610 877 1868 960 aliquod
1907 875 2244 957 aperuisti,
2297 875 2366 936 in
2413 892 2532 954 quo
2564 875 2769 953 quiete
2804 874 3096 953 deinceps
3126 892 3198 934 ac
3248 872 3494 952 placide
3527 868 3686 932 cole"

410 988 664 1041 rentur.
702 978 787 1041 Et
816 978 1062 1041 habebit
1095 988 1301 1040 tamen
1338 979 1407 1038 in
1438 975 1553 1038 illa
1585 973 2050 1054 tranquillitate
2099 973 2306 1034 hostes
2367 988 2514 1032 suos
2565 972 2815 1051 religio,
2870 977 3076 1034 minus
3120 974 3364 1052 quidem
3400 970 3686 1049 furentes

404 1074 755 1151 audacter,
801 1078 909 1139 sed
934 1096 1065 1138 non
1093 1079 1299 1139 minus
1336 1075 1579 1138 idcirco
1611 1072 1971 1135 metue-udos
2005 1093 2024 1131 :
2053 1067 2303 1131 habebit
2334 1079 2390 1130 et
2441 1087 2588 1130 suos
2620 1071 2882 1137 societas
2909 1077 3153 1145 nostra,
3207 1071 3310 1130 cui
3351 1086 3481 1128 non
3514 1065 3690 1128 inde-

413 1191 633 1234 corum
675 1182 788 1247 est,
840 1174 1107 1248 eosdem,
1176 1193 1214 1233 a
1261 1172 1491 1254 quibus
1541 1168 1825 1231 Ecclesia
1869 1176 2165 1239 vexatur,
2221 1166 2656 1235 adversarios;
2712 1166 3009 1239 eumdem,
3066 1186 3258 1246 a-quo
3302 1165 3554 1245 defensa
3597 1174 3688 1226 est

409 1267 665 1349 religio,
696 1268 1009 1331 vindicem
1055 1271 1136 1330 Te
1167 1287 1238 1330 ac
1264 1276 1611 1348 patronum
1644 1267 1952 1345 experiri.
1985 1263 2208 1341 Perge,
2238 1265 2537 1343 princeps
2567 1266 3067 1340 eminentissime,
3118 1264 3191 1326 de
3236 1272 3505 1359 utrgque
3536 1263 3684 1324 bene

407 1369 641 1430 mereri
672 1391 694 1429 :
725 1370 818 1431 sic
851 1369 969 1431 tibi
997 1369 1278 1430 vicissim
1310 1379 1600 1445 utraque,
1638 1364 1807 1445 quod
1829 1381 2136 1424 summum
2166 1362 2373 1438 habet,
2414 1366 2780 1442 gratissimo
2833 1366 3043 1428 animo
3088 1363 3434 1444 rependat;
3478 1363 3686 1423 altera

408 1464 782 1544 dignitatem
820 1465 992 1526 orbis
1024 1473 1345 1525 terrarum
1379 1480 1757 1542 supremam,
1804 1467 2002 1522 altera
2043 1460 2295 1540 plenam
2339 1462 2672 1541 religionis
2713 1465 3069 1542 amorisque
3121 1463 3560 1524 reverentiam.
3595 1463 3687 1523 Hi

408 1572 581 1636 sunt,
610 1564 915 1641 princeps
939 1562 1442 1636 eminentissime,
1475 1561 1796 1623 societatis
1837 1567 2070 1618 nostrae
2107 1575 2349 1633 sensus,
2405 1576 2561 1638 quos
2594 1559 2900 1638 proﬁteri
2940 1576 3057 1638 per
3084 1577 3178 1619 me
3223 1558 3453 1620 voluit.
3500 1549 3687 1619 Inter

406 1659 533 1720 hare
565 1660 701 1740 ejus
722 1667 870 1720 vota
896 1666 956 1719 et
986 1666 1305 1719 terrarum
1337 1658 1614 1718 omnium
1643 1655 2123 1734 gratulationes,
2157 1665 2375 1734 patere
2428 1655 2542 1717 hoc
2601 1657 2722 1718 tibi
2772 1655 3055 1736 quamvis
3088 1664 3269 1716 tenue
3320 1654 3681 1727 donarium,

407 1755 555 1816 dum
586 1755 827 1835 majora
861 1752 1285 1830 exsolvamus,
1318 1751 1617 1834 appendi.
1652 1751 2028 1814 Laudabunt
2060 1751 2197 1823 alii,
2228 1752 2383 1827 scio,
2436 1753 2506 1814 in
2562 1750 3049 1832 quadripertitis
3097 1752 3305 1827 nostri
3326 1751 3551 1824 dicam,
3601 1769 3683 1812 an

401 1852 624 1931 potius
657 1851 779 1925 tui,
819 1869 848 1912 e
874 1851 1103 1914 Sicilia
1135 1851 1422 1924 oriundi,
1457 1849 1789 1911 Michaelis
1820 1847 2032 1926 Glycae
2057 1848 2434 1921 Annalibus,
2470 1850 2776 1913 Historiae
2810 1867 3005 1910 sacrae
3034 1867 3106 1910 ac
3136 1850 3423 1930 profanae
3480 1847 3681 1909 mira-

406 1947 521 2009 bili
549 1946 927 2010 dexteritate
958 1949 1260 2009 insertam
1320 1945 1718 2025 theologiam,
1764 1934 2124 2009 divinarum
2157 1945 2545 2008 Litterarum
2601 1946 3190 2024 interpretationem
3245 1954 3303 2005 et
3355 1943 3681 2006 assiduum

406 2053 771 2105 sanctorum
804 2043 1068 2105 Patrum
1092 2062 1277 2105 usum
1302 2061 1445 2104 cum
1471 2041 1790 2103 medicinae
1817 2043 2084 2105 scientia
2111 2061 2182 2104 ac
2214 2060 2424 2104 rerum
2440 2041 2832 2104 naturalium
2860 2042 3217 2120 cognitione
3248 2044 3675 2123 conjunctum,

402 2142 768 2222 principum
802 2143 1010 2203 Romae
1040 2151 1096 2203 et
1129 2141 1684 2219 Constantinopoli
1735 2139 2180 2218 imperantium
2237 2138 2478 2217 sibique
2524 2138 2793 2200 invicem
2845 2137 3068 2200 ordine
3121 2137 3605 2209 succedentium,
3641 2155 3680 2195 a

405 2236 584 2298 Julio
622 2237 862 2298 Caesare
890 2237 973 2299 ad
1010 2237 1228 2301 Alexii
1258 2239 1564 2300 Comneni
1588 2235 1858 2310 obitum,
1891 2254 1993 2299 res
2030 2235 2337 2315 praeclare
2373 2243 2578 2313 gestas
2609 2236 2928 2316 ingeniose
2965 2239 3304 2308 connexas,
3339 2244 3678 2296 certantem

408 2357 550 2399 cum
594 2337 951 2419 eloquentia
993 2342 1239 2421 ingenii
1278 2340 1664 2422 felicitatem,
1706 2359 1845 2402 cum
1868 2358 2085 2401 rerum
2135 2341 2444 2401 varietate
2489 2336 2854 2401 incredibili
2874 2357 3021 2419 ,non
3054 2339 3497 2401 inconcinnam
3536 2337 3675 2398 bre-

405 2436 686 2509 vitatem,
723 2437 1145 2516 digressiones
1174 2436 1438 2516 denique
1464 2434 1547 2497 ad
1577 2433 1903 2497 levandum
1940 2434 2207 2498 lectoris
2257 2436 2510 2508 taedium
2560 2436 2695 2498 suis
2752 2444 2902 2516 apte
2950 2437 3106 2499 locis
3136 2437 3500 2500 collocatas.
3532 2436 3671 2515 Ego

304 2561 313 2571 -
406 2551 554 2594 vero
583 2553 777 2614 neque
811 2537 878 2598 in
903 2538 1040 2610 hoc,
1071 2554 1267 2616 neque
1292 2536 1361 2597 in
1387 2534 1557 2608 aliis,
1609 2551 1743 2613 quae
1799 2531 1917 2594 tibi
1961 2551 2002 2592 a
2052 2532 2235 2596 nobis
2287 2531 2514 2613 offerri
2556 2542 2838 2611 possent,
2889 2533 3279 2608 muneribus,
3336 2532 3675 2614 quidquam

406 2642 723 2706 magnum,
764 2638 940 2709 teque
979 2631 1261 2709 dignum,
1293 2629 1608 2691 aestimare
1629 2630 1853 2704 statui,
1886 2627 2019 2690 nisi
2047 2626 2154 2689 cui
2184 2636 2254 2688 tu
2283 2624 2580 2688 laudator
2611 2633 2669 2687 et
2695 2626 3093 2705 approbator
3111 2628 3474 2690 accesseris.
3509 2627 3669 2703 Vale,

411 2733 470 2784 et
504 2725 569 2813 in
597 2726 828 2788 multos
857 2744 1056 2788 annos
1084 2727 1245 2808 felix
1276 2727 1435 2788 vive.

490 2827 720 2891 Dabam
766 2826 1026 2890 Lutetiae
1056 2826 1439 2889 Parisiorum
1464 2823 1601 2888 Kal.
1652 2825 1958 2890 Decemb.
1992 2823 2145 2889 anni
2184 2840 2439 2886 unam.

805 2927 1178 2990 Eminentiaa
1230 2936 1356 2991 tum

1229 3030 1233 3035 '
2189 3019 2673 3085 Addictissimus
2729 3017 3062 3102 Philippus
3109 3020 3319 3082 Lanae
3335 3063 3352 3096 ,

2469 3123 2616 3187 Soc.
2665 3123 2814 3187 Jesu
2849 3123 3208 3205 presbyter.

416 3337 2213 3371 W

1186 3372 1225 3395 Ι

784 3502 1576 3651 AD‘OPTIMUM
1669 3504 1824 3596 ET
1909 3504 2562 3597 ERUDITUM
2639 3503 3289 3599 LECTOBEM

1639 3717 2439 3837 ΡΒᾹΞΕΑΤΙΟ.
2502 3696 2517 3710 ’

481 4071 804 4135 Michaelis
836 4070 1049 4150 Glycaa
1075 4070 1373 4145 Annales,
1406 4088 1576 4134 nunc
1596 4072 1877 4154 primum
1906 4077 2174 4151 utraque
2207 4073 2421 4152 lingua
2454 4076 2595 4138 orbi
2623 4077 2939 4156 cognitos,
2973 4095 3116 4143 cum
3139 4080 3252 4143 tibi
3277 4080 3468 4160 regiis
3498 4080 3672 4162 typis

406 4172 817 4249 rcprmsento,
848 4170 1090 4262 optime
1122 4166 1351 4243 lector,
1380 4168 1578 4230 nolim
1609 4169 1929 4232 existimes
1957 4172 2146 4233 unius
2169 4171 2470 4234 duntaxat
2490 4174 2784 4237 Historiae
2818 4184 2925 4239 aut
2945 4177 3242 4242 Chronici
3266 4182 3667 4262 scriptorem,

405 4263 624 4344 quales
663 4262 887 4325 eodem
925 4261 1061 4324 fere
1101 4271 1388 4343 tempore
1444 4264 1768 4326 uberrimo
1821 4273 2136 4347 proventu
2186 4268 2410 4330 extulit
2456 4270 2720 4343 Graecia,
2755 4274 3064 4336 Joannem
3094 4261 3420 4352 Zonaram,
3470 4279 3672 4341 Geor-

405 4362 572 4438 gium
631 4361 1016 4434 Cedrenum,
1068 4361 1545 4423 Constantinum
1575 4365 1948 4436 Manassem,
2004 4365 2406 4448 similesque,
2461 4367 2573 4430 sed
2628 4367 2998 4450 theologum
3056 4374 3278 4450 simul,
3343 4392 3669 4439 sacrarum

400 4460 775 4520 Litterarum
819 4456 1260 4537 interpretem,
1313 4457 1650 4530 medicum,
1699 4461 2132 4542 naturalisque
2188 4463 2474 4526 scientias
2531 4464 2965 4545 indagatorem
3019 4469 3501 4534 solertissimum
3551 4489 3668 4535 ex-

401 4552 626 4616 hiberi.
678 4553 770 4614 Ita
817 4551 990 4650 enim
1040 4551 1119 4614 ab
1151 4554 1645 4650 orbe.condito,
1703 4555 1877 4634 quod
1929 4564 1993 4619 et
2048 4559 2153 4621 alii
2206 4559 2417 4622 facere
2466 4562 2747 4641 aggressi
2796 4569 2964 4640 sunt,
3021 4582 3229 4646 usque
3276 4567 3357 4629 ad
3418 4567 3662 4630 obitum

400 4649 601 4711 Alexii
648 4648 951 4711 Comneni
1006 4653 1067 4709 et
1115 4648 1353 4710 annum
1401 4649 1622 4711 Christi
1677 4668 1922 4713 maxum
1970 4656 2492 4734 patriarcharum,
2542 4675 2785 4737 regum,
2817 4664 3008 4740 atque
3055 4662 3506 4743 imperatorum
3562 4682 3666 4726 res

403 4752 630 4845 gestas,
663 4744 1118 4845 historiamque
1151 4762 1403 4808 omnem
1434 4747 1781 4822 Iudaicam,
1831 4752 2201 4833 Riomanam,
2252 4770 2325 4816 ac
2374 4755 3137 4837 Constantinopolitanam
3180 4764 3535 4841 pertexuit,
3591 4769 3665 4826 ut

403 4843 630 4906 eodem
662 4842 960 4905 contextu
1001 4849 1438 4906 controversas
1467 4844 1634 4906 inter
1661 4845 1997 4926 theologos
2033 4849 2587 4930 philosophosque
2630 4842 3016 4932 quaestiones
3060 4859 3408 4935 agitaverit,
3459 4875 3533 4920 ac
3578 4858 3663 4922 de

404 4943 595 5042 rebus
633 4938 954 5042 omnibug
989 4938 1226 5042 quae-in
1264 4939 1451 5042 ctelo,
1490 4957 1661 5016 aere,
1697 4949 1881 5014 terra,
1938 4962 2009 5024 ac
2045 4946 2203 5007 mari
2254 4947 2431 5020 ﬁunt,
2480 4947 2559 5034 de
2606 4950 2846 5025 avibus,
2902 4952 3201 5031 piscibus,
3255 4952 3660 5029 animalibus,

401 5036 686 5111 homine,
732 5033 1208 5114 atque‘angelis
1258 5035 1667 5112 disseruerit;
1729 5047 1983 5102 secutus
2020 5051 2303 5123 veterum
2359 5033 2611 5107 Patrum
2673 5049 3006 5124 Eustathii,
3071 5050 3305 5125 Basilii,
3361 5051 3659 5131 Nysseni,

403 5131 853 5213 Chrysostomi,
886 5131 1163 5206 Sinaitae,
1216 5132 1467 5208 Pisidae,
1517 5134 1916 5218 aliorumque
1966 5139 2229 5218 vestigia
2275 5157 2348 5204 ac
2395 5160 2561 5221 pene
2588 5145 2802 5221 verba,
2862 5146 2973 5224 qui
3015 5164 3178 5226 opus
3219 5164 3331 5209 sex
3385 5147 3657 5221 dierum,

403 5229 574 5311 quod
603 5229 816 5291 Graeca
844 5242 1000 5289 voce
1028 5228 1471 5290 Hexaemeron
1523 5230 1734 5295 dicere
1778 5233 2079 5310 solemus,
2120 5234 2425 5317 singulari
2475 5239 2801 5318 diligentia
2845 5242 3333 5305 concinnarunt.
3406 5306 3413 5313 ,

480 5329 752 5393 Patriam
783 5328 1016 5392 docent
1044 5345 1196 5390 mss.
1224 5329 1501 5407 codices,
1538 5334 1648 5414 qui
1686 5345 2016 5414 Σικελιώτην
2048 5336 2412 5423 σμἠδιδηὶθπ
2447 5342 2773 5421 appellant
2809 5359 2967 5406 :nec
2999 5343 3328 5407 abluderet
3366 5344 3659 5408 additum

401 5432 496 5486 τοῦ
560 5433 744 5488 Fluxa
788 5439 1170 5502 cognomen,
1203 5427 1254 5486 si
1288 5425 1538 5490 labente
1572 5431 1952 5497 duodecimo
1984 5428 2210 5507 Cliris'ti
2262 5434 2522 5513 saeculo,
2567 5454 2695 5517 quo
2752 5439 2980 5502 vixisse
3027 5441 3194 5503 circa
3240 5436 3475 5503 annum
3520 5434 3658 5503 dum.

403 5521 669 5596 videtur,
703 5521 950 5583 Siculos
981 5521 1201 5583 Dorica
1232 5522 1438 5586 adhuc
1466 5524 1735 5591 dialecto
1768 5548 1918 5593 usos
1946 5520 2138 5593 fuisse
2174 5518 2510 5609 constaret.
2544 5534 2846 5610 Privatus,
2883 5554 2963 5599 an
2994 5538 3063 5599 in
3102 5540 3461 5617 magistratu
3483 5583 3497 5606 .
3547 5546 3657 5600 aut

406 5616 705 5695 dignitate
741 5618 948 5699 aliqua
980 5616 1256 5703 publica,
1289 5619 1566 5699 militari,
1605 5626 1831 5703 aulica,
1864 5620 2183 5691 forensive
2223 5636 2517 5702 ornatus;
2574 5632 2966 5711 conjugatus,
3015 5652 3095 5698 an
3144 5636 3372 5697 caelebs
3402 5634 3649 5709 vixerit,

407 5711 592 5794 plane
624 5715 840 5779 nescio
881 5731 894 5745 ο
934 5730 1053 5775 nec
1112 5730 1361 5793 aspersa
1410 5720 1675 5797 singulis
1711 5722 1841 5785 fere
1899 5744 1974 5804 pa

2093 5726 2145 5786 is
2185 5737 2324 5804 υἱοῦ,
2367 5738 2557 5800 τέκνου
2592 5740 2684 5795 καὶ
2710 5740 2998 5812 ἀγαπητοῦ
3045 5730 3348 5796 vocabula
3405 5738 3652 5810 patrem

2546 6015 2575 6029 α
