3968 6228
336 312 414 374 29

1615 309 1911 371 ANNALH

2060 312 2147 370 ΡΑ
2161 311 2251 370 RS
2286 310 2335 371 ῐ.
3533 313 3600 374 30

333 428 496 494 κεῖαν
526 423 635 477 ἰδού
698 442 781 478 σοι
845 426 939 479 καὶ
999 426 1201 496 ταύτην
1233 426 1329 495 τὴν
1396 424 1575 495 βίϐλον
1612 426 1911 495 συντίθημι.

2033 428 2274 483 tionibus
2328 442 2490 483 aures
2553 426 2835 483 hominum
2886 423 3113 478 obrutas
3166 424 3323 480 taedio
3369 427 3607 495 quodam

415 610 529 679 Πρὸ
575 606 796 662 πάντων
841 603 934 661 οὖν
965 608 1165 662 εἰδέναι
1209 625 1267 662 σε
1300 607 1451 674 ἄξιον
1486 610 1566 661 ὅτι
1598 609 1657 659 ὲν
1689 606 1747 673 ἒξ
1786 608 1921 677 ήμὲ·

338 719 467 773 ραις
515 702 737 772 ἐποίησε
786 701 977 757 τοῦτον
1025 702 1116 755 τὸν
1163 702 1368 772 κόσμον
1410 703 1439 755 6
1472 701 1626 766 Θεὸς,
1664 702 1722 753 ἔν
1753 701 1809 753 δὲ
1849 703 1916 771 τῇ

333 795 545 868 ἑϐδόμῃ
590 796 939 849 κατέπαυσεν
973 795 1081 849 ἀπὸ
1124 795 1343 850 πάντων
1383 795 1492 848 τῶν
1528 794 1708 863 ἔργων
1748 794 1915 848 αὐτοῦ

336 876 420 937 ὧν
455 885 732 953 ἐποίησεν.
768 884 1030 939 Ἠδύνατο
1070 880 1162 938 οὖν
1196 886 1255 937 ὲν
1290 887 1391 955 μιᾷ
1414 885 1599 957 ἡμέρᾳ
1628 885 1697 938 τὰ
1739 886 1917 940 πάντα

337 978 710 1042 παραγαγεῖν,
739 978 970 1047 οὐρανὸν
1012 977 1275 1047 δηλονότι,
1331 981 1435 1047 γῆν
1484 981 1578 1034 καὶ
1621 980 1915 1046 Θάλατταν,

336 1066 555 1137 ἰχθύας,
585 1069 653 1122 τά
695 1086 757 1122 τε
802 1071 1022 1124 πετεινὰ
1051 1072 1147 1125 καὶ
1188 1071 1255 1126 τὰ
1294 1073 1599 1143 τετράποδα
1645 1075 1736 1127 καὶ
1783 1075 1920 1145 πρὸς

328 1158 548 1222 τούτοις
583 1159 675 1213 τὸν
717 1161 1030 1232 ἄνθρωπον.
1076 1162 1217 1215 Ἀλλ’
1264 1164 1349 1218 τνα
1394 1166 1468 1234 μὴ
1509 1166 1767 1236 ἀφορμῆς
1799 1168 1919 1219 ἔπι-

330 1249 621 1317 δράξονται
664 1253 715 1304 oi
752 1252 810 1318 ἐξ
856 1254 1165 1324 αὐτομάτου
1222 1255 1291 1308 τὰ
1343 1257 1523 1309 πάντα
1566 1256 1918 1327 παραχθῆναι

331 1344 611 1410 λέγοντες,
669 1346 897 1417 ἡμερῶν
950 1348 1145 1418 ἐδεήθη
1204 1348 1264 1419 ἓξ
1327 1351 1419 1402 ἐπὶ
1476 1352 1541 1419 τῇ
1604 1353 1914 1420 παραγωγῇ

328 1436 492 1489 τοῦδε
517 1438 610 1490 τοῦ
653 1440 861 1509 κόσμου
911 1442 939 1493 6
973 1442 1314 1512 Δημιουργὸς
1349 1443 1507 1513 ήμῶν
1530 1446 1621 1496 καὶ
1660 1443 1812 1508 Θεὸς,
1843 1444 1919 1506 ὡς

327 1531 363 1581 ὁ
402 1531 807 1600 χρυσοῤῥήμων
859 1532 1116 1603 Ἰωάννης
1168 1536 1357 1605 φησίν.
1394 1536 1456 1587 El
1490 1534 1597 1606 γὰρ
1648 1536 1740 1588 καὶ
1774 1534 1919 1587 οὕτω

322 1621 447 1673 ’τῶν
502 1623 826 1692 ποιημάτων
882 1624 1333 1694 ἀπαρτισθέντων
1389 1625 1678 1694 αὐτόματα
1741 1624 1920 1679 ταῦτά

326 1728 481 1773 τινες
520 1712 960 1785 ὲφαντάσθησαν,
997 1716 1177 1787 πολλῷ
1208 1716 1413 1786 μᾶλλον
1459 1719 1618 1787 ειπερ
1648 1718 1786 1787 ὁμοῦ
1821 1717 1918 1770 καὶ

327 1802 479 1856 κατά
506 1803 677 1858 ταῦτα
710 1808 793 1870 είς
822 1808 881 1860 τὸ
919 1803 1057 1863 εἶναι
1096 1785 1483 1880 παρήχθησαν.
1642 1785 1701 1875 ἒξ
1734 1811 1790 1863 δὲ
1820 1809 1914 1864 καὶ
1949 1785 1989 1840 Β

331 1894 530 1961 μόναις
554 1895 812 1965 ήμὲραις,
848 1900 941 1951 καὶ
975 1899 1037 1953 οὐ
1072 1899 1293 1953 πλέοσιν
1325 1901 1358 1970 ἢ
1392 1900 1663 1965 ἐλάττοσι,
1694 1902 1912 1954 τουτονὶ

326 1987 688 2055 παραχθῆναι
731 1990 824 2041 τὸν
870 1991 1077 2059 κόσμον
1128 1993 1453 2063 ηὐδόκησεν,
1484 1994 1573 2048 ἵνα
1626 1994 1722 2047 καὶ
1753 1996 1915 2064 ἡμεῖς

322 2075 676 2148 διδαχθῶμεν
734 2080 989 2133 ἐντεῦθεν
1051 2082 1111 2148 ἒξ
1167 2085 1382 2155 ήμέρας
1440 2085 1541 2155 τῆς
1616 2085 1914 2155 ἑϐδομάδος

324 2169 685 2238 ἐργάζεσθαι,
719 2175 783 2243 τῇ
837 2172 894 2227 δὲ
946 2173 1153 2247 ἑϐδόμῃ
1200 2177 1505 2247 κεχρῆσθαι
1548 2177 1689 2247 πρὸς
1742 2179 1913 2246 μόνην

325 2256 644 2329 δοξολογίαν
676 2264 833 2321 Θεοῦ.
867 2266 965 2320 Διὰ
996 2268 1105 2337 γὰρ
1151 2267 1312 2321 τοῦτο
1364 2270 1459 2322 καὶ
1502 2271 1531 2323 6
1570 2272 1912 2340 Δημιουργὸς

328 2357 397 2407 ἐν
438 2358 507 2424 τῇ
553 2356 757 2431 ἑϐδόμῃ
793 2361 1134 2414 κατέπαυσεν
1179 2363 1288 2416 ἀπὸ
1332 2364 1553 2417 πάντων
1591 2364 1703 2418 τῶν
1730 2364 1912 2433 ἔργων

328 2442 415 2502 ὧν
466 2449 671 2519 ἤρξατο
719 2455 913 2507 ποιεῖν.
950 2453 1012 2506 Εἰ
1059 2454 1117 2508 δὲ
1160 2457 1187 2508 6
1225 2455 1431 2526 Κύριος
1472 2457 1529 2509 ἐν
1555 2456 1912 2524 Εὐαγγελίοις

331 2540 568 2610 εὕρηται
606 2541 804 2611 λέγων,
832 2564 849 2596 ι
873 2545 930 2597 Ὀ
959 2546 1150 2615 Πατήρ
1177 2564 1279 2617 μου
1306 2547 1409 2611 ἕως
1438 2548 1561 2614 ἄρτι
1593 2548 1909 2618 ἐργάζεται,

335 2634 502 2702 κάγὼ
538 2635 869 2708 ἐργάζομαι,
921 2657 940 2691 ι
985 2640 1060 2711 μή
1103 2641 1377 2711 θαύμαζε.
1422 2643 1556 2696 Τότε
1598 2643 1698 2712 μὲν
1743 2644 1852 2712 γὰρ
1884 2644 1913 2695 6

328 2726 493 2790 Θεὸς,
519 2727 594 2790 ὡς
623 2731 650 2781 6
676 2730 912 2799 χρυσοῦς
940 2733 1041 2803 τὴν
1075 2732 1326 2802 γλῶττάν
1374 2752 1531 2806 φησι,
1565 2736 1912 2790 κατέπαυσεν

326 2818 445 2872 ἀπὸ
492 2819 711 2874 πάντων
763 2821 863 2875 τῶν
905 2823 1109 2893 ἔργων,
1146 2827 1423 2881 τουτέστιν
1472 2827 1602 2899 ἔστη
1668 2829 1764 2881 τοῦ
1816 2829 1910 2899 δη-

332 2913 625 2982 μιουργεῖν
652 2925 667 2942 ·
725 2915 864 2983 μετὰ
897 2916 1007 2987 γὰρ
1033 2918 1132 2989 τὴν
1181 2920 1351 2991 ἔκτην
1388 2920 1541 2974 οὐδὲν
1569 2921 1680 2975 ἀπὸ
1708 2921 1802 2975 τοῦ
1835 2924 1909 2993 μὴ

325 3001 490 3066 ὄντος
531 3005 611 3064 εἰς
660 3006 721 3058 τὸ
769 3001 910 3060 εῖναι
955 3011 1301 3080 παρήγαγεν.
1347 3010 1567 3083 Ἐπειδὴ
1600 3014 1657 3066 δὲ
1702 3014 1769 3067 τὰ
1820 3014 1943 3084 δη-’

327 3094 748 3165 μιουργηθέντα
800 3099 1040 3170 συνέχων
1094 3100 1285 3155 ἔκτοτε
1351 3102 1445 3156 καὶ
1504 3104 1792 3175 συντηρῶν
1847 3106 1907 3157 οὐ

320 3186 603 3242 διέλειπεν
643 3191 715 3259 (εἰ
760 3192 868 3262 γὰρ
913 3193 989 3263 μὴ
1038 3190 1183 3247 οὕτω
1234 3195 1406 3249 ποιῶν
1449 3191 1537 3266 ἦν,
1582 3197 1682 3249 οὐκ
1724 3196 1789 3250 ἂν
1819 3197 1911 3248 ἐπὶ

320 3279 607 3343 τοσούτοις
642 3282 803 3336 αίῶσι
828 3284 897 3337 τὰ
938 3284 1162 3339 τοιαῦτα
1190 3286 1493 3357 διήρκεσε),
1528 3289 1620 3342 καὶ
1663 3287 1783 3342 λίαν
1826 3290 1914 3342 εὐ-

322 3370 509 3438 λόγως
537 3373 632 3426 καὶ
656 3375 897 3446 τήμερον
927 3378 1257 3448 ἐργάζεσθαι
1283 3381 1521 3450 λέγεται.

402 3465 605 3535 Καὶτῇ
641 3467 743 3535 μὲν
790 3468 983 3539 πρώτῃ
1022 3471 1209 3543 ήμὲρᾳ
1260 3473 1483 3543 εποίησε
1541 3475 1634 3527 τὸν
1681 3476 1912 3547 οὐρανὸν

318 3554 425 3607 καὶ
474 3557 573 3626 τήν
607 3558 732 3629 γῆν,
755 3559 984 3630 οὐρανὸν
1018 3566 1227 3618 ἐκεῖνον
1268 3566 1358 3619 τὸν
1387 3566 1627 3637 πρῶτον,
1675 3571 1767 3622 τὸν
1808 3586 1912 3623 πε-

323 3648 565 3723 ρικαλλῆ
614 3671 672 3707 τε
717 3653 812 3709 καὶ
857 3653 1152 3729 ἄναστρον,
1182 3662 1307 3729 περὶ
1345 3652 1405 3712 οὗ
1453 3660 1547 3713 καὶ
1600 3664 1629 3713 6
1678 3662 1911 3732 εὐαγγε-

318 3745 523 3815 λιστὴς
569 3747 823 3819 Ἰωάννης
853 3750 912 3801 ὲν
949 3752 1016 3819 τῇ
1058 3750 1427 3820 ’Δποκαλύψει
1460 3751 1626 3806 αὐτοῦ
1654 3755 1783 3824 περὶ
1814 3755 1912 3824 τῆς

322 3839 473 3907 μετὰ
534 3840 711 3893 ταῦτα
758 3842 1149 3905 καταστάσεως
1217 3842 1472 3909 διεξιὼν,
1530 3842 1672 3897 οὕτω
1722 3848 1910 3915 φησὶν,

327 3949 347 3981 ι
398 3928 553 3984 Εἶδον
585 3933 814 4003 οὐρανὸν
863 3935 1050 3988 καινὸν
1089 3934 1184 3988 καὶ
1227 3935 1332 4005 γῆν
1357 3936 1573 4007 καινήν,
1618 3938 1713 3991 καὶ
1738 3941 1771 4006 ή
1811 3938 1908 3992 Θά-

320 4022 507 4076 λασσα
537 4025 637 4077 οὐκ
662 4025 812 4080 ἔστιν
842 4026 944 4082 ἔτι.
980 4046 999 4079 ι

404 4136 424 4168 ι
481 4118 566 4170 Ἐν
594 4119 733 4189 ἀρχῇ
758 4121 1019 4192 ἐποίησεν
1058 4124 1086 4175 6
1124 4122 1259 4186 Θεὸς
1288 4124 1381 4177 τδν
1412 4125 1645 4196 οὐρανὸν
1680 4129 1779 4182 καὶ
1808 4129 1908 4198 τὴν

317 4210 452 4277 γῆν,
494 4228 513 4260 ι
555 4210 825 4282 Πρόσεχε,
873 4214 1148 4291 ἀγαπητὲ,
1198 4215 1281 4269 ὅτι
1334 4216 1428 4268 καὶ
1470 4216 1633 4270 τοῦτο
1677 4216 1908 4271 ἐνταῦθα

318 4303 627 4371 ἠπόρηται,
657 4304 775 4368 πῶς
806 4306 1032 4375 ἐποίησε
1083 4305 1173 4360 τὸν
1204 4306 1436 4376 οὐρανὸν
1469 4309 1760 4378 πρότερον,
1788 4306 1909 4360 εἶτα

318 4397 427 4461 τὴν
476 4396 600 4467 γῆν.
650 4396 872 4469 Ἐπειδὴ
921 4399 1029 4469 γὰρ
1073 4398 1140 4452 τὰ
1192 4400 1422 4469 θεμέὶια
1476 4400 1908 4455 καταδάλλονται

2023 519 2185 574 affici.

2092 613 2232 666 Ante
2265 613 2450 667 omnia
2499 625 2630 667 vero
2682 610 2823 667 scire
2855 609 3022 664 debes
3061 608 3228 665 Deum
3258 624 3351 665 sex
3394 612 3608 665 dierum

2022 704 2202 774 spatio
2238 704 2502 758 mundum
2533 705 2677 757 hunc
2709 702 3022 756 condidisse
3051 742 3064 766 ,
3123 717 3187 757 ac
3232 702 3323 755 die
3375 704 3607 772 septima

2022 811 2206 851 rerum
2242 794 2506 850 creationi
2543 795 2649 850 line
2694 795 2950 863 imposito
2984 795 3275 863 quievisse.
3304 796 3355 863 2
3392 796 3611 850 Poterat

2022 888 2245 956 quidem
2277 905 2387 943 uno
2413 888 2502 943 die
2544 904 2632 942 res
2667 889 2955 942 universas
2981 888 3035 941 in
3068 897 3248 940 ortum
3279 889 3606 957 producere,

2022 981 2285 1035 nimirum
2320 981 2554 1042 ccelum,
2589 988 2790 1035 terram
2813 1018 2828 1044 ,
2864 994 3016 1033 mare
3043 1020 3057 1045 ,
3092 979 3291 1049 pisces,
3331 981 3606 1045 volucres,

2021 1072 2407 1143 quadrupedes
2438 1072 2644 1127 bestias
2670 1111 2684 1135 ,
2734 1081 2793 1126 et
2823 1072 2878 1126 in
2934 1072 3021 1126 bis
3052 1072 3328 1127 hominem
3375 1074 3552 1141 ipsum
3590 1092 3605 1127 :

2022 1166 2115 1220 sed
2146 1181 2213 1219 ne
2244 1166 2589 1220 occasionem
2640 1167 2847 1220 errOris
2891 1163 3021 1219 hinc
3050 1164 3133 1219 sui
3164 1165 3473 1234 arriperent
3513 1169 3606 1237 qui

2022 1255 2252 1308 fortuito
2285 1270 2411 1308 casu
2465 1264 2581 1307 orta
2629 1255 2925 1324 perhibent
2977 1254 3200 1318 omnia,
3261 1253 3456 1307 diebus
3514 1270 3608 1310 sex

2021 1348 2288 1401 mundum
2341 1347 2489 1401 hunc
2547 1347 2835 1401 absolvere
2876 1347 3087 1413 voluit,
3142 1347 3607 1416 quemadmodum

2021 1454 2224 1493 aureus
2254 1447 2438 1491 orator
2479 1438 2569 1492 ille
2597 1439 2837 1493 Joannes
2873 1439 3057 1493 tradit.
3095 1439 3224 1492 Nam
3250 1442 3293 1494 si
3320 1441 3422 1495 hoc
3443 1444 3607 1494 etiam

2026 1533 2189 1586 modo
2218 1532 2421 1586 creatis
2453 1532 2829 1600 absolutisque
2862 1533 3051 1594 rebus,
3094 1535 3209 1586 ausi
3235 1534 3452 1602 quidam
3482 1544 3609 1587 sunt

2022 1624 2319 1695 imaginari
2346 1639 2476 1677 casu
2530 1625 2768 1694 quodam
2809 1632 2983 1688 ortas,
3012 1626 3187 1678 multo
3224 1626 3396 1690 magis
3442 1627 3492 1679 id
3525 1627 3609 1679 fe-

2021 1714 2249 1777 cissent,
2284 1714 2327 1768 si
2361 1714 2567 1782 pariter
2599 1713 2905 1784 eodemque
2932 1723 3176 1783 tempore
3208 1716 3441 1769 conditm
3477 1716 3611 1770 fuis-

2018 1815 2160 1862 sent.
2197 1806 2631 1861 Placuit'itidem
2684 1807 2796 1860 Deo
2846 1822 2941 1861 sex
2985 1814 3194 1860 tantum
3246 1807 3464 1869 diebus,
3499 1826 3606 1862 non

2017 1899 2270 1969 pluribus
2320 1914 2425 1953 nec
2476 1897 2831 1968 paucioribus
2873 1898 3154 1967 opiﬁcium
3190 1899 3377 1953 mundi
3441 1900 3608 1970 hujus

2016 1991 2327 2056 absolvere,
2357 2000 2417 2043 ut
2446 1991 2716 2044 sciremus
2745 1990 2907 2044 nobis
2930 2004 3150 2059 quoque
3186 2006 3277 2043 sex
3313 1990 3607 2061 cujuslibet

2016 2082 2341 2151 septimana:
2386 2082 2581 2137 diebus
2610 2080 2995 2144 laborandum,
3030 2083 3435 2151 septimumque
3458 2082 3605 2136 diem

2016 2175 2120 2229 soli
2158 2173 2517 2229 celebratidni
2549 2173 2753 2228 divinae
2800 2173 3252 2242 impendentium.
3282 2174 3414 2227 Nam
3440 2188 3501 2227 ea
3538 2176 3607 2227 de

2016 2281 2181 2321 causa
2227 2266 2421 2335 Opifex
2460 2280 2681 2335 quoque
2710 2274 2900 2320 noster
2929 2266 2998 2320 ab
3040 2264 3299 2321 omnibus
3345 2266 3609 2334 operibus

2015 2358 2133 2413 suis
2184 2358 2421 2427 septimo
2452 2357 2542 2412 die
2576 2357 2808 2427 quievit.
2845 2358 2959 2413 Nec
3003 2366 3089 2413 est
3123 2358 3270 2427 quod
3315 2358 3606 2411 Dominum

2017 2451 2072 2504 in
2111 2450 2406 2521 Evangelio
2455 2451 2643 2505 dicere
2713 2452 2937 2506 mireris
2977 2469 2991 2505 :
3036 2470 3054 2503 ι
3087 2452 3252 2506 Patet-
3289 2466 3445 2505 meus
3479 2466 3616 2520 epe-

2018 2551 2170 2597 ratur
2203 2543 2493 2608 hactenus,
2525 2552 2581 2597 et
2617 2544 2733 2613 ipse
2791 2558 2993 2613 operor
3027 2544 3067 2595 ¹.
3105 2560 3123 2594 ι
3153 2543 3288 2597 Nam
3329 2552 3442 2595 tum
3479 2542 3610 2611 qui-

2015 2636 2139 2690 dem
2172 2635 2467 2705 temporis,
2506 2643 2566 2688 ut
2622 2635 3052 2705 Chrysostomus
3082 2636 3182 2701 ait,
3242 2636 3309 2689 ab
3342 2636 3608 2703 operibus

2018 2728 2295 2783 universis
2344 2727 2577 2797 quievit,
2641 2727 2746 2779 hoc
2794 2735 2881 2781 est
2919 2742 3111 2781 creare
3156 2728 3366 2782 desiit:
3400 2728 3607 2797 quippe

2017 2831 2142 2891 post
2173 2832 2389 2878 sextum
2424 2822 2570 2875 diem
2632 2819 3062 2891 haudquaquam
3114 2821 3168 2874 iu
3199 2830 3379 2873 ortum
3407 2821 3475 2872 de
3517 2820 3606 2872 ni-

2017 2914 2133 2968 hilo
2158 2913 2460 2982 quidquam
2522 2913 2802 2983 produxit.
2845 2911 2983 2979 Quia
3023 2927 3157 2966 vero
3212 2912 3516 2966 secundum
3548 2911 3604 2964 id

2016 3014 2202 3061 creata
2227 3021 2560 3061 conservare
2609 3021 2721 3059 non
2747 3007 3003 3069 cessavit,
3032 3006 3240 3074 absque
3280 3020 3390 3074 quo
3422 3005 3602 3070 foret,

2018 3099 2077 3151 in;
2110 3097 2442 3151 hodiernum
2494 3096 2583 3150 illa
2649 3096 2793 3149 diem
2845 3110 2953 3148 non
3003 3094 3340 3159 durassent,
3396 3094 3605 3150 idcirco

2013 3188 2180 3243 etiam
2218 3186 2382 3241 modo
2423 3202 2531 3241 non
2561 3186 2660 3240 abs
2695 3201 2753 3241 re
2782 3185 2998 3256 Operari
3034 3185 3256 3241 dicitur.

2032 3464 2037 3471 ’
2090 3465 2383 3519 Enimvero
2421 3463 2598 3533 primo
2633 3463 2723 3518 die
2749 3462 2950 3518 corium
2986 3477 3049 3517 ac
3077 3469 3277 3517 terram
3309 3462 3599 3528 condidit,

2015 3558 2215 3613 malum
2247 3598 2259 3621 ,
2300 3558 2526 3627 inquam
2551 3597 2565 3621 ,
2625 3557 2760 3611 illud
2809 3557 3106 3627 princeps,
3165 3557 3555 3626 perpulchrum
3583 3598 3599 3621 ,

2015 3652 2289 3706 sideribus
2315 3665 2535 3715 carens,
2557 3650 2626 3704 de
2681 3650 2842 3719 cujus
2882 3650 3121 3721 imagine
3174 3649 3407 3703 Ioannes
3433 3665 3604 3705 evan-

2014 3743 2204 3814 gelicze
2231 3752 2426 3797 auctor
2466 3742 2736 3806 historiae,
2767 3742 2835 3796 de
2866 3749 3122 3797 secutura
3154 3740 3457 3794 secundum
3488 3741 3603 3795 lucc

2014 3852 2198 3890 rerum
2259 3836 2663 3889 instauratione
2707 3835 2941 3902 loquens
2987 3833 3043 3886 in
3092 3830 3445 3886 Revelatione
3477 3847 3598 3897 sua,

2015 3927 2095 3981 sic
2128 3928 2223 3980 ait.
2267 3944 2285 3976 ι
2326 3924 2590 3979 Videbam
2645 3924 2849 3978 ccelum
2899 3919 3105 3975 novu'm
3164 3929 3475 3989 terramque
3503 3938 3603 3976 no-

2012 4034 2160 4085 vam,
2194 4027 2251 4073 et
2288 4032 2439 4071 mare
2466 4016 2621 4086 prius
2652 4030 2921 4084 nusquam
2954 4002 3073 4067 erat
3095 4015 3137 4067 ’.
3173 4032 3191 4063 ι

2091 4130 2109 4161 ι
2172 4111 2320 4164 Deus
2347 4150 2362 4174 ,
2429 4126 2447 4159 ›
2477 4109 2556 4162 ait
2589 4122 2759 4162 sacra:
2801 4106 3046 4161 historia’
3095 4106 3354 4175 scriptor,
3385 4124 3404 4156 ι
3439 4106 3600 4161 initio

2013 4202 2215 4257 coelum
2271 4210 2327 4255 et
2359 4212 2560 4256 terram
2593 4199 2805 4254 creavit
2852 4199 2893 4251 ³.
2953 4217 2973 4249 ι
3032 4198 3465 4263 Animadverte,
3497 4200 3596 4273 (ili,

2013 4294 2244 4349 dubium
2288 4294 2395 4348 hoc
2449 4293 2571 4348 loco
2620 4290 2884 4362 quiddam
2918 4290 3197 4354 incidere,
3248 4290 3344 4358 qui
3393 4299 3596 4345 costum

1987 4386 2166 4455 oprius
2219 4383 2567 4448 condiderit,
2628 4398 2692 4437 ac
2729 4381 2933 4437 deinde
2974 4388 3199 4435 terram.
3263 4379 3402 4433 Cum
3445 4381 3595 4434 enim

319 4489 621 4559 πρότερον,
661 4484 763 4542 εἷθ’
793 4489 964 4553 οὓτως
994 4493 1023 4544 6
1055 4491 1277 4560 ὄροφος,
1311 4491 1420 4545 ἔδει
1460 4492 1680 4555 πάντως
1728 4508 1909 4562 παρα-

2018 4480 2203 4550 priore
2244 4478 2366 4533 loco
2389 4477 2747 4533 fundamenta
2774 4475 3067 4546 iaciantur,
3099 4481 3267 4542 atque
3298 4473 3369 4526 ita
3393 4472 3597 4527 deinde

319 4578 525 4658 χθῆναι
576 4579 675 4651 τήν
728 4582 833 4650 γῆν
881 4584 975 4635 καὶ
1023 4584 1145 4635 τότε
1196 4585 1296 4635 τὸν·
1342 4584 1593 4652 οὐρανόν.
1634 4583 1793 4637 Ἀλλὰ
1830 4583 1905 4654 μὴ

319 4669 579 4739 Θαύμαζε
631 4669 827 4725 τούτου
878 4672 1087 4727 ἕνεκεν.
1149 4673 1369 4747 Ἐπειδὴ
1424 4674 1534 4743 γὰρ
1581 4674 1759 4728 πάντα
1812 4674 1905 4728 τοῦ

316 4762 462 4816 Θεοῦ
493 4764 636 4834 ὑπὲρ
668 4764 831 4832 φύσιν
874 4764 994 4818 ἐστὶ
1026 4767 1120 4820 καὶ
1158 4767 1359 4837 τέχνης
1403 4767 1747 4835 ἀκολουθίαν,
1784 4784 1906 4821 και-

316 4856 414 4910 νὸν
468 4856 689 4920 πάντως
733 4857 918 4923 οὐδὲν,
957 4857 1070 4926 εἴγε
1132 4859 1227 4911 καὶ
1278 4860 1371 4912 ἐπὶ
1420 4860 1519 4929 τῆς
1565 4859 1660 4912 τοῦ
1692 4859 1903 4930 κόσμου

314 4948 519 5003 τούτου
544 4951 890 5019 παραγωγῆς
921 4949 1010 5002 τὸν
1061 4950 1293 5019 οὐρανὸν
1329 4950 1558 5019 ἐποίησε
1608 4951 1900 5021 πρότερον,

318 5038 445 5096 εἶτα
474 5043 575 5110 τὴν
600 5042 724 5111 γῆν.
758 5043 868 5094 Καὶ
897 5039 1040 5094 οὕτω
1074 5040 1172 5110 μὲν
1212 5043 1240 5093 6
1284 5040 1562 5103 θειότατος
1604 5040 1862 5109 Ἰωάννης
1886 5056 1899 5070 '

316 5136 503 5202 ἕτεροι
533 5133 590 5187 δέ
621 5151 788 5203 φασιν
823 5134 905 5187 ὅτι
948 5135 976 5187 6
1011 5132 1405 5203 ἀριστοτέχνης
1447 5132 1582 5197 Θεὸς
1618 5134 1712 5185 τδν
1739 5134 1903 5203 οὐρα-

313 5227 412 5280 νὸν
434 5225 702 5296 πρότερον
739 5223 1106 5294 παραγαγὼν,
1140 5219 1263 5278 εἶτα
1304 5224 1404 5295 τὴν
1432 5226 1557 5295 γῆν,
1592 5225 1908 5295 ἀπόρρητον

318 5318 491 5372 αὐτοῦ
522 5318 716 5385 σοφίαν
738 5317 836 5371 καὶ
870 5319 1065 5388 τέχνην
1095 5318 1463 5387 παρέστησεν.
1513 5317 1735 5387 Ἐπειδὴ
1772 5316 1906 5386 γὰρ,

2018 4580 2222 4626 tectum
2256 4572 2572 4641 imponatur
2610 4568 2882 4629 aediliciis,
2915 4565 3140 4620 omnino
3173 4574 3315 4620 terra
3340 4566 3498 4633 prius
3539 4566 3593 4619 in

2014 4673 2196 4717 ortum
2231 4662 2587 4731 producenda
2623 4670 2782 4725 erat,
2840 4673 2903 4713 ac
2956 4667 3071 4712 tum
3112 4656 3334 4711 demum
3392 4659 3592 4713 cmlum

2015 4769 2237 4824 quoque
2284 4754 2607 4809 creandum.
2635 4753 2839 4805 Verum
2886 4751 3048 4805 aliter
3081 4752 3257 4820 egisse
3292 4752 3463 4805 Deum
3499 4768 3598 4805 ne-

2015 4862 2291 4918 quaquam
2342 4845 2441 4900 tibi
2492 4846 2694 4898 mirum
2744 4842 3020 4898 videatur.
3068 4842 3203 4896 Nam
3251 4859 3374 4898 cum
3425 4860 3591 4914 opera

2018 4941 2193 5011 ipsius
2221 4939 2403 4993 omnia
2436 4946 2649 4991 naturae
2679 4936 2826 5007 leges
2856 4934 3126 4990 excedant
3153 4943 3210 4989 et
3241 4950 3459 4990 omnem
3501 4952 3592 4989 ar-

1975 5029 1987 5039 ’
2015 5034 2084 5089 tis
2114 5032 2339 5096 seriem,
2370 5029 2510 5083 nihil
2555 5043 2758 5083 novum
2781 5066 2797 5094 ,
2826 5027 2872 5081 si
2905 5028 3070 5081 etiam
3104 5026 3159 5080 in
3212 5028 3401 5080 mundi
3437 5043 3592 5081 crea-

2011 5130 2162 5183 tione
2191 5124 2389 5178 coelum
2422 5122 2611 5191 priore
2641 5121 2785 5183 loco,
2816 5127 3019 5173 terram
3048 5118 3291 5172 secundo
3321 5119 3588 5174 condidit.

2012 5222 2127 5276 Hoc
2160 5217 2325 5272 modo
2352 5196 2701 5271 divinus'ille
2732 5213 2970 5269 Joannes
3010 5211 3155 5266 hanc
3182 5210 3587 5266 dubitationem

2008 5311 2329 5382 explicavit.
2378 5310 2483 5364 Alii
2512 5324 2646 5365 vero
2678 5308 2871 5363 dicunt
2911 5308 3083 5360 Deum
3136 5319 3412 5359 summum
3458 5306 3590 5356 arti-

316 5412 401 5473 ὡς
427 5414 454 5464 6
484 5412 553 5465 τὰ
586 5410 708 5463 θεῖα
741 5410 907 5480 σοφὸς
952 5410 1254 5481 Γρηγόριος
1291 5413 1318 5462 6
1366 5409 1595 5475 Νύσσης
1630 5408 1794 5479 φησὶν
1822 5410 1904 5460 ὅτι

2018 5408 2163 5463 ίὶοειη
2196 5405 2433 5475 primum
2468 5403 2608 5457 caelo
2641 5401 2866 5457 condito
2890 5397 3089 5453 deinde
3121 5393 3315 5451 terram
3347 5410 3582 5454 creasse,

314 5500 413 5555 διὰ
457 5501 556 5571 τῆς
613 5501 799 5565 ὀξείας
855 5503 1124 5571 κινήσεως
1175 5501 1271 5554 τοῦ
1329 5501 1588 5570 οὐρανίου
1649 5500 1904 5568 σώματος

314 5592 609 5663 ὲδράζεται
664 5593 812 5646 κατὰ
878 5591 1061 5662 χώρας
1120 5593 1153 5662 ή
1204 5594 1276 5660 γῆ
1337 5592 1431 5644 καὶ
1498 5588 1900 5656 συσφίγγεται,

435 5753 593 5814 Joan-
628 5773 687 5821 ι’,
720 5755 809 5812 l7.
892 5757 912 5787 ’
940 5757 1111 5824 Apoc.
1145 5771 1256 5824 XXI,
1289 5755 1337 5809 1.
1416 5757 1436 5788 ³
1474 5755 1610 5810 Gen.
1647 5769 1683 5819 ι,
1725 5752 1775 5805 1.

2007 5508 2065 5552 ut
2098 5499 2203 5552 hoc
2234 5498 2353 5566 ipso
2382 5494 2713 5551 inell‘abilem
2759 5490 3082 5561 sapientiam
3119 5500 3401 5556 artemque
3427 5501 3581 5538 suam

2003 5591 2328 5647 declararet.
2384 5590 2517 5645 Nam
2553 5603 2678 5644 cum
2723 5587 2792 5642 de
2837 5583 3111 5640 sententia
3145 5578 3395 5649 Gregorii
3444 5578 3575 5649 Nys-
