3968 6228
334 391 410 456 33

1659 401 1961 459 ANNALll

2105 399 2295 458 mus
2337 397 2383 457 Ι.
3556 355 3622 448 3‘4

352 507 622 576 συστολὴν
679 508 778 562 τοῦ
839 513 1012 580 φωτὸς
1069 509 1252 579 χώραν
1297 511 1496 566 αὐτίκα
1547 511 1730 574 λαϐὸν,
1767 514 1944 566 ἐκεῖνο

2070 502 2248 573 ῖίδεοι,
2288 509 2468 563 lucem
2526 505 2748 577 quidem
2801 504 3104 572 appellasse
3147 501 3331 564 diem.
3365 499 3624 554 tenebras

361 599 525 654 νύκτα
558 601 818 656 ἐκάλεσε.
860 621 878 654 ι
917 605 1022 657 Καὶ
1047 604 1263 670 ἐγένετο
1287 622 1304 654 ι
1341 604 1447 673 γάρ
1475 621 1639 673 φησιν
1669 626 1684 656 ι
1711 604 1938 674 ἑσπέρα,

374 696 462 747 καὶ
511 695 736 761 ἐγένετο
797 695 942 765 πρωῒ
996 697 1176 766 ἡμέρα
1225 696 1343 765 μία.
1395 716 1414 748 ι
1451 697 1563 750 Καὶ
1621 697 1809 748 πείθου
1864 696 1941 766 τῷ

377 783 590 855 μεγάλῳ
641 787 914 857 Βασιλείῳ
963 788 1172 857 λέγοντι
1213 790 1294 842 ὅτι
1333 791 1500 859 ἡπρὸ
1546 790 1645 857 τῆς
1677 790 1939 856 γενέσεως

374 880 460 931 τοῦ
500 881 677 947 φωτὸς
724 883 782 931 ὲν
823 880 898 950 τῷ
951 881 1137 950 κόσμῳ
1167 883 1500 945 κατάστασις
1549 883 1672 949 οὐχὶ
1720 881 1812 945 νὺξ
1853 877 1940 948 ἦν,

374 967 502 1021 ἀλλὰ
530 970 743 1034 σκότος.
780 969 853 1021 Τὸ
881 971 1065 1037 μέντοι
1094 970 1376 1024 ὃιασταλὲν
1404 969 1540 1039 1:96.:
1576 969 1672 1038 τὴν
1706 970 1940 1038 ἡμέραν,

373 1058 528 1111 τοῦτο
562 1059 659 1125 νὺξ
709 1060 1030 1130 ὠνομάσθη,
1063 1062 1201 1130 ὅπερ
1241 1063 1513 1129 νεωτέρας
1568 1061 1944 1131 προσηγορίας

375 1151 509 1220 μετὰ
577 1151 675 1221 τὴν
738 1153 954 1222 ἡμέραν
1016 1153 1337 1222 τετύχηκεν.
1395 1152 1604 1206 Οὐκοῦν
1667 1152 1701 1222 ἡ
1761 1152 1945 1221 ἡμέρα

375 1245 700 1308 προηγεῖται
735 1245 830 1310 τῆς
867 1243 1080 1306 νυκτός.
1113 1245 1184 1295 Τὸ
1225 1244 1332 1312 γὰρ
1377 1243 1493 1312 φῶς
1547 1246 1724 1296 ἐκεῖνο
1765 1244 1945 1296 διακε-

377 1334 607 1400 χυμένον
655 1331 714 1383 ὃν
761 1333 1074 1401 ἁπανταχοῦ
1134 1335 1508 1387 συνεστέλλετο
1553 1335 1799 1387 κελεύσει
1851 1333 1946 1387 τοῦ

382 1419 794 1486 παραγαγόντος
837 1423 970 1474 αὐτὸ
1003 1421 1162 1488 Θεοῦ,
1200 1425 1625 1492 συστελλόμενον
1681 1425 1736 1478 δὲ
1785 1426 1949 1496 πάρο-

378 1511 464 1562 δον
492 1511 668 1564 ἐδίδου
698 1515 765 1582 τῇ
797 1515 976 1579 νυκτὶ,
1014 1515 1159 1570 καθά
1197 1533 1362 1585 φησιν
1402 1516 1687 1581 Ἰουστῖνος
1736 1519 1763 1571 6
1799 1517 1950 1586 φιλό-

383 1618 540 1670 σοφος
585 1601 613 1653 6
661 1605 753 1657 καὶ
815 1605 1027 1675 μάρτυς
1067 1607 1331 1677 Χριστοῦ,
1363 1607 1458 1662 καὶ
1513 1608 1633 1679 μετ’
1676 1609 1890 1662 ἐκεῖνον
1921 1610 1950 1662 6

385 1696 554 1763 μέγας
599 1698 900 1763 Βασίλειος.
944 1697 1140 1755 Ἔνθεν
1173 1719 1259 1756 τοι
1311 1701 1409 1756 καὶ
1446 1703 1506 1757 τὸ
1543 1703 1719 1774 μῆκος
1767 1705 1950 1774 ἀμφο-

381 1789 552 1856 τέρων
615 1792 1003 1847 ὲπισυνάπτων
1068 1795 1097 1846 6
1149 1793 1348 1864 Μωσῆς
1398 1794 1496 1848 κα1⁵
1547 1795 1678 1864 μίαν
1738 1798 1954 1868 ἡμέραν

2053 619 2186 656 vero
2217 613 2438 656 noctem
2468 643 2482 667 ,
2513 602 2709 654 mirum
2753 599 2805 652 id
2837 607 3016 652 tamen
3048 610 3392 664 nequaquam
3425 593 3521 646 tibi
3546 593 3616 646 vi-

2053 695 2266 748 deatur.
2305 693 2519 764 Quippe
2539 710 2646 748 non
2666 693 2952 761 caliginem
2981 689 3128 744 illam
3147 688 3406 756 priorem,
3436 702 3625 756 quem-

2053 787 2347 840 admodum
2406 786 2462 838 in
2529 784 2688 839 libris
2729 783 3014 852 Originum
3067 781 3183 835 suis
3235 780 3440 834 sentire
3475 777 3626 832 Jose-

2054 881 2196 948 phus
2229 879 2469 941 videtur,
2509 877 2603 932 sed
2651 892 2769 930 eam
2806 891 2926 944 quae
2956 884 3079 944 post
3108 874 3484 928 collectionem
3538 871 3626 923 lu-

2055 977 2134 1024 eis
2193 985 2354 1024 suum
2421 985 2542 1022 mox
2607 968 2784 1020 locum
2819 965 3076 1034 accepit,
3136 976 3351 1018 noctem
3389 961 3626 1014 vocavit.

2057 1063 2200 1117 Sunt
2241 1065 2389 1118 enim
2428 1063 2545 1116 haec
2578 1061 2739 1114 verba
2772 1060 2933 1113 Mesis
2965 1077 2979 1113 :
3024 1077 3040 1107 ι
3107 1057 3271 1110 Paeto
3306 1069 3533 1122 vespere
3568 1069 3630 1106 ac

2057 1167 2218 1205 mane
2260 1152 2378 1206 dies
2435 1167 2578 1205 unus
2626 1148 2858 1204 exstitit.
2901 1166 2918 1198 ι
2979 1145 3187 1198 idcirco
3215 1143 3399 1212 potius
3435 1152 3631 1207 magno

2057 1245 2258 1298 Basilio
2291 1245 2450 1298 tidem
2481 1244 2640 1304 babe,
2676 1242 2768 1310 qui
2803 1242 2878 1294 ait
2910 1253 3035 1291 eum
3068 1246 3268 1290 statum
3306 1247 3512 1290 rerum.
3535 1228 3629 1299 qui

2053 1347 2181 1390 ante
2207 1337 2346 1391 lucis
2377 1345 2557 1389 ortum
2592 1335 2645 1388 in
2683 1333 2885 1387 mundo
2909 1329 3205 1393 exstiterit,
3243 1343 3348 1380 non
3391 1331 3632 1387 noctem,

2057 1430 2148 1483 sed
2181 1432 2440 1483 tenebras
2461 1427 2658 1490 fuisse,
2683 1441 2808 1479 cum
2841 1425 2893 1479 id
2925 1422 3073 1494 quod
3104 1421 3214 1475 diei
3244 1417 3444 1474 deinde
3466 1430 3635 1484 oppo-

2057 1521 2223 1576 situm
2272 1518 2439 1572 fuerit
2468 1557 2483 1582 ,
2515 1519 2696 1572 noctis
2731 1532 2932 1570 nomen
2981 1513 3276 1582 acceperit,
3309 1508 3634 1579 appellatio-

2059 1623 2186 1663 nem
2243 1608 2456 1664 scilicet
2493 1607 2603 1662 diei
2660 1622 2796 1661 voce
2853 1605 3238 1659 recentiorem.
3286 1602 3636 1669 QuaprOpter

2058 1708 2277 1756 noctem
2318 1699 2438 1753 dies
2470 1697 2752 1768 praacedit.
2783 1696 2918 1750 Nam
2967 1695 3060 1749 lux
3099 1693 3188 1747 illa
3221 1692 3349 1746 hinc
3376 1687 3504 1743 inde
3531 1685 3636 1741 dil-

2059 1791 2179 1846 l'usa
2206 1790 2568 1861 colligebatur
2593 1787 2850 1842 mandato
2887 1787 3020 1853 Dei,
3055 1786 3149 1854 qui
3194 1798 3312 1839 eam
3364 1779 3631 1836 condide-

381 1880 695 1950 ἀποκαλῶν,
725 1881 868 1935 οὕτω
895 1885 991 1954 τὴν
1022 1884 1359 1956 ὲκμέτρησιν
1396 1886 1506 1940 τῶν
1541 1887 1751 1958 χρόνων
1784 1891 1951 1956 ποιεῖ,

2070 1894 2144 1939 rat
2174 1903 2188 1949 ;
2227 1884 2458 1938 collecta
2490 1896 2641 1946 vero,
2674 1890 2733 1934 ut
2754 1880 2952 1936 Justiui
2977 1875 3284 1948 philos0pbi
3315 1870 3634 1939 Christique

387 1992 405 2022 ι
433 1973 542 2026 Καὶ
574 1975 796 2042 ἐγένετο
835 1995 854 2028 ι
884 1976 1062 2044 λέγων
1098 1995 1116 2029 ι
1152 1979 1383 2049 ἑσπέρα,
1408 1981 1502 2034 καὶ
1547 1981 1770 2050 ἐγένετο
1808 1983 1956 2052 πρωϊ

378 2062 565 2133 ἡμέρα
607 2065 727 2134 μία.
786 2065 830 2119 ι’
853 2065 1150 2136 Ἐπίγνωθι
1181 2067 1296 2134 οὖν,
1328 2071 1602 2141 άγαπητὲ,
1635 2071 1712 2136 ὡς
1753 2074 1867 2141 εἴγε
1897 2075 1959 2127 τὸ

381 2151 575 2214 σκότος
620 2154 798 2206 ἐκεῖνο
829 2158 1129 2224 προηγεῖτο
1175 2155 1278 2225 τῆς
1323 2157 1561 2228 ὴμέρας,
1593 2161 1807 2214 ἐκεῖθεν
1839 2161 1905 2215 ἂν
1930 2164 1959 2215 ὁ

379 2241 587 2311 Μωσῆς
631 2245 728 2296 καὶ
770 2244 867 2316 τὴν
912 2246 1023 2301 τῶν
1073 2251 1296 2320 ἡμερῶν
1327 2251 1562 2305 ἐποιεῖτο
1598 2253 1978 2324 ὲκμέτρησιν.·

379 2333 562 2387 Ταῦτα
592 2335 694 2404 μὲν
721 2333 813 2390 οὖν
851 2339 1158 2394 ἐπιϐεϐαιοῖ
1187 2344 1278 2394 καὶ
1333 2343 1493 2406 αὐτὸς
1523 2345 1550 2397 6
1577 2335 1676 2413 τὴν
1705 2345 1959 2412 γλῶτταν

379 2424 636 2494 χρυσοῦς.
671 2427 759 2480 Ἐν
791 2428 901 2497 γάρ
943 2432 1010 2499 τῇ
1049 2434 1128 2494 είς
1157 2433 1254 2501 τὴν
1296 2430 1636 2504 Ἐξαήμερον
1673 2437 1834 2508 τρίτῃ
1859 2436 1962 2489 αὑ-

379 2516 473 2567 τοῦ
508 2517 693 2588 ὁμιλίᾳ
720 2521 884 2588 φησὶν
913 2521 993 2574 ὅτι
1031 2523 1198 2576 εἰπὼν
1235 2526 1262 2578 6
1290 2525 1521 2594 Μωσῆς,
1552 2545 1570 2577 ι
1605 2527 1716 2580 Καὶ
1743 2527 1962 2596 ἐγένετο

379 2609 589 2678 ἑσπέρα
622 2612 716 2663 καὶ
746 2613 962 2680 ἐγένετο
991 2615 1136 2684 πρωῒ
1173 2617 1353 2686 ἡμέρα
1384 2622 1540 2686 pia,»
1569 2617 1736 2683 ἔδειξε
1769 2619 1960 2689 σαφῶς

377 2697 462 2750 ὅτι
497 2696 558 2750 τὸ
597 2698 743 2759 τέλος
767 2702 864 2770 τῆς
888 2703 1080 2765 νυκτὸς
1108 2701 1384 2773 πλήρωμα
1408 2706 1506 2775 τῆς
1535 2707 1746 2776 ἡμέρας
1772 2709 1922 2761 ἐστίν
1943 2726 1958 2741 ο

377 2787 474 2840 ἐπὶ
521 2788 630 2858 γὰρ
677 2789 851 2862 τούτῳ
905 2793 1000 2847 καὶ
1045 2795 1370 2866 ἀμφοτέρων
1411 2796 1473 2848 τὸ
1525 2799 1698 2867 μῆκος
1738 2800 1958 2870 ἡμέραν

382 2877 514 2946 μίαν
538 2878 767 2943 εἰκότως
810 2881 1090 2937 ἐκάλεσεν.
1135 2883 1293 2937 οὕτω
1342 2884 1440 2954 μὲν
1468 2882 1560 2940 οὖν
1594 2889 1621 2939 ό
1651 2888 1824 2957 μέγας
1853 2890 1961 2943 Ba.-

381 2971 582 3034 σίλειος
633 2973 764 3042 περὶ
800 2973 895 3027 τοῦ
935 2975 1180 3038 Μωσέως
1214 2976 1400 3045 φησὶν,
1430 2977 1516 3031 ἵνα
1563 2977 1632 3032 τὰ
1694 2981 1961 3050 πρεσϐεῖα

380 3061 486 3129 τῆς
525 3063 796 3128 γενέσεως
853 3064 1037 3132 ἀποδῷ
1072 3067 1140 3137 τῇ
1189 3067 1392 3137 ἡμέρᾳ,
1422 3068 1686 3139 πρότερον
1735 3066 1859 3124 εῐπε
1901 3071 1962 3124 τὸ

383 3153 559 3222 πέρας
588 3153 690 3224 τῆς
717 3156 949 3226 ἡμέρας,
980 3153 1098 3212 εἶτα
1117 3159 1218 3230 τῆς
1248 3160 1469 3228 νυκτὸς,
1501 3160 1577 3226 ὡς
1611 3163 1957 3234 ὲφεπομένης

380 3244 484 3314 τῆς
519 3246 714 3309 νυκτὸς
745 3251 813 3319 τῇ
847 3251 1052 3321 ἡμέρᾳ.
1089 3251 1260 3321 "Arge;
1293 3252 1480 3306 λοιπον
1516 3255 1585 3308 τὰ
1634 3254 1728 3307 τοῦ
1774 3255 1958 3327 Ἰωσήο

384 3352 522 3390 πουο
576 3340 800 3404 σκότους
851 3341 958 3414 γὰρ
1009 3344 1217 3409 ἐκεῖνος
1260 3346 1336 3410 ὡς
1395 3345 1647 3410 Ἰουδαῖος
1695 3347 1957 3417 ὑπάρχων

389 3432 590 3501 μεστὸς
625 3433 929 3504 ἀναϐλέψαι
963 3437 1101 3507 πρὸς
1129 3438 1190 3491 τὸ
1223 3439 1337 3507 φῶς
1370 3439 1467 3491 οὐκ
1513 3439 1803 3509 ἠθέλησεν.
1832 3441 1960 3493 Ἕν-

387 3531 478 3580 Θεν
513 3544 598 3582 τοι
620 3529 714 3582 καὶ
735 3530 838 3600 τὴν
867 3530 1038 3586 νύκτα
1059 3533 1157 3602 τῆς
1190 3534 1401 3605 ἡμέρας
1422 3532 1711 3604 προέταξε.

2062 1977 2220 2031 testis
2254 1990 2317 2029 ac
2349 1972 2605 2028 eumdem
2659 1972 2835 2027 secuti
2875 1970 3057 2025 Basilii
3093 1966 3277 2022 verbis
3309 1975 3450 2027 utar,
3482 1959 3633 2016 nocti

2060 2069 2214 2124 velut
2253 2067 2466 2122 aditum
2523 2065 2812 2136 q’ucmdam
2867 2061 3251 2132 patefaciebat.
3303 2059 3422 2124 Quo
3480 2054 3538 2109 lit
3573 2061 3635 2107 ut

2061 2161 2302 2229 Spatium
2341 2159 2630 2228 utriusque
2681 2157 3019 2227 conjungens
3051 2153 3250 2214 Moses,
3282 2151 3448 2218 idque
3487 2148 3633 2200 diem

2061 2252 2346 2322 appellans
2395 2265 2585 2312 unum,
2649 2248 2917 2317 temporis
2971 2259 3284 2300 mensuram
3341 2241 3635 2312 quamdam

2065 2344 2337 2407 instituat,
2371 2357 2496 2396 cum
2528 2341 2628 2404 ait,
2691 2359 2708 2392 ι
2749 2340 2916 2394 Facto
2967 2351 3194 2407 vespere
3237 2351 3301 2390 ac
3330 2348 3490 2388 mane
3518 2331 3637 2387 dies

2062 2450 2207 2488 unus
2273 2433 2501 2488 exstitit.
2561 2453 2580 2486 ι
2629 2431 2998 2498 Quamobrem
3057 2427 3508 2491 animadvertito,
3546 2425 3635 2480 di-

2061 2527 2202 2582 lecte
2242 2527 2317 2582 ﬁli
2351 2567 2366 2593 ,
2399 2526 2546 2596 quod
2599 2528 2643 2581 si
2695 2527 2871 2595 caligo
2909 2540 2972 2579 ea
3033 2524 3176 2578 diem
3221 2522 3635 2592 praecessisset,

2063 2621 2289 2676 omnino
2347 2621 2526 2676 Moses
2580 2620 2796 2674 dierum
2841 2618 2969 2673 inde
3019 2631 3334 2674 mensuram
3389 2615 3636 2669 facturus

2064 2714 2256 2768 fuerit.
2323 2713 2625 2768 Confirmat
2681 2713 2798 2768 haec
2847 2714 3014 2767 etiam
3065 2725 3264 2765 aureus
3321 2718 3508 2763 orator
3547 2707 3639 2762 ille

2063 2815 2277 2860 noster.
2313 2804 2454 2860 Sunt
2501 2807 2649 2860 enim
2686 2805 2802 2859 bazc
2850 2804 3022 2875 ipsius
3068 2804 3234 2857 verba
3266 2803 3515 2857 oratione
3560 2801 3639 2855 De

2063 2912 2157 2950 sex
2181 2895 2397 2950 dierum
2434 2895 2697 2965 operibus
2732 2895 2892 2950 tertia
2946 2913 2960 2948 :
3011 2914 3028 2946 ι
3056 2893 3194 2950 Cum
3243 2895 3378 2949 dicit
3413 2892 3590 2947 Moses
3621 2910 3636 2946 :

2066 2985 2235 3041 Facto
2272 3002 2500 3055 veSpere
2535 3002 2598 3040 ac
2641 3002 2803 3041 mane
2853 2987 2970 3041 dies
3030 3002 3174 3042 unus
3221 2985 3469 3049 evstitit,
3517 2999 3642 3055 per-

2067 3077 2256 3148 spicue
2300 3077 2684 3139 demonstrat,
2745 3077 2909 3130 linem
2950 3077 3129 3132 noctis
3181 3077 3454 3146 integrum
3494 3076 3638 3130 diem

2066 3169 2374 3224 absolvere.
2405 3167 2540 3223 Nam
2577 3185 2695 3224 eam
2734 3169 2804 3222 ob
2835 3185 3053 3223 causam
3086 3169 3373 3238 utriusque
3403 3171 3639 3238 spatium

2063 3273 2212 3318 recte
2234 3263 2378 3316 diem
2398 3277 2565 3315 unum
2592 3261 2901 3332 appellavit.
2927 3281 2946 3313 ›
2983 3261 3186 3314 Eodem
3222 3261 3381 3315 niudo
3409 3276 3641 3330 magnus

2067 3353 2233 3408 etiam
2269 3353 2505 3406 Basilius
2541 3352 2720 3421 inquit
2746 3352 2968 3413 Mosem,
2998 3360 3057 3404 ut
3084 3352 3298 3420 priores
3327 3361 3484 3406 ortus
3513 3367 3651 3421 par-r

2070 3454 2151 3500 tes
2179 3443 2288 3499 diei
2344 3443 2632 3506 tribueret,
2669 3443 2904 3512 primum
2937 3442 3042 3496 diei
3073 3443 3234 3496 linem
3267 3444 3638 3511 expressisse,

2068 3536 2269 3592 deinde
2344 3537 2558 3600 noctis,
2607 3544 2864 3604 tanquam
2923 3548 3084 3590 nocte
3139 3535 3285 3590 diem
3351 3544 3640 3604 sequente.

392 3619 584 3691 [Quin
639 3620 715 3691 (1)
749 3623 915 3676 etiam
956 3623 1324 3679 Damascenus
1370 3625 1462 3679 ille
1493 3623 1752 3691 Joannes,
1788 3625 1968 3694 capite
2009 3626 2363 3682 Decretorum
2431 3639 2656 3679 suorum
2722 3623 2812 3688 20,
2846 3623 2926 3678 sic
2971 3624 3038 3678 de
3070 3625 3174 3679 hac
3200 3626 3501 3696 quaestione
3532 3627 3646 3684 dis-

389 3714 524 3768 serit
555 3729 571 3767 :
609 3731 628 3764 ί
666 3715 826 3769 Prior
854 3715 1067 3771 exstitit
1095 3717 1248 3785 dies,
1279 3732 1343 3771 ac
1390 3733 1494 3774 nox
1528 3718 1824 3788 posterior.
1851 3717 2039 3788 Itaque
2071 3734 2182 3773 nox
2219 3718 2362 3772 diem
2429 3717 2697 3788 sequitur,
2729 3727 2784 3772 et
2852 3717 2921 3770 ab
2993 3718 3149 3772 initio
3206 3718 3315 3772 diei
3361 3721 3644 3789 noctisque

389 3819 743 3866 numeratur.
791 3830 810 3862 ι
842 3811 862 3884 ]
903 3812 1268 3879 Quamobrem
1340 3816 1421 3884 in_
1447 3815 1551 3870 hac
1605 3825 1758 3886 parte
1825 3815 2052 3871 missum
2089 3815 2224 3870 mihi
2262 3813 2561 3884 Joseplium
2605 3803 2777 3868 tacito
2801 3854 2815 3877 ,
2847 3815 2941 3882 qui
2972 3829 3095 3878 cum
3123 3853 3138 3878 ,
3186 3821 3244 3866 ut
3282 3794 3502 3868 natione
3549 3813 3645 3866 ,ιυ-

393 3909 566 3974 datus,
597 3908 848 3980 caliginis
878 3901 1072 3981 plenus
1109 3909 1278 3966 fuerit
1301 3952 1320 3977 ,
1369 3911 1436 3966 ad
1483 3913 1664 3966 lucem
1692 3911 1974 3982 suspicere
2011 3911 2209 3978 noluit,
2271 3926 2445 3982 eaque
2503 3911 2572 3965 de
2598 3925 2760 3964 causa
2791 3919 3008 3964 noctem
3042 3921 3168 3964 ante
3198 3910 3342 3963 diem
3390 3923 3644 3962 numera-

395 4007 499 4061 vit.

465 4098 576 4150 Καὶ
631 4097 849 4164 ἐγένετο
908 4099 1140 4168 ἑσπέρα,
1195 4099 1290 4152 καὶ
1331 4099 1548 4168 ἐγένετο
1602 4100 1748 4170 πρωῒ
1793 4103 1975 4172 ἡμέρα

401 4192 520 4260 μία.
559 4189 715 4254 Τίνος
752 4189 939 4243 ἕνεκεν
967 4189 1200 4244 ἐνταῦθα
1225 4186 1378 4244 εἶπεν
1401 4193 1585 4262 ἡμέρα
1616 4192 1734 4261 μία,
1761 4195 1854 4246 καὶ
1875 4195 1974 4246 οὐκ

399 4279 570 4351 εἶπεν,
606 4282 792 4353 ἡμέρα
817 4281 1045 4352 πρώτης
1082 4284 1277 4336 Καίτοι
1302 4300 1366 4351 γε
1399 4283 1556 4337 τοῦτο
1589 4280 1656 4354 ἦν
1682 4285 1974 4338 ἀκολουθο-

397 4390 575 4443 τερον,
601 4375 717 4440 εἴγε
747 4373 885 4442 μετὰ
917 4374 1090 4427 ταῦτα
1120 4374 1313 4444 ἔμελλε
1337 4376 1540 4444 λέγειν,
1575 4396 1592 4428 ι
1619 4379 1726 4430 Καὶ
1763 4381 1976 4447 ἐγένετο

2149 4102 2350 4156 Verum
2389 4117 2489 4154 cur
2523 4117 2688 4154 unum
2725 4101 2869 4154 diem
2920 4100 3111 4165 Moses,
3156 4117 3260 4152 non
3298 4099 3532 4169 primum
3561 4100 3643 4154 di-

2076 4195 2175 4259 xit,
2209 4210 2331 4249 eum
2363 4195 2439 4249 ait
2475 4213 2488 4249 :
2520 4214 2536 4246 ι
2594 4194 2759 4248 Facto
2801 4210 3026 4263 vespere
3059 4211 3119 4246 ac
3151 4209 3306 4248 mane
3356 4194 3474 4247 dies
3503 4209 3645 4248 unus

2075 4286 2324 4341 exstitit?
2364 4306 2382 4339 ›
2416 4285 2465 4357 5
2497 4285 2628 4349 Cur,
2673 4286 2916 4354 inquam,
2952 4301 3059 4339 non
3091 4285 3275 4354 potius
3321 4285 3458 4338 dixit
3483 4326 3496 4348 ,
3527 4283 3645 4338 dies

2077 4379 2287 4448 primus
2328 4379 2582 4432 exstitit?
2613 4376 2824 4431 Etenim
2865 4377 2968 4430 hoc
3000 4376 3199 4428 rationi
3225 4377 3395 4446 magis
3417 4391 3647 4430 consen-

397 4466 628 4536 ἑσπέρα,
663 4467 758 4518 καὶ
800 4465 1020 4533 ἐγένετο
1069 4465 1214 4534 πρωῒ
1257 4468 1440 4539 ἡμέρα
1493 4470 1762 4538 δευτέρα’
1807 4490 1824 4522 ›
1874 4471 1961 4539 τῆς

2082 4483 2300 4523 laneum
2338 4470 2548 4534 fuisset,
2605 4470 2824 4538 quando
2869 4469 3168 4522 secundum
3232 4467 3346 4520 haec
3401 4466 3648 4519 dicturus

396 4558 508 4627 γὰρ
551 4557 814 4630 δευτέρας
865 4560 958 4612 καὶ
1009 4559 1110 4628 τῆς
1144 4559 1335 4630 τρίτης
1390 4561 1451 4626 ἐξ
1495 4563 1742 4633 ἀνάγκης
1780 4563 1973 4634 πρώτη

398 4649 666 4721 κατάρχει
700 4667 761 4704 τε
796 4651 890 4705 καὶ
934 4654 1286 4723 προηγεῖται,
1320 4650 1488 4707 Εἵπεν
1535 4654 1628 4708 οὖν
1658 4657 1842 4726 ἡμέρα
1875 4657 1978 4724 μία

399 4744 460 4797 τὺ
514 4745 711 4815 μέτρον
775 4745 991 4815 ἡμέρας
1059 4747 1153 4798 καὶ
1217 4747 1410 4810 νυκτὸς
1473 4748 1824 4818 περιορίζων,
1883 4751 1976 4801 καὶ

405 4836 698 4889 συνάπτων
739 4835 833 4888 τοῦ
875 4837 1276 4906 ἡμερονυκτιου
1329 4837 1422 4890 τὸν
1479 4839 1692 4908 χρόνον,
1739 4839 1814 4902 ὡς
1867 4840 1975 4892 τῶν

403 4926 870 4997 εἰκοσιτεσσάρων
917 4928 1078 4997 ὡρῶν
1139 4930 1268 4998 μιᾶς
1315 4929 1710 5000 ὲκπληρουσῶν
1763 4932 1975 5001 ἡμέρας

401 5021 703 5090 διάστημα,
728 5023 1244 5090 συνυπακουομένης
1274 5025 1342 5094 τῇ
1386 5024 1568 5094 ἡμέρᾳ
1611 5023 1852 5093 δηλονότι
1885 5025 1980 5077 καὶ

401 5117 501 5184 τῆς
534 5114 765 5178 νυκτόςο
797 5115 891 5167 καὶ
928 5114 1035 5185 γὰρ
1064 5116 1099 5178 ἡ
1127 5114 1221 5166 τοῦ
1263 5114 1499 5183 οὐρανοῦ
1533 5115 1640 5166 ἀπὸ
1682 5115 1774 5168 τοῦ
1808 5117 1975 5169 αὑτοῦ

403 5207 628 5278 σημείου
683 5209 778 5260 ἐπὶ
825 5209 886 5260 τὸ
920 5208 1053 5261 αὐτὸ
1089 5207 1250 5262 πάλιν
1291 5207 1740 5270 ἀποκατάστασις
1775 5209 1833 5260 ὲν
1878 5211 1976 5280 μιᾷ

404 5302 587 5373 ἡμέρᾳ
612 5301 847 5370 γίνεται.

474 5481 587 5534 Καὶ
625 5482 761 5551 περὶ
808 5480 908 5551 μὲν
941 5481 1037 5551 τῆς
1072 5479 1262 5542 οὐσίας
1299 5478 1394 5533 τοῦ
1429 5478 1660 5549 οὐρανοῦ
1705 5479 1870 5533 πλέον
1918 5484 1980 5535 οὐ

476 5661 724 5732 (I)Quin
771 5660 930 5732 etiarn
991 5657 1350 5732 Damascenus
1403 5653 1494 5706 ille
1555 5655 1813 5720 Joannes,
1875 5665 1983 5732 etc.

411 5726 569 5788 Deest
590 5737 746 5788 locus
773 5730 864 5781 ille
887 5726 1204 5781 Damasceni
1235 5726 1287 5778 in
1315 5735 1546 5792 utroque
1583 5736 1774 5780 nostro
1799 5726 1987 5780 codice

413 5805 838 5858 Clarouioutano
893 5799 947 5850 in
974 5795 1029 5849 F.
1067 5805 1124 5850 et.
1153 5795 1216 5847 V.
1264 5810 1384 5847 cum
1415 5803 1617 5861 tamen,
1654 5805 1712 5849 ut
1744 5811 1809 5850 εχ
1868 5812 1984 5848 ver,

648 5897 929 5953 PATROL.
969 5892 1086 5950 Gn.
1143 5889 1400 5951 CLVIII.

2077 4572 2216 4626 erat,
2249 4563 2553 4632 «Factoque
2587 4577 2811 4630 vespere
2851 4576 2914 4614 ae
2955 4576 3113 4615 mane
3163 4560 3280 4613 dies
3307 4559 3444 4612 alter
3481 4558 3650 4612 exsti-

2083 4658 2168 4710 tit.
2205 4676 2224 4708 ι
2259 4657 2399 4721 Quin
2442 4657 2606 4708 etiam
2648 4653 2950 4708 secundum
2997 4661 3050 4705 et
3095 4652 3317 4706 tertium
3358 4652 3502 4706 diem
3539 4650 3650 4720 pri-

2079 4762 2200 4799 mus
2251 4745 2561 4800 necessario
2621 4742 2898 4812 praecedit.
2961 4741 3232 4796 Nimirum
3283 4742 3428 4794 diem
3482 4758 3646 4793 unum

2078 4839 2237 4899 dixit,
2262 4849 2576 4889 mensuram
2613 4835 2720 4888 diei
2759 4833 3048 4902 noctisque
3077 4833 3366 4898 deliuiens,
3408 4842 3463 4887 et
3489 4833 3649 4900 spatii

2079 4929 2262 4982 diurni
2319 4927 2687 4996 nocturnique
2736 4942 2958 4980 cursum
2994 4927 3350 4996 coniungens,
3395 4936 3652 4992 tauquam

2080 5021 2428 5089 evplentibus
2455 5019 2799 5072 intervallum
2841 5033 2906 5071 ac
2939 5029 3151 5087 tempus
3194 5018 3302 5072 diei
3357 5017 3650 5087 (noctein-

2083 5114 2242 5166 terim
2294 5113 2396 5164 sub
2429 5111 2540 5164 diei
2587 5111 2853 5163 vocabulo
2900 5111 3322 5179 comprehensa)
3356 5109 3547 5178 viginti
3599 5117 3656 5162 et.

2083 5213 2320 5274 quatuor
2349 5203 2522 5258 boris.
2552 5202 2683 5256 Nam
2711 5202 2830 5256 ω)Ιὶ
2872 5202 2941 5255 ab
2973 5218 3081 5255 uno
3116 5203 3418 5269 eodemque
3454 5213 3654 5268 puncto

2087 5296 2215 5348 moti
2248 5295 2315 5348 ad
2362 5295 2503 5349 idem
2535 5295 2779 5349 reversio
2813 5295 2923 5348 diei
2966 5295 3129 5348 unius
3159 5294 3336 5364 spatio
3369 5292 3482 5346 ﬁeri
3522 5308 3654 5344 con-

2089 5387 2289 5442 suevit.

2159 5478 2233 5533 De
2261 5478 2383 5534 cwli
2414 5489 2596 5533 autem
2627 5481 2863 5534 essentia
2912 5490 3214 5547 naturaque
3246 5477 3459 5532 curiose
3490 5471 3653 5540 quid-

2086 5655 2241 5709 sione
2267 5657 2564 5726 colligitur,
2589 5671 2695 5708 non
2732 5656 2972 5709 abfuerit
3004 5673 3031 5709 a
3065 5651 3655 5726 codiceLeuuvlavii;

2088 5729 2167 5778 sie
2222 5729 2370 5780 enim
2405 5723 2661 5780 'variaut
2733 5728 3065 5794 exemplaria
3109 5724 3284 5776 nostri
3339 5723 3657 5786 Cill‘tllltiluul

2089 5797 2284 5857 (λίπω.

3291 5890 3322 5922 ἑ)
