3968 6228
374 310 445 367 33
1653 310 1704 369 Μ
1724 311 2069 371 iClIAELlS
2105 309 2362 371 GLYC/E
3216 326 3222 330 ’
3556 314 3626 381 36

376 433 520 500 piam
555 428 759 499 inquiri
788 427 1026 498 amplius
1060 428 1205 483 haud
1248 436 1465 498 oportet
1496 438 1661 498 quam
1690 426 1839 499 quod
1866 443 1930 481 va

2058 428 2140 482 δεῖ
2188 428 2688 499 πολυπραγμονεῖν,
2740 429 2852 498 εἴγε
2894 429 2987 483 καὶ
3028 431 3231 499 μᾶλλον
3273 431 3317 484 ὃν
3340 433 3627 503 προφήτης

375 528 456 575 les
503 520 674 576 Isaias
723 520 930 586 dixit“,
963 519 1161 575 coelum
1197 534 1227 573 a
1284 520 1394 573 Deo
1438 529 1693 589 tanquam
1744 521 1950 575 fumum

372 610 665 682 quemdam
707 609 1011 664 stabilitum
1051 625 1170 665 esse
1196 627 1212 676 ;
1241 611 1444 680 quibus
1483 609 1668 663 verbis
1706 608 1825 678 ejus
1856 623 1955 662 na-

372 710 499 754 tara
534 681 848 754 declaratur
899 715 1025 756 esse
1071 701 1363 757 admodum
1408 701 1607 754 tenuis.
1650 699 1801 754 Plato
1827 698 1950 755 cmli

371 793 666 847 essentiam
699 801 951 848 constare
982 794 1148 848 tradit
1175 810 1243 848 ex
1268 802 1420 863 parte
1443 800 1681 863 quatuor
1708 793 1950 847 elemen-

374 894 553 941 torum
582 885 700 939 sive
729 885 1133 955 principiorum
1164 885 1432 940 lucidiore
1454 924 1469 948 ,
1507 893 1670 953 atque
1710 883 1799 938 illa
1831 883 1949 952 ipsa

375 990 436 1028 re
467 975 684 1031 caeteris
713 992 743 1029 a
783 975 1110 1045 corporibus
1142 974 1400 1030 secundis
1443 972 1695 1039 diﬂ'erre;
1725 988 1848 1027 nam
1882 989 1946 1028 ea

369 1068 439 1121 de
478 1080 632 1136 parte
667 1068 942 1123 crassiore
983 1076 1105 1124 orta
1162 1085 1305 1125 esse.
1348 1069 1583 1125 Secutus
1635 1079 1719 1125 est
1762 1077 1946 1125 autem

369 1160 469 1214 has
503 1161 791 1231 opiniones
827 1161 981 1216 Plato
1015 1171 1303 1232 propterea
1334 1162 1480 1232 quod
1511 1160 1791 1217 materiem
1826 1176 1947 1216 eor-

369 1253 521 1321 poris
552 1261 830 1322 expertem
867 1253 1250 1323 praeexsistere
1302 1262 1544 1323 putaret,
1577 1253 1645 1307 de
1674 1268 1782 1323 qua
1809 1251 1941 1307 oriri

367 1342 588 1397 volebat
640 1343 912 1398 elementa
950 1343 1039 1399 illa
1072 1352 1328 1413 quatuor,
1355 1358 1423 1398 ex
1453 1344 1658 1413 quibus
1706 1344 1944 1399 mundus

365 1433 458 1487 hic
490 1434 781 1488 universus
825 1443 1131 1490 constaret.
1173 1434 1376 1490 Verum
1410 1435 1695 1489 enimvero
1726 1435 1944 1490 valeant

366 1525 469 1590 illi,
504 1536 569 1579 ut
606 1526 837 1595 insignis
892 1526 997 1580 viri
1053 1524 1269 1581 Maximi
1325 1526 1510 1582 verbis
1551 1535 1693 1589 utar,
1748 1526 1843 1596 qui
1874 1525 1942 1580 de

364 1615 540 1669 nihilo
573 1615 872 1685 quidquam
926 1625 1111 1670 ortum
1147 1625 1371 1687 negant.
1403 1615 1516 1670 Nos
1539 1617 1681 1671 enim
1710 1615 1940 1685 proﬁte-

2068 520 2299 582 Ἡσαΐας
2330 519 2465 573 ὡσεὶ
2492 518 2697 573 καπνὸν
2729 519 2894 573 αὐτὸν
2921 520 3298 591 στερεωθῆναί
3329 534 3496 591 φησιν
3521 515 3627 574 ὐπδ

2052 610 2210 674 Θεοῦ,
2229 611 2327 681 τὴν
2352 610 2516 680 φύσιν
2540 610 2793 664 ἐντεῦθεν
2814 589 2981 665 adeo?)
3012 613 3318 683 παριστῶν,
3341 613 3425 666 ὅτι
3446 612 3622 681 λεπτὴ

2052 700 2171 755 λίαν
2219 701 2387 756 ἐστίν.
2444 703 2506 755 '0
2556 701 2614 755 δὲ
2678 702 2907 757 Πλάτων
2958 702 3285 773 οὐσιωθῆναι
3336 701 3484 771 λέγει
3532 703 3624 755 τὸν

2051 792 2280 862 οὐρανὸν
2316 795 2381 847 ἐκ
2430 792 2531 864 τῆς
2574 792 3021 864 αὐτοειδεστέρας
3053 794 3251 865 μοίρας
3275 793 3385 847 τῶν
3426 794 3623 848 τεσσά-

2054 901 2163 953 ρων
2209 885 2510 956 στοιχείων,
2559 888 2663 940 κὰν
2709 885 2888 956 τούτῳ
2941 885 3218 956 διαφέρειν
3255 886 3365 939 τῶν
3414 884 3619 938 λοιπῶν

2050 974 2322 1044 σωμάτων
2357 973 2518 1029 αὐτόν
2542 992 2556 1007 ο
2587 974 2763 1029 ταῦτα
2802 976 2911 1046 γάρ
2945 977 3009 1028 ὲκ
3037 977 3138 1046 τῆς
3169 974 3483 1046 παχυτέρας
3525 991 3622 1044 με-

2051 1064 2195 1135 ρίδος
2248 1066 2349 1135 τὴν
2401 1065 2616 1133 γένεσιν
2662 1067 2917 1136 ἔσχηκεν.
2964 1066 3151 1120 Ταῦτα
3191 1066 3249 1118 δὲ
3277 1066 3526 1128 ⁵πάντως
3585 1065 3616 1117 6

2047 1154 2276 1207 Πλάτων
2326 1140 2601 1220 ἐδόξαζεν,
2651 1154 2839 1225 ἐπειδὴ
2889 1156 3266 1226 προϋπάρχειν
3320 1154 3457 1226 ᾤετο
3515 1154 3617 1224 τὴν

2015 1246 2337 1316 ἀσώματον
2382 1246 2534 1317 ὕλην,
2564 1247 2658 1317 ἀφ’
2685 1242 2754 1319 ἧς
2782 1246 2889 1316 ἄρα
2926 1247 3001 1325 ,τὰ
3052 1247 3296 1325 τέσσαρα
3351 1248 3611 1317 στοιχεῖα.

2058 1336 2197 1392 Ἀλλ’
2238 1336 2570 1408 ὲρρέτωσαν,
2610 1338 2686 1400 ὡς
2732 1322 2929 1408 μέγας
2955 1339 3092 1408 φησι
3133 1322 3410 1408 Μάξιμος,
3447 1338 3498 1390 οι
3525 1337 3613 1390 λέ-

2043 1443 2230 1495 γοντες
2272 1429 2353 1481 ὅτι
2388 1428 2540 1481 οὐδὲν
2578 1428 2638 1493 ἐξ
2664 1430 2763 1483 οὐκ
2801 1430 2972 1484 ὅντων
3000 1430 3259 1498 ἐγένετοο
3299 1429 3462 1499 ἡμεῖς
3501 1427 3611 1495 γάρ

2043 1536 2248 1588 φαμεν,
2295 1519 2487 1592 ὥσπερ
2532 1524 2632 1591 τῆς
2683 1521 3059 1592 μεγαλοσύνης
3102 1520 3200 1575 τοῦ
3246 1519 3611 1591 πεποιηκότος

2041 1610 2143 1662 οὐκ
2193 1609 2312 1661 ἐστι
2357 1611 2555 1681 πέρας,
2582 1609 2756 1671 οὕτως
2793 1610 2919 1664 οὐδὲ
2941 1610 3041 1680 τῆς
3076 1609 3272 1678 σοφίας
3312 1607 3478 1662 αὑτοῦ
3517 1606 3615 1659 καὶ

365 1722 491 1761 mur
524 1706 711 1760 itidem
740 1747 755 1767 ,
791 1716 852 1762 ut
911 1708 1167 1778 majestas
1221 1716 1277 1761 et
1326 1706 1627 1775 amplitudo
1664 1705 1935 1761 Creatoris

2040 1702 2321 1772 δυνάμεως
2345 1704 2674 1773 κατάληψις.
2712 1702 2852 1756 Ὁδὲ
2896 1700 3274 1771 Ἀριστοτέλης
3298 1696 3612 1768 ὲτερούσιον

365 1797 530 1851 nullis
559 1797 630 1850 sit
663 1797 874 1852 inclusa
902 1799 1284 1866 descriptaque
1321 1796 1591 1861 terminis,
1625 1798 1697 1851 ita
1723 1812 1825 1852 nec
1849 1812 1937 1851 sa-

362 1889 630 1957 pientiam
660 1890 779 1959 ejus
806 1904 905 1942 nec
944 1899 1267 1957 potestati-nt
1300 1889 1503 1958 percipi
1526 1903 1705 1958 posse.
1734 1890 1941 1943 Aristo-

362 1983 502 2037 teles
524 1993 717 2035 autem
744 1981 973 2035 alterius
1005 1982 1286 2049 cujusdam
1320 1982 1573 2037 essentia:
1597 1979 1791 2036 coelum
1815 1996 1938 2036 esse

363 2081 522 2140 putat
549 2084 603 2125 et
633 2071 883 2139 quintum
938 2087 1140 2142 corpus
1184 2073 1441 2142 appellat.
1470 2071 1638 2126 Addit
1669 2086 1792 2127 esse
1821 2086 1936 2126 cte-

364 2163 478 2216 lum
528 2160 757 2215 alterius
794 2161 1083 2228 essentia),
1121 2161 1381 2218 nimirum
1434 2164 1503 2218 ab
1537 2162 1774 2217 essentia
1806 2178 1940 2232 qua-

364 2262 493 2306 tuor
521 2252 920 2307 elementorum
954 2253 1207 2321 diverst,
1241 2263 1464 2325 propter
1496 2255 1642 2311 illam
1675 2272 1891 2312 causam
1919 2294 1935 2320 .

364 2342 512 2412 quod
545 2343 834 2407 amborum
867 2353 1050 2399 motus
1094 2345 1295 2410 diversi
1329 2347 1461 2401 sint.
1496 2348 1632 2402 Nam
1669 2348 1936 2402 elementa

362 2444 602 2500 quatuor
643 2435 840 2505 partim
877 2444 937 2489 ut
981 2435 1119 2489 levia
1170 2451 1386 2491 sursum
1427 2436 1699 2502 feruntur,
1735 2437 1935 2506 partim

362 2536 423 2581 ut
457 2529 643 2596 gravia
676 2526 755 2583 sic
777 2543 806 2581 a
835 2534 1032 2581 natura
1067 2539 1377 2596 comparata
1408 2538 1557 2593 sunt,
1593 2539 1650 2582 ut
1676 2530 1933 2583 deorsum

361 2630 514 2675 motu
568 2634 669 2674 suo
709 2628 957 2689 vergant,
992 2635 1117 2673 cum
1152 2619 1372 2673 interim
1412 2620 1611 2674 cmlum
1666 2621 1719 2673 in
1746 2621 1935 2675 orbem

360 2711 591 2766 feratur.
629 2712 700 2765 De
748 2725 859 2780 quo
889 2711 1043 2780 sequi
1090 2724 1313 2765 necesse
1364 2710 1434 2764 sit
1476 2721 1534 2764 ut
1578 2711 1854 2766 diversum
1905 2728 1936 2766 a

362 2810 602 2872 quatuor
659 2803 957 2857 elementis
995 2817 1113 2856 esse
1162 2801 1423 2870 quiddam
1476 2811 1766 2859 statuatur.
1813 2804 1938 2859 Haec

361 2899 492 2948 sunt
518 2891 714 2944 horum
758 2890 1069 2960 opiniones.
1119 2891 1229 2948 Nos
1290 2899 1472 2944 autem
1526 2892 1665 2946 facta
1703 2893 1810 2946 illis
1841 2910 1937 2962 po-

361 2991 557 3036 testate
593 2980 808 3051 seipsos
843 2980 1124 3035 evertendi
1181 2995 1246 3034 ae
1272 2981 1571 3049 lapidandi,
1607 2982 1742 3037 Mosi
1774 2982 1933 3038 (idem

2041 1791 2132 1845 τὸν
2160 1794 2387 1863 οὐρανὸν
2418 1796 2514 1848 καὶ
2536 1796 2789 1865 πέμπτον
2815 1793 2975 1862 σῶμα
3001 1792 3174 1846 καλεῖ.
3214 1789 3386 1844 Καλεῖ
3413 1787 3470 1841 δὲ
3507 1786 3608 1840 αὗ-

2038 1882 2131 1936 τὺν
2168 1882 2479 1955 ἑτερούσιον
2530 1884 2624 1937 καὶ
2671 1883 2802 1937 ἄλλο
2842 1899 2897 1935 τι
2938 1881 3090 1951 παρὰ
3129 1879 3199 1933 τὰ
3225 1878 3494 1949 τέσσαρα,
3521 1878 3605 1931 ὅτι
3711 1882 3719 1892 '

2039 1979 2132 2031 καὶ
2178 1980 2212 2049 ἡ
2264 1978 2480 2046 κίνησις
2520 1977 2850 2047 ἀμφοτέρων
2880 1974 3016 2044 άλλη
3065 1974 3158 2027 καὶ
3197 1974 3353 2055 άλλη.
3393 1974 3476 2027 Τὰ
3508 1974 3608 2042 μὲν

2038 2071 2148 2139 γὰρ
2181 2071 2291 2123 ἄνω
2326 2070 2583 2139 φέρονται
2617 2070 2693 2130 ὡς
2724 2067 2924 2136 κοῦφα,
2944 2066 3011 2119 τὰ
3041 2067 3097 2118 δὲ
3130 2066 3293 2119 πάλιν
3320 2069 3395 2129 ὡς
3427 2067 3604 2137 βαρέα

2035 2160 2167 2216 ὄντα
2211 2162 2363 2214 κάτω
2425 2164 2691 2229 κέκτηται
2746 2160 2849 2229 τὴν
2912 2158 3120 2229 φοράν·
3178 2162 3205 2210 6
3257 2156 3315 2209 δὲ
3377 2157 3607 2227 οὐρανὸς

2037 2234 2304 2320 πυκλικὴν
2327 2251 2441 2320 ἔχει
2468 2252 2568 2321 τὴν
2602 2251 2840 2320 κίνησιν,
2877 2250 2961 2318 ἐφ’
3006 2244 3050 2314 ᾧ
3089 2249 3183 2301 καὶ
3217 2248 3346 2302 ἄλλο
3370 2265 3422 2300 τι
3456 2248 3605 2317 παρὰ

2035 2345 2107 2396 τά
2157 2345 2401 2415 τέσσαρα
2442 2342 2655 2409 δοξάζει
2697 2343 2880 2397 αὐτόν.
2925 2337 3228 2396 Καὶοοῦτοι
3276 2343 3377 2413 μὲν
3410 2340 3604 2405 οὕτως.

2048 2435 2239 2503 Ἡμεῖς
2298 2436 2356 2487 δὲ
2411 2436 2846 2489 καταϐάλλεσθαι
2913 2435 3006 2488 ὑπ’
3066 2435 3313 2505 ἀλλήλων
3376 2435 3606 2504 ἀφέντες

2036 2523 2255 2586 αὐτοὺς,
2286 2522 2366 2590 τῷ
2420 2520 2624 2594 θεόπτῃ
2654 2522 2730 2593 (2)
2775 2522 3087 2593 πεισθῶμεν
3122 2525 3312 2578 Μωσεῖ
3349 2524 3597 2591 λέγοντι*

2042 2634 2063 2665 ι
2085 2614 2173 2666 Ἐν
2192 2616 2333 2684 ἀρχῇ
2358 2615 2609 2685 ἐποίησεν
2628 2616 2656 2667 6
2676 2614 2810 2679 Θεὸς
2834 2616 2925 2667 τὸν
2950 2615 3178 2685 οὐρανὸν
3199 2616 3290 2667 καὶ
3305 2614 3402 2684 τὴν
3425 2615 3552 2683 γῆν.
3576 2633 3597 2666 ι

2036 2706 2347 2760 Κάντεῦθεν
2381 2708 2448 2760 ὲκ
2476 2708 2570 2760 τοῦ
2597 2709 2825 2770 κάλλους
2844 2707 2954 2760 τῶν
2986 2708 3279 2778 ὁρωμένων
3309 2706 3402 2759 τὸν
3434 2706 3604 2777 ὑπέρ-

2036 2798 2203 2851 καλον
2228 2797 2569 2868 ὲννοῲμεθα,
2602 2798 2861 2862 ὡσαύτως
2887 2801 2953 2853 ἐκ
2993 2800 3088 2852 τοῦ
3123 2799 3390 2869 μεγέθους
3417 2799 3628 2853 αὐτῶν

2036 2888 2489 2959 άναλογιζώμεοα
2524 2889 2615 2941 τὸν
2646 2888 3004 2959 ὑπερμεγέθη
3038 2891 3133 2942 καὶ
3171 2889 3430 2959 ἄπειρον·
3459 2889 3602 2942 κατὰ

2036 2982 2145 3052 γὰρ
2182 2987 2268 3034 τὸν
2305 2981 2469 3050 σοφὸν
2498 2979 2825 3050 Σολομῶντα
2863 2982 2927 3033 ἐκ
2961 2979 3225 3052 μεγέθους
3274 2980 3371 3033 καὶ
3406 2979 3605 3033 καλλο-

360 3074 685 3136 habeamus,
729 3083 788 3127 ut
819 3072 911 3141 qui
938 3071 1103 3126 rebus
1139 3071 1273 3142 ipsis
1303 3072 1372 3127 ab
1411 3088 1469 3127 se
1518 3074 1820 3144 perspectis
1853 3075 1933 3129 di-

2039 3076 2130 3146 νῆς
2175 3074 2499 3143 κτισμάτων
2544 3076 2572 3127 6
2620 3075 3007 3145 γενεσιουργὸς
3064 3074 3245 3129 αὐτῶν
3291 3075 3600 3146 θεωρεῖται.

358 3167 499 3219 xerit
539 3181 553 3217 :
590 3182 607 3215 ι
650 3164 811 3218 Initio
856 3163 1000 3217 Deus
1048 3163 1246 3218 coelum
1278 3178 1342 3219 ac
1378 3172 1579 3218 terram
1635 3168 1859 3221 creavit.
1902 3185 1923 3220 ι

360 3259 623 3325 Mcoque
681 3255 945 3324 deinceps
981 3269 1045 3309 ex
1099 3256 1343 3322 ipsarum
1398 3270 1583 3309 rerum
1629 3259 1729 3311 sub
1774 3273 1933 3327 aspe-

360 3360 508 3403 ctum
537 3333 852 3401 cadentium
884 3346 1295 3414 pulchritudine
1323 3346 1757 3415 pulcherrimum
1780 3349 1931 3403 illum

360 3453 547 3492 rerum
577 3446 868 3491 auctorum
904 3437 1088 3489 animo
1131 3437 1583 3505 complectamur,
1610 3439 1836 3509 perinde
1869 3455 1934 3496 ac

358 3532 427 3582 de
460 3528 839 3597 magnitudine
881 3535 1193 3580 creatorum
1241 3528 1561 3582 eorumdem
1593 3530 1931 3586 conditorem

359 3620 607 3689 ipsorum
636 3619 995 3689 percipimus.
1040 3618 1109 3674 Et
1159 3618 1290 3688 quid
1324 3620 1516 3675 multis
1563 3620 1745 3676 verbis
1793 3638 1933 3692 opus

360 3720 446 3765 est
465 3710 489 3763 ?
510 3709 586 3765 De
619 3719 860 3779 quatuor
884 3710 1106 3780 quidem
1134 3709 1419 3764 elementis
1448 3711 1633 3765 omnia
1664 3712 1931 3781 producta

359 3810 508 3868 sunt,
543 3817 732 3856 verum
774 3816 883 3856 non
920 3816 987 3856 ex
1022 3800 1114 3855 illa
1158 3802 1386 3856 materie
1435 3803 1682 3870 corporis
1708 3814 1933 3875 experte

356 3903 611 3949 naturam
641 3895 1046 3963 essentiamque
1075 3908 1230 3948 suam
1264 3893 1537 3949 elementa
1560 3906 1929 3966 acceperunt,

2035 3168 2148 3220 Kal.
2182 3167 2234 3220 τί
2267 3167 2373 3237 χρὴ
2416 3165 2586 3220 πολλὰ
2630 3166 2850 3235 λέγειν;
2912 3166 3005 3219 Ἐκ
3050 3164 3335 3235 τεσσάρων
3378 3164 3480 3234 μὲν
3509 3164 3604 3218 οὖν

2037 3259 2319 3329 στοιχείων
2371 3245 2440 3312 τά
2478 3258 2756 3329 κτίσματα
2809 3259 3161 3329 συνέστησαν,
3190 3258 3355 3331 πλὴν*
3381 3257 3481 3311 οὐκ
3536 3259 3600 3311 ὲκ

2032 3352 2131 3419 τῆς
2177 3350 2476 3421 ἀσωμάτου
2516 3350 2651 3421 ὕλης
2683 3351 2751 3404 τὰ
2799 3353 3038 3421 στοιχεῖα
3071 3350 3131 3404 τὸ
3159 3345 3298 3403 εἶναι
3342 3349 3599 3421 εἰλήφασι

2033 3442 2177 3495 κατὰ
2205 3443 2331 3506 τοὺς
2370 3442 2591 3511 ἔξωθεν,
2637 3443 2753 3496 ἀλλ’
2802 3445 2862 3511 ὲξ
2904 3443 3070 3498 αὐτοῦ
3104 3443 3198 3497 τοῦ
3250 3447 3467 3499 πάντων
3511 3446 3601 3514 δη-

2038 3536 2301 3606 μιουργοῦ
2347 3537 2443 3590 καὶ
2486 3535 2618 3592 Θεοῦ
2641 3552 2656 3567 ο
2687 3538 2748 3590 έν
2782 3539 2849 3608 τῇ
2881 3536 3071 3610 πρώτη
3118 3536 3227 3608 γάρ
3264 3537 3448 3608 ἡμέρᾳ
3476 3536 3599 3591 καθ’

2034 3629 2100 3698 ἢν
2143 3628 2202 3693 ἐξ
2234 3629 2333 3681 οὐκ
2378 3629 2548 3683 ὄντων
2602 3630 2895 3701 παρήγαγε
2944 3632 3035 3683 τὸν
3081 3630 3311 3700 οὐρανὸν
3359 3631 3453 3684 καὶ
3499 3632 3602 3702 τὴν

2038 3723 2141 3791 γῆν
2180 3723 2209 3773 6
2244 3721 2397 3785 θεὸς,
2425 3722 2726 3793 τηνικαῦτα
2758 3724 2854 3775 καὶ
2902 3722 3041 3778 αὑτᾶ
3091 3723 3498 3794 συμπαρήγαγε
3532 3723 3602 3776 τὰ

2036 3814 2297 3880 στοιχεῖα,
2333 3813 2408 3875 ὡς
2441 3811 2715 3865 ὲντεῦθεν-
2741 3812 2920 3867 πάντα
2955 3812 3089 3883 πρὸς
3132 3814 3194 3867 τὸ
3243 3810 3385 3868 εἶναι
3420 3813 3599 3884 παρά-

2033 3903 2248 3969 γεσθαι.
2280 3904 2389 3956 Καὶ
2423 3904 2552 3974 περὶ
2590 3903 2689 3959 μὲν
2719 3902 2813 3957 τοῦ
2853 3904 3087 3975 οὐρανοῦ
3113 3907 3361 3963 τοιαῦτα.

357 4003 481 4056 quae
502 3990 866 4043 extrariorum
909 3996 996 4043 est
1058 3987 1480 4045 sententiazsic
1521 3999 1705 4044 tamen
1773 3990 1892 4047 haec
1969 3995 2371 4069 intelligantur,
2432 4008 2492 4053 ut
2536 3999 2719 4054 omnia
2771 4013 2955 4053 rerum
3001 3999 3069 4055 ab
3117 3999 3311 4069 opiﬁee
3358 4000 3599 4070 profecta

356 4070 648 4134 fateamur.
683 4081 740 4150 6
766 4080 900 4134 Nam
930 4080 1018 4134 die
1044 4080 1242 4148 primo,
1278 4094 1388 4149 quo
1450 4081 1649 4135 malum
1705 4098 1770 4137 ac
1806 4094 2007 4139 terram
2055 4087 2124 4142 de
2160 4090 2330 4145 nihilo
2356 4091 2406 4145 in
2436 4102 2616 4147 ortum
2653 4091 2948 4163 produxit,
2996 4092 3109 4162 ipsa
3145 4094 3306 4150 simul
3333 4096 3599 4151 elementa

358 4176 628 4242 condidit,
662 4183 721 4229 ut
754 4174 878 4230 inde
914 4190 1079 4245 porro
1112 4186 1312 4230 caetera
1346 4177 1726 4246 provenirent.
1760 4185 1940 4251 Atque
1971 4184 2239 4241 hactenus
2262 4196 2320 4242 et
2346 4187 2659 4256 hujusmodi
2690 4188 2759 4244 de
2782 4188 2923 4243 caelo
2949 4188 3094 4244 dicta
3131 4198 3315 4245 sunto.

425 4273 653 4329 Terram
690 4272 833 4325 scire
860 4270 1028 4326 debes
1049 4273 1102 4326 in
1126 4272 1500 4329 universitatis
1528 4291 1710 4330 rerum
1744 4279 1924 4333 medio

355 4365 510 4437 quasi
542 4377 862 4433 suspensam
891 4378 1047 4427 esse;
1082 4363 1226 4433 quod
1259 4364 1436 4435 ipsum
1488 4365 1615 4420 licet
1654 4368 1723 4422 de
1782 4369 1927 4423 side-

354 4470 475 4508 rum
502 4463 654 4508 mutu
694 4468 1008 4524 cognoscas.
1055 4454 1193 4509 Nam
1240 4471 1303 4510 ea
1348 4456 1507 4511 nobis
1568 4473 1689 4513 esse
1722 4462 1929 4531 magni-

2107 4284 2243 4354 Περὶ
2270 4283 2327 4336 δὲ
2352 4285 2451 4354 τῆς
2480 4284 2586 4353 γῆς
2618 4285 2819 4338 είδέναι
2851 4285 3091 4355 ὀφείλεις
3127 4286 3210 4340 ὅτι
3254 4286 3422 4356 μέσον
3458 4285 3601 4358 αὕτη

2032 4373 2124 4428 τοῦ
2168 4376 2369 4438 παντὸς
2418 4376 2770 4447 άπῃώρηται.
2825 4378 2933 4430 Καὶ
2980 4378 3137 4431 τοῦτο
3183 4379 3368 4448 γνοίης
3423 4381 3489 4433 ἂν
3534 4381 3600 4433 ἐκ

2028 4468 2128 4533 τῆς
2180 4467 2291 4520 τῶν
2340 4469 2553 4539 ἄστρων
2601 4471 2891 4538 κινήσεως.
2961 4471 3275 4539 ’ἰσομεγὲθη
3338 4472 3433 4524 καὶ
3488 4474 3599 4541 γὰρ

354 4544 561 4600 tudinis
615 4543 859 4614 ejusdem
908 4544 1167 4600 videntur
1236 4548 1441 4612 omnia,
1504 4548 1619 4604 sive
1678 4551 1928 4605 oriantur

2039 4558 2323 4629 σύμπαντα
2358 4560 2606 4625 φαίνεται
2663 4561 2796 4630 ἡμῖν
2839 4560 3195 4615 ἀνατέλλοντα
3248 4563 3342 4615 καὶ
3394 4579 3597 4631 μεσου-

354 4633 471 4687 sive
498 4637 680 4690 medio
704 4636 813 4691 sint
848 4639 901 4691 in
928 4638 1066 4692 caelo
1094 4638 1208 4691 sive
1262 4637 1535 4693 occidant.
1593 4640 1772 4709 Atque
1824 4641 1928 4696 hoc

2039 4651 2299 4716 ρανοῦντα
2362 4653 2457 4704 καὶ
2516 4652 2761 4705 δύνοντα.
2819 4654 2928 4706 Καὶ
2986 4653 3145 4706 τοῦτό
3195 4655 3344 4706 ἐστιν
3382 4656 3522 4725 ὅπερ
3567 4658 3596 4708 6

352 4724 487 4778 illud
514 4730 766 4796 estquod
804 4743 1032 4798 magnus
1067 4739 1253 4784 noster
1280 4728 1515 4783 Basilius
1568 4730 1620 4783 in
1682 4731 1929 4787 oratione

354 4824 507 4867 sexta
536 4814 605 4868 de
632 4815 999 4870 luminaribus
1018 4818 1114 4882 ait,
1160 4818 1437 4873 neminem
1469 4818 1567 4872 soli
1622 4819 1926 4888 proximum

300 4976 309 4985 _
354 4916 477 4958 esse
517 4919 618 4960 nec
647 4921 675 4958 a
706 4905 819 4960 sole
851 4905 1167 4977 longissime
1203 4908 1430 4970 distare,
1475 4909 1569 4963 sed
1597 4927 1721 4963 eum
1755 4911 1927 4964 inter-

355 4995 498 5049 vallo
539 4998 654 5065 pari
709 4998 775 5052 ad
805 4999 1028 5067 quasvis
1074 5005 1234 5052 terrae
1301 5009 1483 5068 partes
1560 5001 1926 5062 inhabitantes

356 5085 638 5142 accedere.
666 5087 1034 5152 Quamobrem
1060 5091 1176 5141 haec
1207 5089 1367 5142 velim
1398 5098 1574 5144 tecum
1608 5092 1779 5160 ipsius
1797 5102 1921 5147 ante

354 5178 692 5233 consideres.
720 5179 853 5234 Nam
889 5181 933 5234 si
970 5180 1208 5233 medium
1265 5179 1426 5251 hujus
1475 5183 1717 5238 universi
1744 5184 1923 5239 locum

359 5276 508 5321 terra
540 5284 649 5322 non
708 5270 1033 5340 obtineretH
1058 5270 1215 5339 sequi
1286 5285 1508 5325 necesse
1552 5272 1694 5327 foret
1730 5285 1789 5330 ut
1854 5275 1923 5330 ad

357 5372 739 5429 quamcunque
787 5370 999 5431 partem
1028 5362 1164 5438 forte
1224 5362 1450 5431 propius
1495 5367 1824 5421 accederent
1852 5368 1929 5423 si-

358 5448 512 5512 dera,
551 5451 671 5505 istic
694 5455 897 5523 majora
924 5454 1261 5520 viderentur,
1314 5470 1344 5509 a
1374 5456 1571 5523 quibus
1604 5471 1785 5513 autem
1810 5461 1928 5514 lon-

427 5589 448 5617 ⁸
476 5588 578 5642 lsa.
615 5606 702 5654 χι,
725 5588 815 5644 22.

2031 4742 2203 4825 μέγας
2242 4742 2525 4807 Βασίλειος
2562 4746 2620 4797 ἐν
2653 4747 2720 4814 τῇ
2755 4745 2884 4815 περὶ
2918 4746 3221 4814 φωστήρων
3255 4745 3389 4817 ἕκτῃ
3416 4745 3585 4798 αὐτοῦ

2024 4835 2211 4903 ὁμιλίᾳ
2250 4837 2412 4904 φησὶ,
2442 4853 2464 4887 ι
2510 4835 2601 4906 Τῷ
2633 4837 2689 4890 δὲ
2737 4837 2872 4907 ἡλίῳ
2918 4837 3094 4900 οὐδείς
3128 4838 3276 4891 ἐστιν
3306 4837 3593 4905 ἐγγυτάτω

2025 4927 2120 4977 καὶ
2163 4925 2335 4986 οὐδεὶς
2369 4929 2727 4999 πορρωτάτω,
2759 4929 2877 4981 ἀλλ’
2908 4928 2966 4993 ἐξ
3011 4930 3128 4983 [σου
3163 4928 3256 4981 τοῦ
3282 4929 3591 4998 διαστήμα-

2022 5028 2112 5074 τος
2155 5014 2268 5074 τοῖς
2303 5014 2441 5066 κατά
2494 5016 2601 5067 πᾶν
2650 5017 2815 5085 μέρος
2861 5016 2959 5086 τῆς
3006 5017 3111 5084 γῆς
3163 5019 3594 5099 κατῳκισμένους

2025 5101 2376 5170 προσϐάλλει.
2411 5122 2427 5155 ι
2465 5105 2703 5173 Πρόσεχε
2753 5102 2868 5159 οὖν.
2909 5105 2971 5157 Εἰ
3020 5105 3129 5175 γὰρ
3176 5104 3518 5175 παρήλλαξεν
3554 5109 3588 5176 ἡ

2024 5188 2095 5256 γῆ
2144 5188 2241 5258 τὴν
2285 5190 2578 5259 μεσότητα,
2629 5192 2794 5262 ἐχρῆν
2836 5193 3081 5262 ὁποτέρῳ
3131 5192 3229 5262 μὲν
3275 5210 3593 5263 προσκεχω-

2032 5279 2191 5357 ρήξιει
2234 5280 2342 5332 τῶν
2390 5280 2554 5351 πέριξ
2590 5283 2993 5351 μερῶν,ὲκείσε
3018 5284 3086 5337 τά
3118 5284 3298 5354 ἄστρα
3326 5284 3590 5352 γινόμενα

2032 5372 2163 5441 ὸρᾷν
2193 5372 2433 5441 μείζονα,
2466 5373 2559 5441 ἀφ’
2589 5367 2662 5426 ὧν
2694 5373 2751 5425 δὲ
2794 5372 3074 5445 διέστηκεν
3100 5375 3264 5445 αὕτη,
3296 5376 3354 5428 ὲν
3380 5376 3593 5439 τούτοις

2031 5462 2295 5517 ἐλάσσονα
2347 5464 2517 5517 ταῦτα
2566 5467 2774 5536 ἀθρεῖν.
2810 5463 2921 5518 Νῦν
2967 5467 3023 5520 δὲ
3073 5468 3446 5538 ἁπανταχόθεν
3494 5468 3589 5521 ἶσα

424 5704 937 5780 (ἢΑὺτὸπέῃΙεεῑι
982 5710 1349 5767 Leunclavius
1372 5726 1473 5782 pro
1523 5684 1759 5785 Θεόπτῃ,
1836 5715 1925 5785 qui

2039 5733 2132 5770 'um
2180 5718 2325 5773 vidit.
