3968 6228
319 358 389 422 3‘7
1579 348 1779 410 ΛΝΝΛ
1792 348 1907 411 Lit

2026 345 2218 406 PARS
2263 344 2310 403 I.
3222 328 3240 413 γ’
3495 340 3565 395 as

320 472 572 543 ὁρώμενα
631 467 848 522 δίδωσιν
896 468 1031 539 ἡμῖν
1078 464 1279 518 ἐννοεῖν
1336 464 1418 517 ὅτι
1485 462 1649 532 μέσον
1715 462 1747 529 ἠ
1824 460 1884 527 γῆ

2011 459 2112 525 gius
2151 458 2424 517 abessent,
2456 452 2510 508 in
2546 452 2610 506 iis
2648 450 2861 506 minora
2887 447 3377 519 'conspicerentur.
3408 445 3571 500 Nunc

317 566 409 616 τοῦ
461 561 663 621 παντὺς
705 558 1056 630 ἀπῃώρηται.
1091 558 1200 608 Καὶ
1250 554 1357 623 γάρ
1403 556 1451 606 εἰ
1491 554 1565 623 μὴ
1599 550 1759 604 τοῦτο
1794 546 1882 619 ἦν,

317 656 365 706 εί
415 652 490 721 μὴ
538 653 791 720 καθάπερ
839 652 1084 715 εἴπομεν,
1117 647 1495 719 ἀπῃωρημένη
1531 636 1891 712 αὑτήπαρή-

319 762 448 811 γετο
506 742 630 795 κατ’
683 742 879 811 ἀρχὰς,
908 742 1007 794 οὑκ
1035 740 1101 793 ἂν
1142 741 1198 793 αῑ
1234 739 1377 790 κατά
1409 737 1605 796 τόπους
1641 735 1890 803 κινήσεις

321 838 490 901 αὐτῆς
541 835 632 889 ὑπ’
681 836 898 898 ἀνέμων
952 834 1214 903 ἐγίνοντο.
1264 834 1447 893 Αίτιος
1505 829 1604 899 μὲν
1647 828 1755 896 γὰρ
1799 826 1890 877 τοῦ

325 924 547 994 σεισμοῦ
602 927 628 977 6
684 924 818 985 Θεὸς
872 924 1012 980 κα,τά
1066 924 1156 975 τὸν
1200 922 1421 974 είπόντα
1469 920 1760 989 προφήτην
1793 914 1893 969 «Ὀ

324 1016 633 1068 ἐπιϐλέπων
661 1016 753 1067 ἐπὶ
784 1014 882 1085 τὴν
914 1018 1019 1085 γῆν
1059 1014 1151 1068 καὶ
1178 1014 1349 1067 ποιῶν
1379 1011 1549 1082 αὐτὴν
1583 1012 1833 1080 τρέμειν,
1870 1027 1887 1058 ι

323 1110 383 1161 τὸ
434 1108 490 1160 δὲ
544 1107 770 1176 συνεχὲς
815 1106 1006 1158 τούτου
1052 1108 1262 1173 γίνεται
1320 1107 1414 1157 καὶ
1466 1104 1620 1174 παρά
1659 1102 1758 1173 τὴν
1786 1102 1895 1153 τῶν

328 1200 599 1268 ὑπογείων
673 1200 895 1276 ᾲνέμων
969 1199 1206 1268 κίνησιν.
1264 1196 1362 1251 Διά
1430 1199 1537 1267 γὰρ
1590 1196 1745 1248 τοῦτο
1801 1197 1896 1246 καὶ

328 1292 589 1345 ἐπιόντων
644 1291 895 1359 μεγάλων
964 1290 1204 1359 σεισμῶν
1259 1290 1450 1355 ἄνεμοι
1510 1286 1587 1355 τῷ
1631 1285 1753 1337 τότε
1798 1284 1900 1336 οὑκ

330 1384 483 1443 εἰσιν,
516 1381 593 1444 ὡς
632 1379 1031 1448 ὲγκλειομένων
1087 1380 1267 1432 αὑτῶν
1318 1377 1578 1431 ὑποκάτω
1624 1376 1768 1428 κατά
1808 1374 1899 1426 τό·

332 1486 462 1531 πο·.›ς
494 1471 589 1521 καὶ
620 1469 826 1538 μᾶλλον
858 1468 1183 1537 ὑπάντρους.

403 1645 462 1696 Ei
498 1645 555 1698 δὲ
598 1644 691 1699 καὶ
725 1645 775 1699 τί
812 1647 958 1699 ἔστιν
993 1647 1019 1698 6
1058 1646 1255 1715 ἄνεμος
1278 1644 1578 1715 ἐπιζητεῖς,
1612 1646 1707 1699 καὶ
1740 1642 1903 1696 πόθεν

332 1734 444 1805 ἔχει
477 1740 581 1805 τὴν
617 1737 850 1802 γένεσιν,
884 1736 1083 1789 εἰδέναι
1114 1736 1351 1805 ὀφείλεις
1385 1737 1466 1787 ὅτι
1498 1734 1642 1797 τινες
1680 1734 1778 1802 μὲν
1810 1732 1901 1783 τὸν

1992 564 2122 603 vero
2149 564 2272 601 cum
2305 545 2595 615 quibusvis
2624 557 2690 597 ex
2713 542 2969 612 partibus
2991 548 3288 610 appareant
3312 538 3565 607 aequalia.

1993 640 2343 711 cogitandum
2372 636 2533 691 nobis
2585 635 2904 703 relinquunt
2960 642 3165 686 terram
3220 632 3273 684 in
3310 630 3571 685 universo

1995 731 2179 784 medio
2222 726 2479 796 pendere.
2536 724 2673 778 Nam
2725 724 2933 792 absque
2972 722 3065 776 illo
3098 722 3258 784 foret,
3323 721 3429 774 hoc
3462 727 3568 780 est,

1996 823 2099 876 nisi
2128 822 2307 873 locum
2341 819 2503 872 istum
2565 814 2724 869 initio
2765 815 3189 883 rerumgsortita
3243 823 3414 877 esset,
3461 829 3572 867 non

1996 914 2158 969 etiam
2182 926 2278 980 per
2315 917 2507 963 ventos
2544 908 2710 962 certis
2734 906 2787 959 in
2818 907 2952 961 locis
2979 916 3319 975 quateretur.
3355 907 3572 961 Etenim

1999 1016 2158 1060 terra;
2197 1003 2455 1058 motionis
2493 1018 2659 1058 causa
2687 1000 2907 1072 quidem
2949 1013 3034 1055 est
3074 1000 3239 1064 Deus,
3270 1001 3573 1055 secundum

2003 1098 2133 1152 illud
2156 1099 2294 1152 vatis
2328 1098 2557 1165 verbum
2593 1111 2609 1149 :
2643 1113 2661 1147 ι
2706 1095 2807 1161 Qui
2849 1106 3050 1149 terram
3106 1094 3308 1161 aspicit
3352 1103 3407 1147 et
3453 1109 3571 1146 eam

2000 1190 2126 1243 facit
2152 1198 2407 1249 tremere,
2441 1205 2459 1237 ι
2516 1201 2709 1240 verum
2757 1187 3079 1254 plerumque
3127 1192 3414 1239 ventorum
3446 1188 3575 1239 sub-

2001 1289 2374 1337 terraneorum
2409 1278 2492 1333 vis
2523 1278 2756 1333 accedit.
2816 1278 3114 1345 Propterea
3151 1276 3575 1332 vehementibus

2002 1373 2055 1425 in
2082 1370 2535 1426 succussionibus
2565 1378 2726 1424 terrae.
2766 1370 2899 1423 nulli
2929 1377 3058 1423 sunt
3082 1371 3249 1437 venti,
3317 1379 3572 1438 tanquam

2003 1464 2227 1518 inclusis
2261 1462 2342 1517 eis
2374 1461 2511 1515 infra
2545 1470 2769 1523 terram,
2829 1460 2963 1514 locis
3021 1459 3324 1529 praesertim
3384 1476 3575 1515 caver-

2000 1557 2169 1611 nosis.
2483 1622 2501 1631 ο

2072 1647 2274 1714 Quodsi
2310 1647 2474 1701 etiam
2502 1660 2835 1717 cognoscere
2868 1644 2970 1709 vis,
3006 1643 3137 1714 quid
3168 1646 3241 1699 sit
3272 1655 3468 1699 ventus
3522 1654 3577 1699 et

2004 1742 2150 1796 unde
2195 1741 2426 1803 oriatur,
2480 1739 2621 1792 scito
2674 1737 2970 1792 nonnullos
3021 1738 3235 1792 tradere
3284 1736 3429 1806 quod
3485 1752 3579 1791 aer

332 1802 469 1896 ἀνέρα
500 1802 635 1896 φ-ασὶ
666 1828 985 1898 κινούμενον
1014 1827 1111 1890 τάς
1138 1802 1244 1880 τῶν
1274 1828 1493 1895 ἀνέμων
1524 1825 1698 1894 αὔρας
1730 1824 1901 1893 παρέ-

2011 1843 2188 1886 motus
2210 1838 2499 1884 ventorum
2532 1829 2691 1883 nobis
2715 1841 2876 1881 auras
2901 1828 3160 1896 prmbeat.
3190 1828 3295 1880 Alii
3347 1843 3474 1881 vero
3511 1828 3578 1880 de

335 1936 449 1986 χειν
481 1921 635 1988 ἡμῖν,
662 1919 838 1989 ἕτεροι
866 1919 923 1971 δὲ
950 1920 1112 1971 πάλιν
1141 1921 1205 1972 ὲκ
1231 1920 1331 1989 τῆς
1363 1919 1677 1979 καπνώδους
1705 1918 1904 1970 ἀναθυο

338 2011 577 2077 μιάσεως
622 2010 914 2078 γεννᾶσθαι
955 2010 1044 2063 τὸν
1088 2011 1290 2081 ἄνεμον
1336 2011 1659 2077 φάσκουσιν.
1702 2004 1797 2071 Οἷς
1839 2008 1904 2078 δὴ

335 2102 428 2151 καὶ
471 2103 765 2169 προσέχειν
802 2118 861 2153 σε
907 2100 1069 2153 πλέον
1105 2101 1389 2170 βούλομαι.
1431 2101 1494 2152 Ἡ
1538 2100 1636 2170 μὲν
1668 2100 1777 2167 γάρ
1812 2098 1903 2150 τοῦ

334 2194 496 2262 ἀέρος
521 2193 736 2261 κίνησις
764 2192 989 2256 ἔκλυτος
1016 2195 1250 2263 ὑπάρχει
1280 2194 1375 2246 καλ⁵
1404 2193 1639 2263 χαλαρὰ,
1666 2194 1697 2261 ἡ
1724 2190 1781 2243 δὲ
1809 2189 1905 2243 τοῦ

335 2288 541 2354 ἀνέμου
588 2287 869 2357 βιαιοτέρα
904 2305 963 2339 τε
1007 2288 1101 2341 καὶ
1129 2286 1466 2357 τυραννική.
1505 2286 1614 2338 Καὶ
1656 2285 1813 2354 δῆλον
1848 2284 1906 2349 ἑξ

336 2379 517 2433 αὐτῶν
545 2380 655 2431 τῶν
688 2380 927 2447 σεισμῶν
952 2398 967 2413 ο
1005 2381 1157 2433 οὐδὲν
1190 2381 1299 2451 γὰρ
1331 2380 1518 2450 ἔτερόν
1548 2382 1696 2431 ἐστιν
1726 2378 1754 2429 6
1789 2393 1905 2429 σει-

338 2472 474 2538 σμὸς
521 2471 574 2523 εί
613 2470 692 2541 μὴ
738 2471 995 2537 ὑπόγειος
1038 2474 1263 2540 ἄνεμος.
1314 2472 1612 2537 Τεσσάρων
1646 2469 1702 2521 δὲ
1739 2468 1909 2521 ὄντων

337 2562 410 2624 ὡς
453 2563 632 2616 εἰπεῖν
682 2563 985 2617 καθολικῶν
1028 2565 1268 2633 ἀνέμων,
1309 2564 1628 2632 ἀπηλιώτης
1674 2562 1772 2632 μὲν
1816 2561 1909 2613 καί⁸

339 2653 572 2722 ζέφυρος
604 2656 704 2707 οὑκ
738 2656 847 2708 εἰσὶ
879 2656 1263 2725 σφοδρότατοι,
1302 2658 1505 2726 βορρᾶς
1536 2656 1592 2709 δὲ
1626 2658 1721 2709 καὶ
1755 2654 1908 2715 νότος

339 2744 839 2811 τυραννικώτατοι,
875 2746 1008 2799 διότι
1043 2751 1100 2798 ὲν
1140 2749 1240 2816 μὲν
1274 2747 1353 2817 τῷ
1388 2748 1586 2818 βορείῳ
1620 2749 1716 2801 καὶ
1748 2749 1910 2818 νοτίῳ

339 2835 507 2906 πόλῳ,
537 2835 662 2889 ὅθεν
688 2837 716 2888 6
748 2836 950 2906 βορρᾶς
980 2839 1072 2891 καὶ
1101 2841 1128 2890 ό
1158 2840 1308 2901 νότος
1342 2841 1485 2901 πνεῖ,
1517 2841 1590 2908 μὴ
1622 2839 1910 2909 γινόμενος

341 2928 367 2977 ὁ
404 2927 554 2995 ἥλιος
590 2927 651 2978 οὑ
687 2923 973 2996 θερμαίνει
1006 2929 1075 2980 τά
1108 2928 1291 2981 ἐκεῖσε
1327 2930 1502 2998 χωρία
1524 2970 1539 2994 ,
1576 2930 1711 2982 ἀλλά
1757 2930 1908 2995 μένει

341 3016 543 3086 ψυχρὰ,
568 3018 753 3088 ψυχρὰ
778 3019 835 3071 δὲ
858 3018 982 3071 ὅντα
1006 3020 1092 3071 ἀεὶ
1116 3020 1315 3087 ἔνικμά
1338 3022 1497 3083 είσιν,
1524 3021 1663 3073 ὥστε
1688 3020 1911 3090 ὅμόρων

268 3120 277 3129 ’
346 3108 558 3161 πολλῶν
590 3110 901 3176 γενομένων
928 3111 1015 3163 διά
1042 3110 1140 3179 τὴν
1167 3110 1328 3175 ψῦξιν
1346 3151 1360 3175 ,
1390 3108 1513 3164 εἶτα
1540 3114 1638 3181 τῆς
1667 3117 1769 3181 γῆς
1796 3112 1911 3164 διαο
1938 3141 1980 3199 c

344 3201 542 3271 ϐρόχου
594 3203 930 3271 γενομένης,
983 3202 1152 3270 πολλὴ
1205 3202 1495 3274 καπνώδης
1543 3202 1909 3273 ἀναθυμίασις

344 3294 687 3358 ἀναδίδοται,
720 3295 815 3348 καὶ
845 3296 931 3347 διά
960 3295 1120 3347 τοῦτο
1157 3296 1377 3367 σφοδροὶ
1408 3296 1601 3365 ἄνεμοι
1632 3296 1873 3361 γίνονται
1892 3331 1908 3359 ,

344 3386 371 3437 6
396 3402 451 3437 τε
482 3385 691 3456 βορρᾶς
722 3389 815 3439 xui.
842 3388 869 3438 6
898 3388 1072 3448 νότος.
1106 3386 1195 3439 Ἐν
1221 3389 1277 3440 δὲ
1303 3389 1417 3450 τοῖς
1446 3386 1784 3450 ἀνατολικοίς
1817 3384 1912 3437 καὶ

344 3478 580 3539 όυτικοῖς
606 3479 830 3548 χωρίοις
858 3478 1177 3547 κινούμενος
1202 3482 1229 3531 6
1255 3479 1402 3549 ἥλιος
1426 3480 1525 3530 οὑκ
1553 3480 1616 3547 ἑᾷ
1640 3478 1797 3545 ψῦξιν
1821 3493 1912 3545 για

345 3571 529 3623 νέσθαι
560 3571 782 3642 πολλὴν,
816 3573 909 3624 καὶ
935 3571 1021 3625 διὰ
1051 3572 1210 3623 τοῦτο
1239 3569 1364 3623 οὕτε
1393 3571 1557 3632 πολὺς
1588 3570 1739 3631 ὑετὸς
1767 3568 1913 3635 γίνεο

344 3677 429 3712 ται
467 3660 593 3713 οὕτε
636 3662 805 3731 πολλὴ
845 3663 877 3730 ἡ
920 3660 1209 3728 καπνώδης
1249 3660 1633 3729 ἀναθυμίασις,
1676 3656 1772 3711 ἂτε
1812 3657 1945 3725 τῆςι

344 3751 442 3817 γῆς
493 3752 570 3818 μὴ
615 3747 1069 3818 διαερεχομένης.
1095 3748 1289 3802 Ἔνθεν
1325 3766 1408 3801 τοι
1438 3750 1546 3813 ,καὶ
1585 3749 1646 3801 οὑ
1693 3747 1913 3816 σφοδροὶ

343 3841 585 3918 γίνοςαι
630 3840 842 3906 ἄνεμοι.
886 3840 1045 3893 Ἀλλά
1090 3841 1185 3893 καὶ
1228 3840 1434 3909 ἐτήσιοι
1477 3839 1679 3910 βόρειοι
1722 3840 1912 3907 ἀνεμοι

344 3930 590 3995 γίνονται
639 3930 758 3998 μεθ’
787 3930 1000 4001 ἡμέρας
1047 3931 1219 3983 εἴκοσι
1264 3932 1361 4000 τῆς
1408 3930 1625 4000 θερινῆς
1668 3930 1908 3999 τροπῆς,

349 4022 481 4088 μετά
516 4020 617 4090 τὴν
652 4020 743 4073 τοῦ
788 4024 1093 4091 κυνάστρου
1133 4023 1411 4092 ἐπιτολήν.
1448 4021 1763 4091 Τηνικαῦτα
1805 4022 1913 4090 γὰρ

344 4117 439 4178 τῆς
473 4114 652 4183 χιόνος
688 4113 951 4183 λυομένης
981 4109 1143 4183 αὖραι
1174 4114 1414 4182 γίνονται
1443 4114 1653 4183 ψυχραὶ
1686 4113 1911 4182 βόρειοι.

349 4206 453 4258 Καὶ
487 4206 682 4258 τούτου
718 4206 878 4277 χάριν
912 4208 958 4259 οἱ
992 4206 1371 4275 διαληφθέντες
1406 4205 1595 4275 ἄνεμοι
1629 4205 1706 4275 τῷ
1740 4203 1914 4272 καιρῷ

349 4298 520 4366 τούτῳ
577 4297 699 4350 καθ’
731 4299 960 4351 ἕκαστον
1012 4297 1129 4359 ἔτος
1180 4298 1517 4369 ἀπάρχονται
1578 4297 1751 4361 πνεῖν.
1805 4294 1915 4345 Καὶ

351 4394 473 4457 περὶ
527 4390 627 4458 μὲν
664 4390 871 4443 τούτων
910 4390 1121 4461 οὓτως.ί
1146 4391 1380 4459 Ἄνεμον
1420 4388 1476 4440 δὲ
1519 4387 1648 4458 παρ’
1693 4388 1914 4456 Ὁμήρῳ

2009 1925 2187 1979 fumea
2230 1923 2385 1993 quasi
2422 1922 2656 1991 quadam
2715 1921 3100 1989 evaporatione
3149 1929 3368 1975 ventum
3428 1919 3576 1989 gigni

2008 2016 2217 2078 dicunt,
2239 2015 2441 2083 quibus
2494 2013 2697 2066 habere
2731 2021 2781 2065 te
2838 2012 2998 2065 fidem
3049 2011 3195 2065 volo.
3254 2011 3387 2066 Nam
3436 2012 3579 2065 aeris

2009 2107 2178 2156 motio
2207 2100 2451 2171 quietior
2470 2111 2553 2155 est
2583 2116 2646 2154 ac
2678 2101 2917 2163 mollior,
2946 2102 3257 2165 venti;vero
3280 2102 3580 2155 vehemen-

2010 2196 2136 2256 tior,
2176 2194 2382 2263 majore
2411 2194 2463 2246 vi
2493 2202 2657 2261 atque
2692 2192 2899 2261 impetu
2950 2192 3185 2244 ruentis.
3237 2190 3422 2245 PoteSt
3479 2192 3581 2246 hoc

2011 2287 2141 2355 ipsis
2170 2301 2236 2339 ex
2269 2286 2510 2340 motibus
2541 2294 2699 2340 terra:
2739 2287 2997 2354 cognosci
3030 2301 3042 2334 :
3076 2284 3213 2338 nihil
3261 2286 3407 2338 enim
3432 2284 3580 2338 aliud
3674 2288 3681 2299 '

2010 2388 2093 2431 est
2128 2388 2467 2432 terraamotus
2495 2393 2657 2447 quam
2708 2380 3389 2441 ventus.subterreaneus.
3440 2377 3580 2433 Cum

2011 2478 2195 2522 autem
2262 2478 2500 2539 quatuor
2558 2469 2667 2523 sint
2710 2472 2793 2535 (ut
2849 2470 2922 2523 ita
2968 2470 3181 2539 loquar)
3238 2470 3582 2525 universales

2011 2557 2185 2619 venti,
2217 2542 2545 2612 subsolanus
2575 2558 2797 2627 quidem
2847 2572 2911 2611 ac
2939 2556 3191 2612 favonius
3234 2574 3343 2611 non
3394 2558 3580 2611 admo-

2010 2649 2140 2703 dum
2174 2649 2526 2703 vehementes
2554 2660 2701 2713 sunt,
2734 2649 2919 2718 aquilo
2957 2665 3085 2702 vero
3144 2660 3198 2703 et
3244 2660 3430 2704 auster
3476 2650 3580 2703 int-

2010 2751 2138 2812 petu
2170 2756 2233 2795 ac
2265 2742 2313 2795 vi
2342 2742 2571 2796 maxima
2606 2751 2789 2796 ruunt.
2838 2742 2970 2795 Nam
3020 2758 3143 2796 cum
3178 2743 3315 2797 locis
3370 2743 3581 2811 aquilo-

2014 2833 2123 2887 nali
2148 2832 2487 2901 australique
2546 2832 2673 2901 polo
2713 2832 3002 2902 subjectis,
3062 2831 3205 2885 unde
3250 2844 3355 2886 tam
3397 2832 3581 2901 aquilo

2012 2940 2171 2995 quam
2193 2934 2378 2977 auster
2406 2924 2682 2985 oriuntur,
2710 2925 2839 2980 solis
2863 2925 3324 2994 desitfprzesentia,
3355 2942 3581 2982 necesse

2011 3025 2181 3070 estea
2213 3015 2395 3067 minus
2418 3014 2771 3076 incalescere,
2828 3030 3155 3084 semperque
3191 3027 3304 3069 tum
3361 3016 3581 3086 frigoris

2013 3107 2167 3175 copia
2205 3116 2318 3159 tum
2357 3106 2602 3159 humoris
2651 3106 2955 3160 abundare.
3006 3107 3125 3172 Quo
3150 3109 3205 3162 fit
3242 3118 3301 3162 ut
3355 3121 3580 3179 propter

2013 3196 2367 3267 {rigiditatem
2404 3198 2614 3249 exortis
2669 3196 2985 3265 frequenter
3020 3199 3288 3253 imbribus
3330 3200 3584 3271 irrigata-

2011 3304 2117 3359 qne
2145 3288 2441 3358 plurimum
2467 3296 2609 3343 terra
2641 3288 2850 3357 copiosi
2875 3289 3155 3359 fumeique
3199 3307 3429 3360 vapores
3454 3295 3581 3348 istic

2014 3382 2334 3445 ascendant,
2363 3381 2429 3435 de
2466 3381 2669 3451 quibus
2702 3383 2888 3451 aquilo
2918 3391 2971 3436 et
2999 3392 3203 3447 auster,
3242 3386 3388 3440 venti
3418 3387 3580 3456 longe

2012 3474 2476 3528 vehementissimi
2504 3474 2824 3543 gignuntur.
2852 3474 2893 3528 E
2917 3476 3137 3531 diverso
3192 3494 3315 3530 cum
3349 3479 3402 3532 in
3446 3481 3581 3535 locis

2012 3564 2367 3619 orientalibus
2390 3565 2438 3633 7
2456 3565 2951 3623 etoceidentalibus
2967 3579 3232 3635 perpetuo
3253 3570 3330 3621 sol
3356 3586 3580 3625 movea-

2016 3664 2125 3722 tur,
2158 3672 2413 3726 magnum
2450 3658 2575 3711 istic
2601 3657 2772 3727 frigus
2808 3659 2936 3712 oriri
2973 3674 3077 3711 non
3115 3662 3335 3727 patitur.
3371 3664 3485 3729 Qua
3511 3665 3580 3719 de

2016 3762 2178 3801 causa
2218 3763 2319 3802 nec
2346 3748 2662 3815 frequentes
2693 3749 2765 3803 ibi
2808 3750 3004 3817 pluvize
3036 3762 3181 3815 sunt,
3239 3769 3340 3807 nec
3385 3770 3585 3825 evapo-

2004 3841 2253 3894 rationes
2278 3841 2391 3894 istm
2436 3840 2585 3893 fumo
2617 3842 2930 3895 consimiles
2959 3844 3288 3909 excitantur,
3314 3860 3435 3897 cum
3466 3847 3597 3914 ipsa.

2013 3932 2177 3985 etiam
2200 3942 2344 3987 terra
2390 3947 2499 3986 non
2527 3933 2818 3986 admodum
2861 3933 2931 3988 sit
2964 3933 3189 4002 irrigua.
3249 3935 3401 3990 Unde
3426 3939 3584 4005 sequi

2016 4024 2403 4078 animadvertis
2428 4040 2536 4077 non
2561 4039 2714 4078 acres
2754 4025 3159 4094 impetuososve
3209 4038 3403 4082 ventos
3458 4029 3585 4083 inde

2015 4116 2323 4185 provenire.
2401 4115 2667 4171 Prmterea
2722 4119 2871 4171 venti
2924 4120 3142 4186 quidam
3198 4122 3583 4189 anniversarii,

2016 4222 2156 4276 quos
2179 4207 2380 4261 etesias
2418 4208 2711 4276 appellant,
2765 4209 2911 4278 iique
2939 4211 3204 4275 boreales,
3267 4214 3459 4269 diebus
3515 4216 3585 4270 ab

2016 4298 2199 4351 aestiva
2222 4297 2352 4351 solis
2386 4300 2744 4353 conversione
2775 4301 2989 4369 viginti,
3020 4303 3123 4355 sub
3172 4304 3351 4357 canini
3388 4306 3585 4360 sideris

2017 4394 2195 4437 ortum
2224 4385 2485 4439 exsistere
2507 4387 2703 4440 solent.
2738 4387 2875 4439 Nam
2904 4403 3028 4441 cum
3060 4388 3111 4440 id
3143 4393 3408 4457 temporis
3431 4392 3585 4463 nives

352 4481 685 4549 καλούμενον
726 4482 955 4534 θύελλαν
994 4484 1021 4534 6
1059 4480 1433 4549 Ἀριστοτέλης
1473 4478 1694 4546 τυφῶνα
1732 4477 1907 4535 καλεῖ,

2016 4473 2425 4542 colliquescant,
2473 4490 2620 4529 aurae
2674 4476 2919 4546 quaadam
2973 4477 3180 4545 frigida:
3230 4494 3293 4532 ac
3333 4480 3585 4535 boreales

351 4571 434 4622 διά
467 4573 526 4623 τὸ
561 4573 709 4641 παχὺ
745 4569 885 4625 εἶναι
916 4573 976 4623 16
1013 4573 1230 4639 πνεῦμα
1266 4571 1359 4623 καὶ¹
1392 4570 1555 4621 οἱονεὶ
1586 4566 1812 4620 τύπτειν
1844 4566 1909 4633 τῇ

354 4661 502 4727 φωνῇ
538 4660 598 4708 τὸ
644 4658 977 4727 παρατυχόν.
1014 4659 1172 4709 Αίτία
1215 4657 1270 4708 δὲ
1304 4655 1396 4708 τοῦ
1429 4652 1911 4722 τοιούτουάνέμου

356 4756 516 4822 ἀτμὶς
543 4758 745 4823 παχεῖα
776 4752 984 4804 ἄνωθεν
1010 4750 1115 4804 ἀπὸ
1140 4751 1247 4803 τῶν
1270 4750 1445 4817 νεφῶν
1472 4748 1775 4819 φερομένη,
1806 4746 1914 4797 εἴτε

358 4846 497 4897 κατά
532 4845 636 4911 γῆς
671 4846 779 4895 εἴτε
817 4843 956 4894 κατά
993 4842 1302 4907 θαλάσσης,
1338 4841 1459 4908 ἦτις
1499 4837 1914 4909 προσπταίουσὰ

357 4954 458 4988 τινι
505 4934 784 5003 ἀντιτύπῳ
833 4933 1046 5002 σώματι
1096 4932 1461 4984 ἀναπάλλεται
1510 4933 1588 4989 εἰς
1634 4928 1911 4992 τούπίσω,

356 5032 471 5080 ἐπεὶ
501 5028 556 5079 δὲ
583 5027 642 5079 16
672 5026 1112 5093 ἀναπαλλὸμενον
1139 5022 1406 5075 κωλύεται
1434 5023 1513 5084 εἰς
1539 5020 1782 5073 τούπίσω
1810 5038 1915 5088 χω-

356 5123 465 5188 ρεῖν
494 5120 601 5171 ὑπὸ
629 5119 721 5170 τοῦ
752 5117 975 5169 ὄπισθεν
1009 5114 1526 5176 ἐπακολουθοῦντος,
1559 5116 1651 5168 ἐπὶ
1678 5114 1745 5166 τά
1775 5113 1915 5165 πλά-

352 5228 441 5277 για
476 5210 793 5269 διακλᾶται,
823 5204 941 5259 εἶτα
971 5209 1193 5259 κάκεῖσε
1225 5205 1504 5271 ἀντιτύπῳ
1535 5205 1913 5271 συναντήσασα

353 5302 507 5355 πάλιν
530 5299 995 5370 διασκορπίζεται,
1025 5300 1118 5351 καὶ
1141 5299 1349 5364 γίνεται
1378 5297 1609 5364 ἐλιξίτης
1636 5293 1915 5362 συστροφὴ

352 5387 439 5439 τοῦ
488 5388 714 5455 ἀνέμου,
767 5385 1173 5453 μετεωρίζουσα
1226 5386 1319 5435 καὶ
1366 5384 1473 5435 ἀπὸ
1516 5385 1618 5453 γῆς
1666 5384 1760 5433 καὶ
1805 5382 1913 5433 ἀπὸ

351 5480 620 5547 θαλάσσης
653 5477 721 5529 τά
763 5478 1149 5545 παρατυχόντα
1192 5477 1441 5545 σώματα.
1474 5476 1664 5525 Ἔνθεν
1697 5490 1780 5524 τοι
1822 5473 1914 5524 καὶ

350 5575 555 5637 σίφωνα
589 5572 684 5621 τὸν
716 5568 959 5620 τοιοῦτον
993 5569 1190 5637 ἄνεμον
1224 5569 1448 5620 καλοῦσι
1474 5583 1488 5595 ·
1532 5568 1671 5616 κατὰ
1715 5564 1915 5616 κύκλον

347 5680 400 5714 τε
435 5666 540 5731 γὰρ
575 5663 808 5715 εἰλεῖται
844 5661 973 5731 περὶ
1002 5661 1098 5729 τὴν
1131 5664 1251 5728 γῆν,
1286 5662 1378 5710 καὶ
1414 5657 1547 5725 πρὸς
1580 5656 1675 5724 τὴν
1709 5655 1914 5706 οἰκείαν

347 5753 493 5817 αὖθις
520 5752 954 5813 ἑπανακάμπτει
983 5754 1179 5813 ἀρχὴν,
1211 5751 1331 5801 ὅθεν
1362 5750 1455 5800 καὶ
1485 5748 1661 5808 λίθους
1693 5746 1912 5811 ἐφέλκε-

2014 4564 2345 4619 efficiuntur.
2383 4565 2509 4631 Quze
2534 4580 2696 4619 causa
2728 4576 2811 4620 est
2842 4578 2898 4620 ut
2925 4577 3037 4621 tum
3070 4570 3242 4637 venti,
3275 4583 3414 4640 quos
3441 4574 3586 4627 indi-

2014 4657 2276 4719 cavimus,
2304 4656 2434 4710 ﬂare
2474 4658 2701 4726 singulis
2722 4658 2879 4712 annis
2919 4659 3201 4729 incipiant.
3257 4665 3434 4732 Atque
3470 4665 3585 4720 haec

2014 4747 2190 4800 dehis
2220 4746 2363 4800 dicta
2422 4756 2602 4799 sunto.
2651 4746 2917 4801 Cteterurn
2976 4761 3195 4803 ventum
3234 4751 3384 4805 illum
3422 4770 3584 4823 quem

2016 4837 2268 4907 thyellam
2303 4837 2568 4890 llomerus
2591 4839 2847 4906 appellat,
2870 4838 3183 4908 Typhonem
3203 4856 3357 4896 vocat
3374 4846 3584 4898 Aristo-

2017 4929 2147 4980 teles
2182 4926 2379 4993 (Latini
2421 4927 2734 4995 turbinem),
2780 4940 3064 4997 propterea
3101 4931 3245 4998 quod
3272 4933 3430 4987 tiatus
3467 4935 3583 5002 ipse

2006 5005 2230 5073 crassus
2260 5020 2350 5084 sit,
2381 5024 2644 5089 quasique
2679 5038 2811 5074 sono
2843 5039 2940 5077 suo
2989 5026 3239 5079 verberet
3272 5028 3323 5081 id
3353 5028 3407 5082 in
3434 5031 3581 5099 quod

2019 5112 2228 5165 incidit.
2257 5111 2386 5196 Ejus
2406 5113 2554 5165 venti
2590 5127 2749 5167 causa
2778 5125 2861 5167 est
2905 5120 3071 5184 vapor
3093 5119 3313 5186 (trudam
3342 5137 3581 5185 crassus,

2018 5209 2231 5255 sursum
2272 5203 2569 5258 e‘nubibus
2590 5204 2821 5270 delatus,
2854 5207 2966 5261 sive
3013 5209 3115 5262 hoc
3144 5218 3285 5263 terra
3320 5212 3412 5265 fiat
3465 5215 3584 5267 sive

2020 5296 2176 5359 mari,
2210 5295 2303 5363 qui
2331 5295 2548 5363 quidem
2584 5311 2749 5364 vapor
2782 5298 2833 5350 in
2864 5312 3063 5367 corpus
3095 5301 3313 5370 aliquod
3344 5305 3578 5357 solidum

2016 5397 2069 5439 et
2100 5386 2371 5440 obsistens
2402 5386 2570 5439 illisus
2595 5398 2740 5441 retro
2777 5396 3073 5458 torquetur.
3102 5393 3167 5444 Et
3198 5396 3319 5462 quia
3342 5410 3434 5461 per
3463 5396 3573 5448 vim

2018 5488 2164 5527 rutro
2194 5484 2350 5528 actus
2404 5476 2493 5528 hic
2541 5492 2708 5544 vapor
2758 5478 2952 5531 cedere
3017 5483 3222 5548 nequit,
3267 5484 3569 5539 obsistente

2018 5567 2159 5619 illico
2191 5567 2334 5634 quod
2359 5582 2389 5621 a
2419 5574 2568 5636 tergo
2598 5569 2844 5635 sequitur
2868 5580 3027 5637 atque
3077 5573 3339 5642 ittttninqt,
3371 5575 3578 5631 idem-0

2017 5657 2183 5709 veluti
2206 5655 2418 5712 fractus
2447 5659 2500 5710 in
2534 5669 2905 5712 transversum
2937 5662 3133 5727 agitur.
3173 5662 3271 5715 Uini
3304 5662 3577 5723 consimili

2006 5742 2182 5801 modo
2217 5759 2776 5813 exceptusaoorpore
2822 5751 3073 5810 quoniam
3123 5754 3299 5805 Solido
3358 5771 3575 5811 rursum
