3968 6228
342 337 411 399 39
1594 334 2029 395 ’MICIIXELIS
2070 335 2326 394 (ΠΧΩ.τῖ
3514 337 3588 401 ΖΟ

315 450 669 519 dissipatur;
694 448 875 518 ‘i‘ttque
911 450 1054 504 venti
1080 448 1328 519 quaadam
1386 449 1608 505 inllcxio
1634 464 1688 506 et
1728 452 1907 516 turbo,

2031 470 2108 504 ςαι
2144 454 2234 504 καὶ
2268 452 2395 521 χοῦν
2427 452 2748 522 ἰπεσὺρεται
2784 456 2877 507 καὶ
2911 455 3144 525 λέμϐους
3180 456 3429 527 ἀνασπᾷ,
3457 455 3492 510 ἃ
3524 457 3590 524 δη

340 542 636 598 Sustollens
666 541 720 596 in
756 542 924 597 altum
967 542 1229 611 quidquid
1290 542 1372 596 vel
1428 551 1571 625 terra
1635 546 1718 598 vel
1770 544 1907 598 mari

2031 543 2111 594 ιαὶ
2160 543 2216 594 ἐν
2255 542 2434 604 ἄλλοις
2474 544 2660 605 τόποις
2706 544 3205 616 καταῤῥηγνὺμενα
3250 544 3436 614 θαῦμα
3476 547 3590 608 τοῖς

340 634 629 702 corripuit.
662 632 797 686 llinc
827 632 882 684 lit
909 641 968 686 ut
1004 642 1224 686 ventum
1252 632 1397 685 hunc.
1421 633 1585 686 etiam
1618 634 1907 701 siphonem

2031 632 2329 703 )swpévmg'
2359 636 2648 704 ἐμποιοῦσι
2689 638 2786 689 καὶ
2821 635 3104 707 ἔκπληξιν.
3143 635 3202 689 ⁸0
3238 635 3298 689 δὲ
3336 636 3595 705 ἐκνεφίας

341 726 639 796 appellent.
685 723 818 777 Nam
852 724 903 778 iu
937 724 1122 778 orbem
1167 724 1310 777 circa
1351 734 1549 778 terram
1578 726 1818 793 agitatur
1854 733 1911 780 et

2031 724 2221 794 ἱνεμος
2262 727 2466 797 ὁμοίως
2511 729 2698 799 σχεδὸν
2739 729 2818 800 τῷ
2862 729 3072 797 τυφῶνι
3098 744 3114 761 ο
3156 728 3299 799 πλὴν
3339 730 3368 781 6
3410 726 3596 796 τυφὼν

341 834 499 871 suum
532 817 594 873 ad
630 815 842 869 initiunt
882 815 1143 879 reﬂectit;
1177 831 1297 885 quae
1332 829 1493 869 causa
1531 826 1613 869 est
1642 815 1913 884 quamob-

2031 816 2210 885 5ρᾶται
2241 817 2328 869 διὰ
2355 819 2944 893 τὰπαχυμερεστέραν
2970 821 3159 875 οὐσίαν
3185 821 3249 875 ἐκ
3274 818 3369 873 τοὺ
3400 820 3596 889 νέφους

346 924 456 962 rem
487 908 694 977 ingenti
722 909 770 958 vi
801 906 1012 977 lapides
1043 906 1302 971 attrahat,
1329 914 1381 959 et
1413 915 1690 959 terrenum
1728 906 1917 975 pulve-

2031 908 2367 976 ἐφέλκεσθαι.
2400 911 2509 965 Καὶ
2538 914 2661 966 οὑδὲ
2693 914 2846 977 ὑετὸς
2878 913 3042 967 παύει
3072 910 3275 978 αὑτὸν,
3306 913 3356 964 εἰ
3387 912 3461 981 μὴ
3492 911 3595 981 pd-

347 1016 457 1052 rx-m
489 1000 668 1069 rapiat
711 1010 767 1053 et
802 998 1081 1052 naviculas
1113 1008 1344 1052 evertat.
1406 997 1496 1051 Ea:
1545 997 1809 1067 deinceps
1832 998 1916 1052 'in

2031 1015 2106 1062 lo;
2133 999 2160 1050 ὁ
2190 999 2413 1071 βορρᾶς.
2449 1004 2560 1056 Καὶ
2589 1003 2760 1058 ταῦτα
2797 1005 2919 1076 μὲν,
2951 1003 3227 1075 ἀγαπητὲ,
3259 1000 3382 1056 κατ’
3406 1003 3597 1055 ὲπιτο·

347 1090 445 1145 alia
480 1091 597 1144 loca
628 1089 902 1143 distracta:
925 1087 1345 1142 admirationem
1378 1089 1671 1157 quamdam
1700 1097 1755 1142 et
1798 1098 1920 1144 stu~

2031 1090 2128 1164 μὴν
2168 1094 2511 1164 ἐσχεδίασται
2553 1098 2640 1152 διὰ
2685 1099 2744 1151 σὲ
2790 1099 2962 1152 πολλὰ
2999 1098 3111 1152 τῶν
3148 1095 3405 1150 τοιούτων
3445 1094 3595 1164 septi-E—

348 1198 531 1249 parem
592 1181 645 1234 in
676 1179 1081 1249 spectatoribus
1107 1179 1363 1233 excitant.
1424 1180 1627 1234 Ventus
1660 1188 1841 1233 autem
1876 1179 1921 1234 is
2023 1201 2202 1253 μενον.
3254 1239 3261 1247 ,

348 1292 508 1346 quem
544 1274 874 1343 Eenephiam
927 1281 1143 1334 vocant,
1197 1271 1594 1339 propemodum
1654 1271 1782 1327 huic
1844 1274 2070 1345 typhoni
2110 1270 2428 1339 similisest,
2488 1281 2593 1335 nisi
2653 1283 2797 1352 quod
2848 1284 3140 1354 typltoncm
3209 1282 3373 1341 etiam
3420 1282 3600 1337 cerni-

348 1384 469 1421 mus
500 1377 723 1437 propter
748 1365 1071 1420 crassiorem
1101 1363 1220 1431 ejus
1246 1363 1543 1416 essentiam
1586 1379 1616 1418 e
1649 1365 1794 1419 nube
1825 1366 2041 1423 detrahi
2062 1385 2124 1424 ac
2150 1375 2424 1440 protrudi,
2493 1391 2657 1445 quant
2715 1391 2782 1429 ne
2854 1377 3033 1445 pluvia
3063 1376 3286 1446 quidem
3329 1374 3601 1443 dissipare

346 1473 548 1534 potest,
580 1463 698 1517 solo
717 1463 884 1517 borea
912 1470 1161 1530 excepto.
1195 1459 1318 1514 Haec
1352 1470 1441 1513 tua
1481 1474 1668 1523 causa,
1725 1462 1928 1519 dilecte
1968 1464 2067 1532 ﬁli,
2106 1468 2346 1524 breviter
2408 1486 2685 1544 exponere
2710 1472 2890 1540 hbuit,
2927 1472 3151 1543 quando
3188 1486 3369 1527 reruni
3415 1469 3602 1538 hujus-

348 1560 496 1616 modi
524 1550 892 1632 cognitionem
924 1558 1103 1626 erpeti
1129 1557 1228 1610 abs
1245 1566 1315 1611 rte
1344 1555 1574 1611 mirifice
1602 1558 1738 1614 scio.

842 1699 997 1755 DIES
1082 1697 1419 1753 SECUNDA.

2489 1706 2730 1762 HMEPA
2765 1706 3101 1763 ΔΕΥΤΕΡΔ.

432 1840 438 1845 .
501 1798 684 1851 Altera
723 1795 813 1850 die
847 1794 996 1849 Deus
1026 1807 1095 1846 ex
1119 1791 1277 1860 aquis
1299 1788 1702 1844 ﬁrmamentum
1736 1791 1927 1847 condi-

2102 1798 2183 1869 Τῇ
2217 1796 2276 1852 δὲ
2307 1798 2535 1871 δευτέρᾳ
2574 1802 2757 1872 ἡμέρᾳ
2792 1803 3118 1872 παρήγαγεν
3152 1804 3214 1855 ὲκ
3245 1801 3355 1855 τῶν
3391 1802 3599 1856 ὑδάτων

242 1884 245 1887 ’
345 1892 447 1955 dit,
484 1889 629 1959 quod
662 1887 1115 1956 interstingueret
1144 1897 1337 1952 aquas,
1369 1883 1670 1951 pmsertim
1694 1884 1923 1938 secretis

347 1983 457 2038 i.lis
496 1995 619 2051 quae
660 1992 826 2047 supra
862 1975 1266 2029 firmamentum
1324 1973 1612 2028 exsistunt.
1667 1972 1734 2028 Et
1790 1989 1926 2044 qua-

346 2087 498 2134 nam,
531 2070 786 2131 obsecro,
822 2068 890 2120 de
912 2080 1075 2120 causa
1127 2064 1270 2118 Deus
1291 2077 1458 2133 supra
1514 2062 1923 2118 ﬁrmamentum

346 2158 547 2232 aquam
610 2156 943 2214 collocavit?
1002 2157 1233 2225 Propter
1302 2156 1751 2212 ardentissimum
1791 2155 1925 2212 solis

346 2264 556 2309 motum
596 2261 764 2321 atque
786 2250 1052 2306 calorem.
1084 2248 1217 2302 Nam
1251 2249 1360 2304 nisi
1412 2264 1553 2320 aqua
1612 2249 1736 2305 istic
1779 2258 1927 2305 esset

347 2344 610 2415 reposita,
635 2350 826 2405 aestus,
860 2341 1037 2396 instar
1059 2339 1205 2394 vasis
1233 2340 1455 2395 testacei
1479 2339 1657 2395 media
1686 2340 1741 2395 in
1769 2339 1924 2395 llam-

348 2455 434 2493 nta
462 2437 660 2494 stantis
687 2444 740 2491 et
765 2434 834 2489 ab
857 2431 1292 2502 aqua,destituti,
1330 2432 1514 2487 omnia
1555 2432 1925 2502 disperderet.

347 2533 416 2588 Et
449 2529 590 2586 intra
624 2529 1031 2583 ﬁrmamentum
1065 2524 1254 2579 itidem
1286 2538 1441 2594 aqua:
1458 2525 1645 2590 variae,
1676 2523 1923 2591 ﬂumina,

348 2636 563 2695 stagna,
597 2623 770 2677 maria
798 2630 945 2684 sunt,
978 2627 1123 2672 utne
1153 2626 1338 2687 partes
1369 2618 1448 2672 lia:
1481 2625 1769 2673 terrestres
1800 2635 1929 2689 pro-

348 2728 476 2791 pter
505 2715 704 2771 caloris
734 2713 1157 2768 immensitatem
1211 2719 1532 2766 exurantur.
1559 2709 1732 2766 Norat
1777 2713 1926 2766 enim

354 2813 517 2874 Deus,
541 2805 1006 2878 quemadmodum
1041 2803 1271 2859 Basilius
1299 2804 1397 2867 ait,
1429 2811 1698 2873 quantum
1721 2803 1927 2858 mundo

350 2903 615 2975 temporis
647 2903 712 2957 ad
737 2901 1085 2956 durationem
1111 2898 1232 2968 ejus
1269 2897 1622 2963 destinasset,
1657 2909 1710 2952 et
1744 2913 1923 2968 quan-

352 3011 467 3052 tum
525 2995 753 3051 fomenti
803 2992 1179 3064 reponendum
1252 2975 1577 3062 iguiil'oret.
1631 2992 1927 3062 Propterea

349 3092 609 3160 przeclare
631 3088 837 3144 dictum
864 3095 946 3142 est
969 3101 998 3140 a
1028 3085 1261 3141 Davide:
1296 3083 1431 3150 «Qui
1451 3093 1653 3140 terram
1679 3085 1734 3140 in
1766 3084 1927 3155 aquis

348 3180 711 3236 fundavit".»
742 3178 876 3233 Nam
904 3193 1029 3232 cum
1057 3192 1207 3246 aqua-
1242 3186 1442 3231 terram
1475 3177 1790 3231 humectare
1818 3191 1928 3230 non

350 3274 625 3334 desinant,
666 3280 723 3326 et
751 3285 871 3326 eam
900 3280 958 3325 ut
984 3269 1252 3323 immunis
1276 3268 1347 3322 sit
1369 3269 1437 3322 ab
1465 3269 1604 3337 ignis
1637 3269 1928 3322 exustione

352 3373 713 3429 conservent,
742 3372 891 3418 recte
940 3363 1051 3416 dici
1108 3377 1263 3429 aquae
1313 3361 1729 3416 fundamentum
1782 3359 1930 3416 illius

351 3459 729 3514 ﬁrmissimum
768 3465 1019 3525 possunt.
1053 3454 1186 3519 Qum
1238 3454 1455 3522 quidem
1498 3456 1571 3507 ita
1618 3470 1678 3509 se
1725 3454 1929 3510 habere

351 3555 416 3608 ac
446 3551 787 3606 fundamenti
832 3548 1114 3617 cujusdam
1157 3548 1330 3599 instar
1366 3559 1535 3614 aquas
1576 3556 1774 3600 terram
1806 3561 1929 3602 sus-

344 3648 551 3717 tinere,
606 3641 849 3697 Joannes
873 3639 1292 3710 Chrysostomus
1352 3636 1406 3690 in
1450 3636 1588 3691 libro
1626 3636 1702 3692 De
1737 3637 1930 3693 statuis

351 3735 618 3792 illustrius
647 3735 810 3789 etiam
832 3730 1089 3794 ostendit,
1126 3731 1208 3783 his
1243 3728 1422 3784 verbis
1450 3737 1608 3784 utens
1632 3745 1645 3782 :
1675 3729 1930 3784 (Terram

352 3846 384 3886 a
412 3829 655 3883 fontibus
685 3828 801 3882 suis
827 3823 1098 3880 desertam
1131 3834 1185 3878 et
1228 3821 1295 3876 ab
1326 3822 1576 3890 humore,
1610 3820 1765 3892 quia
1795 3806 1936 3876 mari

351 3935 418 3975 ac
448 3918 771 3974 ﬂuminibus
800 3917 851 3972 ei
886 3916 1036 3970 velut
1064 3913 1416 3983 inspergitur,
1444 3927 1667 3967 necesse
1701 3927 1929 3983 prorsus

351 4020 439 4066 est
467 4021 808 4065 exarescere.
834 4024 855 4058 ›
875 4006 946 4060 Et
967 4003 1073 4058 erit
1108 4003 1402 4072 aliquando
1434 4013 1670 4073 tempus,
1706 4018 1832 4059 cum
1862 4005 1929 4059 ab

354 4105 480 4171 igne
504 4111 701 4155 cuncta
727 4109 1051 4160 exurentur,
1087 4095 1545 4165 quemadmodum
1570 4104 1724 4152 vates
1746 4108 1932 4154 noster

351 4190 525 4248 Isaias
577 4188 780 4263 inquit,
816 4201 942 4239 cum
979 4182 1352 4239 universitatis
1381 4183 1609 4253 hujusce
1639 4185 1750 4239 Deo
1777 4186 1931 4254 quasi

353 4284 696 4352 colloquens,
737 4278 867 4345 «Qui
896 4279 960 4332 ad
982 4277 1238 4349 abyssum
1267 4278 1361 4340 ait,
1386 4276 1608 4333 Deserta
1632 4288 1768 4342 esto,
1800 4294 1933 4333 cun-

349 4377 536 4446 ctique
572 4373 720 4429 ﬂuvii
755 4371 831 4426 tui
859 4382 1184 4426 exarescant
1204 4370 1244 4424 ε.
1278 4389 1296 4422 ι

2024 1890 2156 1946 αὑτὸ
2189 1891 2249 1946 τδ
2284 1896 2572 1965 στερέωμα
2592 1935 2606 1959 ,
2642 1893 2785 1948 ὥστε
2818 1894 3166 1965 διαχωρίζειν
3198 1896 3471 1965 ἀναμέσον
3502 1894 3598 1948 τοῦ

2025 1982 2214 2061 ὓδατος
2254 1985 2349 2040 τοῦ
2391 1987 2577 2041 ὲπάνω
2617 1987 2713 2041 τοῦ
2757 1986 3139 2056 στερέωματος
3183 1988 3280 2041 καὶ
3321 1986 3598 2056 ἀναμέσον

2022 2075 2118 2129 τοῦ
2153 2074 2346 2141 ὓδατος
2377 2078 2469 2132 τοῦ
2502 2079 2761 2134 ὑποκάτω
2790 2079 2883 2132 τοῦ
2921 2079 3327 2149 στερεώματος.
3353 2077 3538 2148 Ὕδωρ
3567 2078 3599 2131 6

2022 2169 2158 2234 Θεὸς
2184 2170 2478 2225 ἐναπέθετο
2505 2171 2595 2225 διὰ
2619 2172 2719 2241 τὴν
2746 2170 2843 2225 τοῦ
2870 2172 3024 2243 ἡλίου
3056 2170 3398 2242 θερμοτάτην
3424 2173 3596 2240 φοράν

2021 2275 2082 2312 τε
2110 2260 2207 2312 καὶ
2236 2259 2498 2315 ἔκκαυσιν
2519 2276 2535 2293 ο
2571 2263 2668 2315 καὶ
2696 2263 2746 2314 εἰ
2778 2261 2854 2332 μὴ
2897 2278 3066 2315 δκειτο
3095 2261 3236 2331 ὕδωρ
3263 2261 3594 2326 ὲπινοτίζον,

2026 2351 2318 2422 συνετρίϐη
2344 2351 2411 2405 ἂν
2434 2351 2539 2405 ὑπὸ
2563 2352 2773 2423 θέρμης
2797 2352 2870 2416 ὡς
2895 2354 3063 2423 ἄγγος
3087 2352 3409 2423 ὀστράκινον
3437 2352 3599 2422 μέσον

2028 2443 2226 2514 φλογὸς
2268 2445 2559 2513 ἱστάμενον
2592 2446 2686 2498 καὶ
2722 2445 2866 2517 ὕδωρ
2905 2446 2979 2517 μὴ
3015 2445 3160 2516 ἔχον.
3200 2446 3310 2499 Καὶ
3353 2444 3599 2499 κάτωθεν

2025 2535 2114 2590 διὰ
2145 2534 2303 2590 τοῦτο
2338 2535 2506 2589 ὕδατα
2540 2536 2733 2602 πολλὰ,
2775 2539 3013 2607 ποταμοί
3048 2553 3109 2590 τε
3146 2537 3243 2590 καὶ
3280 2537 3472 2606 λίμναι
3509 2534 3601 2590 καὶ

2029 2628 2325 2693 θάλασσαι,
2362 2626 2504 2681 ὥστε
2544 2628 2617 2699 μὴ
2652 2628 3098 2699 καταφλεχθῆναι
3133 2629 3287 2681 τουτὶ
3320 2628 3623 2698 περίγειονο

2025 2719 2093 2787 τῇ
2120 2715 2394 2787 ὑπερϐολῇ
2420 2716 2512 2769 τοῦ
2540 2717 2770 2787 θερμοῦ.
2796 2717 2950 2786 ᾝδει
2974 2718 3082 2788 γὰρ
3107 2718 3134 2770 6
3155 2716 3312 2782 Θεὸς,
3340 2715 3415 2782 ὥς
3440 2734 3604 2789 φησιν

2028 2809 2057 2862 6
2092 2808 2270 2878 μέγας
2301 2806 2604 2874 Βασίλειος,
2639 2808 2764 2863 ὅσον
2797 2807 3046 2880 ἀφώρισε
3077 2809 3154 2878 τῷ
3188 2810 3379 2879 κόσμῳ
3412 2810 3603 2880 χρόνον

2029 2903 2109 2963 εἰς
2135 2900 2397 2972 διαμονὴν
2420 2941 2434 2965 ,
2465 2901 2560 2954 καὶ
2588 2900 2765 2972 πόσην
2793 2900 2897 2972 χρὴ
2923 2899 3011 2973 τῷ
3029 2887 3602 2973 πυρὶ’προαποθέσθαι

2028 2993 2295 3062 δαπάνην.
2322 2993 2514 3056 Καλῶς
2544 2989 2636 3048 οὖν
2667 2993 2853 3063 ἔλεγεν
2878 2995 2907 3047 6
2931 2994 3093 3047 Δαϐὶδ
3123 3011 3143 3046 ε
3177 2992 3234 3046 '0
3263 2992 3604 3064 θεμελιώσας

2029 3086 2128 3158 τὴν
2167 3087 2270 3158 γῆν
2311 3088 2406 3141 ἐπὶ
2441 3086 2552 3141 τῶν
2589 3086 2818 3143 ὑδάτων.
2863 3105 2882 3139 ι
2916 3086 3135 3154 Ἐπειδὴ
3176 3087 3288 3156 γὰρ
3328 3087 3397 3140 τά
3436 3085 3604 3141 ὕδατα

2030 3180 2128 3250 τὴν
2164 3181 2268 3250 γῆν
2309 3181 2685 3245 ὲπινοτίξοντα
2726 3180 3091 3249 φυλάττουσιν
3128 3180 3299 3251 αὑτὴν
3338 3178 3481 3233 ὥστε
3521 3180 3601 3249 μὴ

2031 3271 2450 3342 καταφρυγῆναι
2477 3272 2556 3343 τῷ
2586 3272 2744 3343 πυρὶ,
2778 3271 2994 3342 ἀληθῶς
3023 3271 3090 3326 ἂν
3120 3272 3206 3342 εἴη
3234 3271 3403 3325 ταῦτα
3430 3273 3496 3342 τῇ
3526 3272 3601 3343 γῇ

2031 3362 2279 3432 θεμέλιον
2304 3363 2671 3432 ὀχυρώτατον.
2698 3364 2822 3418 Ὅτι
2851 3362 2909 3416 δὲ
2938 3364 3111 3417 ταῦτα
3137 3352 3311 3425 οὕτως
3342 3361 3478 3433 ἔχει,
3509 3361 3604 3416 καὶ

2031 3457 2114 3509 ὅτι
2150 3455 2220 3508 τὰ
2261 3453 2431 3508 ὑδατα
2473 3455 2725 3526 καθάπερ
2757 3473 2811 3510 τι
2852 3453 3101 3526 θεμέλιον
3136 3453 3470 3525 ὑπανέχουσι
3503 3453 3605 3526 τὴν

2034 3549 2170 3620 γῆν,
2201 3552 2228 3603 6
2257 3549 2659 3621 χρυσορῤήμων
2698 3548 2951 3619 Ἰωάννης
2985 3552 3042 3602 ὲν
3069 3550 3135 3618 τῇ
3171 3545 3339 3617 βίϐλῳ
3369 3546 3479 3600 τῶν
3508 3547 3608 3601 ἁν-

2032 3642 2302 3714 δριάντων
2341 3641 2723 3713 ἀριδηλότερον
2765 3640 2968 3707 ἔδειξε,
3012 3639 3157 3693 κατὰ
3196 3639 3352 3708 ῥῆμα
3394 3639 3607 3704 διεξιὼν
3645 3638 3651 3643 ’

2034 3735 2258 3791 οὑτωσί·
2292 3753 2310 3787 ι
2339 3735 2413 3787 Ἢ
2443 3735 2536 3803 γῆ,
2563 3736 2659 3788 ἐὰν
2685 3733 3010 3788 ὲπιλίπωσιν
3033 3730 3203 3804 αὑτὴν
3229 3734 3285 3785 αἱ
3312 3731 3490 3801 πηγαὶ
3515 3731 3611 3784 καὶ

2031 3830 2067 3900 ἡ
2109 3827 2259 3896 παρὰ
2290 3826 2391 3897 τῆς
2429 3825 2710 3894 θαλάσσης
2750 3825 2847 3876 καὶ
2879 3823 2991 3876 τῶν
3022 3821 3285 3893 ποταμῶν
3317 3822 3608 3892 ὲνσπειρο-

2037 3921 2172 3992 μένη
2224 3921 2404 3985 νοτὶς,
2457 3921 2877 3990 καταφρυγείσα
2926 3917 3147 3980 τελείως
3199 3916 3521 3970 ἀπόλλυται.
3578 3934 3598 3969 ε

2039 4015 2237 4068 Ἔσται
2283 4014 2467 4085 μέντοι
2510 4013 2598 4067 ὅτε
2641 4013 2735 4066 καὶ
2779 4012 2956 4068 πάντα
3001 4013 3489 4080 καταφρυγὴσεται
3531 4007 3610 4078 τῷ

2033 4103 2191 4172 πυρὶ,
2223 4102 2299 4164 ὡς
2329 4101 2357 4153 6
2388 4101 2675 4171 προφήτης
2706 4100 2937 4162 Ἡσαΐας
2969 4100 3134 4168 φησὶν
3161 4103 3219 4151 ὲν
3248 4093 3328 4161 οἷς
3357 4100 3490 4168 πρὸς
3518 4097 3610 4150 τὸν

2033 4194 2142 4251 τῶν
2180 4194 2318 4248 ὃλων
2358 4193 2493 4247 Θεὸν
2530 4192 2836 4260 διαλέγεται
2887 4210 2906 4245 ι
2936 4190 2994 4245 '0
3037 4191 3213 4260 λέγων
3251 4195 3317 4261 τῇ
3364 4189 3607 4259 ἀϐύσσῳ,

2034 4287 2403 4360 ἐρημωθήσῃ,
2455 4286 2553 4341 καὶ
2601 4286 2811 4351 πάντας
2855 4286 2982 4348 τοὺς
3033 4284 3310 4356 ποταμούς
3364 4298 3457 4336 σου
3512 4283 3609 4351 ξη-

2037 4397 2200 4451 ρανω.
2241 4399 2260 4432 ι

421 4469 611 4539 Itaque
640 4466 786 4522 Deus
814 4480 882 4520 ex
915 4464 1074 4534 aquis
1103 4463 1506 4517 ﬁrmamentum
1554 4461 1820 4527 condidit,
1871 4471 1927 4517 et

2109 4469 2356 4540 Παράγει
2387 4466 2482 4520 οὑν
2510 4465 2569 4533 ὲξ
2603 4465 2811 4520 ὑδάτων
2841 4465 2903 4517 τὸ
2933 4465 3220 4535 στερέωμα
3249 4464 3278 4515 6
3309 4464 3471 4541 Gabi,
3505 4479 3609 4515 xa-

350 4562 454 4633 ipsi
486 4576 710 4631 quoque
740 4558 864 4616 coeli
894 4572 1094 4613 nomen
1126 4556 1277 4611 dedit
1306 4573 1321 4610 :
1354 4555 1449 4611 sed
1480 4556 1697 4626 proprie
1727 4555 1926 4610 cmlum

349 4663 581 4708 vocatur
609 4650 740 4705 illud
778 4648 924 4719 quod
954 4648 1112 4719 prius
1139 4654 1223 4703 est
1256 4646 1559 4711 conditum,
1597 4654 1653 4701 et
1704 4645 1928 4716 quidem

348 4762 415 4802 ex
444 4743 639 4799 nihilo.
704 4739 956 4797 Secunda
988 4756 1116 4794 vero
1142 4738 1543 4810 signiﬁcatione
1602 4737 1803 4792 coelum
1844 4752 1930 4792 sa-

349 4855 457 4895 crae
491 4839 712 4892 Litterae
774 4834 1183 4890 vocant-ctiam
1232 4833 1648 4889 hmdamentum
1698 4831 1806 4885 hoc
1862 4846 1931 4884 ex

349 4933 528 5003 aquis,
564 4938 623 4983 ut
651 4930 857 4985 dictum
898 4937 1004 4992 est,
1035 4938 1238 4980 ortum.
1271 4925 1345 4979 De
1375 4941 1484 4995 quo
1511 4925 1622 4995 jam
1673 4923 1931 4993 intelligis

350 5024 567 5080 tradere
599 5023 833 5078 Litteras
866 5034 1050 5076 sacras
1079 5018 1219 5072 duos
1246 5017 1436 5081 caelos,
1464 5016 1699 5070 tametsi
1726 5014 1925 5069 coelum

350 5118 571 5171 unicum
595 5129 716 5170 esse
745 5120 986 5166 statuant
1012 5108 1242 5173 ethnici,
1270 5121 1495 5178 prorsus
1521 5107 1730 5162 scilicet
1753 5106 1927 5161 bisto~

349 5207 725 5264 ri.e'Mosa'tcae
753 5204 918 5259 rudes
942 5211 999 5257 et
1029 5199 1288 5271 imperiti.
1322 5197 1466 5265 Quin
1500 5213 1731 5269 magnus
1757 5199 1924 5253 etiam

349 5298 693 5356 Basiliusitle
730 5297 973 5366 scripsit,
1025 5301 1235 5347 tantum
1290 5291 1484 5344 abesse
1516 5299 1575 5342 ut
1619 5290 1926 5344 secundum

347 5393 453 5448 hoc
480 5392 678 5447 etelum
705 5402 990 5457 negemus,
1030 5394 1089 5439 ut
1118 5384 1346 5437 tertium
1398 5390 1656 5450 praeterea
1688 5381 1931 5450 inquira-

345 5500 490 5551 mus,
531 5483 689 5554 cujus
725 5478 994 5548 inspectio
1020 5476 1178 5530 beato
1218 5474 1387 5529 Paulo
1413 5472 1668 5543 contigit.
1714 5474 1928 5544 Quippe

348 5577 524 5646 ipsum
550 5590 678 5630 aera
717 5587 935 5643 quoque
959 5570 1180 5624 Litterae
1215 5582 1382 5620 sacrae
1413 5565 1612 5620 ccelum
1650 5566 1928 5634 appellare

351 5673 777 5728 consueverunt.
811 5662 957 5717 verbi
992 5662 1163 5731 gratia
1222 5673 1344 5712 cum
1381 5657 1553 5724 aiunt,
1608 5674 1626 5708 ι
1664 5655 1928 5712 Volucres

422 5765 464 5798 "
498 5761 643 5819 Psal.
672 5776 827 5828 nm,
859 5760 915 5816 2.
992 5760 1011 5791 ⁸
1051 5758 1157 5813 lsa;
1186 5770 1298 5822 xrx,
1328 5755 1381 5813 5.

2031 4563 2197 4625 λέσας
2249 4562 2380 4616 αὑτὸ
2421 4557 2882 4630 καταχρηστικῶς
2930 4556 3181 4628 οὐρανόν.
3233 4555 3455 4624 Κυρίως
3502 4552 3607 4623 μὲν

2032 4658 2141 4728 γὰρ
2173 4654 2403 4726 οὐρανὸς
2436 4656 2644 4715 ἐκεῖνος
2678 4632 2962 4722 ὀκπρῶτος
2997 4649 3183 4703 λαϐὼν
3216 4649 3276 4713 ἐξ
3307 4648 3407 4700 οὑκ
3439 4648 3609 4699 ὄντων

2030 4749 2130 4817 τὴν
2159 4748 2414 4801 σύστασιν
2433 4763 2449 4779 ο
2480 4745 2622 4799 κατά
2650 4743 2902 4814 δεύτερον
2928 4743 2984 4796 δὲ
3014 4742 3170 4811 λόγον
3198 4740 3355 4794 καλεῖ
3377 4738 3607 4810 οὑρανὸν

2033 4837 2066 4907 ἡ
2105 4836 2297 4906 Γραφὴ
2334 4835 2430 4889 καὶ
2468 4835 2599 4889 αὑτὸ
2636 4832 2700 4887 τὸ
2739 4835 3026 4904 στερέωμα
3063 4832 3126 4886 τὺ
3166 4832 3225 4896 ἐξ
3264 4831 3495 4896 ὑδάτων,
3529 4828 3605 4890 ὡς

2033 4929 2294 4996 εἴπομεν,
2341 4927 2589 4996 γεγονός.
2623 4926 2922 4995 Ἐπὶγνωθι
2966 4921 3058 4979 οὖν
3101 4923 3349 4978 ἐντεῦθεν
3391 4922 3476 4974 ὅτι
3516 4918 3610 4972 δύο

2035 5020 2351 5089 παρέδωκεν
2380 5020 2644 5089 οὐρανοὺς
2681 5020 2715 5090 ή
2749 5018 2965 5089 Γραφή.
3000 5016 3109 5070 Καὶ
3141 5017 3189 5069 οἱ
3226 5014 3323 5084 μὲν
3346 5012 3609 5082 Ἕλληνες

2034 5111 2130 5162 ἕνα
2154 5111 2581 5181 διισχυρίζονται
2608 5108 2750 5164 εἷναι
2776 5108 3032 5179 οὐρανὸν,
3059 5108 3155 5161 ἆτε
3180 5107 3281 5176 τῆς
3309 5105 3606 5174 Μωσαῖκῆς

2038 5200 2278 5270 ἱστορίας
2324 5202 2679 5255 παντάπασιν
2726 5199 2882 5262 ὄντες
2928 5197 3206 5267 ἀμύητοι·
3255 5200 3283 5252 ὁ
3326 5197 3383 5251 δὲ
3434 5197 3608 5269 μέγας

2038 5288 2316 5352 Βασίλειός
2353 5306 2518 5359 φησιν
2545 5289 2630 5341 ὅτι
2657 5287 2914 5341 τοσοῦτον
2946 5286 3228 5357 ἀπέχομεν
3256 5287 3332 5357 τῷ
3368 5285 3608 5355 δευτέρῳ

2038 5382 2288 5433 ἀπιστεῖν
2314 5379 2389 5442 ὡς
2417 5382 2511 5432 καὶ
2537 5378 2721 5449 τρίτον
2745 5376 3049 5447 ἐπιζητεῖν,
3074 5367 3137 5429 οὑ
3162 5378 3261 5446 τῆς
3289 5376 3417 5439 θέας
3445 5377 3474 5429 6
3500 5391 3609 5447 μα-

2037 5473 2226 5541 κάριος
2260 5470 2473 5533 Παῦλος
2500 5472 2721 5541 ἠξίωτο.
2755 5471 2866 5524 Καὶ
2891 5468 3054 5523 αὑτὸν
3084 5468 3194 5540 γὰρ
3218 5467 3310 5520 τὸν
3339 5467 3612 5537 ἀέραεκα-

2035 5562 2147 5615 λεῖν
2182 5563 2370 5626 εἴωθεν
2402 5563 2632 5633 οὐρανὸν
2666 5564 2697 5634 ή
2733 5562 2924 5633 Γραφή
2949 5579 2963 5593 ο
3008 5579 3027 5613 ι
3066 5560 3147 5613 Τὰ
3183 5560 3405 5612 πετεινά
3444 5575 3465 5609 ι
3498 5558 3609 5629 γάρ

2036 5674 2170 5725 φησι
2206 5676 2222 5709 ι
2262 5656 2356 5709 τοῦ
2394 5658 2644 5725 οὑρανοῦ,
2687 5675 2705 5708 ι
2745 5657 2840 5710 καὶ
2875 5674 2893 5706 ι
2930 5652 3104 5707 Δὼσει
3141 5653 3342 5724 Κύριος
3374 5651 3482 5706 ἀπὸ
3509 5648 3609 5719 τῆς
