3968 6228
313 325 405 419 ἰι

1629 351 1950 414 ΑΝΝηιι

2082 354 2272 421 PARS
2319 354 2361 415 ῐ.
3539 346 3607 409 42

340 464 534 537 δρόσου
559 481 655 519 του
684 463 942 537 οὐρανοῦ.
980 483 999 518 ι
1033 463 1176 520 Αὐτὸ
1202 463 1360 520 τοῦτο
1390 465 1486 520 καὶ
1513 463 1540 517 ὁ
1569 465 1926 535 Δαμασκηνὸς

2042 464 2238 529 ntali";
2277 484 2292 515 ι
2356 464 2508 529 item,
2550 482 2568 516 ι
2605 463 2891 534 L‘argiatur
2946 462 3040 518 tibi
3096 461 3363 517 Dominus
3417 458 3613 514 rorem

353 555 606 627 Ἰωάννης
645 556 723 629 (3)
757 556 818 610 ὲν
848 555 925 627 τῷ
957 554 1191 626 εἰκοστῷ
1230 555 1398 609 αὐτοῦ
1436 555 1720 626 κεφαλαίῳ
1760 555 1929 624 πάρες

345 664 533 718 στησι,
571 650 724 718 τρεῖς
766 645 904 703 εἶναι
947 647 1124 718 λέγων
1157 648 1456 717 οὐρανοὺς,
1493 647 1694 701 αὐτίκα
1735 647 1828 700 τὸν
1872 646 1932 715 ἐξ

347 739 448 792 οὐκ
485 738 662 794 ὄντων
690 738 750 807 ἐξ
786 739 962 812 ἀρχῆς
995 739 1349 810 παραχθέντα
1371 779 1385 804 ,
1414 739 1508 793 τὸν
1536 738 1596 804 ἐξ
1629 738 1839 792 ὑδάτων
1871 755 1931 792 τε

346 831 584 886 λαῦὁντα
607 832 708 903 τὴν
734 832 994 886 σύστασιν
1021 833 1117 886 καὶ
1145 831 1309 886 αὑτὸν
1335 833 1426 886 τὸν
1455 834 1615 902 ἀέρα.
1647 832 1760 886 Καὶ
1783 831 1934 901 δηλοῖ

343 925 499 979 τοῦτο
527 927 563 996 ἡ
593 926 789 998 Γραφὴ
816 926 1054 994 λέγουσα
1088 945 1107 980 ι
1141 926 1209 980 τά
1238 925 1462 982 πετεινὰ
1488 925 1582 979 τοῦ
1614 923 1868 996 οὐρανοῦ.
1908 941 1925 975 ι

345 1018 591 1088 Πρόσεχε
633 1012 750 1073 οὖν.
787 1019 847 1072 '0
897 1019 1115 1088 πρῶτος
1163 1018 1263 1086 μὲν
1303 1017 1410 1087 γὰρ
1453 1016 1704 1087 οὐρανὸς,
1738 1017 1765 1069 ὁ
1792 1016 1932 1086 ὑπὲρ

346 1110 592 1180 κεφαλῆς
627 1112 763 1183 ἡμῖν
796 1111 1200 1182 ὑφηπλωμένος
1237 1111 1347 1183 ἀὴρ
1369 1151 1384 1177 ,
1419 1109 1671 1180 δεύτερος
1709 1108 1840 1163 αὑτὸ
1871 1109 1933 1162 τὸ

348 1204 661 1271 στερέωμα,
690 1202 787 1254 καὶ
816 1203 998 1274 τρίτος
1023 1204 1052 1255 ὁ
1082 1203 1140 1269 ἐξ
1168 1203 1269 1255 οὐκ
1297 1204 1468 1257 ὄντων
1497 1201 1616 1256 κατ’
1637 1200 1813 1272 ἀρχὰς
1842 1218 1935 1269 γε·

349 1291 542 1359 γονὼς,
581 1295 660 1358 εἰς
696 1295 754 1348 ὃν
786 1297 850 1364 δὴ
889 1298 984 1350 καὶ
1020 1298 1049 1350 ό
1086 1295 1392 1367 πάμμεγας
1425 1297 1657 1366 ἡρπάγη
1697 1294 1928 1355 Παῦλος-

349 1387 409 1438 Εἰ
440 1387 497 1438 δὲ
533 1389 629 1442 καὶ
664 1389 879 1452 πλείους
915 1389 1178 1458 οὐρανοὺς
1209 1389 1237 1441 ό
1268 1389 1435 1442 Δαϐὶδ
1469 1387 1805 1457 ὐπεμφαίνει
1841 1387 1932 1439 λέ-

348 1495 458 1541 γων
497 1497 514 1529 ι
555 1481 769 1534 Αἰνεῖτε
805 1481 969 1534 αὑτὸν
1001 1482 1050 1533 οἱ
1082 1481 1303 1550 οὐρανοὶ
1333 1481 1442 1532 τῶν
1474 1479 1760 1549 οὐρανῶν,
1799 1497 1822 1530 ›
1858 1479 1935 1549 μὴ

350 1567 637 1635 θαύμαζες
669 1572 701 1640 ἡ
732 1571 840 1641 γὰρ
876 1571 1097 1639 Ἐὃραῗς
1125 1573 1340 1640 γλῶττα
1370 1571 1748 1641 πληθυντικῶς
1777 1572 1936 1639 ἐκφέ-

353 1675 464 1727 ρειν
491 1660 656 1714 εἴωθε
685 1665 754 1716 τά
783 1663 962 1730 ἑνικὰ,
996 1665 1072 1726 ὼς
1099 1667 1127 1717 ὁ
1158 1665 1393 1736 χρυσοῦς
1425 1665 1522 1735 τὴν
1551 1665 1801 1733 γλῶτταν
1833 1681 1936 1734 (θ’θ’

351 1751 451 1806 σίν.
485 1753 646 1808 Οὕτω
685 1757 783 1825 μὲν
814 1756 906 1809 οὖν
939 1759 1155 1828 νοήσεις
1189 1757 1284 1810 καὶ
1315 1756 1442 1809 ἔνθα
1474 1757 1621 1824 λέγει
1658 1773 1678 1806 ‹
1719 1755 1807 1824 Τῷ
1832 1771 1934 1808 κα-

348 1842 645 1898 ταδιελόντι
679 1847 778 1917 τὴν
811 1849 1080 1920 Ἐρυθρὰν
1117 1850 1394 1903 Θάλασσαν
1419 1849 1830 1916 εἱςδιαιρέσεις
1855 1864 1867 1879 ·
1914 1865 1931 1897 ι

349 1934 447 2004 μία
490 1937 601 2008 γὰρ
652 1940 831 1993 ἐκεῖσε
881 1941 1151 2012 διαίρεσις
1197 1944 1412 2010 γέγονε,
1457 1945 1550 1996 καὶ
1596 1943 1658 1994 οὐ
1715 1940 1930 1995 πολλαί.

349 2023 517 2078 Καλεῖ
550 2026 610 2078 δὲ
647 2029 739 2080 τὸν
779 2028 1036 2101 δεύτερον
1073 2031 1302 2101 οὐρανὸν
1343 2033 1629 2102 στερέωμα
1673 2033 1704 2102 ἡ
1740 2032 1932 2101 Γραφὴ

349 2117 484 2188 πρὸς
509 2120 926 2196 ἀντιδιαστολὴν
952 2124 1047 2178 τοῦ
1079 2125 1349 2198 προτέρου
1383 2125 1613 2196 οὐρανοῦ
1644 2126 1735 2179 καὶ
1765 2125 1930 2178 αὑτοῦ

347 2208 438 2261 τοῦ
473 2208 672 2276 ὕδατος
699 2229 711 2243 ·
744 2215 892 2278 εἰκὸς
928 2217 1036 2287 γὰρ
1069 2217 1159 2270 τὸν
1190 2219 1396 2270 ἐκεῖνον
1429 2217 1932 2286 λεπτομερέστερον

351 2300 509 2371 σῶμα
550 2308 846 2376 τυγχάνειν
881 2311 976 2362 καὶ
1016 2311 1492 2381 εἰλικρινέστερον.
1536 2312 1645 2363 Καὶ
1680 2310 1839 2378 δῆλον
1875 2309 1934 2372 ἐξ

347 2385 420 2445 ὧν
447 2395 477 2448 ὁ
509 2397 745 2463 ’ῐίσαῖας
773 2403 936 2470 φησὶν
971 2422 990 2454 ι
1014 2403 1072 2454 '0
1103 2422 1188 2456 στε
1201 2404 1408 2471 ρεώσας
1439 2404 1528 2456 τὸν
1545 2404 1773 2472 οὑρανζν
1801 2403 1932 2456 ὡσεὶ

347 2489 578 2542 καπνόν.
619 2509 638 2541 ι
683 2492 958 2558 Ὡσαύτως
986 2497 1081 2549 καὶ
1110 2496 1171 2549 τὸ
1199 2496 1344 2566 ὕδωρ
1373 2497 1502 2550 αὐτὸ
1534 2496 1722 2566 ἀραιόν
1750 2514 1807 2548 τε
1837 2495 1933 2548 καὶ

351 2579 600 2646 μαλακὸν
629 2584 764 2654 πρὸς
793 2586 922 2638 αὐτὸ
955 2588 1384 2658 συγκρινόμενον
1412 2590 1473 2640 τὸ
1505 2588 1814 2658 στερέωμα.

2033 554 2226 610 caeli".
2269 573 2286 607 ι
2329 555 2519 610 Tradit
2550 553 2656 608 hoc
2689 555 2867 624 ipsum
2922 559 2977 608 et
3039 552 3282 608 Joannes
3325 551 3616 606 Damasce-

2033 665 2140 704 nus
2164 666 2285 719 cap.
2326 650 2416 715 29,
2485 651 2628 720 quod
2691 659 2772 703 est
2823 649 2888 702 de
2915 649 3082 716 cado;
3138 664 3246 718 quo
3303 646 3524 716 quidem
3563 646 3618 699 in

2033 743 2211 813 capite
2263 743 2432 798 etelos
2479 757 2602 796 esse
2639 751 2750 796 tres
2782 741 2877 807 ait,
2940 741 3197 795 nimirum
3260 739 3392 794 illud
3438 738 3616 809 primo

2033 837 2259 899 malum,
2287 835 2433 905 quod
2470 851 2652 889 rerum
2697 835 2853 889 initio
2878 835 2945 889 de
2981 834 3157 888 nihilo
3187 832 3472 888 conditum
3502 830 3620 884 t‘uo-

2035 930 2106 985 rit
2140 928 2379 996 ;deindc
2398 929 2631 982 alterum
2685 944 2751 982 ex
2787 928 2942 997 aquis
2996 927 3198 981 factum
3231 943 3246 988 ;
3283 925 3466 980 tertioi
3499 922 3618 977 loco
3691 959 3696 962 -

2037 1023 2216 1092 ipsum
2251 1038 2398 1087 aera,
2437 1021 2505 1076 de
2547 1037 2658 1090 quo
2718 1020 3131 1090 intelligendum
3161 1033 3346 1072 sacras
3377 1016 3616 1070 Litteras

2036 1116 2225 1187 loqui,
2291 1130 2415 1170 cum
2476 1115 2598 1169 caeli
2655 1114 2941 1167 volucrum
2997 1111 3340 1166 mentionem
3387 1109 3618 1162 faciunt.

2033 1208 2092 1279 9
2172 1208 2361 1277 Itaque
2416 1206 2579 1261 Velim
2639 1204 3047 1262 animadvertas
3105 1203 3303 1257 coelum
3380 1201 3618 1271 primum

2036 1316 2160 1355 esse
2203 1301 2352 1356 hunc
2377 1316 2503 1355 aera
2545 1315 2709 1368 supra
2765 1305 2932 1368 caput
2967 1306 3216 1353 nostrum
3267 1295 3618 1365 explicatum.

2036 1390 2336 1444 secundum
2371 1390 2438 1443 ab
2477 1390 2570 1444 illo
2605 1391 2778 1457 ipsum
2844 1389 3271 1452 ﬁrmamentum,
3300 1386 3518 1440 tertium
3566 1383 3618 1437 id

2037 1485 2182 1554 quod
2219 1483 2286 1537 de
2313 1484 2486 1538 nihilo
2540 1483 2812 1552 principio
2872 1483 3155 1537 conditum
3188 1482 3310 1546 fuit,
3367 1481 3420 1537 in
3473 1478 3621 1549 quod

2036 1578 2198 1632 etiam
2229 1591 2458 1647 magnus
2489 1575 2579 1630 illc
2609 1576 2811 1630 Paulus
2855 1584 2937 1628 est
2967 1574 3247 1644 abreptus.
3302 1555 3497 1642 Neque
3517 1571 3626 1624 mi-

2040 1686 2162 1724 rum
2210 1668 2309 1722 tibi
2386 1668 2637 1722 videatur
2670 1668 2928 1722 llavidem
2981 1668 3155 1722 videri
3214 1667 3398 1735 plures
3459 1666 3623 1718 etiam

2039 1761 2210 1815 emlos
2244 1768 2508 1816 statuere.
2559 1774 2682 1812 cum
2714 1760 2894 1826 inquit
2931 1777 2942 1810 :
2981 1776 2998 1808 ι
3037 1757 3143 1827 Ipsi
3172 1756 3438 1811 caelorum
3473 1753 3625 1816 cmli,

2041 1850 2333 1906 Dominum
2363 1848 2701 1904 celebrate".
2744 1865 2761 1898 ι
2820 1848 2956 1901 Nam
3001 1846 3260 1900 llebraica
3298 1845 3482 1913 lingua
3532 1857 3627 1894 vo-

2042 1957 2135 1997 ecs
2167 1942 2332 1997 etiam
2359 1939 2667 2009 singulares
2708 1954 2940 1992 numero
2985 1937 3358 1992 multitudinis
3423 1935 3624 1988 efferre

2040 2034 2350 2095 consuevit,
2385 2040 2440 2085 ut
2472 2031 2904 2101 Chrysostomus
2935 2033 3032 2084 ait.
3102 2029 3193 2084 Sic
3221 2037 3274 2081 et
3309 2029 3443 2081 illud
3483 2027 3626 2080 acci-

2040 2127 2161 2198 pies
2195 2126 2344 2196 quod
2375 2124 2610 2180 Davides
2645 2122 2788 2177 idem
2837 2122 2975 2177 dixit
3005 2140 3017 2174 :
3049 2122 3151 2188 Qui
3186 2121 3430 2173 Bnhrmt
3475 2135 3626 2172 mare

2041 2222 2228 2276 divisit
2259 2222 2312 2275 in
2345 2219 2617 2275 sectiones
2642 2220 2718 2275 θ.»
2759 2216 2891 2270 Nam
2932 2217 3100 2272 sectio
3128 2225 3336 2270 tantum
3369 2216 3626 2275 unal‘uit.

2041 2328 2150 2366 non
2186 2312 2391 2383 plures.
2430 2313 2497 2366 Et
2539 2319 2737 2366 vocant
2770 2310 3173 2364 ﬁrmamentum
3207 2309 3428 2363 Litterae
3461 2323 3630 2362 sacra:

2041 2405 2242 2459 cmlum
2279 2404 2582 2458 secundum
2620 2403 2686 2457 ad
2738 2402 2942 2472 prioris
3004 2402 3128 2456 cceli
3180 2400 3628 2458 distinctionem.

2039 2505 2094 2552 et
2145 2497 2318 2565 ipsius
2373 2496 2538 2549 etiam
2596 2511 2771 2565 aquze.
2806 2496 2948 2550 Vero
2999 2495 3144 2548 enim
3199 2501 3632 2548 consentaneum

2040 2595 2125 2642 est
2151 2587 2353 2642 coelum
2381 2587 2513 2642 illud
2547 2587 2702 2656 prius
2731 2601 2853 2641 esse
2882 2586 3141 2640 subtilius
3171 2584 3448 2656 quoddam
3497 2601 3628 2638 cor-

348 2687 450 2742 pus
481 2688 548 2728 ac
581 2677 796 2746 purius.
831 2678 1022 2732 Patere
1051 2679 1271 2732 videtur
1319 2679 1370 2732 id
1437 2679 1503 2732 de
1539 2678 1726 2734 verbis
1784 2677 1938 2732 Isaiae
1979 2675 2260 2734 dicentis:
2299 2697 2318 2731 ι
2345 2678 2448 2746 Qui
2493 2679 2694 2734 cmlum
2725 2677 2889 2732 fumo
2905 2678 3194 2733 consimile
3225 2676 3576 2732 stabilivit”.
3602 2695 3621 2724 ι

350 2765 442 2822 Sic
495 2778 552 2823 et
614 2784 813 2840 aquam
871 2771 1044 2840 ipsam
1082 2787 1257 2831 raram
1309 2772 1637 2842 mollemque
1679 2787 1802 2826 cum
1856 2769 2196 2827 condidisset
2249 2771 2415 2839 Deus,
2478 2771 2546 2825 ad
2605 2772 3008 2825 ﬁrmamentum
3063 2770 3340 2835 collatam,
3384 2770 3506 2841 gelu
3575 2774 3628 2827 (τί

347 2863 734 2929 circumdedit,
794 2882 858 2920 ac
917 2866 1197 2920 humidam
1263 2877 1428 2936 atque
1466 2867 1707 2937 pluviam
1776 2865 2032 2930 reddidit,
2097 2856 2155 2920 dt
2224 2874 2385 2921 terra:
2437 2865 2631 2920 usibus
2667 2875 2850 2934 aptam
2915 2864 3185 2928 alliceret,
3242 2877 3365 2934 quae
3412 2864 3480 2918 de
3504 2878 3630 2917 rore

351 2958 654 3028 plurimum
688 2959 942 3015 utilitatis
966 2961 1130 3030 capit.

429 3053 489 3106 '0
521 3054 624 3122 μὲν
651 3050 743 3106 οὖν
776 3052 1038 3124 Ἰώσηπος
1067 3056 1122 3107 ὲν
1149 3057 1214 3124 τῇ
1242 3054 1364 3108 κατ’
1389 3054 1552 3107 αὑτὸν
1579 3054 1933 3126 ἀρχαιολογίᾳ

352 3144 516 3215 φησὶν
543 3145 629 3198 ὅτι
661 3145 722 3198 τὸ
754 3149 1044 3218 στερέωμα
1075 3149 1418 3218 παραγαγὼν
1444 3149 1472 3200 ό
1501 3148 1632 3211 Θεὸς
1663 3149 1936 3218 κρύσταλ-

352 3239 441 3293 λον
469 3240 621 3308 αὑτῷ
653 3243 974 3311 περιέπηξε,
1005 3242 1182 3296 νότιόν
1211 3260 1263 3295 τι
1295 3244 1389 3296 καὶ
1421 3243 1650 3306 ὑετῶδες
1680 3243 1814 3311 πρὸς
1840 3241 1938 3313 τὴν

352 3333 459 3386 ἀπὸ
483 3333 596 3386 τῶν
621 3335 830 3404 δρόσων
854 3335 1126 3402 ὠφέλειαν
1151 3335 1425 3407 ἁρμοδίως
1451 3338 1584 3390 αὐτὸ
1609 3341 1671 3408 τῇ
1702 3341 1771 3407 γῇ
1803 3339 1939 3408 ἐμη-

354 3427 652 3496 χανήσατο.
687 3426 801 3479 Οὐκ
833 3426 946 3496 ἔχει
977 3427 1033 3479 δὲ
1065 3429 1162 3480 καὶ
1188 3429 1256 3480 τὰ
1285 3431 1384 3499 τῆς
1414 3430 1674 3498 ἀληθείας
1696 3470 1711 3494 ,
1746 3433 1821 3494 ὡς
1856 3427 1937 3490 οἷ-

356 3535 484 3587 μαι,
529 3519 679 3574 κατὰ
718 3519 809 3571 τὸν
852 3520 1061 3573 ἐκείνου
1106 3522 1332 3576 σκοπόν.
1355 3521 1509 3586 Τίνος
1558 3523 1936 3591 ’ἐνεκεν;”οτι

354 3609 534 3680 δρόσοι
563 3613 660 3665 καὶ
685 3611 834 3665 ὑετοὶ
859 3615 1064 3682 πάχναι
1088 3631 1146 3664 τε
1172 3614 1266 3667 καὶ
1294 3614 1527 3684 χάλαζαι
1557 3616 1650 3670 καὶ
1676 3619 1850 3688 χιόνες
1879 3619 1938 3686 ἐξ

355 3704 774 3773 ἀναθυμιάσεως
816 3704 1067 3773 λέγονται
1101 3705 1212 3758 τῶν
1245 3707 1376 3776 περὶ
1408 3707 1512 3778 γῆν
1546 3709 1756 3763 ὑδάτων
1793 3711 1939 3763 συνε-

356 3797 608 3851 στασθαι.
655 3798 766 3851 Καὶ
812 3798 1049 3870 πρόσεχε
1092 3799 1170 3869 τῷ
1222 3801 1444 3871 μεγάλῳ
1490 3802 1760 3873 Βασιλείῳ
1788 3783 1939 3874 ¹περὶ

356 3893 560 3946 τούτων
573 3891 750 3955 οὕτως
767 3893 826 3946 ἐν
843 3895 905 3962 τῇ
923 3893 1089 3964 Ἐξαη
1100 3894 1163 3962 μέ
1171 3912 1250 3964 ρῳ
1267 3895 1434 3948 αὑτοῦ
1453 3893 1724 3960 διεξιόντιο
1745 3915 1762 3947 ι
1784 3897 1937 3968 Καλὴ

359 3983 454 4055 μὲν
481 3983 576 4037 οὑν
607 3985 640 4054 ή
670 3983 918 4038 θάλασσά
948 3989 1089 4050 ἐστι,
1123 3986 1217 4039 καὶ
1249 3986 1330 4038 ὅτι
1362 3988 1475 4049 τοῖς
1507 3987 1715 4058 ἀερίοις
1747 3987 1940 4044 ὕδασιν

358 4079 496 4148 ἀρχή
530 4078 616 4140 τίς
649 4080 767 4131 ἐστι
801 4078 897 4130 καὶ
932 4081 1122 4148 πηγὴ,
1161 4078 1477 4150 θαλπομὲνη
1518 4081 1617 4149 μὲν
1649 4085 1716 4154 τῇ
1756 4073 1964 4136 cithth

360 4170 450 4226 τοὺ
481 4172 670 4243 ἡλίου,
699 4172 1065 4242 ἀποτιθεμένη
1100 4173 1155 4225 δὲ
1183 4175 1244 4225 τὸ
1275 4173 1476 4228 λεπτὸν
1501 4175 1598 4228 τοῦ
1629 4176 1823 4240 ὕδατος
1851 4177 1940 4230 διὰ

357 4267 464 4320 τῶν
490 4267 684 4336 ἀτμῶν
708 4283 724 4298 ο
753 4264 891 4336 ὅπερ
921 4265 1180 4319 ἑλκυσθὲν
1212 4268 1292 4330 είς
1321 4267 1413 4319 τὸν
1441 4269 1554 4323 ἀνω
1581 4270 1746 4322 τόπον
1772 4310 1788 4336 ,
1819 4265 1941 4324 εἶτα

359 4357 706 4429 καταψυχθὲν
728 4355 817 4411 διὰ
842 4358 903 4410 τὸ
933 4357 1268 4429 ὑψηλότερον
1296 4359 1552 4426 γενέσθαι
1577 4364 1678 4432 τῆς
1707 4362 1816 4417 ἀπὸ
1844 4362 1939 4416 τοῦ

322 4453 592 4542 ςὲδάφους
622 4452 976 4517 ἀνακλάσεως
1005 4453 1113 4506 τῶν
1145 4455 1382 4508 ἀκτίνων
1403 4493 1419 4520 ,
1453 4455 1547 4509 καλ¹
1576 4457 1712 4526 ὁμοῦ
1743 4458 1842 4530 τῆς
1876 4459 1938 4512 ἐκ

2116 3053 2196 3107 An
2223 3068 2333 3107 non
2358 3053 2474 3108 haec
2509 3055 2582 3107 ita
2616 3067 2674 3109 se
2708 3067 2897 3107 revera
2929 3051 3176 3107 habent?
3207 3067 3362 3106 rores
3390 3057 3538 3105 certe
3570 3060 3633 3100 ac

2050 3143 2279 3205 imbres,
2302 3144 2533 3213 pruinm,
2582 3143 2897 3211 grandines,
2931 3144 3092 3197 nives
3114 3143 3182 3196 de
3214 3157 3481 3212 aquarum
3523 3149 3633 3195 ter-

2043 3240 2300 3294 restrium
2359 3227 2710 3294 exhalatione
2748 3240 2885 3293 oriri
2937 3241 3248 3293 traduntur.
3314 3239 3489 3306 Atque
3545 3237 3633 3289 hic

2044 3331 2179 3384 mihi
2225 3332 2404 3402 magni
2438 3332 2622 3386 Basilii
2671 3331 2854 3387 verbis
2904 3331 3198 3396 attendite,
3261 3330 3354 3399 qui
3419 3330 3486 3383 de
3548 3329 3634 3382 his

2042 3424 2150 3478 hoc
2179 3425 2341 3480 modo
2369 3426 2595 3480 disserit
2623 3441 2689 3480 eo
2723 3425 2860 3479 libro
2891 3440 3054 3494 quem
3087 3423 3155 3479 de
3175 3439 3284 3481 iex
3325 3423 3630 3492 primorum

2043 3518 2112 3572 ab
2163 3527 2288 3573 ortu
2325 3519 2513 3573 ntundi
2543 3519 2756 3572 dierum
2787 3518 3052 3589 operibus
3111 3518 3445 3586 composuit.
3499 3514 3632 3567 Pul-

2043 3611 2260 3679 chrum,
2293 3613 2391 3678 ait,
2453 3612 2714 3682 quiddam
2759 3621 2841 3666 est
2867 3615 3033 3680 jmare
3093 3610 3178 3664 vel
3215 3625 3278 3663 ea
3330 3607 3397 3662 de
3426 3621 3629 3671 causa,

2041 3703 2189 3774 quod
2217 3703 2547 3776 principium
2579 3715 2635 3760 et
2685 3705 2808 3759 fons
2860 3712 2945 3758 est
3005 3703 3282 3757 aeriarum
3342 3716 3627 3770 aquarum.

2042 3794 2252 3866 Quippe
2276 3812 2400 3851 cum
2427 3812 2454 3850 a
2481 3797 2653 3851 radiis
2682 3797 2815 3850 solis
2847 3793 3152 3858 incalescit,
3201 3809 3301 3863 per
3327 3793 3631 3846 exhalatio-

2044 3903 2140 3944 nes
2165 3904 2363 3958 aquam
2400 3903 2554 3943 suam
2584 3887 2963 3942 tenuissimam
3008 3885 3246 3951 amittit;
3293 3900 3414 3953 qua:
3464 3899 3632 3952 snpe-

2043 3981 2188 4036 riora
2213 3981 2268 4035 in
2299 3981 2417 4036 loca
2448 3979 2630 4035 delata
2650 3979 2963 4049 frigoreque
2995 3977 3319 4042 constricta,
3342 3985 3630 4046 propterea

2042 4073 2192 4143 quod
2226 4072 2279 4126 in
2315 4072 2552 4128 sublime
2585 4080 2818 4127 attracta
2849 4070 3068 4141 longius
3106 4077 3220 4122 tum
3279 4085 3307 4123 a
3339 4081 3481 4123 terra
3515 4076 3629 4120 tum

2043 4164 2303 4219 solarium
2337 4163 2613 4218 radiorum
2648 4164 2914 4218 fractione
2939 4162 3104 4227 absit,
3127 4162 3240 4231 ipsa
3271 4163 3437 4214 etiam
3466 4161 3632 4212 nubis

2045 4263 2237 4317 umbra
2279 4263 2450 4334 frigus
2479 4261 2795 4316 intendente
2831 4261 2888 4315 lit
2935 4260 3140 4330 pluvia,
3179 4270 3496 4328 terramque
3549 4259 3632 4311 fc.

2044 4357 2363 4411 cundiorcm
2401 4357 2598 4411 reddit.
2632 4355 2744 4409 lloc
2777 4363 2927 4409 vates
2964 4355 3200 4408 Amosus
3264 4369 3455 4406 verum
3510 4367 3633 4406 esse

2046 4458 2294 4517 testatur,
2325 4465 2447 4504 cum
2480 4449 2660 4519 inquit
2690 4465 2705 4504 :
2739 4466 2757 4498 α
2796 4448 3060 4502 Dominus
3087 4455 3171 4500 est
3203 4446 3296 4516 qui
3349 4445 3554 4498 etfacit
3580 4453 3635 4498 ct

328 4537 449 4620 ξτοῦ
476 4548 676 4616 νέφους
704 4546 862 4609 σκιᾶς
884 4545 982 4616 τὴν
1004 4546 1165 4615 ψῦξιν
1189 4548 1589 4618 ἐπιτεινούσης,
1617 4549 1771 4614 ὑετὸς
1796 4551 1940 4620 γίνε-

2045 4542 2297 4596 immutat
2336 4539 2576 4594 vicissim
2601 4540 2813 4606 omnia;
2843 4538 2936 4608 qui
2969 4553 3164 4608 aquam
3200 4537 3467 4591 marinam
3506 4551 3634 4592 sur-

300 4625 445 4714 ᾗται
478 4637 574 4690 καὶ
609 4637 811 4690 πιαίνει
840 4637 940 4707 τὴν
969 4638 1093 4708 γῆν.
1131 4657 1150 4690 ι
1192 4640 1297 4693 Καὶ
1332 4642 1542 4709 μάρτυς
1572 4641 1682 4694 τῶν
1714 4643 1942 4714 λεγομέσ

314 4705 462 4814 ἐνων
508 4735 538 4786 ὁ
587 4735 875 4803 προφήτης
902 4705 1087 4802 Ἃμῶς
1135 4732 1314 4800 λέγων
1332 4705 1359 4767 1·
1394 4734 1644 4804 «Κύριος
1693 4735 1720 4786 ὁ
1771 4705 1942 4789 τιοιῶν

359 4826 534 4877 πάντα
581 4825 676 4876 καὶ
723 4823 1170 4893 μετασκευάζων,
1215 4825 1243 4876 ὁ
1288 4823 1508 4891 ἀνάγων
1550 4823 1610 4877 τὸ
1653 4824 1796 4894 ὕδωρ
1840 4822 1940 4893 τῆς

359 4912 638 4984 θαλάσσης
666 4914 762 4966 καὶ⁹
784 4914 992 4984 ὲκχέων
1019 4914 1152 4966 αὑτὸ
1181 4915 1276 4966 ἐπὶ
1307 4914 1602 4985 πρόσωπον
1631 4915 1730 4984 τῆς
1755 4915 1875 4986 γῆς.
1915 4933 1933 4965 ι

361 5007 481 5059 Ὅτι
519 5007 577 5060 δὲ
615 5006 678 5059 τὸ
715 5005 1042 5076 λεπτότερόν
1081 5024 1142 5059 τε
1183 5006 1279 5060 καὶ
1319 5006 1699 5077 ποτιμώτερον
1741 5009 1802 5061 ἐκ
1843 5008 1941 5076 τῆς

359 5097 629 5169 θαλάττης
661 5098 928 5167 ἀνάγεται
959 5101 1025 5170 τῇ
1060 5099 1154 5152 τοῦ
1190 5099 1341 5170 ἡλίου
1381 5099 1720 5170 θερμότητι,
1759 5101 1941 5163 οὐδεὶς

362 5189 424 5243 ὃν
455 5189 818 5261 ἀπιστήσειεν
850 5192 976 5255 τοὺς
1011 5191 1450 5260 ὑποκαιομένους
1486 5193 1720 5262 λέϐητας
1755 5193 1941 5263 ὲννοήο

361 5299 477 5350 σας,
504 5285 555 5337 οἳ
583 5284 818 5358 πλήρεις
844 5285 997 5350 ὅντες
1024 5285 1194 5356 ὑγροῦ
1225 5286 1491 5350 πολλάκις
1519 5287 1667 5340 κενοὶ
1697 5286 1944 5340 κατελεί-

2044 4647 2164 4686 sum
2191 4631 2405 4696 attollit,
2433 4642 2486 4686 et
2510 4646 2629 4685 eam
2657 4631 2706 4684 in
2733 4639 2891 4684 terrae
2916 4629 3261 4699 superﬁciem
3276 4629 3513 4684 eﬂ'undit
3533 4628 3628 4681 υ.»

2043 4722 2161 4776 Jam
2241 4732 2452 4794 partem
2526 4721 2674 4776 illam
2732 4721 2898 4776 maris
2954 4721 3297 4776 subtiliorem
3351 4721 3634 4790 magisque

2046 4817 2214 4871 veluti
2243 4816 2537 4886 potabilcm
2568 4832 2665 4886 per
2694 4817 2932 4870 calorem
2960 4815 3091 4870 solis
3122 4814 3254 4869 ferri
3303 4829 3519 4867 sursum
3550 4813 3635 4868 iu-

2046 4912 2311 4969 credibilc
2346 4913 2550 4968 nemini
2585 4913 2757 4969 videri
2800 4913 2984 4980 debet,
3026 4912 3118 4982 qui
3154 4912 3426 4966 lebetibns
3450 4911 3630 4980 ignem

2047 5007 2243 5077 subjici
2270 5007 2490 5062 viderit.
2517 5007 2730 5060 Etenim
2763 5005 2841 5060 illi
2869 5007 3022 5076 prius
3050 5021 3192 5075 aqua
3249 5005 3443 5074 repleti
3476 5004 3633 5058 dein-

2043 5115 2175 5169 ceps
2263 5101 2496 5155 humore
2553 5099 2764 5168 dilapso
2817 5114 2958 5168 smpe
3014 5099 3169 5152 vacui
3218 5099 3628 5167 relinquuntur,

2043 5208 2182 5262 aqua
2217 5203 2369 5248 cocta
2428 5207 2655 5263 prorsus
2683 5193 2995 5246 exhalante.
3049 5191 3311 5247 Videmus
3371 5202 3426 5245 et
3454 5192 3631 5260 ipsam

2042 5301 2237 5355 aquam
2299 5287 2566 5340 marinam
2625 5285 2694 5340 ab
2728 5286 2792 5341 iis
2861 5286 3022 5357 coqui
3073 5285 3168 5356 qui
3216 5283 3635 5355 tempestatibus

360 5373 593 5445 φθησαν,
629 5377 711 5440 είς
743 5376 918 5446 ἀτμὸν
948 5378 1164 5440 πάντως
1193 5377 1286 5431 τοῦ
1320 5377 1592 5447 ἑψομένου
1626 5377 1939 5447 διακριθέν-

2042 5379 2346 5448 iactantur;
2396 5379 2632 5449 indeque
2664 5379 2865 5434 ﬁeriut
2918 5395 3110 5434 eorum
3164 5379 3287 5434 usui
3341 5376 3502 5445 paulo
3560 5375 3632 5428 sit

357 5477 466 5526 τος.
497 5463 662 5518 Ἀλλά
697 5469 793 5519 καὶ
830 5466 963 5520 αὑτὸ
999 5467 1059 5520 τὸ
1090 5468 1189 5538 τῆς
1229 5467 1502 5539 θαλάττης
1535 5468 1681 5539 ὕδωρ
1716 5468 1816 5521 ἴδοι
1849 5486 1932 5532 τις

425 5613 466 5644 ⁸⁸
500 5612 643 5668 Psal.
675 5617 792 5680 vni,
820 5613 874 5667 9.

359 5693 388 5730 ν
425 5614 482 5734 σὲ
500 5614 643 5668 Psal.
675 5617 792 5680 vni,
820 5614 874 5667 9.
981 5614 1000 5645 ⁷
1031 5614 1165 5670 Gen.
1194 5631 1366 5682 xxvu,
1389 5617 1478 5672 59.

427 5813 498 5880 ('5)
528 5815 680 5869 Αὐτὸ
719 5814 919 5868 τοῦτο.
965 5855 975 5867 .
1007 5853 1018 5867 .

1573 5617 1595 5649 ⁸
1637 5618 1778 5675 Psal.
1825 5631 2039 5685 cxnvru,
2076 5621 2126 5674 4.

2043 5473 2507 5529 accommodatior
2539 5489 2552 5526 :
2587 5489 2706 5527 nam
2742 5475 2986 5546 spongiis
3016 5487 3246 5544 vapores
3302 5468 3629 5524 cbullicntes

2232 5622 2252 5653 ⁸
2281 5621 2424 5675 Psal.
2463 5637 2659 5686 cxxxv,
2698 5623 2780 5675 l5.
2886 5621 2929 5653 ⁸ο
2955 5620 3057 5674 lsa.
3089 5631 3157 5680 ιι,
3189 5617 3271 5670 15.
3382 5615 3421 5646 ³⁸
3457 5616 3627 5669 Amos

1055 5857 1067 5869 .
1100 5817 1205 5870 τοῦ
1261 5818 1546 5884 adparat}.
1609 5819 1928 5886 Snpplctum
1972 5835 2034 5874 ex
2062 5819 2250 5874 codice
2280 5817 2647 5873 Vallieollano.
