3968 6228
406 364 471 426 43
747 400 749 403 ι
1671 365 1961 424 MlCllAE

2066 367 2092 423 5
2134 368 2178 425 (ἔ
2189 365 2390 426 LYC/E
3575 357 3644 421 44

399 477 698 544 excipiunt,
747 479 945 545 quibus
981 476 1035 530 in
1066 491 1220 545 aqua:
1246 474 1497 544 potabilis
1539 475 1766 544 penuria
1827 475 1961 527 sitin:

2075 474 2140 526 ἂν
2180 476 2284 529 ὑπὸ
2315 477 2425 546 τῶν
2459 475 2887 547 ναυτιλλομένων
2924 473 3191 545 ἑψόμενον
3222 473 3514 530 κάντεῦθεν
3545 472 3648 545 τὴν

399 569 746 635 restinguunt
789 570 1130 636 Quapropter
1160 577 1306 620 recte
1337 565 1542 618 dictum
1570 574 1654 619 est
1675 581 1704 618 a
1740 573 1859 619 vate
1877 582 1973 617 no-

401 670 517 713 διτο
558 675 572 712 :
613 681 630 711 ι
661 660 764 725 Qui
806 675 1000 728 aquam
1046 660 1312 712 marinam
1350 658 1454 726 ιο
1480 673 1696 711 sursum
1724 657 1867 710 tollit
1915 667 1971 708 et

394 764 514 802 eam
543 749 593 801 in
644 759 800 802 terra:
859 747 1206 816 superﬁciem
1255 746 1509 800 eﬂ‘undit.
1541 766 1559 798 ι
1615 747 1828 801 Etenim
1877 761 1971 814 per

392 840 770 894 exhalationes
830 851 978 894 ortas
1033 839 1100 894 de
1135 839 1269 893 locis
1318 838 1670 892 inferioribus
1713 838 1970 891 densatus

392 947 489 984 aer
511 939 690 1001 guttas
719 931 984 1000 quasdam
1021 929 1282 996 demittit,
1329 929 1505 998 iisque
1537 938 1735 981 terram
1776 928 1967 980 fecun-

392 1020 486 1073 dat
544 1037 607 1073 ac
640 1022 991 1090 pinguefacit.
1029 1020 1222 1074 Itidem
1277 1031 1330 1074 et
1380 1021 1481 1082 sol,
1552 1035 1675 1073 cum
1724 1019 1970 1088 partibus

390 1111 723 1166 australibus
755 1112 1017 1167 absolutis
1042 1111 1106 1165 ad
1135 1111 1384 1165 boreales
1405 1126 1461 1164 se
1487 1110 1699 1163 confert
1721 1125 1784 1162 ac
1812 1119 1971 1162 αιδην

392 1211 498 1252 tom
535 1204 717 1266 ctiicit,
774 1218 880 1254 non
938 1203 1114 1254 solum
1158 1216 1327 1269 aquas
1389 1200 1572 1252 haurit
1619 1209 1675 1251 et
1729 1198 1966 1250 aridiora

387 1312 617 1365 corpora
648 1305 829 1349 nostra
891 1294 1091 1358 reddit,
1149 1293 1244 1347 sed
1307 1306 1700 1360 nonnunquam
1773 1289 1967 1343 ﬁuvios

386 1389 552 1440 etiam
601 1387 840 1440 minores
873 1386 1134 1440 exsiccat.
1195 1384 1393 1438 Eadem
1459 1383 1666 1436 ratione
1715 1381 1964 1450 ﬁthuod

386 1480 570 1532 Nilum
596 1479 875 1533 exundare
930 1477 1152 1531 tradunt
1211 1491 1319 1529 non
1356 1485 1619 1529 consueto
1651 1473 1967 1528 ﬂuminibus

385 1571 600 1625 (tt-teris
628 1579 888 1638 tempore,
921 1568 1016 1624 sed
1049 1578 1238 1624 azstate
1283 1566 1464 1622 media
1495 1565 1787 1635 [Egyptum
1836 1581 1966 1619 c00-

381 1669 586 1736 perire,
641 1681 751 1734 quo
811 1674 1056 1733 tempore
1092 1663 1172 1718 sol
1222 1663 1463 1717 cmlestis
1518 1661 1718 1730 cinguli
1761 1667 1964 1728 partem

380 1757 744 1827 aquilonalem
784 1765 1050 1824 permeat,
1081 1764 1136 1810 et
1161 1741 1376 1809 'cazteris
1397 1752 1616 1822 quidem
1666 1751 1850 1806 ﬂuviis
1879 1765 1968 1805 ca-

378 1848 498 1903 lore
526 1865 627 1903 suo
660 1850 922 1902 molestus
969 1856 1075 1913 est,
1128 1846 1201 1900 ab
1252 1846 1358 1899 hoc
1397 1846 1607 1913 autem}
1643 1844 1962 1914 longissime

379 1941 556 1998 abest.
594 1941 713 2010 lpsa
761 1954 1020 2008 vaporum
1061 1948 1254 1992 natura
1300 1937 1438 1991 nihil
1490 1946 1575 1992 est
1612 1935 1760 1990 aliud
1798 1951 1959 2005 quam

377 2043 658 2088 attenuata
700 2032 911 2086 scilicet
971 2041 1136 2100 aqua.
1171 2031 1234 2084 Hi
1288 2045 1420 2100 ergo
1468 2043 1594 2084 cum
1634 2030 1961 2084 attractione

377 2125 532 2190 solis,
564 2123 852 2178 utdictum
916 2133 1022 2186 est,
1055 2123 1111 2176 in
1166 2121 1404 2177 sublime
1465 2121 1735 2176 tolluntur
1777 2131 1834 2176 et
1865 2135 1961 2176 aer

376 2215 433 2268 in
457 2216 504 2267 le
523 2213 803 2280 densatur,
823 2214 1042 2284 pluviae,
1063 2213 1240 2279 nives,
1261 2213 1557 2285 grandines
1573 2213 1786 2282 aliaque
1809 2211 1956 2277 talia,

375 2306 445 2358 de
472 2291 794 2373 hpmoribus
817 2305 1075 2358 nimirum
1109 2292 1249 2367 orta,
1293 2304 1644 2359 delabuntur.
1674 2306 1752 2359 Ac
1779 2304 1846 2358 de
1875 2303 1960 2358 his

375 2396 596 2466 quidem
640 2397 700 2450 in
728 2397 874 2452 hunc
906 2397 1128 2452 modum
1164 2397 1449 2453 hactenus.

450 2669 566 2724 Non
599 2669 794 2725 dubito
827 2682 1029 2734 autem,
1081 2672 1276 2726 dilecte
1340 2668 1436 2736 ﬁli,
1503 2679 1556 2725 te
1601 2679 1956 2740 posteaquam

373 2777 524 2816 nunc
549 2777 578 2815 a
611 2762 758 2816 llose
808 2764 1122 2832 conscripta
1181 2772 1295 2816 tum
1340 2761 1408 2816 de
1437 2761 1576 2816 ccelo
1607 2763 1786 2832 primo
1842 2773 1956 2816 tum

372 2856 442 2908 de
467 2855 659 2919 altero,
694 2854 956 2908 nimirum
987 2855 1054 2909 de
1084 2853 1428 2910 ﬁrmamento
1450 2863 1506 2909 et
1544 2839 1958 2925 comprehensis

371 2945 516 3000 inter
545 2945 712 3000 hosce
735 2947 875 2999 duos
897 2945 1066 3000 cmlos
1091 2947 1270 3016 aquis,
1302 2947 1668 3016 percurreris,
1709 2947 1955 3012 omnino,

373 3050 495 3103 quae
527 3045 618 3088 tua
661 3034 926 3089 sedulitas
965 3044 1068 3090 'est
1129 3036 1488 3106 discendique
1536 3035 1803 3100 studium,
1861 3037 1953 3106 qui

373 3126 665 3182 sublimius
701 3127 956 3196 quiddam
988 3143 1055 3183 ex
1085 3127 1172 3183 his
1196 3128 1320 3184 elici
1351 3130 1523 3198 possit
1547 3129 1952 3199 iud‘agaturum.
1984 3137 2030 3196 ο

372 3219 450 3272 Ea
475 3219 544 3272 de
592 3234 757 3274 causa
807 3218 904 3273 til;i
959 3219 1208 3274 divinum
1257 3219 1558 3281 hominem,
1601 3220 1954 3275 Auastasium

371 3313 528 3367 illum
576 3312 822 3367 Sinaiten
858 3311 1097 3379 profero,
1129 3314 1220 3381 qui
1246 3327 1372 3366 cum
1423 3327 1490 3366 ex
1517 3312 1690 3366 Paulo
1723 3313 1765 3343 “
1802 3327 1960 3368 acce-

372 3409 546 3475 pisset
576 3421 768 3461 omnes
797 3420 884 3459 res
910 3415 1018 3460 tam
1041 3405 1294 3460 cmlestes
1340 3420 1501 3474 quam
1559 3413 1848 3460 terrestres
1880 3406 1960 3460 sic

373 3497 547 3550 factas
585 3511 709 3550 esse
735 3507 792 3549 ut
819 3494 1022 3550 Christi
1063 3495 1266 3565 ﬁguras
1299 3503 1356 3549 et
1399 3495 1667 3563 imagines
1691 3498 1958 3565 quasdam

375 3594 791 3656 repraasentent,
823 3586 1089 3655 pleraque
1119 3587 1298 3655 prisco
1330 3589 1382 3640 irt
1407 3585 1618 3641 [uadere
1652 3589 1958 3658 perscripta

373 3692 540 3731 sensu
591 3676 888 3745 allegorico
944 3686 1030 3732 est
1110 3676 1524 3745 interpretatus.
1581 3677 1954 3743 Quamobrem

373 3769 502 3824 audi
538 3768 669 3838 quid
700 3769 768 3824 de
800 3768 955 3824 caelis
975 3767 1127 3824 hisce
1183 3767 1402 3824 duobus
1456 3769 1654 3824 tradat.
1700 3769 1959 3838 Superio-

374 3862 472 3928 ris,
529 3862 729 3932 inquit,
791 3861 916 3918 coeli
977 3871 1174 3918 natura
1222 3861 1382 3917 nobis
1445 3862 1960 3931 incomprehensilis

380 3955 664 4012 continere
715 3955 850 4010 mihi
910 3953 1138 4024 ﬁguram
1189 3954 1480 4024 quamdam
1553 3954 1962 4023 inaspectabilis

375 4047 528 4104 illius
596 4057 653 4102 et
742 4046 1262 4116 incomprehensilis
1340 4046 1646 4103 divinitatis
1717 4049 1958 4113 ridetur,

375 4138 840 4206 quemadmodum
897 4138 1301 4191 ﬁrmamentum
1359 4137 1590 4193 inferius
1627 4138 1882 4194 humanae
1906 4141 1959 4192 in

377 4231 597 4286 Christo
621 4237 832 4284 natura:
864 4228 1280 4287 similitudinem
1327 4228 1516 4293 habet,
1557 4245 1722 4299 quam
1773 4230 1863 4284 ille
1889 4222 1961 4285 de

378 4325 516 4381 locis
584 4325 776 4380 inferis
803 4325 1142 4394 assumpsit;
1203 4338 1326 4378 cum
1377 4324 1596 4379 interim
1665 4340 1808 4393 aqua
1869 4324 1960 4379 illa

378 4419 613 4472 duorum
644 4417 908 4472 cmlorum
935 4416 989 4471 in
1012 4412 1193 4470 medio
1215 4415 1612 4486 comprehensa
1648 4415 1808 4470 nobis
1837 4417 1960 4469 ani-

379 4523 523 4562 mam
557 4508 676 4578 ejus
707 4508 887 4562 omnis
913 4507 1072 4578 plane
1093 4507 1238 4562 labis
1263 4515 1542 4576 expertem
1577 4515 1955 4576 repraesentet,

379 4617 488 4672 qua
517 4601 755 4656 medium
805 4600 962 4670 quasi
996 4599 1254 4670 quiddam
1308 4600 1564 4655 estinter
1615 4598 1959 4653 divinitatem

372 4705 434 4750 et
467 4693 652 4748 carnis
677 4691 1000 4748 crassitiem.
1040 4692 1179 4747 Ecce
1209 4693 1380 4757 enim,
1445 4691 1646 4746 cmlum
1696 4690 1831 4744 illud
1867 4705 1961 4744 su-

322 4829 328 4834 .
379 4783 568 4853 perius
592 4782 861 4852 principio
885 4781 1084 4837 cmlum
1117 4781 1451 4850 appellatum
1487 4789 1593 4843 est,
1628 4789 1685 4836 et
1736 4780 1957 4849 quidem

383 4875 730 4940 naturaliter,
771 4874 1231 4944 quemadmodum
1261 4873 1426 4928 etiam
1456 4874 1602 4928 Deus
1651 4873 1741 4928 ille
1773 4887 1957 4928 sermo

381 4969 632 5024 ah'initio
675 4967 818 5024 Deus
869 4977 974 5024 est.
1019 4968 1086 5022 At
1113 4966 1515 5021 ﬁrmamentum
1543 4967 1674 5021 illud
1733 4967 1961 5022 inferius

383 5073 440 5115 et
478 5061 756 5116 rnateriale
798 5075 906 5114 non
932 5060 1000 5116 ab
1028 5060 1210 5122 initio,
1265 5058 1359 5114 sed
1403 5070 1526 5128 post
1552 5049 1958 5128 copulationem

383 5169 507 5210 ctnn
539 5153 632 5208 illo
663 5154 948 5222 superiore
979 5151 1105 5206 εωιὶ
1143 5165 1339 5204 nomen
1391 5151 1624 5218 accepit,
1663 5153 1883 5220 quando
1911 5162 1965 5206 et

381 5253 789 5300 sacrosanctum
821 5242 956 5298 illud
983 5241 1190 5298 Christi
1223 5257 1424 5311 corpus
1491 5253 1715 5312 propter
1748 5244 1967 5296 deiﬁca-

387 5339 594 5392 tionem
629 5347 684 5390 et
709 5335 967 5390 unionem
999 5334 1142 5389 Deus
1165 5349 1286 5389 esse
1309 5334 1532 5400 dicitur,
1575 5349 1684 5388 non
1715 5349 1744 5388 a
1774 5343 1967 5387 natura

387 5429 632 5500 propria.
663 5428 921 5483 Testatur
952 5427 1057 5482 hoc
1090 5436 1145 5482 et
1203 5442 1431 5497 magnus
1463 5427 1550 5481 ille
1613 5427 1832 5490 Paulus,
1862 5428 1960 5496 11

2076 567 2265 635 χρείαν
2321 566 2556 636 μετρίως
2602 565 3100 637 παραμυθούμενον
3128 581 3141 596 ⁸
3191 564 3496 633 τηνικαῦτα
3537 565 3644 634 γάρ

2077 658 2338 721 σπόγγοις
2391 657 2776 726 ὑποδεχόμενοι
2825 657 2949 719 τοὺς
3003 657 3380 723 ἀναγομένους
3433 655 3644 707 ἐκεῖθεν

2073 747 2279 824 ἀτμοὺς
2327 749 2465 816 ἴαμα
2507 748 2669 818 δίψης
2718 752 2776 802 ἐν
2821 751 2941 810 ταῖς
2989 749 3260 813 ἀνάγκαις
3305 746 3643 816 εὑρίσκουσι.

2073 839 2268 901 Καλῶς
2300 834 2392 891 οὖν
2419 843 2446 893 6
2479 845 2762 910 προφήτης
2794 840 2982 907 ἔλεγεν
3019 859 3036 891 ι
3070 839 3130 891 '0
3163 837 3380 904 ἀνάγων
3407 836 3468 888 τὸ
3500 834 3642 904 ὕδωρ

2069 933 2171 998 τῆς
2211 931 2488 1002 Θαλάσσης
2529 934 2623 985 καὶ
2666 935 2871 1002 ἐκχέων
2908 934 3037 985 αὐτὸ
3083 932 3176 984 ἐπὶ
3218 932 3509 1000 πρόσωπον
3544 930 3643 996 τῆς

2071 1024 2175 1090 γῆς
2203 1038 2219 1053 ο
2259 1041 2278 1074 ι
2333 1026 2358 1076 6
2393 1026 2502 1093 γὰρ
2537 1023 2644 1093 άὴρ
2679 1028 2799 1082 ταῖς
2837 1024 3082 1076 κάτωθεν
3116 1021 3516 1090 ἀναθυμιάσεσι
3549 1036 3644 1072 κα-

2069 1115 2513 1184 ταπυκνούμενος
2543 1117 2808 1183 σταγόνας
2836 1116 3028 1182 ἀφίησι
3055 1115 3149 1167 καὶ
3175 1113 3523 1166 καταπιαίνει
3546 1110 3642 1179 τὴν

2069 1209 2191 1273 γῆν.
2222 1207 2376 1258 Κατὰ
2406 1207 2564 1260 τοῦτο
2595 1209 2688 1279 καῇ
2717 1211 2744 1260 6
2774 1208 2924 1276 ἥλιος
2955 1207 3117 1276 ἡνίκα
3144 1206 3212 1258 τὰ
3245 1207 3397 1257 νότιοι
3429 1204 3638 1272 παρεά-

2071 1315 2168 1359 σας
2203 1297 2294 1349 ἐπὶ
2329 1297 2396 1349 τά
2433 1298 2618 1366 βόρεια
2657 1299 2800 1366 μέρη
2835 1297 3021 1366 τρέχει
3056 1298 3150 1348 καὶ
3183 1296 3244 1347 τὸ
3281 1295 3437 1363 θέρος
3472 1295 3640 1364 ἐργά-

2070 1393 2254 1452 (erat;
2286 1387 2568 1441 ἀναλίσκει
2599 1389 2668 1441 τὰ
2701 1387 2867 1458 ῦδατα
2896 1389 2990 1456 καὶ
3017 1391 3086 1439 τά
3117 1389 3360 1455 ἡμέτερα
3397 1384 3640 1453 ξηραίνει

2069 1480 2318 1549 σώματα.
2349 1481 2456 1532 Καὶ
2487 1481 2671 1548 μέντοι
2701 1480 2793 1532 καὶ
2821 1481 2946 1541 τοὺς
2972 1478 3252 1546 ποταμοὺς
3281 1477 3641 1545 μικροτέρους

2067 1571 2216 1624 ἐστιν
2254 1572 2404 1636 ἰδεῖν.
2441 1572 2630 1642 Τούτῳ
2673 1571 2858 1640 μέντοι
2893 1570 2969 1639 τῷ
3007 1571 3151 1638 λόγῳ
3192 1571 3286 1622 καὶ
3321 1570 3411 1622 τὸν
3448 1567 3641 1619 Νεῖλον

2068 1665 2234 1717 αὐτὸν
2265 1666 2324 1717 ού
2362 1665 2503 1718 κατά
2532 1666 2622 1718 τὸν
2652 1665 2815 1717 αὐτὸν
2845 1667 2958 1726 τοῖς
2989 1661 3170 1725 ἄλλοις
3204 1663 3338 1730 φασὶ
3373 1661 3638 1730 πλημμυ-

2071 1756 2187 1822 ρείν
2218 1754 2442 1822 καιρὸν,
2473 1752 2610 1806 ἀλλά
2645 1752 2940 1823 μεσοῦντος
2969 1750 3063 1803 τοῦ
3097 1750 3293 1817 θέρους
3325 1747 3640 1810 ἐπικλύζειν

2068 1846 2166 1916 τὴν
2196 1847 2502 1912 Αἴγυπτον,
2530 1846 2607 1908 ὼς
2631 1845 2725 1897 τοῦ
2754 1861 2818 1912 γε
2849 1842 3002 1912 ἡλίου
3037 1841 3130 1911 τὴν
3163 1840 3509 1910 βορειοτέραν
3540 1855 3638 1907 τη-

2065 1937 2296 1990 νικαῦτα
2319 1936 2626 1998 διαθέοντος
2651 1934 2852 2006 ζώνην,
2877 1935 2971 1988 καὶ
2995 1937 3104 1996 τοῖς
3132 1934 3315 1996 ἀλλοις
3341 1932 3440 2001 μὲν
3464 1947 3636 1984 ποτα-

2066 2031 2188 2099 μοῖς
2236 2027 2611 2098 ἐνοχλοῦντος,
2659 2027 2852 2079 τούτου
2901 2027 2958 2080 δὲ
3009 2025 3264 2078 πλεῖστον
3314 2024 3632 2094 ἀπέχοντος.

2072 2120 2139 2174 Ἦ
2169 2121 2354 2192 μέντοι
2377 2120 2486 2173 τῶν
2512 2119 2702 2189 ἀτμῶν
2729 2117 2889 2186 φύσις
2917 2116 3071 2170 οὐδὲν
3097 2116 3224 2170 ἄλλο
3253 2117 3402 2168 ἐστὶν
3429 2117 3462 2183 ἢ
3491 2114 3638 2167 λελε-

2061 2212 2370 2281 πτυσμένον
2399 2210 2565 2280 ὕδωρ.
2599 2210 2978 2279 Ἀναγομένων
3011 2205 3126 2276 οῦν,
3160 2209 3233 2271 ὡς
3263 2208 3498 2276 εἴρηται,
3533 2209 3633 2258 ati-

2059 2305 2169 2357 τῶν
2199 2306 2267 2374 τῇ
2296 2303 2390 2356 τοῦ
2423 2304 2573 2373 ἡλίου
2603 2303 2735 2372 ὁλκῇ
2763 2343 2776 2365 ,
2807 2301 3101 2354 κάντεῦθεν
3132 2316 3337 2352 πυκνοῦ
3348 2299 3508 2368 μένου
3540 2296 3633 2349 τοῦ

2059 2395 2245 2464 ἀέρος,
2274 2394 2420 2445 ὑετοὶ
2450 2394 2938 2463 καταρῤήγνυνται
2967 2393 3142 2460 χιόνες
3169 2407 3226 2442 τε
3259 2391 3352 2442 καὶ
3380 2388 3635 2457 χάλαζαι,

2060 2487 2156 2540 καὶ
2200 2488 2301 2539 ὅσα
2343 2489 2444 2557 τῆς
2488 2487 2663 2556 ὑργᾶς
2711 2484 2946 2555 ὑπάρχει
2997 2483 3214 2552 φύσεως
3266 2482 3485 2551 ἔγγονα.
3529 2480 3639 2534 Καὶ

2060 2581 2189 2649 περὶ
2222 2578 2322 2647 μὲν
2346 2579 2551 2632 τούτων
2575 2577 2773 2641 οὕτως.

2130 2667 2260 2723 Οἶδα
2292 2670 2367 2734 δὲ,
2398 2669 2684 2738 ἀγαπητέ,
2711 2670 2793 2721 ὅτι
2829 2669 2953 2721 καθ’
2988 2669 3234 2740 ἱστορίαν
3266 2666 3630 2735 ἐπελθοῦσαή

2061 2763 2128 2832 σὴ
2165 2761 2493 2831 φιλομάθεια
2518 2763 2587 2815 τὰ
2623 2761 2774 2830 παρά
2803 2762 3048 2819 Μωσέως
3080 2762 3370 2831 γραφέντα
3409 2759 3538 2828 περί
3570 2775 3634 2811 τε

2059 2853 2152 2906 τοῦ
2197 2853 2413 2923 πρώτου
2451 2851 2683 2921 ούρανοῦ
2715 2853 2841 2921 περί
2875 2869 2936 2903 τε
2962 2851 3055 2905 τοῦ
3086 2851 3364 2922 δευτέρου,
3400 2851 3634 2921 στερεώ-

2062 2962 2231 3014 ματος
2260 2943 2485 3013 δηλαδὴ,
2520 2946 2614 2997 καὶ
2661 2944 2791 3013 περὶ
2834 2942 2943 2996 τῶν
2986 2943 3476 3012 ἐναπειλημμένων
3503 2942 3632 2994 ὑδάο

2058 3050 2168 3086 των
2204 3035 2367 3102 μέσον
2400 3032 2509 3086 τῶν
2537 3033 2631 3086 δύο
2672 3030 2876 3085 τούτων
2899 3030 3169 3101 οὐρανῶν,
3205 3030 3536 3083 ἐκλαθέσθαι
3563 3031 3634 3083 τά

2058 3124 2284 3178 τοιαῦτα
2337 3125 2430 3176 καλ⁵
2475 3124 2616 3176 κατὰ
2656 3126 2945 3196 ἀναγωγὴν
2997 3125 3264 3197 ἐπιζητεῖ.
3315 3127 3502 3198 Ταύτῃ
3550 3141 3631 3178 τοι

2061 3217 2154 3269 καὶ
2188 3217 2278 3267 τὸν
2319 3217 2571 3284 Σιναῒτην
2605 3215 2712 3269 ἰδοὺ
2755 3218 2990 3287 παράγω
3046 3235 3129 3270 σοι
3184 3217 3628 3285 θεῖονῇΑναστά-

2061 3325 2174 3360 σιον
2196 3324 2210 3339 ·
2242 3311 2270 3360 6
2305 3309 2411 3376 γὰρ
2443 3308 2582 3370 θεῖος
2604 3301 2758 3373 οὗτος
2793 3310 2933 3378 ἀνὴρ
2981 3310 3220 3374 ἀκούσας
3261 3310 3356 3363 τοῦ
3391 3310 3630 3380 μεγάλου

2062 3399 2277 3452 Παύλου
2326 3400 2576 3468 λέγοντος
2616 3403 2698 3454 ὅτι
2741 3403 2916 3456 πάντα
2966 3405 3046 3466 είς
3089 3403 3324 3472 Χριστὸν
3366 3404 3630 3472 προτετύ-

2061 3509 2260 3556 πωται,
2291 3492 2359 3546 τά
2417 3495 2474 3544 ἐν
2517 3491 2729 3564 οὐρανῷ
2771 3495 2865 3547 καὶ
2915 3496 2980 3546 τὰ
3029 3496 3121 3549 ἐπὶ
3156 3496 3250 3565 τῆς
3277 3496 3402 3565 γῆς,
3438 3497 3627 3549 τούτου

2061 3585 2220 3654 χάριν
2269 3585 2645 3654 ἀλληγορικῶς
2689 3587 2756 3639 τά
2803 3586 2976 3642 πλείω
3023 3589 3124 3656 τῆς
3169 3588 3414 3650 Παλαιᾶς
3455 3589 3640 3653 ἐξελά-

2062 3678 2208 3732 6ετο.
2245 3679 2352 3731 Καὶ
2404 3677 2567 3731 ἄκουε
2612 3679 2666 3731 τί
2715 3696 2849 3748 φησι
2893 3679 3022 3748 περὶ
3065 3678 3174 3732 τῶν
3215 3678 3461 3749 οὐρανῶν
3495 3682 3636 3740 τέως

2062 3771 2284 3825 αὐτῶν·
2328 3790 2346 3822 ι
2398 3772 2464 3823 Ἢ
2498 3770 2590 3824 τοῦ
2644 3772 2918 3840 ἀνωτέρου
2966 3771 3196 3841 ούρανοῦ
3250 3771 3636 3840 ἁκατάληπτος

2063 3861 2223 3931 φύσις
2273 3863 2397 3931 ἐμοὶ
2439 3862 2589 3915 δοκεῖ
2640 3861 2808 3916 τύπον
2852 3863 3070 3931 ἐπέχειν
3115 3866 3216 3930 τῆς
3266 3863 3500 3928 ἀοράτου
3537 3865 3633 3916 καὶ

2061 3955 2450 4024 ἀκαταλήπτου
2505 3954 2664 4023 λόγου
2727 3955 3000 4024 θεότητος,
3030 3956 3088 4008 τὸ
3128 3956 3186 4008 δὲ
3244 3957 3532 4027 στερέωμα
3577 3955 3637 4007 τὸ

2063 4049 2308 4103 κάτωθεν
2352 4047 2574 4102 ἀνελθὸν
2622 4047 2790 4100 τύπον
2839 4049 3058 4117 ἐπέχειν
3109 4050 3210 4116 τῆς
3249 4049 3343 4100 τοῦ
3393 4045 3634 4116 Χριστοῦ

2066 4139 2484 4210 ἀνθρωπότητος
2537 4139 2602 4207 ἢν
2659 4137 2820 4192 ἔλαϐε
2863 4139 3127 4192 κάτωθεν.
3167 4139 3239 4191 Τὸ
3286 4140 3342 4192 δέ
3390 4137 3534 4209 ὕδωρ
3574 4140 3636 4191 τὸ

2066 4232 2249 4301 μέσων
2287 4231 2396 4284 τῶν
2427 4231 2520 4283 δύο
2554 4230 2965 4300 ἐμπεριληφθέν
2992 4232 3176 4283 εἰκόνα
3212 4231 3505 4301 διαγράφει
3538 4232 3637 4298 τῆς

2063 4325 2337 4394 ἀχράντου
2384 4321 2552 4374 αὑτοῦ
2591 4322 2771 4392 ψυχῆς
2825 4320 3220 4393 μεσιτευούσης
3280 4321 3496 4392 θεότητι
3543 4322 3638 4375 καὶ

2072 4414 2277 4486 σαρκὸς
2338 4419 2634 4483 παχύτητι.
2668 4414 2814 4484 Ὅρα
2857 4415 2966 4484 γὰρ
3013 4415 3096 4467 ὃτι
3145 4416 3174 4467 6
3222 4414 3323 4484 μὲν
3369 4407 3640 4483 ἀνώτερος

2064 4509 2295 4577 οὐρανὸς
2333 4506 2496 4575 φύσει
2530 4505 2624 4558 ἀπ’
2653 4507 2826 4576 ἀρχῆς
2851 4506 3079 4576 οὐρανὸς
3110 4506 3338 4574 ἐκλήθη,
3365 4506 3508 4559 καθά
3545 4506 3640 4558 καὶ

2059 4601 2089 4653 ὁ
2112 4600 2244 4662 Θεὸς
2275 4600 2431 4668 λόγος
2462 4598 2557 4653 ἀπ’
2590 4600 2765 4669 ἀρχῆς
2799 4601 2932 4662 Θεὸς
2966 4599 3109 4664 ἐστὶ,
3140 4600 3200 4650 τὸ
3248 4599 3307 4650 δὲ
3341 4601 3634 4666 στερέωμα

2057 4692 2119 4746 τὸ
2151 4693 2394 4746 κάτωθεν
2429 4693 2522 4744 καὶ
2550 4691 2732 4744 ὑλικὸν
2771 4691 2871 4743 οὐκ
2917 4692 3010 4745 ἀπ’
3048 4690 3257 4760 ἀρχῆς,·
3281 4691 3417 4760 μετά
3444 4690 3501 4742 δὲ
3536 4692 3638 4757 τὴν

2059 4781 2199 4850 πρὸς
2227 4781 2316 4834 τὲν
2365 4779 2636 4851 ἀνώτερον
2683 4779 2875 4835 ἕνωσιν
2923 4780 3153 4851 οὐρανὸς
3202 4780 3426 4851 ἐκλήθη,
3453 4780 3638 4852 ἐπειδὴ

2067 4874 2166 4926 καὶ
2193 4874 2254 4924 τὸ
2283 4873 2439 4940 ἆγιον
2487 4871 2581 4923 τοῦ
2615 4871 2851 4942 Χριστοῦ
2897 4870 3058 4940 σῶμα
3093 4874 3154 4942 τῇ
3188 4871 3380 4924 θεώσει
3434 4872 3528 4923 καὶ
3569 4875 3633 4940 τῇ

2068 4965 2260 5018 ἐνὼσει
2302 4964 2520 5032 λέγεται
2568 4962 2721 5026 Θεὸς,
2775 4963 2835 5017 ού
2883 4965 2990 5034 μὴν
3033 4966 3099 5034 τῇ
3147 4964 3320 5034 οίκείᾳ
3380 4967 3558 5032 φύσει.
3612 4983 3631 5016 ο

2065 5058 2463 5128 Συμμαρτυρεῖ
2503 5057 2557 5108 δὲ
2593 5055 2751 5108 τοῦτο
2786 5059 2814 5109 6
2861 5061 3162 5126 πάμμεγας
3209 5057 3439 5124 Παῦλος,
3475 5075 3638 5110 κατα-

2067 5149 2328 5216 πέτασμα
2359 5147 2533 5216 λέγων
2575 5147 2673 5218 τὴν
2703 5149 2866 5216 ἀγίαν
2889 5147 2983 5201 τοῦ
3014 5148 3252 5217 Χριστοῦ
3286 5150 3483 5218 σάρκα,
3516 5153 3637 5218 ἥτις

2069 5241 2317 5295 κάτωθεν
2361 5243 2460 5294 καὶ
2497 5242 2556 5308 ἐξ
2602 5241 2854 5308 αἱμάτων
2905 5242 3208 5312 συνεπάγη,
3242 5241 3385 5294 καθά
3433 5243 3499 5312 δὴ
3544 5247 3636 5293 καὶ

2069 5335 2202 5387 αὐτὸ
2239 5340 2300 5386 τὸ
2333 5334 2621 5402 στερέωμα
2649 5335 2713 5386 ἐκ
2748 5332 2855 5385 τῶν
2886 5335 3035 5386 κάτω
3065 5335 3304 5390 νοτίιίων.
3330 5337 3438 5388 Καὶ
3466 5335 3639 5386 ταῦτα

2073 5425 2172 5494 μὲν
2203 5425 2389 5478 τοῦτον
2424 5425 2538 5496 ἔχει
2575 5424 2668 5479 τὸν
2701 5425 2922 5493 τρόπον.

386 5537 512 5576 cum
537 5529 778 5575 sanctam
807 5519 1007 5575 Christi
1034 5534 1255 5574 carnem
1289 5517 1650 5572 velamentum
1695 5520 1952 5587 appellat,
1993 5531 2115 5586 quae.
2135 5531 2262 5568 caro
2324 5517 2554 5571 inferius
2605 5529 2880 5588 assumpta
2903 5528 2986 5574 est
3005 5521 3072 5574 de
3095 5522 3332 5591 Virginis
3354 5522 3638 5589 sanguine,

390 5613 854 5683 quemadmodum
891 5611 1294 5668 ﬁrmamentum
1345 5611 1546 5667 factum
1578 5623 1662 5668 est
1715 5627 1781 5667 ex
1849 5610 2006 5680 aquis
2045 5609 2255 5664 inferis.
2295 5609 2474 5666 llabes
2535 5610 2678 5681 quod
2734 5611 2833 5664 hac
2868 5613 2918 5665 in
2955 5625 3109 5681 parte
3161 5615 3256 5669 tibi
3294 5613 3640 5670 sentientium

393 5719 500 5764 est.

468 5803 509 5837 ⁸³
544 5800 561 5856 ι
599 5800 724 5858 Cur.
761 5819 809 5865 λ,
853 5805 905 5856 6.
