3968 6228
346 337 414 402 ὅ
1617 323 2026 389 ANNALIUM
2067 325 2265 386 PARS
2311 325 2360 384 Γ.
3529 311 3614 372 lli“-

870 452 1112 507 ΗΜΕΡΔ
1165 449 1400 503 TPITH.

414 546 495 616 Τῇ
539 543 598 598 δὲ
657 542 818 615 τρίτῃ
880 541 1064 612 ἡμέρᾳ
1115 540 1184 594 τά
1236 539 1403 592 ὕδατα
1461 538 1642 600 πάντα
1693 538 1774 600 εἰς
1827 537 1927 598 τὰς

347 633 556 691 ιαυτῶν
590 632 918 701 συναγωγὰς
959 631 1309 702 συνήχθησαν
1357 631 1500 683 κατὰ
1550 628 1699 681 θείαν
1732 628 1924 682 κέλευ-

349 745 453 793 σιν,
486 726 581 780 καὶ
605 724 779 788 οὕτως
812 724 986 793 ἐφάνη
1011 726 1044 793 ή
1068 722 1231 792 ξηρά.
1260 722 1391 774 Τότε
1423 720 1486 789 δὴ
1518 722 1612 774 καί¹
1644 719 1926 783 παντοίοις

348 822 486 892 αὕτη
521 822 715 889 φυτοῖς
761 836 821 871 τε
854 822 948 872 καὶ
979 818 1224 888 δένδρεσι
1267 817 1592 888 παραδόξως
1619 816 1929 870 ἐκαλλωπί-

347 913 492 980 ζετο.
523 913 616 984 Τῷ
662 915 774 984 γὰρ
812 912 942 982 θείῳ
987 911 1372 981 δυναμωθεῖσα
1429 911 1756 980 βουλήματι,
1788 909 1861 972 ὡς
1901 911 1929 963 6

347 1008 571 1074 Νύσσης
601 1005 794 1076 φησὶν,
830 1004 1028 1074 ἀθρόον
1080 1003 1395 1074 ἀπεκύησεν
1431 1002 1671 1066 ἅπαντα.
1699 1003 1760 1055 οὐ
1803 1003 1931 1072 χρό-

350 1116 438 1152 νου
475 1097 733 1168 δεηθεῖσα
789 1095 927 1168 πρὸς
961 1097 1192 1166 αὔξησιν
1217 1095 1328 1148 τῶν
1378 1095 1440 1159 ἐξ
1477 1096 1650 1164 αὐτῆς
1683 1095 1929 1148 ἀναδιδο-

353 1194 549 1262 μένων,
611 1191 730 1244 άλλ’
774 1189 908 1259 όμοῦ
961 1192 1072 1252 τοῖς
1107 1189 1297 1242 ἄνθεσι
1350 1189 1444 1242 καὶ
1505 1189 1634 1247 τοὺς
1684 1189 1927 1257 καρποὺς

350 1285 768 1355 ὲκϐλαστήσασα
821 1283 1002 1352 θέαμά
1050 1300 1120 1362 ,τι
1169 1282 1524 1352 -τερψίθυμον
1571 1278 1657 1352 ἦν.
1713 1282 1776 1335 Εἰ
1824 1283 1930 1350 γὰρ

349 1374 513 1443 ἀηδές
539 1391 595 1426 τι
629 1375 869 1444 πρᾶγμα
898 1378 994 1428 καὶ⁹
1029 1373 1368 1446 παρεκτικὺν
1396 1374 1592 1442 ὀδύνης
1631 1375 1664 1444 ἡ
1693 1372 1928 1435 ἄκανθα,

351 1464 464 1517 ἀλλ’
504 1465 608 1516 οὐκ
657 1464 716 1527 ὲξ
760 1463 938 1535 ἀρχῆς
972 1464 1146 1534 αὐτῆς
1178 1467 1210 1535 ή
1261 1465 1335 1532 γῆ
1376 1464 1473 1517 καί
1501 1463 1706 1530 ταύτην
1735 1464 1934 1516 ἀνέδω-

349 1573 464 1622 κεν,
509 1555 629 1608 ἀλλ’
682 1556 848 1626 ήνίκα
905 1557 1043 1624 μετὰ
1106 1555 1207 1626 τὴν
1258 1556 1573 1626 παράϐασιν
1624 1555 1858 1623 ἤκουσεν
1905 1556 1932 1607 6

362 1647 532 1716 Ἀδάμ
585 1667 605 1700 ‹
642 1648 1072 1718 Ἐπικατάρατος
1118 1651 1152 1718 ή
1211 1650 1281 1718 γῆ
1340 1649 1397 1702 ὲν
1441 1650 1554 1710 τοῖς
1601 1648 1784 1716 ἔργοις
1838 1664 1934 1700 σου

351 1739 595 1802 ἀκάνθας
629 1740 726 1794 καὶ
761 1739 1045 1811 τριϐόλους
1076 1740 1332 1794 άνατελεῖ
1364 1757 1468 1795 σοι.
1511 1759 1530 1792 ι
1561 1740 1677 1792 Ἵνα
1705 1739 1816 1809 γὰρ
1853 1737 1931 1807 τῷ

2576 438 2732 494 DIES
2773 434 3052 492 TERTIA.

2040 523 2043 526 l
2107 537 2203 591 Die
2244 537 2404 591 tertia
2437 545 2640 590 coactae
2691 541 2820 587 sunt
2853 546 3006 600 aqua:
3041 542 3232 582 omnes
3288 526 3330 580 vi
3376 525 3616 578 mandati

2033 629 2205 691 divini
2237 644 2368 681 suas
2421 625 2488 678 ad
2546 622 2925 683 collectiones,
2965 634 3144 688 eoque
3198 616 3361 670 modo
3411 616 3616 669 siccum

2032 724 2320 791 apparuit;
2357 717 2502 790 quod
2558 716 2778 786 quidem
2837 729 2957 766 mox
3005 710 3404 765 admirabiliter
3436 709 3618 762 omnis

2032 816 2252 887 generis
2287 813 2487 883 plantis
2532 821 2586 865 et
2638 807 2932 863 arboribus
2967 803 3357 856 exornabatur.
3403 801 3616 869 Quippe

2033 918 2177 962 terra
2210 905 2409 958 divina:
2439 902 2737 955 voluntatis
2760 898 2999 953 eliicacia
3024 895 3619 962 corroborata,quemo
3699 937 3710 956 ,

2032 997 2327 1052 admodum
2382 993 2672 1064 Nysscnsis
2734 991 2964 1044 antiStes
3001 987 3246 1057 scripsit,
3284 988 3399 1040 hate
3430 987 3614 1039 omnia

2033 1088 2219 1144 subito
2261 1092 2416 1158 quasi
2466 1087 2698 1156 peperit,
2742 1102 2850 1140 non
2909 1085 3172 1152 temporis
3227 1097 3394 1152 egens
3442 1080 3617 1134 inter-

2033 1181 2176 1234 Vallo
2207 1181 2274 1233 ad
2331 1181 2733 1233 incrementum
2785 1193 2978 1231 eorum
3019 1191 3142 1246 qua:
3175 1174 3242 1229 de
3277 1176 3389 1245 ipsa
3433 1173 3616 1228 exori-

2036 1282 2232 1328 rentur
2266 1292 2280 1326 :
2322 1273 2417 1327 sed
2458 1288 2562 1327 una
2594 1287 2717 1326 cum
2767 1271 2998 1326 tioribus
3036 1269 3201 1325 etiam
3242 1269 3453 1324 fructus
3487 1283 3616 1336 pre-
3717 1273 3730 1294 '

2034 1364 2240 1427 ferens,
2266 1363 2568 1432 jucundum
2593 1363 2870 1432 quoddam
2893 1362 3268 1432 spectaculum
3307 1359 3610 1430 praebebat.

2033 1455 2238 1520 Quodsi
2275 1455 2400 1524 quis
2451 1455 2598 1510 dicat
2653 1457 2866 1525 spinam
2910 1471 3031 1510 esse
3078 1471 3191 1510 rem
3232 1453 3457 1508 minime
3495 1454 3619 1522 pul-

2035 1548 2222 1602 chram
2253 1557 2416 1616 atque
2449 1549 2616 1601 etiam
2650 1547 2963 1608 molestam,
3019 1547 3064 1601 is
3107 1548 3245 1600 sciat
3277 1556 3396 1600 eam
3428 1560 3614 1600 rerum

2038 1640 2194 1695 initio
2245 1657 2275 1695 e
2305 1651 2450 1695 terra
2501 1656 2610 1694 non
2669 1640 3009 1709 provenisse,
3057 1638 3149 1692 sed
3192 1649 3316 1708 post
3373 1636 3616 1692 mandati

2036 1735 2278 1804 primum
2328 1733 2498 1788 divini
2559 1733 2950 1798 violationem,
3010 1747 3134 1786 cum
3196 1731 3314 1786 hazc
3373 1731 3619 1786 Adamus

350 1832 570 1903 τερπνῷ
606 1832 706 1902 τὴν
749 1833 927 1902 λύπην
949 1833 1362 1903 παρακειμένην
1393 1832 1630 1902 ἔχωμεν,
1676 1833 1788 1884 κάκ
1808 1829 1930 1883 τού-

2044 1826 2290 1883 audiret:
2321 1826 2630 1881 (Infelicem
2657 1827 2736 1880 tui
2761 1826 2976 1880 labores
3006 1835 3206 1880 terram
3239 1826 3633 1895 experiantur,

349 1941 442 1978 του
465 1924 566 1994 τὴν
602 1925 887 1994 ἁμαρτίαν
919 1925 1390 1995 μνημονεύωμεν,
1419 1924 1494 1987 ὡς
1518 1926 1546 1977 6
1589 1924 1764 1993 μέγας
1798 1923 1936 1992 φησί

351 2017 657 2083 Βασίλειος,
691 2019 780 2071 διὰ
808 2017 968 2072 τοῦτο
1012 2017 1305 2087 προσεφύη
1350 2017 1428 2086 τῷ
1467 2018 1606 2086 ῥόδῳ
1637 2019 1668 2088 ή
1699 2016 1934 2071 ἄκανθα.
1983 2089 1985 2092 ι

352 2108 596 2179 Πρόσεχε
629 2108 745 2164 οὖν.
782 2110 844 2163 Εἰ
875 2111 951 2180 μὴ
983 2109 1093 2180 γὰρ
1125 2109 1359 2179 ἡκουσεν
1391 2109 1420 2161 6
1460 2108 1634 2175 Ἀδὰμ
1667 2127 1685 2159 ‹
1708 2108 1938 2162 Ἐπικα-

351 2199 589 2268 τάρατος
638 2202 672 2271 ή
723 2201 796 2269 γῆ
843 2203 901 2253 ἐν
932 2203 1041 2264 τοῖς
1090 2200 1275 2270 ἔργοις
1314 2217 1432 2261 σου,
1471 2218 1490 2250 ι
1531 2199 1672 2270 τάχα
1705 2199 1770 2252 ἂν
1805 2199 1938 2268 ήγῆ

355 2292 448 2344 καὶ
485 2288 647 2354 αὖθις
692 2291 836 2361 φυτὰ
869 2293 1101 2361 παρεῖχέ
1151 2308 1234 2344 σοι
1272 2291 1530 2360 ἔγκαρπα
1583 2289 1658 2360 μὴ
1688 2290 1938 2360 δεόμενα

353 2380 548 2450 χρόνου
575 2383 713 2453 πρὸς
745 2382 994 2454 αὔξησιν.
1029 2383 1161 2437 Τότε
1195 2383 1296 2452 μὲν
1320 2384 1451 2453 γάρ,
1471 2382 1600 2453 ,πρὸ
1628 2383 1730 2452 τῆς
1762 2401 1940 2452 παρα-

355 2473 569 2537 ϐάσεως
619 2473 886 2546 δηλονότι,
928 2475 1003 2538 ὡς
1037 2476 1065 2528 6
1116 2477 1296 2544 μέγας
1349 2474 1482 2544 φησί
1534 2474 1838 2539 Βασίλειος,
1881 2477 1938 2527 ἐν

357 2567 624 2639 ἀκαριαίᾳ
665 2568 864 2638 χρόνου
898 2569 1040 2640 ῥοπῇ
1093 2567 1202 2622 ἀπὸ
1245 2571 1348 2640 τῆς
1390 2565 1738 2636 βλαστήσεως
1770 2567 1941 2638 ἀρξα-

359 2653 494 2727 μένη
521 2657 555 2724 ή
584 2655 681 2724 γῆ,
706 2655 793 2708 ἵνα
830 2657 1039 2728 φυλάξῃ
1070 2657 1196 2720 τοὺς
1231 2657 1434 2727 νόμους
1482 2657 1579 2710 τοῦ
1623 2658 1936 2720 κτίσαντος.

355 2748 538 2800 πᾶσαν
579 2747 727 2800 ἰδέαν
762 2748 1045 2819 αὐξήσεως
1085 2748 1457 2815 διεξελθοῦσα,
1496 2749 1659 2811 εὐθὺς
1703 2749 1843 2820 πρὸς
1879 2751 1939 2803 τὸ

355 2837 567 2893 τέλειον
612 2839 793 2910 ἤγαγε
836 2841 906 2893 τὰ
961 2839 1342 2909 βλαστήματα.
1382 2841 1494 2894 Καὶ
1527 2840 1796 2910 λειμῶνες
1841 2841 1939 2910 μὲν

359 2931 466 3000 γὰρ
509 2927 655 3003 ἦσαν
698 2931 886 3002 βαθεῖς
942 2934 1009 3004 τῇ
1063 2932 1300 3004 ἀφθονίᾳ
1344 2933 1436 2986 τοῦ
1477 2934 1698 3004 χόρτου,
1731 2934 1840 2987 τῶν
1883 2935 1970 3006 δὲ.

357 3023 553 3076 πεδίων
613 3028 685 3078 τὰ
729 3024 983 3097 εὖκαρπα
1033 3026 1289 3099 βρίθοντα
1350 3027 1466 3088 τοῖς
1522 3028 1698 3097 ληίοις
1755 3029 1944 3083 εἰκόνα

360 3116 634 3184 πελάγους
665 3119 1028 3188 κυμαίνοντος
1057 3121 1116 3174 ὲν
1135 3123 1200 3190 τῇ
1244 3121 1462 3190 κινήσει
1499 3120 1608 3173 τῶν
1649 3118 1940 3190 ἀσταχύων

357 3204 636 3270 ἁπέσωζε.
691 3210 802 3261 Καὶ
856 3201 1034 3264 ταῧτα
1100 3212 1218 3281 μὲν,
1270 3212 1436 3282 ήνίκα
1493 3210 1679 3278 ἔλεγεν
1735 3211 1762 3262 6
1808 3210 1941 3273 Θεὸς

365 3311 383 3345 ι
417 3295 792 3364 Βλαστησάτω
822 3300 856 3368 ή
887 3302 957 3370 γῆ
996 3300 1230 3371 βοτάνην
1259 3302 1457 3371 χόρτου
1484 3317 1499 3332 ⁸
1553 3322 1574 3356 ι
1613 3304 1850 3372 ὁπηνίκα
1887 3303 1943 3356 δὲ

362 3389 682 3456 προσετίθει
735 3410 754 3443 ι
815 3393 926 3446 Καὶ
977 3394 1133 3460 ξύλον
1167 3393 1448 3464 κάρπιμον
1487 3394 1676 3448 ποιοῦν
1708 3395 1940 3466 καρπὸν,

360 3473 420 3535 οὗ
455 3482 518 3534 τδ
559 3483 786 3554 σπέρμα
816 3485 984 3540 αὑτοῦ
1015 3490 1071 3540 ἐν
1105 3487 1282 3557 αὐτῷ,
1312 3488 1456 3542 κατὰ
1491 3489 1650 3556 γένος
1687 3491 1780 3542 καὶ
1822 3489 1944 3542 καθ’

361 3575 681 3645 ὁμοιότητα,
711 3577 803 3630 ἐπὶ
829 3579 930 3649 τῆς
967 3580 1091 3650 γῆς,
1124 3600 1144 3633 ι
1189 3581 1312 3635 τότε
1353 3580 1442 3650 δὴ,
1480 3581 1604 3634 τότε
1642 3584 1814 3635 πᾶσαι
1847 3582 1947 3650 μὲν

363 3666 563 3737 λόχμαι
595 3669 1065 3737 κατεπιδκνοῦντο,
1097 3674 1277 3726 πάντα
1327 3674 1382 3726 δὲ
1429 3675 1690 3744 ἀνέτρεχε
1729 3673 1944 3744 δένδρα,

363 3757 553 3813 ἐλάται
603 3762 697 3813 καὶ
752 3762 958 3832 κέδροι,
995 3762 1198 3816 πεῦκαί
1230 3781 1289 3816 τε
1331 3765 1427 3817 καὶ
1471 3766 1825 3834 κυπάρισσοι,
1850 3765 1948 3817 καὶ

363 3850 462 3902 ὅσα
516 3855 770 3917 τοιαῦτα,
825 3854 887 3905 αἵ
932 3871 992 3906 τε
1055 3855 1313 3922 ροὃωνιαὶ
1371 3856 1466 3907 καὶ
1535 3856 1797 3924 μυρσίναι
1851 3855 1947 3907 καὶ

363 3941 590 4011 δάφναι,
619 3946 800 3998 πάντα
849 3948 910 3999 ἐν
947 3951 1047 4018 μιᾷ
1079 3949 1277 4016 καιροῦ
1312 3950 1476 4019 ῥοπῇ,
1519 3948 1620 4001 ούκ
1649 3949 1779 4001 ὄντα
1813 3948 1945 4019 πρό-

364 4051 548 4105 τερον,
587 4040 669 4101 εἰς
701 4037 763 4090 τὸ
793 4035 937 4092 εἶναι
968 4043 1231 4114 παρήχθη
1262 4040 1402 4112 μετὰ
1433 4043 1532 4111 τῆς
1563 4043 1772 4106 οἰκείας
1814 4043 1945 4096 ἐκά-

368 4145 496 4182 στου
535 4130 822 4200 ἰδιότητος.

435 4221 528 4292 Μὴ
580 4222 830 4292 θαύμαζε
886 4224 945 4276 δὲ
1001 4227 1162 4294 εἴπερ
1210 4208 1272 4279 ἀί
1333 4227 1559 4295 βοτάναι
1621 4230 1793 4284 πᾶσαι
1845 4231 1948 4284 οὐκ

365 4312 634 4384 ἐδώδιμοι.
687 4315 774 4368 Τὰ.
811 4316 921 4386 γὰρ
974 4318 1048 4388 μὴ
1084 4321 1496 4390 χρησιμεύοντα
1547 4321 1626 4392 τῷ
1673 4323 1948 4395 ἀνθρώπῳ

365 4408 616 4479 χρήσιμά
645 4409 762 4461 ἐστι
787 4412 901 4473 τοῖς
927 4411 998 4462 δι’
1036 4411 1198 4463 αὑτὸν
1240 4415 1634 4484 γεγενημένοις
1667 4413 1853 4477 ζώοις.
1884 4417 1946 4469 Et

2035 1927 2222 1972 sentes
2250 1926 2416 1988 atque
2447 1917 2683 1972 carduos
2719 1917 2817 1971 tibi
2873 1926 3130 1985 procreet
3165 1917 3234 1972 ¹³.
3269 1935 3286 1967 ι
3337 1915 3619 1970 Nimirum.

2039 2020 2100 2066 ut
2129 2011 2401 2079 voluptati
2431 2008 2680 2065 dolorem
2719 2010 3040 2079 adiunctum
3077 2007 3409 2072 habeamus,
3442 2025 3640 2078 eaque»

2036 2119 2095 2158 re
2123 2104 2335 2173 peccati
2396 2101 2570 2156 nostri
2615 2100 2779 2155 nobis
2835 2101 3032 2155 subeat
3092 2101 3426 2166 recerdatio,
3477 2103 3622 2157 sicut

2035 2196 2269 2252 Basilius
2287 2196 2386 2259 ait,
2418 2193 2622 2248 idcirco
2643 2193 2814 2264 spina:
2849 2193 2988 2246 rosis
3017 2192 3214 2248 additae
3254 2201 3402 2248 sunt.
3430 2194 3621 2262 Itaque

2036 2287 2198 2342 velim
2216 2287 2346 2340 mihi
2360 2285 2785 2350 animadvertas,
2805 2284 2952 2354 quod
2968 2286 3073 2340 nisi
3092 2285 3334 2340 Adamus
3349 2285 3619 2347 audisset,

2045 2395 2064 2429 ι
2100 2376 2381 2431 Infelicem
2431 2375 2506 2430 tui
2537 2377 2754 2431 labores
2779 2385 2982 2430 terram
3027 2378 3406 2446 experiantur,
3445 2395 3463 2428 ι
3502 2377 3623 2430 for-

2039 2477 2184 2524 tasse
2243 2468 2507 2538 deinceps
2567 2483 2788 2538 quoque
2844 2465 3140 2536 frugiferas
3193 2467 3354 2521 nobis
3402 2468 3619 2539 plantas

2041 2562 2417 2634 produxisset,
2452 2562 2522 2616 ad
2589 2562 2992 2617 incrementum
3042 2559 3127 2615 sui
3177 2561 3330 2614 nullo
3361 2562 3625 2630 temporis

2039 2657 2220 2726 spatio
2256 2655 2592 2726 indigentes.
2633 2655 2769 2709 Nam
2800 2663 2928 2708 ante
2961 2653 3198 2723 lapsum,
3239 2662 3296 2707 ut
3337 2652 3483 2706 idem
3520 2653 3624 2706 Ba.

2041 2749 2202 2804 silius
2258 2747 2462 2816 inquit,
2513 2755 2792 2801 momento
2836 2747 3099 2816 temporis
3167 2746 3623 2814 agerminatione
3703 2769 3708 2772 -

2045 2839 2228 2903 tellus,
2280 2846 2339 2891 ut
2393 2837 2608 2907 legibus
2669 2835 2885 2906 opificis
2938 2830 3176 2904 pareret,
3218 2834 3412 2905 quavis
3459 2850 3627 2902 auge-

2041 2929 2232 2985 scendi
2290 2928 2474 2998 Specie
2546 2928 2837 2992 absoluta,
2901 2943 3026 2981 mox
3089 2926 3302 2981 fruetus
3374 2937 3625 2979 malums

2041 3022 2376 3092 proferebat.
2431 3021 2622 3090 Itaque
2652 3030 2808 3089 prata
2854 3021 3078 3089 cepioso
3117 3019 3337 3089 altoque
3375 3020 3623 3089 gramine

2045 3114 2422 3178 abundabant,
2457 3121 2514 3168 et
2557 3114 2736 3182 campi
2787 3112 3036 3180 frugiferi
3085 3112 3362 3182 segetibus
3412 3112 3646 3166 onerati.

2048 3213 2213 3267 motis
2250 3227 2439 3267 earum
2493 3212 2690 3268 culmis
2726 3210 3024 3282 imaginem
3074 3210 3394 3264 fluctuantis
3447 3212 3626 3280 pelagi

2045 3305 2384 3362 referebant.
2423 3306 2488 3360 Et
2515 3306 2632 3360 haec
2663 3304 2888 3374 quidem
2925 3314 3044 3357 orta
3077 3312 3238 3369 sunt,
3257 3319 3380 3357 cum
3417 3304 3629 3358 dicesct

2049 3399 2190 3454 Deus
2216 3419 2230 3454 :
2269 3417 2286 3450 ι
2316 3398 2457 3454 Edat
2482 3399 2683 3451 humus
2707 3396 3018 3467 gramineas
3050 3395 3247 3451 herbas
3275 3397 3337 3448 ιθ.
3367 3415 3385 3446 ι
3427 3394 3625 3448 Verum

2046 3498 2402 3559 posteaquam
2464 3489 2668 3558 adjecit
2723 3504 2736 3541 :
2799 3507 2816 3538 ι
2865 3489 2928 3541 Ει
2998 3487 3226 3540 arbores
3291 3486 3627 3547 fructiferas.

2046 3597 2167 3650 quae
2205 3597 2308 3636 suo
2356 3597 2590 3652 quaeque
2632 3581 2686 3634 in
2722 3593 2925 3650 genere
2960 3594 3147 3634 semen
3181 3596 3339 3632 suum
3373 3581 3425 3632 in
3464 3582 3628 3634 terris

2048 3673 2310 3738 habeant,
2351 3693 2369 3725 ι
2412 3683 2524 3728 tum
2563 3689 2693 3728 vero
2745 3674 2855 3728 luci
2913 3673 3291 3728 densabantur
3341 3681 3394 3727 et
3423 3674 3630 3743 quawis

2047 3767 2276 3822 arbores
2342 3767 2688 3830 oriebantur,
2760 3769 2992 3834 abietes,
3049 3767 3231 3826 cedri.‘
3288 3768 3471 3836 pinus,
3529 3785 3628 3823 cu-

2051 3859 2247 3927 pressi,
2289 3870 2524 3914 cazterre.
2587 3861 2859 3914 Pra3terea
2907 3874 3156 3913 rosarum
3217 3871 3632 3930 myrtorumque

2049 3950 2298 4015 frutices,
2362 3965 2424 4005 ac
2475 3951 2616 4004 lauri
2675 3965 2784 4003 uno
2841 3950 3105 4018 temporis
3172 3960 3450 4003 momento
3505 3967 3624 4019 pro-

2049 4042 2230 4098 ductae
2281 4054 2433 4110 sunt,
2495 4043 2611 4120 suis
2669 4042 2928 4112 quaelibet
2982 4056 3107 4096 cum
3169 4041 3630 4110 proprietatibus,

2049 4152 2174 4191 eum
2211 4147 2372 4190 antea
2409 4151 2517 4190 non
2547 4136 2904 4191 exsisterent.

2121 4229 2232 4284 Nec
2271 4229 2472 4282 mirum
2502 4229 2602 4283 tibi
2637 4229 2811 4283 videri
2842 4229 3009 4286 debet
3035 4245 3153 4285 non
3196 4237 3388 4285 omnes
3429 4229 3632 4286 herbas

2049 4323 2364 4377 esculentus
2397 4337 2541 4378 esse.
2568 4323 2704 4377 Nam
2728 4323 2771 4376 si
2797 4338 2922 4392 quae
2971 4323 3182 4378 homini
3225 4325 3462 4378 maxime
3517 4339 3629 4376 non

2052 4420 2184 4466 sunt
2220 4411 2366 4477 usui,
2412 4413 2776 4467 nihilominus
2824 4412 2948 4467 aliis
3001 4413 3372 4467 animantibus
3415 4412 3630 4466 condu-

365 4496 420 4550 δὲ
475 4499 572 4550 καὶ
633 4498 942 4570 δηλητήρια
991 4503 1278 4570 πρόσεισιν
1340 4504 1554 4569 αὐταῖς,
1607 4506 1730 4559 οὐδὲ
1790 4505 1941 4560 τοῦτο

2051 4513 2206 4570 eunt,
2242 4520 2364 4574 qua:
2401 4513 2627 4574 propter
2655 4505 2936 4560 hominem
2970 4505 3194 4559 condita
3225 4513 3375 4558 sunt.
3421 4504 3523 4572 12
3555 4504 3632 4557 Ne

346 4587 674 4654 ’ξενίζεσθαι
719 4592 850 4661 χρή.
884 4592 1152 4657 Πολλάκις
1207 4595 1317 4665 γὰρ
1374 4598 1470 4648 καὶ
1521 4597 1696 4649 ταῦτα
1754 4597 1945 4652 παθῶν

369 4682 589 4754 ίατήρια
627 4685 903 4750 γίνονται·
937 4687 1320 4756 κεραννύμενα
1376 4689 1485 4758 γὰρ
1529 4690 1749 4760 ἑτέραις
1789 4689 1945 4759 βοτά-

343 4791 484 4837 ,ναις
506 4774 810 4840 άλεξίκακα
836 4777 1047 4847 γίνεται
1079 4780 1172 4831 καὶ
1198 4779 1388 4848 ὑγείας
1420 4782 1754 4851 παρεκτικά.
1783 4780 1942 4835 Οὕτω

370 4867 466 4934 μὲν
495 4861 590 4922 οὖν
627 4868 726 4921 καὶ
760 4871 788 4922 ό
824 4871 999 4940 μέγας
1030 4871 1318 4935 Βασίλειός
1365 4889 1533 4941 φησιν
1579 4875 1660 4927 ὃτι
1699 4873 1809 4927 τῶν
1851 4873 1946 4942 δη-

367 4957 643 5031 λητηρίων
671 4961 822 5015 οὐδὲν
859 4962 1047 5032 ἀργῶς
1074 4963 1198 5016 οὐδὲ
1228 4965 1524 5035 ἀχρήστως
1564 4968 1946 5036 γεγενημένον

367 5048 540 5116 ἐστὶν,
595 5051 644 5103 εἰ
705 5054 798 5105 καὶ
859 5055 988 5118 τοὺς
1047 5055 1384 5124 ἀχαρίστους
1441 5059 1587 5128 ἡμᾶς
1649 5061 1791 5113 κατὰ
1854 5060 1947 5114 τοῦ

371 5141 735 5209 πεποιηκότος
795 5145 1210 5213 παρασκευάζει
1266 5151 1506 5216 φρονεῖν.
1549 5149 1630 5202 Τὰ
1697 5149 1797 5218 μὲν
1840 5152 1950 5222 γὰρ

372 5232 550 5287 αὐτῶν
594 5235 626 5304 ἢ
673 5236 885 5308 τροφὴν
928 5239 1160 5308 παρέχει
1207 5241 1316 5292 τινὶ
1358 5239 1468 5293 τῶν
1508 5242 1742 5311 ἀλόγων,
1784 5245 1816 5315 ἦ
1854 5247 1952 5299 καὶ

374 5322 505 5392 ἡμῖν
527 5324 713 5388 αὐτοῖς
740 5326 894 5396 παρὰ
932 5328 1029 5397 τῆς
1060 5328 1314 5396 ἰατρικῆς
1343 5329 1540 5399 τέχνης
1571 5332 1652 5393 είς
1685 5349 1948 5403 παραμυ-

376 5411 494 5466 θίαν
540 5415 705 5469 τινῶν
753 5417 1208 5489 ἀρρωστημάτων
1260 5419 1571 5492 ἐξεύρηται.
1605 5421 1680 5474 Τὸ
1709 5423 1806 5490 μὲν
1841 5424 1949 5494 γάρ

377 5505 600 5561 κώνειον
643 5509 692 5561 οί
741 5507 914 5579 ψᾶρες
957 5510 1266 5579 βόσκονται,
1309 5511 1398 5564 διὰ
1456 5511 1556 5583 τὴν
1603 5515 1951 5584 κατασκευὴν

374 5594 466 5647 τοῦ
513 5599 765 5668 σώματος
813 5601 913 5672 τὴν
954 5602 1018 5654 ἐκ
1065 5600 1159 5654 τοῦ
1208 5600 1540 5672 δηλητηρίου
1585 5601 1791 5674 βλάϐην
1820 5605 1952 5658 ἁπο-

449 5771 489 5803 ”
519 5769 655 5828 Gen.
685 5771 887 5843 m,;l7.
968 5771 1010 5803 ”
1039 5771 1175 5828 Gen.
1215 5787 1257 5839 ι,
1290 5770 1372 5825 II.

2056 4593 2110 4648 id
2160 4596 2384 4664 quidem
2448 4610 2652 4649 novum
2708 4596 3248 4660 existimabisyesse
3308 4597 3523 4650 illarum
3575 4595 3631 4648 in

2053 4701 2285 4742 numero
2335 4687 2608 4756 quasdam
2645 4695 2968 4742 venenatas.
3018 4689 3233 4743 Etenim
3268 4689 3356 4742 illa
3411 4703 3632 4757 quoque

2051 4794 2434 4848 saepenumero
2485 4779 2655 4833 certis
2697 4779 2906 4833 morbis
2947 4779 3278 4844 medentur;
3337 4795 3460 4833 nam
3509 4780 3633 4835 aliis

2047 4887 2171 4926 cum
2207 4872 2396 4927 herbis
2448 4873 2625 4928 mistae
2675 4874 3046 4929 valetudinem
3095 4884 3338 4929 nostram
3384 4886 3631 4930 tuentur.

2047 4965 2107 5020 In
2136 4965 2279 5020 hane
2310 4966 2639 5021 sententiam
2666 4967 2912 5021 Basilius
2942 4967 3138 5021 scribit
3163 4969 3370 5022 nullam
3405 4971 3626 5023 herbam

2047 5064 2371 5111 venenatam
2406 5059 2524 5112 sine
2558 5058 2738 5113 fructu
2778 5058 3016 5127 quodam
3068 5075 3191 5113 esse
3231 5060 3454 5125 factam,
3511 5072 3635 5114 utut

2051 5163 2153 5202 nos
2196 5147 2395 5218 ingrati
2436 5165 2530 5204 eas
2568 5149 2855 5206 intuentes
2915 5152 3082 5222 impie
3121 5152 3189 5206 de
3223 5168 3405 5205 rerum
3437 5151 3633 5220 opifice

2050 5241 2376 5296 sentiamus.
2433 5243 2635 5297 Partim
2697 5258 2936 5313 namque
2985 5245 3166 5298 brutis
3223 5243 3501 5312 aliquibus
3531 5243 3632 5295 ali-

2053 5341 2298 5388 mentum
2354 5334 2622 5404 przebent,
2681 5335 2881 5404 partim
2928 5336 3090 5390 nobis
3136 5337 3268 5406 ipsis
3306 5351 3405 5404 per
3457 5343 3631 5386 artem

2053 5424 2322 5479 medicam
2386 5425 2454 5480 ad
2514 5434 2790 5480 certorum
2867 5427 3184 5482 morborum
3252 5425 3631 5494 depulsionem

2052 5525 2214 5586 atque
2244 5518 2548 5573 remedium
2590 5519 2858 5574 serviunt.
2915 5519 3134 5576 Etenim
3186 5518 3363 5573 cicuta
3408 5527 3633 5587 propter

2053 5608 2389 5678 peculiarem
2414 5610 2710 5681 quamdam
2744 5613 2850 5686 ‘sui
2890 5609 3138 5680 corporis
3183 5608 3637 5666 constitutionem
