3968 6228
375 221 444 285 47
1661 220 2079 283 MICHAELIS
2110 223 2370 285 GLYCIE
3059 298 3065 303 Ι

373 331 553 390 sturni
595 339 916 397 vescuntur,
971 346 1075 387 nec
1122 330 1419 404 quidquam
1474 332 1542 386 ah
1592 333 1713 402 ejus
1766 333 1938 389 herba

2050 336 2436 405 διδράσκοντες
2459 348 2476 365 ο
2525 329 2759 393 λεπτοὺς
2793 326 2904 398 γὰρ
2938 325 3152 397 ἔχοντες
3185 326 3310 386 τοὺς
3342 307 3475 392 περί
3514 322 3612 383 ei,»

374 424 919 479 veneno'lmduntur:
953 423 1155 492 quippe
1179 438 1302 477 cum
1347 431 1563 476 meatus
1595 422 1749 477 cordi
1776 422 1944 476 vieini

371 531 637 586 perquam
671 516 722 569 iu
751 516 833 569 eis
854 514 958 587 arti
990 513 1120 578 sint,
1163 514 1328 569 cilius
1366 514 1615 568 haustam
1653 528 1773 567 eam
1808 528 1943 566 con-

280 632 287 639 ,
373 619 621 676 coquunt
664 622 826 677 quam
888 606 1009 676 ejus
1062 605 1334 675 frigiditas
1383 605 1681 672 caeteroqui
1729 604 1948 658 lcthalis

373 714 573 754 nocere
606 699 794 764 possit.
831 698 1021 753 Itidem
1061 697 1339 752 elleborus
1383 697 1729 752 coturnicum
1789 696 1948 751 cibus

372 801 488 852 est,
532 792 670 845 nihil
716 806 781 845 ex
834 806 900 846 eo
952 791 1289 845 detrimenti‘
1327 790 1665 858 capientium
1720 797 1944 859 propter

371 882 651 953 peculiare
687 882 823 952 ipsis
851 889 1347 951 temperamentum
1371 880 1471 950 (ι).
1498 879 1779 935 interdum
1815 895 1946 935 usu-

371 952 526 1028 venit
551 981 607 1026 ut
630 973 834 1027 eaedem
861 972 1046 1026 herba:
1062 952 1224 1027 nobis
1247 985 1465 1040 quoque
1491 971 1601 1024 sint
1633 970 1790 1035 usui;
1819 984 1942 1024 nam

326 1104 329 1107 λ
371 1081 472 1134 per
505 1066 919 1134 mandragoram
957 1079 1208 1119 somnum
1263 1062 1462 1119 medici
1501 1062 1818 1124 conciliant,
1849 1077 1946 1131 per

369 1173 594 1229 succum
629 1173 659 1212 e
705 1156 995 1227 papaveris
1035 1171 1198 1225 scapo
1238 1156 1414 1210 inciso
1467 1168 1789 1224 expressum
1838 1154 1944 1209 do-

370 1248 520 1304 lores
557 1263 712 1303 acres
757 1249 1223 1319 vehementesque
1274 1247 1519 1317 sopiunt.
1574 1245 1764 1301 Cicuta
1809 1261 1947 1300 non-

369 1339 554 1395 nullos
582 1341 806 1395 insanas
834 1340 1000 1396 etiam
1036 1340 1400 1410 appetitiones
1435 1337 1763 1392 exstinxisse
1785 1351 1944 1392 acce-

367 1432 572 1503 pimus,
592 1442 645 1488 et
661 1433 900 1489 elleboro
915 1434 1113 1487 multos
1128 1433 1416 1487 diuturnos
1435 1431 1657 1487 morbos
1671 1430 1942 1499 abegisse.

2044 427 2270 497 καρδίαν
2309 425 2537 496 πόρους,
2575 423 2872 494 φθάνουσιν
2920 417 3158 487 ἐκπέψαι
3199 417 3262 470 τὸ
3304 412 3611 469 καταποθὲν

2044 521 2178 591 πρὶν
2205 520 2303 591 τὴν
2337 518 2436 573 ἀπ’
2463 517 2627 572 αὑτοῦ
2656 518 2817 587 ψῦξιν
2836 515 2945 570 τῶν
2975 513 3208 581 καιρίων
3234 507 3608 575 καθάψασθαι.

2058 610 2372 682 Ἐλλέσορος
2422 610 2478 665 δὲ
2515 609 2763 681 ὀρτύγων
2814 608 2931 662 ἐστὶ
2978 605 3179 677 τροφὴ,
3223 601 3446 672 ἰδιότητι
3480 591 3641 669 κρά-’

2049 721 2187 767 σεως
2219 703 2319 773 τὴν
2360 700 2566 773 βλάϐην
2595 700 3043 769 ἀποφευγόντων.
3071 696 3229 749 Ἐστι
3260 692 3315 748 δὲ
3346 694 3437 746 καὶ
3474 691 3611 746 αὐτὰ

2050 793 2225 848 ταῦτα
2260 793 2318 846 ἐν
2341 792 2525 862 ’καιρῷ
2575 792 2707 844 ποτὲ
2739 790 2832 843 καὶ
2864 790 2996 857 ἡμῖν
3049 787 3332 856 χρήσιμαο
3383 782 3471 835 διὰ
3518 780 3614 849 μὲν

2045 884 2155 954 γὰρ
2193 882 2288 936 τοῦ
2321 880 2695 952 μανδραγόρου
2727 880 2897 932 ὕπνον
2931 880 2980 931 οἱ
3018 875 3194 946 ἰατροὶ
3223 873 3612 928 καταπάσσου-

2048 988 2152 1037 σιν,
2183 972 2323 1041 ὀπίῳ
2354 970 2411 1024 δὲ
2458 970 2557 1032 τάς
2601 968 2839 1038 σφοδρὰς
2882 964 3077 1029 ὀδύνας
3108 960 3608 1032 κατακοιμίζουσιν.

2049 1066 2191 1136 Ἤδη
2246 1064 2304 1118 δέ
2354 1082 2499 1129 τινες
2550 1063 2628 1134 τῷ
2675 1058 2884 1132 κωνείῳ
2935 1060 3032 1115 καὶ
3088 1059 3149 1113 τὸ
3192 1058 3461 1119 λυσσῶδες
3506 1056 3613 1108 τῶν

2041 1157 2277 1229 ὀρέξεων
2302 1157 2714 1226 κατεμάραναν,
2749 1159 2844 1208 καὶ
2876 1153 2955 1223 τῷ
3001 1152 3271 1222 ἐλλεϐόρῳ
3303 1150 3475 1204 πολλά
3504 1148 3612 1200 τῶν

2042 1250 2273 1321 χρονίων
2308 1250 2498 1305 παθῶν
2522 1249 2940 1320 ὲξεμόχλευσαν,
2968 1246 3110 1301 ὥστε
3138 1246 3168 1299 ὂ
3195 1244 3445 1314 ἐνόμιζες
3467 1245 3611 1315 ἔχειν

2040 1343 2183 1395 κατὰ
2221 1342 2315 1397 τοῦ
2345 1346 2633 1405 κτίσαντος
2664 1341 2942 1412 ἔγκλημα,
2981 1340 3143 1394 τοῦτο
3174 1340 3254 1403 εἷς
3287 1335 3610 1407 προσθήκην

2041 1434 2397 1503 εὐχαριστίας
2433 1434 2840 1504 περιελήλυθεν.

369 1524 491 1592 Quo
524 1524 581 1578 fit
612 1532 671 1580 ut
705 1523 849 1594 quod
885 1523 1399 1594 reprehendendum
1426 1525 1480 1577 in
1518 1532 1766 1578 creatore
1814 1523 2068 1591 putabas,
2116 1527 2289 1596 magis
2334 1535 2388 1583 te
2410 1529 2730 1582 cohortetur
2770 1542 2882 1597 quo
2913 1542 3043 1599 erga
3082 1525 3257 1596 ipsum
3291 1531 3477 1593 gratus
3515 1520 3609 1575 sis.

440 1615 587 1670 Inter
614 1625 841 1670 caeteras
873 1625 1054 1671 autem
1080 1615 1308 1671 arbores
1342 1630 1575 1685 quarum
1605 1615 1938 1669 mentionem

2123 1620 2250 1672 Ἐπὶ
2303 1621 2491 1687 μέντοι
2539 1621 2650 1682 τοῖς
2709 1619 3133 1689 προειρημένοις
3182 1616 3366 1684 φυτοῖς
3421 1613 3515 1666 καὶ
3552 1613 3611 1664 τὸ

368 1706 622 1774 fecimus,
659 1707 823 1762 etiam
856 1707 978 1761 vitae
1025 1707 1446 1777 prudentiaeque
1472 1718 1587 1761 tum
1611 1715 1784 1762 ortam
1821 1721 1941 1761 esse

368 1802 627 1855 arborem
654 1799 927 1869 Josepbus
949 1800 1043 1865 ait,
1068 1814 1166 1870 per
1191 1813 1355 1869 quam
1389 1799 1520 1868 quid
1550 1798 1781 1864 bonum,
1807 1797 1941 1868 quid

372 1892 577 1946 malum
606 1901 766 1957 esset,
799 1893 1232 1962 dignosceretur.
1272 1892 1472 1946 Verum
1519 1891 1649 1945 mali
1698 1890 1941 1959 bonique

369 1984 738 2055 cognitionem
788 1983 950 2037 aliter
997 1981 1421 2054 Chrysostomus
1472 1990 1662 2037 noster
1717 1980 1939 2052 accipit,

370 2076 453 2130 uti
491 2075 654 2145 paulo
678 2082 799 2145 post
827 2074 1121 2145 intelliges.

440 2166 561 2223 Jam
613 2166 682 2222 de
730 2166 1164 2238 proprietatibus
1210 2182 1272 2224 ac
1320 2166 1642 2224 discrimine
1681 2165 1938 2221 arborum

369 2273 536 2329 quam
570 2259 727 2330 longa
762 2259 979 2314 institui
1019 2261 1196 2315 oratio
1229 2260 1439 2331 possit?
1471 2275 1580 2329 quo
1608 2268 1766 2329 pacto
1790 2271 1942 2327 qua:-

371 2351 496 2407 dam
536 2352 606 2407 ab
636 2352 751 2408 sole
775 2363 1206 2424 percoquantur,
1236 2353 1483 2423 quaedam
1526 2352 1666 2406 iutra
1703 2350 1942 2405 cortices

369 2443 570 2500 abditze
596 2445 932 2500 adolescant.
979 2445 1222 2513 Quarum
1273 2455 1426 2501 tener
1476 2445 1684 2500 fructus
1715 2452 1819 2506 est,
1861 2456 1942 2497 ea:

368 2534 628 2591 foliorum
677 2544 892 2605 tegmen
951 2535 1227 2605 quoddam
1285 2549 1529 2589 crassum
1584 2518 1809 2598 habent,
1880 2541 1942 2586 ut

371 2629 510 2685 ﬁcus
539 2644 553 2681 :
586 2643 819 2697 quarum
875 2634 1070 2681 contra
1102 2626 1316 2682 fruetus
1355 2627 1604 2689 solidior,
1641 2625 1707 2680 iis
1734 2626 1939 2680 leviora

368 2729 501 2774 sunt
527 2719 679 2784 folia,
711 2718 856 2789 quod
904 2720 959 2774 in
1008 2719 1241 2775 nucibus
1279 2727 1363 2774 est
1402 2719 1614 2774 videre.
1668 2717 1939 2772 Nimirum

369 2812 448 2866 illi
484 2820 711 2881 propter
739 2810 1079 2866 debilitatem
1110 2824 1263 2865 suam
1297 2809 1548 2864 subsidio
1594 2808 1783 2883 majori
1811 2823 1940 2879 ege-

366 2904 539 2969 bant;
573 2903 660 2958 his
680 2901 907 2958 densius
931 2902 1280 2972 erassiusque
1307 2910 1677 2973 tegumentum
1712 2911 1936 2971 propter

272 3002 279 3011 '
372 2994 624 3049 umbram
698 2994 924 3049 noxium
977 3009 1194 3064 quoque
1264 2993 1473 3049 fuisset.
1531 2994 1745 3049 Folium
1808 2993 1939 3048 vitis

369 3087 535 3143 etiam
567 3097 775 3142 sectum
794 3095 896 3152 est,
947 3095 1007 3140 ut
1057 3102 1201 3141 aeris
1248 3086 1463 3157 injuriis
1486 3086 1754 3141 obsistere
1782 3092 1940 3139 race-

369 3193 496 3233 mus
530 3179 701 3248 possit
727 3187 784 3232 et
843 3193 941 3248 per
971 3178 1136 3232 rimas
1180 3178 1297 3233 illas
1336 3178 1467 3233 solis
1504 3177 1687 3232 radios
1717 3176 1939 3247 largiter

367 3268 639 3339 recipere.

440 3359 710 3415 Praeterea
758 3366 1043 3413 merentur
1098 3357 1519 3412 admirationem
1567 3359 1793 3414 arbores
1827 3370 1936 3413 non

366 3449 546 3505 solum
592 3459 825 3519 propter
869 3449 1099 3513 diversi,
1136 3462 1328 3503 verum
1373 3448 1540 3504 etiam
1567 3449 1813 3521 ejusdem
1842 3464 1940 3520 ge-

367 3540 520 3594 neris
556 3538 834 3594 fructuum
854 3539 1199 3596 discrimina.
1227 3540 1442 3597 Etenim
1473 3542 1608 3597 alias
1633 3543 1687 3596 in
1723 3556 1939 3597 mascu-

367 3628 459 3690 lis.
500 3629 635 3683 alias
684 3628 738 3682 in
779 3628 1001 3687 feminis
1037 3629 1317 3687 fructuum
1355 3642 1515 3686 notas
1545 3640 1851 3701 agnoscunt
1898 3631 1937 3686 ii

368 3718 466 3786 qui
509 3720 766 3777 arborum
830 3721 1186 3774 serend’arum
1241 3719 1402 3790 periti
1445 3728 1594 3776 sunt.
1648 3721 1708 3775 ln
1744 3720 1937 3790 palmis

366 3820 518 3866 certe
546 3810 683 3866 alias
729 3826 927 3877 mares,
964 3812 1098 3883 alias
1143 3811 1374 3868 feminas
1407 3827 1527 3868 esse
1582 3804 1825 3866 tradunt.
1867 3811 1938 3867 Et

320 3922 323 3925 ν
365 3903 515 3975 quod
545 3904 855 3961 inauditum
885 3905 1145 3975 quiddam
1186 3920 1250 3962 ae
1281 3920 1484 3961 novum
1516 3904 1757 3975 est,_13
1782 3919 1937 3960 amor

363 3997 423 4052 in
459 3998 542 4053 eis
571 3999 841 4056 naturalis
867 3999 1109 4054 exsistit.
1160 3996 1374 4068 Quippe
1405 3996 1680 4052 submittit
1709 4011 1768 4051 se
1796 3997 1934 4052 mari

363 4090 594 4156 femina,
631 4091 798 4145 veluti
857 4090 1089 4145 libidine
1140 4089 1375 4158 quadam
1425 4089 1648 4144 incitata
1699 4098 1754 4143 et
1787 4104 1936 4144 com-

362 4181 589 4252 plexum
622 4188 928 4249 expetens:
961 4180 1164 4236 deinde
1195 4181 1347 4251 quasi
1392 4183 1635 4236 sentiens
1683 4182 1934 4236 evenisse

2043 1709 2142 1777 τῆς
2176 1707 2321 1776 ζωῆς
2348 1711 2376 1762 ό
2421 1709 2684 1778 Ἰώσηπος
2710 1707 2809 1761 καὶ
2839 1709 2900 1760 τὸ
2929 1708 3030 1775 τῆς
3061 1706 3380 1776 φρονήσεως
3406 1703 3606 1774 ἔφησεν

2043 1801 2366 1870 ἀναδοθῆναι
2391 1803 2579 1871 φυτὸν,
2607 1795 2650 1867 ᾧ
2679 1802 3099 1869 διαγιγνώσκειν
3125 1799 3179 1852 τί
3212 1816 3270 1852 τε
3304 1800 3366 1850 τὸ
3400 1797 3608 1863 ἀγαθὸν

2042 1897 2127 1966 εἴη
2161 1896 2253 1948 καὶ
2286 1895 2338 1948 τί
2365 1895 2425 1949 τὸ
2472 1895 2660 1956 κακὸν,
2690 1896 2738 1948 εί
2772 1891 2869 1948 καὶ
2894 1892 3017 1947 καθ’
3064 1891 3250 1960 ἕτερον
3278 1888 3609 1957 ἐκλαμϐάνει

2045 1984 2245 2038 σκοπὸν
2296 1987 2325 2039 ὀ
2373 1985 2473 2056 τὴν
2517 1986 2765 2051 γλῶτταν
2811 1984 3047 2054 χρυσοῦς
3073 1983 3133 2035 τὸ
3167 1983 3409 2051 γνωστὸν
3440 1981 3605 2035 καλοῦ

1960 2118 1963 2121 γ
2043 2081 2138 2133 καὶ
2167 2078 2431 2150 πονηροῦ,
2464 2078 2609 2132 καθά
2635 2079 2699 2150 δὴ
2735 2079 2957 2149 μαθήσῃ
2994 2077 3131 2147 μετά
3165 2076 3336 2147 βραχύ
3365 2076 3469 2145 (5).

2116 2172 2251 2243 Περὶ
2281 2172 2337 2224 δὲ
2371 2173 2470 2242 τῆς
2502 2171 2765 2241 ἰδιότητος
2794 2172 2891 2224 καὶ
2920 2171 3184 2239 διαφορᾶς
3215 2168 3323 2222 τῶν
3348 2169 3602 2238 δένδρων,

2041 2262 2096 2316 τί
2118 2261 2185 2317 ἄν
2201 2266 2285 2325 τίς
2301 2261 2444 2315 είτέοι
2472 2262 2591 2324 πῶς
2619 2261 2744 2315 τινὰ
2777 2261 2878 2330 μὲν
2909 2265 3173 2314 πέπτεται
3201 2259 3277 2329 τῷ
3305 2259 3462 2330 ἡλίῳ,
3486 2258 3608 2312 τινὰ

2038 2355 2099 2415 δὲ
2126 2356 2185 2407 ὲν
2208 2354 2451 2424 ἐλύτροις
2480 2353 2873 2422 κεκαλυμμένα
2907 2350 3242 2421 πληροῦται;
3269 2351 3378 2404 Ka't
3399 2344 3474 2402 ὧν
3508 2351 3605 2417 μὲν

2043 2445 2251 2508 ἁπαλὸς
2296 2446 2325 2499 ὀ
2370 2445 2601 2515 καρπὸς,
2636 2443 2782 2512 παχὺ
2823 2442 2917 2495 τοῦ
2958 2441 3159 2509 φύλλου
3201 2440 3263 2492 τὸ
3300 2438 3608 2506 σκεπαστή-

2046 2538 2284 2609 ριον,ὼς
2334 2537 2426 2589 ἐπὶ
2475 2535 2575 2603 τῆς
2626 2534 2820 2596 συκῆς,
2853 2527 2928 2586 ὧν
2967 2533 3025 2585 δὲ
3062 2533 3111 2585 οί
3162 2529 3366 2601 καρποὶ
3417 2546 3608 2595 στεγα-

2043 2629 2288 2700 νώτεροι,
2318 2626 2534 2696 ἐλαφρά
2579 2625 2688 2677 τῶν
2719 2624 2956 2692 ,φύλλων
3084 2621 3343 2693 προϐολὴ,
3392 2620 3466 2681 ὡς
3515 2620 3609 2672 ἐπὶ

2040 2724 2141 2790 τῆς
2176 2719 2409 2790 καρύας,
2437 2721 2519 2773 ὅτι
2557 2720 2746 2771 ἐκεῖνα
2782 2717 2880 2787 μὲν
2907 2716 2993 2771 διὰ
3024 2716 3087 2768 τὸ
3111 2713 3338 2776 ἀσθενὲς
3361 2713 3608 2776 πλείονος

2041 2813 2212 2867 ἐδεῖτο
2259 2812 2360 2880 τῆς
2416 2809 2689 2880 βοηθείας,
2726 2807 2939 2870 τούτοις
2998 2807 3044 2859 δ’
3096 2804 3163 2859 ἂν
3216 2806 3350 2875 πρὸς
3406 2803 3608 2873 βλάϐην

2043 2903 2261 2973 ἐγένετο
2304 2901 2585 2972 παχυτέρα
2632 2900 2665 2968 ἡ
2720 2895 2984 2970 περιϐολὴ
3021 2897 3086 2948 ὲκ
3135 2895 3234 2961 τῆς
3277 2895 3377 2948 ἀπ’
3428 2894 3607 2947 αὐτῶν

2043 2998 2223 3058 σκιᾶς.
2252 2995 2375 3057 Πῶς
2423 2991 2778 3060 κατέσχισται
2822 2989 2923 3060 τῆς
2970 2986 3220 3056 ἀμπέλου
3264 2986 3324 3039 τὺ
3364 2985 3600 3054 φύλλον;

2041 3088 2159 3142 Ἵνα
2192 3087 2286 3140 καὶ
2332 3085 2470 3154 πρὸς
2508 3084 2610 3146 τὰς
2655 3085 2718 3137 ὲκ
2773 3080 2867 3135 τοῦ
2901 3082 3062 3150 ἀέρος
3111 3077 3316 3150 βλάῦας
3344 3080 3373 3133 ὁ
3414 3078 3605 3148 βότρυς
3676 3139 3687 3147 ,

2037 3180 2241 3249 ἀντέχῃ
2264 3179 2363 3232 καὶ
2383 3176 2481 3245 τὴν
2511 3176 2707 3230 ἀκτῖνα
2730 3174 2824 3228 τοῦ
2855 3173 3005 3244 ἡλίου
3036 3172 3124 3227 διὰ
3153 3172 3252 3243 τὴς
3275 3173 3609 3242 ἀραιότητος

2035 3270 2277 3341 δαψιλῶς
2311 3268 2657 3338 ὑποδέχηται.

2106 3362 2410 3432 Θαυμαστὰ
2460 3361 2516 3414 δὲ
2564 3360 2759 3429 δένδρα
2788 3357 2884 3413 καὶ
2928 3359 2989 3413 ού
3038 3359 3198 3430 μόνον
3230 3357 3298 3412 δι’
3322 3360 3389 3431 ῆν
3423 3359 3603 3428 ἔχουσι

2037 3458 2177 3525 πρὸς
2205 3454 2273 3507 τὰ
2306 3438 2599 3523 ἑτερογενῆ
2634 3451 2743 3505 τῶν
2774 3450 3003 3521 καρπῶν
3032 3451 3317 3521 διαφορὰν,
3344 3451 3476 3503 ἀλλὰ
3509 3450 3604 3501 καὶ

2037 3546 2175 3618 πρὸς
2203 3544 2346 3599 αὐτά
2393 3543 2594 3615 δηλαδὴ
2627 3547 2696 3596 τὰ
2729 3542 2988 3612 ὁμογενῆ.
3019 3543 3127 3597 Καὶ
3171 3544 3279 3613 γὰρ
3311 3543 3472 3605 ἄλλος
3505 3542 3602 3609 μὲν

2036 3634 2324 3706 χαρακτὴρ
2365 3634 2457 3687 τοῦ
2481 3633 2694 3700 καρποῦ
2737 3631 2846 3687 τῶν
2885 3633 3153 3704 ἀρρένων,
3201 3633 3361 3696 ἄλλος
3405 3632 3461 3684 δὲ
3494 3633 3602 3684 τῶν

2037 3726 2267 3797 θηλειῶν
2317 3726 2471 3795 παρά
2523 3727 2635 3787 τοῖς
2693 3726 3021 3795 φυτουργοῖς
3077 3725 3444 3795 διακέκριται.
3493 3723 3602 3777 Kal.

2035 3820 2233 3881 αὐτοὺς
2266 3817 2375 3888 γὰρ
2404 3818 2531 3880 τοὺς
2562 3816 2815 3887 φοίνικας
2844 3817 2925 3879 είς
2969 3817 3206 3889 apem;
3255 3818 3350 3869 καὶ
3377 3816 3599 3886 θηλείας

2034 3910 2312 3965 διιστῶσι’
2358 3912 2454 3963 καὶ
2500 3909 2562 3962 τὸ
2607 3908 2930 3979 παράδοξον,
2984 3909 3127 3978 ἔρως
3180 3911 3410 3976 φυσικὸς
3468 3909 3599 3975 παρ’

2035 4003 2242 4065 αὐτοῖς.
2270 4000 2607 4055 ’Υποκύπτει
2637 4001 2748 4070 γὰρ
2774 4001 2806 4071 ή
2835 3999 3024 4071 θήλεια
3055 4000 3132 4070 τῷ
3163 4001 3355 4072 ἄρρενι
3382 4000 3601 4072 ὁργῶσα

2034 4095 2238 4167 τρόπον
2297 4092 2422 4148 τινὰ
2474 4093 2571 4147 καὶ
2619 4092 2719 4162 τῆς
2778 4091 3099 4162 συμπλοκῆς
3162 4092 3446 4163 ὲφιεμένη.
3507 4093 3602 4145 καὶ

2035 4186 2208 4248 οὕτως
2240 4179 2354 4238 οἷον
2405 4186 2464 4237 ὲν
2513 4183 2766 4254 αἰσθήσει
2800 4183 2899 4253 τῆς
2935 4183 3295 4247 ἀπολαύσεως
3343 4182 3600 4251 γεγονυῖα

362 4272 470 4329 sibi
505 4272 823 4327 fruitionem
857 4271 977 4342 ejus
1000 4273 1144 4341 quod
1164 4271 1476 4341 expetebat,
1505 4287 1722 4326 rursum
1751 4286 1932 4327 ramos

2040 4277 2132 4330 καὶ
2169 4274 2490 4345 άνορθοῦται
2544 4275 2709 4328 πάλιν
2754 4276 2882 4337 τοὺς
2934 4276 3167 4339 κλάδους
3215 4277 3308 4328 καὶ
3358 4276 3494 4346 πρὸς
3542 4275 3602 4329 τὸ

361 4362 615 4433 erigitac
647 4363 887 4431 priorem
914 4362 981 4417 ad
1024 4361 1255 4418 formam
1309 4361 1471 4416 redit.
1526 4362 1713 4417 Solent
1740 4373 1795 4417 et
1832 4379 1931 4418 cu-

362 4463 577 4510 ratores
621 4454 884 4508 arhorum
928 4452 1060 4509 ﬁcos
1103 4453 1382 4508 silvestres
1433 4453 1790 4509 bortensibus
1838 4454 1935 4508 ad-

359 4547 611 4617 jungere,
635 4561 747 4615 quo
770 4546 984 4601 fructus
1012 4560 1201 4600 earum
1235 4545 1361 4600 inde
1385 4544 1598 4600 dulcior
1623 4545 1885 4602 reddatur
1914 4564 1928 4600 :

361 4651 490 4690 nam
550 4636 598 4691 si
650 4635 782 4707 quid
832 4636 887 4690 in
942 4636 1297 4691 bortensibus
1339 4645 1424 4691 est
1481 4637 1818 4701 acerbitatis,
1873 4637 1927 4691 id

361 4729 600 4785 obscura
633 4730 869 4799 quadam
917 4731 1132 4785 ratione
1170 4729 1238 4783 ad
1270 4729 1551 4785 silvestres
1587 4736 1739 4784 velut
1786 4730 1936 4785 able-

360 4832 540 4891 gatur.
577 4822 769 4878 Itidem
818 4823 956 4877 ficos
1017 4822 1338 4877 immaturos
1384 4822 1499 4877 sive
1541 4836 1762 4891 grossos
1807 4820 1935 4877 alli-

362 4925 557 4985 gantes
586 4916 863 4987 frugiferis
896 4923 951 4971 et
983 4914 1336 4970 bortensibus
1360 4916 1664 4980 medentur,
1698 4929 1807 4985 quo
1841 4918 1940 4970 mi-

363 5023 471 5062 nus
498 5022 688 5065 carum
721 5007 935 5063 fructus
957 5008 1281 5063 delabantur
1302 5017 1466 5076 atque
1486 5017 1734 5077 pereant.
1761 5009 1939 5078 Atque

361 5100 481 5155 hate
499 5098 611 5154 fieri
634 5100 816 5171 opifex
833 5101 935 5155 hoc
955 5100 1114 5155 modo
1134 5098 1327 5164 voluit,
1343 5099 1673 5154 abhorrente
1695 5101 1927 5168 quadam

360 5195 573 5249 ratione
620 5192 692 5248 ab
756 5193 1040 5248 hominum
1091 5191 1387 5261 opinione,
1443 5198 1503 5244 ut
1561 5200 1616 5245 et
1673 5207 1777 5247 nos
1832 5193 1929 5248 ali-

360 5286 583 5357 quando
613 5285 819 5341 nostris
872 5286 942 5341 ab
985 5281 1318 5338 adversariis
1367 5280 1435 5336 ad
1470 5280 1691 5337 virtutis
1723 5283 1930 5338 cultum

361 5382 689 5436 excitemur.
744 5379 881 5435 Nam
914 5378 1098 5434 videre
1132 5386 1217 5433 est
1262 5389 1373 5431 non
1401 5377 1624 5446 ‘paucos
1668 5390 1737 5431 ex
1796 5376 1930 5449 legis

467 5527 508 5578 il
534 5524 821 5578 Lucretius
852 5540 867 5576 :

467 5527 486 5577 ί
534 5525 609 5577 Lu
651 5525 867 5578 retius:

431 5525 736 5648 (Ilraatgrea
779 5593 922 5648 nobis
952 5600 1219 5647 veratrum
1269 5598 1343 5645 est
1372 5604 1491 5644 acre
1525 5601 1777 5642 venenum
1802 5605 1815 5653 ;

468 5665 535 5717 Αι
563 5666 734 5719 cumis
765 5667 939 5719 adives
974 5674 1019 5723 ct
1044 5663 1393 5717 rolurnicibus
1424 5666 1598 5730 auget.

2042 4371 2305 4440 πρότερον
2327 4368 2761 4423 ἀποκαθίσταται
2789 4367 2997 4437 σχῆμα.
3044 4366 3191 4420 Ἀλλ’
3222 4368 3271 4419 οἱ
3296 4366 3404 4420 τῶν
3428 4367 3603 4420 τοιού-

2039 4480 2149 4515 των
2204 4460 2539 4532 θεραπευταὶ
2600 4461 2693 4514 καὶ
2753 4462 2926 4523 συκᾶς
2970 4460 3165 4528 ἀγρίας
3207 4462 3325 4521 ταῖς
3377 4460 3603 4529 ἡμέροις

2039 4551 2543 4625 παραφυτεύουσιν,
2580 4550 2677 4615 ὡς
2709 4550 2962 4604 ἐντεῦθεν
3008 4550 3100 4602 τὸν
3151 4549 3363 4620 καρπὸν
3418 4549 3601 4605 αὐτῶν

2037 4646 2371 4716 γλυκύτερον
2426 4643 2713 4713 γίνεσθαιο
2763 4643 2817 4696 εί
2842 4661 2894 4696 τι
2930 4643 3024 4697 καὶ
3072 4642 3183 4712 γὰρ
3227 4643 3337 4705 τοῖς
3372 4643 3601 4713 ἡμέροις

2034 4738 2363 4809 δριμύτερον
2420 4741 2713 4807 πρόσεστι,
2775 4734 2915 4803 πρὸς
2980 4734 3074 4796 τάς
3136 4734 3335 4804 ἀγρίας
3394 4734 3601 4802 ἀδήλως

2035 4829 2403 4897 ἐκπέμπεται.
2440 4826 2551 4881 Καὶ
2600 4825 2727 4887 τοὺς
2779 4824 3037 4886 ὀλύνθους
3093 4822 3150 4876 δὲ
3199 4822 3600 4892 προσδήσαντες

2035 4922 2145 4973 τῶν
2204 4919 2500 4991 εὐκάρπων
2561 4918 2653 4971 καὶ
2695 4916 2919 4987 ἡμέρων
2986 4917 3168 4968 συκῶν
3221 4917 3321 4982 τὴν
3376 4914 3598 4968 ἀτονίαν
3686 4970 3695 4975 ,

2042 5012 2249 5077 ἰῶνται,
2285 5010 2475 5082 ῥέοντα
2513 5009 2614 5080 ἤδη
2648 5009 2742 5062 καὶ
2785 5005 3215 5075 σκεδαννύμενον
3260 5005 3349 5058 τὸν
3388 5007 3600 5073 καρπὸν

2034 5105 2147 5168 τοῖς
2187 5103 2428 5166 ὀλύνθοις
2469 5102 2776 5171 ἐπέχοντες.
2831 5098 3015 5151 Ταῦτα
3034 5097 3149 5167 ξμὲν
3175 5092 3269 5150 οὖν
3306 5099 3333 5149 ὁ
3367 5098 3600 5167 ποιητὴς

2036 5195 2217 5249 αὐτῶν
2242 5192 2385 5248 οὕτω
2427 5191 2746 5263 παραδόξως
2769 5188 3017 5258 γίνεσθαι
3060 5188 3506 5258 συγκεχώρηκεν,
3525 5188 3599 5250 ὡς

2038 5285 2135 5340 καὶ
2157 5288 2303 5357 ἡμᾶς
2339 5286 2599 5348 πολλάκις
2632 5285 2697 5336 ἐκ
2739 5281 2848 5334 τῶν
2901 5281 3295 5349 ἀντικειμένων
3348 5283 3482 5350 ἡμῖν
3511 5280 3601 5333 εύ-

2037 5377 2222 5433 τονίαν
2256 5378 2555 5446 λαμϐάνειν
2597 5375 2734 5445 πρὸς
2777 5372 2947 5443 αὑτήν
2994 5389 3057 5440 γε
3105 5372 3214 5425 τῶν
3257 5373 3466 5443 ἀρετῶν
3503 5372 3600 5442 τὴν
3669 5444 3673 5447 _

2113 5519 2191 5592 (5)
2235 5520 2360 5573 Ἐπὶ
2385 5518 2590 5590 μέντοι
2618 5560 2629 5574 .
2660 5559 2672 5573 .
2711 5559 2723 5572 .
2754 5558 2767 5574 .
2788 5514 2938 5588 μετὰ
2980 5513 3201 5583 βραχύ.
3232 5515 3310 5569 Ex
3339 5512 3402 5570 V.
3459 5515 3598 5572 Dee-

2036 5601 2157 5647 rant
2185 5592 2238 5646 in
2277 5591 2419 5646 aliis.
