3968 6228
1152 192 1251 201 ἐιη-ι
1322 188 1374 201 ιβ

2876 238 2937 248 ...η
2955 244 2958 248 ,
2973 240 3073 271 ἴση
3090 242 3195 250 πνμ
3246 244 3251 248 .

395 298 458 361 bl
1686 295 2099 358 MICHAELIS
2136 299 2405 360 GLYCAi‘
3550 298 3638 361 52‘

393 406 750 463 sublimitatis
776 413 863 462 cst
891 416 950 463 ut
976 407 1118 479 apud
1144 414 1329 477 poetas
1349 403 1479 462 coeli
1512 403 1764 460 columna
1806 417 1966 457 voce-

2083 405 2141 470 ὒς
2173 410 2268 460 καὶ
2302 410 2455 461 κίονα
2507 405 2601 460 τού
2643 408 2877 481 ούρανοῦ
2905 407 3056 479 παρὰ
3097 407 3212 471 τοῖς
3245 406 3500 477 ποιηταῖς
3537 407 3640 461 λέ·-

397 511 503 553 tur.
563 496 732 553 Nemo
779 500 1041 555 verticem
1088 493 1225 570 ejus
1266 498 1403 554 vidit
1450 504 1744 567 propterea
1802 495 1953 565 quod

396 591 483 644 illa
521 590 647 644 nive
680 599 820 644 tecta
874 595 966 646 sit.
1019 593 1144 646 Htec
1176 589 1495 644 Thcodoriti
1528 596 1608 644 est
1659 585 1953 641 sententia.

395 681 617 749 Magnus
643 691 824 735 autem
856 682 1087 736 Basilius
1117 688 1303 734 noster
1346 678 1524 748 inquit
1564 686 1712 732 recte
1749 677 1957 730 dictum

309 766 318 773 ’
396 774 450 827 ἰιι
480 774 863 828 collectionem
902 788 1087 828 unam.
1136 772 1269 826 Nam
1304 780 1365 824 ut
1401 786 1541 840 aqua
1586 767 1869 826 conﬂuens
1894 783 1959 821 ea

394 866 512 919 loca
563 881 673 919 non
733 866 1076 934 demergeret
1128 879 1157 916 a
1218 863 1418 932 quibus
1489 860 1792 930 recipitur,
1860 874 1963 914 nec

397 971 615 1022 semper
648 957 804 1024 quasi
839 954 1245 1025 progrediendo
1296 952 1509 1022 aliaque
1537 961 1660 1021 post
1704 951 1809 1005 alia
1845 950 1960 1003 loca

397 1043 660 1113 replendo
725 1044 937 1098 tandem
995 1042 1289 1105 continuo,
1326 1049 1505 1096 tractu
1583 1040 1959 1096 continentem

399 1137 708 1189 universam
745 1135 1058 1197 inundaret,
1092 1134 1297 1189 idcirco
1331 1133 1469 1187 dixit
1499 1133 1684 1186 Deus:
1715 1148 1732 1182 ι
1758 1128 1963 1185 Coeant

398 1242 553 1295 aqua:
604 1242 767 1279 unam
802 1226 857 1279 in
911 1225 1288 1279 collectionem
1315 1226 1381 1287 ιο,
1414 1243 1432 1276 ι
1479 1224 1585 1279 hoc
1628 1233 1732 1285 est,
1760 1222 1829 1276 ab
1862 1222 1965 1275 hac

398 1332 537 1385 aqua
568 1318 713 1370 nulla
733 1332 791 1371 se
820 1329 1085 1386 si‘grcget,
1115 1316 1208 1370 sed
1228 1315 1374 1384 quod
1415 1317 1576 1371 modo
1605 1315 1878 1384 colligitur
1908 1313 1965 1367 in

400 1408 500 1460 hac
532 1409 706 1475 prima
737 1407 1063 1461 collectione
1093 1409 1369 1477 persistat.
1398 1405 1488 1463 Sic
1508 1417 1562 1462 et
1588 1405 1968 1462 Salomonicus

401 1499 494 1551 ille
560 1500 919 1552 concionator
982 1499 1162 1568 inquit
1215 1516 1231 1553 :
1274 1518 1293 1552 ι
1329 1503 1528 1554 Omnes
1587 1504 1861 1553 torrentes
1911 1499 1968 1551 in

400 1603 550 1642 mare
601 1598 852 1659 pergunt,
910 1606 1084 1659 neque
1140 1598 1322 1646 tamen
1369 1590 1575 1645 idcirco
1624 1604 1773 1644 mare
1823 1603 1973 1643 com-

401 1681 671 1749 pletur”.
705 1698 725 1732 ι
761 1680 897 1735 Nam
956 1683 1131 1750 ipsam
1187 1696 1405 1752 quoque
1465 1679 1764 1735 ﬂuxionem
1813 1694 1968 1735 suam

402 1787 555 1839 aquae
592 1771 696 1825 hoc
732 1787 797 1825 ex
845 1748 1101 1827 mandato
1137 1748 1228 1827 Dei
1279 1748 1587 1831 consecuta:
1643 1780 1793 1835 sunt,
1847 1785 1973 1826 cum
2003 1748 2046 1802 Β

403 1864 611 1916 diceret
641 1883 652 1916 :
688 1882 707 1914 ‹
747 1863 954 1918 Coeant
984 1864 1200 1934 aquanjo
1232 1864 1312 1918 Ab
1339 1864 1530 1918 eadem
1566 1864 1685 1933 lege
1721 1863 1972 1933 principe

403 1956 711 2023 profectum
765 1964 851 2009 est
880 1956 1023 2024 quod
1064 1955 1206 2008 intra
1261 1955 1464 2011 limites
1515 1969 1647 2010 suos
1678 1969 1827 2008 mare
1867 1953 1977 2008 cir-

407 2044 801 2113 cumscriptum
866 2053 1072 2099 manet.
1123 2044 1362 2101 Adverte
1425 2044 1688 2107 animum,
1731 2043 1805 2097 mi
1852 2041 1974 2097 ﬁli:

2065 500 2259 567 γεσθαι
2286 516 2302 533 ο
2338 494 2399 553 οὗ
2418 501 2518 569 τὴν
2548 500 2792 568 κεφαλὴν
2829 500 3007 563 οὐδεὶς
3034 497 3247 568 ἑώρακε
3281 496 3369 551 διὰ
3397 497 3457 551 τὸ
3487 498 3635 567 χιόνι·

2065 592 2458 647 καλύπτεσθαι.
2502 593 2612 646 Καὶ
2668 591 2815 645 οὕτω
2852 592 2949 661 μὲν
2997 591 3025 644 ὁ
3075 588 3393 660 διαληφθεὶς
3422 579 3627 643 Θέοδὼ-

2069 701 2252 755 ρητος,
2277 684 2306 736 ό
2342 683 2399 735 δὲ
2432 683 2607 751 μέγας
2633 681 2911 744 Βασίλειός
2942 696 3107 748 φησιν
3140 680 3223 734 ὅτι
3254 677 3436 743 καλῶς
3468 675 3641 731 εἶπεν

2042 777 2146 838 ἐἰς
2212 775 2342 845 μίαν
2390 775 2738 844 συναγωγήν.
2788 772 2906 827 Ἰνα
2957 772 3067 842 γὰρ
3124 772 3200 843 μη
3257 771 3321 825 τὸ
3374 771 3629 844 ἐπιρρέον

2068 867 2210 936 ὕδωρ
2262 867 2374 920 τῶν
2436 866 2740 936 δεχομένων
2796 865 2927 933 αύτδ
2964 863 3177 934 χωρίων
3229 862 3628 932 ὑπερχεόμενον

2072 958 2421 1029 μετεκϐαίνοι
2450 959 2537 1024 ἂν,
2566 958 2660 1011 καὶ
2701 956 2839 1012 ἄλλα
2883 956 2943 1020 ἐξ
2970 956 3148 1011 ἄλλων
3176 954 3421 1024 πληροῦν
3450 954 3631 1006 πᾶσαν

2070 1050 2209 1104 κατὰ
2261 1051 2321 1103 τὸ
2371 1049 2591 1118 συνεχὲς
2642 1048 2915 1120 ὲπικλύση
2966 1047 3066 1117 τὴν
3112 1047 3413 1116 ἦπειρον,‹
3450 1045 3625 1097 Συνα-

2077 1143 2263 1214 χθήτω
2309 1142 2378 1193 τὰ
2408 1139 2577 1194 ὕδατα
2625 1158 2644 1192 ι
2680 1136 2837 1193 εἶπεν
2864 1156 2882 1190 ι
2920 1138 3004 1199 εις
3052 1138 3381 1204 συναγωγὴν
3415 1133 3565 1203 μίαν.
3608 1150 3627 1183 ι

2070 1232 2351 1286 τουτέστιν
2374 1231 2506 1299 άλλη
2538 1229 2646 1283 ἀπὸ
2676 1229 2883 1299 ταύτης
2927 1227 3004 1296 μὴ
3050 1223 3482 1295 ἀπογευηθήτω,
3511 1222 3632 1276 ἀλλ’

2072 1326 2131 1377 ὲν
2155 1326 2223 1392 τῇ
2259 1321 2448 1392 πρώτῃ
2482 1320 2714 1388 συλλογῇ
2762 1316 3120 1386 ἀπομεινάτω
3148 1315 3211 1367 τὸ
3242 1313 3632 1381 συναγόμενον.

2072 1415 2232 1468 Κατὰ
2256 1411 2413 1466 τοῦτο
2437 1409 2534 1464 καὶ
2562 1413 2589 1463 ὁ
2633 1407 3077 1479 Ἐκκλησιαστής
3114 1420 3287 1474 φησιν
3318 1404 3403 1456 ὃτι
3438 1401 3636 1462 πάντες

2074 1509 2125 1560 οί
2172 1505 2463 1576 χείμαρροι
2509 1500 2838 1572 πορεύονται
2887 1501 2967 1562 είς
3003 1497 3102 1569 τὴν
3133 1497 3437 1569 θάλασσαν,
3478 1492 3575 1547 καὶ
3602 1494 3636 1562 ἡ

2076 1598 2319 1652 θάλασσα
2365 1596 2465 1649 ούκ
2514 1592 2681 1647 ἐστιν’
2716 1589 3129 1660 ἐμπιπλαμένη,
3182 1586 3370 1657 ἐπειδὴ
3429 1587 3523 1639 καὶ
3576 1586 3636 1638 τὸ

2078 1694 2193 1762 ῥεῖν
2232 1690 2347 1751 τοῖς
2385 1687 2541 1742 ὕδασι
2591 1686 2679 1740 διὰ
2719 1685 2781 1738 τὸ
2829 1683 2975 1737 θεῖον
3009 1681 3370 1749 πρόσταγμιν
3413 1695 3431 1728 ι
3469 1677 3647 1730 Συναο.

2075 1786 2263 1858 χθήτω
2315 1802 2334 1836 ι
2373 1783 2483 1852 γάρ
2520 1798 2654 1850 φησι
2704 1799 2723 1831 ι
2765 1781 2834 1833 τὰ
2878 1778 3069 1831 ὕδατα.
3109 1794 3128 1828 ι
3164 1776 3277 1828 Καὶ
3316 1773 3378 1826 τὸ
3424 1775 3555 1825 εἵσω
3585 1772 3642 1824 δὲ

2074 1877 2184 1931 τῶν
2208 1877 2349 1946 ὅρων
2404 1871 2849 1943 περιγεγράφθαι
2897 1870 2997 1938 τὴν
3051 1866 3326 1921 θάλασσαν
3374 1865 3484 1919 ἀπὸ
3539 1864 3638 1933 τῆς
3747 1915 3758 1929 ,

2075 1969 2301 2037 πρώτης
2357 1964 2678 2034 νομοθεσίας
2719 1961 2860 2014 ἐστί.
2892 1959 3160 2029 Πρόσεχε,
3201 1956 3479 2026 ἀγαπητέ.
3507 1956 3612 2007 Συν

2075 2059 2214 2129 ήχθη
2264 2058 2325 2111 τὸ
2376 2054 2520 2123 ὕδωρ
2556 2055 2636 2116 εἰς
2682 2051 3009 2121 συναγωγὴν
3068 2048 3219 2120 μίαν,
3263 2048 3361 2101 καὶ
3406 2045 3561 2116 ὤφθη
3608 2048 3655 2117 ἡ.

407 2154 429 2186 c
470 2135 682 2191 Coactae
717 2146 864 2201 sunt,
899 2137 978 2190 ait
1015 2136 1214 2200 Moses,
1269 2150 1432 2190 unam
1485 2135 1541 2189 in
1592 2133 1976 2190 collectionem

2083 2151 2238 2221 ξηρά.
2271 2169 2290 2203 ι
2338 2146 2557 2216 Ἐπειδὴ
2606 2146 2714 2213 γὰρ
2768 2143 3001 2212 ἀόρατος
3050 2136 3118 2212 ἦν
3162 2140 3195 2209 ὴ
3253 2138 3326 2207 γῆ
3373 2138 3469 2191 καὶ
3515 2137 3644 2191 ἀκαθ-

406 2242 583 2294 aquaz,
633 2242 696 2282 ac
747 2227 954 2283 siccum
1007 2228 1269 2297 apparuit
1303 2228 1367 2279 ιθ.
1409 2245 1428 2279 ι
1456 2225 1596 2292 Quia
1639 2225 1783 2278 enim
1835 2232 1979 2279 terra

2083 2242 2447 2302 τασκεύαστος
2493 2237 2590 2291 ἆτε
2624 2235 2720 2288 τοῦ
2758 2233 2954 2296 ὓδατος
3003 2227 3436 2294 ἐπιπολάζοντος
3476 2228 3639 2297 αὐτῇ,

407 2319 558 2370 ecrni
595 2333 701 2371 non
736 2327 968 2386 poterat,
1003 2327 1059 2372 et
1093 2319 1245 2373 rudis
1274 2332 1338 2372 ac
1372 2316 1626 2372 informis
1675 2325 1814 2382 erat,
1848 2316 1979 2369 dum

2083 2335 2165 2389 διὰ
2184 2332 2340 2387 τοῦτο
2363 2332 2424 2385 τὸ
2459 2328 2603 2398 ὕδωρ
2634 2325 2878 2396 συνήχθη
2924 2326 3006 2388 είς
3031 2325 3129 2386 τὰς
3171 2321 3497 2388 συναγωγὰς
3542 2319 3643 2373 αὐ-

412 2410 469 2462 in
517 2411 636 2480 ejus
680 2410 970 2480 superﬁcie
1005 2409 1247 2464 ﬂuitaret
1284 2424 1449 2479 aqua,
1504 2418 1796 2478 praptcrea
1850 2421 1981 2464 suas

2083 2424 2197 2488 τοῦ,
2221 2425 2315 2478 καὶ
2361 2422 2533 2484 οὕτως
2572 2417 2746 2488 ὁρατὴ
2785 2416 3012 2485 γέγονεν
3056 2416 3098 2485 ἡ
3142 2413 3375 2483 ἀόρατος
3418 2407 3554 2464 οὖσα
3576 2411 3640 2463 τὸ

411 2500 467 2554 iu
523 2499 872 2556 collectiones
918 2517 1060 2570 aqua
1119 2510 1308 2556 coacta
1355 2500 1507 2557 cerni
1554 2499 1772 2554 tandem
1815 2498 1981 2568 coepit

2083 2517 2368 2587 πρότερον.
2402 2513 2537 2565 Τότε
2570 2511 2656 2580 δὴ,
2690 2508 2811 2562 τότε
2838 2507 2936 2560 καὶ
2968 2506 3159 2575 φυτοῖς
3182 2502 3454 2565 παντοίοις
3487 2501 3644 2555 ἐκαλι-

411 2604 556 2661 terra
602 2594 756 2662 prius
797 2592 1229 2663 inaspectabilis.
1282 2591 1402 2658 Quo
1454 2590 1675 2660 quidem
1735 2599 1981 2659 tempore

2083 2608 2348 2673 λωπίζετο
2379 2604 2510 2674 θείῳ
2547 2601 2958 2672 προστάγματι,
2985 2596 3064 2662 ὡς
3096 2594 3306 2651 ἄνωθεν
3333 2592 3589 2665 εἴρηται..

412 2684 670 2738 mandato
701 2683 890 2738 divino
919 2694 1181 2739 exornata
1209 2692 1294 2739 est
1328 2682 1645 2753 omnigenis
1692 2681 1981 2751 stirpibus,

414 2774 494 2829 uti
525 2790 688 2843 supra
735 2774 1137 2831 iudicabamus.
1828 2846 1833 2850 Α

484 2864 689 2931 Quodsi
738 2867 904 2921 etiam
960 2869 1180 2938 quaeris,
1218 2871 1582 2939 Quamobrem
1629 2868 1703 2923 ita
1744 2869 1989 2938 particu-

417 2956 570 3010 latim
606 2965 751 3010 terra
777 2974 935 3014 suum
965 2971 1351 3014 ornamentum
1404 2968 1701 3015 consecuta
1729 2960 1824 3025 sit,
1875 2974 1981 3013 non

2093 2946 2316 3035 μέροςή
2348 2960 2421 3029 γῆ
2448 2958 2539 3011 τὸν
2588 2955 2789 3009 οἰκεῖον
2816 2951 3033 3021 ἐδέχετο
3066 2949 3273 3016 κόσμον
3312 2945 3409 3000 καὶ
3450 2944 3552 2998 οὐκ
3589 2941 3649 3035 εξ

360 3037 364 3042 ’
417 3048 603 3102 statim
635 3049 703 3103 ab
727 3049 887 3105 initio
905 3066 1126 3119 prorsus
1148 3052 1215 3106 ab
1238 3051 1495 3107 omnibus
1527 3053 1692 3107 rebus
1718 3051 1981 3105 instructa

2090 3033 2261 3127 ἀρχῆς
2288 3052 2461 3137 αὐτῆς
2482 3042 2867 3117 ἀπηρτισμένη
2916 3039 3223 3137 παρήγετο,
3255 3037 3365 3105 ἐγώ
3396 3052 3482 3089 σοι
3516 3033 3648 3136 ὲρέἷ),
3724 3110 3727 3113 Ι

2157 2873 2223 2925 Et
2280 2870 2337 2923 δὲ
2394 2865 2489 2920 καὶ
2547 2863 2690 2926 τίνος
2741 2860 2933 2914 ἕνεκεν
2989 2856 3271 2926 ἐπιζητεῖς
3326 2852 3470 2906 οὕτω
3509 2850 3662 2904 κατὰ·
3762 2880 3765 2881 ν

424 3140 527 3208 15
556 3140 840 3208 prodierit,
880 3143 1137 3210 equidem
1170 3143 1291 3213 ejus
1323 3142 1423 3197 tibi
1455 3142 1533 3197 rei
1559 3156 1777 3197 causam
1812 3141 1989 3210 expli-

417 3231 578 3295 cabo,
604 3231 689 3285 vel
718 3234 900 3300 potius
929 3248 1041 3287 non
1070 3249 1193 3304 ego,
1233 3233 1326 3288 sed
1372 3234 1616 3290 Joannes
1662 3232 1991 3302 Cbrysosto-

420 3335 565 3375 Inus.
600 3322 734 3376 Nam
761 3338 883 3377 cum
910 3332 1056 3377 terra
1085 3324 1156 3378 sit
1185 3339 1385 3393 parens
1413 3333 1468 3378 et
1493 3324 1655 3377 altrix
1683 3323 1990 3386 lmminum,

421 3413 642 3480 quando
679 3430 745 3468 ex
778 3429 842 3468 ea
868 3415 1052 3469 cuncti
1092 3422 1223 3469 sunt
1255 3414 1363 3467 orti
1393 3421 1448 3467 et
1494 3413 1550 3466 in
1578 3428 1697 3467 eam
1735 3413 1989 3476 redeunt,

421 3510 476 3555 et
507 3509 725 3571 quando
763 3520 824 3559 ea
855 3504 1105 3572 quamvis
1147 3505 1387 3558 fructum
1431 3504 1588 3558 nobis
1631 3503 1876 3572 largitur,
1924 3517 1992 3555 ne

376 3580 393 3599 ί
424 3591 503 3646 illi
553 3593 735 3645 omnia
794 3592 1190 3659 tribuerentur,
1243 3607 1417 3663 eaque
1465 3592 1535 3647 de
1595 3607 1760 3647 causa
1815 3593 1996 3647 cultus

424 3681 649 3750 quidam
683 3682 971 3739 accederet
994 3693 1254 3754 tanquam
1281 3683 1334 3738 vi
1374 3682 1747 3751 facultateque
1790 3698 1889 3738 sua
1917 3692 2008 3751 tot,

427 3772 571 3827 bona
600 3772 760 3827 nobis
780 3772 1101 3843 proferenti,
1137 3773 1342 3829 idcirco
1384 3764 1530 3829 Deus
1581 3773 1728 3827 illam
1758 3772 1994 3842 primum

433 3878 576 3933 aqua
608 3864 739 3935 tegit
765 3873 823 3921 et
867 3866 1180 3922 inornatam
1205 3866 1506 3936 rudemque
1549 3865 1769 3931 condit;
1799 3864 1997 3919 deinde

429 3970 626 4025 aquam
660 3956 717 4011 in
750 3957 1126 4013 collectionem
1162 3972 1326 4011 unam
1350 3956 1514 4028 cogit,
1539 3964 1706 4025 atque
1737 3955 1843 4010 hoc
1882 3963 2002 4009 tant

429 4045 556 4099 dem
585 4047 745 4100 modo
773 4056 977 4102 terram
1013 4047 1265 4102 instruit.
1751 4112 1761 4119 .

503 4136 618 4192 Hoc
641 4138 805 4192 etiam
836 4154 864 4191 a
899 4138 1061 4194 nobis
1095 4138 1298 4208 inquiri
1329 4138 1566 4210 pretium
1591 4153 1771 4208 Operae
1802 4136 1996 4200 fuerit,

436 4231 657 4285 ubinam
709 4244 850 4299 aqua
883 4230 1114 4285 collecta
1153 4228 1344 4297 fuerit,
1376 4239 1435 4285 ut
1463 4230 1673 4286 siccum
1731 4228 2000 4297 deinceps

435 4322 873 4391 conspiceretur,
926 4322 971 4376 si
1025 4321 1248 4391 quidem
1300 4322 1556 4376 universa
1602 4330 1760 4376 terra:
1815 4335 2002 4390 super-

2092 3123 2291 3215 pvillov
2329 3142 2384 3195 δὲ
2412 3127 2524 3192 ὀὐκ
2557 3134 2687 3202 ἐγὼ,
2729 3132 2847 3185 ἀλλ’
2892 3134 2920 3184 ὁ
2962 3131 3061 3200 τὴν
3103 3128 3347 3196 γλῶτταν
3396 3123 3649 3215 χρυσούς.

2101 3234 2321 3304 ,Επειδὴ
2354 3229 2529 3299 γὰρὴ
2576 3227 2648 3296 γῆ
2695 3226 2879 3294 μήτηρ
2932 3219 3089 3292 ἡμῶν
3123 3220 3239 3272 ἔστι
3294 3218 3390 3271 καὶ
3430 3214 3659 3286 τροφὸς.

2092 3326 2277 3394 ἐπειδὴ
2309 3323 2507 3381 πάντες
2551 3317 2609 3382 ἐξ
2657 3314 2829 3380 αὐτῆς
2858 3311 3181 3389 γεγένηνται
3229 3310 3322 3362 καὶ
3369 3308 3451 3370 εἰς
3481 3304 3646 3371 αὐτὴν

2092 3416 2248 3480 αὖθις
2278 3411 2721 3480 ἐπιστρέφουσιν,
2758 3402 2949 3471 ἐπειδὴ
2981 3403 3163 3455 πᾶσαν
3193 3399 3488 3454 ἀπολαύειν
3517 3397 3647 3464 ἡμῖν

2091 3510 2227 3577 α’ύτη
2257 3504 2562 3577 χαρίζεται,
2596 3500 2685 3551 ἵνα
2721 3496 2795 3566 μὴ
2829 3495 2890 3548 τὸ
2921 3495 3032 3546 πᾶν
3062 3492 3199 3561 αὐτῇ
3247 3489 3471 3558 λογισθῇ
3518 3487 3652 3577 κάν-

2092 3573 2288 3653 τεῦθνεν
2320 3573 2485 3655 σέὸας
2519 3590 2657 3658 αὐτῇ
2689 3584 2997 3657 προσταχθῇ,
3025 3583 3257 3650 δυνάμει
3284 3577 3448 3646 δῆθεν
3482 3573 3655 3644 οἰκείᾳ

2094 3687 2361 3746 τοσούτων
2388 3680 2604 3751 ἀγαθῶν
2638 3678 2773 3748 ἡμῖν
2795 3674 2943 3744 αἰτίᾳ
2979 3669 3350 3740 γεγενημένῃ,
3381 3666 3468 3719 διὰ
3501 3665 3671 3719 τοῦτο.

2096 3781 2289 3853 πρῶτα
2324 3777 2421 3848 μὲν
2450 3768 2812 3826 ἐπικαλύπτει
2839 3765 3045 3834 ταύτην
3089 3762 3170 3833 τῷ
3206 3760 3358 3853 ὕδατι
3396 3758 3491 3853 καὶ
3511 3758 3659 3853 άπα-

2094 3849 2358 3930 τάσκευον
2414 3867 2579 3928 ποιεῖ,
2625 3861 2763 3933 μετὰ
2815 3858 2872 3911 δὲ
2928 3856 3102 3911 ταῦτα
3142 3854 3205 3908 τὸ
3231 3852 3374 3922 ὕδωρ
3403 3852 3484 3913 εἰς
3531 3849 3661 3920 μίαν
3726 3854 3731 3855 “

2098 3963 2421 4029 ἐπισυνάγει
2469 3952 2820 4031 συναγωγὴν,
2854 3950 2949 4031 καὶ
2991 3947 3166 4011 ούτως
3207 3943 3441 4015 ὀφθῆναι
3481 3957 3662 4011 παρα-

2101 4056 2359 4118 σκευάζει
2389 4052 2580 4121 αὑτήν.

2182 4147 2346 4204 Ἀλλὰ
2385 4147 2481 4200 καὶ
2512 4141 2674 4197 τοῦτο
2706 4142 2942 4212 ζητῆσαι
2975 4135 3149 4201 ἄξιον,
3185 4128 3290 4185 ποῦ
3329 4124 3573 4196 συνήχθη
3604 4123 3665 4176 τὸ

2102 4241 2268 4310 ὕδωρ,
2323 4236 2398 4300 ὡς
2456 4232 2710 4287 ἐντεῦθεν
2760 4229 2994 4300 ὀφθῆναι
3046 4224 3145 4294 τὴν
3196 4217 3388 4290 ξηρὰν,
3442 4213 3556 4310 είγε
3597 4213 3668 4310 ⁸τὸ

2101 4304 2395 4399 πρόσωπον
2439 4324 2585 4380 ἆπαν
2618 4323 2714 4392 τῆς
2749 4321 2873 4391 γῆς,
2902 4317 2976 4380 ὥς
3019 4330 3186 4386 φησιν
3238 4313 3273 4381 η
3313 4307 3529 4399 Γραφῇ,
3558 4304 3670 4399 τοῖς

435 4414 1069 4485 ﬁcies.quemadmodum
1090 4429 1259 4470 sacraa
1273 4413 1491 4469 Littera:
1510 4413 1753 4479 tradunt,
1769 4412 1838 4467 ab
1853 4412 1976 4483 aqui

2083 4442 2086 4458 ι
2113 4396 2298 4477 ύδασιν
2324 4417 2679 4473 ἐκαλύπτετο.
2711 4412 2996 4471 Ἰουστῖνος
3024 4409 3052 4459 ὁ
3083 4402 3372 4472 φιλόσοφος
3407 4396 3505 4451 καὶ
3531 4396 3672 4466 μάρ-

436 4507 840 4562 occultabatur.
873 4506 947 4561 De
981 4507 1084 4562 hoc
1111 4506 1364 4562 Justinus
1414 4507 1504 4562 ille
1539 4507 1898 4576 pltilOSOphus
1939 4522 1981 4559 a4

2107 4533 2202 4578 τυς
2225 4509 2462 4583 Χριστοῦ
2490 4509 2516 4561 ὁ
2548 4507 2721 4578 μέγας
2746 4522 2806 4557 τε
2838 4498 3119 4560 Βασίλειός
3165 4508 3328 4564 φασιν
3367 4491 3452 4543 ὅτι
3497 4487 3675 4583 κοιλὸῗ

439 4600 597 4653 testis
622 4597 852 4666 Ghristi,
885 4614 1225 4669 magnusque
1257 4600 1490 4655 Basilius
1525 4600 1718 4655 dicunt
1747 4599 1981 4653 mandati

2111 4622 2270 4677 τητες
2297 4577 2871 4672 ὲγένοντοίτηνικαῦτα
2913 4591 3058 4648 κατὰ
3088 4588 3238 4641 θείαν
3281 4585 3532 4638 κέλευσιν
3560 4577 3676 4647 (καὶ

438 4689 625 4744 divino
678 4698 794 4746 tum
847 4691 1215 4759 coucavitatcs
1272 4690 1539 4760 quasdam
1605 4705 1727 4744 esse
1798 4689 1975 4743 factas

2110 4671 2205 4755 τοῦ
2245 4698 2406 4764 λόγου
2440 4695 2714 4765 μάρτυρες
2747 4684 3163 4765 ἀπαράτρεπτσί
3203 4678 3260 4731 αί
3303 4672 3446 4765 κατὰ
3477 4671 3676 4765 τόπους

441 4781 609 4847 Cujus
638 4781 714 4833 rei
747 4789 913 4836 testes
934 4781 1045 4835 sint
1068 4781 1282 4846 insulae,
1315 4781 1482 4836 nullis
1518 4781 1685 4836 certis
1721 4780 1981 4847 descripta

2108 4761 2498 4863 εὑρισκόμεναι
2519 4761 2739 4852 ννῆσοι),
2774 4779 2868 4832 κα)⁸
2893 4774 3066 4837 οὕτως
3088 4764 3247 4863 αὗται
3280 4766 3342 4863 τὸ
3377 4764 3520 4863 ὕδωρ

442 4870 616 4934 locis,
664 4887 784 4940 quae
818 4873 1020 4943 passim
1071 4872 1451 4941 reperiuntur.
1514 4872 1605 4927 Eae
1635 4870 1977 4927 coucavitate

2104 4851 2373 4957 χαλασθὲν
2418 4851 2685 4942 ἐδέξαντο.
2719 4873 2777 4925 Et
2825 4872 2902 4941 μὴ
2951 4867 3063 4937 γὰρ
3124 4857 3366 4957 συνήχθη
3419 4856 3488 4957 τι
3536 4851 3680 4957 ὕδωρ

445 4967 589 5020 intra
634 4978 692 5018 se
734 4963 1027 5019 demissam
1063 4981 1261 5034 aquam
1305 4972 1656 5033 receperunt.
1711 4961 1868 5028 Quod
1904 4959 1981 5015 nis

2107 4941 2165 5030 ἓν
2194 4975 2314 5036 ταῖς
2343 4969 2624 5029 τοιαύταις
2663 4962 2998 5029 κοιλότησιν,
3025 4957 3126 5008 οὐκ
3170 4951 3237 5006 ἂν
3283 4941 3686 5036 ἀπσκαλυιρθῆῖ

446 5056 651 5111 factum
684 5055 900 5122 fuisset,
936 5072 1047 5110 non
1088 5056 1312 5111 dixisset
1348 5055 1527 5109 Moses
1549 5054 1869 5123 adapertum
1901 5051 1981 5105 sic

2107 5081 2195 5118 ναι
2238 5030 2475 5128 Egi-Oetaei:
2526 5057 2559 5125 ἡ
2605 5052 2765 5122 ξηρά.
2805 5048 2989 5126 Ἀλλὰ,
3019 5040 3347 5113 κηδεμονίας
3376 5033 3554 5128 Θεοῦί
3591 5030 3684 5085 καὶ

447 5164 572 5203 cum
601 5147 938 5217 apparuisse.
971 5147 1111 5214 Quin
1147 5147 1312 5202 etiam
1344 5146 1399 5216 (ο
1420 5145 1684 5215 insignem
1711 5142 1805 5198 Dei
1827 5157 1981 5197 cura:

2112 5154 2310 5223 νήσους
2344 5150 2449 5219 γὰρ
2483 5148 2600 5207 ταῖς
2631 5140 2908 5207 κοιλότησι
2947 5134 3235 5205 προσεῖναι
3267 5120 3680 5196 παρεσκεύασε.

446 5241 517 5295 de
542 5215 700 5296 nobis
722 5256 785 5293 ac
810 5240 1210 5310 providentiam
1236 5239 1275 5307 l)
1313 5215 1632 5307 hujusmodi
1662 5233 1981 5289 concavitati

2116 5215 2273 5306 Τίνος
2324 5215 2545 5304 slsis»);
2576 5234 2745 5288 Ὥστε
2801 5231 2927 5292 τοὺς
2982 5219 3430 5305 ναυτιλλομένους
3496 5215 3711 5268 ἐκεῖσεί

448 5334 554 5387 bus
584 5335 789 5389 insulas
812 5309 1095 5404 adjunxit.
1122 5332 1234 5387 Cur
1261 5330 1339 5394 id,
1373 5327 1601 5398 quaeso?
1627 5326 1699 5382 Ut
1732 5334 1981 5395 tempesta

2118 5332 2572 5395 διαναπαύεσθαι,
2602 5327 2765 5396 ἡνίκα
2820 5323 2915 5376 καὶ
2967 5319 3169 5391 μᾶλλον
3214 5309 3547 5387 ὁδοιπορίαις
3586 5321 3685 5378 μαξ-

453 5427 600 5480 tibus
635 5426 826 5497 joctati
857 5425 1111 5479 homines
1156 5423 1282 5478 istic
1318 5419 1755 5491 requiescerent,
1803 5419 1981 5489 quotie

2123 5430 2279 5501 κραῖ;
2320 5423 2548 5486 ἑαυτοὺς
2580 5417 2871 5473 ἐκδιδόασι.

451 5516 794 5589 longioribus
825 5518 1113 5575 itineribus
1136 5532 1256 5574 sese
1285 5515 1579 5572 dederunt.

528 5703 568 5732 ιε
603 5699 736 5758 Gen.
782 5720 819 5769 t,
847 5703 901 5757 9.

984 5704 1020 5732 ”
1053 5701 1239 5756 Ecclc.
1266 5719 1302 5762 ι,
1337 5703 1384 5753 7.
1451 5699 1490 5731 “‘
1517 5702 1650 5756 Gcn.
1687 5714 1723 5761 ι,
1757 5699 1811 5752 2.
