  <div class='ocr_page' id='page_1' title='image "/cluster/home/n/w/nwhite01/storage/ocr_20150623/158/mdp.39015078384701/064.png"; bbox 0 0 3968 6228; ppageno 0'>
   <div class='ocr_carea' id='block_1_1' title="bbox 287 327 2274 394">
    <p class='ocr_par' dir='ltr' id='par_1_1' title="bbox 287 327 2274 394">
     <span class='ocr_line' id='line_1_1' title="bbox 287 327 2274 394; baseline 0.002 -4"><span class='ocrx_word' id='word_1_1' title='bbox 287 333 352 390; x_wconf 74' lang='lat' dir='ltr'><strong>bi</strong></span> <span class='ocrx_word' id='word_1_2' title='bbox 645 367 653 378; x_wconf 89' lang='lat'><strong>-</strong></span> <span class='ocrx_word' id='word_1_3' title='bbox 1545 327 1950 392; x_wconf 81' lang='lat' dir='ltr'><strong>ANNALIUM</strong></span> <span class='ocrx_word' id='word_1_4' title='bbox 1992 329 2187 392; x_wconf 85' lang='lat' dir='ltr'><strong>PARS</strong></span> <span class='ocrx_word' id='word_1_5' title='bbox 2229 333 2274 394; x_wconf 89' lang='grc' dir='ltr'><strong>Ι.</strong></span> 
     </span>
    </p>
   </div>
   <div class='ocr_carea' id='block_1_2' title="bbox 3445 325 3512 389">
    <p class='ocr_par' dir='ltr' id='par_1_2' title="bbox 3445 325 3512 389">
     <span class='ocr_line' id='line_1_2' title="bbox 3445 325 3512 389; baseline -0.03 0"><span class='ocrx_word' id='word_1_6' title='bbox 3445 325 3512 389; x_wconf 64' lang='lat' dir='ltr'><strong>5i</strong></span> 
     </span>
    </p>
   </div>
   <div class='ocr_carea' id='block_1_3' title="bbox 354 432 1856 520">
    <p class='ocr_par' dir='ltr' id='par_1_3' title="bbox 354 432 1854 519">
     <span class='ocr_line' id='line_1_3' title="bbox 354 432 1854 519; baseline 0.001 -21"><span class='ocrx_word' id='word_1_7' title='bbox 354 445 444 516; x_wconf 77' lang='grc' dir='ltr'><strong>Μὴ</strong></span> <span class='ocrx_word' id='word_1_8' title='bbox 476 443 725 517; x_wconf 73' lang='grc' dir='ltr'><strong>θαύμαζε</strong></span> <span class='ocrx_word' id='word_1_9' title='bbox 753 447 810 501; x_wconf 74' lang='grc' dir='ltr'><strong>δὲ</strong></span> <span class='ocrx_word' id='word_1_10' title='bbox 851 447 966 516; x_wconf 82' lang='grc' dir='ltr'>εῐγε</span> <span class='ocrx_word' id='word_1_11' title='bbox 1009 447 1256 519; x_wconf 78' lang='grc' dir='ltr'><strong>ποτίμων</strong></span> <span class='ocrx_word' id='word_1_12' title='bbox 1290 432 1459 503; x_wconf 71' lang='grc' dir='ltr'><strong>ὄντων</strong></span> <span class='ocrx_word' id='word_1_13' title='bbox 1497 448 1606 501; x_wconf 85' lang='grc' dir='ltr'><strong>τῶν</strong></span> <span class='ocrx_word' id='word_1_14' title='bbox 1650 449 1730 511; x_wconf 76' lang='grc' dir='ltr'><strong>εἰς</strong></span> <span class='ocrx_word' id='word_1_15' title='bbox 1757 446 1854 517; x_wconf 82' lang='grc' dir='ltr'><strong>τὴν</strong></span> 
     </span>
    </p>
   </div>
   <div class='ocr_carea' id='block_1_4' title="bbox 1960 432 3516 520">
    <p class='ocr_par' dir='ltr' id='par_1_4' title="bbox 2025 446 3516 520">
     <span class='ocr_line' id='line_1_4' title="bbox 2025 446 3516 520; baseline 0 -20"><span class='ocrx_word' id='word_1_16' title='bbox 2025 446 2137 503; x_wconf 89' lang='lat' dir='ltr'><strong>Nec</strong></span> <span class='ocrx_word' id='word_1_17' title='bbox 2191 457 2275 504; x_wconf 85' lang='lat' dir='ltr'><strong>est</strong></span> <span class='ocrx_word' id='word_1_18' title='bbox 2337 449 2481 520; x_wconf 91' lang='lat' dir='ltr'><strong>quod</strong></span> <span class='ocrx_word' id='word_1_19' title='bbox 2537 449 2754 504; x_wconf 85' lang='lat' dir='ltr'><strong>ntir‘eris</strong></span> <span class='ocrx_word' id='word_1_20' title='bbox 2807 463 2977 520; x_wconf 80' lang='lat' dir='ltr'><strong>aquas</strong></span> <span class='ocrx_word' id='word_1_21' title='bbox 3026 446 3242 519; x_wconf 90' lang='lat' dir='ltr'><strong>quidem</strong></span> <span class='ocrx_word' id='word_1_22' title='bbox 3283 446 3337 501; x_wconf 89' lang='lat' dir='ltr'><strong>lu</strong></span> <span class='ocrx_word' id='word_1_23' title='bbox 3365 461 3516 500; x_wconf 86' lang='lat' dir='ltr'><strong>mare</strong></span> 
     </span>
    </p>
   </div>
   <div class='ocr_carea' id='block_1_5' title="bbox 288 537 1844 610">
    <p class='ocr_par' dir='ltr' id='par_1_5' title="bbox 288 537 1844 610">
     <span class='ocr_line' id='line_1_5' title="bbox 288 537 1844 610; baseline 0.001 -21"><span class='ocrx_word' id='word_1_24' title='bbox 288 537 558 590; x_wconf 82' lang='grc' dir='ltr'><strong>θάλασσαν</strong></span> <span class='ocrx_word' id='word_1_25' title='bbox 608 539 933 608; x_wconf 78' lang='grc' dir='ltr'><strong>εἰσρεόντων</strong></span> <span class='ocrx_word' id='word_1_26' title='bbox 983 540 1192 594; x_wconf 82' lang='grc' dir='ltr'><strong>ὑδάτων</strong></span> <span class='ocrx_word' id='word_1_27' title='bbox 1237 539 1456 609; x_wconf 82' lang='grc' dir='ltr'><strong>ἁλμυρὰ</strong></span> <span class='ocrx_word' id='word_1_28' title='bbox 1521 541 1654 610; x_wconf 78' lang='grc' dir='ltr'><strong>μόνη</strong></span> <span class='ocrx_word' id='word_1_29' title='bbox 1705 537 1844 608; x_wconf 74' lang='grc' dir='ltr'><strong>αὕτη</strong></span> 
     </span>
    </p>
   </div>
   <div class='ocr_carea' id='block_1_6' title="bbox 288 628 1844 702">
    <p class='ocr_par' dir='ltr' id='par_1_6' title="bbox 288 628 1844 702">
     <span class='ocr_line' id='line_1_6' title="bbox 288 628 1844 702; baseline 0.003 -21"><span class='ocrx_word' id='word_1_30' title='bbox 288 630 378 681; x_wconf 72' lang='grc' dir='ltr'><strong>καί¹</strong></span> <span class='ocrx_word' id='word_1_31' title='bbox 422 628 624 693; x_wconf 79' lang='grc' dir='ltr'><strong>ἄποτος</strong></span> <span class='ocrx_word' id='word_1_32' title='bbox 666 630 962 686; x_wconf 73' lang='grc' dir='ltr'><strong>δείκνυται.</strong></span> <span class='ocrx_word' id='word_1_33' title='bbox 995 632 1092 685; x_wconf 82' lang='grc' dir='ltr'><strong>Διὰ</strong></span> <span class='ocrx_word' id='word_1_34' title='bbox 1133 632 1244 702; x_wconf 83' lang='grc' dir='ltr'><strong>γὰρ</strong></span> <span class='ocrx_word' id='word_1_35' title='bbox 1285 633 1382 702; x_wconf 76' lang='grc' dir='ltr'><strong>τὴν</strong></span> <span class='ocrx_word' id='word_1_36' title='bbox 1416 632 1672 702; x_wconf 86' lang='grc' dir='ltr'><strong>καπνώδη</strong></span> <span class='ocrx_word' id='word_1_37' title='bbox 1715 633 1844 686; x_wconf 80' lang='grc' dir='ltr'><strong>ἀνα-</strong></span> 
     </span>
    </p>
   </div>
   <div class='ocr_carea' id='block_1_7' title="bbox 289 719 1848 792">
    <p class='ocr_par' dir='ltr' id='par_1_7' title="bbox 289 719 1848 792">
     <span class='ocr_line' id='line_1_7' title="bbox 289 719 1848 792; baseline 0.002 -21"><span class='ocrx_word' id='word_1_38' title='bbox 289 719 546 786; x_wconf 78' lang='grc' dir='ltr'><strong>θυμίασιν</strong></span> <span class='ocrx_word' id='word_1_39' title='bbox 611 723 1028 791; x_wconf 77' lang='grc' dir='ltr'><strong>παρακειμένην</strong></span> <span class='ocrx_word' id='word_1_40' title='bbox 1087 724 1220 792; x_wconf 79' lang='grc' dir='ltr'><strong>αὑτῇ</strong></span> <span class='ocrx_word' id='word_1_41' title='bbox 1287 724 1380 776; x_wconf 81' lang='grc' dir='ltr'><strong>καὶ</strong></span> <span class='ocrx_word' id='word_1_42' title='bbox 1444 724 1608 775; x_wconf 75' lang='grc' dir='ltr'><strong>οἱονεὶ</strong></span> <span class='ocrx_word' id='word_1_43' title='bbox 1669 740 1848 792; x_wconf 87' lang='grc' dir='ltr'><strong>παρα-</strong></span> 
     </span>
    </p>
   </div>
   <div class='ocr_carea' id='block_1_8' title="bbox 286 810 1848 883">
    <p class='ocr_par' dir='ltr' id='par_1_8' title="bbox 286 810 1848 883">
     <span class='ocr_line' id='line_1_8' title="bbox 286 810 1848 883; baseline 0.003 -21"><span class='ocrx_word' id='word_1_44' title='bbox 286 810 545 863; x_wconf 78' lang='grc' dir='ltr'><strong>καίουσάν</strong></span> <span class='ocrx_word' id='word_1_45' title='bbox 570 828 628 864; x_wconf 89' lang='grc' dir='ltr'><strong>τε</strong></span> <span class='ocrx_word' id='word_1_46' title='bbox 664 813 757 864; x_wconf 75' lang='grc' dir='ltr'><strong>καὶ</strong></span> <span class='ocrx_word' id='word_1_47' title='bbox 798 813 1285 881; x_wconf 79' lang='grc' dir='ltr'><strong>παραφρὺγουσαν,</strong></span> <span class='ocrx_word' id='word_1_48' title='bbox 1321 818 1415 868; x_wconf 80' lang='grc' dir='ltr'><strong>καὶ</strong></span> <span class='ocrx_word' id='word_1_49' title='bbox 1469 813 1567 882; x_wconf 81' lang='grc' dir='ltr'><strong>τὴν</strong></span> <span class='ocrx_word' id='word_1_50' title='bbox 1598 814 1848 883; x_wconf 76' lang='grc' dir='ltr'>ἁλμυρὰν</span> 
     </span>
    </p>
   </div>
   <div class='ocr_carea' id='block_1_9' title="bbox 286 903 1846 974">
    <p class='ocr_par' dir='ltr' id='par_1_9' title="bbox 286 903 1846 974">
     <span class='ocr_line' id='line_1_9' title="bbox 286 903 1846 974; baseline 0.003 -20"><span class='ocrx_word' id='word_1_51' title='bbox 286 903 416 970; x_wconf 82' lang='grc' dir='ltr'><strong>αὑτῇ</strong></span> <span class='ocrx_word' id='word_1_52' title='bbox 469 903 806 970; x_wconf 72' lang='grc' dir='ltr'><strong>ἐμποιοῦσαν</strong></span> <span class='ocrx_word' id='word_1_53' title='bbox 861 904 1143 974; x_wconf 83' lang='grc' dir='ltr'><strong>ποιότητα,</strong></span> <span class='ocrx_word' id='word_1_54' title='bbox 1181 905 1369 974; x_wconf 72' lang='grc' dir='ltr'><strong>ὥσπερ</strong></span> <span class='ocrx_word' id='word_1_55' title='bbox 1415 922 1472 958; x_wconf 83' lang='grc' dir='ltr'><strong>τι</strong></span> <span class='ocrx_word' id='word_1_56' title='bbox 1521 906 1846 974; x_wconf 83' lang='grc' dir='ltr'><strong>περίττωμα</strong></span> 
     </span>
    </p>
   </div>
   <div class='ocr_carea' id='block_1_10' title="bbox 286 996 1854 1068">
    <p class='ocr_par' dir='ltr' id='par_1_10' title="bbox 286 996 1854 1068">
     <span class='ocr_line' id='line_1_10' title="bbox 286 996 1854 1068; baseline 0.002 -21"><span class='ocrx_word' id='word_1_57' title='bbox 286 1000 344 1048; x_wconf 76' lang='grc' dir='ltr'><strong>τὸ</strong></span> <span class='ocrx_word' id='word_1_58' title='bbox 387 997 628 1065; x_wconf 78' lang='grc' dir='ltr'><strong>ἁλμυρὸν</strong></span> <span class='ocrx_word' id='word_1_59' title='bbox 672 997 815 1068; x_wconf 83' lang='grc' dir='ltr'><strong>ὓδωρ</strong></span> <span class='ocrx_word' id='word_1_60' title='bbox 865 999 1183 1068; x_wconf 79' lang='grc' dir='ltr'><strong>ὑφίσταται.</strong></span> <span class='ocrx_word' id='word_1_61' title='bbox 1222 1000 1370 1053; x_wconf 85' lang='grc' dir='ltr'><strong>Ἔδει</strong></span> <span class='ocrx_word' id='word_1_62' title='bbox 1403 1000 1503 1068; x_wconf 83' lang='grc' dir='ltr'><strong>μὲν</strong></span> <span class='ocrx_word' id='word_1_63' title='bbox 1529 996 1623 1052; x_wconf 77' lang='grc' dir='ltr'><strong>οὖν</strong></span> <span class='ocrx_word' id='word_1_64' title='bbox 1667 999 1760 1052; x_wconf 72' lang='grc' dir='ltr'><strong>καὶ</strong></span> <span class='ocrx_word' id='word_1_65' title='bbox 1789 997 1854 1051; x_wconf 51' lang='lat' dir='ltr'><strong>tu</strong></span> 
     </span>
    </p>
   </div>
   <div class='ocr_carea' id='block_1_11' title="bbox 287 1087 1850 1159">
    <p class='ocr_par' dir='ltr' id='par_1_11' title="bbox 287 1087 1850 1159">
     <span class='ocr_line' id='line_1_11' title="bbox 287 1087 1850 1159; baseline 0.002 -21"><span class='ocrx_word' id='word_1_66' title='bbox 287 1087 390 1140; x_wconf 83' lang='grc' dir='ltr'><strong>τῶν</strong></span> <span class='ocrx_word' id='word_1_67' title='bbox 427 1089 686 1155; x_wconf 82' lang='grc' dir='ltr'><strong>ποταμῶν</strong></span> <span class='ocrx_word' id='word_1_68' title='bbox 713 1089 864 1157; x_wconf 47' lang='grc' dir='ltr'><strong>,ὕδωρ</strong></span> <span class='ocrx_word' id='word_1_69' title='bbox 893 1089 1322 1159; x_wconf 76' lang='grc' dir='ltr'><strong>ἐξατμιζόμενον</strong></span> <span class='ocrx_word' id='word_1_70' title='bbox 1353 1091 1452 1143; x_wconf 84' lang='grc' dir='ltr'><strong>καὶ</strong></span> <span class='ocrx_word' id='word_1_71' title='bbox 1501 1089 1850 1159; x_wconf 71' lang='grc' dir='ltr'><strong>παραφλεγὸ-</strong></span> 
     </span>
    </p>
   </div>
   <div class='ocr_carea' id='block_1_12' title="bbox 295 1179 1849 1256">
    <p class='ocr_par' dir='ltr' id='par_1_12' title="bbox 295 1179 1849 1256">
     <span class='ocr_line' id='line_1_12' title="bbox 295 1179 1849 1256; baseline 0.004 -28"><span class='ocrx_word' id='word_1_72' title='bbox 295 1196 451 1246; x_wconf 84' lang='grc' dir='ltr'><strong>μενον</strong></span> <span class='ocrx_word' id='word_1_73' title='bbox 484 1179 728 1250; x_wconf 73' lang='grc' dir='ltr'><strong>ἁλμυρὸν</strong></span> <span class='ocrx_word' id='word_1_74' title='bbox 757 1181 1068 1233; x_wconf 75' lang='grc' dir='ltr'><strong>δείκνυσθαι</strong></span> <span class='ocrx_word' id='word_1_75' title='bbox 1094 1198 1107 1211; x_wconf 84' lang='lat'>&#39;</span> <span class='ocrx_word' id='word_1_76' title='bbox 1147 1183 1260 1236; x_wconf 83' lang='grc' dir='ltr'><strong>ἀλλ’</strong></span> <span class='ocrx_word' id='word_1_77' title='bbox 1287 1184 1320 1251; x_wconf 84' lang='grc' dir='ltr'>ή</span> <span class='ocrx_word' id='word_1_78' title='bbox 1351 1183 1606 1256; x_wconf 78' lang='grc' dir='ltr'>διηνεκὴς</span> <span class='ocrx_word' id='word_1_79' title='bbox 1634 1183 1849 1252; x_wconf 82' lang='grc' dir='ltr'><strong>κίνησις</strong></span> 
     </span>
    </p>
   </div>
   <div class='ocr_carea' id='block_1_13' title="bbox 287 1271 1850 1342">
    <p class='ocr_par' dir='ltr' id='par_1_13' title="bbox 287 1271 1850 1342">
     <span class='ocr_line' id='line_1_13' title="bbox 287 1271 1850 1342; baseline 0.002 -20"><span class='ocrx_word' id='word_1_80' title='bbox 287 1271 441 1323; x_wconf 76' lang='grc' dir='ltr'><strong>τοῦτο</strong></span> <span class='ocrx_word' id='word_1_81' title='bbox 469 1272 530 1323; x_wconf 87' lang='grc' dir='ltr'><strong>οὑ</strong></span> <span class='ocrx_word' id='word_1_82' title='bbox 564 1274 857 1341; x_wconf 63' lang='grc' dir='ltr'><strong>συγχωρεῖ.</strong></span> <span class='ocrx_word' id='word_1_83' title='bbox 903 1273 1116 1341; x_wconf 78' lang='grc' dir='ltr'><strong>Ἐκείνη</strong></span> <span class='ocrx_word' id='word_1_84' title='bbox 1141 1274 1197 1326; x_wconf 85' lang='grc' dir='ltr'><strong>δὲ</strong></span> <span class='ocrx_word' id='word_1_85' title='bbox 1230 1275 1287 1325; x_wconf 89' lang='grc' dir='ltr'><strong>ὲν</strong></span> <span class='ocrx_word' id='word_1_86' title='bbox 1308 1275 1457 1342; x_wconf 76' lang='grc' dir='ltr'><strong>τόπῳ</strong></span> <span class='ocrx_word' id='word_1_87' title='bbox 1490 1273 1654 1342; x_wconf 83' lang='grc' dir='ltr'><strong>κοίλῳ</strong></span> <span class='ocrx_word' id='word_1_88' title='bbox 1690 1291 1850 1342; x_wconf 82' lang='grc' dir='ltr'><strong>περι-</strong></span> 
     </span>
    </p>
   </div>
   <div class='ocr_carea' id='block_1_14' title="bbox 288 1361 1852 1433">
    <p class='ocr_par' dir='ltr' id='par_1_14' title="bbox 288 1361 1852 1433">
     <span class='ocr_line' id='line_1_14' title="bbox 288 1361 1852 1433; baseline 0.003 -20"><span class='ocrx_word' id='word_1_89' title='bbox 288 1361 620 1429; x_wconf 71' lang='grc' dir='ltr'><strong>λιμνάζουσα</strong></span> <span class='ocrx_word' id='word_1_90' title='bbox 673 1364 769 1416; x_wconf 83' lang='grc' dir='ltr'><strong>καὶ</strong></span> <span class='ocrx_word' id='word_1_91' title='bbox 821 1363 908 1431; x_wconf 78' lang='grc' dir='ltr'><strong>ἐφ’</strong></span> <span class='ocrx_word' id='word_1_92' title='bbox 959 1365 1160 1432; x_wconf 79' lang='grc' dir='ltr'><strong>ἑαυτῆς</strong></span> <span class='ocrx_word' id='word_1_93' title='bbox 1214 1365 1450 1424; x_wconf 78' lang='grc' dir='ltr'><strong>ἑστῶσα.</strong></span> <span class='ocrx_word' id='word_1_94' title='bbox 1485 1366 1852 1433; x_wconf 82' lang='grc' dir='ltr'><strong>ἐτοιμοπαθής</strong></span> 
     </span>
    </p>
   </div>
   <div class='ocr_carea' id='block_1_15' title="bbox 288 1454 1852 1525">
    <p class='ocr_par' dir='ltr' id='par_1_15' title="bbox 288 1454 1852 1525">
     <span class='ocr_line' id='line_1_15' title="bbox 288 1454 1852 1525; baseline 0.003 -21"><span class='ocrx_word' id='word_1_95' title='bbox 288 1455 400 1504; x_wconf 75' lang='grc' dir='ltr'><strong>ἐστι</strong></span> <span class='ocrx_word' id='word_1_96' title='bbox 431 1455 544 1514; x_wconf 79' lang='grc' dir='ltr'><strong>τοῖς</strong></span> <span class='ocrx_word' id='word_1_97' title='bbox 575 1454 772 1516; x_wconf 80' lang='grc' dir='ltr'><strong>αἰτίοις</strong></span> <span class='ocrx_word' id='word_1_98' title='bbox 814 1455 911 1522; x_wconf 83' lang='grc' dir='ltr'><strong>τῆς</strong></span> <span class='ocrx_word' id='word_1_99' title='bbox 967 1456 1368 1524; x_wconf 80' lang='grc' dir='ltr'><strong>ἀλμυρότητος.</strong></span> <span class='ocrx_word' id='word_1_100' title='bbox 1415 1457 1614 1509; x_wconf 78' lang='grc' dir='ltr'><strong>Τοῦτον</strong></span> <span class='ocrx_word' id='word_1_101' title='bbox 1668 1457 1852 1525; x_wconf 82' lang='grc' dir='ltr'><strong>μέντοι</strong></span> 
     </span>
    </p>
   </div>
   <div class='ocr_carea' id='block_1_16' title="bbox 287 1541 1854 1614">
    <p class='ocr_par' dir='ltr' id='par_1_16' title="bbox 287 1541 1854 1614">
     <span class='ocr_line' id='line_1_16' title="bbox 287 1541 1854 1614; baseline 0.001 -22"><span class='ocrx_word' id='word_1_102' title='bbox 287 1543 376 1593; x_wconf 71' lang='grc' dir='ltr'><strong>τὸν</strong></span> <span class='ocrx_word' id='word_1_103' title='bbox 413 1541 570 1608; x_wconf 77' lang='grc' dir='ltr'><strong>λόγον</strong></span> <span class='ocrx_word' id='word_1_104' title='bbox 623 1543 930 1596; x_wconf 69' lang='grc' dir='ltr'><strong>ὲπιϐεὸαιοῖ</strong></span> <span class='ocrx_word' id='word_1_105' title='bbox 975 1546 1071 1598; x_wconf 75' lang='grc' dir='ltr'><strong>καὶ</strong></span> <span class='ocrx_word' id='word_1_106' title='bbox 1113 1547 1141 1596; x_wconf 86' lang='grc' dir='ltr'>ὁ</span> <span class='ocrx_word' id='word_1_107' title='bbox 1189 1545 1550 1614; x_wconf 76' lang='grc' dir='ltr'><strong>Δαμασκηνὸς</strong></span> <span class='ocrx_word' id='word_1_108' title='bbox 1598 1546 1854 1614; x_wconf 79' lang='grc' dir='ltr'><strong>Ἰωάννης</strong></span> 
     </span>
    </p>
   </div>
   <div class='ocr_carea' id='block_1_17' title="bbox 288 1633 1854 1704">
    <p class='ocr_par' dir='ltr' id='par_1_17' title="bbox 288 1633 1854 1704">
     <span class='ocr_line' id='line_1_17' title="bbox 288 1633 1854 1704; baseline 0.003 -21"><span class='ocrx_word' id='word_1_109' title='bbox 288 1633 488 1697; x_wconf 77' lang='grc' dir='ltr'><strong>λέγων·</strong></span> <span class='ocrx_word' id='word_1_110' title='bbox 531 1653 546 1683; x_wconf 77' lang='grc' dir='ltr'><strong>ι</strong></span> <span class='ocrx_word' id='word_1_111' title='bbox 597 1634 658 1686; x_wconf 86' lang='grc' dir='ltr'>Ὀ</span> <span class='ocrx_word' id='word_1_112' title='bbox 694 1634 1177 1702; x_wconf 60' lang='grc' dir='ltr'><strong>μὲνςοὺνὯκεανὺς</strong></span> <span class='ocrx_word' id='word_1_113' title='bbox 1223 1636 1448 1704; x_wconf 71' lang='grc' dir='ltr'><strong>πότιμος</strong></span> <span class='ocrx_word' id='word_1_114' title='bbox 1481 1635 1558 1688; x_wconf 82' lang='grc' dir='ltr'><strong>ὢν</strong></span> <span class='ocrx_word' id='word_1_115' title='bbox 1598 1638 1694 1689; x_wconf 79' lang='grc' dir='ltr'><strong>καὶ</strong></span> <span class='ocrx_word' id='word_1_116' title='bbox 1724 1637 1854 1700; x_wconf 87' lang='grc' dir='ltr'><strong>γλυ-</strong></span> 
     </span>
    </p>
   </div>
   <div class='ocr_carea' id='block_1_18' title="bbox 291 1724 1852 1796">
    <p class='ocr_par' dir='ltr' id='par_1_18' title="bbox 291 1724 1852 1796">
     <span class='ocr_line' id='line_1_18' title="bbox 291 1724 1852 1796; baseline 0.003 -21"><span class='ocrx_word' id='word_1_117' title='bbox 291 1724 516 1786; x_wconf 84' lang='grc' dir='ltr'><strong>κύτατος</strong></span> <span class='ocrx_word' id='word_1_118' title='bbox 551 1726 876 1792; x_wconf 81' lang='grc' dir='ltr'><strong>ἐπιχορηγεῖ</strong></span> <span class='ocrx_word' id='word_1_119' title='bbox 898 1726 957 1777; x_wconf 83' lang='grc' dir='ltr'><strong>τὸ</strong></span> <span class='ocrx_word' id='word_1_120' title='bbox 988 1725 1131 1794; x_wconf 71' lang='grc' dir='ltr'><strong>ὕδωρ</strong></span> <span class='ocrx_word' id='word_1_121' title='bbox 1162 1729 1226 1796; x_wconf 82' lang='grc' dir='ltr'><strong>τῇ</strong></span> <span class='ocrx_word' id='word_1_122' title='bbox 1261 1726 1550 1795; x_wconf 69' lang='grc' dir='ltr'><strong>θαλάσση·</strong></span> <span class='ocrx_word' id='word_1_123' title='bbox 1587 1727 1852 1796; x_wconf 75' lang='grc' dir='ltr'><strong>χρονίζων</strong></span> 
     </span>
    </p>
   </div>
   <div class='ocr_carea' id='block_1_19' title="bbox 289 1812 1849 1888">
    <p class='ocr_par' dir='ltr' id='par_1_19' title="bbox 289 1812 1849 1888">
     <span class='ocr_line' id='line_1_19' title="bbox 289 1812 1849 1888; baseline 0.004 -25"><span class='ocrx_word' id='word_1_124' title='bbox 289 1813 344 1865; x_wconf 80' lang='grc' dir='ltr'><strong>δὲ</strong></span> <span class='ocrx_word' id='word_1_125' title='bbox 391 1815 540 1882; x_wconf 81' lang='grc' dir='ltr'><strong>ὅμως</strong></span> <span class='ocrx_word' id='word_1_126' title='bbox 589 1817 680 1867; x_wconf 69' lang='grc' dir='ltr'><strong>καὶ</strong></span> <span class='ocrx_word' id='word_1_127' title='bbox 739 1815 911 1879; x_wconf 83' lang='grc' dir='ltr'><strong>ἑστὼς</strong></span> <span class='ocrx_word' id='word_1_128' title='bbox 954 1817 1210 1886; x_wconf 80' lang='grc' dir='ltr'><strong>ἀκίνητος</strong></span> <span class='ocrx_word' id='word_1_129' title='bbox 1247 1812 1724 1888; x_wconf 51' lang='grc' dir='ltr'><strong>πικρὸςθγινεται,</strong></span> <span class='ocrx_word' id='word_1_130' title='bbox 1755 1816 1849 1870; x_wconf 80' lang='grc' dir='ltr'><strong>τοῦ</strong></span> 
     </span>
    </p>
   </div>
   <div class='ocr_carea' id='block_1_20' title="bbox 290 1888 1882 1978">
    <p class='ocr_par' dir='ltr' id='par_1_20' title="bbox 290 1888 1882 1978">
     <span class='ocr_line' id='line_1_20' title="bbox 290 1888 1882 1978; baseline 0.005 -24"><span class='ocrx_word' id='word_1_131' title='bbox 290 1907 436 1975; x_wconf 67' lang='grc' dir='ltr'><strong>ἡλίου</strong></span> <span class='ocrx_word' id='word_1_132' title='bbox 469 1909 558 1958; x_wconf 81' lang='grc' dir='ltr'><strong>ἀεὶ</strong></span> <span class='ocrx_word' id='word_1_133' title='bbox 583 1907 640 1958; x_wconf 59' lang='grc' dir='ltr'>τὸ</span> <span class='ocrx_word' id='word_1_134' title='bbox 674 1907 1000 1976; x_wconf 83' lang='grc' dir='ltr'><strong>λεπτότερον</strong></span> <span class='ocrx_word' id='word_1_135' title='bbox 1029 1908 1379 1977; x_wconf 77' lang='grc' dir='ltr'><strong>ἁνιμωμένου</strong></span> <span class='ocrx_word' id='word_1_136' title='bbox 1413 1911 1618 1978; x_wconf 85' lang='grc' dir='ltr'><strong>καίπερ</strong></span> <span class='ocrx_word' id='word_1_137' title='bbox 1650 1910 1713 1963; x_wconf 84' lang='grc' dir='ltr'>ὲκ</span> <span class='ocrx_word' id='word_1_138' title='bbox 1747 1888 1882 1962; x_wconf 50' lang='grc' dir='ltr'><strong>τῶν.</strong></span> 
     </span>
    </p>
   </div>
   <div class='ocr_carea' id='block_1_21' title="bbox 298 1997 1855 2070">
    <p class='ocr_par' dir='ltr' id='par_1_21' title="bbox 298 1997 1855 2070">
     <span class='ocr_line' id='line_1_21' title="bbox 298 1997 1855 2070; baseline 0.004 -23"><span class='ocrx_word' id='word_1_139' title='bbox 298 1997 567 2064; x_wconf 65' lang='grc' dir='ltr'><strong>σιφώνων,</strong></span> <span class='ocrx_word' id='word_1_140' title='bbox 597 1997 719 2051; x_wconf 81' lang='grc' dir='ltr'><strong>ὅθεν</strong></span> <span class='ocrx_word' id='word_1_141' title='bbox 757 2001 942 2052; x_wconf 77' lang='grc' dir='ltr'><strong>καὶτὰ</strong></span> <span class='ocrx_word' id='word_1_142' title='bbox 983 2000 1123 2067; x_wconf 76' lang='grc' dir='ltr'><strong>νέφη</strong></span> <span class='ocrx_word' id='word_1_143' title='bbox 1158 2001 1513 2055; x_wconf 82' lang='grc' dir='ltr'><strong>συνίστανται</strong></span> <span class='ocrx_word' id='word_1_144' title='bbox 1549 2001 1642 2055; x_wconf 80' lang='grc' dir='ltr'><strong>καὶ</strong></span> <span class='ocrx_word' id='word_1_145' title='bbox 1673 2003 1720 2053; x_wconf 80' lang='lat' dir='ltr'><strong>oi</strong></span> <span class='ocrx_word' id='word_1_146' title='bbox 1751 2001 1855 2070; x_wconf 82' lang='grc' dir='ltr'><strong>δμ-</strong></span> 
     </span>
    </p>
   </div>
   <div class='ocr_carea' id='block_1_22' title="bbox 296 2088 1853 2160">
    <p class='ocr_par' dir='ltr' id='par_1_22' title="bbox 296 2088 1853 2160">
     <span class='ocr_line' id='line_1_22' title="bbox 296 2088 1853 2160; baseline 0.001 -20"><span class='ocrx_word' id='word_1_147' title='bbox 296 2090 416 2158; x_wconf 82' lang='grc' dir='ltr'><strong>6ροι</strong></span> <span class='ocrx_word' id='word_1_148' title='bbox 448 2091 695 2155; x_wconf 81' lang='grc' dir='ltr'><strong>γίνονται</strong></span> <span class='ocrx_word' id='word_1_149' title='bbox 722 2089 810 2142; x_wconf 74' lang='grc' dir='ltr'><strong>διὰ</strong></span> <span class='ocrx_word' id='word_1_150' title='bbox 834 2091 930 2158; x_wconf 82' lang='grc' dir='ltr'><strong>τῆς</strong></span> <span class='ocrx_word' id='word_1_151' title='bbox 973 2090 1276 2160; x_wconf 73' lang='grc' dir='ltr'><strong>διηθήσεως</strong></span> <span class='ocrx_word' id='word_1_152' title='bbox 1300 2089 1731 2158; x_wconf 84' lang='grc' dir='ltr'><strong>γλυκαινομένου</strong></span> <span class='ocrx_word' id='word_1_153' title='bbox 1759 2088 1853 2142; x_wconf 77' lang='grc' dir='ltr'><strong>τοῦ</strong></span> 
     </span>
    </p>
   </div>
   <div class='ocr_carea' id='block_1_23' title="bbox 290 2178 1858 2250">
    <p class='ocr_par' dir='ltr' id='par_1_23' title="bbox 290 2178 1858 2250">
     <span class='ocr_line' id='line_1_23' title="bbox 290 2178 1858 2250; baseline 0.001 -18"><span class='ocrx_word' id='word_1_154' title='bbox 290 2181 501 2243; x_wconf 80' lang='grc' dir='ltr'><strong>ὓδατος.</strong></span> <span class='ocrx_word' id='word_1_155' title='bbox 543 2203 562 2232; x_wconf 70' lang='grc' dir='ltr'><strong>ι</strong></span> <span class='ocrx_word' id='word_1_156' title='bbox 601 2182 758 2235; x_wconf 82' lang='grc' dir='ltr'><strong>Οὑτω</strong></span> <span class='ocrx_word' id='word_1_157' title='bbox 811 2182 908 2250; x_wconf 82' lang='grc' dir='ltr'><strong>μὲν</strong></span> <span class='ocrx_word' id='word_1_158' title='bbox 941 2178 1034 2234; x_wconf 77' lang='grc' dir='ltr'><strong>οὖν</strong></span> <span class='ocrx_word' id='word_1_159' title='bbox 1080 2181 1174 2235; x_wconf 82' lang='grc' dir='ltr'><strong>καὶ</strong></span> <span class='ocrx_word' id='word_1_160' title='bbox 1205 2185 1232 2235; x_wconf 85' lang='grc' dir='ltr'>ὁ</span> <span class='ocrx_word' id='word_1_161' title='bbox 1266 2182 1537 2242; x_wconf 83' lang='grc' dir='ltr'><strong>θειότατος</strong></span> <span class='ocrx_word' id='word_1_162' title='bbox 1586 2181 1858 2234; x_wconf 80' lang='grc' dir='ltr'><strong>Ἀναστά-</strong></span> 
     </span>
    </p>
   </div>
   <div class='ocr_carea' id='block_1_24' title="bbox 289 2270 1852 2342">
    <p class='ocr_par' dir='ltr' id='par_1_24' title="bbox 289 2270 1852 2342">
     <span class='ocr_line' id='line_1_24' title="bbox 289 2270 1852 2342; baseline 0 -18"><span class='ocrx_word' id='word_1_163' title='bbox 289 2289 398 2333; x_wconf 80' lang='grc' dir='ltr'><strong>σιος</strong></span> <span class='ocrx_word' id='word_1_164' title='bbox 420 2272 709 2340; x_wconf 76' lang='grc' dir='ltr'><strong>ὸΣιναττης</strong></span> <span class='ocrx_word' id='word_1_165' title='bbox 739 2274 795 2324; x_wconf 74' lang='grc' dir='ltr'><strong>ὲν</strong></span> <span class='ocrx_word' id='word_1_166' title='bbox 817 2276 878 2342; x_wconf 83' lang='grc' dir='ltr'><strong>τῇ</strong></span> <span class='ocrx_word' id='word_1_167' title='bbox 896 2270 1057 2339; x_wconf 75' lang='grc' dir='ltr'><strong>Ἐξαη</strong></span> <span class='ocrx_word' id='word_1_168' title='bbox 1069 2272 1132 2338; x_wconf 83' lang='grc' dir='ltr'><strong>μέ</strong></span> <span class='ocrx_word' id='word_1_169' title='bbox 1144 2289 1217 2342; x_wconf 89' lang='grc' dir='ltr'>ρῳ</span> <span class='ocrx_word' id='word_1_170' title='bbox 1240 2272 1402 2324; x_wconf 79' lang='grc' dir='ltr'><strong>αὑτοῦ</strong></span> <span class='ocrx_word' id='word_1_171' title='bbox 1421 2272 1637 2337; x_wconf 78' lang='grc' dir='ltr'><strong>διέξεισι</strong></span> <span class='ocrx_word' id='word_1_172' title='bbox 1663 2273 1852 2338; x_wconf 81' lang='grc' dir='ltr'><strong>λέγων·</strong></span> 
     </span>
    </p>
   </div>
   <div class='ocr_carea' id='block_1_25' title="bbox 295 2355 1857 2430">
    <p class='ocr_par' dir='ltr' id='par_1_25' title="bbox 295 2355 1857 2430">
     <span class='ocr_line' id='line_1_25' title="bbox 295 2355 1857 2430; baseline 0.001 -18"><span class='ocrx_word' id='word_1_173' title='bbox 295 2359 396 2412; x_wconf 76' lang='grc' dir='ltr'><strong>«Ἦ</strong></span> <span class='ocrx_word' id='word_1_174' title='bbox 431 2362 486 2412; x_wconf 77' lang='grc' dir='ltr'><strong>δὲ</strong></span> <span class='ocrx_word' id='word_1_175' title='bbox 537 2359 782 2412; x_wconf 71' lang='grc' dir='ltr'><strong>θάλασσα</strong></span> <span class='ocrx_word' id='word_1_176' title='bbox 818 2361 1046 2426; x_wconf 79' lang='grc' dir='ltr'><strong>γλυκεῖα</strong></span> <span class='ocrx_word' id='word_1_177' title='bbox 1091 2355 1161 2428; x_wconf 78' lang='grc' dir='ltr'><strong>ἦν</strong></span> <span class='ocrx_word' id='word_1_178' title='bbox 1191 2359 1311 2412; x_wconf 82' lang='grc' dir='ltr'>κατ’</span> <span class='ocrx_word' id='word_1_179' title='bbox 1350 2361 1523 2430; x_wconf 73' lang='grc' dir='ltr'><strong>ἀρχὰς</strong></span> <span class='ocrx_word' id='word_1_180' title='bbox 1571 2361 1666 2414; x_wconf 74' lang='grc' dir='ltr'>καὶ</span> <span class='ocrx_word' id='word_1_181' title='bbox 1710 2362 1857 2428; x_wconf 80' lang='grc' dir='ltr'><strong>νᾶμα</strong></span> 
     </span>
    </p>
   </div>
   <div class='ocr_carea' id='block_1_26' title="bbox 289 2450 1855 2522">
    <p class='ocr_par' dir='ltr' id='par_1_26' title="bbox 289 2450 1855 2522">
     <span class='ocr_line' id='line_1_26' title="bbox 289 2450 1855 2522; baseline -0.001 -18"><span class='ocrx_word' id='word_1_182' title='bbox 289 2455 518 2519; x_wconf 75' lang='grc' dir='ltr'><strong>πότιμον</strong></span> <span class='ocrx_word' id='word_1_183' title='bbox 568 2452 794 2520; x_wconf 76' lang='grc' dir='ltr'><strong>ἔχουσα·</strong></span> <span class='ocrx_word' id='word_1_184' title='bbox 855 2451 1083 2522; x_wconf 83' lang='grc' dir='ltr'><strong>ὕστερον</strong></span> <span class='ocrx_word' id='word_1_185' title='bbox 1141 2450 1198 2522; x_wconf 82' lang='grc' dir='ltr'><strong>δὲ</strong></span> <span class='ocrx_word' id='word_1_186' title='bbox 1256 2450 1334 2520; x_wconf 82' lang='grc' dir='ltr'><strong>τῷ</strong></span> <span class='ocrx_word' id='word_1_187' title='bbox 1369 2453 1544 2520; x_wconf 85' lang='grc' dir='ltr'>χρόνῳ</span> <span class='ocrx_word' id='word_1_188' title='bbox 1602 2451 1696 2505; x_wconf 73' lang='grc' dir='ltr'><strong>καὶ</strong></span> <span class='ocrx_word' id='word_1_189' title='bbox 1744 2453 1855 2511; x_wconf 71' lang='grc' dir='ltr'><strong>τοῖς</strong></span> 
     </span>
    </p>
   </div>
   <div class='ocr_carea' id='block_1_27' title="bbox 291 2519 1856 2610">
    <p class='ocr_par' dir='ltr' id='par_1_27' title="bbox 291 2519 1856 2610">
     <span class='ocr_line' id='line_1_27' title="bbox 291 2519 1856 2610; baseline -0.001 -17"><span class='ocrx_word' id='word_1_190' title='bbox 291 2543 572 2610; x_wconf 73' lang='grc' dir='ltr'><strong>στοιχείοις</strong></span> <span class='ocrx_word' id='word_1_191' title='bbox 599 2519 700 2610; x_wconf 75' lang='grc' dir='ltr'><strong>τὴν</strong></span> <span class='ocrx_word' id='word_1_192' title='bbox 731 2519 1018 2595; x_wconf 78' lang='grc' dir='ltr'><strong>ἀλλοίωσιν</strong></span> <span class='ocrx_word' id='word_1_193' title='bbox 1064 2519 1271 2608; x_wconf 71' lang='grc' dir='ltr'><strong>ταὺτην</strong></span> <span class='ocrx_word' id='word_1_194' title='bbox 1307 2519 1553 2607; x_wconf 70' lang='grc' dir='ltr'><strong>ἐδέξατο.</strong></span> <span class='ocrx_word' id='word_1_195' title='bbox 1592 2560 1610 2592; x_wconf 76' lang='grc' dir='ltr'><strong>ι</strong></span> <span class='ocrx_word' id='word_1_196' title='bbox 1661 2542 1721 2594; x_wconf 86' lang='lat'><strong>&#39;0</strong></span> <span class='ocrx_word' id='word_1_197' title='bbox 1748 2543 1856 2610; x_wconf 81' lang='grc' dir='ltr'><strong>γὰρ</strong></span> 
     </span>
    </p>
   </div>
   <div class='ocr_carea' id='block_1_28' title="bbox 285 2631 1854 2703">
    <p class='ocr_par' dir='ltr' id='par_1_28' title="bbox 285 2631 1854 2703">
     <span class='ocr_line' id='line_1_28' title="bbox 285 2631 1854 2703; baseline 0.001 -20"><span class='ocrx_word' id='word_1_198' title='bbox 285 2633 457 2700; x_wconf 76' lang='grc' dir='ltr'><strong>ἥλιος,</strong></span> <span class='ocrx_word' id='word_1_199' title='bbox 492 2631 570 2694; x_wconf 82' lang='grc' dir='ltr'><strong>ὡς</strong></span> <span class='ocrx_word' id='word_1_200' title='bbox 618 2632 860 2703; x_wconf 75' lang='grc' dir='ltr'><strong>εἴρηται,</strong></span> <span class='ocrx_word' id='word_1_201' title='bbox 883 2636 949 2702; x_wconf 79' lang='grc' dir='ltr'><strong>τῇ</strong></span> <span class='ocrx_word' id='word_1_202' title='bbox 981 2634 1160 2702; x_wconf 76' lang='grc' dir='ltr'>οἰκείᾳ</span> <span class='ocrx_word' id='word_1_203' title='bbox 1214 2633 1511 2703; x_wconf 80' lang='grc' dir='ltr'><strong>θερμότητι</strong></span> <span class='ocrx_word' id='word_1_204' title='bbox 1545 2632 1854 2701; x_wconf 70' lang='grc' dir='ltr'><strong>ἐξατμίζων</strong></span> 
     </span>
    </p>
   </div>
   <div class='ocr_carea' id='block_1_29' title="bbox 283 2722 1858 2793">
    <p class='ocr_par' dir='ltr' id='par_1_29' title="bbox 283 2722 1858 2793">
     <span class='ocr_line' id='line_1_29' title="bbox 283 2722 1858 2793; baseline 0.001 -18"><span class='ocrx_word' id='word_1_205' title='bbox 283 2723 382 2791; x_wconf 67' lang='grc' dir='ltr'><strong>τὴν</strong></span> <span class='ocrx_word' id='word_1_206' title='bbox 425 2723 723 2788; x_wconf 68' lang='grc' dir='ltr'><strong>θάλασσαν,</strong></span> <span class='ocrx_word' id='word_1_207' title='bbox 751 2724 846 2775; x_wconf 77' lang='grc' dir='ltr'><strong>καὶ</strong></span> <span class='ocrx_word' id='word_1_208' title='bbox 881 2725 941 2775; x_wconf 78' lang='grc' dir='ltr'>τὺ</span> <span class='ocrx_word' id='word_1_209' title='bbox 982 2722 1316 2793; x_wconf 77' lang='grc' dir='ltr'><strong>γλυκύτερον</strong></span> <span class='ocrx_word' id='word_1_210' title='bbox 1363 2724 1536 2777; x_wconf 77' lang='grc' dir='ltr'><strong>ἕλκων</strong></span> <span class='ocrx_word' id='word_1_211' title='bbox 1591 2726 1686 2777; x_wconf 77' lang='grc' dir='ltr'><strong>καὶ</strong></span> <span class='ocrx_word' id='word_1_212' title='bbox 1731 2741 1858 2776; x_wconf 87' lang='grc' dir='ltr'><strong>κου-</strong></span> 
     </span>
    </p>
   </div>
   <div class='ocr_carea' id='block_1_30' title="bbox 287 2814 1858 2885">
    <p class='ocr_par' dir='ltr' id='par_1_30' title="bbox 287 2814 1858 2885">
     <span class='ocr_line' id='line_1_30' title="bbox 287 2814 1858 2885; baseline 0.001 -18"><span class='ocrx_word' id='word_1_213' title='bbox 287 2819 461 2884; x_wconf 74' lang='grc' dir='ltr'><strong>φίζων</strong></span> <span class='ocrx_word' id='word_1_214' title='bbox 486 2815 622 2885; x_wconf 77' lang='grc' dir='ltr'><strong>πρὸς</strong></span> <span class='ocrx_word' id='word_1_215' title='bbox 646 2816 735 2868; x_wconf 86' lang='grc' dir='ltr'><strong>τὸν</strong></span> <span class='ocrx_word' id='word_1_216' title='bbox 762 2816 920 2882; x_wconf 74' lang='grc' dir='ltr'><strong>ἀέρα,</strong></span> <span class='ocrx_word' id='word_1_217' title='bbox 950 2816 1102 2868; x_wconf 78' lang='grc' dir='ltr'><strong>κάτω</strong></span> <span class='ocrx_word' id='word_1_218' title='bbox 1133 2815 1200 2867; x_wconf 81' lang='grc' dir='ltr'><strong>τὸ</strong></span> <span class='ocrx_word' id='word_1_219' title='bbox 1241 2814 1634 2885; x_wconf 83' lang='grc' dir='ltr'><strong>άλμυρώτερον</strong></span> <span class='ocrx_word' id='word_1_220' title='bbox 1664 2816 1729 2884; x_wconf 81' lang='grc' dir='ltr'><strong>ἐᾷ</strong></span> <span class='ocrx_word' id='word_1_221' title='bbox 1763 2817 1858 2869; x_wconf 74' lang='grc' dir='ltr'><strong>καὶ</strong></span> 
     </span>
    </p>
   </div>
   <div class='ocr_carea' id='block_1_31' title="bbox 292 2906 1858 2976">
    <p class='ocr_par' dir='ltr' id='par_1_31' title="bbox 292 2906 1858 2976">
     <span class='ocr_line' id='line_1_31' title="bbox 292 2906 1858 2976; baseline 0.001 -17"><span class='ocrx_word' id='word_1_222' title='bbox 292 2907 614 2976; x_wconf 79' lang='grc' dir='ltr'><strong>βαρύτερον.</strong></span> <span class='ocrx_word' id='word_1_223' title='bbox 649 2908 770 2958; x_wconf 83' lang='grc' dir='ltr'><strong>Ὀτι</strong></span> <span class='ocrx_word' id='word_1_224' title='bbox 824 2907 881 2957; x_wconf 81' lang='grc' dir='ltr'><strong>δὲ</strong></span> <span class='ocrx_word' id='word_1_225' title='bbox 934 2906 1402 2976; x_wconf 69' lang='grc' dir='ltr'><strong>παχύτερὸψδὲστι</strong></span> <span class='ocrx_word' id='word_1_226' title='bbox 1452 2908 1514 2959; x_wconf 82' lang='grc' dir='ltr'><strong>τὸ</strong></span> <span class='ocrx_word' id='word_1_227' title='bbox 1571 2907 1858 2961; x_wconf 79' lang='grc' dir='ltr'><strong>θαλάττιον</strong></span> 
     </span>
    </p>
   </div>
   <div class='ocr_carea' id='block_1_32' title="bbox 287 2996 1854 3066">
    <p class='ocr_par' dir='ltr' id='par_1_32' title="bbox 287 2996 1854 3066">
     <span class='ocr_line' id='line_1_32' title="bbox 287 2996 1854 3066; baseline -0.003 -14"><span class='ocrx_word' id='word_1_228' title='bbox 287 3000 430 3066; x_wconf 68' lang='grc' dir='ltr'><strong>ὕδιιερ</strong></span> <span class='ocrx_word' id='word_1_229' title='bbox 453 2998 561 3050; x_wconf 83' lang='grc' dir='ltr'><strong>τῶν</strong></span> <span class='ocrx_word' id='word_1_230' title='bbox 594 2997 875 3066; x_wconf 78' lang='grc' dir='ltr'><strong>ποταμίων</strong></span> <span class='ocrx_word' id='word_1_231' title='bbox 907 2998 1132 3061; x_wconf 82' lang='grc' dir='ltr'><strong>ὑδάτων,</strong></span> <span class='ocrx_word' id='word_1_232' title='bbox 1169 2997 1302 3048; x_wconf 83' lang='grc' dir='ltr'><strong>αὑτὸ</strong></span> <span class='ocrx_word' id='word_1_233' title='bbox 1331 2996 1390 3048; x_wconf 78' lang='grc' dir='ltr'><strong>τὸ</strong></span> <span class='ocrx_word' id='word_1_234' title='bbox 1416 2999 1651 3066; x_wconf 81' lang='grc' dir='ltr'><strong>πρᾶγμα</strong></span> <span class='ocrx_word' id='word_1_235' title='bbox 1684 2999 1854 3065; x_wconf 76' lang='grc' dir='ltr'><strong>παρί-</strong></span> 
     </span>
    </p>
   </div>
   <div class='ocr_carea' id='block_1_33' title="bbox 1951 539 3515 610">
    <p class='ocr_par' dir='ltr' id='par_1_33' title="bbox 1951 539 3515 610">
     <span class='ocr_line' id='line_1_33' title="bbox 1951 539 3515 610; baseline -0.005 -16"><span class='ocrx_word' id='word_1_236' title='bbox 1951 539 2184 595; x_wconf 85' lang='lat' dir='ltr'><strong>fluentes</strong></span> <span class='ocrx_word' id='word_1_237' title='bbox 2239 541 2427 595; x_wconf 89' lang='lat' dir='ltr'><strong>dulces</strong></span> <span class='ocrx_word' id='word_1_238' title='bbox 2491 555 2553 596; x_wconf 87' lang='lat' dir='ltr'><strong>ac</strong></span> <span class='ocrx_word' id='word_1_239' title='bbox 2591 541 2856 610; x_wconf 87' lang='lat' dir='ltr'><strong>potabiles</strong></span> <span class='ocrx_word' id='word_1_240' title='bbox 2899 555 3038 605; x_wconf 87' lang='lat' dir='ltr'><strong>esse,</strong></span> <span class='ocrx_word' id='word_1_241' title='bbox 3105 539 3280 606; x_wconf 88' lang='lat' dir='ltr'><strong>ipsum</strong></span> <span class='ocrx_word' id='word_1_242' title='bbox 3333 544 3515 590; x_wconf 88' lang='lat' dir='ltr'><strong>autem</strong></span> 
     </span>
    </p>
   </div>
   <div class='ocr_carea' id='block_1_34' title="bbox 1950 626 3516 700">
    <p class='ocr_par' dir='ltr' id='par_1_34' title="bbox 1950 626 3516 700">
     <span class='ocr_line' id='line_1_34' title="bbox 1950 626 3516 700; baseline -0.005 -14"><span class='ocrx_word' id='word_1_243' title='bbox 1950 647 2097 686; x_wconf 87' lang='lat' dir='ltr'><strong>mare</strong></span> <span class='ocrx_word' id='word_1_244' title='bbox 2129 641 2338 696; x_wconf 83' lang='lat' dir='ltr'><strong>tantum</strong></span> <span class='ocrx_word' id='word_1_245' title='bbox 2368 646 2615 686; x_wconf 89' lang='lat' dir='ltr'><strong>amarum</strong></span> <span class='ocrx_word' id='word_1_246' title='bbox 2644 645 2742 686; x_wconf 90' lang='lat' dir='ltr'><strong>nec</strong></span> <span class='ocrx_word' id='word_1_247' title='bbox 2771 632 2864 686; x_wconf 85' lang='lat' dir='ltr'><strong>ulli</strong></span> <span class='ocrx_word' id='word_1_248' title='bbox 2892 631 2958 685; x_wconf 95' lang='lat' dir='ltr'><strong>ad</strong></span> <span class='ocrx_word' id='word_1_249' title='bbox 2985 638 3170 700; x_wconf 89' lang='lat' dir='ltr'><strong>potum</strong></span> <span class='ocrx_word' id='word_1_250' title='bbox 3195 626 3341 682; x_wconf 89' lang='lat' dir='ltr'><strong>usui.</strong></span> <span class='ocrx_word' id='word_1_251' title='bbox 3379 626 3516 682; x_wconf 86' lang='lat' dir='ltr'><strong>Nam</strong></span> 
     </span>
    </p>
   </div>
   <div class='ocr_carea' id='block_1_35' title="bbox 1950 719 3519 794">
    <p class='ocr_par' dir='ltr' id='par_1_35' title="bbox 1950 719 3519 794">
     <span class='ocr_line' id='line_1_35' title="bbox 1950 719 3519 794; baseline -0.004 -16"><span class='ocrx_word' id='word_1_252' title='bbox 1950 734 2176 794; x_wconf 77' lang='lat' dir='ltr'><strong>propter</strong></span> <span class='ocrx_word' id='word_1_253' title='bbox 2207 724 2606 778; x_wconf 80' lang='lat' dir='ltr'><strong>exhalationem</strong></span> <span class='ocrx_word' id='word_1_254' title='bbox 2657 725 2801 778; x_wconf 82' lang='lat' dir='ltr'><strong>illam</strong></span> <span class='ocrx_word' id='word_1_255' title='bbox 2843 724 3148 784; x_wconf 79' lang='lat' dir='ltr'><strong>fumosam,</strong></span> <span class='ocrx_word' id='word_1_256' title='bbox 3198 737 3318 790; x_wconf 69' lang='lat' dir='ltr'><strong>qua:</strong></span> <span class='ocrx_word' id='word_1_257' title='bbox 3363 719 3418 773; x_wconf 92' lang='lat' dir='ltr'><strong>in</strong></span> <span class='ocrx_word' id='word_1_258' title='bbox 3451 733 3519 771; x_wconf 90' lang='lat' dir='ltr'><strong>eo</strong></span> 
     </span>
    </p>
   </div>
   <div class='ocr_carea' id='block_1_36' title="bbox 1951 813 3521 887">
    <p class='ocr_par' dir='ltr' id='par_1_36' title="bbox 1951 813 3521 887">
     <span class='ocr_line' id='line_1_36' title="bbox 1951 813 3521 887; baseline -0.006 -15"><span class='ocrx_word' id='word_1_259' title='bbox 1951 818 2031 882; x_wconf 83' lang='lat' dir='ltr'><strong>fit,</strong></span> <span class='ocrx_word' id='word_1_260' title='bbox 2061 835 2292 887; x_wconf 66' lang='lat' dir='ltr'><strong>quaeque</strong></span> <span class='ocrx_word' id='word_1_261' title='bbox 2317 819 2486 873; x_wconf 80' lang='lat' dir='ltr'><strong>veluti</strong></span> <span class='ocrx_word' id='word_1_262' title='bbox 2525 817 2994 887; x_wconf 65' lang='lat' dir='ltr'><strong>spumeum;eflicit</strong></span> <span class='ocrx_word' id='word_1_263' title='bbox 3021 828 3075 870; x_wconf 89' lang='lat' dir='ltr'><strong>et</strong></span> <span class='ocrx_word' id='word_1_264' title='bbox 3096 813 3343 870; x_wconf 87' lang='lat' dir='ltr'><strong>accendit</strong></span> <span class='ocrx_word' id='word_1_265' title='bbox 3370 827 3521 865; x_wconf 86' lang='lat' dir='ltr'><strong>mare</strong></span> 
     </span>
    </p>
   </div>
   <div class='ocr_carea' id='block_1_37' title="bbox 1952 903 3515 978">
    <p class='ocr_par' dir='ltr' id='par_1_37' title="bbox 1952 903 3515 978">
     <span class='ocr_line' id='line_1_37' title="bbox 1952 903 3515 978; baseline -0.004 -16"><span class='ocrx_word' id='word_1_266' title='bbox 1952 925 2015 964; x_wconf 91' lang='lat' dir='ltr'><strong>ac</strong></span> <span class='ocrx_word' id='word_1_267' title='bbox 2049 911 2364 978; x_wconf 83' lang='lat' dir='ltr'><strong>qualitatem</strong></span> <span class='ocrx_word' id='word_1_268' title='bbox 2396 913 2443 967; x_wconf 90' lang='lat' dir='ltr'><strong>ei</strong></span> <span class='ocrx_word' id='word_1_269' title='bbox 2480 927 2721 966; x_wconf 89' lang='lat' dir='ltr'><strong>amaram</strong></span> <span class='ocrx_word' id='word_1_270' title='bbox 2753 910 2915 970; x_wconf 90' lang='lat' dir='ltr'><strong>indit,</strong></span> <span class='ocrx_word' id='word_1_271' title='bbox 2950 907 3168 962; x_wconf 88' lang='lat' dir='ltr'><strong>tandem</strong></span> <span class='ocrx_word' id='word_1_272' title='bbox 3196 920 3334 972; x_wconf 85' lang='lat' dir='ltr'><strong>aqua</strong></span> <span class='ocrx_word' id='word_1_273' title='bbox 3371 903 3515 957; x_wconf 89' lang='lat' dir='ltr'><strong>salsa</strong></span> 
     </span>
    </p>
   </div>
   <div class='ocr_carea' id='block_1_38' title="bbox 1954 996 3518 1071">
    <p class='ocr_par' dir='ltr' id='par_1_38' title="bbox 1954 996 3518 1071">
     <span class='ocr_line' id='line_1_38' title="bbox 1954 996 3518 1071; baseline -0.005 -17"><span class='ocrx_word' id='word_1_274' title='bbox 1954 1002 2313 1070; x_wconf 87' lang='lat' dir='ltr'><strong>reliquiarum</strong></span> <span class='ocrx_word' id='word_1_275' title='bbox 2357 1003 2510 1071; x_wconf 89' lang='lat' dir='ltr'><strong>quasi</strong></span> <span class='ocrx_word' id='word_1_276' title='bbox 2562 1001 2918 1071; x_wconf 89' lang='lat' dir='ltr'><strong>quarumdam</strong></span> <span class='ocrx_word' id='word_1_277' title='bbox 2969 999 3140 1053; x_wconf 87' lang='lat' dir='ltr'><strong>instar</strong></span> <span class='ocrx_word' id='word_1_278' title='bbox 3170 996 3518 1064; x_wconf 84' lang='lat' dir='ltr'><strong>relinquitur.</strong></span> 
     </span>
    </p>
   </div>
   <div class='ocr_carea' id='block_1_39' title="bbox 1953 1084 3519 1162">
    <p class='ocr_par' dir='ltr' id='par_1_39' title="bbox 1953 1084 3519 1162">
     <span class='ocr_line' id='line_1_39' title="bbox 1953 1084 3519 1162; baseline -0.008 -14"><span class='ocrx_word' id='word_1_279' title='bbox 1953 1093 2020 1148; x_wconf 87' lang='lat' dir='ltr'><strong>Et</strong></span> <span class='ocrx_word' id='word_1_280' title='bbox 2047 1093 2280 1148; x_wconf 83' lang='lat' dir='ltr'><strong>ﬂuvialis</strong></span> <span class='ocrx_word' id='word_1_281' title='bbox 2320 1094 2540 1162; x_wconf 91' lang='lat' dir='ltr'><strong>quidem</strong></span> <span class='ocrx_word' id='word_1_282' title='bbox 2575 1109 2714 1161; x_wconf 89' lang='lat' dir='ltr'><strong>aqua</strong></span> <span class='ocrx_word' id='word_1_283' title='bbox 2748 1092 2918 1145; x_wconf 90' lang='lat' dir='ltr'><strong>nihilo</strong></span> <span class='ocrx_word' id='word_1_284' title='bbox 2947 1090 3125 1144; x_wconf 90' lang='lat' dir='ltr'><strong>secius</strong></span> <span class='ocrx_word' id='word_1_285' title='bbox 3155 1087 3295 1142; x_wconf 88' lang='lat' dir='ltr'><strong>salsa</strong></span> <span class='ocrx_word' id='word_1_286' title='bbox 3319 1084 3519 1138; x_wconf 87' lang='lat' dir='ltr'><strong>redde-</strong></span> 
     </span>
    </p>
   </div>
   <div class='ocr_carea' id='block_1_40' title="bbox 1955 1183 3520 1255">
    <p class='ocr_par' dir='ltr' id='par_1_40' title="bbox 1955 1183 3520 1255">
     <span class='ocr_line' id='line_1_40' title="bbox 1955 1183 3520 1255; baseline -0.006 -17"><span class='ocrx_word' id='word_1_287' title='bbox 1955 1198 2132 1249; x_wconf 84' lang='lat' dir='ltr'><strong>retur,</strong></span> <span class='ocrx_word' id='word_1_288' title='bbox 2160 1201 2282 1238; x_wconf 90' lang='lat' dir='ltr'><strong>cum</strong></span> <span class='ocrx_word' id='word_1_289' title='bbox 2313 1196 2367 1240; x_wconf 91' lang='lat' dir='ltr'><strong>et</strong></span> <span class='ocrx_word' id='word_1_290' title='bbox 2395 1187 2508 1255; x_wconf 88' lang='lat' dir='ltr'><strong>ipsa</strong></span> <span class='ocrx_word' id='word_1_291' title='bbox 2536 1188 2738 1240; x_wconf 86' lang='lat' dir='ltr'><strong>sentiat</strong></span> <span class='ocrx_word' id='word_1_292' title='bbox 2769 1183 3147 1238; x_wconf 81' lang='lat' dir='ltr'><strong>exhalationes</strong></span> <span class='ocrx_word' id='word_1_293' title='bbox 3189 1195 3254 1233; x_wconf 90' lang='lat' dir='ltr'><strong>ac</strong></span> <span class='ocrx_word' id='word_1_294' title='bbox 3299 1187 3520 1241; x_wconf 87' lang='lat' dir='ltr'><strong>uratur;</strong></span> 
     </span>
    </p>
   </div>
   <div class='ocr_carea' id='block_1_41' title="bbox 1953 1266 3520 1344">
    <p class='ocr_par' dir='ltr' id='par_1_41' title="bbox 1953 1266 3520 1344">
     <span class='ocr_line' id='line_1_41' title="bbox 1953 1266 3520 1344; baseline -0.007 -16"><span class='ocrx_word' id='word_1_295' title='bbox 1953 1290 2146 1328; x_wconf 83' lang='lat' dir='ltr'><strong>verum</strong></span> <span class='ocrx_word' id='word_1_296' title='bbox 2179 1276 2233 1329; x_wconf 90' lang='lat' dir='ltr'><strong>id</strong></span> <span class='ocrx_word' id='word_1_297' title='bbox 2267 1285 2446 1328; x_wconf 89' lang='lat' dir='ltr'><strong>motus</strong></span> <span class='ocrx_word' id='word_1_298' title='bbox 2488 1276 2656 1344; x_wconf 85' lang='lat' dir='ltr'><strong>ipsius</strong></span> <span class='ocrx_word' id='word_1_299' title='bbox 2706 1285 3004 1344; x_wconf 89' lang='lat' dir='ltr'><strong>perpetuus</strong></span> <span class='ocrx_word' id='word_1_300' title='bbox 3053 1271 3199 1325; x_wconf 83' lang='lat' dir='ltr'><strong>haud</strong></span> <span class='ocrx_word' id='word_1_301' title='bbox 3245 1266 3520 1322; x_wconf 83' lang='lat' dir='ltr'><strong>concedit.</strong></span> 
     </span>
    </p>
   </div>
   <div class='ocr_carea' id='block_1_42' title="bbox 1953 1365 3521 1430">
    <p class='ocr_par' dir='ltr' id='par_1_42' title="bbox 1953 1365 3521 1430">
     <span class='ocr_line' id='line_1_42' title="bbox 1953 1365 3521 1430; baseline -0.006 -12"><span class='ocrx_word' id='word_1_302' title='bbox 1953 1367 2022 1418; x_wconf 82' lang='lat' dir='ltr'><strong>At</strong></span> <span class='ocrx_word' id='word_1_303' title='bbox 2062 1379 2209 1418; x_wconf 85' lang='lat' dir='ltr'><strong>mare</strong></span> <span class='ocrx_word' id='word_1_304' title='bbox 2260 1379 2502 1418; x_wconf 86' lang='lat' dir='ltr'><strong>concavo</strong></span> <span class='ocrx_word' id='word_1_305' title='bbox 2545 1365 2596 1416; x_wconf 94' lang='lat' dir='ltr'><strong>in</strong></span> <span class='ocrx_word' id='word_1_306' title='bbox 2642 1365 2763 1417; x_wconf 88' lang='lat' dir='ltr'><strong>loco</strong></span> <span class='ocrx_word' id='word_1_307' title='bbox 2790 1371 3136 1430; x_wconf 84' lang='lat' dir='ltr'><strong>restagnans,</strong></span> <span class='ocrx_word' id='word_1_308' title='bbox 3171 1369 3226 1412; x_wconf 89' lang='lat' dir='ltr'><strong>et</strong></span> <span class='ocrx_word' id='word_1_309' title='bbox 3271 1372 3521 1412; x_wconf 90' lang='lat' dir='ltr'><strong>seorsum</strong></span> 
     </span>
    </p>
   </div>
   <div class='ocr_carea' id='block_1_43' title="bbox 1954 1446 3523 1518">
    <p class='ocr_par' dir='ltr' id='par_1_43' title="bbox 1954 1446 3523 1518">
     <span class='ocr_line' id='line_1_43' title="bbox 1954 1446 3523 1518; baseline -0.005 -10"><span class='ocrx_word' id='word_1_310' title='bbox 1954 1471 2184 1509; x_wconf 86' lang='lat' dir='ltr'><strong>manens</strong></span> <span class='ocrx_word' id='word_1_311' title='bbox 2235 1464 2290 1507; x_wconf 93' lang='lat' dir='ltr'><strong>et</strong></span> <span class='ocrx_word' id='word_1_312' title='bbox 2344 1455 2621 1516; x_wconf 78' lang='lat' dir='ltr'><strong>insistens,</strong></span> <span class='ocrx_word' id='word_1_313' title='bbox 2675 1454 2831 1506; x_wconf 83' lang='lat' dir='ltr'><strong>facile</strong></span> <span class='ocrx_word' id='word_1_314' title='bbox 2863 1451 3161 1518; x_wconf 73' lang='lat' dir='ltr'><strong>salsugiuis</strong></span> <span class='ocrx_word' id='word_1_315' title='bbox 3201 1464 3394 1504; x_wconf 86' lang='lat' dir='ltr'><strong>causas</strong></span> <span class='ocrx_word' id='word_1_316' title='bbox 3425 1446 3523 1501; x_wconf 84' lang='lat' dir='ltr'><strong>ad-</strong></span> 
     </span>
    </p>
   </div>
   <div class='ocr_carea' id='block_1_44' title="bbox 1953 1541 3522 1601">
    <p class='ocr_par' dir='ltr' id='par_1_44' title="bbox 1953 1541 3522 1601">
     <span class='ocr_line' id='line_1_44' title="bbox 1953 1541 3522 1601; baseline -0.006 -1"><span class='ocrx_word' id='word_1_317' title='bbox 1953 1548 2140 1601; x_wconf 86' lang='lat' dir='ltr'><strong>mittit.</strong></span> <span class='ocrx_word' id='word_1_318' title='bbox 2202 1547 2351 1600; x_wconf 80' lang='lat' dir='ltr'><strong>Hanc</strong></span> <span class='ocrx_word' id='word_1_319' title='bbox 2423 1546 2685 1599; x_wconf 86' lang='lat' dir='ltr'><strong>rationem</strong></span> <span class='ocrx_word' id='word_1_320' title='bbox 2742 1555 2980 1597; x_wconf 87' lang='lat' dir='ltr'><strong>nostram</strong></span> <span class='ocrx_word' id='word_1_321' title='bbox 3023 1543 3263 1597; x_wconf 83' lang='lat' dir='ltr'><strong>Joannes</strong></span> <span class='ocrx_word' id='word_1_322' title='bbox 3327 1541 3522 1592; x_wconf 81' lang='lat' dir='ltr'><strong>Dama-</strong></span> 
     </span>
    </p>
   </div>
   <div class='ocr_carea' id='block_1_45' title="bbox 1954 1631 3521 1706">
    <p class='ocr_par' dir='ltr' id='par_1_45' title="bbox 1954 1631 3521 1706">
     <span class='ocr_line' id='line_1_45' title="bbox 1954 1631 3521 1706; baseline -0.006 -12"><span class='ocrx_word' id='word_1_323' title='bbox 1954 1654 2155 1694; x_wconf 86' lang='lat' dir='ltr'><strong>sceuus</strong></span> <span class='ocrx_word' id='word_1_324' title='bbox 2193 1638 2496 1700; x_wconf 83' lang='lat' dir='ltr'><strong>confirmat,</strong></span> <span class='ocrx_word' id='word_1_325' title='bbox 2533 1653 2654 1690; x_wconf 83' lang='lat' dir='ltr'><strong>eum</strong></span> <span class='ocrx_word' id='word_1_326' title='bbox 2709 1637 2911 1706; x_wconf 84' lang='lat' dir='ltr'><strong>inquit:</strong></span> <span class='ocrx_word' id='word_1_327' title='bbox 2945 1633 3195 1689; x_wconf 89' lang='lat' dir='ltr'><strong>Oceanus</strong></span> <span class='ocrx_word' id='word_1_328' title='bbox 3226 1631 3521 1700; x_wconf 76' lang='lat' dir='ltr'><strong>caeteroqui</strong></span> 
     </span>
    </p>
   </div>
   <div class='ocr_carea' id='block_1_46' title="bbox 1957 1723 3521 1798">
    <p class='ocr_par' dir='ltr' id='par_1_46' title="bbox 1957 1723 3521 1798">
     <span class='ocr_line' id='line_1_46' title="bbox 1957 1723 3521 1798; baseline -0.005 -16"><span class='ocrx_word' id='word_1_329' title='bbox 1957 1729 2212 1798; x_wconf 84' lang='lat' dir='ltr'><strong>potabilis</strong></span> <span class='ocrx_word' id='word_1_330' title='bbox 2239 1743 2302 1780; x_wconf 90' lang='lat' dir='ltr'><strong>ac</strong></span> <span class='ocrx_word' id='word_1_331' title='bbox 2329 1728 2506 1780; x_wconf 84' lang='lat' dir='ltr'><strong>dulcis</strong></span> <span class='ocrx_word' id='word_1_332' title='bbox 2536 1728 2669 1779; x_wconf 89' lang='lat' dir='ltr'><strong>mari</strong></span> <span class='ocrx_word' id='word_1_333' title='bbox 2708 1742 2901 1793; x_wconf 87' lang='lat' dir='ltr'><strong>aquam</strong></span> <span class='ocrx_word' id='word_1_334' title='bbox 2939 1723 3272 1794; x_wconf 83' lang='lat' dir='ltr'><strong>suppeditat.</strong></span> <span class='ocrx_word' id='word_1_335' title='bbox 3319 1723 3521 1776; x_wconf 69' lang='lat' dir='ltr'><strong>Verum</strong></span> 
     </span>
    </p>
   </div>
   <div class='ocr_carea' id='block_1_47' title="bbox 1957 1798 3522 1886">
    <p class='ocr_par' dir='ltr' id='par_1_47' title="bbox 1957 1798 3522 1886">
     <span class='ocr_line' id='line_1_47' title="bbox 1957 1798 3522 1886; baseline -0.008 -12"><span class='ocrx_word' id='word_1_336' title='bbox 1957 1833 2077 1874; x_wconf 89' lang='lat' dir='ltr'><strong>cum</strong></span> <span class='ocrx_word' id='word_1_337' title='bbox 2117 1832 2180 1871; x_wconf 89' lang='lat' dir='ltr'><strong>ea</strong></span> <span class='ocrx_word' id='word_1_338' title='bbox 2225 1798 2318 1870; x_wconf 80' lang='lat' dir='ltr'><strong>diti</strong></span> <span class='ocrx_word' id='word_1_339' title='bbox 2359 1817 2465 1886; x_wconf 87' lang='lat' dir='ltr'><strong>jam</strong></span> <span class='ocrx_word' id='word_1_340' title='bbox 2519 1831 2626 1868; x_wconf 92' lang='lat' dir='ltr'><strong>uno</strong></span> <span class='ocrx_word' id='word_1_341' title='bbox 2666 1815 2878 1868; x_wconf 86' lang='lat' dir='ltr'><strong>insistat</strong></span> <span class='ocrx_word' id='word_1_342' title='bbox 2913 1816 3034 1867; x_wconf 82' lang='lat' dir='ltr'><strong>loco</strong></span> <span class='ocrx_word' id='word_1_343' title='bbox 3066 1829 3166 1866; x_wconf 90' lang='lat' dir='ltr'><strong>nec</strong></span> <span class='ocrx_word' id='word_1_344' title='bbox 3212 1822 3522 1873; x_wconf 71' lang='lat' dir='ltr'><strong>moveatur,</strong></span> 
     </span>
    </p>
   </div>
   <div class='ocr_carea' id='block_1_48' title="bbox 1956 1902 3527 1974">
    <p class='ocr_par' dir='ltr' id='par_1_48' title="bbox 1956 1902 3527 1974">
     <span class='ocr_line' id='line_1_48' title="bbox 1956 1902 3527 1974; baseline -0.006 -11"><span class='ocrx_word' id='word_1_345' title='bbox 1956 1907 2270 1969; x_wconf 85' lang='lat' dir='ltr'><strong>amarescit,</strong></span> <span class='ocrx_word' id='word_1_346' title='bbox 2298 1907 2412 1960; x_wconf 91' lang='lat' dir='ltr'><strong>sole</strong></span> <span class='ocrx_word' id='word_1_347' title='bbox 2440 1906 2654 1960; x_wconf 89' lang='lat' dir='ltr'><strong>scilicet</strong></span> <span class='ocrx_word' id='word_1_348' title='bbox 2692 1917 2954 1974; x_wconf 85' lang='lat' dir='ltr'><strong>perpetuo</strong></span> <span class='ocrx_word' id='word_1_349' title='bbox 2990 1904 3130 1973; x_wconf 84' lang='lat' dir='ltr'><strong>quod</strong></span> <span class='ocrx_word' id='word_1_350' title='bbox 3161 1902 3416 1956; x_wconf 88' lang='lat' dir='ltr'><strong>subtilius</strong></span> <span class='ocrx_word' id='word_1_351' title='bbox 3441 1910 3527 1955; x_wconf 90' lang='lat' dir='ltr'><strong>est</strong></span> 
     </span>
    </p>
   </div>
   <div class='ocr_carea' id='block_1_49' title="bbox 1955 1995 3520 2066">
    <p class='ocr_par' dir='ltr' id='par_1_49' title="bbox 1955 1995 3520 2066">
     <span class='ocr_line' id='line_1_49' title="bbox 1955 1995 3520 2066; baseline -0.006 -11"><span class='ocrx_word' id='word_1_352' title='bbox 1955 2001 2334 2063; x_wconf 81' lang='lat' dir='ltr'><strong>exhauriente,</strong></span> <span class='ocrx_word' id='word_1_353' title='bbox 2365 1995 2612 2066; x_wconf 74' lang='lat' dir='ltr'><strong>itemque’</strong></span> <span class='ocrx_word' id='word_1_354' title='bbox 2629 1998 2953 2066; x_wconf 81' lang='lat' dir='ltr'><strong>siphonibus</strong></span> <span class='ocrx_word' id='word_1_355' title='bbox 2979 1997 3133 2064; x_wconf 89' lang='lat' dir='ltr'><strong>quasi</strong></span> <span class='ocrx_word' id='word_1_356' title='bbox 3165 1995 3520 2064; x_wconf 86' lang='lat' dir='ltr'><strong>quibusdam,</strong></span> 
     </span>
    </p>
   </div>
   <div class='ocr_carea' id='block_1_50' title="bbox 1924 2084 3517 2154">
    <p class='ocr_par' dir='ltr' id='par_1_50' title="bbox 1924 2084 3517 2154">
     <span class='ocr_line' id='line_1_50' title="bbox 1924 2084 3517 2154; baseline -0.006 -10"><span class='ocrx_word' id='word_1_357' title='bbox 1924 2089 2103 2144; x_wconf 83' lang='lat' dir='ltr'><strong>&#39;unde</strong></span> <span class='ocrx_word' id='word_1_358' title='bbox 2151 2088 2327 2142; x_wconf 89' lang='lat' dir='ltr'><strong>nubes</strong></span> <span class='ocrx_word' id='word_1_359' title='bbox 2370 2087 2641 2140; x_wconf 84' lang='lat' dir='ltr'><strong>exsistunt</strong></span> <span class='ocrx_word' id='word_1_360' title='bbox 2689 2084 2975 2154; x_wconf 76' lang='lat' dir='ltr'><strong>et.pluvi2e</strong></span> <span class='ocrx_word' id='word_1_361' title='bbox 2998 2084 3319 2152; x_wconf 77' lang='lat' dir='ltr'><strong>gignuntur,</strong></span> <span class='ocrx_word' id='word_1_362' title='bbox 3375 2095 3517 2150; x_wconf 83' lang='lat' dir='ltr'><strong>aqua</strong></span> 
     </span>
    </p>
   </div>
   <div class='ocr_carea' id='block_1_51' title="bbox 1955 2171 3527 2247">
    <p class='ocr_par' dir='ltr' id='par_1_51' title="bbox 1955 2171 3527 2247">
     <span class='ocr_line' id='line_1_51' title="bbox 1955 2171 3527 2247; baseline -0.007 -13"><span class='ocrx_word' id='word_1_363' title='bbox 1955 2179 2122 2234; x_wconf 85' lang='lat' dir='ltr'><strong>veluti</strong></span> <span class='ocrx_word' id='word_1_364' title='bbox 2153 2177 2518 2247; x_wconf 84' lang='lat' dir='ltr'><strong>percolatione</strong></span> <span class='ocrx_word' id='word_1_365' title='bbox 2539 2179 2770 2244; x_wconf 87' lang='lat' dir='ltr'><strong>quadam</strong></span> <span class='ocrx_word' id='word_1_366' title='bbox 2795 2175 3101 2229; x_wconf 64' lang='lat' dir='ltr'><strong>edulcata.»</strong></span> <span class='ocrx_word' id='word_1_367' title='bbox 3136 2172 3340 2227; x_wconf 86' lang='lat' dir='ltr'><strong>Eodem</strong></span> <span class='ocrx_word' id='word_1_368' title='bbox 3365 2171 3527 2224; x_wconf 83' lang='lat' dir='ltr'><strong>modo</strong></span> 
     </span>
    </p>
   </div>
   <div class='ocr_carea' id='block_1_52' title="bbox 1955 2263 3525 2323">
    <p class='ocr_par' dir='ltr' id='par_1_52' title="bbox 1955 2263 3525 2323">
     <span class='ocr_line' id='line_1_52' title="bbox 1955 2263 3525 2323; baseline -0.006 0"><span class='ocrx_word' id='word_1_369' title='bbox 1955 2278 2011 2323; x_wconf 86' lang='lat' dir='ltr'><strong>et</strong></span> <span class='ocrx_word' id='word_1_370' title='bbox 2041 2269 2280 2322; x_wconf 83' lang='lat' dir='ltr'><strong>Sinaites</strong></span> <span class='ocrx_word' id='word_1_371' title='bbox 2311 2266 2634 2320; x_wconf 83' lang='lat' dir='ltr'><strong>Anastasius</strong></span> <span class='ocrx_word' id='word_1_372' title='bbox 2666 2266 2720 2318; x_wconf 89' lang='lat' dir='ltr'><strong>iu</strong></span> <span class='ocrx_word' id='word_1_373' title='bbox 2750 2263 3146 2319; x_wconf 90' lang='lat' dir='ltr'><strong>commentario</strong></span> <span class='ocrx_word' id='word_1_374' title='bbox 3194 2276 3292 2316; x_wconf 86' lang='lat' dir='ltr'><strong>suo</strong></span> <span class='ocrx_word' id='word_1_375' title='bbox 3331 2263 3398 2314; x_wconf 91' lang='lat' dir='ltr'><strong>de</strong></span> <span class='ocrx_word' id='word_1_376' title='bbox 3428 2275 3525 2314; x_wconf 81' lang='lat' dir='ltr'><strong>sex</strong></span> 
     </span>
    </p>
   </div>
   <div class='ocr_carea' id='block_1_53' title="bbox 1957 2353 3523 2431">
    <p class='ocr_par' dir='ltr' id='par_1_53' title="bbox 1957 2353 3523 2431">
     <span class='ocr_line' id='line_1_53' title="bbox 1957 2353 3523 2431; baseline -0.006 -17"><span class='ocrx_word' id='word_1_377' title='bbox 1957 2362 2262 2431; x_wconf 88' lang='lat' dir='ltr'><strong>primorum</strong></span> <span class='ocrx_word' id='word_1_378' title='bbox 2291 2359 2504 2412; x_wconf 86' lang='lat' dir='ltr'><strong>dierum</strong></span> <span class='ocrx_word' id='word_1_379' title='bbox 2538 2359 2641 2428; x_wconf 78' lang='lat'><strong>16</strong></span> <span class='ocrx_word' id='word_1_380' title='bbox 2666 2358 2925 2426; x_wconf 83' lang='lat' dir='ltr'><strong>eperibus</strong></span> <span class='ocrx_word' id='word_1_381' title='bbox 2950 2358 3092 2410; x_wconf 89' lang='lat' dir='ltr'><strong>hanc</strong></span> <span class='ocrx_word' id='word_1_382' title='bbox 3133 2371 3245 2408; x_wconf 88' lang='lat' dir='ltr'><strong>rem</strong></span> <span class='ocrx_word' id='word_1_383' title='bbox 3266 2353 3523 2422; x_wconf 71' lang='lat' dir='ltr'><strong>explicat.</strong></span> 
     </span>
    </p>
   </div>
   <div class='ocr_carea' id='block_1_54' title="bbox 1964 2447 3529 2518">
    <p class='ocr_par' dir='ltr' id='par_1_54' title="bbox 1964 2447 3529 2518">
     <span class='ocr_line' id='line_1_54' title="bbox 1964 2447 3529 2518; baseline -0.004 -15"><span class='ocrx_word' id='word_1_384' title='bbox 1964 2451 2160 2516; x_wconf 68' lang='lat' dir='ltr'><strong>«Mare,</strong></span> <span class='ocrx_word' id='word_1_385' title='bbox 2207 2450 2404 2518; x_wconf 86' lang='lat' dir='ltr'><strong>inquit,</strong></span> <span class='ocrx_word' id='word_1_386' title='bbox 2446 2461 2560 2504; x_wconf 89' lang='lat' dir='ltr'><strong>erat</strong></span> <span class='ocrx_word' id='word_1_387' title='bbox 2591 2448 2744 2503; x_wconf 90' lang='lat' dir='ltr'><strong>initio</strong></span> <span class='ocrx_word' id='word_1_388' title='bbox 2777 2447 2956 2509; x_wconf 86' lang='lat' dir='ltr'><strong>dulce,</strong></span> <span class='ocrx_word' id='word_1_389' title='bbox 3006 2447 3386 2515; x_wconf 88' lang='lat' dir='ltr'><strong>liquoremque</strong></span> <span class='ocrx_word' id='word_1_390' title='bbox 3433 2458 3529 2514; x_wconf 88' lang='lat' dir='ltr'><strong>po-</strong></span> 
     </span>
    </p>
   </div>
   <div class='ocr_carea' id='block_1_55' title="bbox 1961 2535 3528 2602">
    <p class='ocr_par' dir='ltr' id='par_1_55' title="bbox 1961 2535 3528 2602">
     <span class='ocr_line' id='line_1_55' title="bbox 1961 2535 3528 2602; baseline -0.006 -5"><span class='ocrx_word' id='word_1_391' title='bbox 1961 2543 2180 2598; x_wconf 88' lang='lat' dir='ltr'><strong>tabilem</strong></span> <span class='ocrx_word' id='word_1_392' title='bbox 2223 2540 2573 2602; x_wconf 87' lang='lat' dir='ltr'><strong>continebat;</strong></span> <span class='ocrx_word' id='word_1_393' title='bbox 2625 2539 2718 2593; x_wconf 88' lang='lat' dir='ltr'><strong>sed</strong></span> <span class='ocrx_word' id='word_1_394' title='bbox 2782 2538 3044 2602; x_wconf 81' lang='lat' dir='ltr'><strong>deinceps</strong></span> <span class='ocrx_word' id='word_1_395' title='bbox 3097 2552 3127 2591; x_wconf 90' lang='lat' dir='ltr'><strong>a</strong></span> <span class='ocrx_word' id='word_1_396' title='bbox 3186 2535 3528 2600; x_wconf 79' lang='lat' dir='ltr'><strong>temporibus</strong></span> 
     </span>
    </p>
   </div>
   <div class='ocr_carea' id='block_1_56' title="bbox 1958 2627 3522 2698">
    <p class='ocr_par' dir='ltr' id='par_1_56' title="bbox 1958 2627 3522 2698">
     <span class='ocr_line' id='line_1_56' title="bbox 1958 2627 3522 2698; baseline -0.005 -12"><span class='ocrx_word' id='word_1_397' title='bbox 1958 2632 2316 2686; x_wconf 87' lang='lat' dir='ltr'><strong>diuturnitate</strong></span> <span class='ocrx_word' id='word_1_398' title='bbox 2373 2647 2437 2684; x_wconf 89' lang='lat' dir='ltr'><strong>ac</strong></span> <span class='ocrx_word' id='word_1_399' title='bbox 2483 2629 2770 2684; x_wconf 88' lang='lat' dir='ltr'><strong>elementis</strong></span> <span class='ocrx_word' id='word_1_400' title='bbox 2824 2627 2955 2698; x_wconf 82' lang='lat' dir='ltr'><strong>ipsis</strong></span> <span class='ocrx_word' id='word_1_401' title='bbox 3000 2643 3120 2682; x_wconf 90' lang='lat' dir='ltr'><strong>eam</strong></span> <span class='ocrx_word' id='word_1_402' title='bbox 3159 2627 3522 2681; x_wconf 90' lang='lat' dir='ltr'><strong>mutationem</strong></span> 
     </span>
    </p>
   </div>
   <div class='ocr_carea' id='block_1_57' title="bbox 1957 2718 3525 2792">
    <p class='ocr_par' dir='ltr' id='par_1_57' title="bbox 1957 2718 3525 2792">
     <span class='ocr_line' id='line_1_57' title="bbox 1957 2718 3525 2792; baseline -0.006 -13"><span class='ocrx_word' id='word_1_403' title='bbox 1957 2724 2186 2792; x_wconf 86' lang='lat' dir='ltr'><strong>accepit,</strong></span> <span class='ocrx_word' id='word_1_404' title='bbox 2225 2738 2388 2792; x_wconf 89' lang='lat' dir='ltr'><strong>quam</strong></span> <span class='ocrx_word' id='word_1_405' title='bbox 2421 2722 2579 2775; x_wconf 92' lang='lat' dir='ltr'><strong>modo</strong></span> <span class='ocrx_word' id='word_1_406' title='bbox 2605 2720 2936 2789; x_wconf 84' lang='lat' dir='ltr'><strong>experimur.</strong></span> <span class='ocrx_word' id='word_1_407' title='bbox 2977 2738 2995 2771; x_wconf 76' lang='grc' dir='ltr'><strong>ι</strong></span> <span class='ocrx_word' id='word_1_408' title='bbox 3038 2720 3171 2773; x_wconf 85' lang='lat' dir='ltr'><strong>Nam</strong></span> <span class='ocrx_word' id='word_1_409' title='bbox 3209 2719 3289 2773; x_wconf 88' lang='lat' dir='ltr'><strong>sol</strong></span> <span class='ocrx_word' id='word_1_410' title='bbox 3339 2718 3525 2771; x_wconf 90' lang='lat' dir='ltr'><strong>calore</strong></span> 
     </span>
    </p>
   </div>
   <div class='ocr_carea' id='block_1_58' title="bbox 1958 2809 3530 2880">
    <p class='ocr_par' dir='ltr' id='par_1_58' title="bbox 1958 2809 3530 2880">
     <span class='ocr_line' id='line_1_58' title="bbox 1958 2809 3530 2880; baseline -0.006 -10"><span class='ocrx_word' id='word_1_411' title='bbox 1958 2830 2058 2870; x_wconf 85' lang='lat' dir='ltr'><strong>suo</strong></span> <span class='ocrx_word' id='word_1_412' title='bbox 2086 2815 2252 2868; x_wconf 87' lang='lat' dir='ltr'><strong>maris</strong></span> <span class='ocrx_word' id='word_1_413' title='bbox 2275 2813 2649 2867; x_wconf 77' lang='lat' dir='ltr'><strong>exhalationes</strong></span> <span class='ocrx_word' id='word_1_414' title='bbox 2701 2811 2965 2880; x_wconf 89' lang='lat' dir='ltr'><strong>quasdam</strong></span> <span class='ocrx_word' id='word_1_415' title='bbox 3014 2809 3279 2874; x_wconf 79' lang='lat' dir='ltr'><strong>efﬁciens,</strong></span> <span class='ocrx_word' id='word_1_416' title='bbox 3311 2824 3373 2863; x_wconf 91' lang='lat' dir='ltr'><strong>ac</strong></span> <span class='ocrx_word' id='word_1_417' title='bbox 3405 2825 3530 2878; x_wconf 89' lang='lat' dir='ltr'><strong>par-</strong></span> 
     </span>
    </p>
   </div>
   <div class='ocr_carea' id='block_1_59' title="bbox 1959 2899 3526 2970">
    <p class='ocr_par' dir='ltr' id='par_1_59' title="bbox 1959 2899 3526 2970">
     <span class='ocr_line' id='line_1_59' title="bbox 1959 2899 3526 2970; baseline -0.006 -12"><span class='ocrx_word' id='word_1_418' title='bbox 1959 2916 2066 2958; x_wconf 90' lang='lat' dir='ltr'><strong>tem</strong></span> <span class='ocrx_word' id='word_1_419' title='bbox 2096 2903 2214 2970; x_wconf 83' lang='lat' dir='ltr'><strong>ejus</strong></span> <span class='ocrx_word' id='word_1_420' title='bbox 2242 2902 2544 2958; x_wconf 89' lang='lat' dir='ltr'><strong>dulciorem</strong></span> <span class='ocrx_word' id='word_1_421' title='bbox 2596 2901 2879 2954; x_wconf 87' lang='lat' dir='ltr'><strong>attrahens</strong></span> <span class='ocrx_word' id='word_1_422' title='bbox 2915 2908 2970 2952; x_wconf 90' lang='lat' dir='ltr'><strong>et</strong></span> <span class='ocrx_word' id='word_1_423' title='bbox 3019 2901 3078 2953; x_wconf 89' lang='lat' dir='ltr'><strong>in</strong></span> <span class='ocrx_word' id='word_1_424' title='bbox 3122 2913 3250 2952; x_wconf 89' lang='lat' dir='ltr'><strong>aera</strong></span> <span class='ocrx_word' id='word_1_425' title='bbox 3307 2899 3526 2961; x_wconf 87' lang='lat' dir='ltr'><strong>tollens,</strong></span> 
     </span>
    </p>
   </div>
   <div class='ocr_carea' id='block_1_60' title="bbox 1959 2988 3530 3060">
    <p class='ocr_par' dir='ltr' id='par_1_60' title="bbox 1959 2988 3530 3060">
     <span class='ocr_line' id='line_1_60' title="bbox 1959 2988 3530 3060; baseline 0 -21"><span class='ocrx_word' id='word_1_426' title='bbox 1959 2991 2104 3059; x_wconf 86' lang='lat' dir='ltr'><strong>quod</strong></span> <span class='ocrx_word' id='word_1_427' title='bbox 2131 2990 2515 3060; x_wconf 82' lang='lat' dir='ltr'><strong>gravissimum</strong></span> <span class='ocrx_word' id='word_1_428' title='bbox 2542 3001 2625 3043; x_wconf 88' lang='lat' dir='ltr'><strong>est</strong></span> <span class='ocrx_word' id='word_1_429' title='bbox 2662 2999 2825 3058; x_wconf 85' lang='lat' dir='ltr'><strong>atque</strong></span> <span class='ocrx_word' id='word_1_430' title='bbox 2855 2989 3072 3052; x_wconf 88' lang='lat' dir='ltr'><strong>salsius,</strong></span> <span class='ocrx_word' id='word_1_431' title='bbox 3105 2989 3318 3042; x_wconf 87' lang='lat' dir='ltr'><strong>inferne</strong></span> <span class='ocrx_word' id='word_1_432' title='bbox 3361 2988 3530 3041; x_wconf 87' lang='lat' dir='ltr'><strong>relin-</strong></span> 
     </span>
    </p>
   </div>
   <div class='ocr_carea' id='block_1_61' title="bbox 289 3078 1856 3174">
    <p class='ocr_par' dir='ltr' id='par_1_61' title="bbox 289 3087 1855 3157">
     <span class='ocr_line' id='line_1_61' title="bbox 289 3087 1855 3157; baseline -0.002 -14"><span class='ocrx_word' id='word_1_433' title='bbox 289 3105 516 3157; x_wconf 65' lang='lat' dir='ltr'><strong>atqazv&#39;</strong></span> <span class='ocrx_word' id='word_1_434' title='bbox 559 3091 616 3141; x_wconf 84' lang='grc' dir='ltr'><strong>ὲν</strong></span> <span class='ocrx_word' id='word_1_435' title='bbox 668 3087 768 3156; x_wconf 79' lang='grc' dir='ltr'><strong>μὲν</strong></span> <span class='ocrx_word' id='word_1_436' title='bbox 829 3088 937 3156; x_wconf 79' lang='grc' dir='ltr'><strong>γὰρ</strong></span> <span class='ocrx_word' id='word_1_437' title='bbox 991 3091 1101 3150; x_wconf 87' lang='grc' dir='ltr'><strong>τοῖς</strong></span> <span class='ocrx_word' id='word_1_438' title='bbox 1163 3089 1431 3154; x_wconf 72' lang='grc' dir='ltr'><strong>ποταμοῖς</strong></span> <span class='ocrx_word' id='word_1_439' title='bbox 1487 3087 1546 3140; x_wconf 83' lang='grc' dir='ltr'><strong>οὑ</strong></span> <span class='ocrx_word' id='word_1_440' title='bbox 1603 3087 1855 3140; x_wconf 83' lang='grc' dir='ltr'><strong>δύνανται</strong></span> 
     </span>
    </p>
   </div>
   <div class='ocr_carea' id='block_1_62' title="bbox 1960 3078 3529 3174">
    <p class='ocr_par' dir='ltr' id='par_1_62' title="bbox 1960 3078 3529 3149">
     <span class='ocr_line' id='line_1_62' title="bbox 1960 3078 3529 3149; baseline -0.001 -16"><span class='ocrx_word' id='word_1_441' title='bbox 1960 3082 2102 3149; x_wconf 88' lang='lat' dir='ltr'><strong>quit,</strong></span> <span class='ocrx_word' id='word_1_442' title='bbox 2165 3091 2221 3133; x_wconf 90' lang='lat' dir='ltr'><strong>et</strong></span> <span class='ocrx_word' id='word_1_443' title='bbox 2254 3079 2579 3133; x_wconf 87' lang='lat' dir='ltr'><strong>crassiorem</strong></span> <span class='ocrx_word' id='word_1_444' title='bbox 2616 3079 2782 3132; x_wconf 85' lang='lat' dir='ltr'><strong>maris</strong></span> <span class='ocrx_word' id='word_1_445' title='bbox 2809 3095 3003 3147; x_wconf 84' lang='lat' dir='ltr'><strong>aquam</strong></span> <span class='ocrx_word' id='word_1_446' title='bbox 3043 3094 3164 3133; x_wconf 88' lang='lat' dir='ltr'><strong>esse</strong></span> <span class='ocrx_word' id='word_1_447' title='bbox 3219 3093 3381 3147; x_wconf 90' lang='lat' dir='ltr'><strong>quam</strong></span> <span class='ocrx_word' id='word_1_448' title='bbox 3418 3078 3529 3132; x_wconf 86' lang='lat' dir='ltr'><strong>sint</strong></span> 
     </span>
    </p>
   </div>
   <div class='ocr_carea' id='block_1_63' title="bbox 284 3179 1854 3252">
    <p class='ocr_par' dir='ltr' id='par_1_63' title="bbox 284 3179 1854 3252">
     <span class='ocr_line' id='line_1_63' title="bbox 284 3179 1854 3252; baseline -0.004 -15"><span class='ocrx_word' id='word_1_449' title='bbox 284 3185 446 3237; x_wconf 82' lang='grc' dir='ltr'><strong>πλοῖα</strong></span> <span class='ocrx_word' id='word_1_450' title='bbox 481 3181 652 3252; x_wconf 75' lang='grc' dir='ltr'><strong>βαρὺν</strong></span> <span class='ocrx_word' id='word_1_451' title='bbox 681 3181 872 3249; x_wconf 77' lang='grc' dir='ltr'><strong>ἔχοντα</strong></span> <span class='ocrx_word' id='word_1_452' title='bbox 896 3179 1095 3246; x_wconf 78' lang='grc' dir='ltr'><strong>φόρτον</strong></span> <span class='ocrx_word' id='word_1_453' title='bbox 1121 3179 1298 3244; x_wconf 76' lang='grc' dir='ltr'><strong>πλεῖν,</strong></span> <span class='ocrx_word' id='word_1_454' title='bbox 1329 3181 1387 3230; x_wconf 85' lang='grc' dir='ltr'><strong>ἐν</strong></span> <span class='ocrx_word' id='word_1_455' title='bbox 1421 3179 1478 3230; x_wconf 83' lang='grc' dir='ltr'><strong>δὲ</strong></span> <span class='ocrx_word' id='word_1_456' title='bbox 1504 3181 1576 3248; x_wconf 80' lang='grc' dir='ltr'>τῇ</span> <span class='ocrx_word' id='word_1_457' title='bbox 1608 3179 1854 3249; x_wconf 81' lang='grc' dir='ltr'><strong>θαλάσσῃ</strong></span> 
     </span>
    </p>
   </div>
   <div class='ocr_carea' id='block_1_64' title="bbox 285 3265 1854 3344">
    <p class='ocr_par' dir='ltr' id='par_1_64' title="bbox 285 3265 1854 3344">
     <span class='ocr_line' id='line_1_64' title="bbox 285 3265 1854 3344; baseline -0.002 -16"><span class='ocrx_word' id='word_1_458' title='bbox 285 3275 540 3344; x_wconf 64' lang='grc' dir='ltr'><strong>ἐλαφρῶς</strong></span> <span class='ocrx_word' id='word_1_459' title='bbox 587 3265 766 3328; x_wconf 77' lang='grc' dir='ltr'><strong>ταῦτα</strong></span> <span class='ocrx_word' id='word_1_460' title='bbox 815 3272 1178 3343; x_wconf 76' lang='grc' dir='ltr'><strong>βαστάζονται</strong></span> <span class='ocrx_word' id='word_1_461' title='bbox 1219 3271 1306 3325; x_wconf 85' lang='grc' dir='ltr'><strong>διὰ</strong></span> <span class='ocrx_word' id='word_1_462' title='bbox 1351 3271 1446 3341; x_wconf 77' lang='grc' dir='ltr'><strong>τὴν</strong></span> <span class='ocrx_word' id='word_1_463' title='bbox 1481 3271 1854 3342; x_wconf 68' lang='grc' dir='ltr'><strong>ὑποκειμένην</strong></span> 
     </span>
    </p>
   </div>
   <div class='ocr_carea' id='block_1_65' title="bbox 285 3368 594 3437">
    <p class='ocr_par' dir='ltr' id='par_1_65' title="bbox 285 3368 594 3437">
     <span class='ocr_line' id='line_1_65' title="bbox 285 3368 594 3437; baseline 0 -19"><span class='ocrx_word' id='word_1_464' title='bbox 285 3368 594 3437; x_wconf 74' lang='grc' dir='ltr'><strong>παχύτητα.</strong></span> 
     </span>
    </p>
   </div>
   <div class='ocr_carea' id='block_1_66' title="bbox 353 3545 1854 3619">
    <p class='ocr_par' dir='ltr' id='par_1_66' title="bbox 353 3545 1854 3619">
     <span class='ocr_line' id='line_1_66' title="bbox 353 3545 1854 3619; baseline -0.004 -15"><span class='ocrx_word' id='word_1_465' title='bbox 353 3551 502 3619; x_wconf 62' lang='grc' dir='ltr'><strong>Πρῦς</strong></span> <span class='ocrx_word' id='word_1_466' title='bbox 557 3546 766 3609; x_wconf 82' lang='grc' dir='ltr'><strong>τούτοις</strong></span> <span class='ocrx_word' id='word_1_467' title='bbox 813 3546 870 3598; x_wconf 76' lang='grc' dir='ltr'><strong>δὲ</strong></span> <span class='ocrx_word' id='word_1_468' title='bbox 910 3549 1007 3600; x_wconf 76' lang='grc' dir='ltr'><strong>καὶ</strong></span> <span class='ocrx_word' id='word_1_469' title='bbox 1055 3545 1219 3598; x_wconf 77' lang='grc' dir='ltr'><strong>τοῦτο</strong></span> <span class='ocrx_word' id='word_1_470' title='bbox 1251 3546 1370 3600; x_wconf 77' lang='grc' dir='ltr'><strong>δέον</strong></span> <span class='ocrx_word' id='word_1_471' title='bbox 1408 3546 1610 3600; x_wconf 80' lang='grc' dir='ltr'><strong>εἰδέναι</strong></span> <span class='ocrx_word' id='word_1_472' title='bbox 1660 3563 1743 3613; x_wconf 89' lang='grc' dir='ltr'><strong>σε,</strong></span> <span class='ocrx_word' id='word_1_473' title='bbox 1775 3547 1854 3600; x_wconf 87' lang='grc' dir='ltr'><strong>ὅτι</strong></span> 
     </span>
    </p>
   </div>
   <div class='ocr_carea' id='block_1_67' title="bbox 284 3639 1856 3710">
    <p class='ocr_par' dir='ltr' id='par_1_67' title="bbox 284 3639 1856 3710">
     <span class='ocr_line' id='line_1_67' title="bbox 284 3639 1856 3710; baseline 0 -16"><span class='ocrx_word' id='word_1_474' title='bbox 284 3643 461 3695; x_wconf 79' lang='grc' dir='ltr'><strong>πάντα</strong></span> <span class='ocrx_word' id='word_1_475' title='bbox 488 3642 553 3693; x_wconf 77' lang='grc' dir='ltr'>τὰ</span> <span class='ocrx_word' id='word_1_476' title='bbox 583 3639 754 3692; x_wconf 74' lang='grc' dir='ltr'><strong>ὕδατα</strong></span> <span class='ocrx_word' id='word_1_477' title='bbox 800 3642 868 3692; x_wconf 74' lang='grc' dir='ltr'><strong>τά</strong></span> <span class='ocrx_word' id='word_1_478' title='bbox 898 3655 958 3691; x_wconf 85' lang='grc' dir='ltr'>τε</span> <span class='ocrx_word' id='word_1_479' title='bbox 1006 3641 1288 3710; x_wconf 82' lang='grc' dir='ltr'><strong>πηγιμαῖα</strong></span> <span class='ocrx_word' id='word_1_480' title='bbox 1335 3641 1429 3693; x_wconf 73' lang='grc' dir='ltr'><strong>καὶ</strong></span> <span class='ocrx_word' id='word_1_481' title='bbox 1468 3641 1758 3708; x_wconf 80' lang='grc' dir='ltr'><strong>φρεατιαία</strong></span> <span class='ocrx_word' id='word_1_482' title='bbox 1791 3641 1856 3694; x_wconf 79' lang='grc' dir='ltr'>ὲκ</span> 
     </span>
    </p>
   </div>
   <div class='ocr_carea' id='block_1_68' title="bbox 281 3732 1854 3805">
    <p class='ocr_par' dir='ltr' id='par_1_68' title="bbox 281 3732 1854 3805">
     <span class='ocr_line' id='line_1_68' title="bbox 281 3732 1854 3805; baseline -0.004 -15"><span class='ocrx_word' id='word_1_483' title='bbox 281 3737 374 3805; x_wconf 77' lang='grc' dir='ltr'><strong>τῆς</strong></span> <span class='ocrx_word' id='word_1_484' title='bbox 401 3734 680 3802; x_wconf 74' lang='grc' dir='ltr'><strong>θαλάττης</strong></span> <span class='ocrx_word' id='word_1_485' title='bbox 719 3733 901 3802; x_wconf 61' lang='grc' dir='ltr'><strong>ἔχουσι</strong></span> <span class='ocrx_word' id='word_1_486' title='bbox 931 3736 1029 3795; x_wconf 72' lang='grc' dir='ltr'><strong>τὰς</strong></span> <span class='ocrx_word' id='word_1_487' title='bbox 1059 3732 1253 3802; x_wconf 81' lang='grc' dir='ltr'><strong>ἀρχάς.</strong></span> <span class='ocrx_word' id='word_1_488' title='bbox 1296 3732 1361 3786; x_wconf 83' lang='grc' dir='ltr'><strong>Ἠ</strong></span> <span class='ocrx_word' id='word_1_489' title='bbox 1390 3732 1500 3802; x_wconf 84' lang='grc' dir='ltr'><strong>γὰρ</strong></span> <span class='ocrx_word' id='word_1_490' title='bbox 1535 3732 1854 3801; x_wconf 78' lang='grc' dir='ltr'><strong>γειτονοὺσα</strong></span> 
     </span>
    </p>
   </div>
   <div class='ocr_carea' id='block_1_69' title="bbox 281 3823 1856 3896">
    <p class='ocr_par' dir='ltr' id='par_1_69' title="bbox 281 3823 1856 3896">
     <span class='ocr_line' id='line_1_69' title="bbox 281 3823 1856 3896; baseline -0.002 -18"><span class='ocrx_word' id='word_1_491' title='bbox 281 3830 343 3896; x_wconf 84' lang='grc' dir='ltr'><strong>τῇ</strong></span> <span class='ocrx_word' id='word_1_492' title='bbox 369 3825 622 3894; x_wconf 76' lang='grc' dir='ltr'><strong>θαλάσσῃ</strong></span> <span class='ocrx_word' id='word_1_493' title='bbox 644 3825 713 3892; x_wconf 84' lang='grc' dir='ltr'><strong>γῆ</strong></span> <span class='ocrx_word' id='word_1_494' title='bbox 747 3824 1035 3894; x_wconf 81' lang='grc' dir='ltr'><strong>διάτρητός</strong></span> <span class='ocrx_word' id='word_1_495' title='bbox 1073 3825 1190 3876; x_wconf 79' lang='grc' dir='ltr'><strong>ἐστι</strong></span> <span class='ocrx_word' id='word_1_496' title='bbox 1227 3824 1321 3876; x_wconf 79' lang='grc' dir='ltr'><strong>καὶ</strong></span> <span class='ocrx_word' id='word_1_497' title='bbox 1354 3823 1645 3893; x_wconf 81' lang='grc' dir='ltr'><strong>ὑπόνομος,</strong></span> <span class='ocrx_word' id='word_1_498' title='bbox 1667 3823 1856 3894; x_wconf 81' lang='grc' dir='ltr'><strong>ὥσπερ</strong></span> 
     </span>
    </p>
   </div>
   <div class='ocr_carea' id='block_1_70' title="bbox 280 3906 1856 3983">
    <p class='ocr_par' dir='ltr' id='par_1_70' title="bbox 280 3906 1856 3983">
     <span class='ocr_line' id='line_1_70' title="bbox 280 3906 1856 3983; baseline -0.002 -17"><span class='ocrx_word' id='word_1_499' title='bbox 280 3919 424 3978; x_wconf 71' lang='grc' dir='ltr'><strong>τινας</strong></span> <span class='ocrx_word' id='word_1_500' title='bbox 495 3913 699 3983; x_wconf 74' lang='grc' dir='ltr'><strong>φλέϐας</strong></span> <span class='ocrx_word' id='word_1_501' title='bbox 755 3912 990 3983; x_wconf 77' lang='grc' dir='ltr'><strong>ἔχουσα,</strong></span> <span class='ocrx_word' id='word_1_502' title='bbox 1047 3912 1114 3965; x_wconf 79' lang='grc' dir='ltr'><strong>δι’</strong></span> <span class='ocrx_word' id='word_1_503' title='bbox 1184 3906 1257 3965; x_wconf 86' lang='grc' dir='ltr'><strong>ὧν</strong></span> <span class='ocrx_word' id='word_1_504' title='bbox 1312 3915 1378 3965; x_wconf 76' lang='grc' dir='ltr'>ἐκ</span> <span class='ocrx_word' id='word_1_505' title='bbox 1424 3913 1522 3981; x_wconf 81' lang='grc' dir='ltr'><strong>τῆς</strong></span> <span class='ocrx_word' id='word_1_506' title='bbox 1579 3911 1856 3980; x_wconf 79' lang='grc' dir='ltr'><strong>θαλάσσης</strong></span> 
     </span>
    </p>
   </div>
   <div class='ocr_carea' id='block_1_71' title="bbox 278 3999 1858 4084">
    <p class='ocr_par' dir='ltr' id='par_1_71' title="bbox 278 3999 1858 4084">
     <span class='ocr_line' id='line_1_71' title="bbox 278 3999 1858 4084; baseline -0.005 -21"><span class='ocrx_word' id='word_1_507' title='bbox 278 4009 550 4079; x_wconf 77' lang='grc' dir='ltr'><strong>δεχομένη</strong></span> <span class='ocrx_word' id='word_1_508' title='bbox 587 4009 654 4061; x_wconf 79' lang='grc' dir='ltr'><strong>τὰ</strong></span> <span class='ocrx_word' id='word_1_509' title='bbox 686 4005 856 4059; x_wconf 79' lang='grc' dir='ltr'><strong>ὕδατα</strong></span> <span class='ocrx_word' id='word_1_510' title='bbox 899 4009 998 4068; x_wconf 82' lang='grc' dir='ltr'><strong>τὰς</strong></span> <span class='ocrx_word' id='word_1_511' title='bbox 1032 4011 1213 4076; x_wconf 84' lang='grc' dir='ltr'><strong>πηγὰς</strong></span> <span class='ocrx_word' id='word_1_512' title='bbox 1249 4006 1564 4084; x_wconf 74' lang='grc' dir='ltr'><strong>άναδεδωσι.</strong></span> <span class='ocrx_word' id='word_1_513' title='bbox 1592 4005 1733 4074; x_wconf 84' lang='grc' dir='ltr'><strong>Πρὸς</strong></span> <span class='ocrx_word' id='word_1_514' title='bbox 1763 3999 1858 4057; x_wconf 81' lang='grc' dir='ltr'><strong>οὖν</strong></span> 
     </span>
    </p>
   </div>
   <div class='ocr_carea' id='block_1_72' title="bbox 279 4094 1857 4171">
    <p class='ocr_par' dir='ltr' id='par_1_72' title="bbox 279 4094 1857 4171">
     <span class='ocr_line' id='line_1_72' title="bbox 279 4094 1857 4171; baseline -0.004 -17"><span class='ocrx_word' id='word_1_515' title='bbox 279 4103 374 4171; x_wconf 77' lang='grc' dir='ltr'><strong>τὴν</strong></span> <span class='ocrx_word' id='word_1_516' title='bbox 436 4101 708 4169; x_wconf 79' lang='grc' dir='ltr'><strong>ποιότητα</strong></span> <span class='ocrx_word' id='word_1_517' title='bbox 761 4102 862 4166; x_wconf 71' lang='grc' dir='ltr'><strong>τῆς</strong></span> <span class='ocrx_word' id='word_1_518' title='bbox 918 4100 1023 4168; x_wconf 70' lang='grc' dir='ltr'><strong>γῆς</strong></span> <span class='ocrx_word' id='word_1_519' title='bbox 1083 4099 1176 4151; x_wconf 83' lang='grc' dir='ltr'><strong>καὶ</strong></span> <span class='ocrx_word' id='word_1_520' title='bbox 1221 4101 1283 4152; x_wconf 82' lang='grc' dir='ltr'><strong>τὸ</strong></span> <span class='ocrx_word' id='word_1_521' title='bbox 1338 4098 1446 4152; x_wconf 84' lang='grc' dir='ltr'><strong>τῶν</strong></span> <span class='ocrx_word' id='word_1_522' title='bbox 1479 4097 1670 4166; x_wconf 83' lang='grc' dir='ltr'><strong>πηγῶν</strong></span> <span class='ocrx_word' id='word_1_523' title='bbox 1716 4094 1857 4165; x_wconf 76' lang='grc' dir='ltr'><strong>ὕδωρ</strong></span> 
     </span>
    </p>
   </div>
   <div class='ocr_carea' id='block_1_73' title="bbox 279 4186 1858 4260">
    <p class='ocr_par' dir='ltr' id='par_1_73' title="bbox 279 4186 1858 4260">
     <span class='ocr_line' id='line_1_73' title="bbox 279 4186 1858 4260; baseline -0.006 -13"><span class='ocrx_word' id='word_1_524' title='bbox 279 4195 477 4249; x_wconf 77' lang='grc' dir='ltr'><strong>ἄνεισι.</strong></span> <span class='ocrx_word' id='word_1_525' title='bbox 541 4191 699 4243; x_wconf 82' lang='grc' dir='ltr'><strong>Κατὰ</strong></span> <span class='ocrx_word' id='word_1_526' title='bbox 746 4189 906 4243; x_wconf 80' lang='grc' dir='ltr'><strong>τοῦτο</strong></span> <span class='ocrx_word' id='word_1_527' title='bbox 955 4189 1048 4242; x_wconf 69' lang='lat' dir='ltr'><strong>xui</strong></span> <span class='ocrx_word' id='word_1_528' title='bbox 1107 4188 1274 4241; x_wconf 77' lang='grc' dir='ltr'><strong>ὕδατα</strong></span> <span class='ocrx_word' id='word_1_529' title='bbox 1325 4189 1560 4260; x_wconf 77' lang='grc' dir='ltr'><strong>ὀξώδηῆ</strong></span> <span class='ocrx_word' id='word_1_530' title='bbox 1603 4186 1858 4255; x_wconf 75' lang='grc' dir='ltr'><strong>ἐλαιώδη,</strong></span> 
     </span>
    </p>
   </div>
   <div class='ocr_carea' id='block_1_74' title="bbox 276 4275 1860 4351">
    <p class='ocr_par' dir='ltr' id='par_1_74' title="bbox 276 4275 1860 4351">
     <span class='ocr_line' id='line_1_74' title="bbox 276 4275 1860 4351; baseline -0.004 -17"><span class='ocrx_word' id='word_1_531' title='bbox 276 4284 556 4351; x_wconf 71' lang='grc' dir='ltr'><strong>τεφρώδη,</strong></span> <span class='ocrx_word' id='word_1_532' title='bbox 605 4280 699 4332; x_wconf 80' lang='grc' dir='ltr'><strong>καὶ</strong></span> <span class='ocrx_word' id='word_1_533' title='bbox 764 4279 864 4332; x_wconf 85' lang='grc' dir='ltr'><strong>ὅσα</strong></span> <span class='ocrx_word' id='word_1_534' title='bbox 917 4279 1183 4332; x_wconf 77' lang='grc' dir='ltr'><strong>τοιαῢταο</strong></span> <span class='ocrx_word' id='word_1_535' title='bbox 1239 4280 1307 4331; x_wconf 76' lang='grc' dir='ltr'><strong>τά</strong></span> <span class='ocrx_word' id='word_1_536' title='bbox 1372 4279 1548 4331; x_wconf 77' lang='grc' dir='ltr'><strong>πάντα</strong></span> <span class='ocrx_word' id='word_1_537' title='bbox 1594 4278 1702 4346; x_wconf 79' lang='grc' dir='ltr'><strong>γὰρ</strong></span> <span class='ocrx_word' id='word_1_538' title='bbox 1759 4275 1860 4344; x_wconf 77' lang='grc' dir='ltr'><strong>τῆς</strong></span> 
     </span>
    </p>
   </div>
   <div class='ocr_carea' id='block_1_75' title="bbox 281 4363 1858 4440">
    <p class='ocr_par' dir='ltr' id='par_1_75' title="bbox 281 4363 1858 4440">
     <span class='ocr_line' id='line_1_75' title="bbox 281 4363 1858 4440; baseline -0.004 -17"><span class='ocrx_word' id='word_1_539' title='bbox 281 4373 575 4440; x_wconf 66' lang='grc' dir='ltr'><strong>ποιότητος</strong></span> <span class='ocrx_word' id='word_1_540' title='bbox 613 4368 825 4421; x_wconf 82' lang='grc' dir='ltr'><strong>ἐκεῖθεν</strong></span> <span class='ocrx_word' id='word_1_541' title='bbox 865 4371 1183 4438; x_wconf 82' lang='grc' dir='ltr'><strong>μετέχουσιν</strong></span> <span class='ocrx_word' id='word_1_542' title='bbox 1211 4368 1304 4438; x_wconf 84' lang='grc' dir='ltr'><strong>ἀφ’</strong></span> <span class='ocrx_word' id='word_1_543' title='bbox 1333 4363 1400 4439; x_wconf 82' lang='grc' dir='ltr'><strong>ἧς</strong></span> <span class='ocrx_word' id='word_1_544' title='bbox 1423 4369 1529 4436; x_wconf 82' lang='grc' dir='ltr'><strong>γῆς</strong></span> <span class='ocrx_word' id='word_1_545' title='bbox 1549 4365 1858 4437; x_wconf 74' lang='grc' dir='ltr'><strong>διέρχονται</strong></span> 
     </span>
    </p>
   </div>
   <div class='ocr_carea' id='block_1_76' title="bbox 1958 3162 3530 3242">
    <p class='ocr_par' dir='ltr' id='par_1_76' title="bbox 1958 3162 3530 3242">
     <span class='ocr_line' id='line_1_76' title="bbox 1958 3162 3530 3242; baseline -0.004 -14"><span class='ocrx_word' id='word_1_546' title='bbox 1958 3188 2111 3242; x_wconf 60' lang='lat' dir='ltr'><strong>aqua!</strong></span> <span class='ocrx_word' id='word_1_547' title='bbox 2143 3162 2454 3229; x_wconf 82' lang='lat' dir='ltr'><strong>ﬂuviatiles,</strong></span> <span class='ocrx_word' id='word_1_548' title='bbox 2485 3172 2598 3238; x_wconf 88' lang='lat' dir='ltr'><strong>ipsa</strong></span> <span class='ocrx_word' id='word_1_549' title='bbox 2635 3185 2723 3223; x_wconf 91' lang='lat' dir='ltr'><strong>res</strong></span> <span class='ocrx_word' id='word_1_550' title='bbox 2757 3169 2938 3223; x_wconf 86' lang='lat' dir='ltr'><strong>docet.</strong></span> <span class='ocrx_word' id='word_1_551' title='bbox 2999 3167 3134 3223; x_wconf 88' lang='lat' dir='ltr'><strong>Nam</strong></span> <span class='ocrx_word' id='word_1_552' title='bbox 3184 3169 3239 3222; x_wconf 91' lang='lat' dir='ltr'><strong>in</strong></span> <span class='ocrx_word' id='word_1_553' title='bbox 3288 3170 3530 3222; x_wconf 75' lang='lat' dir='ltr'><strong>flumini-</strong></span> 
     </span>
    </p>
   </div>
   <div class='ocr_carea' id='block_1_77' title="bbox 1958 3259 3525 3328">
    <p class='ocr_par' dir='ltr' id='par_1_77' title="bbox 1958 3259 3525 3328">
     <span class='ocr_line' id='line_1_77' title="bbox 1958 3259 3525 3328; baseline -0.005 -10"><span class='ocrx_word' id='word_1_554' title='bbox 1958 3263 2062 3318; x_wconf 88' lang='lat' dir='ltr'><strong>bus</strong></span> <span class='ocrx_word' id='word_1_555' title='bbox 2093 3260 2384 3316; x_wconf 86' lang='lat' dir='ltr'><strong>admodum</strong></span> <span class='ocrx_word' id='word_1_556' title='bbox 2413 3269 2634 3313; x_wconf 87' lang='lat' dir='ltr'><strong>onerata</strong></span> <span class='ocrx_word' id='word_1_557' title='bbox 2668 3260 2879 3328; x_wconf 79' lang='lat' dir='ltr'><strong>navigia</strong></span> <span class='ocrx_word' id='word_1_558' title='bbox 2907 3259 3032 3312; x_wconf 86' lang='lat' dir='ltr'><strong>vehi</strong></span> <span class='ocrx_word' id='word_1_559' title='bbox 3067 3267 3368 3327; x_wconf 88' lang='lat' dir='ltr'><strong>nequeunt,</strong></span> <span class='ocrx_word' id='word_1_560' title='bbox 3401 3274 3525 3312; x_wconf 89' lang='lat' dir='ltr'><strong>cum</strong></span> 
     </span>
    </p>
   </div>
   <div class='ocr_carea' id='block_1_78' title="bbox 1957 3347 3529 3420">
    <p class='ocr_par' dir='ltr' id='par_1_78' title="bbox 1957 3347 3529 3420">
     <span class='ocr_line' id='line_1_78' title="bbox 1957 3347 3529 3420; baseline -0.006 -11"><span class='ocrx_word' id='word_1_561' title='bbox 1957 3369 2023 3409; x_wconf 87' lang='lat' dir='ltr'><strong>ea</strong></span> <span class='ocrx_word' id='word_1_562' title='bbox 2055 3369 2200 3408; x_wconf 90' lang='lat' dir='ltr'><strong>mare</strong></span> <span class='ocrx_word' id='word_1_563' title='bbox 2234 3352 2426 3406; x_wconf 88' lang='lat' dir='ltr'><strong>leviter</strong></span> <span class='ocrx_word' id='word_1_564' title='bbox 2455 3351 2748 3404; x_wconf 87' lang='lat' dir='ltr'><strong>admodum</strong></span> <span class='ocrx_word' id='word_1_565' title='bbox 2779 3359 2955 3420; x_wconf 82' lang='lat' dir='ltr'><strong>gestet</strong></span> <span class='ocrx_word' id='word_1_566' title='bbox 2991 3349 3062 3403; x_wconf 90' lang='lat' dir='ltr'><strong>ob</strong></span> <span class='ocrx_word' id='word_1_567' title='bbox 3103 3348 3409 3403; x_wconf 86' lang='lat' dir='ltr'><strong>crassitiem</strong></span> <span class='ocrx_word' id='word_1_568' title='bbox 3450 3347 3529 3400; x_wconf 77' lang='lat' dir='ltr'><strong>vi-</strong></span> 
     </span>
    </p>
   </div>
   <div class='ocr_carea' id='block_1_79' title="bbox 1958 3446 2368 3501">
    <p class='ocr_par' dir='ltr' id='par_1_79' title="bbox 1958 3446 2368 3501">
     <span class='ocr_line' id='line_1_79' title="bbox 1958 3446 2368 3501; baseline -0.015 0"><span class='ocrx_word' id='word_1_569' title='bbox 1958 3446 2160 3501; x_wconf 91' lang='lat' dir='ltr'><strong>delicet</strong></span> <span class='ocrx_word' id='word_1_570' title='bbox 2191 3459 2368 3499; x_wconf 90' lang='lat' dir='ltr'><strong>suam.</strong></span> 
     </span>
    </p>
   </div>
   <div class='ocr_carea' id='block_1_80' title="bbox 2030 3533 3528 3603">
    <p class='ocr_par' dir='ltr' id='par_1_80' title="bbox 2030 3533 3528 3603">
     <span class='ocr_line' id='line_1_80' title="bbox 2030 3533 3528 3603; baseline -0.004 -13"><span class='ocrx_word' id='word_1_571' title='bbox 2030 3537 2234 3590; x_wconf 67' lang='lat' dir='ltr'><strong>Praeter</strong></span> <span class='ocrx_word' id='word_1_572' title='bbox 2261 3536 2376 3588; x_wconf 82' lang='lat' dir='ltr'><strong>haec</strong></span> <span class='ocrx_word' id='word_1_573' title='bbox 2403 3536 2534 3590; x_wconf 84' lang='lat' dir='ltr'><strong>iilud</strong></span> <span class='ocrx_word' id='word_1_574' title='bbox 2560 3534 2724 3590; x_wconf 88' lang='lat' dir='ltr'><strong>etiam</strong></span> <span class='ocrx_word' id='word_1_575' title='bbox 2755 3535 2851 3590; x_wconf 88' lang='lat' dir='ltr'><strong>tibi</strong></span> <span class='ocrx_word' id='word_1_576' title='bbox 2887 3533 3171 3603; x_wconf 73' lang='lat' dir='ltr'><strong>sciendum</strong></span> <span class='ocrx_word' id='word_1_577' title='bbox 3199 3541 3305 3594; x_wconf 90' lang='lat' dir='ltr'><strong>est,</strong></span> <span class='ocrx_word' id='word_1_578' title='bbox 3331 3544 3528 3584; x_wconf 88' lang='lat' dir='ltr'><strong>omnes</strong></span> 
     </span>
    </p>
   </div>
   <div class='ocr_carea' id='block_1_81' title="bbox 1959 3622 3527 3696">
    <p class='ocr_par' dir='ltr' id='par_1_81' title="bbox 1959 3622 3527 3696">
     <span class='ocr_line' id='line_1_81' title="bbox 1959 3622 3527 3696; baseline -0.006 -14"><span class='ocrx_word' id='word_1_579' title='bbox 1959 3642 2149 3696; x_wconf 84' lang='lat' dir='ltr'><strong>aquas,</strong></span> <span class='ocrx_word' id='word_1_580' title='bbox 2202 3623 2318 3692; x_wconf 63' lang='lat' dir='ltr'><strong>sive</strong></span> <span class='ocrx_word' id='word_1_581' title='bbox 2361 3624 2614 3680; x_wconf 88' lang='lat' dir='ltr'><strong>fontanas</strong></span> <span class='ocrx_word' id='word_1_582' title='bbox 2667 3625 2782 3680; x_wconf 84' lang='lat' dir='ltr'><strong>sive</strong></span> <span class='ocrx_word' id='word_1_583' title='bbox 2815 3625 3080 3694; x_wconf 90' lang='lat' dir='ltr'><strong>puteales,</strong></span> <span class='ocrx_word' id='word_1_584' title='bbox 3137 3639 3167 3678; x_wconf 91' lang='lat' dir='ltr'><strong>e</strong></span> <span class='ocrx_word' id='word_1_585' title='bbox 3197 3622 3334 3677; x_wconf 83' lang='lat' dir='ltr'><strong>mari</strong></span> <span class='ocrx_word' id='word_1_586' title='bbox 3373 3637 3527 3674; x_wconf 90' lang='lat' dir='ltr'><strong>suam</strong></span> 
     </span>
    </p>
   </div>
   <div class='ocr_carea' id='block_1_82' title="bbox 1962 3714 3533 3788">
    <p class='ocr_par' dir='ltr' id='par_1_82' title="bbox 1962 3714 3533 3788">
     <span class='ocr_line' id='line_1_82' title="bbox 1962 3714 3533 3788; baseline -0.004 -16"><span class='ocrx_word' id='word_1_587' title='bbox 1962 3719 2228 3788; x_wconf 82' lang='lat' dir='ltr'><strong>originem</strong></span> <span class='ocrx_word' id='word_1_588' title='bbox 2283 3718 2510 3772; x_wconf 90' lang='lat' dir='ltr'><strong>habere.</strong></span> <span class='ocrx_word' id='word_1_589' title='bbox 2572 3717 2707 3770; x_wconf 89' lang='lat' dir='ltr'><strong>Nam</strong></span> <span class='ocrx_word' id='word_1_590' title='bbox 2762 3718 2941 3771; x_wconf 87' lang='lat' dir='ltr'><strong>vicina</strong></span> <span class='ocrx_word' id='word_1_591' title='bbox 2994 3717 3131 3771; x_wconf 89' lang='lat' dir='ltr'><strong>mari</strong></span> <span class='ocrx_word' id='word_1_592' title='bbox 3185 3728 3329 3771; x_wconf 88' lang='lat' dir='ltr'><strong>terra</strong></span> <span class='ocrx_word' id='word_1_593' title='bbox 3386 3714 3533 3767; x_wconf 85' lang='lat' dir='ltr'><strong>fora-</strong></span> 
     </span>
    </p>
   </div>
   <div class='ocr_carea' id='block_1_83' title="bbox 1961 3805 3532 3876">
    <p class='ocr_par' dir='ltr' id='par_1_83' title="bbox 1961 3805 3532 3876">
     <span class='ocr_line' id='line_1_83' title="bbox 1961 3805 3532 3876; baseline -0.003 -14"><span class='ocrx_word' id='word_1_594' title='bbox 1961 3812 2171 3863; x_wconf 89' lang='lat' dir='ltr'><strong>miuosa</strong></span> <span class='ocrx_word' id='word_1_595' title='bbox 2195 3817 2306 3871; x_wconf 84' lang='lat' dir='ltr'><strong>est,</strong></span> <span class='ocrx_word' id='word_1_596' title='bbox 2340 3808 2637 3876; x_wconf 84' lang='lat' dir='ltr'><strong>multisque</strong></span> <span class='ocrx_word' id='word_1_597' title='bbox 2666 3808 2936 3862; x_wconf 85' lang='lat' dir='ltr'><strong>cuniculis</strong></span> <span class='ocrx_word' id='word_1_598' title='bbox 2977 3807 3244 3868; x_wconf 83' lang='lat' dir='ltr'><strong>abundat,</strong></span> <span class='ocrx_word' id='word_1_599' title='bbox 3277 3805 3370 3874; x_wconf 89' lang='lat' dir='ltr'><strong>qui</strong></span> <span class='ocrx_word' id='word_1_600' title='bbox 3403 3813 3532 3858; x_wconf 86' lang='lat' dir='ltr'><strong>sunt</strong></span> 
     </span>
    </p>
   </div>
   <div class='ocr_carea' id='block_1_84' title="bbox 1958 3884 3530 3968">
    <p class='ocr_par' dir='ltr' id='par_1_84' title="bbox 1958 3884 3530 3968">
     <span class='ocr_line' id='line_1_84' title="bbox 1958 3884 3530 3968; baseline -0.003 -16"><span class='ocrx_word' id='word_1_601' title='bbox 1958 3899 2008 3952; x_wconf 91' lang='lat' dir='ltr'><strong>ci</strong></span> <span class='ocrx_word' id='word_1_602' title='bbox 2041 3915 2302 3954; x_wconf 83' lang='lat' dir='ltr'><strong>venarum</strong></span> <span class='ocrx_word' id='word_1_603' title='bbox 2332 3905 2527 3962; x_wconf 84' lang='lat' dir='ltr'><strong>instar,</strong></span> <span class='ocrx_word' id='word_1_604' title='bbox 2561 3915 2656 3967; x_wconf 87' lang='lat' dir='ltr'><strong>per</strong></span> <span class='ocrx_word' id='word_1_605' title='bbox 2684 3915 2819 3968; x_wconf 88' lang='lat' dir='ltr'><strong>quas</strong></span> <span class='ocrx_word' id='word_1_606' title='bbox 2851 3884 2880 3953; x_wconf 87' lang='lat' dir='ltr'><strong>e</strong></span> <span class='ocrx_word' id='word_1_607' title='bbox 2917 3900 3052 3952; x_wconf 88' lang='lat' dir='ltr'><strong>mari</strong></span> <span class='ocrx_word' id='word_1_608' title='bbox 3087 3898 3326 3967; x_wconf 87' lang='lat' dir='ltr'><strong>receptis</strong></span> <span class='ocrx_word' id='word_1_609' title='bbox 3367 3895 3530 3963; x_wconf 88' lang='lat' dir='ltr'><strong>aquis</strong></span> 
     </span>
    </p>
   </div>
   <div class='ocr_carea' id='block_1_85' title="bbox 1959 3985 3532 4059">
    <p class='ocr_par' dir='ltr' id='par_1_85' title="bbox 1959 3985 3532 4059">
     <span class='ocr_line' id='line_1_85' title="bbox 1959 3985 3532 4059; baseline -0.006 -13"><span class='ocrx_word' id='word_1_610' title='bbox 1959 3992 2194 4046; x_wconf 88' lang='lat' dir='ltr'><strong>fontium</strong></span> <span class='ocrx_word' id='word_1_611' title='bbox 2249 3993 2616 4059; x_wconf 74' lang='lat' dir='ltr'><strong>scaturigines</strong></span> <span class='ocrx_word' id='word_1_612' title='bbox 2689 3991 2908 4044; x_wconf 88' lang='lat' dir='ltr'><strong>emittit.</strong></span> <span class='ocrx_word' id='word_1_613' title='bbox 2977 3990 3159 4054; x_wconf 86' lang='lat' dir='ltr'><strong>Quare</strong></span> <span class='ocrx_word' id='word_1_614' title='bbox 3197 4003 3296 4058; x_wconf 88' lang='lat' dir='ltr'><strong>pro</strong></span> <span class='ocrx_word' id='word_1_615' title='bbox 3347 3985 3532 4056; x_wconf 90' lang='lat' dir='ltr'><strong>quali-</strong></span> 
     </span>
    </p>
   </div>
   <div class='ocr_carea' id='block_1_86' title="bbox 1963 4080 3526 4153">
    <p class='ocr_par' dir='ltr' id='par_1_86' title="bbox 1963 4080 3526 4153">
     <span class='ocr_line' id='line_1_86' title="bbox 1963 4080 3526 4153; baseline -0.005 -15"><span class='ocrx_word' id='word_1_616' title='bbox 1963 4095 2073 4140; x_wconf 89' lang='lat' dir='ltr'><strong>tate</strong></span> <span class='ocrx_word' id='word_1_617' title='bbox 2112 4085 2215 4140; x_wconf 92' lang='lat' dir='ltr'><strong>soli</strong></span> <span class='ocrx_word' id='word_1_618' title='bbox 2251 4085 2416 4140; x_wconf 88' lang='lat' dir='ltr'><strong>etiam</strong></span> <span class='ocrx_word' id='word_1_619' title='bbox 2450 4083 2689 4138; x_wconf 91' lang='lat' dir='ltr'><strong>fontium</strong></span> <span class='ocrx_word' id='word_1_620' title='bbox 2727 4099 2866 4153; x_wconf 91' lang='lat' dir='ltr'><strong>aqua</strong></span> <span class='ocrx_word' id='word_1_621' title='bbox 2902 4092 3213 4152; x_wconf 82' lang='lat' dir='ltr'><strong>comparata</strong></span> <span class='ocrx_word' id='word_1_622' title='bbox 3243 4091 3346 4134; x_wconf 89' lang='lat' dir='ltr'><strong>est.</strong></span> <span class='ocrx_word' id='word_1_623' title='bbox 3407 4080 3526 4143; x_wconf 80' lang='lat' dir='ltr'><strong>Quo</strong></span> 
     </span>
    </p>
   </div>
   <div class='ocr_carea' id='block_1_87' title="bbox 1961 4171 3530 4248">
    <p class='ocr_par' dir='ltr' id='par_1_87' title="bbox 1961 4171 3530 4248">
     <span class='ocr_line' id='line_1_87' title="bbox 1961 4171 3530 4248; baseline -0.006 -18"><span class='ocrx_word' id='word_1_624' title='bbox 1961 4178 2021 4231; x_wconf 90' lang='lat' dir='ltr'><strong>fit</strong></span> <span class='ocrx_word' id='word_1_625' title='bbox 2053 4188 2113 4232; x_wconf 92' lang='lat' dir='ltr'><strong>ut</strong></span> <span class='ocrx_word' id='word_1_626' title='bbox 2145 4193 2298 4246; x_wconf 77' lang='lat' dir='ltr'><strong>aqua:</strong></span> <span class='ocrx_word' id='word_1_627' title='bbox 2320 4177 2569 4248; x_wconf 59' lang='lat' dir='ltr'><strong>quaadam</strong></span> <span class='ocrx_word' id='word_1_628' title='bbox 2619 4179 2784 4242; x_wconf 87' lang='lat' dir='ltr'><strong>aceti,</strong></span> <span class='ocrx_word' id='word_1_629' title='bbox 2842 4175 3090 4244; x_wconf 61' lang='lat' dir='ltr'><strong>quaedam</strong></span> <span class='ocrx_word' id='word_1_630' title='bbox 3119 4173 3247 4236; x_wconf 89' lang='lat' dir='ltr'><strong>olei,</strong></span> <span class='ocrx_word' id='word_1_631' title='bbox 3281 4171 3530 4240; x_wconf 67' lang='lat' dir='ltr'><strong>quaedam</strong></span> 
     </span>
    </p>
   </div>
   <div class='ocr_carea' id='block_1_88' title="bbox 1961 4260 3521 4337">
    <p class='ocr_par' dir='ltr' id='par_1_88' title="bbox 1961 4260 3521 4337">
     <span class='ocr_line' id='line_1_88' title="bbox 1961 4260 3521 4337; baseline -0.008 -13"><span class='ocrx_word' id='word_1_632' title='bbox 1961 4269 2242 4324; x_wconf 88' lang='lat' dir='ltr'><strong>cinereum</strong></span> <span class='ocrx_word' id='word_1_633' title='bbox 2295 4283 2547 4337; x_wconf 86' lang='lat' dir='ltr'><strong>saporem</strong></span> <span class='ocrx_word' id='word_1_634' title='bbox 2592 4267 2838 4335; x_wconf 88' lang='lat' dir='ltr'><strong>aliosque</strong></span> <span class='ocrx_word' id='word_1_635' title='bbox 2881 4267 3015 4319; x_wconf 86' lang='lat' dir='ltr'><strong>tales</strong></span> <span class='ocrx_word' id='word_1_636' title='bbox 3055 4263 3316 4318; x_wconf 82' lang='lat' dir='ltr'><strong>referant.</strong></span> <span class='ocrx_word' id='word_1_637' title='bbox 3386 4260 3521 4314; x_wconf 85' lang='lat' dir='ltr'><strong>Nam</strong></span> 
     </span>
    </p>
   </div>
   <div class='ocr_carea' id='block_1_89' title="bbox 1962 4357 3533 4432">
    <p class='ocr_par' dir='ltr' id='par_1_89' title="bbox 1962 4357 3533 4432">
     <span class='ocr_line' id='line_1_89' title="bbox 1962 4357 3533 4432; baseline -0.006 -17"><span class='ocrx_word' id='word_1_638' title='bbox 1962 4362 2079 4432; x_wconf 90' lang='lat' dir='ltr'><strong>ejus</strong></span> <span class='ocrx_word' id='word_1_639' title='bbox 2106 4361 2207 4415; x_wconf 90' lang='lat' dir='ltr'><strong>soli</strong></span> <span class='ocrx_word' id='word_1_640' title='bbox 2239 4360 2554 4430; x_wconf 85' lang='lat' dir='ltr'><strong>qualitatem</strong></span> <span class='ocrx_word' id='word_1_641' title='bbox 2593 4360 2874 4428; x_wconf 84' lang='lat' dir='ltr'><strong>accipiunt</strong></span> <span class='ocrx_word' id='word_1_642' title='bbox 2928 4357 3100 4425; x_wconf 84' lang='lat' dir='ltr'><strong>quod-</strong></span> <span class='ocrx_word' id='word_1_643' title='bbox 3129 4361 3415 4424; x_wconf 86' lang='lat' dir='ltr'><strong>permeant</strong></span> <span class='ocrx_word' id='word_1_644' title='bbox 3473 4361 3533 4405; x_wconf 81' lang='lat' dir='ltr'><strong>et</strong></span> 
     </span>
    </p>
   </div>
   <div class='ocr_carea' id='block_1_90' title="bbox 278 4443 1856 4530">
    <p class='ocr_par' dir='ltr' id='par_1_90' title="bbox 278 4457 1856 4530">
     <span class='ocr_line' id='line_1_90' title="bbox 278 4457 1856 4530; baseline -0.002 -18"><span class='ocrx_word' id='word_1_645' title='bbox 278 4479 334 4513; x_wconf 85' lang='grc' dir='ltr'>τε</span> <span class='ocrx_word' id='word_1_646' title='bbox 393 4463 490 4515; x_wconf 72' lang='grc' dir='ltr'><strong>καὶ</strong></span> <span class='ocrx_word' id='word_1_647' title='bbox 553 4461 900 4530; x_wconf 76' lang='grc' dir='ltr'><strong>ἁνέρχονται.</strong></span> <span class='ocrx_word' id='word_1_648' title='bbox 939 4460 1096 4513; x_wconf 82' lang='grc' dir='ltr'><strong>Οὑτω</strong></span> <span class='ocrx_word' id='word_1_649' title='bbox 1152 4462 1251 4530; x_wconf 85' lang='grc' dir='ltr'><strong>μὲν</strong></span> <span class='ocrx_word' id='word_1_650' title='bbox 1289 4459 1383 4514; x_wconf 84' lang='grc' dir='ltr'><strong>οὑν</strong></span> <span class='ocrx_word' id='word_1_651' title='bbox 1425 4461 1522 4513; x_wconf 76' lang='grc' dir='ltr'><strong>καὶ</strong></span> <span class='ocrx_word' id='word_1_652' title='bbox 1564 4459 1632 4512; x_wconf 68' lang='grc' dir='ltr'><strong>τὰ</strong></span> <span class='ocrx_word' id='word_1_653' title='bbox 1677 4457 1856 4528; x_wconf 77' lang='grc' dir='ltr'><strong>θερμὰ</strong></span> 
     </span>
    </p>
   </div>
   <div class='ocr_carea' id='block_1_91' title="bbox 1960 4443 3530 4530">
    <p class='ocr_par' dir='ltr' id='par_1_91' title="bbox 1963 4443 3530 4523">
     <span class='ocr_line' id='line_1_91' title="bbox 1963 4443 3530 4523; baseline -0.008 -14"><span class='ocrx_word' id='word_1_654' title='bbox 1963 4455 2029 4509; x_wconf 86' lang='lat' dir='ltr'><strong>de</strong></span> <span class='ocrx_word' id='word_1_655' title='bbox 2062 4470 2171 4523; x_wconf 92' lang='lat' dir='ltr'><strong>quo</strong></span> <span class='ocrx_word' id='word_1_656' title='bbox 2206 4454 2500 4506; x_wconf 86' lang='lat' dir='ltr'><strong>ebulliunt.</strong></span> <span class='ocrx_word' id='word_1_657' title='bbox 2533 4452 2623 4505; x_wconf 90' lang='lat' dir='ltr'><strong>Sic</strong></span> <span class='ocrx_word' id='word_1_658' title='bbox 2644 4466 2798 4520; x_wconf 66' lang='lat' dir='ltr'><strong>aqua:</strong></span> <span class='ocrx_word' id='word_1_659' title='bbox 2820 4449 3032 4510; x_wconf 83' lang='lat' dir='ltr'><strong>calidae,</strong></span> <span class='ocrx_word' id='word_1_660' title='bbox 3069 4443 3530 4517; x_wconf 90' lang='lat' dir='ltr'><strong>quemadmodum</strong></span> 
     </span>
    </p>
   </div>
   <div class='ocr_carea' id='block_1_92' title="bbox 282 4551 1863 4620">
    <p class='ocr_par' dir='ltr' id='par_1_92' title="bbox 282 4551 1863 4620">
     <span class='ocr_line' id='line_1_92' title="bbox 282 4551 1863 4620; baseline -0.003 -16"><span class='ocrx_word' id='word_1_661' title='bbox 282 4553 450 4605; x_wconf 73' lang='grc' dir='ltr'><strong>ὕδατα</strong></span> <span class='ocrx_word' id='word_1_662' title='bbox 502 4552 599 4604; x_wconf 77' lang='grc' dir='ltr'><strong>διὰ</strong></span> <span class='ocrx_word' id='word_1_663' title='bbox 631 4551 914 4620; x_wconf 80' lang='grc' dir='ltr'><strong>πυρώδους</strong></span> <span class='ocrx_word' id='word_1_664' title='bbox 958 4551 1060 4620; x_wconf 83' lang='grc' dir='ltr'><strong>γῆς</strong></span> <span class='ocrx_word' id='word_1_665' title='bbox 1102 4551 1454 4620; x_wconf 81' lang='grc' dir='ltr'><strong>διερχόμενα,</strong></span> <span class='ocrx_word' id='word_1_666' title='bbox 1492 4551 1565 4610; x_wconf 75' lang='grc' dir='ltr'><strong>ὡς</strong></span> <span class='ocrx_word' id='word_1_667' title='bbox 1615 4551 1642 4602; x_wconf 85' lang='grc' dir='ltr'><strong>ὁ</strong></span> <span class='ocrx_word' id='word_1_668' title='bbox 1687 4551 1863 4618; x_wconf 78' lang='grc' dir='ltr'><strong>μέγας</strong></span> 
     </span>
    </p>
   </div>
   <div class='ocr_carea' id='block_1_93' title="bbox 281 4639 1865 4713">
    <p class='ocr_par' dir='ltr' id='par_1_93' title="bbox 281 4639 1865 4713">
     <span class='ocr_line' id='line_1_93' title="bbox 281 4639 1865 4713; baseline -0.003 -19"><span class='ocrx_word' id='word_1_669' title='bbox 281 4644 414 4713; x_wconf 70' lang='grc' dir='ltr'><strong>φησι</strong></span> <span class='ocrx_word' id='word_1_670' title='bbox 447 4641 820 4709; x_wconf 72' lang='grc' dir='ltr'><strong>Βασίλειος,ῆ</strong></span> <span class='ocrx_word' id='word_1_671' title='bbox 861 4643 1346 4712; x_wconf 80' lang='grc' dir='ltr'><strong>στενοχωρούμενα</strong></span> <span class='ocrx_word' id='word_1_672' title='bbox 1390 4641 1485 4694; x_wconf 75' lang='grc' dir='ltr'><strong>καὶ</strong></span> <span class='ocrx_word' id='word_1_673' title='bbox 1539 4640 1630 4709; x_wconf 67' lang='grc' dir='ltr'><strong>βίᾳ</strong></span> <span class='ocrx_word' id='word_1_674' title='bbox 1663 4639 1865 4710; x_wconf 80' lang='grc' dir='ltr'><strong>ρηγνὺ-</strong></span> 
     </span>
    </p>
   </div>
   <div class='ocr_carea' id='block_1_94' title="bbox 283 4728 1861 4798">
    <p class='ocr_par' dir='ltr' id='par_1_94' title="bbox 283 4728 1861 4798">
     <span class='ocr_line' id='line_1_94' title="bbox 283 4728 1861 4798; baseline 0 -20"><span class='ocrx_word' id='word_1_675' title='bbox 283 4747 440 4798; x_wconf 77' lang='grc' dir='ltr'><strong>μενα,</strong></span> <span class='ocrx_word' id='word_1_676' title='bbox 467 4731 576 4797; x_wconf 81' lang='grc' dir='ltr'><strong>τὴν</strong></span> <span class='ocrx_word' id='word_1_677' title='bbox 621 4728 770 4790; x_wconf 79' lang='grc' dir='ltr'><strong>ζέσιν</strong></span> <span class='ocrx_word' id='word_1_678' title='bbox 805 4729 1014 4781; x_wconf 75' lang='grc' dir='ltr'><strong>ἐκεῖθεν</strong></span> <span class='ocrx_word' id='word_1_679' title='bbox 1053 4728 1396 4796; x_wconf 81' lang='grc' dir='ltr'><strong>ἐφέλκονται.</strong></span> <span class='ocrx_word' id='word_1_680' title='bbox 1428 4729 1491 4780; x_wconf 82' lang='grc' dir='ltr'><strong>Αἱ</strong></span> <span class='ocrx_word' id='word_1_681' title='bbox 1537 4729 1722 4793; x_wconf 77' lang='grc' dir='ltr'><strong>μέντοι</strong></span> <span class='ocrx_word' id='word_1_682' title='bbox 1759 4744 1861 4796; x_wconf 86' lang='grc' dir='ltr'><strong>με-</strong></span> 
     </span>
    </p>
   </div>
   <div class='ocr_carea' id='block_1_95' title="bbox 279 4816 1862 4887">
    <p class='ocr_par' dir='ltr' id='par_1_95' title="bbox 279 4816 1862 4887">
     <span class='ocr_line' id='line_1_95' title="bbox 279 4816 1862 4887; baseline -0.002 -16"><span class='ocrx_word' id='word_1_683' title='bbox 279 4821 440 4887; x_wconf 78' lang='grc' dir='ltr'><strong>γάλαι</strong></span> <span class='ocrx_word' id='word_1_684' title='bbox 483 4819 670 4887; x_wconf 79' lang='grc' dir='ltr'><strong>πηγαὶ</strong></span> <span class='ocrx_word' id='word_1_685' title='bbox 705 4817 792 4871; x_wconf 86' lang='grc' dir='ltr'><strong>διὰ</strong></span> <span class='ocrx_word' id='word_1_686' title='bbox 837 4817 997 4870; x_wconf 86' lang='grc' dir='ltr'><strong>τοῦτο</strong></span> <span class='ocrx_word' id='word_1_687' title='bbox 1039 4820 1135 4870; x_wconf 80' lang='grc' dir='ltr'><strong>καὶ</strong></span> <span class='ocrx_word' id='word_1_688' title='bbox 1172 4816 1374 4883; x_wconf 77' lang='grc' dir='ltr'><strong>μᾶλλον</strong></span> <span class='ocrx_word' id='word_1_689' title='bbox 1409 4818 1465 4868; x_wconf 82' lang='grc' dir='ltr'><strong>ὲν</strong></span> <span class='ocrx_word' id='word_1_690' title='bbox 1494 4817 1647 4885; x_wconf 69' lang='grc' dir='ltr'><strong>ὄρεσι</strong></span> <span class='ocrx_word' id='word_1_691' title='bbox 1679 4816 1862 4880; x_wconf 60' lang='lat' dir='ltr'><strong>vivov-</strong></span> 
     </span>
    </p>
   </div>
   <div class='ocr_carea' id='block_1_96' title="bbox 279 4903 1863 4974">
    <p class='ocr_par' dir='ltr' id='par_1_96' title="bbox 279 4903 1863 4974">
     <span class='ocr_line' id='line_1_96' title="bbox 279 4903 1863 4974; baseline -0.003 -14"><span class='ocrx_word' id='word_1_692' title='bbox 279 4926 384 4966; x_wconf 77' lang='grc' dir='ltr'><strong>ται.</strong></span> <span class='ocrx_word' id='word_1_693' title='bbox 438 4911 526 4961; x_wconf 81' lang='grc' dir='ltr'><strong>ὅτι</strong></span> <span class='ocrx_word' id='word_1_694' title='bbox 583 4909 747 4974; x_wconf 73' lang='grc' dir='ltr'><strong>μέχρι</strong></span> <span class='ocrx_word' id='word_1_695' title='bbox 793 4907 887 4959; x_wconf 79' lang='grc' dir='ltr'><strong>καὶ</strong></span> <span class='ocrx_word' id='word_1_696' title='bbox 942 4905 1110 4974; x_wconf 83' lang='grc' dir='ltr'><strong>αὑτῆς</strong></span> <span class='ocrx_word' id='word_1_697' title='bbox 1159 4905 1262 4970; x_wconf 80' lang='grc' dir='ltr'><strong>τῆς</strong></span> <span class='ocrx_word' id='word_1_698' title='bbox 1316 4904 1408 4956; x_wconf 71' lang='grc' dir='ltr'><strong>τοῦ</strong></span> <span class='ocrx_word' id='word_1_699' title='bbox 1453 4903 1613 4970; x_wconf 80' lang='grc' dir='ltr'><strong>ὅρους</strong></span> <span class='ocrx_word' id='word_1_700' title='bbox 1654 4905 1863 4971; x_wconf 75' lang='grc' dir='ltr'><strong>γίνεται</strong></span> 
     </span>
    </p>
   </div>
   <div class='ocr_carea' id='block_1_97' title="bbox 281 4997 1862 5074">
    <p class='ocr_par' dir='ltr' id='par_1_97' title="bbox 281 4997 1862 5074">
     <span class='ocr_line' id='line_1_97' title="bbox 281 4997 1862 5074; baseline -0.004 -21"><span class='ocrx_word' id='word_1_701' title='bbox 281 5003 528 5074; x_wconf 66' lang='grc' dir='ltr'><strong>κορυφῆς</strong></span> <span class='ocrx_word' id='word_1_702' title='bbox 574 5001 606 5069; x_wconf 84' lang='grc' dir='ltr'>ἡ</span> <span class='ocrx_word' id='word_1_703' title='bbox 655 5002 765 5053; x_wconf 79' lang='grc' dir='ltr'><strong>ἀπὸ</strong></span> <span class='ocrx_word' id='word_1_704' title='bbox 797 4998 888 5052; x_wconf 77' lang='grc' dir='ltr'><strong>τοῦ</strong></span> <span class='ocrx_word' id='word_1_705' title='bbox 928 4998 1124 5066; x_wconf 78' lang='grc' dir='ltr'><strong>βάθους</strong></span> <span class='ocrx_word' id='word_1_706' title='bbox 1156 4998 1288 5065; x_wconf 76' lang='grc' dir='ltr'><strong>ὁλκὴ</strong></span> <span class='ocrx_word' id='word_1_707' title='bbox 1335 4999 1427 5051; x_wconf 77' lang='grc' dir='ltr'><strong>καὶ</strong></span> <span class='ocrx_word' id='word_1_708' title='bbox 1478 4997 1862 5065; x_wconf 72' lang='grc' dir='ltr'><strong>ἀναθυμίασις,</strong></span> 
     </span>
    </p>
   </div>
   <div class='ocr_carea' id='block_1_98' title="bbox 281 5087 1865 5162">
    <p class='ocr_par' dir='ltr' id='par_1_98' title="bbox 281 5087 1865 5162">
     <span class='ocr_line' id='line_1_98' title="bbox 281 5087 1865 5162; baseline -0.003 -18"><span class='ocrx_word' id='word_1_709' title='bbox 281 5095 374 5144; x_wconf 75' lang='grc' dir='ltr'><strong>καὶ</strong></span> <span class='ocrx_word' id='word_1_710' title='bbox 401 5094 616 5162; x_wconf 70' lang='grc' dir='ltr'><strong>μᾶλλον</strong></span> <span class='ocrx_word' id='word_1_711' title='bbox 639 5092 688 5143; x_wconf 79' lang='grc' dir='ltr'><strong>εἰ</strong></span> <span class='ocrx_word' id='word_1_712' title='bbox 712 5091 995 5159; x_wconf 74' lang='grc' dir='ltr'><strong>σομφῶδες</strong></span> <span class='ocrx_word' id='word_1_713' title='bbox 1026 5090 1166 5162; x_wconf 80' lang='grc' dir='ltr'><strong>τύχῃ</strong></span> <span class='ocrx_word' id='word_1_714' title='bbox 1188 5092 1248 5142; x_wconf 72' lang='grc' dir='ltr'><strong>τὸ</strong></span> <span class='ocrx_word' id='word_1_715' title='bbox 1271 5089 1396 5158; x_wconf 69' lang='grc' dir='ltr'><strong>ὄρος</strong></span> <span class='ocrx_word' id='word_1_716' title='bbox 1427 5087 1567 5143; x_wconf 74' lang='grc' dir='ltr'><strong>εἶναι</strong></span> <span class='ocrx_word' id='word_1_717' title='bbox 1599 5099 1692 5143; x_wconf 77' lang='grc' dir='ltr'><strong>καὶ</strong></span> <span class='ocrx_word' id='word_1_718' title='bbox 1727 5091 1865 5157; x_wconf 82' lang='grc' dir='ltr'><strong>πρὸς</strong></span> 
     </span>
    </p>
   </div>
   <div class='ocr_carea' id='block_1_99' title="bbox 279 5179 1866 5254">
    <p class='ocr_par' dir='ltr' id='par_1_99' title="bbox 279 5179 1866 5254">
     <span class='ocr_line' id='line_1_99' title="bbox 279 5179 1866 5254; baseline -0.003 -17"><span class='ocrx_word' id='word_1_719' title='bbox 279 5187 377 5253; x_wconf 85' lang='grc' dir='ltr'><strong>τὴν</strong></span> <span class='ocrx_word' id='word_1_720' title='bbox 404 5184 580 5252; x_wconf 81' lang='grc' dir='ltr'><strong>ὁλκὴν</strong></span> <span class='ocrx_word' id='word_1_721' title='bbox 609 5184 935 5251; x_wconf 74' lang='grc' dir='ltr'><strong>ἐπιτήδειον.</strong></span> <span class='ocrx_word' id='word_1_722' title='bbox 965 5179 1097 5236; x_wconf 75' lang='grc' dir='ltr'><strong>Εἶτα</strong></span> <span class='ocrx_word' id='word_1_723' title='bbox 1145 5183 1450 5254; x_wconf 71' lang='grc' dir='ltr'><strong>καταρρέον</strong></span> <span class='ocrx_word' id='word_1_724' title='bbox 1483 5181 1635 5234; x_wconf 77' lang='grc' dir='ltr'><strong>ἔνθεν</strong></span> <span class='ocrx_word' id='word_1_725' title='bbox 1678 5182 1866 5233; x_wconf 81' lang='grc' dir='ltr'><strong>κάκεῖ-</strong></span> 
     </span>
    </p>
   </div>
   <div class='ocr_carea' id='block_1_100' title="bbox 281 5273 1864 5346">
    <p class='ocr_par' dir='ltr' id='par_1_100' title="bbox 281 5273 1864 5346">
     <span class='ocr_line' id='line_1_100' title="bbox 281 5273 1864 5346; baseline -0.001 -20"><span class='ocrx_word' id='word_1_726' title='bbox 281 5275 370 5326; x_wconf 80' lang='grc' dir='ltr'><strong>θεν</strong></span> <span class='ocrx_word' id='word_1_727' title='bbox 412 5277 474 5325; x_wconf 69' lang='grc' dir='ltr'><strong>τὸ</strong></span> <span class='ocrx_word' id='word_1_728' title='bbox 517 5275 688 5341; x_wconf 72' lang='grc' dir='ltr'><strong>ὕδωρ,</strong></span> <span class='ocrx_word' id='word_1_729' title='bbox 724 5278 814 5326; x_wconf 80' lang='grc' dir='ltr'><strong>καὶ</strong></span> <span class='ocrx_word' id='word_1_730' title='bbox 850 5273 906 5325; x_wconf 77' lang='grc' dir='ltr'><strong>ἐν</strong></span> <span class='ocrx_word' id='word_1_731' title='bbox 952 5291 1055 5326; x_wconf 89' lang='grc' dir='ltr'><strong>τινι</strong></span> <span class='ocrx_word' id='word_1_732' title='bbox 1087 5274 1238 5343; x_wconf 73' lang='grc' dir='ltr'><strong>τόπῳ</strong></span> <span class='ocrx_word' id='word_1_733' title='bbox 1266 5275 1597 5346; x_wconf 74' lang='grc' dir='ltr'><strong>συρρεῦσαν,</strong></span> <span class='ocrx_word' id='word_1_734' title='bbox 1631 5275 1730 5344; x_wconf 82' lang='grc' dir='ltr'><strong>τὴν</strong></span> <span class='ocrx_word' id='word_1_735' title='bbox 1760 5277 1864 5343; x_wconf 74' lang='grc' dir='ltr'><strong>γῆν</strong></span> 
     </span>
    </p>
   </div>
   <div class='ocr_carea' id='block_1_101' title="bbox 280 5365 1862 5436">
    <p class='ocr_par' dir='ltr' id='par_1_101' title="bbox 280 5365 1862 5436">
     <span class='ocr_line' id='line_1_101' title="bbox 280 5365 1862 5436; baseline 0 -20"><span class='ocrx_word' id='word_1_736' title='bbox 280 5367 464 5417; x_wconf 67' lang='grc' dir='ltr'>ἐκεῖσε</span> <span class='ocrx_word' id='word_1_737' title='bbox 528 5367 766 5434; x_wconf 72' lang='grc' dir='ltr'><strong>ρήγ·.υσι</strong></span> <span class='ocrx_word' id='word_1_738' title='bbox 824 5367 917 5418; x_wconf 75' lang='grc' dir='ltr'><strong>καὶ</strong></span> <span class='ocrx_word' id='word_1_739' title='bbox 973 5366 1116 5418; x_wconf 77' lang='grc' dir='ltr'><strong>οὕτω</strong></span> <span class='ocrx_word' id='word_1_740' title='bbox 1175 5368 1315 5434; x_wconf 69' lang='grc' dir='ltr'><strong>μετὰ</strong></span> <span class='ocrx_word' id='word_1_741' title='bbox 1381 5365 1500 5436; x_wconf 77' lang='grc' dir='ltr'><strong>βίας</strong></span> <span class='ocrx_word' id='word_1_742' title='bbox 1557 5367 1862 5436; x_wconf 77' lang='grc' dir='ltr'><strong>ἐξέρχεται.</strong></span> 
     </span>
    </p>
   </div>
   <div class='ocr_carea' id='block_1_102' title="bbox 291 5455 1863 5526">
    <p class='ocr_par' dir='ltr' id='par_1_102' title="bbox 291 5455 1863 5526">
     <span class='ocr_line' id='line_1_102' title="bbox 291 5455 1863 5526; baseline 0.001 -20"><span class='ocrx_word' id='word_1_743' title='bbox 291 5455 548 5517; x_wconf 76' lang='grc' dir='ltr'><strong>’Λὲνναος</strong></span> <span class='ocrx_word' id='word_1_744' title='bbox 595 5456 650 5505; x_wconf 74' lang='grc' dir='ltr'><strong>δὲ</strong></span> <span class='ocrx_word' id='word_1_745' title='bbox 704 5458 732 5525; x_wconf 76' lang='grc' dir='ltr'>ἡ</span> <span class='ocrx_word' id='word_1_746' title='bbox 772 5458 941 5525; x_wconf 78' lang='grc' dir='ltr'><strong>πηγὴ,</strong></span> <span class='ocrx_word' id='word_1_747' title='bbox 969 5460 1049 5509; x_wconf 80' lang='grc' dir='ltr'><strong>ὅτι</strong></span> <span class='ocrx_word' id='word_1_748' title='bbox 1099 5458 1190 5509; x_wconf 84' lang='grc' dir='ltr'><strong>καὶ</strong></span> <span class='ocrx_word' id='word_1_749' title='bbox 1224 5459 1478 5526; x_wconf 69' lang='grc' dir='ltr'><strong>διηνεκὴς</strong></span> <span class='ocrx_word' id='word_1_750' title='bbox 1617 5458 1724 5509; x_wconf 74' lang='grc' dir='ltr'><strong>ἀπὸ</strong></span> <span class='ocrx_word' id='word_1_751' title='bbox 1772 5456 1863 5508; x_wconf 77' lang='grc' dir='ltr'><strong>τοῦ</strong></span> 
     </span>
    </p>
   </div>
   <div class='ocr_carea' id='block_1_103' title="bbox 283 5547 1865 5620">
    <p class='ocr_par' dir='ltr' id='par_1_103' title="bbox 283 5547 1865 5620">
     <span class='ocr_line' id='line_1_103' title="bbox 283 5547 1865 5620; baseline 0 -20"><span class='ocrx_word' id='word_1_752' title='bbox 283 5547 483 5616; x_wconf 74' lang='grc' dir='ltr'><strong>βάθους</strong></span> <span class='ocrx_word' id='word_1_753' title='bbox 535 5550 692 5616; x_wconf 68' lang='grc' dir='ltr'><strong>παρὰ</strong></span> <span class='ocrx_word' id='word_1_754' title='bbox 727 5548 824 5601; x_wconf 75' lang='grc' dir='ltr'><strong>τοῦ</strong></span> <span class='ocrx_word' id='word_1_755' title='bbox 862 5550 1012 5618; x_wconf 74' lang='grc' dir='ltr'><strong>ἡλίου</strong></span> <span class='ocrx_word' id='word_1_756' title='bbox 1059 5551 1209 5619; x_wconf 76' lang='grc' dir='ltr'><strong>ὁλκή.</strong></span> <span class='ocrx_word' id='word_1_757' title='bbox 1253 5552 1362 5603; x_wconf 80' lang='grc' dir='ltr'><strong>Καὶ</strong></span> <span class='ocrx_word' id='word_1_758' title='bbox 1399 5550 1740 5620; x_wconf 72' lang='grc' dir='ltr'><strong>μαρτυροῦσι</strong></span> <span class='ocrx_word' id='word_1_759' title='bbox 1787 5549 1865 5618; x_wconf 78' lang='grc' dir='ltr'><strong>τῷ</strong></span> 
     </span>
    </p>
   </div>
   <div class='ocr_carea' id='block_1_104' title="bbox 280 5639 1866 5712">
    <p class='ocr_par' dir='ltr' id='par_1_104' title="bbox 280 5639 1866 5712">
     <span class='ocr_line' id='line_1_104' title="bbox 280 5639 1866 5712; baseline 0.003 -23"><span class='ocrx_word' id='word_1_760' title='bbox 280 5639 424 5709; x_wconf 76' lang='grc' dir='ltr'><strong>λόγῳ</strong></span> <span class='ocrx_word' id='word_1_761' title='bbox 479 5642 551 5692; x_wconf 73' lang='grc' dir='ltr'><strong>τά</strong></span> <span class='ocrx_word' id='word_1_762' title='bbox 613 5642 849 5708; x_wconf 82' lang='grc' dir='ltr'><strong>μέγιστα</strong></span> <span class='ocrx_word' id='word_1_763' title='bbox 886 5642 995 5694; x_wconf 81' lang='grc' dir='ltr'><strong>τών</strong></span> <span class='ocrx_word' id='word_1_764' title='bbox 1049 5642 1216 5712; x_wconf 85' lang='grc' dir='ltr'><strong>ὀρῶν,</strong></span> <span class='ocrx_word' id='word_1_765' title='bbox 1272 5644 1300 5696; x_wconf 84' lang='grc' dir='ltr'>ὃ</span> <span class='ocrx_word' id='word_1_766' title='bbox 1360 5661 1420 5695; x_wconf 78' lang='grc' dir='ltr'>τε</span> <span class='ocrx_word' id='word_1_767' title='bbox 1477 5644 1788 5704; x_wconf 68' lang='grc' dir='ltr'><strong>Καύκασος,</strong></span> <span class='ocrx_word' id='word_1_768' title='bbox 1837 5643 1866 5694; x_wconf 88' lang='grc' dir='ltr'>ὀ</span> 
     </span>
    </p>
   </div>
   <div class='ocr_carea' id='block_1_105' title="bbox 283 5732 1861 5804">
    <p class='ocr_par' dir='ltr' id='par_1_105' title="bbox 283 5732 1861 5804">
     <span class='ocr_line' id='line_1_105' title="bbox 283 5732 1861 5804; baseline 0.001 -21"><span class='ocrx_word' id='word_1_769' title='bbox 283 5732 640 5802; x_wconf 78' lang='grc' dir='ltr'><strong>Παρνασσὸς,</strong></span> <span class='ocrx_word' id='word_1_770' title='bbox 682 5734 715 5802; x_wconf 73' lang='grc' dir='ltr'>ἡ</span> <span class='ocrx_word' id='word_1_771' title='bbox 762 5733 1009 5803; x_wconf 80' lang='grc' dir='ltr'><strong>Πυρήνη,</strong></span> <span class='ocrx_word' id='word_1_772' title='bbox 1044 5737 1134 5788; x_wconf 67' lang='grc' dir='ltr'><strong>καὶ</strong></span> <span class='ocrx_word' id='word_1_773' title='bbox 1177 5737 1273 5789; x_wconf 74' lang='grc' dir='ltr'><strong>ὅσα</strong></span> <span class='ocrx_word' id='word_1_774' title='bbox 1314 5734 1571 5788; x_wconf 51' lang='grc' dir='ltr'><strong>τοιμῖκα·</strong></span> <span class='ocrx_word' id='word_1_775' title='bbox 1612 5735 1861 5804; x_wconf 71' lang='grc' dir='ltr'><strong>μέ·;ισ.υι</strong></span> 
     </span>
    </p>
   </div>
   <div class='ocr_carea' id='block_1_106' title="bbox 1968 4538 3532 4615">
    <p class='ocr_par' dir='ltr' id='par_1_106' title="bbox 1968 4538 3532 4615">
     <span class='ocr_line' id='line_1_106' title="bbox 1968 4538 3532 4615; baseline -0.01 -13"><span class='ocrx_word' id='word_1_776' title='bbox 1968 4547 2197 4602; x_wconf 86' lang='lat' dir='ltr'><strong>Basilius</strong></span> <span class='ocrx_word' id='word_1_777' title='bbox 2225 4546 2314 4600; x_wconf 82' lang='lat' dir='ltr'><strong>ille</strong></span> <span class='ocrx_word' id='word_1_778' title='bbox 2347 4562 2574 4615; x_wconf 81' lang='lat' dir='ltr'><strong>magnus</strong></span> <span class='ocrx_word' id='word_1_779' title='bbox 2593 4547 2686 4607; x_wconf 90' lang='lat' dir='ltr'><strong>ait,</strong></span> <span class='ocrx_word' id='word_1_780' title='bbox 2714 4547 2796 4598; x_wconf 89' lang='lat' dir='ltr'><strong>vel</strong></span> <span class='ocrx_word' id='word_1_781' title='bbox 2822 4545 3037 4614; x_wconf 78' lang='lat' dir='ltr'><strong>igneum</strong></span> <span class='ocrx_word' id='word_1_782' title='bbox 3060 4541 3330 4610; x_wconf 83' lang='lat' dir='ltr'><strong>quoddam</strong></span> <span class='ocrx_word' id='word_1_783' title='bbox 3354 4538 3532 4590; x_wconf 91' lang='lat' dir='ltr'><strong>solum</strong></span> 
     </span>
    </p>
   </div>
   <div class='ocr_carea' id='block_1_107' title="bbox 1967 4627 3530 4706">
    <p class='ocr_par' dir='ltr' id='par_1_107' title="bbox 1967 4627 3530 4706">
     <span class='ocr_line' id='line_1_107' title="bbox 1967 4627 3530 4706; baseline -0.008 -16"><span class='ocrx_word' id='word_1_784' title='bbox 1967 4645 2344 4706; x_wconf 79' lang='lat' dir='ltr'><strong>penetrantes,</strong></span> <span class='ocrx_word' id='word_1_785' title='bbox 2396 4635 2480 4688; x_wconf 80' lang='lat' dir='ltr'><strong>vel</strong></span> <span class='ocrx_word' id='word_1_786' title='bbox 2533 4636 2586 4687; x_wconf 91' lang='lat' dir='ltr'><strong>in</strong></span> <span class='ocrx_word' id='word_1_787' title='bbox 2635 4645 2814 4686; x_wconf 87' lang='lat' dir='ltr'><strong>artum</strong></span> <span class='ocrx_word' id='word_1_788' title='bbox 2857 4648 3060 4701; x_wconf 71' lang='lat' dir='ltr'><strong>pressa:</strong></span> <span class='ocrx_word' id='word_1_789' title='bbox 3111 4631 3270 4698; x_wconf 88' lang='lat' dir='ltr'><strong>vique</strong></span> <span class='ocrx_word' id='word_1_790' title='bbox 3307 4627 3530 4686; x_wconf 67' lang='lat' dir='ltr'><strong>collisae,</strong></span> 
     </span>
    </p>
   </div>
   <div class='ocr_carea' id='block_1_108' title="bbox 1968 4717 3532 4794">
    <p class='ocr_par' dir='ltr' id='par_1_108' title="bbox 1968 4717 3532 4794">
     <span class='ocr_line' id='line_1_108' title="bbox 1968 4717 3532 4794; baseline -0.01 -11"><span class='ocrx_word' id='word_1_791' title='bbox 1968 4731 2239 4783; x_wconf 79' lang='lat' dir='ltr'><strong>fervorem</strong></span> <span class='ocrx_word' id='word_1_792' title='bbox 2284 4728 2435 4781; x_wconf 87' lang='lat' dir='ltr'><strong>illtnn</strong></span> <span class='ocrx_word' id='word_1_793' title='bbox 2467 4726 2771 4794; x_wconf 89' lang='lat' dir='ltr'><strong>accipiunt.</strong></span> <span class='ocrx_word' id='word_1_794' title='bbox 2825 4723 3027 4778; x_wconf 85' lang='lat' dir='ltr'><strong>Eadem</strong></span> <span class='ocrx_word' id='word_1_795' title='bbox 3054 4723 3120 4776; x_wconf 88' lang='lat' dir='ltr'><strong>de</strong></span> <span class='ocrx_word' id='word_1_796' title='bbox 3154 4736 3316 4776; x_wconf 86' lang='lat' dir='ltr'><strong>causa</strong></span> <span class='ocrx_word' id='word_1_797' title='bbox 3352 4717 3532 4786; x_wconf 80' lang='lat' dir='ltr'><strong>magni</strong></span> 
     </span>
    </p>
   </div>
   <div class='ocr_carea' id='block_1_109' title="bbox 1954 4807 3535 4888">
    <p class='ocr_par' dir='ltr' id='par_1_109' title="bbox 1954 4807 3535 4888">
     <span class='ocr_line' id='line_1_109' title="bbox 1954 4807 3535 4888; baseline -0.008 -15"><span class='ocrx_word' id='word_1_798' title='bbox 1954 4807 2147 4874; x_wconf 53' lang='lat' dir='ltr'><strong>&#39;foutes</strong></span> <span class='ocrx_word' id='word_1_799' title='bbox 2185 4820 2502 4888; x_wconf 78' lang='lat' dir='ltr'><strong>plerumque</strong></span> <span class='ocrx_word' id='word_1_800' title='bbox 2535 4818 2589 4870; x_wconf 92' lang='lat' dir='ltr'><strong>in</strong></span> <span class='ocrx_word' id='word_1_801' title='bbox 2624 4817 2901 4870; x_wconf 87' lang='lat' dir='ltr'><strong>montibus</strong></span> <span class='ocrx_word' id='word_1_802' title='bbox 2949 4815 3226 4875; x_wconf 91' lang='lat' dir='ltr'><strong>oriuntur,</strong></span> <span class='ocrx_word' id='word_1_803' title='bbox 3271 4810 3415 4880; x_wconf 89' lang='lat' dir='ltr'><strong>quod</strong></span> <span class='ocrx_word' id='word_1_804' title='bbox 3466 4809 3535 4861; x_wconf 89' lang='lat' dir='ltr'><strong>ad</strong></span> 
     </span>
    </p>
   </div>
   <div class='ocr_carea' id='block_1_110' title="bbox 1969 4903 3536 4980">
    <p class='ocr_par' dir='ltr' id='par_1_110' title="bbox 1969 4903 3536 4980">
     <span class='ocr_line' id='line_1_110' title="bbox 1969 4903 3536 4980; baseline -0.009 -14"><span class='ocrx_word' id='word_1_805' title='bbox 1969 4912 2142 4980; x_wconf 88' lang='lat' dir='ltr'><strong>ipsius</strong></span> <span class='ocrx_word' id='word_1_806' title='bbox 2173 4911 2336 4963; x_wconf 87' lang='lat' dir='ltr'><strong>etiam</strong></span> <span class='ocrx_word' id='word_1_807' title='bbox 2370 4909 2570 4962; x_wconf 89' lang='lat' dir='ltr'><strong>montis</strong></span> <span class='ocrx_word' id='word_1_808' title='bbox 2602 4907 2862 4962; x_wconf 83' lang='lat' dir='ltr'><strong>verticem</strong></span> <span class='ocrx_word' id='word_1_809' title='bbox 2895 4907 3149 4961; x_wconf 81' lang='lat' dir='ltr'><strong>attractio</strong></span> <span class='ocrx_word' id='word_1_810' title='bbox 3182 4903 3426 4972; x_wconf 62' lang='lat' dir='ltr'><strong>quaedam</strong></span> <span class='ocrx_word' id='word_1_811' title='bbox 3479 4907 3536 4953; x_wconf 85' lang='lat' dir='ltr'><strong>et</strong></span> 
     </span>
    </p>
   </div>
   <div class='ocr_carea' id='block_1_111' title="bbox 1967 4995 3537 5070">
    <p class='ocr_par' dir='ltr' id='par_1_111' title="bbox 1967 4995 3537 5070">
     <span class='ocr_line' id='line_1_111' title="bbox 1967 4995 3537 5070; baseline -0.008 -12"><span class='ocrx_word' id='word_1_812' title='bbox 1967 5003 2239 5059; x_wconf 81' lang='lat' dir='ltr'><strong>exhalatio</strong></span> <span class='ocrx_word' id='word_1_813' title='bbox 2275 5002 2341 5056; x_wconf 87' lang='lat' dir='ltr'><strong>de</strong></span> <span class='ocrx_word' id='word_1_814' title='bbox 2365 5001 2614 5070; x_wconf 84' lang='lat' dir='ltr'><strong>partibus</strong></span> <span class='ocrx_word' id='word_1_815' title='bbox 2647 5001 2768 5054; x_wconf 87' lang='lat' dir='ltr'><strong>imis</strong></span> <span class='ocrx_word' id='word_1_816' title='bbox 2802 5000 2896 5054; x_wconf 81' lang='lat' dir='ltr'><strong>fiat</strong></span> <span class='ocrx_word' id='word_1_817' title='bbox 2931 4997 3256 5070; x_wconf 61' lang='lat' dir='ltr'><strong>praesertim,</strong></span> <span class='ocrx_word' id='word_1_818' title='bbox 3301 4995 3344 5049; x_wconf 92' lang='lat' dir='ltr'><strong>si</strong></span> <span class='ocrx_word' id='word_1_819' title='bbox 3379 5007 3537 5046; x_wconf 75' lang='lat' dir='ltr'><strong>uinus</strong></span> 
     </span>
    </p>
   </div>
   <div class='ocr_carea' id='block_1_112' title="bbox 1970 5084 3539 5151">
    <p class='ocr_par' dir='ltr' id='par_1_112' title="bbox 1970 5084 3539 5151">
     <span class='ocr_line' id='line_1_112' title="bbox 1970 5084 3539 5151; baseline -0.011 0"><span class='ocrx_word' id='word_1_820' title='bbox 1970 5112 2304 5151; x_wconf 78' lang='lat' dir='ltr'><strong>caveruusus</strong></span> <span class='ocrx_word' id='word_1_821' title='bbox 2337 5094 2477 5147; x_wconf 86' lang='lat' dir='ltr'><strong>forte</strong></span> <span class='ocrx_word' id='word_1_822' title='bbox 2521 5095 2593 5147; x_wconf 90' lang='lat' dir='ltr'><strong>sit</strong></span> <span class='ocrx_word' id='word_1_823' title='bbox 2635 5104 2690 5146; x_wconf 89' lang='lat' dir='ltr'><strong>et</strong></span> <span class='ocrx_word' id='word_1_824' title='bbox 2728 5094 2793 5146; x_wconf 90' lang='lat' dir='ltr'><strong>ad</strong></span> <span class='ocrx_word' id='word_1_825' title='bbox 2829 5093 2972 5146; x_wconf 88' lang='lat' dir='ltr'><strong>hanc</strong></span> <span class='ocrx_word' id='word_1_826' title='bbox 3003 5089 3388 5144; x_wconf 85' lang='lat' dir='ltr'><strong>attractionem</strong></span> <span class='ocrx_word' id='word_1_827' title='bbox 3421 5084 3539 5137; x_wconf 80' lang='lat' dir='ltr'><strong>idu-</strong></span> 
     </span>
    </p>
   </div>
   <div class='ocr_carea' id='block_1_113' title="bbox 1971 5187 3538 5250">
    <p class='ocr_par' dir='ltr' id='par_1_113' title="bbox 1971 5187 3538 5250">
     <span class='ocr_line' id='line_1_113' title="bbox 1971 5187 3538 5250; baseline -0.008 -6"><span class='ocrx_word' id='word_1_828' title='bbox 1971 5205 2130 5244; x_wconf 86' lang='lat' dir='ltr'><strong>neus.</strong></span> <span class='ocrx_word' id='word_1_829' title='bbox 2189 5188 2390 5241; x_wconf 87' lang='lat' dir='ltr'><strong>Deinde</strong></span> <span class='ocrx_word' id='word_1_830' title='bbox 2418 5188 2519 5241; x_wconf 90' lang='lat' dir='ltr'><strong>hac</strong></span> <span class='ocrx_word' id='word_1_831' title='bbox 2547 5197 2602 5240; x_wconf 93' lang='lat' dir='ltr'><strong>et</strong></span> <span class='ocrx_word' id='word_1_832' title='bbox 2635 5187 2760 5240; x_wconf 88' lang='lat' dir='ltr'><strong>illac</strong></span> <span class='ocrx_word' id='word_1_833' title='bbox 2792 5187 3090 5238; x_wconf 87' lang='lat' dir='ltr'><strong>demanaus</strong></span> <span class='ocrx_word' id='word_1_834' title='bbox 3123 5197 3285 5250; x_wconf 89' lang='lat' dir='ltr'><strong>aqua,</strong></span> <span class='ocrx_word' id='word_1_835' title='bbox 3317 5188 3374 5234; x_wconf 87' lang='lat' dir='ltr'><strong>et</strong></span> <span class='ocrx_word' id='word_1_836' title='bbox 3401 5193 3538 5247; x_wconf 88' lang='lat' dir='ltr'><strong>quo-</strong></span> 
     </span>
    </p>
   </div>
   <div class='ocr_carea' id='block_1_114' title="bbox 1971 5271 3536 5342">
    <p class='ocr_par' dir='ltr' id='par_1_114' title="bbox 1971 5271 3536 5342">
     <span class='ocr_line' id='line_1_114' title="bbox 1971 5271 3536 5342; baseline -0.008 -8"><span class='ocrx_word' id='word_1_837' title='bbox 1971 5280 2093 5334; x_wconf 91' lang='lat' dir='ltr'><strong>dam</strong></span> <span class='ocrx_word' id='word_1_838' title='bbox 2127 5279 2177 5331; x_wconf 90' lang='lat' dir='ltr'><strong>iu</strong></span> <span class='ocrx_word' id='word_1_839' title='bbox 2220 5279 2339 5331; x_wconf 91' lang='lat' dir='ltr'><strong>loco</strong></span> <span class='ocrx_word' id='word_1_840' title='bbox 2374 5278 2679 5340; x_wconf 75' lang='lat' dir='ltr'><strong>couilueus,</strong></span> <span class='ocrx_word' id='word_1_841' title='bbox 2723 5288 2920 5331; x_wconf 88' lang='lat' dir='ltr'><strong>terram</strong></span> <span class='ocrx_word' id='word_1_842' title='bbox 2959 5277 3085 5329; x_wconf 86' lang='lat' dir='ltr'><strong>istic</strong></span> <span class='ocrx_word' id='word_1_843' title='bbox 3123 5271 3430 5342; x_wconf 87' lang='lat' dir='ltr'><strong>perrumpit</strong></span> <span class='ocrx_word' id='word_1_844' title='bbox 3473 5283 3536 5322; x_wconf 88' lang='lat' dir='ltr'><strong>ac</strong></span> 
     </span>
    </p>
   </div>
   <div class='ocr_carea' id='block_1_115' title="bbox 1970 5364 3538 5439">
    <p class='ocr_par' dir='ltr' id='par_1_115' title="bbox 1970 5364 3538 5439">
     <span class='ocr_line' id='line_1_115' title="bbox 1970 5364 3538 5439; baseline -0.01 -14"><span class='ocrx_word' id='word_1_845' title='bbox 1970 5372 2023 5425; x_wconf 82' lang='lat' dir='ltr'><strong>vi</strong></span> <span class='ocrx_word' id='word_1_846' title='bbox 2052 5371 2183 5424; x_wconf 77' lang='lat' dir='ltr'><strong>exit.</strong></span> <span class='ocrx_word' id='word_1_847' title='bbox 2225 5371 2287 5423; x_wconf 74' lang='lat' dir='ltr'><strong>Et</strong></span> <span class='ocrx_word' id='word_1_848' title='bbox 2320 5386 2590 5439; x_wconf 83' lang='lat' dir='ltr'><strong>perennes</strong></span> <span class='ocrx_word' id='word_1_849' title='bbox 2623 5382 2751 5422; x_wconf 85' lang='lat' dir='ltr'><strong>sunt</strong></span> <span class='ocrx_word' id='word_1_850' title='bbox 2784 5369 2836 5420; x_wconf 90' lang='lat' dir='ltr'><strong>hi</strong></span> <span class='ocrx_word' id='word_1_851' title='bbox 2867 5369 3069 5431; x_wconf 84' lang='lat' dir='ltr'><strong>fontes,</strong></span> <span class='ocrx_word' id='word_1_852' title='bbox 3106 5364 3231 5433; x_wconf 88' lang='lat' dir='ltr'><strong>quia</strong></span> <span class='ocrx_word' id='word_1_853' title='bbox 3267 5367 3538 5432; x_wconf 83' lang='lat' dir='ltr'><strong>perpetuo</strong></span> 
     </span>
    </p>
   </div>
   <div class='ocr_carea' id='block_1_116' title="bbox 1973 5459 3538 5515">
    <p class='ocr_par' dir='ltr' id='par_1_116' title="bbox 1973 5459 3538 5515">
     <span class='ocr_line' id='line_1_116' title="bbox 1973 5459 3538 5515; baseline -0.006 -1"><span class='ocrx_word' id='word_1_854' title='bbox 1973 5464 2032 5515; x_wconf 89' lang='lat' dir='ltr'><strong>fit</strong></span> <span class='ocrx_word' id='word_1_855' title='bbox 2064 5463 2132 5515; x_wconf 91' lang='lat' dir='ltr'><strong>ab</strong></span> <span class='ocrx_word' id='word_1_856' title='bbox 2168 5462 2279 5515; x_wconf 87' lang='lat' dir='ltr'><strong>imo</strong></span> <span class='ocrx_word' id='word_1_857' title='bbox 2309 5463 2440 5515; x_wconf 86' lang='lat' dir='ltr'><strong>solis</strong></span> <span class='ocrx_word' id='word_1_858' title='bbox 2471 5462 2746 5514; x_wconf 76' lang='lat' dir='ltr'><strong>attractio.</strong></span> <span class='ocrx_word' id='word_1_859' title='bbox 2801 5460 3005 5514; x_wconf 78' lang='lat' dir='ltr'><strong>Verum</strong></span> <span class='ocrx_word' id='word_1_860' title='bbox 3042 5459 3147 5511; x_wconf 93' lang='lat' dir='ltr'><strong>hoc</strong></span> <span class='ocrx_word' id='word_1_861' title='bbox 3177 5470 3297 5509; x_wconf 84' lang='lat' dir='ltr'><strong>esse</strong></span> <span class='ocrx_word' id='word_1_862' title='bbox 3326 5459 3538 5504; x_wconf 85' lang='lat' dir='ltr'><strong>montes</strong></span> 
     </span>
    </p>
   </div>
   <div class='ocr_carea' id='block_1_117' title="bbox 1970 5540 3538 5641">
    <p class='ocr_par' dir='ltr' id='par_1_117' title="bbox 1970 5540 3538 5641">
     <span class='ocr_line' id='line_1_117' title="bbox 1970 5540 3538 5641; baseline -0.001 -34"><span class='ocrx_word' id='word_1_863' title='bbox 1970 5553 2130 5621; x_wconf 76' lang='lat' dir='ltr'><strong>longe</strong></span> <span class='ocrx_word' id='word_1_864' title='bbox 2164 5552 2382 5604; x_wconf 72' lang='lat' dir='ltr'><strong>Iuaximi</strong></span> <span class='ocrx_word' id='word_1_865' title='bbox 2429 5563 2721 5614; x_wconf 84' lang='lat' dir='ltr'><strong>testantur,</strong></span> <span class='ocrx_word' id='word_1_866' title='bbox 2767 5551 3024 5604; x_wconf 88' lang='lat' dir='ltr'><strong>nimirum</strong></span> <span class='ocrx_word' id='word_1_867' title='bbox 3063 5548 3359 5641; x_wconf 55' lang='lat' dir='ltr'><strong>Csiucag‘tt_5.</strong></span> <span class='ocrx_word' id='word_1_868' title='bbox 3407 5540 3538 5592; x_wconf 63' lang='grc' dir='ltr'><strong>ΡΜ·-</strong></span> 
     </span>
    </p>
   </div>
   <div class='ocr_carea' id='block_1_118' title="bbox 1973 5632 3540 5713">
    <p class='ocr_par' dir='ltr' id='par_1_118' title="bbox 1973 5632 3540 5713">
     <span class='ocr_line' id='line_1_118' title="bbox 1973 5632 3540 5713; baseline -0.009 -16"><span class='ocrx_word' id='word_1_869' title='bbox 1973 5661 2184 5706; x_wconf 77' lang='lat' dir='ltr'><strong>nasstts,</strong></span> <span class='ocrx_word' id='word_1_870' title='bbox 2215 5645 2278 5713; x_wconf 66' lang='grc' dir='ltr'><strong>Ρ)</strong></span> <span class='ocrx_word' id='word_1_871' title='bbox 2296 5660 2446 5701; x_wconf 83' lang='lat' dir='ltr'><strong>reue.</strong></span> <span class='ocrx_word' id='word_1_872' title='bbox 2481 5647 2658 5696; x_wconf 65' lang='lat' dir='ltr'><strong>cat-teri</strong></span> <span class='ocrx_word' id='word_1_873' title='bbox 2687 5660 2699 5699; x_wconf 80' lang='lat'>;</span> <span class='ocrx_word' id='word_1_874' title='bbox 2734 5659 2854 5693; x_wconf 65' lang='lat' dir='ltr'><strong>unm</strong></span> <span class='ocrx_word' id='word_1_875' title='bbox 2889 5657 2950 5693; x_wconf 73' lang='lat' dir='ltr'><strong>ex</strong></span> <span class='ocrx_word' id='word_1_876' title='bbox 2989 5641 3068 5692; x_wconf 86' lang='lat' dir='ltr'><strong>eis</strong></span> <span class='ocrx_word' id='word_1_877' title='bbox 3107 5632 3292 5688; x_wconf 66' lang='lat' dir='ltr'><strong>amne-3</strong></span> <span class='ocrx_word' id='word_1_878' title='bbox 3316 5632 3540 5701; x_wconf 76' lang='lat' dir='ltr'><strong>amplis-</strong></span> 
     </span>
    </p>
   </div>
   <div class='ocr_carea' id='block_1_119' title="bbox 1974 5724 3536 5803">
    <p class='ocr_par' dir='ltr' id='par_1_119' title="bbox 1974 5724 3536 5803">
     <span class='ocr_line' id='line_1_119' title="bbox 1974 5724 3536 5803; baseline -0.007 -16"><span class='ocrx_word' id='word_1_879' title='bbox 1974 5736 2095 5790; x_wconf 71' lang='lat' dir='ltr'><strong>simi</strong></span> <span class='ocrx_word' id='word_1_880' title='bbox 2139 5744 2480 5803; x_wconf 63' lang='lat' dir='ltr'><strong>pru.:».ma::t,</strong></span> <span class='ocrx_word' id='word_1_881' title='bbox 2533 5735 2595 5788; x_wconf 76' lang='lat' dir='ltr'><strong>de</strong></span> <span class='ocrx_word' id='word_1_882' title='bbox 2641 5733 2979 5798; x_wconf 56' lang='lat' dir='ltr'><strong>magilisurti</strong></span> <span class='ocrx_word' id='word_1_883' title='bbox 3015 5727 3274 5781; x_wconf 60' lang='grc' dir='ltr'><strong>ἷυιιιὶιιίιπ.</strong></span> <span class='ocrx_word' id='word_1_884' title='bbox 3406 5724 3536 5786; x_wconf 61' lang='lat' dir='ltr'><strong>quia]</strong></span> 
     </span>
    </p>
   </div>
  </div>
