  <div class='ocr_page' id='page_1' title='image "/cluster/home/n/w/nwhite01/storage/ocr_20150623/158/mdp.39015078384701/066.png"; bbox 0 0 3968 6228; ppageno 0'>
   <div class='ocr_carea' id='block_1_1' title="bbox 255 279 3529 354">
    <p class='ocr_par' dir='ltr' id='par_1_1' title="bbox 255 279 3529 354">
     <span class='ocr_line' id='line_1_1' title="bbox 255 279 3529 354; baseline -0.003 -1"><span class='ocrx_word' id='word_1_1' title='bbox 255 292 324 354; x_wconf 68' lang='lat'><strong>57</strong></span> <span class='ocrx_word' id='word_1_2' title='bbox 1548 289 1954 351; x_wconf 70' lang='lat' dir='ltr'><strong>ANNALIUM</strong></span> <span class='ocrx_word' id='word_1_3' title='bbox 1993 290 2187 347; x_wconf 66' lang='lat' dir='ltr'>PARS</span> <span class='ocrx_word' id='word_1_4' title='bbox 2230 287 2278 346; x_wconf 80' lang='grc'><strong>1-</strong></span> <span class='ocrx_word' id='word_1_5' title='bbox 3457 279 3529 342; x_wconf 68' lang='lat' dir='ltr'><strong>L8</strong></span> 
     </span>
    </p>
   </div>
   <div class='ocr_carea' id='block_1_2' title="bbox 257 394 1853 478">
    <p class='ocr_par' dir='ltr' id='par_1_2' title="bbox 257 403 1850 478">
     <span class='ocr_line' id='line_1_2' title="bbox 257 403 1850 478; baseline 0.004 -25"><span class='ocrx_word' id='word_1_6' title='bbox 257 403 481 472; x_wconf 81' lang='grc' dir='ltr'>θερμῶν</span> <span class='ocrx_word' id='word_1_7' title='bbox 519 404 733 460; x_wconf 73' lang='grc' dir='ltr'>ὑδάτων</span> <span class='ocrx_word' id='word_1_8' title='bbox 757 422 772 437; x_wconf 81' lang='lat'>&#39;</span> <span class='ocrx_word' id='word_1_9' title='bbox 809 404 918 478; x_wconf 84' lang='grc' dir='ltr'><strong>πῦρ</strong></span> <span class='ocrx_word' id='word_1_10' title='bbox 952 406 1061 477; x_wconf 76' lang='grc' dir='ltr'><strong>γαρ</strong></span> <span class='ocrx_word' id='word_1_11' title='bbox 1092 407 1187 459; x_wconf 74' lang='grc' dir='ltr'>καὶ</span> <span class='ocrx_word' id='word_1_12' title='bbox 1222 406 1369 476; x_wconf 73' lang='grc' dir='ltr'>ὕδωρ</span> <span class='ocrx_word' id='word_1_13' title='bbox 1423 407 1477 459; x_wconf 76' lang='grc' dir='ltr'>ὲν</span> <span class='ocrx_word' id='word_1_14' title='bbox 1523 407 1600 477; x_wconf 78' lang='grc' dir='ltr'>τῷ</span> <span class='ocrx_word' id='word_1_15' title='bbox 1632 407 1850 476; x_wconf 77' lang='grc' dir='ltr'>οὑρανῴ</span> 
     </span>
    </p>
   </div>
   <div class='ocr_carea' id='block_1_3' title="bbox 1962 394 3535 478">
    <p class='ocr_par' dir='ltr' id='par_1_3' title="bbox 1962 394 3535 471">
     <span class='ocr_line' id='line_1_3' title="bbox 1962 394 3535 471; baseline -0.004 -16"><span class='ocrx_word' id='word_1_16' title='bbox 1962 401 2187 456; x_wconf 81' lang='lat' dir='ltr'><strong>antistes</strong></span> <span class='ocrx_word' id='word_1_17' title='bbox 2215 402 2302 471; x_wconf 77' lang='lat' dir='ltr'><strong>(ex</strong></span> <span class='ocrx_word' id='word_1_18' title='bbox 2339 397 2588 454; x_wconf 90' lang='lat' dir='ltr'><strong>oratione</strong></span> <span class='ocrx_word' id='word_1_19' title='bbox 2620 396 2796 453; x_wconf 84' lang='lat' dir='ltr'><strong>sancti</strong></span> <span class='ocrx_word' id='word_1_20' title='bbox 2838 395 2937 450; x_wconf 86' lang='lat' dir='ltr'><strong>viri</strong></span> <span class='ocrx_word' id='word_1_21' title='bbox 2978 394 3154 450; x_wconf 81' lang='lat' dir='ltr'><strong>I&#39;ionii</strong></span> <span class='ocrx_word' id='word_1_22' title='bbox 3185 395 3421 464; x_wconf 83' lang='lat' dir='ltr'><strong>sumpta)</strong></span> <span class='ocrx_word' id='word_1_23' title='bbox 3463 395 3535 449; x_wconf 89' lang='lat' dir='ltr'><strong>de</strong></span> 
     </span>
    </p>
   </div>
   <div class='ocr_carea' id='block_1_4' title="bbox 253 490 1846 570">
    <p class='ocr_par' dir='ltr' id='par_1_4' title="bbox 253 490 1846 570">
     <span class='ocr_line' id='line_1_4' title="bbox 253 490 1846 570; baseline 0.003 -24"><span class='ocrx_word' id='word_1_24' title='bbox 253 490 394 548; x_wconf 80' lang='grc' dir='ltr'>εἶναι</span> <span class='ocrx_word' id='word_1_25' title='bbox 426 495 601 565; x_wconf 83' lang='grc' dir='ltr'>λέγει,</span> <span class='ocrx_word' id='word_1_26' title='bbox 628 496 894 562; x_wconf 77' lang='grc' dir='ltr'><strong>ὡσαύτως</strong></span> <span class='ocrx_word' id='word_1_27' title='bbox 922 501 1016 552; x_wconf 80' lang='grc' dir='ltr'>καὶ</span> <span class='ocrx_word' id='word_1_28' title='bbox 1046 499 1308 554; x_wconf 82' lang='grc' dir='ltr'><strong>ὑποκάτω</strong></span> <span class='ocrx_word' id='word_1_29' title='bbox 1341 501 1441 569; x_wconf 82' lang='grc' dir='ltr'>τῆς</span> <span class='ocrx_word' id='word_1_30' title='bbox 1473 501 1575 568; x_wconf 79' lang='grc' dir='ltr'><strong>γῆς</strong></span> <span class='ocrx_word' id='word_1_31' title='bbox 1607 498 1720 570; x_wconf 84' lang='grc' dir='ltr'>πῦρ</span> <span class='ocrx_word' id='word_1_32' title='bbox 1751 498 1846 552; x_wconf 80' lang='grc' dir='ltr'>καὶ</span> 
     </span>
    </p>
   </div>
   <div class='ocr_carea' id='block_1_5' title="bbox 254 582 1846 661">
    <p class='ocr_par' dir='ltr' id='par_1_5' title="bbox 254 582 1846 661">
     <span class='ocr_line' id='line_1_5' title="bbox 254 582 1846 661; baseline 0.004 -25"><span class='ocrx_word' id='word_1_33' title='bbox 254 585 425 655; x_wconf 77' lang='grc' dir='ltr'>ὓδωρ,</span> <span class='ocrx_word' id='word_1_34' title='bbox 455 587 552 657; x_wconf 79' lang='grc' dir='ltr'><strong>ἀφ’</strong></span> <span class='ocrx_word' id='word_1_35' title='bbox 605 582 682 643; x_wconf 83' lang='grc' dir='ltr'>ὧν</span> <span class='ocrx_word' id='word_1_36' title='bbox 721 588 913 660; x_wconf 79' lang='grc' dir='ltr'>ὥσπερ</span> <span class='ocrx_word' id='word_1_37' title='bbox 956 592 1194 660; x_wconf 79' lang='grc' dir='ltr'>σίφωνες</span> <span class='ocrx_word' id='word_1_38' title='bbox 1241 590 1663 661; x_wconf 79' lang='grc' dir='ltr'>ἀναπέμπονται</span> <span class='ocrx_word' id='word_1_39' title='bbox 1708 590 1846 658; x_wconf 76' lang='grc' dir='ltr'>πρὸς</span> 
     </span>
    </p>
   </div>
   <div class='ocr_carea' id='block_1_6' title="bbox 251 678 1846 753">
    <p class='ocr_par' dir='ltr' id='par_1_6' title="bbox 251 678 1846 753">
     <span class='ocr_line' id='line_1_6' title="bbox 251 678 1846 753; baseline -0.008 -7"><span class='ocrx_word' id='word_1_40' title='bbox 251 678 536 749; x_wconf 65' lang='grc' dir='ltr'>ἡμετέραν</span> <span class='ocrx_word' id='word_1_41' title='bbox 584 679 733 751; x_wconf 77' lang='grc' dir='ltr'>ζωὴν</span> <span class='ocrx_word' id='word_1_42' title='bbox 789 682 848 733; x_wconf 74' lang='grc' dir='ltr'>αἱ</span> <span class='ocrx_word' id='word_1_43' title='bbox 904 683 1103 753; x_wconf 80' lang='grc' dir='ltr'>πηγαί.</span> <span class='ocrx_word' id='word_1_44' title='bbox 1151 682 1210 736; x_wconf 91' lang='lat'><strong>&#39;0</strong></span> <span class='ocrx_word' id='word_1_45' title='bbox 1254 683 1439 753; x_wconf 80' lang='grc' dir='ltr'>μέντοι</span> <span class='ocrx_word' id='word_1_46' title='bbox 1480 683 1846 753; x_wconf 84' lang='grc' dir='ltr'>Δαμασκηνὸς</span> 
     </span>
    </p>
   </div>
   <div class='ocr_carea' id='block_1_7' title="bbox 261 765 1847 843">
    <p class='ocr_par' dir='ltr' id='par_1_7' title="bbox 261 765 1847 843">
     <span class='ocr_line' id='line_1_7' title="bbox 261 765 1847 843; baseline 0.008 -25"><span class='ocrx_word' id='word_1_47' title='bbox 261 765 530 836; x_wconf 79' lang='grc' dir='ltr'><strong>Ἰωάννης</strong></span> <span class='ocrx_word' id='word_1_48' title='bbox 587 770 720 838; x_wconf 77' lang='grc' dir='ltr'>περὶ</span> <span class='ocrx_word' id='word_1_49' title='bbox 761 768 858 823; x_wconf 82' lang='grc' dir='ltr'>τοῦ</span> <span class='ocrx_word' id='word_1_50' title='bbox 929 770 1192 824; x_wconf 76' lang='grc' dir='ltr'><strong>Ὠκεανοῦ</strong></span> <span class='ocrx_word' id='word_1_51' title='bbox 1248 788 1416 843; x_wconf 80' lang='grc' dir='ltr'>φησιν</span> <span class='ocrx_word' id='word_1_52' title='bbox 1469 771 1551 825; x_wconf 83' lang='grc' dir='ltr'><strong>ὅτι</strong></span> <span class='ocrx_word' id='word_1_53' title='bbox 1602 773 1700 841; x_wconf 81' lang='grc' dir='ltr'>τὴν</span> <span class='ocrx_word' id='word_1_54' title='bbox 1746 773 1847 840; x_wconf 69' lang='grc' dir='ltr'><strong>γῆν</strong></span> 
     </span>
    </p>
   </div>
   <div class='ocr_carea' id='block_1_8' title="bbox 251 856 1846 936">
    <p class='ocr_par' dir='ltr' id='par_1_8' title="bbox 251 856 1846 936">
     <span class='ocr_line' id='line_1_8' title="bbox 251 856 1846 936; baseline 0.004 -25"><span class='ocrx_word' id='word_1_55' title='bbox 251 856 485 913; x_wconf 73' lang='grc' dir='ltr'>ἃπασαν</span> <span class='ocrx_word' id='word_1_56' title='bbox 511 856 600 916; x_wconf 74' lang='grc' dir='ltr'><strong>οἷά</strong></span> <span class='ocrx_word' id='word_1_57' title='bbox 631 879 715 924; x_wconf 87' lang='grc' dir='ltr'><strong>τις</strong></span> <span class='ocrx_word' id='word_1_58' title='bbox 754 863 945 916; x_wconf 81' lang='grc' dir='ltr'>κυκλοῖ</span> <span class='ocrx_word' id='word_1_59' title='bbox 989 865 1238 934; x_wconf 74' lang='grc' dir='ltr'>ποταμός</span> <span class='ocrx_word' id='word_1_60' title='bbox 1261 879 1274 893; x_wconf 81' lang='grc'><strong><em>⁸</em></strong></span> <span class='ocrx_word' id='word_1_61' title='bbox 1315 867 1446 936; x_wconf 76' lang='grc' dir='ltr'>περὶ</span> <span class='ocrx_word' id='word_1_62' title='bbox 1478 857 1541 918; x_wconf 74' lang='grc' dir='ltr'><strong>οὗ</strong></span> <span class='ocrx_word' id='word_1_63' title='bbox 1567 865 1846 936; x_wconf 78' lang='grc' dir='ltr'><strong>εἰρηκέναι</strong></span> 
     </span>
    </p>
   </div>
   <div class='ocr_carea' id='block_1_9' title="bbox 253 951 1845 1028">
    <p class='ocr_par' dir='ltr' id='par_1_9' title="bbox 253 951 1845 1028">
     <span class='ocr_line' id='line_1_9' title="bbox 253 951 1845 1028; baseline 0.004 -26"><span class='ocrx_word' id='word_1_64' title='bbox 253 965 349 1018; x_wconf 88' lang='grc' dir='ltr'><strong>μοι</strong></span> <span class='ocrx_word' id='word_1_65' title='bbox 375 951 527 1006; x_wconf 79' lang='grc' dir='ltr'>δοκεῖ</span> <span class='ocrx_word' id='word_1_66' title='bbox 553 954 586 1027; x_wconf 78' lang='grc' dir='ltr'><strong>η</strong></span> <span class='ocrx_word' id='word_1_67' title='bbox 614 955 836 1028; x_wconf 67' lang='grc' dir='ltr'>Γραφῇ,</span> <span class='ocrx_word' id='word_1_68' title='bbox 863 957 948 1011; x_wconf 83' lang='grc' dir='ltr'><strong>ὅτι</strong></span> <span class='ocrx_word' id='word_1_69' title='bbox 979 959 1225 1027; x_wconf 72' lang='grc' dir='ltr'>ποταμὸς</span> <span class='ocrx_word' id='word_1_70' title='bbox 1268 957 1634 1028; x_wconf 68' lang='grc' dir='ltr'>ἐκπορεύεται</span> <span class='ocrx_word' id='word_1_71' title='bbox 1660 959 1724 1011; x_wconf 72' lang='grc' dir='ltr'>ἐκ</span> <span class='ocrx_word' id='word_1_72' title='bbox 1751 956 1845 1010; x_wconf 81' lang='grc' dir='ltr'>τοῦ</span> 
     </span>
    </p>
   </div>
   <div class='ocr_carea' id='block_1_10' title="bbox 254 1039 1848 1117">
    <p class='ocr_par' dir='ltr' id='par_1_10' title="bbox 254 1039 1848 1117">
     <span class='ocr_line' id='line_1_10' title="bbox 254 1039 1848 1117; baseline 0.007 -27"><span class='ocrx_word' id='word_1_73' title='bbox 254 1039 622 1108; x_wconf 76' lang='grc' dir='ltr'>παραδείσου,</span> <span class='ocrx_word' id='word_1_74' title='bbox 660 1042 894 1112; x_wconf 86' lang='grc' dir='ltr'>πότιμον</span> <span class='ocrx_word' id='word_1_75' title='bbox 939 1046 1034 1098; x_wconf 76' lang='grc' dir='ltr'>καὶ</span> <span class='ocrx_word' id='word_1_76' title='bbox 1085 1045 1260 1113; x_wconf 79' lang='grc' dir='ltr'>γλυκὺ</span> <span class='ocrx_word' id='word_1_77' title='bbox 1293 1047 1436 1117; x_wconf 77' lang='grc' dir='ltr'>ὕδωρ</span> <span class='ocrx_word' id='word_1_78' title='bbox 1481 1047 1641 1117; x_wconf 78' lang='grc' dir='ltr'><strong>ἔχων.</strong></span> <span class='ocrx_word' id='word_1_79' title='bbox 1676 1042 1848 1113; x_wconf 74' lang='grc' dir='ltr'>Οὗτος</span> 
     </span>
    </p>
   </div>
   <div class='ocr_carea' id='block_1_11' title="bbox 251 1129 1846 1210">
    <p class='ocr_par' dir='ltr' id='par_1_11' title="bbox 251 1129 1846 1210">
     <span class='ocr_line' id='line_1_11' title="bbox 251 1129 1846 1210; baseline 0.009 -31"><span class='ocrx_word' id='word_1_80' title='bbox 251 1129 336 1191; x_wconf 83' lang='grc' dir='ltr'><strong>είς</strong></span> <span class='ocrx_word' id='word_1_81' title='bbox 370 1129 647 1199; x_wconf 86' lang='grc' dir='ltr'>τέσσαρας</span> <span class='ocrx_word' id='word_1_82' title='bbox 690 1133 889 1205; x_wconf 76' lang='grc' dir='ltr'>ἀρχὰς,</span> <span class='ocrx_word' id='word_1_83' title='bbox 924 1137 1206 1190; x_wconf 79' lang='grc' dir='ltr'><strong>τουτέστιν</strong></span> <span class='ocrx_word' id='word_1_84' title='bbox 1238 1141 1320 1202; x_wconf 86' lang='grc' dir='ltr'><strong>είς</strong></span> <span class='ocrx_word' id='word_1_85' title='bbox 1369 1140 1645 1210; x_wconf 77' lang='grc' dir='ltr'>τέσσαρας</span> <span class='ocrx_word' id='word_1_86' title='bbox 1676 1157 1846 1193; x_wconf 85' lang='grc' dir='ltr'>ποτα-</span> 
     </span>
    </p>
   </div>
   <div class='ocr_carea' id='block_1_12' title="bbox 260 1221 1846 1302">
    <p class='ocr_par' dir='ltr' id='par_1_12' title="bbox 260 1221 1846 1302">
     <span class='ocr_line' id='line_1_12' title="bbox 260 1221 1846 1302; baseline 0.008 -29"><span class='ocrx_word' id='word_1_87' title='bbox 260 1221 401 1290; x_wconf 72' lang='grc' dir='ltr'>μοὺς</span> <span class='ocrx_word' id='word_1_88' title='bbox 452 1224 768 1294; x_wconf 82' lang='grc' dir='ltr'>διαιρεῖται.</span> <span class='ocrx_word' id='word_1_89' title='bbox 806 1227 866 1280; x_wconf 78' lang='lat' dir='ltr'><strong>El</strong></span> <span class='ocrx_word' id='word_1_90' title='bbox 905 1229 961 1282; x_wconf 82' lang='grc' dir='ltr'>δὲ</span> <span class='ocrx_word' id='word_1_91' title='bbox 1001 1232 1094 1283; x_wconf 77' lang='grc' dir='ltr'><strong>καὶ</strong></span> <span class='ocrx_word' id='word_1_92' title='bbox 1124 1230 1222 1300; x_wconf 80' lang='grc' dir='ltr'>τὴν</span> <span class='ocrx_word' id='word_1_93' title='bbox 1256 1230 1436 1284; x_wconf 84' lang='grc' dir='ltr'>αίτίαν</span> <span class='ocrx_word' id='word_1_94' title='bbox 1469 1231 1750 1302; x_wconf 77' lang='grc' dir='ltr'><strong>ἐπιζητεῖς</strong></span> <span class='ocrx_word' id='word_1_95' title='bbox 1778 1233 1846 1286; x_wconf 81' lang='grc' dir='ltr'>δι’</span> 
     </span>
    </p>
   </div>
   <div class='ocr_carea' id='block_1_13' title="bbox 256 1312 1847 1390">
    <p class='ocr_par' dir='ltr' id='par_1_13' title="bbox 256 1312 1847 1390">
     <span class='ocr_line' id='line_1_13' title="bbox 256 1312 1847 1390; baseline 0.007 -27"><span class='ocrx_word' id='word_1_96' title='bbox 256 1315 326 1376; x_wconf 71' lang='grc' dir='ltr'>ἣν</span> <span class='ocrx_word' id='word_1_97' title='bbox 367 1312 439 1365; x_wconf 76' lang='grc' dir='ltr'>τὰ</span> <span class='ocrx_word' id='word_1_98' title='bbox 491 1318 901 1387; x_wconf 65' lang='grc' dir='ltr'>προσγενόμενα</span> <span class='ocrx_word' id='word_1_99' title='bbox 957 1321 1090 1390; x_wconf 75' lang='grc' dir='ltr'>ἡμῖν</span> <span class='ocrx_word' id='word_1_100' title='bbox 1131 1321 1446 1390; x_wconf 81' lang='grc' dir='ltr'>ὀμϐριμαῖα</span> <span class='ocrx_word' id='word_1_101' title='bbox 1495 1320 1664 1374; x_wconf 78' lang='grc' dir='ltr'>ὕδατα</span> <span class='ocrx_word' id='word_1_102' title='bbox 1704 1320 1847 1374; x_wconf 81' lang='grc' dir='ltr'>κατὰ</span> 
     </span>
    </p>
   </div>
   <div class='ocr_carea' id='block_1_14' title="bbox 255 1404 1848 1484">
    <p class='ocr_par' dir='ltr' id='par_1_14' title="bbox 255 1404 1848 1484">
     <span class='ocr_line' id='line_1_14' title="bbox 255 1404 1848 1484; baseline 0.007 -28"><span class='ocrx_word' id='word_1_103' title='bbox 255 1404 521 1460; x_wconf 77' lang='grc' dir='ltr'>τοσοῦτον</span> <span class='ocrx_word' id='word_1_104' title='bbox 552 1409 809 1478; x_wconf 82' lang='grc' dir='ltr'><strong>σήπεται,</strong></span> <span class='ocrx_word' id='word_1_105' title='bbox 845 1412 939 1463; x_wconf 73' lang='grc' dir='ltr'>καὶ</span> <span class='ocrx_word' id='word_1_106' title='bbox 987 1413 1161 1466; x_wconf 84' lang='grc' dir='ltr'>ταῦτα</span> <span class='ocrx_word' id='word_1_107' title='bbox 1205 1413 1300 1466; x_wconf 76' lang='grc' dir='ltr'><strong>τοῦ</strong></span> <span class='ocrx_word' id='word_1_108' title='bbox 1333 1412 1488 1483; x_wconf 75' lang='grc' dir='ltr'>ἡλίου</span> <span class='ocrx_word' id='word_1_109' title='bbox 1534 1412 1848 1484; x_wconf 83' lang='grc' dir='ltr'>διηθοῦντος</span> 
     </span>
    </p>
   </div>
   <div class='ocr_carea' id='block_1_15' title="bbox 254 1497 1849 1577">
    <p class='ocr_par' dir='ltr' id='par_1_15' title="bbox 254 1497 1849 1577">
     <span class='ocr_line' id='line_1_15' title="bbox 254 1497 1849 1577; baseline 0.006 -30"><span class='ocrx_word' id='word_1_110' title='bbox 254 1499 318 1548; x_wconf 68' lang='grc' dir='ltr'>τὸ</span> <span class='ocrx_word' id='word_1_111' title='bbox 350 1497 684 1554; x_wconf 71' lang='grc' dir='ltr'>λεπτότατον</span> <span class='ocrx_word' id='word_1_112' title='bbox 734 1504 826 1555; x_wconf 75' lang='grc' dir='ltr'><strong>καὶ</strong></span> <span class='ocrx_word' id='word_1_113' title='bbox 861 1503 1181 1571; x_wconf 74' lang='grc' dir='ltr'>ἀνάγοντος,</span> <span class='ocrx_word' id='word_1_114' title='bbox 1221 1505 1330 1560; x_wconf 74' lang='grc' dir='ltr'>ἰδοὺ</span> <span class='ocrx_word' id='word_1_115' title='bbox 1375 1505 1470 1558; x_wconf 79' lang='grc' dir='ltr'><strong>καὶ</strong></span> <span class='ocrx_word' id='word_1_116' title='bbox 1515 1504 1723 1577; x_wconf 84' lang='grc' dir='ltr'>ταύτην</span> <span class='ocrx_word' id='word_1_117' title='bbox 1765 1521 1849 1558; x_wconf 91' lang='grc' dir='ltr'><strong>σοι</strong></span> 
     </span>
    </p>
   </div>
   <div class='ocr_carea' id='block_1_16' title="bbox 258 1591 1847 1667">
    <p class='ocr_par' dir='ltr' id='par_1_16' title="bbox 258 1591 1847 1667">
     <span class='ocr_line' id='line_1_16' title="bbox 258 1591 1847 1667; baseline 0.006 -26"><span class='ocrx_word' id='word_1_118' title='bbox 258 1591 652 1662; x_wconf 80' lang='grc' dir='ltr'>προστίθεμεν.</span> <span class='ocrx_word' id='word_1_119' title='bbox 687 1596 1142 1667; x_wconf 69' lang='grc' dir='ltr'>Πολυμιγεστέιτη</span> <span class='ocrx_word' id='word_1_120' title='bbox 1187 1599 1296 1651; x_wconf 83' lang='grc' dir='ltr'><strong>τῶν</strong></span> <span class='ocrx_word' id='word_1_121' title='bbox 1327 1598 1537 1652; x_wconf 81' lang='grc' dir='ltr'>ὑδάτων</span> <span class='ocrx_word' id='word_1_122' title='bbox 1577 1597 1785 1652; x_wconf 82' lang='grc' dir='ltr'>τούτων</span> <span class='ocrx_word' id='word_1_123' title='bbox 1815 1599 1847 1667; x_wconf 81' lang='grc' dir='ltr'>ἡ</span> 
     </span>
    </p>
   </div>
   <div class='ocr_carea' id='block_1_17' title="bbox 257 1679 1849 1757">
    <p class='ocr_par' dir='ltr' id='par_1_17' title="bbox 257 1679 1849 1757">
     <span class='ocr_line' id='line_1_17' title="bbox 257 1679 1849 1757; baseline 0.01 -29"><span class='ocrx_word' id='word_1_124' title='bbox 257 1679 426 1744; x_wconf 74' lang='grc' dir='ltr'>φύσις</span> <span class='ocrx_word' id='word_1_125' title='bbox 481 1683 630 1736; x_wconf 85' lang='grc' dir='ltr'>ἐστίν</span> <span class='ocrx_word' id='word_1_126' title='bbox 652 1703 668 1716; x_wconf 74' lang='grc' dir='ltr'>σ</span> <span class='ocrx_word' id='word_1_127' title='bbox 719 1687 782 1738; x_wconf 80' lang='grc' dir='ltr'>ἐκ</span> <span class='ocrx_word' id='word_1_128' title='bbox 835 1687 1054 1739; x_wconf 72' lang='grc' dir='ltr'>πάντων</span> <span class='ocrx_word' id='word_1_129' title='bbox 1087 1689 1198 1757; x_wconf 78' lang='grc' dir='ltr'><strong>γὰρ</strong></span> <span class='ocrx_word' id='word_1_130' title='bbox 1224 1687 1333 1740; x_wconf 81' lang='grc' dir='ltr'><strong>τῶν</strong></span> <span class='ocrx_word' id='word_1_131' title='bbox 1364 1687 1548 1756; x_wconf 84' lang='grc' dir='ltr'>ὑγρῶν</span> <span class='ocrx_word' id='word_1_132' title='bbox 1591 1687 1787 1756; x_wconf 80' lang='grc' dir='ltr'>ἀνάγει</span> <span class='ocrx_word' id='word_1_133' title='bbox 1821 1688 1849 1739; x_wconf 84' lang='grc' dir='ltr'>ὁ</span> 
     </span>
    </p>
   </div>
   <div class='ocr_carea' id='block_1_18' title="bbox 1956 490 3536 563">
    <p class='ocr_par' dir='ltr' id='par_1_18' title="bbox 1956 490 3536 563">
     <span class='ocr_line' id='line_1_18' title="bbox 1956 490 3536 563; baseline -0.004 -16"><span class='ocrx_word' id='word_1_134' title='bbox 1956 494 2154 548; x_wconf 80' lang='lat' dir='ltr'><strong>calidis</strong></span> <span class='ocrx_word' id='word_1_135' title='bbox 2199 495 2356 563; x_wconf 80' lang='lat' dir='ltr'><strong>aquis</strong></span> <span class='ocrx_word' id='word_1_136' title='bbox 2401 503 2672 545; x_wconf 86' lang='lat' dir='ltr'><strong>recenset.</strong></span> <span class='ocrx_word' id='word_1_137' title='bbox 2727 492 2818 545; x_wconf 81' lang='lat' dir='ltr'><strong>Ait</strong></span> <span class='ocrx_word' id='word_1_138' title='bbox 2858 490 2905 546; x_wconf 87' lang='lat' dir='ltr'><strong>is</strong></span> <span class='ocrx_word' id='word_1_139' title='bbox 2938 491 3116 560; x_wconf 77' lang='lat' dir='ltr'><strong>ignem</strong></span> <span class='ocrx_word' id='word_1_140' title='bbox 3157 499 3211 543; x_wconf 90' lang='lat' dir='ltr'><strong>et</strong></span> <span class='ocrx_word' id='word_1_141' title='bbox 3247 504 3442 558; x_wconf 83' lang='lat' dir='ltr'><strong>aquam</strong></span> <span class='ocrx_word' id='word_1_142' title='bbox 3478 490 3536 541; x_wconf 89' lang='lat' dir='ltr'><strong>in</strong></span> 
     </span>
    </p>
   </div>
   <div class='ocr_carea' id='block_1_19' title="bbox 1955 582 3532 651">
    <p class='ocr_par' dir='ltr' id='par_1_19' title="bbox 1955 582 3532 651">
     <span class='ocr_line' id='line_1_19' title="bbox 1955 582 3532 651; baseline -0.006 -10"><span class='ocrx_word' id='word_1_143' title='bbox 1955 586 2095 641; x_wconf 74' lang='lat' dir='ltr'><strong>cmlo</strong></span> <span class='ocrx_word' id='word_1_144' title='bbox 2121 601 2265 640; x_wconf 90' lang='lat' dir='ltr'><strong>esse.</strong></span> <span class='ocrx_word' id='word_1_145' title='bbox 2331 584 2705 638; x_wconf 74' lang='lat' dir='ltr'><strong>Consimiliter</strong></span> <span class='ocrx_word' id='word_1_146' title='bbox 2754 590 2810 638; x_wconf 90' lang='lat' dir='ltr'><strong>et</strong></span> <span class='ocrx_word' id='word_1_147' title='bbox 2855 583 2955 637; x_wconf 90' lang='lat' dir='ltr'><strong>sub</strong></span> <span class='ocrx_word' id='word_1_148' title='bbox 3009 593 3152 636; x_wconf 90' lang='lat' dir='ltr'><strong>terra</strong></span> <span class='ocrx_word' id='word_1_149' title='bbox 3201 592 3306 635; x_wconf 88' lang='lat' dir='ltr'><strong>tam</strong></span> <span class='ocrx_word' id='word_1_150' title='bbox 3351 582 3532 651; x_wconf 85' lang='lat' dir='ltr'><strong>ignem</strong></span> 
     </span>
    </p>
   </div>
   <div class='ocr_carea' id='block_1_20' title="bbox 1955 673 3567 748">
    <p class='ocr_par' dir='ltr' id='par_1_20' title="bbox 1955 673 3567 748">
     <span class='ocr_line' id='line_1_20' title="bbox 1955 673 3567 748; baseline -0.005 -18"><span class='ocrx_word' id='word_1_151' title='bbox 1955 692 2120 748; x_wconf 91' lang='lat' dir='ltr'><strong>quam</strong></span> <span class='ocrx_word' id='word_1_152' title='bbox 2147 693 2342 747; x_wconf 91' lang='lat' dir='ltr'><strong>aquam</strong></span> <span class='ocrx_word' id='word_1_153' title='bbox 2381 677 2623 730; x_wconf 90' lang='lat' dir='ltr'><strong>abditam</strong></span> <span class='ocrx_word' id='word_1_154' title='bbox 2655 691 2798 739; x_wconf 90' lang='lat' dir='ltr'><strong>esse,</strong></span> <span class='ocrx_word' id='word_1_155' title='bbox 2827 675 2894 728; x_wconf 86' lang='lat' dir='ltr'><strong>de</strong></span> <span class='ocrx_word' id='word_1_156' title='bbox 2922 675 3123 744; x_wconf 88' lang='lat' dir='ltr'><strong>quibus</strong></span> <span class='ocrx_word' id='word_1_157' title='bbox 3165 675 3345 728; x_wconf 72' lang='lat' dir='ltr'><strong>fontes</strong></span> <span class='ocrx_word' id='word_1_158' title='bbox 3378 673 3534 742; x_wconf 84' lang='lat' dir='ltr'><strong>quasi</strong></span> <span class='ocrx_word' id='word_1_159' title='bbox 3564 719 3567 722; x_wconf 89' lang='lat'><strong>.</strong></span> 
     </span>
    </p>
   </div>
   <div class='ocr_carea' id='block_1_21' title="bbox 1956 761 3532 836">
    <p class='ocr_par' dir='ltr' id='par_1_21' title="bbox 1956 761 3532 836">
     <span class='ocr_line' id='line_1_21' title="bbox 1956 761 3532 836; baseline -0.004 -16"><span class='ocrx_word' id='word_1_160' title='bbox 1956 766 2220 836; x_wconf 91' lang='lat' dir='ltr'><strong>siphones</strong></span> <span class='ocrx_word' id='word_1_161' title='bbox 2247 766 2470 835; x_wconf 92' lang='lat' dir='ltr'><strong>quidam</strong></span> <span class='ocrx_word' id='word_1_162' title='bbox 2503 764 2569 818; x_wconf 91' lang='lat' dir='ltr'><strong>ad</strong></span> <span class='ocrx_word' id='word_1_163' title='bbox 2603 779 2763 818; x_wconf 89' lang='lat' dir='ltr'><strong>usum</strong></span> <span class='ocrx_word' id='word_1_164' title='bbox 2796 764 2919 816; x_wconf 76' lang='lat' dir='ltr'><strong>vita:</strong></span> <span class='ocrx_word' id='word_1_165' title='bbox 2950 773 3152 816; x_wconf 71' lang='lat' dir='ltr'><strong>nostra:</strong></span> <span class='ocrx_word' id='word_1_166' title='bbox 3203 761 3532 816; x_wconf 85' lang='lat' dir='ltr'><strong>seaturiaut.</strong></span> 
     </span>
    </p>
   </div>
   <div class='ocr_carea' id='block_1_22' title="bbox 1953 852 3536 915">
    <p class='ocr_par' dir='ltr' id='par_1_22' title="bbox 1953 852 3536 915">
     <span class='ocr_line' id='line_1_22' title="bbox 1953 852 3536 915; baseline -0.007 0"><span class='ocrx_word' id='word_1_167' title='bbox 1953 859 2195 915; x_wconf 84' lang='lat' dir='ltr'><strong>Joannes</strong></span> <span class='ocrx_word' id='word_1_168' title='bbox 2228 873 2360 912; x_wconf 91' lang='lat' dir='ltr'><strong>vero</strong></span> <span class='ocrx_word' id='word_1_169' title='bbox 2397 858 2764 911; x_wconf 88' lang='lat' dir='ltr'><strong>Damascenus</strong></span> <span class='ocrx_word' id='word_1_170' title='bbox 2815 854 3090 910; x_wconf 82' lang='lat' dir='ltr'><strong>Oceanum</strong></span> <span class='ocrx_word' id='word_1_171' title='bbox 3125 856 3310 909; x_wconf 88' lang='lat' dir='ltr'><strong>innuit</strong></span> <span class='ocrx_word' id='word_1_172' title='bbox 3356 852 3536 906; x_wconf 82' lang='lat' dir='ltr'><strong>ﬂumi-</strong></span> 
     </span>
    </p>
   </div>
   <div class='ocr_carea' id='block_1_23' title="bbox 1956 945 3534 1021">
    <p class='ocr_par' dir='ltr' id='par_1_23' title="bbox 1956 945 3534 1021">
     <span class='ocr_line' id='line_1_23' title="bbox 1956 945 3534 1021; baseline -0.004 -17"><span class='ocrx_word' id='word_1_173' title='bbox 1956 951 2043 1004; x_wconf 87' lang='lat' dir='ltr'><strong>nis</strong></span> <span class='ocrx_word' id='word_1_174' title='bbox 2063 950 2346 1021; x_wconf 84' lang='lat' dir='ltr'><strong>cujusdam</strong></span> <span class='ocrx_word' id='word_1_175' title='bbox 2375 950 2548 1004; x_wconf 88' lang='lat' dir='ltr'><strong>instar</strong></span> <span class='ocrx_word' id='word_1_176' title='bbox 2572 959 2774 1003; x_wconf 89' lang='lat' dir='ltr'><strong>terram</strong></span> <span class='ocrx_word' id='word_1_177' title='bbox 2807 949 3120 1002; x_wconf 76' lang='lat' dir='ltr'><strong>universam</strong></span> <span class='ocrx_word' id='word_1_178' title='bbox 3149 945 3534 1010; x_wconf 87' lang='lat' dir='ltr'><strong>circumdare;</strong></span> 
     </span>
    </p>
   </div>
   <div class='ocr_carea' id='block_1_24' title="bbox 1957 1036 3534 1113">
    <p class='ocr_par' dir='ltr' id='par_1_24' title="bbox 1957 1036 3534 1113">
     <span class='ocr_line' id='line_1_24' title="bbox 1957 1036 3534 1113; baseline -0.006 -16"><span class='ocrx_word' id='word_1_179' title='bbox 1957 1043 2026 1097; x_wconf 90' lang='lat' dir='ltr'><strong>de</strong></span> <span class='ocrx_word' id='word_1_180' title='bbox 2061 1059 2171 1113; x_wconf 91' lang='lat' dir='ltr'><strong>quo</strong></span> <span class='ocrx_word' id='word_1_181' title='bbox 2205 1043 2340 1098; x_wconf 89' lang='lat' dir='ltr'><strong>mihi</strong></span> <span class='ocrx_word' id='word_1_182' title='bbox 2364 1043 2529 1098; x_wconf 92' lang='lat' dir='ltr'><strong>etiam</strong></span> <span class='ocrx_word' id='word_1_183' title='bbox 2565 1041 2784 1099; x_wconf 74' lang='lat' dir='ltr'><strong>[.itterze</strong></span> <span class='ocrx_word' id='word_1_184' title='bbox 2815 1055 2985 1094; x_wconf 66' lang='lat' dir='ltr'><strong>sacrae</strong></span> <span class='ocrx_word' id='word_1_185' title='bbox 3010 1039 3161 1108; x_wconf 79' lang='lat' dir='ltr'><strong>loqui</strong></span> <span class='ocrx_word' id='word_1_186' title='bbox 3195 1036 3534 1102; x_wconf 79' lang='lat' dir='ltr'><strong>videntur&quot;,</strong></span> 
     </span>
    </p>
   </div>
   <div class='ocr_carea' id='block_1_25' title="bbox 1957 1129 3538 1204">
    <p class='ocr_par' dir='ltr' id='par_1_25' title="bbox 1957 1129 3538 1204">
     <span class='ocr_line' id='line_1_25' title="bbox 1957 1129 3538 1204; baseline -0.005 -14"><span class='ocrx_word' id='word_1_187' title='bbox 1957 1149 2085 1190; x_wconf 91' lang='lat' dir='ltr'><strong>eum</strong></span> <span class='ocrx_word' id='word_1_188' title='bbox 2121 1151 2340 1190; x_wconf 89' lang='lat' dir='ltr'><strong>amnem</strong></span> <span class='ocrx_word' id='word_1_189' title='bbox 2375 1135 2442 1189; x_wconf 93' lang='lat' dir='ltr'><strong>de</strong></span> <span class='ocrx_word' id='word_1_190' title='bbox 2471 1134 2725 1204; x_wconf 79' lang='lat' dir='ltr'><strong>paradiso</strong></span> <span class='ocrx_word' id='word_1_191' title='bbox 2756 1133 2907 1186; x_wconf 78' lang='lat' dir='ltr'><strong>exire</strong></span> <span class='ocrx_word' id='word_1_192' title='bbox 2937 1131 3181 1195; x_wconf 89' lang='lat' dir='ltr'><strong>tradunt,</strong></span> <span class='ocrx_word' id='word_1_193' title='bbox 3213 1129 3308 1199; x_wconf 86' lang='lat' dir='ltr'><strong>qui</strong></span> <span class='ocrx_word' id='word_1_194' title='bbox 3339 1143 3538 1197; x_wconf 86' lang='lat' dir='ltr'><strong>aquam</strong></span> 
     </span>
    </p>
   </div>
   <div class='ocr_carea' id='block_1_26' title="bbox 1958 1221 3541 1296">
    <p class='ocr_par' dir='ltr' id='par_1_26' title="bbox 1958 1221 3541 1296">
     <span class='ocr_line' id='line_1_26' title="bbox 1958 1221 3541 1296; baseline -0.004 -16"><span class='ocrx_word' id='word_1_195' title='bbox 1958 1223 2174 1280; x_wconf 87' lang='lat' dir='ltr'><strong>dulcem</strong></span> <span class='ocrx_word' id='word_1_196' title='bbox 2203 1241 2266 1280; x_wconf 89' lang='lat' dir='ltr'><strong>ac</strong></span> <span class='ocrx_word' id='word_1_197' title='bbox 2299 1225 2596 1296; x_wconf 63' lang='lat' dir='ltr'><strong>potaliilem</strong></span> <span class='ocrx_word' id='word_1_198' title='bbox 2634 1224 2854 1285; x_wconf 86' lang='lat' dir='ltr'><strong>habeat,</strong></span> <span class='ocrx_word' id='word_1_199' title='bbox 2889 1237 3127 1291; x_wconf 90' lang='lat' dir='ltr'><strong>eumque</strong></span> <span class='ocrx_word' id='word_1_200' title='bbox 3174 1221 3374 1275; x_wconf 89' lang='lat' dir='ltr'><strong>deinde</strong></span> <span class='ocrx_word' id='word_1_201' title='bbox 3406 1235 3541 1289; x_wconf 90' lang='lat' dir='ltr'><strong>qua-</strong></span> 
     </span>
    </p>
   </div>
   <div class='ocr_carea' id='block_1_27' title="bbox 1958 1313 3536 1387">
    <p class='ocr_par' dir='ltr' id='par_1_27' title="bbox 1958 1313 3536 1387">
     <span class='ocr_line' id='line_1_27' title="bbox 1958 1313 3536 1387; baseline -0.003 -16"><span class='ocrx_word' id='word_1_202' title='bbox 1958 1328 2084 1372; x_wconf 90' lang='lat' dir='ltr'><strong>tuor</strong></span> <span class='ocrx_word' id='word_1_203' title='bbox 2117 1318 2170 1371; x_wconf 91' lang='lat' dir='ltr'><strong>in</strong></span> <span class='ocrx_word' id='word_1_204' title='bbox 2203 1317 2494 1387; x_wconf 85' lang='lat' dir='ltr'><strong>principia,</strong></span> <span class='ocrx_word' id='word_1_205' title='bbox 2534 1317 2637 1370; x_wconf 90' lang='lat' dir='ltr'><strong>hoc</strong></span> <span class='ocrx_word' id='word_1_206' title='bbox 2682 1325 2766 1369; x_wconf 85' lang='lat' dir='ltr'><strong>est</strong></span> <span class='ocrx_word' id='word_1_207' title='bbox 2805 1326 3043 1384; x_wconf 81' lang='lat' dir='ltr'><strong>quatuor</strong></span> <span class='ocrx_word' id='word_1_208' title='bbox 3086 1313 3284 1367; x_wconf 80' lang='lat' dir='ltr'><strong>ﬂuvios</strong></span> <span class='ocrx_word' id='word_1_209' title='bbox 3342 1313 3536 1367; x_wconf 82' lang='lat' dir='ltr'><strong>dividi.</strong></span> 
     </span>
    </p>
   </div>
   <div class='ocr_carea' id='block_1_28' title="bbox 1957 1407 3542 1475">
    <p class='ocr_par' dir='ltr' id='par_1_28' title="bbox 1957 1407 3542 1475">
     <span class='ocr_line' id='line_1_28' title="bbox 1957 1407 3542 1475; baseline -0.003 -13"><span class='ocrx_word' id='word_1_210' title='bbox 1957 1408 2165 1475; x_wconf 85' lang='lat' dir='ltr'><strong>Quodsi</strong></span> <span class='ocrx_word' id='word_1_211' title='bbox 2206 1408 2373 1463; x_wconf 89' lang='lat' dir='ltr'><strong>etiam</strong></span> <span class='ocrx_word' id='word_1_212' title='bbox 2425 1408 2567 1461; x_wconf 87' lang='lat' dir='ltr'><strong>scire</strong></span> <span class='ocrx_word' id='word_1_213' title='bbox 2617 1410 2773 1475; x_wconf 89' lang='lat' dir='ltr'><strong>cupis</strong></span> <span class='ocrx_word' id='word_1_214' title='bbox 2821 1421 2984 1475; x_wconf 91' lang='lat' dir='ltr'><strong>quam</strong></span> <span class='ocrx_word' id='word_1_215' title='bbox 3022 1407 3092 1460; x_wconf 92' lang='lat' dir='ltr'><strong>ob</strong></span> <span class='ocrx_word' id='word_1_216' title='bbox 3128 1420 3348 1459; x_wconf 83' lang='lat' dir='ltr'><strong>causam</strong></span> <span class='ocrx_word' id='word_1_217' title='bbox 3385 1420 3542 1473; x_wconf 76' lang='lat' dir='ltr'><strong>aqua:</strong></span> 
     </span>
    </p>
   </div>
   <div class='ocr_carea' id='block_1_29' title="bbox 1958 1499 3541 1571">
    <p class='ocr_par' dir='ltr' id='par_1_29' title="bbox 1958 1499 3541 1571">
     <span class='ocr_line' id='line_1_29' title="bbox 1958 1499 3541 1571; baseline -0.002 -17"><span class='ocrx_word' id='word_1_218' title='bbox 1958 1501 2175 1571; x_wconf 70' lang='lat' dir='ltr'><strong>pluviae,</strong></span> <span class='ocrx_word' id='word_1_219' title='bbox 2197 1510 2547 1570; x_wconf 85' lang='lat' dir='ltr'><strong>posteaquam</strong></span> <span class='ocrx_word' id='word_1_220' title='bbox 2567 1500 2632 1553; x_wconf 94' lang='lat' dir='ltr'><strong>ad</strong></span> <span class='ocrx_word' id='word_1_221' title='bbox 2663 1514 2764 1552; x_wconf 84' lang='lat' dir='ltr'><strong>nos</strong></span> <span class='ocrx_word' id='word_1_222' title='bbox 2796 1499 3033 1566; x_wconf 76' lang='lat' dir='ltr'><strong>delapsa:</strong></span> <span class='ocrx_word' id='word_1_223' title='bbox 3063 1507 3213 1562; x_wconf 80' lang='lat' dir='ltr'><strong>sunt,</strong></span> <span class='ocrx_word' id='word_1_224' title='bbox 3251 1506 3541 1566; x_wconf 80' lang='lat' dir='ltr'><strong>tantopere</strong></span> 
     </span>
    </p>
   </div>
   <div class='ocr_carea' id='block_1_30' title="bbox 1958 1590 3545 1663">
    <p class='ocr_par' dir='ltr' id='par_1_30' title="bbox 1958 1590 3545 1663">
     <span class='ocr_line' id='line_1_30' title="bbox 1958 1590 3545 1663; baseline -0.004 -15"><span class='ocrx_word' id='word_1_225' title='bbox 1958 1603 2388 1663; x_wconf 86' lang='lat' dir='ltr'><strong>corrumpantur</strong></span> <span class='ocrx_word' id='word_1_226' title='bbox 2417 1608 2480 1648; x_wconf 86' lang='lat' dir='ltr'><strong>ac</strong></span> <span class='ocrx_word' id='word_1_227' title='bbox 2509 1599 2850 1661; x_wconf 81' lang='lat' dir='ltr'><strong>putrescant,</strong></span> <span class='ocrx_word' id='word_1_228' title='bbox 2885 1591 2997 1644; x_wconf 89' lang='lat' dir='ltr'><strong>sole</strong></span> <span class='ocrx_word' id='word_1_229' title='bbox 3032 1591 3176 1660; x_wconf 85' lang='lat' dir='ltr'><strong>quod</strong></span> <span class='ocrx_word' id='word_1_230' title='bbox 3223 1592 3274 1643; x_wconf 92' lang='lat' dir='ltr'><strong>in</strong></span> <span class='ocrx_word' id='word_1_231' title='bbox 3317 1606 3380 1643; x_wconf 81' lang='lat' dir='ltr'><strong>ea</strong></span> <span class='ocrx_word' id='word_1_232' title='bbox 3412 1590 3545 1643; x_wconf 86' lang='lat' dir='ltr'><strong>sub-</strong></span> 
     </span>
    </p>
   </div>
   <div class='ocr_carea' id='block_1_31' title="bbox 1962 1669 3538 1752">
    <p class='ocr_par' dir='ltr' id='par_1_31' title="bbox 1962 1669 3538 1752">
     <span class='ocr_line' id='line_1_31' title="bbox 1962 1669 3538 1752; baseline 0 -16"><span class='ocrx_word' id='word_1_233' title='bbox 1962 1684 2276 1739; x_wconf 66' lang='lat' dir='ltr'><strong>tilissimum</strong></span> <span class='ocrx_word' id='word_1_234' title='bbox 2327 1691 2414 1738; x_wconf 76' lang='lat' dir='ltr'><strong>est</strong></span> <span class='ocrx_word' id='word_1_235' title='bbox 2472 1683 2786 1752; x_wconf 85' lang='lat' dir='ltr'><strong>percolante</strong></span> <span class='ocrx_word' id='word_1_236' title='bbox 2815 1697 2879 1735; x_wconf 90' lang='lat' dir='ltr'><strong>ae</strong></span> <span class='ocrx_word' id='word_1_237' title='bbox 2932 1669 3148 1735; x_wconf 84' lang='lat' dir='ltr'><strong>sursum</strong></span> <span class='ocrx_word' id='word_1_238' title='bbox 3201 1682 3538 1746; x_wconf 82' lang='lat' dir='ltr'><strong>attrahente,</strong></span> 
     </span>
    </p>
   </div>
   <div class='ocr_carea' id='block_1_32' title="bbox 253 1772 1853 1852">
    <p class='ocr_par' dir='ltr' id='par_1_32' title="bbox 253 1772 1848 1852">
     <span class='ocr_line' id='line_1_32' title="bbox 253 1772 1848 1852; baseline 0.009 -32"><span class='ocrx_word' id='word_1_239' title='bbox 253 1772 431 1840; x_wconf 71' lang='grc' dir='ltr'>ἣλιος.</span> <span class='ocrx_word' id='word_1_240' title='bbox 473 1772 532 1826; x_wconf 75' lang='grc' dir='ltr'><strong>ἸΙ</strong></span> <span class='ocrx_word' id='word_1_241' title='bbox 565 1777 746 1828; x_wconf 82' lang='grc' dir='ltr'>τοὶνυν</span> <span class='ocrx_word' id='word_1_242' title='bbox 778 1778 1061 1847; x_wconf 73' lang='grc' dir='ltr'>ἀνωμαλία</span> <span class='ocrx_word' id='word_1_243' title='bbox 1090 1780 1395 1848; x_wconf 78' lang='grc' dir='ltr'>εὐκίνητος,</span> <span class='ocrx_word' id='word_1_244' title='bbox 1424 1781 1519 1832; x_wconf 67' lang='grc' dir='ltr'>καὶ</span> <span class='ocrx_word' id='word_1_245' title='bbox 1553 1781 1690 1852; x_wconf 79' lang='grc' dir='ltr'>πρός</span> <span class='ocrx_word' id='word_1_246' title='bbox 1721 1799 1848 1834; x_wconf 81' lang='grc' dir='ltr'>τινα</span> 
     </span>
    </p>
   </div>
   <div class='ocr_carea' id='block_1_33' title="bbox 1962 1772 3540 1852">
    <p class='ocr_par' dir='ltr' id='par_1_33' title="bbox 1962 1775 3540 1848">
     <span class='ocr_line' id='line_1_33' title="bbox 1962 1775 3540 1848; baseline -0.004 -15"><span class='ocrx_word' id='word_1_247' title='bbox 1962 1781 2189 1835; x_wconf 78' lang='lat' dir='ltr'><strong>libenter</strong></span> <span class='ocrx_word' id='word_1_248' title='bbox 2217 1793 2340 1832; x_wconf 90' lang='lat' dir='ltr'><strong>eam</strong></span> <span class='ocrx_word' id='word_1_249' title='bbox 2373 1792 2592 1848; x_wconf 92' lang='lat' dir='ltr'><strong>quoque</strong></span> <span class='ocrx_word' id='word_1_250' title='bbox 2639 1778 2738 1830; x_wconf 84' lang='lat' dir='ltr'><strong>tibi</strong></span> <span class='ocrx_word' id='word_1_251' title='bbox 2785 1777 3165 1846; x_wconf 85' lang='lat' dir='ltr'><strong>subjiciemus.</strong></span> <span class='ocrx_word' id='word_1_252' title='bbox 3223 1775 3540 1828; x_wconf 79' lang='lat' dir='ltr'><strong>Esthaium</strong></span> 
     </span>
    </p>
   </div>
   <div class='ocr_carea' id='block_1_34' title="bbox 255 1865 1847 1942">
    <p class='ocr_par' dir='ltr' id='par_1_34' title="bbox 255 1865 1847 1942">
     <span class='ocr_line' id='line_1_34' title="bbox 255 1865 1847 1942; baseline 0.004 -26"><span class='ocrx_word' id='word_1_253' title='bbox 255 1865 469 1933; x_wconf 66' lang='grc' dir='ltr'>φθορὰν</span> <span class='ocrx_word' id='word_1_254' title='bbox 497 1865 692 1921; x_wconf 76' lang='grc' dir='ltr'>θᾶττον</span> <span class='ocrx_word' id='word_1_255' title='bbox 722 1870 841 1941; x_wconf 79' lang='grc' dir='ltr'>ὁρᾷ.</span> <span class='ocrx_word' id='word_1_256' title='bbox 889 1871 1011 1922; x_wconf 85' lang='grc' dir='ltr'>Ἔτι</span> <span class='ocrx_word' id='word_1_257' title='bbox 1059 1887 1122 1938; x_wconf 89' lang='grc' dir='ltr'><strong>γε</strong></span> <span class='ocrx_word' id='word_1_258' title='bbox 1174 1871 1281 1940; x_wconf 79' lang='grc' dir='ltr'>μὴν</span> <span class='ocrx_word' id='word_1_259' title='bbox 1312 1873 1370 1923; x_wconf 88' lang='grc' dir='ltr'><strong>τὸ</strong></span> <span class='ocrx_word' id='word_1_260' title='bbox 1410 1871 1718 1942; x_wconf 79' lang='grc' dir='ltr'>βαρύτατον</span> <span class='ocrx_word' id='word_1_261' title='bbox 1749 1872 1847 1926; x_wconf 80' lang='grc' dir='ltr'>τοῦ</span> 
     </span>
    </p>
   </div>
   <div class='ocr_carea' id='block_1_35' title="bbox 253 1960 1852 2034">
    <p class='ocr_par' dir='ltr' id='par_1_35' title="bbox 253 1960 1852 2034">
     <span class='ocr_line' id='line_1_35' title="bbox 253 1960 1852 2034; baseline 0.004 -23"><span class='ocrx_word' id='word_1_262' title='bbox 253 1961 592 2028; x_wconf 79' lang='grc' dir='ltr'>ἀναχθέντος</span> <span class='ocrx_word' id='word_1_263' title='bbox 619 1960 777 2024; x_wconf 72' lang='grc' dir='ltr'>αὖθις</span> <span class='ocrx_word' id='word_1_264' title='bbox 806 1968 1128 2031; x_wconf 71' lang='grc' dir='ltr'>κατάγεται,</span> <span class='ocrx_word' id='word_1_265' title='bbox 1163 1964 1288 2016; x_wconf 76' lang='grc' dir='ltr'>ἐπεὶ</span> <span class='ocrx_word' id='word_1_266' title='bbox 1323 1963 1384 2016; x_wconf 76' lang='grc' dir='ltr'><strong>τὸ</strong></span> <span class='ocrx_word' id='word_1_267' title='bbox 1423 1963 1564 2033; x_wconf 73' lang='grc' dir='ltr'>βαρὺ</span> <span class='ocrx_word' id='word_1_268' title='bbox 1617 1964 1754 2034; x_wconf 88' lang='grc' dir='ltr'>πρὸς</span> <span class='ocrx_word' id='word_1_269' title='bbox 1792 1965 1852 2018; x_wconf 80' lang='grc' dir='ltr'><strong>τὸ</strong></span> 
     </span>
    </p>
   </div>
   <div class='ocr_carea' id='block_1_36' title="bbox 255 2052 1854 2126">
    <p class='ocr_par' dir='ltr' id='par_1_36' title="bbox 255 2052 1854 2126">
     <span class='ocr_line' id='line_1_36' title="bbox 255 2052 1854 2126; baseline 0.003 -20"><span class='ocrx_word' id='word_1_270' title='bbox 255 2052 532 2116; x_wconf 67' lang='grc' dir='ltr'>κάταντες</span> <span class='ocrx_word' id='word_1_271' title='bbox 581 2055 742 2108; x_wconf 77' lang='grc' dir='ltr'>εἴωθε</span> <span class='ocrx_word' id='word_1_272' title='bbox 797 2057 1108 2126; x_wconf 77' lang='grc' dir='ltr'>φέρεσθαιο</span> <span class='ocrx_word' id='word_1_273' title='bbox 1162 2057 1222 2108; x_wconf 85' lang='grc' dir='ltr'><strong>τὸ</strong></span> <span class='ocrx_word' id='word_1_274' title='bbox 1265 2056 1323 2109; x_wconf 78' lang='grc' dir='ltr'>δὲ</span> <span class='ocrx_word' id='word_1_275' title='bbox 1376 2055 1706 2110; x_wconf 81' lang='grc' dir='ltr'>λεπτότατον</span> <span class='ocrx_word' id='word_1_276' title='bbox 1754 2057 1854 2126; x_wconf 83' lang='grc' dir='ltr'>τῆς</span> 
     </span>
    </p>
   </div>
   <div class='ocr_carea' id='block_1_37' title="bbox 250 2144 1856 2216">
    <p class='ocr_par' dir='ltr' id='par_1_37' title="bbox 250 2144 1856 2216">
     <span class='ocr_line' id='line_1_37' title="bbox 250 2144 1856 2216; baseline 0.001 -18"><span class='ocrx_word' id='word_1_277' title='bbox 250 2144 682 2215; x_wconf 72' lang='grc' dir='ltr'>ἀναθυμιάσεως</span> <span class='ocrx_word' id='word_1_278' title='bbox 728 2147 1036 2216; x_wconf 81' lang='grc' dir='ltr'>πνεύματος</span> <span class='ocrx_word' id='word_1_279' title='bbox 1081 2145 1243 2215; x_wconf 79' lang='grc' dir='ltr'>φύσις</span> <span class='ocrx_word' id='word_1_280' title='bbox 1271 2147 1512 2215; x_wconf 79' lang='grc' dir='ltr'>ἐγένετο.</span> <span class='ocrx_word' id='word_1_281' title='bbox 1539 2147 1648 2199; x_wconf 79' lang='grc' dir='ltr'>Καὶ</span> <span class='ocrx_word' id='word_1_282' title='bbox 1681 2147 1856 2200; x_wconf 76' lang='grc' dir='ltr'>ταῦτα</span> 
     </span>
    </p>
   </div>
   <div class='ocr_carea' id='block_1_38' title="bbox 258 2236 786 2305">
    <p class='ocr_par' dir='ltr' id='par_1_38' title="bbox 258 2236 786 2305">
     <span class='ocr_line' id='line_1_38' title="bbox 258 2236 786 2305; baseline 0.009 -17"><span class='ocrx_word' id='word_1_283' title='bbox 258 2236 362 2305; x_wconf 80' lang='grc' dir='ltr'><strong>μὲν</strong></span> <span class='ocrx_word' id='word_1_284' title='bbox 393 2240 474 2301; x_wconf 80' lang='grc' dir='ltr'>εἰς</span> <span class='ocrx_word' id='word_1_285' title='bbox 504 2257 565 2292; x_wconf 91' lang='grc' dir='ltr'><strong>το</strong></span> <span class='ocrx_word' id='word_1_286' title='bbox 577 2239 786 2293; x_wconf 70' lang='grc' dir='ltr'>τοῦτον.</span> 
     </span>
    </p>
   </div>
   <div class='ocr_carea' id='block_1_39' title="bbox 1957 1867 3541 1941">
    <p class='ocr_par' dir='ltr' id='par_1_39' title="bbox 1957 1867 3541 1941">
     <span class='ocr_line' id='line_1_39' title="bbox 1957 1867 3541 1941; baseline -0.004 -15"><span class='ocrx_word' id='word_1_287' title='bbox 1957 1881 2156 1926; x_wconf 80' lang='lat' dir='ltr'><strong>natura</strong></span> <span class='ocrx_word' id='word_1_288' title='bbox 2187 1872 2333 1925; x_wconf 88' lang='lat' dir='ltr'><strong>inter</strong></span> <span class='ocrx_word' id='word_1_289' title='bbox 2362 1887 2534 1941; x_wconf 84' lang='lat' dir='ltr'><strong>aquas</strong></span> <span class='ocrx_word' id='word_1_290' title='bbox 2564 1879 2794 1924; x_wconf 82' lang='lat' dir='ltr'><strong>caeteras</strong></span> <span class='ocrx_word' id='word_1_291' title='bbox 2824 1869 3058 1923; x_wconf 72' lang='lat' dir='ltr'><strong>maxime</strong></span> <span class='ocrx_word' id='word_1_292' title='bbox 3089 1868 3276 1921; x_wconf 88' lang='lat' dir='ltr'><strong>mista.</strong></span> <span class='ocrx_word' id='word_1_293' title='bbox 3325 1867 3541 1936; x_wconf 81' lang='lat' dir='ltr'><strong>Quippe</strong></span> 
     </span>
    </p>
   </div>
   <div class='ocr_carea' id='block_1_40' title="bbox 1959 1961 3540 2037">
    <p class='ocr_par' dir='ltr' id='par_1_40' title="bbox 1959 1961 3540 2037">
     <span class='ocr_line' id='line_1_40' title="bbox 1959 1961 3540 2037; baseline -0.005 -17"><span class='ocrx_word' id='word_1_294' title='bbox 1959 1966 2041 2020; x_wconf 91' lang='lat' dir='ltr'><strong>sol</strong></span> <span class='ocrx_word' id='word_1_295' title='bbox 2091 1981 2157 2020; x_wconf 76' lang='lat' dir='ltr'><strong>ex</strong></span> <span class='ocrx_word' id='word_1_296' title='bbox 2214 1967 2502 2037; x_wconf 77' lang='lat' dir='ltr'><strong>quibusvis</strong></span> <span class='ocrx_word' id='word_1_297' title='bbox 2551 1964 2718 2018; x_wconf 89' lang='lat' dir='ltr'><strong>rebus</strong></span> <span class='ocrx_word' id='word_1_298' title='bbox 2770 1963 3012 2016; x_wconf 88' lang='lat' dir='ltr'><strong>humidis</strong></span> <span class='ocrx_word' id='word_1_299' title='bbox 3059 1961 3266 2030; x_wconf 90' lang='lat' dir='ltr'><strong>aliquid</strong></span> <span class='ocrx_word' id='word_1_300' title='bbox 3321 1975 3540 2014; x_wconf 87' lang='lat' dir='ltr'><strong>sursum</strong></span> 
     </span>
    </p>
   </div>
   <div class='ocr_carea' id='block_1_41' title="bbox 1960 2055 3534 2130">
    <p class='ocr_par' dir='ltr' id='par_1_41' title="bbox 1960 2055 3534 2130">
     <span class='ocr_line' id='line_1_41' title="bbox 1960 2055 3534 2130; baseline -0.004 -18"><span class='ocrx_word' id='word_1_301' title='bbox 1960 2057 2212 2112; x_wconf 87' lang='lat' dir='ltr'><strong>attrahit.</strong></span> <span class='ocrx_word' id='word_1_302' title='bbox 2265 2059 2391 2114; x_wconf 66' lang='lat' dir='ltr'><strong>llaac</strong></span> <span class='ocrx_word' id='word_1_303' title='bbox 2423 2058 2590 2130; x_wconf 81' lang='lat' dir='ltr'><strong>igitur</strong></span> <span class='ocrx_word' id='word_1_304' title='bbox 2613 2057 2962 2127; x_wconf 69' lang='lat' dir='ltr'><strong>inaequalitas</strong></span> <span class='ocrx_word' id='word_1_305' title='bbox 2991 2057 3207 2110; x_wconf 80' lang='lat' dir='ltr'><strong>mobilis</strong></span> <span class='ocrx_word' id='word_1_306' title='bbox 3236 2055 3534 2107; x_wconf 85' lang='lat' dir='ltr'><strong>admodum</strong></span> 
     </span>
    </p>
   </div>
   <div class='ocr_carea' id='block_1_42' title="bbox 1960 2146 3542 2220">
    <p class='ocr_par' dir='ltr' id='par_1_42' title="bbox 1960 2146 3542 2220">
     <span class='ocr_line' id='line_1_42' title="bbox 1960 2146 3542 2220; baseline -0.003 -17"><span class='ocrx_word' id='word_1_307' title='bbox 1960 2158 2044 2203; x_wconf 89' lang='lat' dir='ltr'><strong>est</strong></span> <span class='ocrx_word' id='word_1_308' title='bbox 2074 2160 2128 2203; x_wconf 91' lang='lat' dir='ltr'><strong>et</strong></span> <span class='ocrx_word' id='word_1_309' title='bbox 2166 2149 2233 2203; x_wconf 87' lang='lat' dir='ltr'><strong>ad</strong></span> <span class='ocrx_word' id='word_1_310' title='bbox 2264 2152 2678 2220; x_wconf 85' lang='lat' dir='ltr'><strong>corruptionem</strong></span> <span class='ocrx_word' id='word_1_311' title='bbox 2713 2149 2967 2203; x_wconf 88' lang='lat' dir='ltr'><strong>celeriter</strong></span> <span class='ocrx_word' id='word_1_312' title='bbox 2992 2156 3223 2217; x_wconf 88' lang='lat' dir='ltr'><strong>spectat.</strong></span> <span class='ocrx_word' id='word_1_313' title='bbox 3277 2146 3542 2199; x_wconf 78' lang='lat' dir='ltr'><strong>Praeterea</strong></span> 
     </span>
    </p>
   </div>
   <div class='ocr_carea' id='block_1_43' title="bbox 1916 2241 3587 2322">
    <p class='ocr_par' dir='ltr' id='par_1_43' title="bbox 1916 2241 3587 2322">
     <span class='ocr_line' id='line_1_43' title="bbox 1916 2241 3587 2322; baseline -0.002 -24"><span class='ocrx_word' id='word_1_314' title='bbox 1916 2293 1924 2298; x_wconf 94' lang='lat'><strong>.</strong></span> <span class='ocrx_word' id='word_1_315' title='bbox 1964 2245 2355 2299; x_wconf 85' lang='lat' dir='ltr'><strong>subvectorum</strong></span> <span class='ocrx_word' id='word_1_316' title='bbox 2385 2259 2416 2298; x_wconf 87' lang='lat' dir='ltr'><strong>a</strong></span> <span class='ocrx_word' id='word_1_317' title='bbox 2452 2244 2569 2300; x_wconf 91' lang='lat' dir='ltr'><strong>sole</strong></span> <span class='ocrx_word' id='word_1_318' title='bbox 2602 2243 2658 2297; x_wconf 92' lang='lat' dir='ltr'><strong>in</strong></span> <span class='ocrx_word' id='word_1_319' title='bbox 2690 2258 2817 2298; x_wconf 88' lang='lat' dir='ltr'><strong>aera</strong></span> <span class='ocrx_word' id='word_1_320' title='bbox 2849 2243 3142 2296; x_wconf 89' lang='lat' dir='ltr'><strong>humorum</strong></span> <span class='ocrx_word' id='word_1_321' title='bbox 3177 2257 3301 2310; x_wconf 85' lang='lat' dir='ltr'><strong>pars</strong></span> <span class='ocrx_word' id='word_1_322' title='bbox 3331 2241 3544 2310; x_wconf 48' lang='lat' dir='ltr'><strong>gravis‘</strong></span> <span class='ocrx_word' id='word_1_323' title='bbox 3576 2314 3587 2322; x_wconf 33' lang='lat'><strong><em>~</em></strong></span> 
     </span>
    </p>
   </div>
   <div class='ocr_carea' id='block_1_44' title="bbox 257 2333 3540 2411">
    <p class='ocr_par' dir='ltr' id='par_1_44' title="bbox 257 2333 3540 2411">
     <span class='ocr_line' id='line_1_44' title="bbox 257 2333 3540 2411; baseline 0 -23"><span class='ocrx_word' id='word_1_324' title='bbox 257 2333 403 2388; x_wconf 83' lang='lat' dir='ltr'><strong>sima</strong></span> <span class='ocrx_word' id='word_1_325' title='bbox 435 2337 900 2407; x_wconf 67' lang='lat' dir='ltr'><strong>crassissimaque</strong></span> <span class='ocrx_word' id='word_1_326' title='bbox 933 2353 1132 2392; x_wconf 92' lang='lat' dir='ltr'><strong>rursus</strong></span> <span class='ocrx_word' id='word_1_327' title='bbox 1173 2338 1434 2392; x_wconf 84' lang='lat' dir='ltr'><strong>deorsum</strong></span> <span class='ocrx_word' id='word_1_328' title='bbox 1500 2337 1711 2404; x_wconf 79' lang='lat' dir='ltr'><strong>fertur,</strong></span> <span class='ocrx_word' id='word_1_329' title='bbox 1761 2352 1888 2393; x_wconf 91' lang='lat' dir='ltr'><strong>cum</strong></span> <span class='ocrx_word' id='word_1_330' title='bbox 1927 2338 2004 2394; x_wconf 85' lang='lat' dir='ltr'><strong>ita</strong></span> <span class='ocrx_word' id='word_1_331' title='bbox 2056 2351 2387 2411; x_wconf 74' lang='lat' dir='ltr'><strong>comparatze</strong></span> <span class='ocrx_word' id='word_1_332' title='bbox 2436 2341 2547 2396; x_wconf 89' lang='lat' dir='ltr'><strong>sint</strong></span> <span class='ocrx_word' id='word_1_333' title='bbox 2593 2356 2682 2396; x_wconf 89' lang='lat' dir='ltr'><strong>res</strong></span> <span class='ocrx_word' id='word_1_334' title='bbox 2727 2355 2920 2410; x_wconf 77' lang='lat' dir='ltr'><strong>graves</strong></span> <span class='ocrx_word' id='word_1_335' title='bbox 2961 2349 3022 2393; x_wconf 89' lang='lat' dir='ltr'><strong>ut</strong></span> <span class='ocrx_word' id='word_1_336' title='bbox 3093 2338 3350 2393; x_wconf 87' lang='lat' dir='ltr'><strong>deorsum</strong></span> <span class='ocrx_word' id='word_1_337' title='bbox 3405 2337 3540 2390; x_wconf 80' lang='lat' dir='ltr'><strong>ferri</strong></span> 
     </span>
    </p>
   </div>
   <div class='ocr_carea' id='block_1_45' title="bbox 258 2429 3547 2506">
    <p class='ocr_par' dir='ltr' id='par_1_45' title="bbox 258 2429 3547 2506">
     <span class='ocr_line' id='line_1_45' title="bbox 258 2429 3547 2506; baseline 0.001 -24"><span class='ocrx_word' id='word_1_338' title='bbox 258 2429 517 2483; x_wconf 86' lang='lat' dir='ltr'><strong>soleant:</strong></span> <span class='ocrx_word' id='word_1_339' title='bbox 559 2431 664 2501; x_wconf 80' lang='lat'><strong>18</strong></span> <span class='ocrx_word' id='word_1_340' title='bbox 722 2430 944 2485; x_wconf 87' lang='lat' dir='ltr'><strong>interim</strong></span> <span class='ocrx_word' id='word_1_341' title='bbox 975 2448 1106 2502; x_wconf 88' lang='lat' dir='ltr'><strong>pars</strong></span> <span class='ocrx_word' id='word_1_342' title='bbox 1165 2433 1576 2488; x_wconf 73' lang='lat' dir='ltr'><strong>exhalationum</strong></span> <span class='ocrx_word' id='word_1_343' title='bbox 1605 2433 1929 2490; x_wconf 89' lang='lat' dir='ltr'><strong>tenuissima</strong></span> <span class='ocrx_word' id='word_1_344' title='bbox 1961 2445 2254 2491; x_wconf 85' lang='lat' dir='ltr'><strong>ventorum</strong></span> <span class='ocrx_word' id='word_1_345' title='bbox 2292 2437 2346 2490; x_wconf 88' lang='lat' dir='ltr'><strong>in</strong></span> <span class='ocrx_word' id='word_1_346' title='bbox 2380 2446 2638 2491; x_wconf 84' lang='lat' dir='ltr'><strong>naturam</strong></span> <span class='ocrx_word' id='word_1_347' title='bbox 2675 2436 3035 2491; x_wconf 86' lang='lat' dir='ltr'><strong>convertitur.</strong></span> <span class='ocrx_word' id='word_1_348' title='bbox 3083 2436 3158 2489; x_wconf 88' lang='lat' dir='ltr'><strong>Ac</strong></span> <span class='ocrx_word' id='word_1_349' title='bbox 3191 2434 3259 2489; x_wconf 92' lang='lat' dir='ltr'><strong>de</strong></span> <span class='ocrx_word' id='word_1_350' title='bbox 3308 2433 3393 2489; x_wconf 91' lang='lat' dir='ltr'><strong>his</strong></span> <span class='ocrx_word' id='word_1_351' title='bbox 3425 2433 3547 2506; x_wconf 88' lang='lat' dir='ltr'><strong>qui-</strong></span> 
     </span>
    </p>
   </div>
   <div class='ocr_carea' id='block_1_46' title="bbox 254 2525 1100 2582">
    <p class='ocr_par' dir='ltr' id='par_1_46' title="bbox 254 2525 1100 2582">
     <span class='ocr_line' id='line_1_46' title="bbox 254 2525 1100 2582; baseline 0.005 -4"><span class='ocrx_word' id='word_1_352' title='bbox 254 2525 383 2578; x_wconf 89' lang='lat' dir='ltr'><strong>dem</strong></span> <span class='ocrx_word' id='word_1_353' title='bbox 426 2526 698 2579; x_wconf 87' lang='lat' dir='ltr'><strong>hactcnus</strong></span> <span class='ocrx_word' id='word_1_354' title='bbox 722 2526 930 2579; x_wconf 90' lang='lat' dir='ltr'><strong>dictum</strong></span> <span class='ocrx_word' id='word_1_355' title='bbox 959 2537 1100 2582; x_wconf 66' lang='lat' dir='ltr'><strong>esto.</strong></span> 
     </span>
    </p>
   </div>
   <div class='ocr_carea' id='block_1_47' title="bbox 752 2620 1378 2677">
    <p class='ocr_par' dir='ltr' id='par_1_47' title="bbox 752 2620 1378 2677">
     <span class='ocr_line' id='line_1_47' title="bbox 752 2620 1378 2677; baseline 0.008 -5"><span class='ocrx_word' id='word_1_356' title='bbox 752 2620 990 2674; x_wconf 74' lang='lat' dir='ltr'><strong>HMEPA</strong></span> <span class='ocrx_word' id='word_1_357' title='bbox 1031 2620 1378 2677; x_wconf 76' lang='grc' dir='ltr'><strong>ΤΕΤΑΡἸἸΙ.</strong></span> 
     </span>
    </p>
   </div>
   <div class='ocr_carea' id='block_1_48' title="bbox 324 2711 1853 2788">
    <p class='ocr_par' dir='ltr' id='par_1_48' title="bbox 324 2711 1853 2788">
     <span class='ocr_line' id='line_1_48' title="bbox 324 2711 1853 2788; baseline 0.005 -24"><span class='ocrx_word' id='word_1_358' title='bbox 324 2712 410 2781; x_wconf 81' lang='grc' dir='ltr'><strong>Τῇ</strong></span> <span class='ocrx_word' id='word_1_359' title='bbox 446 2711 505 2763; x_wconf 82' lang='grc' dir='ltr'>δὲ</span> <span class='ocrx_word' id='word_1_360' title='bbox 555 2713 787 2783; x_wconf 77' lang='grc' dir='ltr'>τετάρτῃ</span> <span class='ocrx_word' id='word_1_361' title='bbox 821 2714 1002 2784; x_wconf 70' lang='grc' dir='ltr'>ἡμέρα</span> <span class='ocrx_word' id='word_1_362' title='bbox 1033 2717 1160 2779; x_wconf 76' lang='grc' dir='ltr'>τοὺς</span> <span class='ocrx_word' id='word_1_363' title='bbox 1198 2717 1493 2786; x_wconf 78' lang='grc' dir='ltr'>φωστῆρας</span> <span class='ocrx_word' id='word_1_364' title='bbox 1525 2716 1767 2788; x_wconf 79' lang='grc' dir='ltr'>ποιήσας</span> <span class='ocrx_word' id='word_1_365' title='bbox 1794 2719 1853 2772; x_wconf 83' lang='grc' dir='ltr'>ὲν</span> 
     </span>
    </p>
   </div>
   <div class='ocr_carea' id='block_1_49' title="bbox 253 2803 1854 2881">
    <p class='ocr_par' dir='ltr' id='par_1_49' title="bbox 253 2803 1854 2881">
     <span class='ocr_line' id='line_1_49' title="bbox 253 2803 1854 2881; baseline 0.004 -25"><span class='ocrx_word' id='word_1_366' title='bbox 253 2804 410 2874; x_wconf 85' lang='grc' dir='ltr'>αὑτῷ</span> <span class='ocrx_word' id='word_1_367' title='bbox 456 2803 535 2872; x_wconf 84' lang='grc' dir='ltr'>τῷ</span> <span class='ocrx_word' id='word_1_368' title='bbox 589 2804 930 2876; x_wconf 72' lang='grc' dir='ltr'>στερεὼματι</span> <span class='ocrx_word' id='word_1_369' title='bbox 973 2808 1144 2862; x_wconf 74' lang='grc' dir='ltr'>ἔθετο.</span> <span class='ocrx_word' id='word_1_370' title='bbox 1197 2809 1499 2881; x_wconf 83' lang='grc' dir='ltr'>Φωστῆρας</span> <span class='ocrx_word' id='word_1_371' title='bbox 1542 2809 1599 2863; x_wconf 79' lang='grc' dir='ltr'>δὲ</span> <span class='ocrx_word' id='word_1_372' title='bbox 1638 2810 1854 2865; x_wconf 80' lang='grc' dir='ltr'>ἀκούων</span> 
     </span>
    </p>
   </div>
   <div class='ocr_carea' id='block_1_50' title="bbox 258 2898 1856 2972">
    <p class='ocr_par' dir='ltr' id='par_1_50' title="bbox 258 2898 1856 2972">
     <span class='ocr_line' id='line_1_50' title="bbox 258 2898 1856 2972; baseline 0.006 -23"><span class='ocrx_word' id='word_1_373' title='bbox 258 2899 430 2968; x_wconf 71' lang='grc' dir='ltr'>μηδὲν</span> <span class='ocrx_word' id='word_1_374' title='bbox 463 2898 651 2969; x_wconf 78' lang='grc' dir='ltr'>ἕτερον</span> <span class='ocrx_word' id='word_1_375' title='bbox 690 2899 723 2972; x_wconf 77' lang='grc' dir='ltr'><strong>ἢ</strong></span> <span class='ocrx_word' id='word_1_376' title='bbox 755 2900 1033 2970; x_wconf 76' lang='grc' dir='ltr'>φωτοδόχα</span> <span class='ocrx_word' id='word_1_377' title='bbox 1069 2902 1296 2966; x_wconf 75' lang='grc' dir='ltr'>τούτους</span> <span class='ocrx_word' id='word_1_378' title='bbox 1343 2904 1545 2972; x_wconf 80' lang='grc' dir='ltr'>ἀγγεῖα</span> <span class='ocrx_word' id='word_1_379' title='bbox 1589 2900 1730 2958; x_wconf 73' lang='grc' dir='ltr'>εἶναι</span> <span class='ocrx_word' id='word_1_380' title='bbox 1772 2904 1856 2958; x_wconf 80' lang='grc' dir='ltr'><strong>νό-</strong></span> 
     </span>
    </p>
   </div>
   <div class='ocr_carea' id='block_1_51' title="bbox 258 2988 1853 3066">
    <p class='ocr_par' dir='ltr' id='par_1_51' title="bbox 258 2988 1853 3066">
     <span class='ocr_line' id='line_1_51' title="bbox 258 2988 1853 3066; baseline 0.004 -24"><span class='ocrx_word' id='word_1_381' title='bbox 258 2988 414 3058; x_wconf 75' lang='grc' dir='ltr'>μιζε.</span> <span class='ocrx_word' id='word_1_382' title='bbox 447 2990 524 3043; x_wconf 77' lang='grc' dir='ltr'><strong>Τὸ</strong></span> <span class='ocrx_word' id='word_1_383' title='bbox 571 2990 680 3061; x_wconf 82' lang='grc' dir='ltr'>γὰρ</span> <span class='ocrx_word' id='word_1_384' title='bbox 721 2991 838 3061; x_wconf 82' lang='grc' dir='ltr'><strong>φῶς</strong></span> <span class='ocrx_word' id='word_1_385' title='bbox 887 2995 1061 3046; x_wconf 78' lang='grc' dir='ltr'>ἐκεῖνο</span> <span class='ocrx_word' id='word_1_386' title='bbox 1103 2993 1163 3046; x_wconf 83' lang='grc' dir='ltr'>τὸ</span> <span class='ocrx_word' id='word_1_387' title='bbox 1215 2995 1356 3048; x_wconf 86' lang='grc' dir='ltr'>κατά</span> <span class='ocrx_word' id='word_1_388' title='bbox 1398 3012 1461 3064; x_wconf 88' lang='grc' dir='ltr'><strong>γε</strong></span> <span class='ocrx_word' id='word_1_389' title='bbox 1489 2995 1588 3066; x_wconf 79' lang='grc' dir='ltr'>τὴν</span> <span class='ocrx_word' id='word_1_390' title='bbox 1625 2997 1853 3066; x_wconf 85' lang='grc' dir='ltr'>πρώτην</span> 
     </span>
    </p>
   </div>
   <div class='ocr_carea' id='block_1_52' title="bbox 255 3083 1852 3157">
    <p class='ocr_par' dir='ltr' id='par_1_52' title="bbox 255 3083 1852 3157">
     <span class='ocr_line' id='line_1_52' title="bbox 255 3083 1852 3157; baseline 0.004 -25"><span class='ocrx_word' id='word_1_391' title='bbox 255 3083 482 3152; x_wconf 75' lang='grc' dir='ltr'>ἡμέραν</span> <span class='ocrx_word' id='word_1_392' title='bbox 525 3083 802 3153; x_wconf 79' lang='grc' dir='ltr'>παραχθὲν</span> <span class='ocrx_word' id='word_1_393' title='bbox 834 3083 1014 3137; x_wconf 79' lang='grc' dir='ltr'>λαϐὼν</span> <span class='ocrx_word' id='word_1_394' title='bbox 1036 3086 1062 3136; x_wconf 83' lang='grc' dir='ltr'>ὁ</span> <span class='ocrx_word' id='word_1_395' title='bbox 1090 3087 1243 3150; x_wconf 71' lang='grc' dir='ltr'>Θεὸς,</span> <span class='ocrx_word' id='word_1_396' title='bbox 1280 3089 1373 3140; x_wconf 63' lang='grc' dir='ltr'><strong>καὶ</strong></span> <span class='ocrx_word' id='word_1_397' title='bbox 1403 3086 1690 3157; x_wconf 76' lang='grc' dir='ltr'>διανείμας</span> <span class='ocrx_word' id='word_1_398' title='bbox 1720 3087 1852 3138; x_wconf 80' lang='grc' dir='ltr'>αὑτὸ</span> 
     </span>
    </p>
   </div>
   <div class='ocr_carea' id='block_1_53' title="bbox 256 3173 1902 3250">
    <p class='ocr_par' dir='ltr' id='par_1_53' title="bbox 256 3173 1902 3250">
     <span class='ocr_line' id='line_1_53' title="bbox 256 3173 1902 3250; baseline 0.003 -23"><span class='ocrx_word' id='word_1_399' title='bbox 256 3179 370 3238; x_wconf 76' lang='grc' dir='ltr'>τοῖς</span> <span class='ocrx_word' id='word_1_400' title='bbox 447 3178 734 3247; x_wconf 76' lang='grc' dir='ltr'>φωστῆρσι</span> <span class='ocrx_word' id='word_1_401' title='bbox 791 3179 978 3241; x_wconf 69' lang='grc' dir='ltr'>πᾶσιν,</span> <span class='ocrx_word' id='word_1_402' title='bbox 1036 3179 1082 3229; x_wconf 78' lang='grc' dir='ltr'><strong>εί</strong></span> <span class='ocrx_word' id='word_1_403' title='bbox 1143 3181 1238 3232; x_wconf 83' lang='grc' dir='ltr'><strong>καὶ</strong></span> <span class='ocrx_word' id='word_1_404' title='bbox 1294 3178 1372 3248; x_wconf 80' lang='grc' dir='ltr'><strong>τῷ</strong></span> <span class='ocrx_word' id='word_1_405' title='bbox 1435 3181 1852 3250; x_wconf 72' lang='grc' dir='ltr'>χρυσορῤήμονι</span> <span class='ocrx_word' id='word_1_406' title='bbox 1889 3173 1902 3185; x_wconf 85' lang='grc'><em>’</em></span> 
     </span>
    </p>
   </div>
   <div class='ocr_carea' id='block_1_54' title="bbox 2502 2625 2997 2694">
    <p class='ocr_par' dir='ltr' id='par_1_54' title="bbox 2502 2625 2997 2694">
     <span class='ocr_line' id='line_1_54' title="bbox 2502 2625 2997 2694; baseline 0.004 -16"><span class='ocrx_word' id='word_1_407' title='bbox 2502 2625 2654 2680; x_wconf 77' lang='lat' dir='ltr'><strong>DIES</strong></span> <span class='ocrx_word' id='word_1_408' title='bbox 2693 2625 2997 2694; x_wconf 69' lang='lat' dir='ltr'><strong>QUARTA.</strong></span> 
     </span>
    </p>
   </div>
   <div class='ocr_carea' id='block_1_55' title="bbox 2035 2715 3545 2788">
    <p class='ocr_par' dir='ltr' id='par_1_55' title="bbox 2035 2715 3545 2788">
     <span class='ocr_line' id='line_1_55' title="bbox 2035 2715 3545 2788; baseline -0.003 -18"><span class='ocrx_word' id='word_1_409' title='bbox 2035 2717 2131 2772; x_wconf 90' lang='lat' dir='ltr'><strong>Die</strong></span> <span class='ocrx_word' id='word_1_410' title='bbox 2167 2727 2362 2788; x_wconf 88' lang='lat' dir='ltr'><strong>quarta</strong></span> <span class='ocrx_word' id='word_1_411' title='bbox 2415 2718 2559 2772; x_wconf 91' lang='lat' dir='ltr'><strong>Deus</strong></span> <span class='ocrx_word' id='word_1_412' title='bbox 2610 2717 2903 2771; x_wconf 87' lang='lat' dir='ltr'><strong>luminaria</strong></span> <span class='ocrx_word' id='word_1_413' title='bbox 2948 2727 3134 2770; x_wconf 86' lang='lat' dir='ltr'><strong>creata</strong></span> <span class='ocrx_word' id='word_1_414' title='bbox 3197 2715 3545 2768; x_wconf 80' lang='lat' dir='ltr'><strong>firmamento</strong></span> 
     </span>
    </p>
   </div>
   <div class='ocr_carea' id='block_1_56' title="bbox 1964 2807 3543 2879">
    <p class='ocr_par' dir='ltr' id='par_1_56' title="bbox 1964 2807 3543 2879">
     <span class='ocr_line' id='line_1_56' title="bbox 1964 2807 3543 2879; baseline -0.006 -11"><span class='ocrx_word' id='word_1_415' title='bbox 1964 2813 2220 2868; x_wconf 88' lang='lat' dir='ltr'><strong>inseruit.</strong></span> <span class='ocrx_word' id='word_1_416' title='bbox 2280 2811 2418 2866; x_wconf 87' lang='lat' dir='ltr'><strong>Cum</strong></span> <span class='ocrx_word' id='word_1_417' title='bbox 2481 2820 2666 2865; x_wconf 89' lang='lat' dir='ltr'><strong>autem</strong></span> <span class='ocrx_word' id='word_1_418' title='bbox 2715 2811 2982 2879; x_wconf 83' lang='lat' dir='ltr'><strong>appellari</strong></span> <span class='ocrx_word' id='word_1_419' title='bbox 3027 2809 3185 2862; x_wconf 85' lang='lat' dir='ltr'><strong>audis</strong></span> <span class='ocrx_word' id='word_1_420' title='bbox 3225 2807 3543 2872; x_wconf 81' lang='lat' dir='ltr'><strong>luminaria,</strong></span> 
     </span>
    </p>
   </div>
   <div class='ocr_carea' id='block_1_57' title="bbox 1962 2898 3544 2976">
    <p class='ocr_par' dir='ltr' id='par_1_57' title="bbox 1962 2898 3544 2976">
     <span class='ocr_line' id='line_1_57' title="bbox 1962 2898 3544 2976; baseline -0.003 -19"><span class='ocrx_word' id='word_1_421' title='bbox 1962 2904 2101 2959; x_wconf 87' lang='lat' dir='ltr'><strong>nihil</strong></span> <span class='ocrx_word' id='word_1_422' title='bbox 2132 2902 2282 2957; x_wconf 83' lang='lat' dir='ltr'><strong>aliud</strong></span> <span class='ocrx_word' id='word_1_423' title='bbox 2309 2901 2579 2972; x_wconf 78' lang='lat' dir='ltr'><strong>cogitabis</strong></span> <span class='ocrx_word' id='word_1_424' title='bbox 2601 2916 2911 2970; x_wconf 34' lang='lat' dir='ltr'><strong>quam‘esse</strong></span> <span class='ocrx_word' id='word_1_425' title='bbox 2945 2901 3035 2953; x_wconf 84' lang='lat' dir='ltr'><strong>illa</strong></span> <span class='ocrx_word' id='word_1_426' title='bbox 3064 2898 3217 2976; x_wconf 83' lang='lat' dir='ltr'><strong>quasi</strong></span> <span class='ocrx_word' id='word_1_427' title='bbox 3248 2916 3369 2953; x_wconf 83' lang='lat' dir='ltr'><strong>vasa</strong></span> <span class='ocrx_word' id='word_1_428' title='bbox 3394 2916 3544 2970; x_wconf 61' lang='grc' dir='ltr'>(μιξο-</span> 
     </span>
    </p>
   </div>
   <div class='ocr_carea' id='block_1_58' title="bbox 1963 2991 3545 3064">
    <p class='ocr_par' dir='ltr' id='par_1_58' title="bbox 1963 2991 3545 3064">
     <span class='ocr_line' id='line_1_58' title="bbox 1963 2991 3545 3064; baseline -0.003 -14"><span class='ocrx_word' id='word_1_429' title='bbox 1963 2998 2088 3050; x_wconf 89' lang='lat' dir='ltr'><strong>dam</strong></span> <span class='ocrx_word' id='word_1_430' title='bbox 2124 3006 2172 3051; x_wconf 94' lang='lat' dir='ltr'><strong>el</strong></span> <span class='ocrx_word' id='word_1_431' title='bbox 2211 2996 2556 3064; x_wconf 83' lang='lat' dir='ltr'><strong>receptacula</strong></span> <span class='ocrx_word' id='word_1_432' title='bbox 2587 2994 2751 3049; x_wconf 88' lang='lat' dir='ltr'><strong>lucis.</strong></span> <span class='ocrx_word' id='word_1_433' title='bbox 2789 2993 3004 3047; x_wconf 88' lang='lat' dir='ltr'><strong>Etenim</strong></span> <span class='ocrx_word' id='word_1_434' title='bbox 3031 3002 3248 3062; x_wconf 76' lang='lat' dir='ltr'><strong>slttltplo</strong></span> <span class='ocrx_word' id='word_1_435' title='bbox 3279 2991 3421 3045; x_wconf 82' lang='lat' dir='ltr'><strong>Deus</strong></span> <span class='ocrx_word' id='word_1_436' title='bbox 3452 2991 3545 3045; x_wconf 84' lang='lat' dir='ltr'><strong>iilo</strong></span> 
     </span>
    </p>
   </div>
   <div class='ocr_carea' id='block_1_59' title="bbox 1962 3083 3546 3157">
    <p class='ocr_par' dir='ltr' id='par_1_59' title="bbox 1962 3083 3546 3157">
     <span class='ocr_line' id='line_1_59' title="bbox 1962 3083 3546 3157; baseline -0.004 -14"><span class='ocrx_word' id='word_1_437' title='bbox 1962 3089 2172 3143; x_wconf 90' lang='lat' dir='ltr'><strong>lumine</strong></span> <span class='ocrx_word' id='word_1_438' title='bbox 2205 3089 2349 3157; x_wconf 87' lang='lat' dir='ltr'><strong>quod</strong></span> <span class='ocrx_word' id='word_1_439' title='bbox 2383 3087 2469 3141; x_wconf 91' lang='lat' dir='ltr'><strong>die</strong></span> <span class='ocrx_word' id='word_1_440' title='bbox 2499 3089 2676 3156; x_wconf 86' lang='lat' dir='ltr'><strong>primo</strong></span> <span class='ocrx_word' id='word_1_441' title='bbox 2701 3085 3046 3157; x_wconf 59' lang='lat' dir='ltr'><strong>eonliderat,</strong></span> <span class='ocrx_word' id='word_1_442' title='bbox 3078 3095 3131 3138; x_wconf 90' lang='lat' dir='ltr'><strong>et</strong></span> <span class='ocrx_word' id='word_1_443' title='bbox 3167 3085 3219 3136; x_wconf 91' lang='lat' dir='ltr'><strong>in</strong></span> <span class='ocrx_word' id='word_1_444' title='bbox 3245 3084 3428 3136; x_wconf 88' lang='lat' dir='ltr'><strong>omnia</strong></span> <span class='ocrx_word' id='word_1_445' title='bbox 3461 3083 3546 3136; x_wconf 91' lang='lat' dir='ltr'><strong>lu-</strong></span> 
     </span>
    </p>
   </div>
   <div class='ocr_carea' id='block_1_60' title="bbox 1963 3175 3547 3246">
    <p class='ocr_par' dir='ltr' id='par_1_60' title="bbox 1963 3175 3547 3246">
     <span class='ocr_line' id='line_1_60' title="bbox 1963 3175 3547 3246; baseline -0.003 -12"><span class='ocrx_word' id='word_1_446' title='bbox 1963 3180 2194 3234; x_wconf 86' lang='lat' dir='ltr'><strong>minaria</strong></span> <span class='ocrx_word' id='word_1_447' title='bbox 2229 3178 2546 3241; x_wconf 86' lang='lat' dir='ltr'><strong>distributo,</strong></span> <span class='ocrx_word' id='word_1_448' title='bbox 2599 3192 2910 3246; x_wconf 88' lang='lat' dir='ltr'><strong>quanquam</strong></span> <span class='ocrx_word' id='word_1_449' title='bbox 2960 3175 3106 3228; x_wconf 88' lang='lat' dir='ltr'><strong>aliud</strong></span> <span class='ocrx_word' id='word_1_450' title='bbox 3141 3175 3240 3228; x_wconf 88' lang='lat' dir='ltr'><strong>hac</strong></span> <span class='ocrx_word' id='word_1_451' title='bbox 3289 3178 3344 3230; x_wconf 86' lang='lat' dir='ltr'><strong>in</strong></span> <span class='ocrx_word' id='word_1_452' title='bbox 3391 3188 3547 3246; x_wconf 84' lang='lat' dir='ltr'><strong>parte</strong></span> 
     </span>
    </p>
   </div>
   <div class='ocr_carea' id='block_1_61' title="bbox 267 3268 1853 3344">
    <p class='ocr_par' dir='ltr' id='par_1_61' title="bbox 267 3268 1853 3342">
     <span class='ocr_line' id='line_1_61' title="bbox 267 3268 1853 3342; baseline 0.003 -22"><span class='ocrx_word' id='word_1_453' title='bbox 267 3268 498 3340; x_wconf 76' lang='grc' dir='ltr'>Ἰωάννῃ</span> <span class='ocrx_word' id='word_1_454' title='bbox 544 3270 612 3321; x_wconf 73' lang='grc' dir='ltr'><strong>τά</strong></span> <span class='ocrx_word' id='word_1_455' title='bbox 653 3271 784 3340; x_wconf 78' lang='grc' dir='ltr'>περὶ</span> <span class='ocrx_word' id='word_1_456' title='bbox 825 3271 1033 3324; x_wconf 76' lang='grc' dir='ltr'>τούτων</span> <span class='ocrx_word' id='word_1_457' title='bbox 1082 3272 1178 3341; x_wconf 81' lang='grc' dir='ltr'>οὑχ</span> <span class='ocrx_word' id='word_1_458' title='bbox 1218 3271 1363 3325; x_wconf 75' lang='grc' dir='ltr'>οὕτω</span> <span class='ocrx_word' id='word_1_459' title='bbox 1400 3273 1566 3338; x_wconf 82' lang='grc' dir='ltr'>δοκεῖ,</span> <span class='ocrx_word' id='word_1_460' title='bbox 1601 3273 1853 3342; x_wconf 80' lang='grc' dir='ltr'>καθάπερ</span> 
     </span>
    </p>
   </div>
   <div class='ocr_carea' id='block_1_62' title="bbox 1962 3268 3540 3344">
    <p class='ocr_par' dir='ltr' id='par_1_62' title="bbox 1962 3268 3540 3344">
     <span class='ocr_line' id='line_1_62' title="bbox 1962 3268 3540 3344; baseline -0.003 -17"><span class='ocrx_word' id='word_1_461' title='bbox 1962 3274 2352 3344; x_wconf 70' lang='lat' dir='ltr'><strong>Chrysostomo</strong></span> <span class='ocrx_word' id='word_1_462' title='bbox 2388 3273 2585 3341; x_wconf 86' lang='lat' dir='ltr'><strong>placet,</strong></span> <span class='ocrx_word' id='word_1_463' title='bbox 2622 3272 2776 3340; x_wconf 84' lang='lat' dir='ltr'><strong>quasi</strong></span> <span class='ocrx_word' id='word_1_464' title='bbox 2808 3269 3074 3339; x_wconf 88' lang='lat' dir='ltr'><strong>quasdam</strong></span> <span class='ocrx_word' id='word_1_465' title='bbox 3117 3268 3173 3322; x_wconf 89' lang='lat' dir='ltr'><strong>in</strong></span> <span class='ocrx_word' id='word_1_466' title='bbox 3203 3271 3457 3325; x_wconf 87' lang='lat' dir='ltr'><strong>lucernas</strong></span> <span class='ocrx_word' id='word_1_467' title='bbox 3487 3271 3540 3323; x_wconf 91' lang='lat' dir='ltr'><strong>id</strong></span> 
     </span>
    </p>
   </div>
   <div class='ocr_carea' id='block_1_63' title="bbox 257 3362 1854 3436">
    <p class='ocr_par' dir='ltr' id='par_1_63' title="bbox 257 3362 1854 3436">
     <span class='ocr_line' id='line_1_63' title="bbox 257 3362 1854 3436; baseline 0.004 -24"><span class='ocrx_word' id='word_1_468' title='bbox 257 3362 485 3431; x_wconf 78' lang='grc' dir='ltr'>λύχνοις</span> <span class='ocrx_word' id='word_1_469' title='bbox 517 3363 773 3433; x_wconf 76' lang='grc' dir='ltr'>ἐνέθηκεν</span> <span class='ocrx_word' id='word_1_470' title='bbox 805 3363 945 3416; x_wconf 77' lang='grc' dir='ltr'>ὥστε</span> <span class='ocrx_word' id='word_1_471' title='bbox 979 3365 1192 3431; x_wconf 75' lang='grc' dir='ltr'>φαίνειν</span> <span class='ocrx_word' id='word_1_472' title='bbox 1227 3367 1322 3416; x_wconf 74' lang='grc' dir='ltr'><strong>ἐπὶ</strong></span> <span class='ocrx_word' id='word_1_473' title='bbox 1357 3367 1455 3435; x_wconf 81' lang='grc' dir='ltr'>τῆς</span> <span class='ocrx_word' id='word_1_474' title='bbox 1482 3367 1608 3434; x_wconf 72' lang='grc' dir='ltr'>γῆς.</span> <span class='ocrx_word' id='word_1_475' title='bbox 1660 3367 1719 3418; x_wconf 92' lang='lat'><strong>&#39;0</strong></span> <span class='ocrx_word' id='word_1_476' title='bbox 1746 3366 1854 3436; x_wconf 76' lang='grc' dir='ltr'><strong>γὰρ</strong></span> 
     </span>
    </p>
   </div>
   <div class='ocr_carea' id='block_1_64' title="bbox 258 3443 1856 3528">
    <p class='ocr_par' dir='ltr' id='par_1_64' title="bbox 258 3448 1856 3528">
     <span class='ocr_line' id='line_1_64' title="bbox 258 3448 1856 3528; baseline 0.001 -22"><span class='ocrx_word' id='word_1_477' title='bbox 258 3454 408 3517; x_wconf 81' lang='grc' dir='ltr'>θεῖος</span> <span class='ocrx_word' id='word_1_478' title='bbox 449 3448 602 3518; x_wconf 76' lang='grc' dir='ltr'>οὗτος</span> <span class='ocrx_word' id='word_1_479' title='bbox 633 3457 776 3526; x_wconf 76' lang='grc' dir='ltr'>ἀνὴρ</span> <span class='ocrx_word' id='word_1_480' title='bbox 805 3457 862 3508; x_wconf 80' lang='grc' dir='ltr'><strong>ἐν</strong></span> <span class='ocrx_word' id='word_1_481' title='bbox 895 3455 973 3526; x_wconf 78' lang='grc' dir='ltr'>τῷ</span> <span class='ocrx_word' id='word_1_482' title='bbox 1006 3460 1084 3519; x_wconf 83' lang='grc' dir='ltr'><strong>είς</strong></span> <span class='ocrx_word' id='word_1_483' title='bbox 1108 3457 1209 3526; x_wconf 80' lang='grc' dir='ltr'>τὴν</span> <span class='ocrx_word' id='word_1_484' title='bbox 1239 3453 1580 3528; x_wconf 78' lang='grc' dir='ltr'>Ἑξαήμερον</span> <span class='ocrx_word' id='word_1_485' title='bbox 1622 3457 1856 3528; x_wconf 78' lang='grc' dir='ltr'>πέμπτῳ</span> 
     </span>
    </p>
   </div>
   <div class='ocr_carea' id='block_1_65' title="bbox 259 3546 1858 3622">
    <p class='ocr_par' dir='ltr' id='par_1_65' title="bbox 259 3546 1858 3622">
     <span class='ocr_line' id='line_1_65' title="bbox 259 3546 1858 3622; baseline 0.004 -25"><span class='ocrx_word' id='word_1_486' title='bbox 259 3546 410 3616; x_wconf 72' lang='grc' dir='ltr'>λόγῳ</span> <span class='ocrx_word' id='word_1_487' title='bbox 439 3547 604 3600; x_wconf 71' lang='grc' dir='ltr'>αὑτοῦ</span> <span class='ocrx_word' id='word_1_488' title='bbox 644 3549 882 3602; x_wconf 75' lang='grc' dir='ltr'>τοιαῖσδε</span> <span class='ocrx_word' id='word_1_489' title='bbox 929 3551 1062 3620; x_wconf 81' lang='grc' dir='ltr'>περὶ</span> <span class='ocrx_word' id='word_1_490' title='bbox 1106 3550 1300 3604; x_wconf 84' lang='grc' dir='ltr'>τούτου</span> <span class='ocrx_word' id='word_1_491' title='bbox 1334 3553 1602 3622; x_wconf 79' lang='grc' dir='ltr'>κέχρηται</span> <span class='ocrx_word' id='word_1_492' title='bbox 1658 3552 1858 3603; x_wconf 81' lang='grc' dir='ltr'>συλλα-</span> 
     </span>
    </p>
   </div>
   <div class='ocr_carea' id='block_1_66' title="bbox 259 3637 1856 3714">
    <p class='ocr_par' dir='ltr' id='par_1_66' title="bbox 259 3637 1856 3714">
     <span class='ocr_line' id='line_1_66' title="bbox 259 3637 1856 3714; baseline 0.003 -24"><span class='ocrx_word' id='word_1_493' title='bbox 259 3639 386 3704; x_wconf 76' lang='grc' dir='ltr'>ϐαῖς</span> <span class='ocrx_word' id='word_1_494' title='bbox 427 3661 443 3690; x_wconf 71' lang='grc' dir='ltr'><em>ς</em></span> <span class='ocrx_word' id='word_1_495' title='bbox 478 3637 634 3704; x_wconf 78' lang='grc' dir='ltr'>Εἶδες</span> <span class='ocrx_word' id='word_1_496' title='bbox 680 3642 872 3710; x_wconf 75' lang='grc' dir='ltr'>σοφίαν</span> <span class='ocrx_word' id='word_1_497' title='bbox 920 3641 1013 3695; x_wconf 77' lang='grc' dir='ltr'>τοῦ</span> <span class='ocrx_word' id='word_1_498' title='bbox 1063 3642 1434 3714; x_wconf 81' lang='grc' dir='ltr'>Δημιουργοῦ.</span> <span class='ocrx_word' id='word_1_499' title='bbox 1490 3639 1620 3696; x_wconf 63' lang='lat' dir='ltr'><strong>Eine</strong></span> <span class='ocrx_word' id='word_1_500' title='bbox 1674 3643 1856 3714; x_wconf 77' lang='grc' dir='ltr'>μόνον,</span> 
     </span>
    </p>
   </div>
   <div class='ocr_carea' id='block_1_67' title="bbox 259 3735 1858 3807">
    <p class='ocr_par' dir='ltr' id='par_1_67' title="bbox 259 3735 1858 3807">
     <span class='ocr_line' id='line_1_67' title="bbox 259 3735 1858 3807; baseline 0.002 -23"><span class='ocrx_word' id='word_1_501' title='bbox 259 3737 358 3788; x_wconf 76' lang='grc' dir='ltr'><strong>καὶ</strong></span> <span class='ocrx_word' id='word_1_502' title='bbox 406 3735 665 3805; x_wconf 79' lang='grc' dir='ltr'>παρήχθη</span> <span class='ocrx_word' id='word_1_503' title='bbox 709 3736 772 3788; x_wconf 78' lang='grc' dir='ltr'><strong>τὸ</strong></span> <span class='ocrx_word' id='word_1_504' title='bbox 821 3739 1086 3807; x_wconf 84' lang='grc' dir='ltr'>στοιχεῖον</span> <span class='ocrx_word' id='word_1_505' title='bbox 1136 3735 1297 3789; x_wconf 81' lang='grc' dir='ltr'>τοῦτο</span> <span class='ocrx_word' id='word_1_506' title='bbox 1347 3736 1406 3790; x_wconf 76' lang='grc' dir='ltr'><strong>τὸ</strong></span> <span class='ocrx_word' id='word_1_507' title='bbox 1465 3736 1802 3806; x_wconf 77' lang='grc' dir='ltr'>θαυμαστὸν,</span> <span class='ocrx_word' id='word_1_508' title='bbox 1831 3738 1858 3787; x_wconf 84' lang='grc' dir='ltr'>ὁ</span> 
     </span>
    </p>
   </div>
   <div class='ocr_carea' id='block_1_68' title="bbox 258 3823 1859 3895">
    <p class='ocr_par' dir='ltr' id='par_1_68' title="bbox 258 3823 1859 3895">
     <span class='ocr_line' id='line_1_68' title="bbox 258 3823 1859 3895; baseline 0.004 -23"><span class='ocrx_word' id='word_1_509' title='bbox 258 3824 415 3893; x_wconf 70' lang='grc' dir='ltr'>ἣλιος</span> <span class='ocrx_word' id='word_1_510' title='bbox 448 3824 615 3891; x_wconf 87' lang='grc' dir='ltr'>λέγω.</span> <span class='ocrx_word' id='word_1_511' title='bbox 645 3823 851 3878; x_wconf 81' lang='grc' dir='ltr'>Τοῦτον</span> <span class='ocrx_word' id='word_1_512' title='bbox 890 3826 1000 3895; x_wconf 85' lang='grc' dir='ltr'>γὰρ</span> <span class='ocrx_word' id='word_1_513' title='bbox 1043 3825 1198 3878; x_wconf 74' lang='grc' dir='ltr'>καὶεί</span> <span class='ocrx_word' id='word_1_514' title='bbox 1243 3827 1511 3895; x_wconf 79' lang='grc' dir='ltr'>φωστῆρα</span> <span class='ocrx_word' id='word_1_515' title='bbox 1541 3825 1736 3893; x_wconf 84' lang='grc' dir='ltr'>μέγαν,</span> <span class='ocrx_word' id='word_1_516' title='bbox 1764 3826 1859 3878; x_wconf 72' lang='grc' dir='ltr'><strong>καὶ</strong></span> 
     </span>
    </p>
   </div>
   <div class='ocr_carea' id='block_1_69' title="bbox 260 3916 1856 3988">
    <p class='ocr_par' dir='ltr' id='par_1_69' title="bbox 260 3916 1856 3988">
     <span class='ocr_line' id='line_1_69' title="bbox 260 3916 1856 3988; baseline 0.001 -21"><span class='ocrx_word' id='word_1_517' title='bbox 260 3918 436 3985; x_wconf 74' lang='grc' dir='ltr'>φησὶν</span> <span class='ocrx_word' id='word_1_518' title='bbox 482 3917 645 3970; x_wconf 75' lang='grc' dir='ltr'>αὑτὸν</span> <span class='ocrx_word' id='word_1_519' title='bbox 697 3919 777 3980; x_wconf 79' lang='grc' dir='ltr'><strong>είς</strong></span> <span class='ocrx_word' id='word_1_520' title='bbox 834 3918 1011 3988; x_wconf 80' lang='grc' dir='ltr'>ἀρχάς</span> <span class='ocrx_word' id='word_1_521' title='bbox 1061 3920 1161 3985; x_wconf 78' lang='grc' dir='ltr'>τῆς</span> <span class='ocrx_word' id='word_1_522' title='bbox 1221 3919 1433 3988; x_wconf 78' lang='grc' dir='ltr'>ἡμέρας</span> <span class='ocrx_word' id='word_1_523' title='bbox 1483 3916 1856 3986; x_wconf 78' lang='grc' dir='ltr'>γεγενῆσθαι·</span> 
     </span>
    </p>
   </div>
   <div class='ocr_carea' id='block_1_70' title="bbox 263 4009 1855 4081">
    <p class='ocr_par' dir='ltr' id='par_1_70' title="bbox 263 4009 1855 4081">
     <span class='ocr_line' id='line_1_70' title="bbox 263 4009 1855 4081; baseline 0.002 -21"><span class='ocrx_word' id='word_1_524' title='bbox 263 4010 427 4072; x_wconf 62' lang='grc' dir='ltr'>οἷαος</span> <span class='ocrx_word' id='word_1_525' title='bbox 477 4009 586 4076; x_wconf 77' lang='grc' dir='ltr'>γὰρ</span> <span class='ocrx_word' id='word_1_526' title='bbox 639 4011 1004 4081; x_wconf 77' lang='grc' dir='ltr'>φαιδροτέραν</span> <span class='ocrx_word' id='word_1_527' title='bbox 1043 4014 1144 4081; x_wconf 70' lang='grc' dir='ltr'>τὴν</span> <span class='ocrx_word' id='word_1_528' title='bbox 1188 4011 1407 4081; x_wconf 79' lang='grc' dir='ltr'>ἡμέραν</span> <span class='ocrx_word' id='word_1_529' title='bbox 1454 4011 1855 4079; x_wconf 78' lang='grc' dir='ltr'>ἀπεργάζεται.</span> 
     </span>
    </p>
   </div>
   <div class='ocr_carea' id='block_1_71' title="bbox 259 4100 1856 4174">
    <p class='ocr_par' dir='ltr' id='par_1_71' title="bbox 259 4100 1856 4174">
     <span class='ocr_line' id='line_1_71' title="bbox 259 4100 1856 4174; baseline 0.001 -21"><span class='ocrx_word' id='word_1_530' title='bbox 259 4104 364 4154; x_wconf 77' lang='grc' dir='ltr'>Δια</span> <span class='ocrx_word' id='word_1_531' title='bbox 409 4100 572 4154; x_wconf 83' lang='grc' dir='ltr'>τοῦτο</span> <span class='ocrx_word' id='word_1_532' title='bbox 620 4103 712 4156; x_wconf 77' lang='grc' dir='ltr'><strong>καὶ</strong></span> <span class='ocrx_word' id='word_1_533' title='bbox 764 4105 829 4174; x_wconf 79' lang='grc' dir='ltr'>τῇ</span> <span class='ocrx_word' id='word_1_534' title='bbox 889 4104 1122 4174; x_wconf 83' lang='grc' dir='ltr'>τετάρτῃ</span> <span class='ocrx_word' id='word_1_535' title='bbox 1179 4103 1340 4156; x_wconf 84' lang='grc' dir='ltr'>αὑτὸν</span> <span class='ocrx_word' id='word_1_536' title='bbox 1397 4103 1856 4174; x_wconf 76' lang='grc' dir='ltr'>ἐδημιούργησεν,</span> 
     </span>
    </p>
   </div>
   <div class='ocr_carea' id='block_1_72' title="bbox 260 4194 1855 4268">
    <p class='ocr_par' dir='ltr' id='par_1_72' title="bbox 260 4194 1855 4268">
     <span class='ocr_line' id='line_1_72' title="bbox 260 4194 1855 4268; baseline 0.004 -24"><span class='ocrx_word' id='word_1_537' title='bbox 260 4194 351 4246; x_wconf 76' lang='grc' dir='ltr'>ἵνα</span> <span class='ocrx_word' id='word_1_538' title='bbox 380 4195 462 4263; x_wconf 78' lang='grc' dir='ltr'>μὴ</span> <span class='ocrx_word' id='word_1_539' title='bbox 484 4195 714 4266; x_wconf 73' lang='grc' dir='ltr'>νομίσῃς</span> <span class='ocrx_word' id='word_1_540' title='bbox 753 4196 946 4248; x_wconf 72' lang='grc' dir='ltr'>τοῦτον</span> <span class='ocrx_word' id='word_1_541' title='bbox 975 4197 1238 4267; x_wconf 82' lang='grc' dir='ltr'>συνιστᾷν</span> <span class='ocrx_word' id='word_1_542' title='bbox 1271 4197 1368 4266; x_wconf 80' lang='grc' dir='ltr'><strong>τὴν</strong></span> <span class='ocrx_word' id='word_1_543' title='bbox 1414 4198 1654 4268; x_wconf 74' lang='grc' dir='ltr'>ἡμέραν.</span> <span class='ocrx_word' id='word_1_544' title='bbox 1703 4196 1855 4263; x_wconf 82' lang='grc' dir='ltr'>Ἐγέ·</span> 
     </span>
    </p>
   </div>
   <div class='ocr_carea' id='block_1_73' title="bbox 260 4287 1858 4361">
    <p class='ocr_par' dir='ltr' id='par_1_73' title="bbox 260 4287 1858 4361">
     <span class='ocr_line' id='line_1_73' title="bbox 260 4287 1858 4361; baseline 0.001 -21"><span class='ocrx_word' id='word_1_545' title='bbox 260 4305 419 4340; x_wconf 84' lang='grc' dir='ltr'>νοντο</span> <span class='ocrx_word' id='word_1_546' title='bbox 481 4288 580 4354; x_wconf 78' lang='grc' dir='ltr'><strong>μὲν</strong></span> <span class='ocrx_word' id='word_1_547' title='bbox 638 4290 744 4357; x_wconf 75' lang='grc' dir='ltr'>γὰρ</span> <span class='ocrx_word' id='word_1_548' title='bbox 799 4291 949 4358; x_wconf 80' lang='grc' dir='ltr'>τρεῖς</span> <span class='ocrx_word' id='word_1_549' title='bbox 996 4287 1218 4358; x_wconf 76' lang='grc' dir='ltr'>ἡμέραι,</span> <span class='ocrx_word' id='word_1_550' title='bbox 1252 4289 1306 4340; x_wconf 75' lang='grc' dir='ltr'>αἱ</span> <span class='ocrx_word' id='word_1_551' title='bbox 1355 4292 1462 4361; x_wconf 65' lang='grc' dir='ltr'>πρὸ</span> <span class='ocrx_word' id='word_1_552' title='bbox 1511 4290 1612 4358; x_wconf 72' lang='grc' dir='ltr'>τῆς</span> <span class='ocrx_word' id='word_1_553' title='bbox 1669 4288 1858 4341; x_wconf 83' lang='grc' dir='ltr'>τούτου</span> 
     </span>
    </p>
   </div>
   <div class='ocr_carea' id='block_1_74' title="bbox 260 4379 1915 4450">
    <p class='ocr_par' dir='ltr' id='par_1_74' title="bbox 260 4379 1915 4450">
     <span class='ocr_line' id='line_1_74' title="bbox 260 4379 1915 4450; baseline 0.001 -17"><span class='ocrx_word' id='word_1_554' title='bbox 260 4379 651 4450; x_wconf 76' lang='grc' dir='ltr'>δημιουργίας,</span> <span class='ocrx_word' id='word_1_555' title='bbox 682 4379 954 4450; x_wconf 74' lang='grc' dir='ltr'>ἐϐουλήθη</span> <span class='ocrx_word' id='word_1_556' title='bbox 977 4381 1034 4432; x_wconf 81' lang='grc' dir='ltr'>δὲ</span> <span class='ocrx_word' id='word_1_557' title='bbox 1063 4384 1089 4434; x_wconf 88' lang='grc' dir='ltr'>ὁ</span> <span class='ocrx_word' id='word_1_558' title='bbox 1126 4383 1404 4450; x_wconf 77' lang='grc' dir='ltr'>Δεσπότης</span> <span class='ocrx_word' id='word_1_559' title='bbox 1432 4381 1524 4434; x_wconf 77' lang='grc' dir='ltr'><strong>καὶ</strong></span> <span class='ocrx_word' id='word_1_560' title='bbox 1550 4381 1637 4434; x_wconf 80' lang='grc' dir='ltr'><strong>διὰ</strong></span> <span class='ocrx_word' id='word_1_561' title='bbox 1667 4381 1858 4434; x_wconf 88' lang='grc' dir='ltr'>τούτου</span> <span class='ocrx_word' id='word_1_562' title='bbox 1907 4407 1915 4416; x_wconf 70' lang='lat'><strong>~-</strong></span> 
     </span>
    </p>
   </div>
   <div class='ocr_carea' id='block_1_75' title="bbox 262 4471 1853 4544">
    <p class='ocr_par' dir='ltr' id='par_1_75' title="bbox 262 4471 1853 4544">
     <span class='ocr_line' id='line_1_75' title="bbox 262 4471 1853 4544; baseline 0.002 -21"><span class='ocrx_word' id='word_1_563' title='bbox 262 4473 628 4540; x_wconf 75' lang='grc' dir='ltr'>φαιδρότερον</span> <span class='ocrx_word' id='word_1_564' title='bbox 687 4471 748 4524; x_wconf 82' lang='grc' dir='ltr'><strong>τὸ</strong></span> <span class='ocrx_word' id='word_1_565' title='bbox 806 4473 920 4540; x_wconf 82' lang='grc' dir='ltr'>φῶς</span> <span class='ocrx_word' id='word_1_566' title='bbox 977 4473 1073 4541; x_wconf 76' lang='grc' dir='ltr'>τῆς</span> <span class='ocrx_word' id='word_1_567' title='bbox 1129 4474 1342 4544; x_wconf 78' lang='grc' dir='ltr'>ἡμέρας</span> <span class='ocrx_word' id='word_1_568' title='bbox 1399 4474 1765 4544; x_wconf 68' lang='grc' dir='ltr'>ἐργάσασθαι.</span> <span class='ocrx_word' id='word_1_569' title='bbox 1833 4493 1853 4526; x_wconf 70' lang='grc' dir='ltr'><strong>ι</strong></span> 
     </span>
    </p>
   </div>
   <div class='ocr_carea' id='block_1_76' title="bbox 266 4564 1859 4635">
    <p class='ocr_par' dir='ltr' id='par_1_76' title="bbox 266 4564 1859 4635">
     <span class='ocr_line' id='line_1_76' title="bbox 266 4564 1859 4635; baseline 0.001 -18"><span class='ocrx_word' id='word_1_570' title='bbox 266 4564 540 4634; x_wconf 79' lang='grc' dir='ltr'>Ιιρόσεχε,</span> <span class='ocrx_word' id='word_1_571' title='bbox 569 4565 844 4634; x_wconf 81' lang='grc' dir='ltr'>ἁγαπητέ.</span> <span class='ocrx_word' id='word_1_572' title='bbox 875 4566 1035 4617; x_wconf 65' lang='grc' dir='ltr'>Δοκεῖ</span> <span class='ocrx_word' id='word_1_573' title='bbox 1081 4565 1190 4635; x_wconf 85' lang='grc' dir='ltr'>γὰρ</span> <span class='ocrx_word' id='word_1_574' title='bbox 1231 4565 1467 4618; x_wconf 73' lang='grc' dir='ltr'>ενταῦθα</span> <span class='ocrx_word' id='word_1_575' title='bbox 1508 4568 1535 4618; x_wconf 79' lang='grc' dir='ltr'>ὁ</span> <span class='ocrx_word' id='word_1_576' title='bbox 1583 4566 1859 4628; x_wconf 77' lang='grc' dir='ltr'>θειότατος</span> 
     </span>
    </p>
   </div>
   <div class='ocr_carea' id='block_1_77' title="bbox 1962 3362 3546 3432">
    <p class='ocr_par' dir='ltr' id='par_1_77' title="bbox 1962 3362 3546 3432">
     <span class='ocr_line' id='line_1_77' title="bbox 1962 3362 3546 3432; baseline -0.006 -9"><span class='ocrx_word' id='word_1_577' title='bbox 1962 3367 2278 3432; x_wconf 87' lang='lat' dir='ltr'><strong>collocavit,</strong></span> <span class='ocrx_word' id='word_1_578' title='bbox 2313 3377 2372 3420; x_wconf 91' lang='lat' dir='ltr'><strong>ut</strong></span> <span class='ocrx_word' id='word_1_579' title='bbox 2402 3377 2604 3419; x_wconf 89' lang='lat' dir='ltr'><strong>terram</strong></span> <span class='ocrx_word' id='word_1_580' title='bbox 2637 3379 2734 3417; x_wconf 84' lang='lat' dir='ltr'><strong>sua</strong></span> <span class='ocrx_word' id='word_1_581' title='bbox 2767 3363 2890 3417; x_wconf 92' lang='lat' dir='ltr'><strong>luce</strong></span> <span class='ocrx_word' id='word_1_582' title='bbox 2926 3363 3320 3417; x_wconf 87' lang='lat' dir='ltr'><strong>eollustrarent</strong></span> <span class='ocrx_word' id='word_1_583' title='bbox 3370 3362 3546 3432; x_wconf 75' lang='lat' dir='ltr'><strong>Chry-</strong></span> 
     </span>
    </p>
   </div>
   <div class='ocr_carea' id='block_1_78' title="bbox 1963 3455 3547 3523">
    <p class='ocr_par' dir='ltr' id='par_1_78' title="bbox 1963 3455 3547 3523">
     <span class='ocr_line' id='line_1_78' title="bbox 1963 3455 3547 3523; baseline -0.003 -8"><span class='ocrx_word' id='word_1_584' title='bbox 1963 3470 2246 3515; x_wconf 89' lang='lat' dir='ltr'><strong>sostomus</strong></span> <span class='ocrx_word' id='word_1_585' title='bbox 2276 3468 2487 3523; x_wconf 89' lang='lat' dir='ltr'><strong>autem,</strong></span> <span class='ocrx_word' id='word_1_586' title='bbox 2528 3457 2615 3510; x_wconf 85' lang='lat' dir='ltr'><strong>vir</strong></span> <span class='ocrx_word' id='word_1_587' title='bbox 2646 3457 2788 3510; x_wconf 85' lang='lat' dir='ltr'><strong>haud</strong></span> <span class='ocrx_word' id='word_1_588' title='bbox 2821 3456 2986 3510; x_wconf 87' lang='lat' dir='ltr'><strong>dubie</strong></span> <span class='ocrx_word' id='word_1_589' title='bbox 3037 3456 3284 3520; x_wconf 89' lang='lat' dir='ltr'><strong>divinus,</strong></span> <span class='ocrx_word' id='word_1_590' title='bbox 3334 3455 3388 3508; x_wconf 91' lang='lat' dir='ltr'><strong>in</strong></span> <span class='ocrx_word' id='word_1_591' title='bbox 3419 3471 3547 3510; x_wconf 80' lang='lat' dir='ltr'><strong>ora-</strong></span> 
     </span>
    </p>
   </div>
   <div class='ocr_carea' id='block_1_79' title="bbox 1963 3548 3545 3619">
    <p class='ocr_par' dir='ltr' id='par_1_79' title="bbox 1963 3548 3545 3619">
     <span class='ocr_line' id='line_1_79' title="bbox 1963 3548 3545 3619; baseline -0.003 -14"><span class='ocrx_word' id='word_1_592' title='bbox 1963 3549 2112 3606; x_wconf 91' lang='lat' dir='ltr'><strong>tione</strong></span> <span class='ocrx_word' id='word_1_593' title='bbox 2136 3551 2204 3605; x_wconf 91' lang='lat' dir='ltr'><strong>de</strong></span> <span class='ocrx_word' id='word_1_594' title='bbox 2233 3568 2322 3606; x_wconf 82' lang='lat' dir='ltr'><strong>sex</strong></span> <span class='ocrx_word' id='word_1_595' title='bbox 2353 3551 2568 3604; x_wconf 87' lang='lat' dir='ltr'><strong>dierum</strong></span> <span class='ocrx_word' id='word_1_596' title='bbox 2599 3550 2860 3618; x_wconf 79' lang='lat' dir='ltr'><strong>Operibus</strong></span> <span class='ocrx_word' id='word_1_597' title='bbox 2879 3550 3094 3619; x_wconf 84' lang='lat' dir='ltr'><strong>quinta,</strong></span> <span class='ocrx_word' id='word_1_598' title='bbox 3127 3550 3205 3603; x_wconf 88' lang='lat' dir='ltr'><strong>sic</strong></span> <span class='ocrx_word' id='word_1_599' title='bbox 3226 3548 3292 3601; x_wconf 90' lang='lat' dir='ltr'><strong>ad</strong></span> <span class='ocrx_word' id='word_1_600' title='bbox 3313 3550 3545 3603; x_wconf 86' lang='lat' dir='ltr'><strong>verbum</strong></span> 
     </span>
    </p>
   </div>
   <div class='ocr_carea' id='block_1_80' title="bbox 1963 3640 3546 3710">
    <p class='ocr_par' dir='ltr' id='par_1_80' title="bbox 1963 3640 3546 3710">
     <span class='ocr_line' id='line_1_80' title="bbox 1963 3640 3546 3710; baseline -0.001 -13"><span class='ocrx_word' id='word_1_601' title='bbox 1963 3643 2066 3698; x_wconf 90' lang='lat' dir='ltr'><strong>hac</strong></span> <span class='ocrx_word' id='word_1_602' title='bbox 2123 3643 2187 3696; x_wconf 84' lang='lat' dir='ltr'><strong>de</strong></span> <span class='ocrx_word' id='word_1_603' title='bbox 2239 3659 2298 3696; x_wconf 87' lang='lat' dir='ltr'><strong>re</strong></span> <span class='ocrx_word' id='word_1_604' title='bbox 2347 3642 2652 3696; x_wconf 86' lang='lat' dir='ltr'><strong>disseruit:</strong></span> <span class='ocrx_word' id='word_1_605' title='bbox 2700 3642 2865 3696; x_wconf 77' lang='lat' dir='ltr'><strong>Vides</strong></span> <span class='ocrx_word' id='word_1_606' title='bbox 2912 3641 3240 3710; x_wconf 74' lang='lat' dir='ltr'><strong>sapientiam</strong></span> <span class='ocrx_word' id='word_1_607' title='bbox 3285 3640 3546 3707; x_wconf 87' lang='lat' dir='ltr'><strong>Opilicis;</strong></span> 
     </span>
    </p>
   </div>
   <div class='ocr_carea' id='block_1_81' title="bbox 1961 3735 3550 3798">
    <p class='ocr_par' dir='ltr' id='par_1_81' title="bbox 1961 3735 3550 3798">
     <span class='ocr_line' id='line_1_81' title="bbox 1961 3735 3550 3798; baseline 0.001 -9"><span class='ocrx_word' id='word_1_608' title='bbox 1961 3736 2156 3790; x_wconf 87' lang='lat' dir='ltr'><strong>saltem</strong></span> <span class='ocrx_word' id='word_1_609' title='bbox 2186 3736 2414 3790; x_wconf 86' lang='lat' dir='ltr'><strong>verbum</strong></span> <span class='ocrx_word' id='word_1_610' title='bbox 2452 3736 2702 3790; x_wconf 80' lang='lat' dir='ltr'><strong>elocutus</strong></span> <span class='ocrx_word' id='word_1_611' title='bbox 2741 3744 2844 3798; x_wconf 85' lang='lat' dir='ltr'><strong>est,</strong></span> <span class='ocrx_word' id='word_1_612' title='bbox 2896 3744 2952 3789; x_wconf 89' lang='lat' dir='ltr'><strong>et</strong></span> <span class='ocrx_word' id='word_1_613' title='bbox 3000 3736 3382 3789; x_wconf 88' lang='lat' dir='ltr'><strong>admirandum</strong></span> <span class='ocrx_word' id='word_1_614' title='bbox 3443 3735 3550 3790; x_wconf 90' lang='lat' dir='ltr'><strong>hoc</strong></span> 
     </span>
    </p>
   </div>
   <div class='ocr_carea' id='block_1_82' title="bbox 1962 3826 3542 3895">
    <p class='ocr_par' dir='ltr' id='par_1_82' title="bbox 1962 3826 3542 3895">
     <span class='ocr_line' id='line_1_82' title="bbox 1962 3826 3542 3895; baseline -0.003 -11"><span class='ocrx_word' id='word_1_615' title='bbox 1962 3835 2322 3893; x_wconf 84' lang='lat' dir='ltr'><strong>elementum,</strong></span> <span class='ocrx_word' id='word_1_616' title='bbox 2352 3827 2607 3880; x_wconf 87' lang='lat' dir='ltr'><strong>videlicet</strong></span> <span class='ocrx_word' id='word_1_617' title='bbox 2641 3827 2744 3892; x_wconf 94' lang='lat' dir='ltr'><strong>sol,</strong></span> <span class='ocrx_word' id='word_1_618' title='bbox 2780 3827 2834 3879; x_wconf 92' lang='lat' dir='ltr'><strong>in</strong></span> <span class='ocrx_word' id='word_1_619' title='bbox 2864 3835 3046 3879; x_wconf 88' lang='lat' dir='ltr'><strong>ortum</strong></span> <span class='ocrx_word' id='word_1_620' title='bbox 3078 3827 3383 3895; x_wconf 87' lang='lat' dir='ltr'><strong>productus</strong></span> <span class='ocrx_word' id='word_1_621' title='bbox 3417 3826 3542 3882; x_wconf 79' lang='lat' dir='ltr'><strong>fuit.</strong></span> 
     </span>
    </p>
   </div>
   <div class='ocr_carea' id='block_1_83' title="bbox 1962 3908 3550 3985">
    <p class='ocr_par' dir='ltr' id='par_1_83' title="bbox 1962 3908 3550 3985">
     <span class='ocr_line' id='line_1_83' title="bbox 1962 3908 3550 3985; baseline -0.003 -11"><span class='ocrx_word' id='word_1_622' title='bbox 1962 3919 2102 3974; x_wconf 83' lang='lat' dir='ltr'><strong>Nam</strong></span> <span class='ocrx_word' id='word_1_623' title='bbox 2136 3919 2288 3972; x_wconf 90' lang='lat' dir='ltr'><strong>illum</strong></span> <span class='ocrx_word' id='word_1_624' title='bbox 2324 3918 2499 3971; x_wconf 74' lang='lat' dir='ltr'><strong>Moses</strong></span> <span class='ocrx_word' id='word_1_625' title='bbox 2547 3915 2826 3970; x_wconf 89' lang='lat' dir='ltr'><strong>luminare</strong></span> <span class='ocrx_word' id='word_1_626' title='bbox 2879 3931 3133 3985; x_wconf 83' lang='lat' dir='ltr'><strong>magnum</strong></span> <span class='ocrx_word' id='word_1_627' title='bbox 3184 3908 3441 3984; x_wconf 72' lang='lat' dir='ltr'><strong>appellat,</strong></span> <span class='ocrx_word' id='word_1_628' title='bbox 3491 3925 3550 3970; x_wconf 86' lang='lat' dir='ltr'><strong>et</strong></span> 
     </span>
    </p>
   </div>
   <div class='ocr_carea' id='block_1_84' title="bbox 1966 4007 3545 4077">
    <p class='ocr_par' dir='ltr' id='par_1_84' title="bbox 1966 4007 3545 4077">
     <span class='ocr_line' id='line_1_84' title="bbox 1966 4007 3545 4077; baseline -0.003 -10"><span class='ocrx_word' id='word_1_629' title='bbox 1966 4013 2034 4067; x_wconf 90' lang='lat' dir='ltr'><strong>ad</strong></span> <span class='ocrx_word' id='word_1_630' title='bbox 2089 4012 2200 4066; x_wconf 82' lang='lat' dir='ltr'><strong>diei</strong></span> <span class='ocrx_word' id='word_1_631' title='bbox 2247 4011 2684 4064; x_wconf 87' lang='lat' dir='ltr'><strong>moderationem</strong></span> <span class='ocrx_word' id='word_1_632' title='bbox 2738 4009 2941 4062; x_wconf 79' lang='lat' dir='ltr'><strong>factum</strong></span> <span class='ocrx_word' id='word_1_633' title='bbox 2993 4007 3091 4062; x_wconf 90' lang='lat' dir='ltr'><strong>ait.</strong></span> <span class='ocrx_word' id='word_1_634' title='bbox 3153 4007 3366 4077; x_wconf 84' lang='lat' dir='ltr'><strong>Quippe</strong></span> <span class='ocrx_word' id='word_1_635' title='bbox 3399 4009 3545 4063; x_wconf 90' lang='lat' dir='ltr'><strong>diem</strong></span> 
     </span>
    </p>
   </div>
   <div class='ocr_carea' id='block_1_85' title="bbox 1965 4100 3552 4174">
    <p class='ocr_par' dir='ltr' id='par_1_85' title="bbox 1965 4100 3552 4174">
     <span class='ocr_line' id='line_1_85' title="bbox 1965 4100 3552 4174; baseline -0.001 -16"><span class='ocrx_word' id='word_1_636' title='bbox 1965 4107 2010 4159; x_wconf 93' lang='lat' dir='ltr'><strong>is</strong></span> <span class='ocrx_word' id='word_1_637' title='bbox 2041 4103 2412 4174; x_wconf 78' lang='lat' dir='ltr'><strong>pulchriorem</strong></span> <span class='ocrx_word' id='word_1_638' title='bbox 2448 4112 2503 4157; x_wconf 93' lang='lat' dir='ltr'><strong>et</strong></span> <span class='ocrx_word' id='word_1_639' title='bbox 2528 4101 2917 4172; x_wconf 73' lang='lat' dir='ltr'><strong>iucundiorem</strong></span> <span class='ocrx_word' id='word_1_640' title='bbox 2949 4100 3110 4155; x_wconf 89' lang='lat' dir='ltr'><strong>nobis</strong></span> <span class='ocrx_word' id='word_1_641' title='bbox 3160 4100 3350 4155; x_wconf 79' lang='lat' dir='ltr'><strong>efﬁcit.</strong></span> <span class='ocrx_word' id='word_1_642' title='bbox 3417 4101 3552 4167; x_wconf 66' lang='lat' dir='ltr'><strong>Qua:</strong></span> 
     </span>
    </p>
   </div>
   <div class='ocr_carea' id='block_1_86' title="bbox 1964 4191 3548 4267">
    <p class='ocr_par' dir='ltr' id='par_1_86' title="bbox 1964 4191 3548 4267">
     <span class='ocr_line' id='line_1_86' title="bbox 1964 4191 3548 4267; baseline -0.001 -20"><span class='ocrx_word' id='word_1_643' title='bbox 1964 4195 2081 4264; x_wconf 89' lang='lat' dir='ltr'><strong>ipsa</strong></span> <span class='ocrx_word' id='word_1_644' title='bbox 2113 4208 2278 4248; x_wconf 89' lang='lat' dir='ltr'><strong>causa</strong></span> <span class='ocrx_word' id='word_1_645' title='bbox 2334 4202 2417 4246; x_wconf 89' lang='lat' dir='ltr'><strong>est</strong></span> <span class='ocrx_word' id='word_1_646' title='bbox 2451 4191 2814 4261; x_wconf 89' lang='lat' dir='ltr'><strong>quamobrem</strong></span> <span class='ocrx_word' id='word_1_647' title='bbox 2857 4192 3171 4267; x_wconf 88' lang='lat' dir='ltr'><strong>Deus_eum</strong></span> <span class='ocrx_word' id='word_1_648' title='bbox 3215 4192 3303 4246; x_wconf 90' lang='lat' dir='ltr'><strong>die</strong></span> <span class='ocrx_word' id='word_1_649' title='bbox 3349 4202 3548 4261; x_wconf 82' lang='lat' dir='ltr'><strong>quarto</strong></span> 
     </span>
    </p>
   </div>
   <div class='ocr_carea' id='block_1_87' title="bbox 1967 4283 3549 4351">
    <p class='ocr_par' dir='ltr' id='par_1_87' title="bbox 1967 4283 3549 4351">
     <span class='ocr_line' id='line_1_87' title="bbox 1967 4283 3549 4351; baseline -0.001 -11"><span class='ocrx_word' id='word_1_650' title='bbox 1967 4286 2302 4351; x_wconf 90' lang='lat' dir='ltr'><strong>condiderit,</strong></span> <span class='ocrx_word' id='word_1_651' title='bbox 2336 4301 2405 4340; x_wconf 91' lang='lat' dir='ltr'><strong>ne</strong></span> <span class='ocrx_word' id='word_1_652' title='bbox 2437 4285 2651 4339; x_wconf 89' lang='lat' dir='ltr'><strong>scilicet</strong></span> <span class='ocrx_word' id='word_1_653' title='bbox 2684 4285 3031 4339; x_wconf 77' lang='lat' dir='ltr'><strong>existimares</strong></span> <span class='ocrx_word' id='word_1_654' title='bbox 3071 4285 3240 4338; x_wconf 89' lang='lat' dir='ltr'><strong>solem</strong></span> <span class='ocrx_word' id='word_1_655' title='bbox 3301 4283 3411 4339; x_wconf 91' lang='lat' dir='ltr'><strong>diei</strong></span> <span class='ocrx_word' id='word_1_656' title='bbox 3449 4302 3549 4339; x_wconf 90' lang='lat' dir='ltr'><strong>au-</strong></span> 
     </span>
    </p>
   </div>
   <div class='ocr_carea' id='block_1_88' title="bbox 1964 4378 3549 4433">
    <p class='ocr_par' dir='ltr' id='par_1_88' title="bbox 1964 4378 3549 4433">
     <span class='ocr_line' id='line_1_88' title="bbox 1964 4378 3549 4433; baseline 0 -1"><span class='ocrx_word' id='word_1_657' title='bbox 1964 4388 2170 4433; x_wconf 90' lang='lat' dir='ltr'><strong>ctorem</strong></span> <span class='ocrx_word' id='word_1_658' title='bbox 2200 4393 2344 4433; x_wconf 89' lang='lat' dir='ltr'><strong>esse.</strong></span> <span class='ocrx_word' id='word_1_659' title='bbox 2377 4379 2499 4432; x_wconf 91' lang='lat' dir='ltr'><strong>Toti</strong></span> <span class='ocrx_word' id='word_1_660' title='bbox 2527 4378 2788 4432; x_wconf 87' lang='lat' dir='ltr'><strong>nimirum</strong></span> <span class='ocrx_word' id='word_1_661' title='bbox 2817 4378 2934 4432; x_wconf 88' lang='lat' dir='ltr'><strong>dies</strong></span> <span class='ocrx_word' id='word_1_662' title='bbox 2971 4387 3081 4431; x_wconf 90' lang='lat' dir='ltr'><strong>tres</strong></span> <span class='ocrx_word' id='word_1_663' title='bbox 3099 4378 3434 4431; x_wconf 86' lang='lat' dir='ltr'><strong>creationem</strong></span> <span class='ocrx_word' id='word_1_664' title='bbox 3460 4394 3549 4432; x_wconf 87' lang='lat' dir='ltr'><strong>so-</strong></span> 
     </span>
    </p>
   </div>
   <div class='ocr_carea' id='block_1_89' title="bbox 1963 4468 3547 4538">
    <p class='ocr_par' dir='ltr' id='par_1_89' title="bbox 1963 4468 3547 4538">
     <span class='ocr_line' id='line_1_89' title="bbox 1963 4468 3547 4538; baseline -0.003 -13"><span class='ocrx_word' id='word_1_665' title='bbox 1963 4471 2035 4526; x_wconf 90' lang='lat' dir='ltr'><strong>lis</strong></span> <span class='ocrx_word' id='word_1_666' title='bbox 2065 4479 2504 4526; x_wconf 88' lang='lat' dir='ltr'><strong>autecesscrunt.</strong></span> <span class='ocrx_word' id='word_1_667' title='bbox 2537 4470 2692 4529; x_wconf 91' lang='lat' dir='ltr'><strong>.ldeo</strong></span> <span class='ocrx_word' id='word_1_668' title='bbox 2724 4468 2946 4538; x_wconf 89' lang='lat' dir='ltr'><strong>putabis</strong></span> <span class='ocrx_word' id='word_1_669' title='bbox 2977 4468 3217 4523; x_wconf 84' lang='lat' dir='ltr'><strong>voluisse</strong></span> <span class='ocrx_word' id='word_1_670' title='bbox 3244 4468 3416 4522; x_wconf 89' lang='lat' dir='ltr'><strong>Deum</strong></span> <span class='ocrx_word' id='word_1_671' title='bbox 3448 4484 3547 4538; x_wconf 92' lang='lat' dir='ltr'><strong>per</strong></span> 
     </span>
    </p>
   </div>
   <div class='ocr_carea' id='block_1_90' title="bbox 1965 4547 3544 4632">
    <p class='ocr_par' dir='ltr' id='par_1_90' title="bbox 1965 4547 3544 4632">
     <span class='ocr_line' id='line_1_90' title="bbox 1965 4547 3544 4632; baseline -0.002 -15"><span class='ocrx_word' id='word_1_672' title='bbox 1965 4563 2071 4618; x_wconf 88' lang='lat' dir='ltr'><strong>hoc</strong></span> <span class='ocrx_word' id='word_1_673' title='bbox 2100 4547 2438 4632; x_wconf 76' lang='lat' dir='ltr'><strong>eleinentum</strong></span> <span class='ocrx_word' id='word_1_674' title='bbox 2469 4561 2578 4617; x_wconf 92' lang='lat' dir='ltr'><strong>diei</strong></span> <span class='ocrx_word' id='word_1_675' title='bbox 2618 4562 2800 4615; x_wconf 87' lang='lat' dir='ltr'><strong>lucem</strong></span> <span class='ocrx_word' id='word_1_676' title='bbox 2843 4561 3124 4630; x_wconf 83' lang='lat' dir='ltr'><strong>aliquanto</strong></span> <span class='ocrx_word' id='word_1_677' title='bbox 3162 4561 3544 4632; x_wconf 73' lang='lat' dir='ltr'><strong>iucundiorem</strong></span> 
     </span>
    </p>
   </div>
   <div class='ocr_carea' id='block_1_91' title="bbox 276 4651 1853 4729">
    <p class='ocr_par' dir='ltr' id='par_1_91' title="bbox 276 4654 1852 4729">
     <span class='ocr_line' id='line_1_91' title="bbox 276 4654 1852 4729; baseline 0.003 -21"><span class='ocrx_word' id='word_1_678' title='bbox 276 4655 535 4724; x_wconf 68' lang='grc' dir='ltr'>Ἰωάννης</span> <span class='ocrx_word' id='word_1_679' title='bbox 565 4656 692 4709; x_wconf 83' lang='grc' dir='ltr'>ἄλλο</span> <span class='ocrx_word' id='word_1_680' title='bbox 715 4659 895 4724; x_wconf 81' lang='grc' dir='ltr'>λέγειν</span> <span class='ocrx_word' id='word_1_681' title='bbox 916 4654 1065 4710; x_wconf 83' lang='grc' dir='ltr'>εἶναι</span> <span class='ocrx_word' id='word_1_682' title='bbox 1093 4659 1207 4726; x_wconf 79' lang='grc' dir='ltr'>φῶς</span> <span class='ocrx_word' id='word_1_683' title='bbox 1236 4659 1295 4710; x_wconf 81' lang='grc' dir='ltr'><strong>τὸ</strong></span> <span class='ocrx_word' id='word_1_684' title='bbox 1329 4665 1470 4712; x_wconf 77' lang='grc' dir='ltr'>κατα</span> <span class='ocrx_word' id='word_1_685' title='bbox 1497 4658 1596 4729; x_wconf 79' lang='grc' dir='ltr'><strong>τὴν</strong></span> <span class='ocrx_word' id='word_1_686' title='bbox 1627 4659 1852 4729; x_wconf 78' lang='grc' dir='ltr'>πρώτην</span> 
     </span>
    </p>
   </div>
   <div class='ocr_carea' id='block_1_92' title="bbox 1962 4651 3542 4729">
    <p class='ocr_par' dir='ltr' id='par_1_92' title="bbox 1962 4653 3542 4722">
     <span class='ocr_line' id='line_1_92' title="bbox 1962 4653 3542 4722; baseline -0.003 -11"><span class='ocrx_word' id='word_1_687' title='bbox 1962 4657 2124 4712; x_wconf 87' lang='lat' dir='ltr'><strong>nobis</strong></span> <span class='ocrx_word' id='word_1_688' title='bbox 2150 4657 2404 4711; x_wconf 90' lang='lat' dir='ltr'><strong>reddere.</strong></span> <span class='ocrx_word' id='word_1_689' title='bbox 2473 4653 2687 4722; x_wconf 87' lang='lat' dir='ltr'><strong>Quibus</strong></span> <span class='ocrx_word' id='word_1_690' title='bbox 2749 4653 2804 4707; x_wconf 90' lang='lat' dir='ltr'><strong>in</strong></span> <span class='ocrx_word' id='word_1_691' title='bbox 2858 4653 3044 4706; x_wconf 90' lang='lat' dir='ltr'><strong>verbis</strong></span> <span class='ocrx_word' id='word_1_692' title='bbox 3093 4653 3542 4706; x_wconf 79' lang='lat' dir='ltr'><strong>animadvertere</strong></span> 
     </span>
    </p>
   </div>
   <div class='ocr_carea' id='block_1_93' title="bbox 265 4747 1859 4825">
    <p class='ocr_par' dir='ltr' id='par_1_93' title="bbox 265 4747 1859 4825">
     <span class='ocr_line' id='line_1_93' title="bbox 265 4747 1859 4825; baseline 0.004 -27"><span class='ocrx_word' id='word_1_693' title='bbox 265 4747 486 4817; x_wconf 78' lang='grc' dir='ltr'>ἡμέραν</span> <span class='ocrx_word' id='word_1_694' title='bbox 516 4749 818 4820; x_wconf 78' lang='grc' dir='ltr'>παραχθὲν,</span> <span class='ocrx_word' id='word_1_695' title='bbox 850 4752 943 4802; x_wconf 79' lang='grc' dir='ltr'><strong>καὶ</strong></span> <span class='ocrx_word' id='word_1_696' title='bbox 975 4749 1161 4821; x_wconf 73' lang='grc' dir='ltr'>ἕτερον</span> <span class='ocrx_word' id='word_1_697' title='bbox 1193 4752 1254 4804; x_wconf 86' lang='grc' dir='ltr'><strong>τὸ</strong></span> <span class='ocrx_word' id='word_1_698' title='bbox 1276 4755 1416 4806; x_wconf 64' lang='grc' dir='ltr'>κατὰ</span> <span class='ocrx_word' id='word_1_699' title='bbox 1442 4754 1539 4824; x_wconf 81' lang='grc' dir='ltr'><strong>τὴν</strong></span> <span class='ocrx_word' id='word_1_700' title='bbox 1570 4755 1859 4825; x_wconf 81' lang='grc' dir='ltr'>τετάρτην,</span> 
     </span>
    </p>
   </div>
   <div class='ocr_carea' id='block_1_94' title="bbox 265 4839 1859 4916">
    <p class='ocr_par' dir='ltr' id='par_1_94' title="bbox 265 4839 1859 4916">
     <span class='ocr_line' id='line_1_94' title="bbox 265 4839 1859 4916; baseline 0.005 -24"><span class='ocrx_word' id='word_1_701' title='bbox 265 4839 452 4909; x_wconf 81' lang='grc' dir='ltr'>πολλῷ</span> <span class='ocrx_word' id='word_1_702' title='bbox 490 4839 586 4892; x_wconf 82' lang='grc' dir='ltr'><strong>τοῦ</strong></span> <span class='ocrx_word' id='word_1_703' title='bbox 618 4843 890 4912; x_wconf 76' lang='grc' dir='ltr'>προτέρου</span> <span class='ocrx_word' id='word_1_704' title='bbox 945 4843 1357 4914; x_wconf 78' lang='grc' dir='ltr'>λαμπρότερον.</span> <span class='ocrx_word' id='word_1_705' title='bbox 1409 4845 1549 4898; x_wconf 82' lang='grc' dir='ltr'>Ἀλλ’</span> <span class='ocrx_word' id='word_1_706' title='bbox 1600 4848 1628 4899; x_wconf 87' lang='grc' dir='ltr'><strong><em>ὁ</em></strong></span> <span class='ocrx_word' id='word_1_707' title='bbox 1683 4847 1859 4916; x_wconf 81' lang='grc' dir='ltr'>μέγας</span> 
     </span>
    </p>
   </div>
   <div class='ocr_carea' id='block_1_95' title="bbox 269 4933 1857 5011">
    <p class='ocr_par' dir='ltr' id='par_1_95' title="bbox 269 4933 1857 5011">
     <span class='ocr_line' id='line_1_95' title="bbox 269 4933 1857 5011; baseline 0.003 -23"><span class='ocrx_word' id='word_1_708' title='bbox 269 4933 556 4996; x_wconf 78' lang='grc' dir='ltr'>Βασίλειος</span> <span class='ocrx_word' id='word_1_709' title='bbox 588 4935 645 4986; x_wconf 80' lang='grc' dir='ltr'>ὲν</span> <span class='ocrx_word' id='word_1_710' title='bbox 695 4935 774 5004; x_wconf 84' lang='grc' dir='ltr'><strong>τῷ</strong></span> <span class='ocrx_word' id='word_1_711' title='bbox 806 4939 935 5005; x_wconf 73' lang='grc' dir='ltr'>περὶ</span> <span class='ocrx_word' id='word_1_712' title='bbox 962 4939 1265 5009; x_wconf 74' lang='grc' dir='ltr'>φωστήρων</span> <span class='ocrx_word' id='word_1_713' title='bbox 1299 4939 1444 5009; x_wconf 79' lang='grc' dir='ltr'>ἕκτῳ</span> <span class='ocrx_word' id='word_1_714' title='bbox 1491 4941 1635 5011; x_wconf 73' lang='grc' dir='ltr'>λόγῳ</span> <span class='ocrx_word' id='word_1_715' title='bbox 1668 4942 1857 5007; x_wconf 75' lang='grc' dir='ltr'>αὑτοῦ,</span> 
     </span>
    </p>
   </div>
   <div class='ocr_carea' id='block_1_96' title="bbox 271 5026 1860 5102">
    <p class='ocr_par' dir='ltr' id='par_1_96' title="bbox 271 5026 1860 5102">
     <span class='ocr_line' id='line_1_96' title="bbox 271 5026 1860 5102; baseline 0.004 -22"><span class='ocrx_word' id='word_1_716' title='bbox 271 5028 360 5080; x_wconf 83' lang='grc' dir='ltr'>ἶνα</span> <span class='ocrx_word' id='word_1_717' title='bbox 395 5027 472 5098; x_wconf 80' lang='grc' dir='ltr'>μὴ</span> <span class='ocrx_word' id='word_1_718' title='bbox 503 5026 650 5096; x_wconf 83' lang='grc' dir='ltr'>λέγω</span> <span class='ocrx_word' id='word_1_719' title='bbox 675 5031 801 5092; x_wconf 76' lang='grc' dir='ltr'>τοὺς</span> <span class='ocrx_word' id='word_1_720' title='bbox 835 5029 1028 5094; x_wconf 80' lang='grc' dir='ltr'>ἄλλους</span> <span class='ocrx_word' id='word_1_721' title='bbox 1063 5032 1244 5095; x_wconf 79' lang='grc' dir='ltr'>ὁσίους</span> <span class='ocrx_word' id='word_1_722' title='bbox 1284 5032 1557 5102; x_wconf 84' lang='grc' dir='ltr'>Πατέρας,</span> <span class='ocrx_word' id='word_1_723' title='bbox 1591 5035 1860 5100; x_wconf 68' lang='grc' dir='ltr'>σαφέστε-</span> 
     </span>
    </p>
   </div>
   <div class='ocr_carea' id='block_1_97' title="bbox 272 5121 1859 5204">
    <p class='ocr_par' dir='ltr' id='par_1_97' title="bbox 272 5121 1859 5204">
     <span class='ocr_line' id='line_1_97' title="bbox 272 5121 1859 5204; baseline 0.004 -32"><span class='ocrx_word' id='word_1_724' title='bbox 272 5137 367 5190; x_wconf 79' lang='grc' dir='ltr'><strong>ρον</strong></span> <span class='ocrx_word' id='word_1_725' title='bbox 384 5121 478 5204; x_wconf 73' lang='grc' dir='ltr'><strong>τὸν</strong></span> <span class='ocrx_word' id='word_1_726' title='bbox 507 5123 636 5192; x_wconf 76' lang='grc' dir='ltr'>περὶ</span> <span class='ocrx_word' id='word_1_727' title='bbox 666 5121 853 5175; x_wconf 82' lang='grc' dir='ltr'>τούτου</span> <span class='ocrx_word' id='word_1_728' title='bbox 883 5123 1039 5191; x_wconf 83' lang='grc' dir='ltr'>λόγον</span> <span class='ocrx_word' id='word_1_729' title='bbox 1068 5127 1232 5189; x_wconf 86' lang='grc' dir='ltr'>ποιεῖ,</span> <span class='ocrx_word' id='word_1_730' title='bbox 1257 5125 1347 5177; x_wconf 87' lang='grc' dir='ltr'><strong>καί</strong></span> <span class='ocrx_word' id='word_1_731' title='bbox 1388 5142 1552 5195; x_wconf 74' lang='grc' dir='ltr'>φησιν</span> <span class='ocrx_word' id='word_1_732' title='bbox 1574 5140 1588 5154; x_wconf 77' lang='grc'><strong>⁸</strong></span> <span class='ocrx_word' id='word_1_733' title='bbox 1629 5145 1647 5177; x_wconf 74' lang='grc' dir='ltr'><strong>ι</strong></span> <span class='ocrx_word' id='word_1_734' title='bbox 1671 5126 1731 5177; x_wconf 74' lang='lat' dir='ltr'><strong>Ei</strong></span> <span class='ocrx_word' id='word_1_735' title='bbox 1765 5130 1859 5178; x_wconf 81' lang='grc' dir='ltr'><strong>καὶ</strong></span> 
     </span>
    </p>
   </div>
   <div class='ocr_carea' id='block_1_98' title="bbox 270 5213 1855 5287">
    <p class='ocr_par' dir='ltr' id='par_1_98' title="bbox 270 5213 1855 5287">
     <span class='ocr_line' id='line_1_98' title="bbox 270 5213 1855 5287; baseline 0.003 -24"><span class='ocrx_word' id='word_1_736' title='bbox 270 5213 594 5283; x_wconf 75' lang='grc' dir='ltr'>προελήφθη</span> <span class='ocrx_word' id='word_1_737' title='bbox 624 5213 722 5266; x_wconf 84' lang='grc' dir='ltr'><strong>τοῦ</strong></span> <span class='ocrx_word' id='word_1_738' title='bbox 765 5216 944 5282; x_wconf 83' lang='grc' dir='ltr'>φωτὸς</span> <span class='ocrx_word' id='word_1_739' title='bbox 975 5216 1008 5284; x_wconf 85' lang='grc' dir='ltr'>ἡ</span> <span class='ocrx_word' id='word_1_740' title='bbox 1039 5216 1276 5282; x_wconf 82' lang='grc' dir='ltr'>γένεσις,</span> <span class='ocrx_word' id='word_1_741' title='bbox 1303 5218 1418 5278; x_wconf 77' lang='grc' dir='ltr'><strong>πῶς</strong></span> <span class='ocrx_word' id='word_1_742' title='bbox 1451 5221 1478 5269; x_wconf 81' lang='grc' dir='ltr'>ὁ</span> <span class='ocrx_word' id='word_1_743' title='bbox 1509 5217 1662 5287; x_wconf 80' lang='grc' dir='ltr'>ἣλιος</span> <span class='ocrx_word' id='word_1_744' title='bbox 1694 5217 1855 5270; x_wconf 74' lang='grc' dir='ltr'>πάλιν</span> 
     </span>
    </p>
   </div>
   <div class='ocr_carea' id='block_1_99' title="bbox 272 5305 1856 5380">
    <p class='ocr_par' dir='ltr' id='par_1_99' title="bbox 272 5305 1856 5380">
     <span class='ocr_line' id='line_1_99' title="bbox 272 5305 1856 5380; baseline 0.004 -25"><span class='ocrx_word' id='word_1_745' title='bbox 272 5305 353 5366; x_wconf 77' lang='grc' dir='ltr'>εἰς</span> <span class='ocrx_word' id='word_1_746' title='bbox 395 5305 597 5374; x_wconf 80' lang='grc' dir='ltr'>φαῦσιν</span> <span class='ocrx_word' id='word_1_747' title='bbox 636 5306 856 5374; x_wconf 77' lang='grc' dir='ltr'>λέγεται</span> <span class='ocrx_word' id='word_1_748' title='bbox 898 5310 1231 5376; x_wconf 82' lang='grc' dir='ltr'>γεγονέναι;</span> <span class='ocrx_word' id='word_1_749' title='bbox 1272 5309 1405 5362; x_wconf 76' lang='grc' dir='ltr'>Τότε</span> <span class='ocrx_word' id='word_1_750' title='bbox 1445 5311 1542 5378; x_wconf 81' lang='grc' dir='ltr'><strong>μὲν</strong></span> <span class='ocrx_word' id='word_1_751' title='bbox 1573 5305 1684 5380; x_wconf 41' lang='grc' dir='ltr'>,οὖν</span> <span class='ocrx_word' id='word_1_752' title='bbox 1717 5309 1856 5380; x_wconf 84' lang='grc' dir='ltr'>αὑτὴ</span> 
     </span>
    </p>
   </div>
   <div class='ocr_carea' id='block_1_100' title="bbox 273 5395 1854 5472">
    <p class='ocr_par' dir='ltr' id='par_1_100' title="bbox 273 5395 1854 5472">
     <span class='ocr_line' id='line_1_100' title="bbox 273 5395 1854 5472; baseline 0.003 -24"><span class='ocrx_word' id='word_1_753' title='bbox 273 5395 368 5450; x_wconf 83' lang='grc' dir='ltr'>τοῦ</span> <span class='ocrx_word' id='word_1_754' title='bbox 421 5398 602 5467; x_wconf 77' lang='grc' dir='ltr'>φωτὸς</span> <span class='ocrx_word' id='word_1_755' title='bbox 650 5400 686 5469; x_wconf 79' lang='grc' dir='ltr'><strong>ἡ</strong></span> <span class='ocrx_word' id='word_1_756' title='bbox 731 5399 896 5466; x_wconf 82' lang='grc' dir='ltr'>φύσις</span> <span class='ocrx_word' id='word_1_757' title='bbox 947 5401 1234 5472; x_wconf 78' lang='grc' dir='ltr'>παρήχθη,</span> <span class='ocrx_word' id='word_1_758' title='bbox 1266 5401 1358 5454; x_wconf 82' lang='grc' dir='ltr'>νῦν</span> <span class='ocrx_word' id='word_1_759' title='bbox 1397 5401 1453 5454; x_wconf 80' lang='grc' dir='ltr'>δὲ</span> <span class='ocrx_word' id='word_1_760' title='bbox 1510 5403 1570 5455; x_wconf 88' lang='grc' dir='ltr'>τὸ</span> <span class='ocrx_word' id='word_1_761' title='bbox 1629 5402 1854 5472; x_wconf 71' lang='grc' dir='ltr'>ἡλιακὸν</span> 
     </span>
    </p>
   </div>
   <div class='ocr_carea' id='block_1_101' title="bbox 348 5548 768 5614">
    <p class='ocr_par' dir='ltr' id='par_1_101' title="bbox 348 5548 768 5614">
     <span class='ocr_line' id='line_1_101' title="bbox 348 5548 768 5614; baseline -0.005 -11"><span class='ocrx_word' id='word_1_762' title='bbox 348 5548 388 5579; x_wconf 85' lang='grc'><strong>¹⁹</strong></span> <span class='ocrx_word' id='word_1_763' title='bbox 417 5548 552 5603; x_wconf 86' lang='lat' dir='ltr'><strong>Gen.</strong></span> <span class='ocrx_word' id='word_1_764' title='bbox 590 5565 648 5614; x_wconf 85' lang='grc' dir='ltr'><strong>η,</strong></span> <span class='ocrx_word' id='word_1_765' title='bbox 681 5548 768 5603; x_wconf 79' lang='grc'><strong>10.</strong></span> 
     </span>
    </p>
   </div>
   <div class='ocr_carea' id='block_1_102' title="bbox 1964 4745 3545 4808">
    <p class='ocr_par' dir='ltr' id='par_1_102' title="bbox 1964 4745 3545 4808">
     <span class='ocr_line' id='line_1_102' title="bbox 1964 4745 3545 4808; baseline -0.005 0"><span class='ocrx_word' id='word_1_766' title='bbox 1964 4763 2015 4808; x_wconf 89' lang='lat' dir='ltr'><strong>te</strong></span> <span class='ocrx_word' id='word_1_767' title='bbox 2051 4750 2171 4806; x_wconf 87' lang='lat' dir='ltr'><strong>volo</strong></span> <span class='ocrx_word' id='word_1_768' title='bbox 2203 4751 2380 4804; x_wconf 86' lang='lat' dir='ltr'><strong>videri</strong></span> <span class='ocrx_word' id='word_1_769' title='bbox 2414 4748 2682 4804; x_wconf 82' lang='lat' dir='ltr'><strong>Joannem</strong></span> <span class='ocrx_word' id='word_1_770' title='bbox 2716 4749 2863 4801; x_wconf 90' lang='lat' dir='ltr'><strong>hunc</strong></span> <span class='ocrx_word' id='word_1_771' title='bbox 2885 4755 3135 4800; x_wconf 89' lang='lat' dir='ltr'><strong>nostrum</strong></span> <span class='ocrx_word' id='word_1_772' title='bbox 3167 4746 3330 4799; x_wconf 82' lang='lat' dir='ltr'><strong>aliam</strong></span> <span class='ocrx_word' id='word_1_773' title='bbox 3358 4745 3545 4800; x_wconf 85' lang='lat' dir='ltr'><strong>dicere</strong></span> 
     </span>
    </p>
   </div>
   <div class='ocr_carea' id='block_1_103' title="bbox 1932 4840 3546 4914">
    <p class='ocr_par' dir='ltr' id='par_1_103' title="bbox 1932 4840 3546 4914">
     <span class='ocr_line' id='line_1_103' title="bbox 1932 4840 3546 4914; baseline -0.003 -15"><span class='ocrx_word' id='word_1_774' title='bbox 1932 4846 2166 4909; x_wconf 78' lang='lat' dir='ltr'><strong>lucem,</strong></span> <span class='ocrx_word' id='word_1_775' title='bbox 2235 4859 2359 4914; x_wconf 64' lang='lat' dir='ltr'><strong>qua:</strong></span> <span class='ocrx_word' id='word_1_776' title='bbox 2415 4841 2504 4896; x_wconf 85' lang='lat' dir='ltr'><strong>die</strong></span> <span class='ocrx_word' id='word_1_777' title='bbox 2571 4843 2750 4912; x_wconf 89' lang='lat' dir='ltr'><strong>primo</strong></span> <span class='ocrx_word' id='word_1_778' title='bbox 2779 4840 2947 4896; x_wconf 81' lang='lat' dir='ltr'><strong>fuerit</strong></span> <span class='ocrx_word' id='word_1_779' title='bbox 2981 4840 3224 4906; x_wconf 88' lang='lat' dir='ltr'><strong>condita,</strong></span> <span class='ocrx_word' id='word_1_780' title='bbox 3281 4849 3337 4895; x_wconf 94' lang='lat' dir='ltr'><strong>et</strong></span> <span class='ocrx_word' id='word_1_781' title='bbox 3381 4841 3546 4895; x_wconf 84' lang='lat' dir='ltr'><strong>aliam</strong></span> 
     </span>
    </p>
   </div>
   <div class='ocr_carea' id='block_1_104' title="bbox 1962 4923 3549 5008">
    <p class='ocr_par' dir='ltr' id='par_1_104' title="bbox 1962 4923 3549 5008">
     <span class='ocr_line' id='line_1_104' title="bbox 1962 4923 3549 5008; baseline -0.003 -17"><span class='ocrx_word' id='word_1_782' title='bbox 1962 4954 2085 5008; x_wconf 69' lang='lat' dir='ltr'><strong>quae</strong></span> <span class='ocrx_word' id='word_1_783' title='bbox 2114 4940 2206 4991; x_wconf 90' lang='lat' dir='ltr'><strong>die</strong></span> <span class='ocrx_word' id='word_1_784' title='bbox 2238 4943 2459 5006; x_wconf 88' lang='lat' dir='ltr'><strong>quarto,</strong></span> <span class='ocrx_word' id='word_1_785' title='bbox 2493 4935 2652 5004; x_wconf 78' lang='lat' dir='ltr'><strong>longe</strong></span> <span class='ocrx_word' id='word_1_786' title='bbox 2690 4936 2863 5005; x_wconf 91' lang='lat' dir='ltr'><strong>priori</strong></span> <span class='ocrx_word' id='word_1_787' title='bbox 2898 4935 3363 5006; x_wconf 90' lang='lat' dir='ltr'><strong>splendidiorem.</strong></span> <span class='ocrx_word' id='word_1_788' title='bbox 3395 4923 3549 4988; x_wconf 73' lang='grc' dir='ltr'><strong>1]οεὶ-</strong></span> 
     </span>
    </p>
   </div>
   <div class='ocr_carea' id='block_1_105' title="bbox 1970 5027 3551 5100">
    <p class='ocr_par' dir='ltr' id='par_1_105' title="bbox 1970 5027 3551 5100">
     <span class='ocr_line' id='line_1_105' title="bbox 1970 5027 3551 5100; baseline -0.003 -14"><span class='ocrx_word' id='word_1_789' title='bbox 1970 5033 2082 5087; x_wconf 90' lang='lat' dir='ltr'><strong>lius</strong></span> <span class='ocrx_word' id='word_1_790' title='bbox 2107 5041 2294 5085; x_wconf 89' lang='lat' dir='ltr'><strong>autem</strong></span> <span class='ocrx_word' id='word_1_791' title='bbox 2325 5045 2579 5100; x_wconf 81' lang='lat' dir='ltr'><strong>magnus,</strong></span> <span class='ocrx_word' id='word_1_792' title='bbox 2617 5029 2672 5082; x_wconf 91' lang='lat' dir='ltr'><strong>in</strong></span> <span class='ocrx_word' id='word_1_793' title='bbox 2705 5030 2956 5083; x_wconf 90' lang='lat' dir='ltr'><strong>oratione</strong></span> <span class='ocrx_word' id='word_1_794' title='bbox 2986 5037 3138 5083; x_wconf 77' lang='lat' dir='ltr'><strong>sexta</strong></span> <span class='ocrx_word' id='word_1_795' title='bbox 3171 5027 3238 5092; x_wconf 84' lang='lat' dir='ltr'><strong>de</strong></span> <span class='ocrx_word' id='word_1_796' title='bbox 3264 5027 3551 5081; x_wconf 90' lang='lat' dir='ltr'><strong>luminari-</strong></span> 
     </span>
    </p>
   </div>
   <div class='ocr_carea' id='block_1_106' title="bbox 1967 5122 3546 5192">
    <p class='ocr_par' dir='ltr' id='par_1_106' title="bbox 1967 5122 3546 5192">
     <span class='ocr_line' id='line_1_106' title="bbox 1967 5122 3546 5192; baseline -0.004 -12"><span class='ocrx_word' id='word_1_797' title='bbox 1967 5127 2090 5191; x_wconf 90' lang='lat' dir='ltr'><strong>bus,</strong></span> <span class='ocrx_word' id='word_1_798' title='bbox 2120 5141 2187 5178; x_wconf 90' lang='lat' dir='ltr'><strong>ne</strong></span> <span class='ocrx_word' id='word_1_799' title='bbox 2214 5125 2456 5192; x_wconf 86' lang='lat' dir='ltr'><strong>reliquos</strong></span> <span class='ocrx_word' id='word_1_800' title='bbox 2474 5122 2852 5177; x_wconf 88' lang='lat' dir='ltr'><strong>sanctissimos</strong></span> <span class='ocrx_word' id='word_1_801' title='bbox 2877 5122 3066 5176; x_wconf 75' lang='lat' dir='ltr'><strong>Patres</strong></span> <span class='ocrx_word' id='word_1_802' title='bbox 3091 5135 3546 5182; x_wconf 85' lang='lat' dir='ltr'><strong>commemorem,</strong></span> 
     </span>
    </p>
   </div>
   <div class='ocr_carea' id='block_1_107' title="bbox 1966 5214 3544 5283">
    <p class='ocr_par' dir='ltr' id='par_1_107' title="bbox 1966 5214 3544 5283">
     <span class='ocr_line' id='line_1_107' title="bbox 1966 5214 3544 5283; baseline -0.004 -9"><span class='ocrx_word' id='word_1_803' title='bbox 1966 5217 2268 5274; x_wconf 87' lang='lat' dir='ltr'><strong>dilucidius</strong></span> <span class='ocrx_word' id='word_1_804' title='bbox 2302 5217 2404 5270; x_wconf 92' lang='lat' dir='ltr'><strong>hac</strong></span> <span class='ocrx_word' id='word_1_805' title='bbox 2443 5217 2510 5270; x_wconf 88' lang='lat' dir='ltr'><strong>de</strong></span> <span class='ocrx_word' id='word_1_806' title='bbox 2541 5233 2598 5270; x_wconf 90' lang='lat' dir='ltr'><strong>re</strong></span> <span class='ocrx_word' id='word_1_807' title='bbox 2637 5216 2820 5270; x_wconf 89' lang='lat' dir='ltr'><strong>verbis</strong></span> <span class='ocrx_word' id='word_1_808' title='bbox 2856 5215 3006 5268; x_wconf 87' lang='lat' dir='ltr'><strong>hisee</strong></span> <span class='ocrx_word' id='word_1_809' title='bbox 3037 5215 3257 5268; x_wconf 76' lang='lat' dir='ltr'><strong>disserit</strong></span> <span class='ocrx_word' id='word_1_810' title='bbox 3300 5235 3313 5268; x_wconf 90' lang='lat'><strong>:</strong></span> <span class='ocrx_word' id='word_1_811' title='bbox 3347 5214 3403 5268; x_wconf 91' lang='lat' dir='ltr'><strong>Si</strong></span> <span class='ocrx_word' id='word_1_812' title='bbox 3430 5215 3544 5283; x_wconf 83' lang='lat' dir='ltr'><strong>jam</strong></span> 
     </span>
    </p>
   </div>
   <div class='ocr_carea' id='block_1_108' title="bbox 1965 5307 3542 5380">
    <p class='ocr_par' dir='ltr' id='par_1_108' title="bbox 1965 5307 3542 5380">
     <span class='ocr_line' id='line_1_108' title="bbox 1965 5307 3542 5380; baseline -0.005 -15"><span class='ocrx_word' id='word_1_813' title='bbox 1965 5322 2094 5366; x_wconf 76' lang='lat' dir='ltr'><strong>ante</strong></span> <span class='ocrx_word' id='word_1_814' title='bbox 2127 5311 2264 5365; x_wconf 90' lang='lat' dir='ltr'><strong>lucis</strong></span> <span class='ocrx_word' id='word_1_815' title='bbox 2299 5318 2456 5366; x_wconf 90' lang='lat' dir='ltr'><strong>ortus</strong></span> <span class='ocrx_word' id='word_1_816' title='bbox 2490 5319 2872 5380; x_wconf 80' lang='lat' dir='ltr'><strong>praecesserat,</strong></span> <span class='ocrx_word' id='word_1_817' title='bbox 2901 5324 3011 5376; x_wconf 91' lang='lat' dir='ltr'><strong>quo</strong></span> <span class='ocrx_word' id='word_1_818' title='bbox 3064 5318 3222 5376; x_wconf 88' lang='lat' dir='ltr'><strong>pacto</strong></span> <span class='ocrx_word' id='word_1_819' title='bbox 3275 5310 3331 5360; x_wconf 88' lang='lat' dir='ltr'><strong>lit</strong></span> <span class='ocrx_word' id='word_1_820' title='bbox 3366 5316 3426 5358; x_wconf 87' lang='lat' dir='ltr'><strong>ut</strong></span> <span class='ocrx_word' id='word_1_821' title='bbox 3459 5307 3542 5358; x_wconf 87' lang='lat' dir='ltr'><strong>sol</strong></span> 
     </span>
    </p>
   </div>
   <div class='ocr_carea' id='block_1_109' title="bbox 1965 5397 3544 5458">
    <p class='ocr_par' dir='ltr' id='par_1_109' title="bbox 1965 5397 3544 5458">
     <span class='ocr_line' id='line_1_109' title="bbox 1965 5397 3544 5458; baseline -0.003 -1"><span class='ocrx_word' id='word_1_822' title='bbox 1965 5418 2190 5458; x_wconf 88' lang='lat' dir='ltr'><strong>rursum</strong></span> <span class='ocrx_word' id='word_1_823' title='bbox 2221 5403 2438 5458; x_wconf 75' lang='lat' dir='ltr'><strong>dic.itur</strong></span> <span class='ocrx_word' id='word_1_824' title='bbox 2465 5404 2530 5456; x_wconf 88' lang='lat' dir='ltr'><strong>ad</strong></span> <span class='ocrx_word' id='word_1_825' title='bbox 2560 5401 2854 5456; x_wconf 76' lang='lat' dir='ltr'><strong>lucemlum</strong></span> <span class='ocrx_word' id='word_1_826' title='bbox 2883 5400 3056 5454; x_wconf 79' lang='lat' dir='ltr'><strong>iactus</strong></span> <span class='ocrx_word' id='word_1_827' title='bbox 3082 5401 3241 5454; x_wconf 86' lang='lat' dir='ltr'><strong>esse?</strong></span> <span class='ocrx_word' id='word_1_828' title='bbox 3273 5397 3544 5452; x_wconf 81' lang='lat' dir='ltr'><strong>Nimirum</strong></span> 
     </span>
    </p>
   </div>
   <div class='ocr_carea' id='block_1_110' title="bbox 277 5661 3631 5742">
    <p class='ocr_par' dir='ltr' id='par_1_110' title="bbox 277 5661 3631 5742">
     <span class='ocr_line' id='line_1_110' title="bbox 277 5661 3631 5742; baseline -0.002 -20"><span class='ocrx_word' id='word_1_829' title='bbox 277 5685 447 5738; x_wconf 78' lang='lat' dir='ltr'><strong>quave</strong></span> <span class='ocrx_word' id='word_1_830' title='bbox 507 5679 672 5726; x_wconf 77' lang='lat' dir='ltr'><strong>a-tate</strong></span> <span class='ocrx_word' id='word_1_831' title='bbox 741 5668 996 5724; x_wconf 84' lang='lat' dir='ltr'><strong>ﬂoruerit</strong></span> <span class='ocrx_word' id='word_1_832' title='bbox 1049 5673 1318 5729; x_wconf 79' lang='lat' dir='ltr'><strong>Patricius</strong></span> <span class='ocrx_word' id='word_1_833' title='bbox 1379 5673 1472 5728; x_wconf 89' lang='lat' dir='ltr'><strong>ille</strong></span> <span class='ocrx_word' id='word_1_834' title='bbox 1501 5671 1818 5730; x_wconf 81' lang='lat' dir='ltr'><strong>Prusaensis</strong></span> <span class='ocrx_word' id='word_1_835' title='bbox 1858 5672 2174 5742; x_wconf 89' lang='lat' dir='ltr'><strong>episcopus,</strong></span> <span class='ocrx_word' id='word_1_836' title='bbox 2209 5671 2266 5728; x_wconf 91' lang='lat' dir='ltr'><strong>S.</strong></span> <span class='ocrx_word' id='word_1_837' title='bbox 2329 5671 2506 5727; x_wconf 74' lang='lat' dir='ltr'><strong>l’ionii</strong></span> <span class='ocrx_word' id='word_1_838' title='bbox 2564 5667 2907 5724; x_wconf 86' lang='lat' dir='ltr'><strong>celeberrimi</strong></span> <span class='ocrx_word' id='word_1_839' title='bbox 2957 5663 3209 5730; x_wconf 81' lang='lat' dir='ltr'><strong>martyris</strong></span> <span class='ocrx_word' id='word_1_840' title='bbox 3265 5661 3543 5716; x_wconf 84' lang='lat' dir='ltr'><strong>eucomia-</strong></span> <span class='ocrx_word' id='word_1_841' title='bbox 3616 5696 3631 5708; x_wconf 83' lang='lat'><strong>.</strong></span> 
     </span>
    </p>
   </div>
   <div class='ocr_carea' id='block_1_111' title="bbox 281 5742 1256 5807">
    <p class='ocr_par' dir='ltr' id='par_1_111' title="bbox 281 5742 1256 5807">
     <span class='ocr_line' id='line_1_111' title="bbox 281 5742 1256 5807; baseline 0.006 -15"><span class='ocrx_word' id='word_1_842' title='bbox 281 5753 405 5807; x_wconf 84' lang='lat' dir='ltr'><strong>stes,</strong></span> <span class='ocrx_word' id='word_1_843' title='bbox 435 5758 596 5798; x_wconf 90' lang='lat' dir='ltr'><strong>nemo</strong></span> <span class='ocrx_word' id='word_1_844' title='bbox 631 5757 716 5797; x_wconf 82' lang='lat' dir='ltr'><strong>me</strong></span> <span class='ocrx_word' id='word_1_845' title='bbox 752 5742 1020 5797; x_wconf 86' lang='lat' dir='ltr'><strong>hactenus</strong></span> <span class='ocrx_word' id='word_1_846' title='bbox 1047 5744 1256 5798; x_wconf 86' lang='lat' dir='ltr'><strong>docuit.</strong></span> 
     </span>
    </p>
   </div>
   <div class='ocr_carea' id='block_1_112' title="bbox 1315 5902 1346 5916">
    <p class='ocr_par' dir='ltr' id='par_1_112' title="bbox 1315 5902 1346 5916">
     <span class='ocr_line' id='line_1_112' title="bbox 1315 5902 1346 5916; baseline 0 0"><span class='ocrx_word' id='word_1_847' title='bbox 1315 5902 1346 5916; x_wconf 66' lang='grc' dir='ltr'><em>κ</em></span> 
     </span>
    </p>
   </div>
  </div>
