3968 6228
446 301 517 365 59
1725 301 2144 365 MlCHAEle
2183 294 2442 366 σιγαε

3608 311 3692 378 60'

440 415 620 482 primo
662 408 883 480 quidem
919 408 1010 466 die
1039 409 1178 466 lucis
1203 408 1319 479 ipsa
1364 418 1557 466 natura
1610 410 1716 467 fuit
1766 416 1996 469 condita,

2113 419 2269 473 τοῦτο
2308 421 2468 484 σῶμα
2492 420 2675 491 ὄχημα
2698 415 2840 475 εἶναι
2865 421 2943 491 τῷ
2963 421 3297 494 πρωτογόνῳ
3316 424 3518 497 ἐκείνῳ
3539 431 3690 498 φωτὶι

441 519 591 559 nunc
622 518 753 559 vero
778 504 954 558 solare
985 518 1186 573 corpus
1220 504 1538 567 instruitur,
1571 514 1633 559 ut
1655 506 1804 560 illius
1822 507 2013 576 primi—

437 596 610 668 geniae
641 595 782 650 lucis
814 595 1132 649 vehiculum
1192 593 1284 649 sil.
1343 593 1816 662 Quemadmodum
1862 599 2008 653 enim

436 680 880 757 aliud.quiddam
918 696 1004 740 est.
1034 686 1180 757 ignis
1203 694 1257 740 et
1289 686 1436 741 aliud
1474 689 1734 750 lucerna,
1771 705 2006 759 quorum

437 779 527 835 ille
554 780 777 850 quidem
810 778 1031 833 luceudi
1062 779 1171 833 vim
1204 779 1388 844 habet,
1431 780 1551 835 haec
1582 796 1716 836 vero
1748 781 1889 838 facta
1922 791 2009 838 est

440 872 705 926 utlucem
755 870 916 925 nobis
943 870 1229 936 adhibeat,
1285 870 1329 924 si
1381 869 1521 925 forte
1557 872 1689 940 quid
1735 873 2004 941 agendum

465 963 527 1029 it,
565 966 644 1017 sic
677 963 787 1032 jam
837 962 1053 1033 (quarto
1089 961 1300 1016 scilicet
1323 961 1435 1033 die)
1482 962 1772 1017 luminaria
1810 979 2010 1034 parari.-

464 1072 546 1119 ur,
583 1070 703 1121 quae
737 1054 881 1125 ignis
914 1053 1062 1108 illius
1111 1053 1390 1122 purissimi
1430 1061 1487 1107 et
1525 1053 1594 1107 ab
1629 1054 1779 1111 omni
1819 1070 2003 1110 crassa

438 1148 668 1201 materie
702 1147 899 1201 secreti
930 1144 1242 1199 vehiculum
1270 1144 1398 1198 sint.
1454 1144 1601 1199 Idem
1632 1144 1870 1200 Basilius
1895 1163 2005 1209 non

437 1239 606 1292 multo
636 1246 762 1309 post
793 1238 849 1291 in
878 1237 1021 1291 hanc
1080 1235 1425 1304 sententiamI
1456 1235 1702 1304 loquitur
1728 1254 1742 1291 :
1791 1237 2002 1306 «Impe-

438 1327 601 1391 rium,
632 1328 701 1381 ait
736 1326 931 1391 Moses,
954 1325 1058 1379 diei
1082 1339 1251 1395 penes
1281 1324 1450 1380 solem
1488 1333 1628 1380 esto.
1649 1327 1717 1357 ¹³⁶
1743 1344 1764 1377 ι
1807 1326 1911 1396 19
1937 1327 2005 1381 Et

432 1432 671 1486 quonam
701 1427 856 1485 pacto
877 1416 1161 1485 imperium
1198 1414 1307 1470 diei
1337 1414 1414 1469 sol
1438 1416 1635 1470 habet?
1664 1414 1799 1483 Quia
1821 1417 2002 1471 lucem

434 1506 491 1562 in
513 1508 693 1577 seipso
724 1508 1139 1569 circumferens,
1171 1507 1575 1578 quamprimum
1598 1508 1868 1562 linitorem
1887 1509 2001 1562 cir-

433 1599 618 1654 culum
657 1598 893 1658 transiit.
931 1598 1077 1653 diem
1106 1599 1265 1652 nobis
1296 1598 1505 1668 praebet
1535 1599 1817 1668 dissipatis
1850 1606 2000 1653 tene-

432 1692 569 1747 bris.
628 1691 815 1761 Neque
845 1707 1180 1762 magnopere
1230 1691 1511 1747 aberravit
1565 1692 1657 1759 qui
1703 1707 1822 1747 esse
1849 1693 1997 1748 diem

2114 511 2582 582 παρεσκεύασται.
2626 514 2713 576 Ὠς
2749 515 2858 585 γὰρ
2913 515 3042 569 ἄλλο
3091 516 3152 569 τὸ
3201 516 3313 586 πῦρ
3353 519 3445 571 καὶ
3495 520 3623 573 ἄλλο
3651 521 3687 587 6':

2109 603 2323 673 λύχνος,
2354 603 2416 657 τὸ
2468 604 2568 672 μὲν
2613 604 2710 675 τὴν
2752 604 2846 657 τοῦ
2877 603 3134 673 φωτίζειν
3184 606 3419 675 δύναμιν
3449 607 3595 680 ἔχον,
3619 592 3688 681 τὸξ

2107 695 2165 749 δὲ
2198 697 2600 766 παρεμφαίνειν
2630 698 2741 759 τοῖς
2785 698 3062 766 δεομένοις
3105 701 3500 769 πεποιημένον,
3533 685 3688 774 οὕτωί

2108 787 2205 839 καὶ
2231 788 2308 854 τῷ
2345 787 2719 858 κχθαρωτάτῳ
2741 789 2934 858 ὲκείνῳ
2960 790 3054 841 καλ¹
3085 788 3372 859 εἰλικρινεῖ
3392 792 3488 843 καὶ
3521 791 3687 860 ὰΰλῳ,

2108 880 2248 947 φωτὶ
2274 878 2460 949 ὄχημα
2492 878 2586 931 νῦν
2624 878 2675 931 οἱ
2714 878 3005 948 φωστῆρες
3053 880 3603 951 κατεσκευάσθησαν.
3648 868 3688 934 ιἐ

2119 969 2279 1024 Ἀλλὰ
2320 974 2412 1024 καὶ
2463 971 2824 1040 παρακατιὼν
2860 970 3004 1024 οὕτω
3053 971 3190 1025 κατὰ
3220 972 3375 1042 ρἦα
3412 971 3636 1037 διέξεισι
3660 988 3675 1002 °
3767 971 3770 973 “

2113 1081 2131 1114 ι
2176 1063 2287 1117 Καὶ
2333 1046 2474 1117 εότω
2499 1067 2526 1117 6
2558 1064 2709 1132 ἥλιος
2743 1065 2821 1126 εἰς
2860 1065 3113 1127 ἐξουσίαν
3151 1065 3250 1133 τῆς
3285 1065 3522 1137 ἡμέρας.
3552 1065 3676 1130 Ιιῶς

2105 1150 2197 1205 οὖν
2240 1151 2375 1221 εχει,
2416 1171 2434 1201 ι
2482 1154 2669 1221 φησιν,
2726 1169 2746 1202 r
2782 1151 2883 1220 τὴν
2925 1150 3182 1231 ἐξουσίαν
3226 1152 3325 1221 τῆς
3380 1154 3594 1223 ἡμέρας
3647 1155 3677 1206 6

2103 1240 2284 1309 ἥλιος;
2324 1240 2446 1292 Ὅτι
2495 1238 2555 1292 τὸ
2602 1238 2719 1306 φῶς
2763 1240 2821 1292 ἐν
2864 1238 3043 1308 ἑαυτῷ
3093 1240 3426 1309 περιφέρων,
3453 1242 3675 1296 ἐπειδάν

2105 1348 2236 1385 ποτε
2283 1333 2376 1383 τὸν
2425 1331 2677 1401 ὁρίζοντα
2719 1330 2992 1401 ὑπεράρῃ.
3023 1332 3240 1401 ἡμέραν
3288 1333 3520 1403 παρέχει
3553 1334 3672 1386 δια-

2101 1422 2360 1487 λύσας“τδ
2391 1425 2601 1486 σκότος,
2633 1422 2775 1476 ὥστε
2824 1424 2924 1476 οὐκ
2972 1424 3039 1478 ἄν
3071 1439 3158 1486 τις
3204 1423 3428 1497 ἁμάρτῃ
3456 1427 3670 1495 ἡμέραν

2101 1516 2427 1586 ὁρισάμενος
2473 1510 2613 1569 εἶναι
2664 1516 2757 1570 τὸν
2791 1515 2897 1569 ὑπὸ
2934 1516 3028 1569 τοῦ
3061 1517 3212 1586 ἡλίου
3260 1520 3671 1586 πεφωτισμένον

2102 1605 2261 1676 ἀέρα.
2308 1624 2327 1658 ι
2361 1604 2557 1674 Σαφῶς
2611 1605 2711 1675 μὲν
2756 1604 2852 1659 οὖν
2900 1603 3137 1659 ἐνταῦθα
3186 1608 3216 1660 6
3265 1608 3436 1675 μέγας
3468 1605 3670 1671 ἔδειξεν

2101 1694 2182 1748 ὅτι
2223 1694 2499 1763 φωτοδόχα
2555 1694 2718 1764 μόνον
2767 1694 2988 1761 ἀγγεῖα,
3025 1693 3101 1763 μὴ
3142 1693 3326 1761 μέντοι
3358 1710 3422 1761 γε
3466 1693 3531 1763 δὴ
3575 1695 3671 1747 καλ⁸

433 1784 663 1839 deiiniet
693 1799 721 1837 a
757 1784 873 1839 sole
903 1784 1289 1839 collustratum
1325 1799 1472 1839 aera.
1507 1783 1716 1851 Quibus
1741 1785 1793 1838 in
1821 1786 1996 1842 verbis

2105 1785 2220 1855 φῶς
2271 1786 2414 1838 κατὰ
2452 1786 2552 1855 τὴν
2595 1785 2868 1856 τετάρτην
2910 1784 3149 1855 ἡμέραν.
3201 1784 3572 1854 Παρήχθησαν
3614 1783 3668 1835 δὲ

430 1876 667 1930 eximius
715 1876 806 1930 hic
852 1877 940 1931 vir
1000 1885 1087 1931 sat
1137 1877 1286 1931 clare
1327 1876 1569 1931 ostendit
1594 1891 1722 1947 vasa
1748 1880 1997 1946 quaedam

432 1971 701 2041 quasique
734 1969 1080 2040 receptacula
1123 1971 1285 2033 meis,
1332 1984 1440 2022 non
1474 1968 1648 2024 lucem
1684 1969 1772 2022 die
1801 1976 1997 2037 quarto

430 2076 555 2115 esse
586 2059 891 2115 conditam.
935 2058 1004 2112 Et
1044 2059 1264 2114 condita
1297 2067 1426 2113 sunt
1457 2058 1684 2114 Omnino
1713 2059 1830 2123 illa,
1885 2074 1996 2129 quo

430 2151 610 2205 lucem
648 2150 791 2203 illam
829 2149 1062 2218 primam
1089 2151 1401 2220 reciperent
1434 2166 1497 2205 ac
1553 2152 1613 2206 in
1660 2161 1805 2206 terra
1849 2151 1999 2207 luce-

432 2251 578 2297 rent.
634 2243 752 2297 Hoc
790 2251 975 2296 autem
1016 2240 1091 2296 ita
1141 2242 1272 2298 fecit
1316 2242 1478 2308 Deus,
1536 2243 1995 2313 quemadmodum

433 2332 815 2389 Theodoretus
854 2333 1043 2396 tradit,
1084 2343 1145 2388 ut
1189 2335 1283 2390 lux
1326 2336 1417 2390 illa
1464 2336 1790 2407 primigenia
1820 2336 1995 2392 divisa

432 2422 501 2477 in
535 2422 735 2493 exigua
774 2425 982 2493 pariter
1031 2440 1096 2479 ae
1154 2441 1349 2496 magna
1404 2426 1698 2481 luminaria
1734 2427 1994 2498 splendo-

431 2529 549 2568 rem
613 2515 952 2570 animantum
1002 2516 1179 2571 oeulis
1228 2517 1648 2587 respondentem
1693 2518 1992 2573 emitteret.

432 2604 570 2659 Nam
600 2606 808 2675 absque
841 2606 947 2660 hoc
980 2605 1208 2669 fuisset,
1256 2608 1515 2662 animalia
1559 2608 1737 2664 oculis
1765 2608 1996 2678 praedita

432 2694 578 2751 ferre
602 2695 949 2765 splendorem
983 2697 1131 2751 lueis
1181 2697 1599 2753 immoderatum
1650 2715 1759 2753 non
1788 2699 2001 2768 potuis-

432 2796 574 2840 sent.
623 2788 770 2842 ldem
810 2803 1039 2858 magnus
1063 2789 1228 2843 etiam
1261 2790 1493 2847 Basilius
1534 2790 1620 2845 his
1652 2791 1836 2846 verbis
1862 2805 1996 2846 con-

433 2875 648 2953 ﬁrmat:
676 2877 969 2932 Pulchrum
995 2880 1507 2949 sane'quiddamest.
1530 2883 1644 2951 ipse
1665 2882 1765 2944 sol,
1792 2882 1894 2936 hoc
1915 2889 1999 2937 est

434 2965 619 3019 discus
653 2966 745 3020 ille.
768 2967 1015 3035 corporis
1046 2967 1263 3033 solaris,
1316 2969 1369 3021 in
1409 2984 1518 3038 quo
1564 2962 1731 3025 veluti
1772 2972 1996 3025 lucerna

431 3054 664 3137 quadam
700 3056 1023 3126 pritnigei-ia
1072 3057 1160 3111 lux
1189 3071 1272 3112 est
1299 3060 1592 3113 collocata:
1644 3076 1833 3115 verum
1884 3076 1993 3114 non

2105 1877 2325 1940 πάντως
2368 1877 2460 1929 ἰπὶ
2493 1875 2554 1930 τδ
2596 1875 2854 1940 δέξασθαι
2888 1877 2946 1929 τὸ
2980 1876 3094 1944 φῶς
3127 1877 3303 1928 ἐκεῖνο
3329 1876 3390 1929 τὸ
3433 1877 3670 1946 πρῶτον,

2104 1970 2198 2022 καὶ
2224 1968 2434 2038 φαίνειν
2465 1968 2558 2021 ἐπὶ
2579 1967 2679 2037 τῆς
2707 1968 2830 2037 γῆς.
2858 1966 3031 2020 Τοῦτο
3057 1966 3114 2020 δὲ
3140 1967 3442 2037 πεποίηκεν
3473 1969 3498 2018 6
3516 1966 3668 2029 Θεὸς,

2103 2058 2191 2112 ἵνα
2236 2057 2662 2128 καταμερισθὲν,
2694 2056 2771 2120 ὥς
2814 2074 2952 2128 φησι¹
2978 2057 3347 2127 Θεοδώρητος,
3387 2058 3469 2118 εἰς
3511 2055 3566 2108 δέ
3605 2064 3668 2123 γι

2103 2152 2201 2206 καὶ
2229 2151 2353 2213 τοὺς
2388 2149 2618 2220 μικροὺς
2648 2148 2744 2203 καὶ
2773 2148 3044 2219 μεγάλους
3089 2149 3388 2217 φωστῆρας
3428 2146 3488 2199 τδ
3515 2163 3667 2216 πρωδ

2100 2239 2323 2308 τόγονον
2358 2239 2533 2292 ἐκεῖνο
2560 2237 2675 2306 φῶς
2705 2237 2899 2307 αἴγλην
2929 2235 3189 2305 ὲκπέμπῃ
3223 2236 3341 2296 ταῖς
3380 2233 3489 2285 τῶν
3515 2229 3667 2295 ζώων

2102 2329 2258 2397 liti/eat
2311 2329 2646 2399 σύμμετρον.
2692 2328 2754 2381 Εἰ
2810 2329 2885 2396 μὴ
2937 2326 3045 2396 γὰρ
3103 2324 3261 2377 τοῦτο
3312 2320 3400 2394 ἦν,
3455 2323 3556 2376 οὐκ
3602 2321 3667 2376 ἂν

2100 2415 2413 2486 ὀφθαλμοὺς
2436 2412 2630 2484 ἔχοντα
2658 2414 2725 2467 τὰ
2757 2414 2870 2478 ζῶα
2899 2413 2998 2481 τὴν
3029 2410 3337 2482 ὑπερϐολὴν
3372 2410 3465 2464 τοῦ
3493 2409 3668 2479 φωτὸς

2102 2507 2355 2578 ἦνεγκεν.
2404 2503 2744 2558 Ἐπιδεδαιοῖ
2767 2500 2942 2555 ταῦτα
2971 2502 3120 2553 καὶὸ
3168 2500 3341 2569 μέγας
3387 2497 3665 2560 Βασίλειος

2101 2597 2276 2666 λέγων
2304 2611 2319 2626 ο
2353 2613 2372 2647 r
2398 2594 2577 2657 Καλὸς
2616 2594 2713 2662 μὲν
2756 2594 2784 2645 6
2832 2594 3006 2663 ἥλιος,
3031 2592 3314 2645 τουτέστιν
3358 2593 3386 2643 6
3426 2589 3612 2650 δίσκος
3638 2588 3666 2639 6

2103 2689 2346 2758 ἡλιακδς,
2386 2689 2443 2740 ἐν
2493 2679 2538 2754 ᾧ
2585 2685 2775 2756 ὥσπερ
2822 2686 3000 2755 λύχνῳ
3053 2667 3271 2756 τινὶ’τὺ
3325 2681 3665 2750 πρωτόγονον

2101 2780 2280 2833 ἐκεῖνο
2309 2776 2610 2846 ὲναπετέθη
2657 2777 2793 2845 φῶς,
2834 2777 2997 2838 καλὸς
3033 2775 3087 2827 δὲ
3130 2775 3222 2827 καὶ
3266 2773 3356 2826 διὰ
3397 2770 3497 2842 τὴν
3532 2786 3666 2838 συμ-

2105 2873 2332 2945 μετρίαν
2360 2871 2522 2925 αὑτοῦ
2546 2887 2560 2902 ·
2596 2868 2720 2923 οὔτε
2745 2869 2853 2939 γὰρ
2878 2867 2969 2945 διὰ
3001 2866 3100 2938 τὴν
3128 2864 3331 2918 ἐκείνου
3362 2848 3663 2931 λεπτότητα

2103 2940 2161 3020 τὸ
2203 2940 2312 3034 πῦρ
2362 2962 2761 3034 παρεξέρχεται
2796 2940 2901 3013 καῗ
2936 2960 3269 3026 καταφλέγει
3311 2957 3511 3020 πάντα,
3540 2953 3659 3005 οὔτε

2101 3058 2190 3111 διὰ
2220 3058 2316 3127 τὴν
2340 3057 2503 3109 αὐτοῦ
2537 3055 2829 3123 παχύτητα
2853 3052 2988 3122 πρὸς
3017 3051 3164 3121 ἡμᾶς
3191 3047 3539 3119 ἀμϐλυτέραν
3561 3043 3659 3115 τὴν

432 3134 612 3201 minus
635 3144 1058 3217 pulchritudinis
1082 3160 1245 3219 atque
1266 3151 1522 3206 bonitatis
1554 3152 1607 3206 in
1620 3167 1686 3207 co
1699 3153 1865 3209 situm
1887 3162 1994 3219 est,

2101 3149 2260 3204 αὐτοῦ
2287 3148 2646 3218 παραπέμπει
2672 3146 2972 3214 ἐνέργειαν.
3009 3160 3029 3194 ι

430 3242 575 3309 quod
612 3255 780 3310 usque
830 3244 965 3295 adeo
1009 3244 1082 3297 sit.
1114 3245 1428 3300 moderatus
1460 3254 1621 3313 atque.
1687 3248 2044 3301 conveniens.
2077 3246 2211 3301 Nam
2242 3225 2418 3314 neque
2447 3250 2669 3313 propter
2729 3238 3087 3294 subtilitatem
3118 3234 3301 3289 omnia
3331 3238 3575 3301 penetrat
3609 3237 3665 3287 et

425 3334 610 3387 exurit
650 3334 801 3403 ipsus
830 3334 993 3403 ignis,
1047 3351 1224 3404 neque
1261 3346 1484 3405 propter
1534 3322 1864 3391 densitatém
1914 3335 1980 3389 ad
2026 3351 2123 3390 nos
2156 3337 2337 3390 minus
2362 3336 2635 3389 ellicacem
2670 3332 2989 3385 transmittit
3022 3330 3131 3382 vim
3161 3341 3337 3381 suam.

498 3428 767 3482 C:eterum
803 3438 928 3480 ante
961 3426 1106 3480 diem
1135 3437 1412 3494 quartum,
1436 3428 1538 3482 hoc
1559 3438 1643 3483 est
1674 3414 2011 3498 priusquam

430 3516 532 3583 ipsi
574 3516 812 3568 siderum
845 3515 981 3568 disci
1014 3526 1361 3581 crearentur,
1393 3519 1853 3585 quemadmodum
1894 3519 1994 3573 Ju-

428 3608 609 3659 stinus
645 3607 732 3660 ille
761 3606 1121 3676 philosophus
1148 3616 1202 3660 et
1225 3606 1427 3662 Christi
1460 3610 1613 3664 testis
1637 3611 1733 3673 ait,
1765 3624 1998 3666 consen-

434 3694 605 3747 tiente
637 3709 756 3748 cum
798 3694 900 3748 hoc
927 3696 1263 3764 reliquorum
1298 3697 1522 3749 Patrum
1551 3708 1721 3763 ccetu,
1750 3698 1840 3752 lux
1866 3699 1996 3751 uni-

426 3801 578 3837 versa
613 3786 809 3854 passim
837 3801 933 3854 per
969 3802 1092 3839 aera
1143 3785 1341 3842 diﬂ'usa
1393 3802 1493 3841 nec
1550 3796 1701 3841 motu
1756 3788 1991 3857 quodam

425 3877 680 3943 aequabili
712 3876 993 3931 ferebatur
1021 3893 1124 3931 nec.
1158 3877 1268 3931 dici
1300 3885 1473 3932 metas
1519 3876 1811 3931 deﬁniebat
1844 3896 1859 3931 :
1897 3880 2013 3951 sed~

426 3968 832 4038 quamprimum
856 3969 1083 4022 collecta
1120 3968 1335 4031 fuisset,
1375 3969 1700 4022 succedendi
1760 3969 1863 4024 sibi
1900 3986 1996 4040 po-

427 4070 674 4113 testatem
705 4061 850 4113 nocti
886 4060 1137 4113 faciebat.
1169 4058 1261 4113 Sic
1284 4060 1430 4113 enim
1462 4059 1684 4114 Littera:
1721 4076 1886 4116 sacra:
1913 4064 1993 4116 lo-

426 4161 678 4217 qttuntur
709 4167 723 4202 :
757 4150 953 4204 «Facto
987 4166 1214 4219 vespere
1239 4166 1302 4205 ac
1332 4167 1489 4204 mane
1508 4151 1625 4206 dies
1667 4169 1805 4208 unus
1829 4155 1995 4208 exsti-

430 4241 605 4293 ιίι²⁰.›
639 4240 845 4295 Deinde
876 4257 1007 4294 vero
1043 4244 1167 4295 etim
1201 4243 1351 4296 disco
1379 4244 1539 4298 solari
1565 4255 1843 4315 compacta
1868 4263 1995 4301 cur-

429 4347 547 4383 snm
580 4330 699 4385 diei
726 4331 1059 4386 destinatum
1086 4345 1339 4387 accurate
1374 4349 1468 4403 per
1503 4335 1680 4405 ipsum
1715 4338 1846 4391 solis
1872 4354 1993 4391 cor—

425 4436 527 4488 pttS
555 4421 808 4475 absolvit.
868 4423 1056 4493 itaque
1108 4425 1216 4494 jam
1274 4425 1352 4479 sol
1402 4425 1584 4481 oriens
1612 4428 1753 4481 diem
1804 4428 1988 4495 etlicit,

423 4514 525 4563 sub
557 4522 755 4565 terram
789 4528 918 4568 vero
942 4525 1115 4569 semet
1147 4515 1353 4569 abiens
1386 4515 1445 4569 ﬁt
1469 4532 1631 4570 causa
1664 4519 1861 4575 noctis.
1890 4520 1985 4573 Et-

2174 3428 2287 3497 Πρὸ
2317 3427 2499 3497 μέντοι
2526 3427 2626 3496 τῆς
2660 3427 2926 3492 τετάρτης
2949 3421 3181 3492 ἡμέρας,
3216 3420 3390 3489 ἤγουν
3424 3415 3531 3485 πρὸ
3568 3412 3662 3468 τοῦ

2100 3518 2568 3590 δημιουργηθῆναι
2594 3518 2718 3580 τοὺς
2748 3517 2982 3576 δίσκους,
3005 3512 3153 3566 καθά.
3177 3527 3338 3581 φησιν
3377 3509 3662 3567 Ἰουστῐνος

2102 3613 2130 3663 6
2159 3610 2444 3678 φιλόσοφος
2472 3610 2567 3662 καὶ⁵
2604 3607 2811 3677 μάρτυς
2841 3602 3109 3673 Χριστοῦ;
3135 3603 3229 3655 καὶ
3259 3602 3287 3653 6
3323 3601 3507 3659 λοιπδς
3542 3596 3657 3649 τῶν

2102 3702 2359 3770 Πατέρων
2391 3699 2707 3767 κατάλογος,
2737 3697 2855 3750 ὅλον
2883 3695 3058 3749 διόλου
3093 3693 3170 3764 τῷ
3213 3692 3334 3760 ἀέρι
3362 3703 3659 3759 περικεχυ-

2104 3793 2266 3863 μένον
2296 3782 2418 3844 οὔτε
2446 3792 2655 3862 κίνησιν
2683 3788 2890 3861 ὁμαλὴν
2911 3788 3209 3856 διέτρεχεν,
3243 3783 3367 3836 οὔτε
3395 3786 3492 3852 τῆς
3519 3782 3659 3850 ἡμέ-

2105 3903 2199 3952 ρας
2231 3886 2297 3936 τὰ
2336 3886 2507 3954 μέτρα
2545 3882 2815 3951 διώριζεν,
2845 3864 2982 3933 ἀλλὰ
3027 3877 3443 3944 συστελλόμενον
3491 3878 3662 3941 πάροι

2099 3977 2185 4030 δον
2239 3977 2407 4029 ἐδίδου
2452 3978 2518 4046 τῇ
2562 3975 2741 4027 νυκτί.
2773 3992 2793 4025 ι
2829 3975 2941 4026 Καὶ
2981 3970 3216 4039 ἐγένετο,
3264 3989 3283 4020 ι
3336 3970 3442 4034 γάρ
3474 3984 3662 4036 φησιν,

2107 4085 2124 4119 ι
2177 4068 2401 4134 ἑσπέρα,
2463 4065 2558 4117 καὶ
2614 4063 2830 4130 ἐγένετο
2878 4059 3022 4129 πρωῒ
3077 4060 3261 4129 ἡμέρα
3320 4058 3437 4127 μία.
3500 4075 3517 4107 ι
3570 4056 3662 4123 Τῷ

2099 4160 2267 4229 δίσκῳ
2299 4160 2355 4212 δὲ
2381 4158 2457 4226 τῷ
2484 4155 2695 4227 ἡλιακῷ
2744 4152 3064 4223 συναιρεθὲν
3099 4152 3324 4221 ὕστερον
3354 4151 3662 4218 ἀμέμπτως

2098 4255 2189 4306 τὸν
2213 4254 2412 4321 δρόμον
2439 4254 2539 4320 τῆς
2564 4251 2783 4319 ἡμέρας
2809 4246 2968 4317 ὡρῶν
3006 4246 3094 4299 διὰ
3119 4244 3214 4298 τοῦ
3260 4244 3510 4309 σώματος
3539 4243 3661 4292 sm-

2099 4347 2263 4408 τελεῖ,
2296 4342 2589 4397 κάντεῦθεν
2640 4339 2944 4394 ἀνατέλλων
2987 4339 3014 4391 6
3048 4338 3196 4407 ἥλιος
3246 4336 3460 4406 ἡμέραν
3494 4333 3659 4393 ποιεῖ,

2097 4437 2266 4488 δύνων
2310 4435 2364 4487 δὲ
2409 4434 2513 4485 ὑπὸ
2555 4432 2659 4501 γῆν
2697 4433 2889 4493 νυκτὸς
2937 4428 3107 4489 αἴτιος
3154 4427 3381 4494 γίνεται.
3435 4425 3501 4475 Ἦ
3550 4423 3660 4490 γὰρ

2098 4528 2193 4593 νὺξ
2223 4524 2362 4594 αὕτη
2400 4524 2552 4576 οὐδὲν
2577 4522 2705 4575 ἄλλο
2732 4521 2881 4574 ἐστὶν
2910 4519 2942 4589 ἢ
2979 4520 3220 4586 σκίασμα
3252 4517 3352 4584 γῆς
3382 4514 3474 4566 τοῦ
3503 4512 3659 4578 ἡλίου

421 4602 566 4653 enim
598 4602 743 4654 aliud
784 4603 916 4656 nihil
943 4614 1031 4657 est
1065 4620 1171 4659 nox
1203 4621 1367 4675 quam
1391 4608 1586 4662 umbra
1608 4615 1788 4674 terrm,
1826 4613 1991 4666 nimi-

2101 4580 2196 4689 τὴν
2238 4580 2362 4687 γῆν.
2388 4617 2800 4685 ὑποτρέχοντος.
2838 4580 3159 4681 Ὠνομάσθη,
3186 4608 3244 4661 δὲ
3263 4580 3274 4583 ﬁ
3291 4580 3386 4671 νὺξ
3411 4605 3568 4658 τοῦτο
3596 4604 3654 4656 τὸ

425 4706 544 4742 tum
583 4692 835 4765 sole_sub
868 4702 1066 4748 terram
1120 4697 1402 4750 occultate
1438 4696 1651 4765 iterque
1698 4712 1856 4751 suum
1898 4715 1988 4751 ur-

424 4792 605 4850 gente.
637 4761 905 4853 Et‘caligo
933 4784 1081 4839 isttee
1111 4787 1532 4855 appellationem
1561 4761 1745 4842 noctis
1775 4789 1989 4859 accepit

421 4892 489 4931 ex
518 4891 584 4930 eo
636 4880 783 4946 quod
853 4878 1132 4933 hominem
1167 4882 1529 4937 dormientem
1589 4892 1796 4954 pungat
1850 4886 1986 4953 (νὺξ

420 4970 563 5021 enim
594 4980 679 5023 est.
706 4986 737 5023 a
767 4972 1038 5042 νύττειν),
1062 4982 1383 5043 tantumque
1410 4989 1517 5027 non
1577 4974 1662 5028 his
1710 4976 1775 5028 ad
1807 4975 1985 5045 ipsum

423 5059 606 5112 verbis
639 5068 823 5114 utatur
851 5079 867 5116 :
904 5062 1089 5117 «Scire
1120 5063 1311 5128 debes,
1373 5065 1557 5129 homo,
1622 5075 1672 5120 te
1703 5067 1986 5120 mortalem

421 5164 614 5204 somno
638 5153 896 5208 servire.»
935 5157 1010 5209 Ae
1039 5155 1353 5226 bujnsmodi
1408 5159 1706 5227 quamdam
1736 5160 1989 5214 stimula-

423 5243 629 5297 tionem
661 5232 784 5301 esse
812 5260 1052 5327 necem,
1084 5249 1197 5318 ipse
1236 5249 1467 5304 Davides
1495 5253 1660 5305 etiam
1696 5254 1879 5309 verbis
1903 5253 1988 5307 his

421 5335 682 5390 indicavit
713 5354 728 5391 :
763 5340 921 5403 «Qua:
958 5339 1147 5394 dicitis
1177 5341 1229 5394 in
1263 5342 1527 5397 cordibus
1549 5345 1766 5411 vestris,
1806 5346 1859 5398 in
1888 5358 1987 5397 eu.

421 5428 624 5483 bilibus
657 5431 855 5485 vestris
914 5433 1337 5502 puugimini“.t
1401 5435 1491 5490 Sic
1517 5446 1575 5491 et
1619 5437 1821 5502 lucem,
1875 5447 1991 5490 tan-

421 5534 583 5588 quam
616 5537 731 5576 rem
764 5524 939 5577 laetam
981 5534 1146 5594 atque
1170 5536 1401 5597 gratam,
1438 5529 1655 5600 ἡμέραν
1690 5530 1926 5584 dicimus
1958 5545 1988 5583 a

490 5684 553 5717 ιο·
594 5681 732 5745 Gen.
765 5703 804 5753 ι,
842 5687 927 5743 16.
1002 5691 1198 5748 "ibid.
1229 5692 1282 5746 5.
1358 5696 1401 5725 ἰ
1425 5693 1566 5750 Psal.
1594 5711 1666 5758 ιν.
1699 5695 1752 5748 5-

2097 4712 2306 4774 σκότος,
2358 4709 2544 4778 ἐπειδὴ
2603 4706 2933 4761 καθεύδοντα
2989 4705 3171 4758 νύττει
3233 4704 3322 4755 τὶν
3368 4699 3656 4769 ἄνθρωπον

2088 4807 2184 4858 καὶ
2218 4803 2360 4856 οὕτω
2407 4802 2554 4868 λέγει
2610 4802 2894 4868 μονονουχὶ
2936 4796 3071 4865 πρὸς
3121 4796 3346 4848 αὐτὸν-ι
3398 4793 3575 4851 Μάθε,
3613 4782 3659 4843 ὦ

2088 4895 2364 4964 ἄνθρωπε,
2395 4893 2477 4944 ὅτι
2508 4890 2701 4961 Θνητὸς
2746 4888 2820 4941 ὢν
2868 4889 3021 4958 ὕπνῳ
3051 4887 3349 4948 δουλεύεις.
3383 4903 3402 4935 ι
3441 4887 3562 4937 Ὀτι
3598 4882 3657 4933 δὲ

2089 4986 2366 5055 κατανυγὴ
2417 4985 2565 5037 ἐστιν
2609 4985 2643 5055 ἡ
2694 4982 2811 5048 νὺξ,
2866 4985 2959 5034 καὶ
3004 4983 3032 5034 ό
3084 4981 3368 5050 προφήτης
3420 4977 3654 5047 ἐδήλωσε

2089 5078 2253 5131 Δαὸὶδ
2310 5077 2480 5139 οὕτως
2529 5076 2700 5128 εἰπὼν
2748 5093 2767 5127 ‹
2809 5075 2877 5129 Ἀ
2923 5075 3107 5142 λέγετε
3148 5075 3206 5127 ὲν
3241 5075 3361 5134 ταῖς
3405 5071 3658 5139 καρδίαις

2090 5169 2262 5238 ὑμῶν,
2302 5171 2394 5222 ἐπὶ
2412 5170 2531 5231 ταῖς
2584 5168 2794 5229 κοίταις
2844 5167 3000 5234 ὑμῶν
3040 5165 3401 5235 κατανύγητε.
3443 5183 3461 5215 ι
3497 5163 3654 5218 Κατὰ

2086 5261 2262 5314 ταῦτα
2310 5260 2367 5314 δὲ
2417 5263 2512 5314 καὶ
2546 5260 2607 5314 τὸ
2635 5262 2747 5329 φῶς
2792 5260 2887 5330 ἡδύ
2919 5277 2970 5313 τι
3003 5261 3097 5313 καὶ
3145 5261 3328 5331 ἱλαρὸν
3351 5260 3410 5317 ὃν
3439 5263 3655 5332 ἡμέραν

2089 5350 2369 5412 ἐκάλεσεν,
2428 5348 2519 5401 διὰ
2561 5350 2624 5401 τὸ
2676 5349 2920 5420 ἡμεροῦν
2974 5350 3042 5402 τὰ
3097 5351 3314 5417 πάντα,
3370 5336 3651 5420 (ἶλσπεροῦν

2090 5439 2184 5491 καὶ
2215 5439 2284 5491 τὰ
2333 5438 2592 5510 χειροήθη
2649 5440 2759 5492 τῶν
2817 5439 2969 5502 ζώων
3013 5440 3196 5509 ἣμερα
3238 5438 3326 5491 δια
3369 5438 3527 5492 τοῦτο
3556 5454 3653 5491 κα-

2090 5532 2331 5585 λοῦνται.
3659 5532 3664 5543 ’
