3968 6228
324 299 382 330 υ.
1510 340 1521 350 ι
1589 263 1879 320 ANaALt

1982 249 2308 341 transi.
3491 257 3558 318 (ρ

313 381 674 453 jucunditate,
702 377 1168 452 quemadmodum
1233 377 1426 433 eadem
1461 376 1527 431 de
1591 390 1752 431 causa
1795 377 2009 434 cicures
2063 378 2267 432 bestias
2325 377 2512 447 ἣμερα
2570 375 2706 438 ζῶα,
2757 375 2910 445 quasi
2973 373 3228 428 animalia
3288 383 3436 440 grata
3504 384 3560 426 et

319 476 570 531 amabilia
592 490 870 529 vocamus.

383 569 541 621 Οὕτω
578 568 676 636 μὲν
707 563 800 620 οὖν
831 564 1217 627 ἀνατέλλοντος
1247 561 1337 616 τοῦ
1375 563 1530 634 ἡλίου
1572 562 1667 616 καλ⁸
1697 561 1882 615 δύνονλ
1909 561 1962 621 Λ

318 676 424 723 τος,
459 658 520 710 τὸ
565 657 680 723 φῶς
710 656 770 720 ἐξ
811 656 1057 725 ἀνάγκης
1090 657 1184 707 καὶ
1222 654 1282 707 τὸ
1313 655 1507 715 σκότος
1553 655 1880 723 παρέπεται,

316 749 533 803 ἐναντία
566 749 666 816 μὲν
693 749 962 818 ἀλλήλοις,
993 748 1267 813 ἀναγκαῖα
1310 747 1366 798 δὲ
1412 749 1526 809 τοῖς
1567 743 1883 815 ἀνθρώποις

313 843 596 910 ἀμφότερα
622 855 638 870 ·
670 839 732 892 τὸ
764 839 863 906 μὲν
890 839 999 907 γὰρ
1028 839 1162 907 πρὸς
1195 837 1461 907 ἐργασίαν
1490 837 1738 888 συντελεῖ
1765 839 1880 899 τοῖς

307 930 405 984 ἀ.νο
419 929 624 999 ρώποις
667 927 762 980 καὶ
791 927 1138 979 ὑποδείκνυσι
1182 927 1249 978 τὰ
1281 926 1556 996 δρώμενα,
1583 925 1643 979 τὸ
1672 926 1728 978 δὲ
1763 927 1881 979 δια-

313 1021 544 1074 ναπαύει
597 1020 792 1080 αὐτοὺς
849 1020 942 1071 καὶ
984 1018 1073 1070 τὸν
1114 1019 1177 1070 ὲκ
1229 1017 1326 1088 τῆς
1372 1018 1636 1084 ἐργασίας
1677 1017 1882 1070 διαλύει

311 1114 489 1165 πόνον.
530 1111 595 1163 Ἢ
633 1112 814 1178 μέντοι
847 1109 941 1175 νὺξ
978 1109 1072 1163 καὶ
1099 1109 1239 1161 κατά
1277 1108 1438 1160 τοῦτο
1469 1108 1739 1178 χρήσιμος
1767 1111 1880 1172 τοῖς

311 1201 615 1269 ἀνθρώποις
644 1200 960 1271 εὑρίσκεται
988 1215 1002 1228 ο
1040 1200 1181 1268 μέση
1221 1199 1329 1268 γὰρ
1361 1197 1454 1252 καὶ
1478 1199 1616 1268 αὕτη
1648 1201 1879 1268 κειμένη

308 1291 417 1344 τῶν
465 1291 695 1362 ἡμερῶν
743 1288 1065 1359 μετρεῖσθαι
1115 1289 1208 1342 τὸν
1239 1290 1432 1358 χρόνον
1471 1291 1637 1342 ποιεῖ.
1669 1289 1731 1341 Εἰ
1775 1289 1882 1359 γὰρ

308 1378 586 1447 ἀδιάδοχον
642 1380 978 1450 ὲμεμενήκει
1037 1379 1099 1429 τὺ
1167 1378 1305 1446 φῶς,
1356 1379 1456 1431 οὐκ
1505 1377 1570 1431 ἂν
1620 1378 1882 1430 ἐνιαυτῶν

309 1473 756 1542 ὲμεμαθήκειμεν
799 1471 1052 1534 κύκλους,
1091 1471 1188 1541 μία
1247 1470 1304 1523 δὲ
1352 1470 1530 1536 ἔδοξεν
1583 1471 1648 1522 ἂν
1696 1471 1881 1540 ἡμέρα

309 1564 523 1625 παντως
552 1557 695 1616 εἶναι
723 1562 816 1616 τοῦ
843 1563 1112 1631 παρόντος
1142 1562 1336 1625 αίῶνος
1373 1563 1432 1615 τὸ
1458 1564 1676 1634 μέτρον.
1701 1564 1881 1632 Ὅπερ

304 1651 448 1718 ἕξειν
481 1653 575 1705 τὸν
623 1653 1076 1723 προσδοκώμενον
1125 1653 1299 1705 αἰῶνα
1353 1655 1683 1721 πιστεύομεν
1710 1668 1726 1685 ο
1769 1655 1881 1716 τοῖς

307 1747 412 1814 γὰρ
451 1745 743 1807 ἀθανάτοι-ς
796 1746 1104 1812 ίσουμένοις
1151 1744 1245 1797 καὶ
1290 1745 1595 1812 ἀδιαδόχοις
1641 1743 1882 1807 τοιοῦτος

307 1837 398 1889 καὶ
431 1839 456 1888 ό
481 1837 614 1890 αίὼν
641 1836 926 1907 ἁρμόττει.
961 1837 1085 1888 Ἐπὶ
1113 1837 1169 1888 δὲ
1214 1835 1311 1888 τοῦ
1353 1838 1622 1906 παρόντος
1652 1836 1746 1889 καὶ
1778 1836 1882 1904 μά-

304 1926 464 1980 λιστα
527 1927 636 1979 ἔδει
691 1927 761 1980 τὰ
816 1928 990 1997 μέτρα
1049 1926 1145 1979 τοῦ
1191 1927 1386 1996 χρόνου
1443 1927 1756 1994 γινώσκειν,
1793 1903 1932 1980 ἵναΙ

305 2018 651 2088 παραθέον-ια
709 2018 899 2072 τοῦτον
956 2019 1197 2088 ὁρῶντες
1259 2019 1421 2090 ἡμεῖς
1477 2019 1656 2072 αὐτῶν
1717 2021 1873 2088 ἡμῶν

305 2110 696 2180 ἐπιμελώμεθα
740 2114 835 2164 καὶ
889 2112 1025 2182 προς
1067 2110 1380 2178 ἀποδημίαν
1410 2109 1831 2181 ὲτοιμαζώμεθα
1858 2129 1873 2142 ·

303 2203 421 2255 ὅθεν
463 2205 558 2257 καὶ
605 2204 924 2273 μεσολαϐεῖν
961 2204 1059 2272 τὴν
1111 2202 1282 2256 νύκτα
1338 2203 1628 2272 πανσόφως
1673 2204 1700 2255 ὁ
1743 2204 1875 2267 Θεὸς

297 2296 603 2363 διετάξατο.

2059 556 2170 609 Hoc
2197 554 2364 624 igitur
2395 564 2553 619 pacto
2583 555 2696 607 sole
2727 563 2838 607 tum
2881 553 3094 606 oriente
3129 561 3241 604 tum
3270 554 3558 606 occidente.

1987 647 2072 701 vel
2109 647 2288 701 lucem
2325 646 2406 698 vel
2439 645 2695 697 tenebras
2721 653 2803 696 est
2831 641 2984 710 sequi
3020 656 3274 702 necesse;
3309 644 3416 710 2ο
3439 658 3559 710 quas

1987 739 2212 809 quidem
2261 753 2345 791 res
2375 737 2747 790 dine-sibimet
2805 736 3038 789 invicem
3090 735 3471 793 adversantur.
3503 731 3594 787 at'

1985 831 2158 885 ambae
2181 840 2308 884 sunt
2345 829 2660 882 hominibus
2712 827 2898 880 utiles.
2948 827 3064 879 Lux
3113 827 3259 880 enim
3308 827 3373 878 a'd
3421 843 3558 894 opus

1985 920 2306 974 faciundum
2339 921 2546 972 homini
2577 934 2732 972 usum
2767 934 2875 971 non
2908 919 3164 985 exiguum
3199 927 3438 986 prrestat,
3477 918 3558 969 ei-

1985 1013 2224 1081 demque
2261 1027 2348 1065 res
2373 1011 2476 1064 sub
2501 1021 2786 1080 aspectum
2817 1010 3079 1063 radentes
3112 1021 3508 1066 commonstrat
3540 1025 3555 1061 :

1986 1104 2226 1158 tenebrae
2257 1118 2388 1157 vero
2421 1103 2679 1156 mortales
2709 1117 2813 1168 per
2862 1101 3165 1170 requietem
3201 1101 3439 1153 vicissim
3476 1101 3559 1152 fo—

1983 1205 2132 1259 vent,
2163 1203 2598 1263 conceptamque
2623 1193 2692 1248 de
2728 1193 2918 1246 labore
2979 1194 3282 1246 molestiam
3338 1207 3556 1245 omnem

1985 1286 2276 1354 dissipant.
2307 1286 2483 1339 Etiam
2517 1285 2626 1338 alia
2686 1285 2739 1338 in
2801 1293 2956 1353 parte
2991 1293 3206 1337 noctem
3245 1284 3561 1337 hominibus
3629 1339 3636 1346 ,

1985 1378 2172 1431 utilem
2199 1392 2319 1431 esse
2351 1375 2840 1445 deprehendimus.
2905 1372 3036 1429 Nam
3087 1391 3212 1429 cum
3249 1376 3442 1429 diebus
3476 1377 3559 1428 in-

1983 1473 2207 1541 terjecta
2247 1469 2339 1534 sit,
2367 1468 2630 1537 temporis
2663 1481 2978 1521 mensuram
3025 1467 3208 1522 edicit.
3267 1469 3482 1537 Quippe
3509 1469 3556 1521 si

1982 1560 2072 1613 lux
2108 1558 2369 1614 continua
2397 1559 2535 1612 citra
2570 1557 2972 1611 successionem
3005 1557 3167 1609 ullam
3230 1555 3393 1620 foret,
3459 1574 3560 1609 an-

1983 1666 2176 1706 norum
2209 1652 2369 1705 orbes
2402 1659 2566 1719 atque
2593 1651 2979 1704 conversiones
3004 1664 3111 1703 non
3140 1649 3560 1704 animadvertis-

1983 1759 2190 1805 semus.
2228 1744 2322 1798 sed
2351 1743 2520 1797 totius
2551 1745 2650 1797 aevi
2683 1743 2903 1796 duratio
2959 1742 3080 1797 dies
3128 1743 3356 1795 omnino
3415 1758 3559 1795 unus

1983 1852 2101 1891 esse
2135 1837 2285 1890 visus
2325 1835 2536 1900 fuisset,
2568 1836 2621 1889 id
2663 1835 2808 1904 quod
2841 1821 3084 1888 futurum
3117 1835 3168 1886 in
3230 1849 3347 1887 εει-ο
3401 1834 3558 1887 dein--

1983 1945 2112 1999 ceps
2145 1928 2405 1983 secuturo
2437 1927 2734 1984 credimus.
2781 1927 2915 1979 Nam
2951 1941 3071 1979 cum
3109 1926 3162 1979 i-n
3195 1927 3456 1990 eoJuturi
3485 1924 3586 1979 si-'

1984 2036 2107 2073 mus
2133 2018 2472 2072 immortales
2508 2026 2563 2072 et
2599 2016 3045 2070 vicissitudinum
3079 2025 3350 2082 expertes,
3379 2027 3556 2068 aevum

1983 2125 2200 2179 quoque
2228 2109 2334 2162 tale
2366 2109 2527 2161 nobis
2554 2106 2868 2160 conveniet.
2906 2105 2974 2159 At
3006 2105 3059 2158 in
3106 2105 3210 2158 hoc
3238 2119 3354 2157 aevo
3386 2103 3556 2155 maxi-

1984 2218 2202 2272 mopere
2263 2201 2514 2270 cognitas
2547 2200 2706 2253 nobis
2766 2214 2887 2252 esse
2947 2199 3208 2266 temporis
3272 2213 3557 2252 mensuras

1985 2295 2292 2364 oportebat.
2329 2304 2389 2347 ut
2413 2293 2668 2347 celeriter
2699 2285 2852 2344 illud‘
2887 2291 3192 2359 pra‘terlabi
3254 2299 3547 2345 cernentes

296 2387 521 2442 solliciti
557 2388 626 2442 de
659 2387 821 2442 nobis
866 2401 1114 2441 essemus
1178 2401 1242 2441 ac
1285 2389 1513 2440 nosmet
1572 2385 1637 2438 ad
1711 2385 2054 2453 migrandum
2119 2399 2459 2454 pararemus.
2514 2385 2692 2452 Atque
2758 2382 2859 2435 hac
2911 2381 2980 2436 de
3044 2397 3209 2437 causa
3267 2399 3364 2452 per
3427 2398 3556 2450 pro-

304 2480 445 2536 fecto
479 2481 758 2551 sapienter
823 2481 997 2535 Deum
1057 2489 1247 2534 noctes
1281 2478 1478 2532 diebus
1537 2478 1878 2547 interjeeisse
1918 2477 2186 2531 videmus.

376 2575 488 2629 Καὶ
519 2573 663 2628 οὕτω
701 2574 802 2643 μὲν
830 2575 878 2626 οἱ
911 2575 1188 2643 ὑποφῆται
1247 2572 1344 2625 τοῦ
1393 2573 1711 2640 Πνεύματος
1750 2571 1880 2639 περὶ
1955 2573 1958 2576 ⁴

302 2667 397 2734 τῆς
432 2667 491 2730 ἐξ
525 2666 703 2734 ἀρχῆς
743 2663 850 2716 τῶν
894 2665 1142 2733 ἀστέρων
1176 2663 1510 2734 παραγωγῆς
1547 2663 1643 2714 καὶ
1681 2662 1881 2713 συστά-

301 2771 438 2816 σεως
495 2757 588 2805 καὶ
646 2753 904 2824 φρονοῦσι
961 2755 1056 2805 καὶ
1095 2754 1368 2821 λέγουσιν’
1411 2753 1459 2804 oi
1490 2752 1546 2804 δὲ
1578 2751 1673 2803 ἐπὶ
1702 2751 1878 2812 κενοῖς

299 2847 388 2900 ἀεὶ
421 2845 808 2916 μεταιά-ζοντες
836 2883 852 2908 ,
906 2845 954 2897 οἱ
1007 2844 1161 2911 σοφοὶ
1209 2844 1306 2918 μὲν
1355 2837 1496 2897 εἶναι
1553 2843 1875 2910 φάσκοντες,

302 2937 686 3007 μωρανθὲντες
737 2937 793 2989 δὲ
853 2937 996 2988 κατά
1031 2935 1241 2988 Παῦλον
1290 2937 1490 3001 είπετν,
1525 2935 1750 3004 μυρίαις
1783 2934 1874 2985 ἐπὶ

298 3031 507 3092 τούτοις
556 3028 736 3091 δόξαις
779 3028 1008 3090 ἑαυτοὺς
1067 3026 1448 3079 ἐκδεδώκασιν.
1504 3026 1714 3078 Αὐτίκα
1763 3027 1870 3094 γὰρ

299 3125 325 3175 ό
364 3120 737 3191 Ἀναξαγόρας
771 3119 948 3174 τοιάδε
990 3120 1118 3189 περὶ
1161 3120 1258 3189 τῆς
1287 3120 1394 3171 τῶν
1429 3119 1672 3188 ἀστέρων
1698 3119 1876 3170 ὲκενο-

2051 2569 2162 2623 lloc
2190 2571 2352 2622 modo
2407 2572 2581 2624 sancti
2615 2571 2854 2640 Spiritus
2891 2571 3148 2640 discipuli
3209 2571 3276 2625 de
3306 2571 3550 2626 siderum

1977 2665 2255 2716 creatione
2288 2673 2451 2732 atque
2470 2673 2591 2717 ortu
2613 2667 2858 2718 sentiunt
2890 2674 2944 2719 et
2976 2665 3292 2733 loquuntur.
3331 2668 3396 2719 At
3421 2681 3552 2720 vero

1977 2769 2241 2807 vanorum
2277 2757 2590 2823 dogmatum
2646 2765 2966 2822 sectatores,
3021 2758 3114 2824 qui
3168 2757 3442 2825 sapientes
3491 2773 3551 2811 se

1977 2845 2194 2914 quidem
2229 2845 2542 2912 praxlieant,
2597 2847 2691 2899 sed
2725 2847 2789 2900 de
2832 2847 2979 2900 Pauli
3017 2848 3083 2876 ²¹⁴
3106 2849 3374 2901 sententia
3421 2848 3547 2902 facti

1980 2949 2107 2992 sunt
2135 2937 2486 3004 desipientes.
2524 2946 2733 2990 tantum
2759 2955 2864 2991 non
2900 2940 3128 2992 inﬁnitis
3157 2940 3256 2994 hac
3287 2941 3339 2992 in
3379 2950 3532 3007 parte

1979 3028 2246 3084 dissident
2280 3029 2652 3098 Opinionibus.
2703 3030 2917 3083 Etenim
2965 3034 3312 3101 Anaxagoras
3346 3034 3413 3087 de
3449 3050 3543 3086 na-

1981 3130 2099 3176 tura
2137 3122 2383 3176 siderum
2417 3123 2522 3176 hoc
2552 3123 2734 3182 modo,
2766 3137 2865 3191 per
2894 3124 3136 3190 profecto
3166 3126 3388 3187 stolide,
3423 3126 3536 3177 dis-

298 3213 498 3282 λόγησε
535 3211 754 3278 φύσεως
779 3223 793 3238 ⁸
832 3209 942 3262 ἀπὸ
971 3209 1079 3276 γὰρ
1124 3211 1225 3278 τῆς
1275 3209 1370 3259 τοῦ
1425 3208 1630 3270 παντὸς
1669 3208 1874 3277 περιδι-

1982 3216 2170 3269 seruit.
2206 3215 2310 3267 Per
2334 3213 2896 3282 circumagitationem
2943 3214 3322 3269 universitatis
3360 3233 3544 3270 rerum

298 3305 509 3372 νήσεως
565 3303 771 3372 πέτρας
832 3297 985 3351 εἶπεν
1029 3299 1471 3368 ἀνασπασθῆναι,
1522 3300 1617 3351 καὶ
1649 3299 1872 3360 τούτους

299 3394 724 3464 ἑκπυρωθέντας
778 3394 873 3445 καὶ
903 3392 1014 3444 ἄνω
1050 3393 1328 3459 παγέντας
1384 3393 1622 3462 ἀστέρας
1675 3391 1876 3461 ὀνομα-

302 3486 516 3555 σθῆναι.
559 3485 640 3536 Τά
667 3483 806 3536 αὑτά
854 3484 910 3536 δὲ
959 3484 1056 3535 καὶ
1113 3485 1443 3552 Δημοκρίτῳ
1496 3484 1624 3550 περὶ
1674 3483 1868 3535 τούτου

296 3577 464 3632 δοκεῖ.
514 3575 574 3630 '0
615 3575 673 3627 δὲ
721 3575 982 3643 Διογένης
1023 3574 1423 3644 κισσηροειδείς
1456 3574 1622 3642 ἔφησε
1653 3575 1872 3636 τούτους

301 3665 464 3733 εἶναι,
495 3668 755 3729 διαπνοὰς
780 3684 934 3728 τινας
964 3664 1208 3734 ἔχοντας.
1257 3665 1421 3717 Ἀλλὰ
1450 3668 1544 3716 καὶ
1577 3667 1871 3733 ἐμπίπτειν

300 3762 377 3822 ei;
411 3762 509 3830 τὴν
554 3761 660 3828 γῆν
704 3776 858 3822 τινας
885 3759 943 3824 ἐξ
977 3759 1160 3810 αὐτῶν
1186 3758 1555 3826 ἀπομάχεται,
1591 3757 1682 3810 καλ⁵
1714 3756 1866 3809 σϐεν-

295 3855 570 3916 νυμένους
629 3851 952 3921 ἐλέγχεσθαι
988 3851 1070 3901 ὅτι
1127 3849 1290 3900 λίθων
1330 3848 1513 3917 ἔχουσι
1545 3847 1727 3916 φύσιν.
1764 3849 1873 3900 Καὶ

304 3947 542 4016 μάρτυρι
593 3947 789 4016 χρῆται
826 3943 903 4012 τῷ
941 3945 998 3993 ἐν
1059 3943 1225 4007 Αἰγὸς
1274 3942 1537 4008 ποταμοῖς
1575 3940 1872 4010 πυροειδῶς

300 4039 678 4108 κατενεχῦέντι
712 4037 860 4088 ποτέ.
903 4035 961 4088 Ὀ
995 4035 1051 4088 δὲ
1095 4031 1512 4102 Ἀναξίμανδρος
1551 4031 1873 4099 συστήματά

299 4147 417 4180 τινα
467 4129 563 4181 τοῦ
608 4129 770 4198 ἀέρος
823 4127 996 4196 πυρὸς
1047 4126 1302 4193 ἔμπλεα,
1356 4123 1680 4192 τροχοειδῶς
1711 4140 1874 4174 πεπι-

299 4222 672 4287 λημένα,”ἀπό
719 4236 881 4271 τινων
917 4217 1156 4287 στομίων
1217 4217 1448 4285 ἀφιέντα
1504 4216 1600 4277 τάς
1641 4215 1863 4284 φλόγας.

312 4310 370 4361 Ὅ
402 4312 456 4363 δέ
490 4328 555 4378 γε
586 4308 896 4378 Ξενοφάνης
941 4308 1034 4360 τὸν
1068 4308 1220 4376 ἥλιον
1257 4307 1348 4358 καὶ
1392 4310 1490 4373 τὴν
1518 4303 1749 4374 σελήνην
1779 4322 1872 4355 πει

302 4403 602 4472 πυρωμένα
647 4402 786 4469 νέφη
829 4400 1030 4467 ἔφησεν
1088 4394 1226 4450 εἶναι
1263 4437 1277 4462 ,
1324 4397 1474 4449 ἄλλοι
1512 4395 1569 4448 δὲ
1605 4393 1864 4466 μύδρονῆ

301 4496 497 4562 πέτρον
526 4495 793 4561 διάπυρον
843 4491 1029 4557 ἔλεγον
1079 4487 1241 4541 εἶναι.
1272 4489 1528 4550 Φιλόλαος
1565 4489 1622 4540 δὲ
1657 4487 1868 4555 ὑλοειδῆ

1975 3320 2103 3359 saxa
2137 3304 2384 3374 quaedam
2437 3319 2654 3357 sursum
2706 3303 2822 3372 rapi
2851 3303 3009 3366 dixit,
3062 3319 3237 3372 eaque
3286 3305 3546 3374 deinceps

1976 3395 2309 3450 inﬂammata
2340 3411 2669 3464 sursumque
2704 3396 2805 3449 lixa
2835 3397 3020 3450 vocari
3056 3397 3259 3452 sidera.
3323 3396 3466 3449 Idem
3491 3408 3545 3452 et

1978 3487 2292 3540 Democrito
2325 3487 2525 3541 visum.
2593 3487 2662 3542 At
2695 3487 2969 3558 Diogenes
2996 3489 3196 3556 pumici
3232 3490 3540 3543 consimilia

1975 3579 2202 3633 tradidit
2251 3571 2372 3633 esse
2425 3589 2479 3632 et
2513 3579 2776 3648 quasdam
2833 3580 3265 3649 perspirationes
3319 3581 3541 3634 habere.

1973 3670 2268 3724 Contendit
2321 3681 2375 3724 et
2423 3671 2687 3724 nonnulla
2740 3687 2805 3727 ex
2852 3671 2931 3726 eis
2983 3673 3036 3726 in
3087 3679 3283 3726 terram
3336 3674 3542 3736 delabi,

1975 3777 2208 3830 quorum
2237 3763 2466 3815 ﬂammis
2505 3763 2791 3816 exstinctis
2825 3764 3292 3817 animadvertatur
3310 3780 3428 3818 esse
3453 3782 3546 3818 na-

1979 3861 2152 3906 turam
2187 3853 2427 3906 siderum
2459 3853 2752 3919 lapideam.
2790 3855 2941 3907 Hanc
2979 3854 3043 3906 ad
3072 3870 3182 3907 rem
3219 3854 3546 3916 conﬁrmati-

1980 3945 2104 3997 dam
2139 3944 2457 3997 testimonio
2485 3943 2690 4011 delapsi
2715 3945 2988 4012 quondam
3018 3945 3081 3996 ad
3113 3945 3298 4013 Capra)
3320 3945 3541 4000 ﬂumina

1975 4036 2099 4103 (loci
2135 4050 2334 4088 nomen
2370 4035 2472 4087 hoc
2505 4036 2608 4104 est)
2643 4035 2839 4104 lapidis
2872 4036 3162 4090 candentis
3194 4039 3385 4091 utitur.
3447 4038 3542 4091 Se-

1974 4126 2213 4179 cundum
2246 4127 2348 4176 hos
2377 4125 2783 4178 Anaximander
2816 4125 2995 4180 sidera
3028 4127 3197 4180 voluit
3244 4143 3365 4182 csse
3393 4145 3543 4182 com-

1974 4233 2140 4288 pages
2170 4217 2432 4285 quasdam
2466 4231 2676 4279 aereas,
2717 4217 2841 4286 igne
2869 4217 3119 4281 refertas,
3155 4234 3273 4286 qua:
3306 4231 3438 4273 rotae
3486 4223 3540 4274 in

1972 4325 2179 4363 morem
2206 4319 2500 4377 compactae
2559 4325 2628 4362 ex
2655 4309 2860 4364 osculis
2921 4311 3248 4377 quibusdam
3298 4311 3541 4366 ﬂammas

1975 4410 2256 4455 evomant.
2318 4399 2683 4468 Xenophanes
2729 4412 2858 4452 vero
2895 4398 3064 4452 solem
3098 4414 3161 4452 ac
3210 4399 3393 4452 lunam
3424 4417 3541 4455 esse

1973 4494 2154 4548 nubes.
2181 4493 2379 4561 ignitas
2405 4493 2565 4554 dixit,
2620 4491 2743 4545 aliis
2783 4490 3094 4545 volentibus
3143 4507 3263 4546 esse
3316 4493 3536 4562 globum

299 4587 488 4636 τοῦτον
537 4584 867 4650 ἐφιλοσόφει,
897 4582 1192 4650 δεχόμενον
1235 4581 1332 4648 μὲν
1355 4578 1449 4631 τοῦ
1483 4581 1539 4630 ὲν
1571 4578 1648 4649 τῷ
1680 4577 1868 4645 κόσμῳ

1982 4586 2210 4639 Ferreum
2241 4587 2564 4639 candentem
2607 4585 2689 4637 vel
2739 4600 2927 4638 saxum
2976 4586 3247 4654 quoddam
3287 4587 3539 4656 ignitum.

302 4673 472 4740 πυρὸς
525 4674 628 4740 τὴν
680 4671 1028 4737 ἀνταύγειαν,
1085 4669 1371 4736 διηθοῦντα
1423 4668 1480 4721 δὲ
1537 4669 1669 4737 πρὸς
1699 4667 1867 4735 ἡμᾶς.

303 4764 411 4816 Καὶ
446 4765 619 4816 ταῦτα
677 4763 777 4832 μὲν
819 4763 869 4814 οἱ
905 4763 1061 4830 σοφοὶ
1098 4761 1166 4812 τὰ
1201 4760 1408 4829 μάταια
1464 4761 1592 4827 περὶ
1635 4759 1732 4828 τῆς
1765 4759 1871 4811 τῶν

300 4856 540 4923 ἀστέρων
595 4853 906 4922 ἐφρόνησαν
959 4851 1194 4921 φύσεως·
1230 4851 1318 4902 τὸν
1371 4852 1479 4920 γὰρ
1519 4849 1748 4917 ποιητὴν
1776 4849 1872 4900 αὺ-

298 4948 406 4999 τῶν
439 4949 772 5015 ἠγνοηκότες
803 4947 935 4997 Θεὸν
965 4946 1145 4997 αἰτίαν
1181 4943 1429 5012 ἔμφρονα
1467 4945 1566 5012 τῆς
1599 4942 1707 4997 τῶν
1737 4942 1871 4995 ὅλων

300 5040 570 5105 γενέσεως
629 5029 959 5106 προεστάναι
995 5038 1052 5088 οὐ
1089 5036 1494 5104 συνεχώρησαν.
1549 5034 1741 5087 Ἔνθεν
1789 5053 1867 5088 τοι

304 5133 397 5182 καὶ
426 5132 857 5199 ἀποκλαιόμενος
887 5129 1140 5190 αὑτοὺςλό
1171 5129 1346 5196 μέγας
1382 5125 1660 5188 Βασίλειος
1695 5144 1868 5179 κατα-

300 5225 549 5294 κριθῆναι
584 5225 736 5292 λέγει
767 5225 861 5276 καὶ
896 5224 1059 5274 πλέον
1091 5223 1199 5273 τῶν
1232 5221 1405 5273 ἄλλων
1458 5221 1513 5270 ὲν
1558 5221 1740 5290 ἡμέρᾳ
1771 5222 1869 5288 τῆς

303 5317 533 5384 κρίσεως
555 5318 664 5384 (7-),
709 5316 792 5367 ὃτι
845 5315 1018 5376 οὓτως
1074 5314 1165 5378 ὀξὺ
1210 5312 1346 5380 πρὸς
1381 5311 1446 5362 τὰ
1506 5313 1708 5380 μάταια
1746 5314 1869 5380 βλέ-

369 5473 408 5502 ¹¹
441 5473 599 5525 lium.
646 5487 682 5527 ι.
715 5469 808 5522 29..

364 5647 440 5707 {7)
479 5645 542 5698 '0
582 5641 652 5695 δὲ
715 5637 1179 5706 ’Λγαξίμαῖοὲρος
1211 5678 1223 5691 .
1254 5676 1268 5692 .
1313 5673 1328 5691 .
1360 5675 1373 5691 .
1405 5675 1420 5690 .

1971 4677 2246 4732 Philolaus
2274 4678 2442 4731 solem
2465 4675 2816 4731 existimabat
2838 4692 2957 4731 esse
3005 4677 3148 4732 vitro
3170 4680 3536 4746 consimilem,

1970 4769 2116 4838 quod
2151 4768 2502 4838 splendorem
2540 4767 2682 4838 ignis
2710 4768 2976 4823 mundani
3010 4770 3076 4822 ad
3106 4785 3164 4824 se
3190 4747 3428 4823 delatum
3456 4788 3542 4824 re-

1971 4860 2138 4927 cipiat
2169 4868 2226 4913 et
2252 4860 2405 4928 quasi
2434 4859 2774 4926 percolatnm
2815 4859 2881 4912 ad
2915 4875 3012 4913 nos
3038 4863 3391 4914 transmittat.
3449 4863 3540 4917 [lae

1973 4951 2284 5021 sapientum
2321 4949 2563 5015 illorum,
2593 4966 2746 5005 vana:
2773 4951 3040 5019 profecto,
3101 4954 3170 5006 de
3207 4965 3402 5008 natura
3464 4955 3540 5008 si-

1975 5044 2166 5100 derum
2195 5043 2482 5098 sententiaa
2511 5043 2755 5098 fuerunt.
2785 5045 2918 5098 Nam
2940 5059 3064 5098 cum
3086 5054 3364 5100 auctorem
3393 5045 3540 5113 ipso-

1975 5152 2096 5188 rum
2128 5136 2295 5188 Detrm
2332 5135 2669 5204 ignorarent,
2712 5137 2938 5191 minime
3002 5139 3378 5192 concedebant
3408 5154 3540 5192 cau-

1975 5241 2088 5280 sam
2113 5227 2404 5294 quamdam
2433 5226 2661 5280 rationis
2685 5236 2736 5279 et
2767 5226 3074 5296 prudentiae
3101 5229 3418 5297 participem
3449 5241 3540 5279 or-

1983 5317 2061 5369 tui
2094 5332 2275 5372 rerum
2307 5331 2428 5370 esse
2453 5317 2895 5386 prmﬁciendam.‘
2942 5320 3062 5384 Quo
3094 5319 3150 5374 lit
3206 5329 3265 5373 ut
3302 5315 3535 5373 Basilius

1479 5639 1746 5706 κρίσεως.
1791 5640 1867 5694 Ex
1911 5642 1968 5699 ν.
1999 5655 2051 5698 et
2093 5646 2150 5698 F.
