3968 6228
142 417 147 420 .
229 370 297 439 65
1219 339 1234 351 ’
1512 346 1847 423 ANNALIU

1953 344 2146 419 PARS
2187 352 2237 417 l.
3385 334 3480 403 ‘66

229 489 287 539 οὐ
332 484 507 557 μέγας
550 483 579 537 ό
614 482 790 553 ἥλιος,
828 479 942 549 είγε
1000 476 1096 533 καὶ
1144 476 1243 548 τῆς
1274 475 1377 544 γῆς
1415 474 1582 543 αὐτῆς
1617 472 1815 524 πολλα-

1950 467 2212 539 uperllcie
2242 464 2407 521 maris
2440 480 2475 518 n
2518 464 2654 519 tant.
2714 456 2934 519 Creavit
2984 465 3113 531 ergo
3152 448 3492 512 Deuslumi-

231 579 475 633 πλασίων
511 576 632 630 ἐστί
659 594 675 643 ;
726 573 823 628 καὶ
854 571 964 643 γὰρ
992 572 1039 624 εί
1074 570 1149 641 μὴ
1182 569 1344 623 τοῦτο
1369 568 1685 637 ἐτύγχανεν,
1711 566 1811 618 οὐκ

234 674 301 727 ἂν
333 668 673 741 ὑπερφανεὶς
721 665 818 720 τού
861 665 1139 736 ὁρίζοντος
1184 663 1252 731 τῇ
1284 658 1465 729 οἰκείᾳ.
1505 654 1809 728 τηνικαῦτα

234 765 459 837 δυνάμει
492 759 935 833 συμπεριείληφε
966 754 1277 826 ξύμπαντα.

305 1034 465 1101 Μέγα
502 1029 621 1100 μὶν,
673 1027 751 1091 ὡς
796 1024 1163 1099 προείρηται,
1195 1022 1289 1076 καὶ
1336 1018 1396 1074 τὸ
1445 1020 1541 1089 τῆς
1582 1018 1811 1089 σελήνης

242 1126 421 1197 σῶμα,
458 1123 551 1175 καὶ
585 1118 883 1189 φανότατόν
935 1132 997 1184 γε
1052 1114 1193 1185 μετὰ
1239 1113 1328 1167 τὸν
1383 1112 1556 1183 ἥλιον.
1594 1110 1657 1163 Εἰ
1702 1109 1811 1178 γὰρ

243 1220 334 1273 καὶ
370 1215 448 1287 μὴ
495 1212 674 1267 διόλου
707 1212 769 1264 τδ
805 1210 919 1279 φῶς
965 1207 1137 1278 αὐτῆς
1185 1204 1587 1275 ἀμετακίνητον
1637 1202 1813 1271 μένει,

244 1309 375 1367 ἀλλὰ
423 1306 517 1359 καὶ
563 1302 727 1357 τοῦτο
775 1302 1020 1372 ὁρῤήτου
1063 1298 1257 1369 σοφίας
1319 1296 1414 1350 τοῦ
1476 1290 1814 1367 δημιουργοῦ

246 1407 482 1467 πάντων,
524 1399 666 1455 ὥστε
712 1398 789 1468 τῷ
820 1394 965 1450 κατά
1012 1394 1110 1464 τὴν
1159 1391 1389 1461 σελήνην
1430 1388 1664 1458 θεάματι
1695 1400 1820 1437 παι-

246 1495 496 1551 δεύεσθαι
532 1492 684 1562 ἡμᾶς
714 1492 784 1543 τὰ
810 1489 1059 1557 ἡμέτερα
1096 1483 1153 1537 δὲ
1203 1484 1299 1537 καὶ
1328 1482 1426 1550 τῆς
1454 1479 1679 1549 ταχείας
1708 1476 1816 1529 τῶν

247 1556 604 1658 ἀνθρωπίνων
644 1556 986 1651 περιτροπῆς
1034 1574 1283 1628 ἐντεῦθεν
1344 1572 1423 1635 είς
1470 1571 1681 1623 ἔννοιαν
1723 1556 1840 1636 ἕρ-’

250 1679 457 1749 χεσθαι.
501 1672 671 1744 Οἶμαι
710 1672 767 1725 δὲ
814 1671 908 1723 καὶ
956 1671 1021 1738 τῇ
1048 1667 1156 1720 τῶν
1187 1667 1341 1729 ζώων
1381 1663 1695 1731 κατασκευῇ
1727 1658 1821 1711 καὶ

251 1774 356 1833 τοῖς
418 1769 629 1829 λοιποῖς
681 1765 794 1826 τοῖς
832 1760 941 1815 ἀπὸ
994 1760 1097 1829 γῆς
1163 1758 1456 1827 φυομένοις
1507 1755 1580 1824 μὴ
1616 1751 1820 1822 μικρὰν

1920 560 2074 615 naria
2106 574 2320 629 magna.
2356 556 2422 613 Et
2450 572 2557 627 quo
2586 564 2745 624 pacto
2770 553 2850 609 sol
2878 568 2988 607 non
3020 565 3249 622 magnus
3286 548 3376 615 sit,
3442 541 3501 601 si

1921 651 2145 721 quidem
2205 664 2329 703 eum
2391 646 2579 702 multis
2646 648 2792 701 terra
2850 642 3100 713 partibus
3146 649 3268 697 esse
3326 639 3496 708 majo-

1924 746 2039 792 rem
2082 732 2334 792 constat?
2389 751 2514 789 nam
2550 735 2760 803 absque
2793 733 2887 787 illo
2942 731 3106 799 foret,
3170 744 3279 785 non
3330 742 3496 798 supra

1923 832 2193 887 circulum
2233 830 2507 884 linitorem
2533 834 2864 896 conspectus
2893 825 2946 879 vi
2976 838 3072 878 sua
3110 826 3308 879 cuncta
3343 835 3498 877 com-

1927 910 2286 994 plceteretur.

1996 1014 2190 1070 Itidem
2220 1024 2279 1069 ut
2311 1014 2475 1069 modo
2512 1012 2916 1075 iudicabamus,
2948 1010 3091 1064 lunae
3125 1010 3347 1078 qitoquc
3377 1019 3501 1059 core

1927 1124 2031 1180 pus
2068 1110 2261 1179 ingens
2291 1119 2374 1163 est
2405 1122 2468 1162 ac
2504 1106 2809 1162 secundum
2849 1098 3021 1159 solem
3065 1100 3499 1156 lucidissimum.

1926 1201 2060 1257 Nam
2090 1201 2237 1271 quod
2268 1202 2359 1255 lu:
2393 1197 2513 1269 cjtis
2552 1214 2659 1252 non
2696 1200 2924 1268 prorSus
2976 1193 3276 1249 immobilis
3308 1198 3410 1251 est,
3446 1187 3500 1243 id

1926 1310 2059 1350 vero
2088 1290 2157 1350 ad
2183 1293 2506 1363 sapientiam
2533 1291 2680 1345 illam
2711 1298 2891 1345 rerum
2917 1281 3132 1358 Opiﬁcis
3165 1278 3500 1340 inell‘abilem

1927 1387 2121 1441 referri
2157 1385 2342 1440 debet.
2376 1382 2638 1453 Adeoque
2683 1383 2868 1436 lunam
2919 1380 3289 1448 inspectantes
3315 1374 3385 1429 de
3419 1387 3509 1428 rc-

1930 1492 2052 1533 rum
2078 1482 2386 1532 nostrarum
2414 1482 2555 1530 statu
2587 1484 2643 1529 et
2674 1473 2989 1528 conditione
3023 1480 3123 1524 nos
3146 1468 3357 1524 erudiri
3389 1467 3501 1522 sci-

1930 1581 2107 1633 amus,
2134 1577 2194 1622 ut
2222 1567 2353 1621 hinc
2379 1566 2576 1620 moniti
2608 1565 2675 1619 de
2705 1562 2878 1620 celeri
2908 1572 3093 1617 rerum
3131 1561 3502 1615 humanarum

1932 1661 2225 1715 eversione
2257 1659 2582 1729 cogitemus.
2619 1658 2940 1724 Quanquam
2976 1662 3237 1724 prmterea
3269 1668 3375 1706 non
3409 1657 3507 1722 pa-

1932 1768 2054 1805 rum
2080 1753 2341 1821 prodesse
2367 1750 2723 1803 mulationem
2750 1749 2900 1803 illam
2926 1748 3067 1802 lunze
3094 1756 3199 1801 tam
3230 1746 3368 1815 ipsis
3385 1735 3508 1797 anl-

255 1830 521 1933 ὑπαρχειν
570 1858 635 1910 ὲκ
667 1856 768 1924 τῆς
806 1854 950 1907 κατὰ
985 1852 1084 1921 τὴν
1121 1850 1352 1920 σελήνην
1391 1845 1697 1917 μεταὸολῆς
1727 1843 1825 1911 τὴν

1949 1843 2215 1896 nantibus
2244 1856 2408 1911 quam
2437 1840 2654 1894 caeteris
2686 1853 2716 1892 e
2759 1848 2907 1892 terra
2957 1837 3311 1891 nascentibus
3342 1836 3505 1888 rebus

257 1955 580 2011 συντέλειαν·
611 1950 786 2012 ἄλλως
818 1948 927 2016 γὰρ
962 1934 1261 2001 διατίθεται
1298 1941 1625 2013 μειουμένης
1656 1937 1828 2008 αὐτῆς

256 2048 345 2103 καὶ
373 2045 551 2106 ἄλλως
578 2041 883 2111 αὐξομένης
928 2039 996 2092 τὰ
1044 2038 1299 2103 σώματα,
1341 2034 1435 2086 νῦν
1481 2032 1580 2103 μὲν
1631 2028 1830 2101 ληγού-

262 2157 356 2209 σης
392 2136 565 2209 ἀραιὰ
595 2133 860 2203 γινόμενα
890 2130 985 2183 καὶ
1010 2127 1163 2190 κενὰ,
1188 2126 1283 2179 νῦν
1312 2126 1367 2178 δὲ
1397 2122 1703 2191 αὐξομένης
1739 2120 1831 2173 καὶ

262 2230 391 2302 πρὸς
420 2228 484 2282 τὸ
528 2226 738 2297 πλῆρες
771 2222 1119 2292 δπαγομένης
1170 2219 1267 2271 καλ⁸
1298 2217 1439 2272 αὐτὰ
1488 2214 1653 2268 πάλιν
1698 2216 1831 2266 ἀνα-

260 2321 637 2397 πληρούμενα,
666 2318 806 2373 διότι
837 2312 1117 2386 ὑγρότητά
1147 2328 1269 2366 τινα
1296 2309 1597 2381 θερμότητι
1631 2321 1837 2397 κεκρα-

264 2396 428 2489 μένην
476 2415 571 2469 iul.
619 2411 681 2468 τὸ
731 2408 893 2480 βάθος
956 2405 1236 2475 φθάνουσα
1279 2400 1584 2471 λεληθότως
1636 2396 1834 2466 ἐνίησι.

263 2487 492 2579 δηλοῦσι
519 2504 577 2559 δὲ
603 2502 764 2557 τοῦτο
800 2500 897 2557 καὶ
922 2499 975 2552 ot
1014 2495 1369 2557 καθεύδοντες
1397 2491 1496 2561 τῆς
1544 2489 1651 2543 ὑπὸ
1682 2487 1838 2558 σελή-

264 2621 357 2674 νης
385 2600 687 2671 ὑγρότητος
725 2592 995 2666 περισσῆς
1026 2591 1127 2654 τὰς
1173 2589 1274 2656 τῆς
1317 2584 1557 2653 κεφαλῆς
1592 2582 1838 2674 εὐρυχω-

270 2671 388 2767 ρίας
443 2688 839 2762 πληρούμενοι,
871 2683 953 2738 ἔτι
998 2683 1057 2736 δὲ
1100 2680 1169 2735 τὰ
1205 2675 1487 2747 νεοσφατῆ
1514 2674 1624 2729 τῶν
1661 2671 1839 2742 κρεῶν

266 2762 332 2857 τῇ
367 2781 644 2855 προσδολῇ
688 2778 788 2847 τῆς
818 2776 1049 2845 σελήνης
1080 2770 1291 2842 ταχέως
1320 2767 1654 2839 τρεπόμενα.
1681 2762 1840 2857 Κατρ

272 2853 428 2930 τοῦτο
458 2873 559 2927 καλ⁸
602 2871 688 2941 ἐφ’
717 2869 965 2939 ἅρματος
999 2863 1169 2936 αὐτὴν
1195 2863 1291 2916 καὶ
1318 2860 1413 2917 δύο
1436 2858 1659 2929 ταύρων
1686 2853 1843 2910 καθί-

271 2969 453 3033 ζουσιν
495 2965 572 3029 ὡς
606 2962 917 3018 κυκλοῦσαν
961 2958 1053 3013 τὸν
1105 2956 1311 3023 κόσμον
1355 2953 1453 3007 καὶ
1496 2948 1841 3021 ἀροτριῶσαν

271 3062 362 3115 καὶ
390 3057 745 3129 σπείρουσαν,
793 3048 1166 3124 ὑγραίνουσάν
1194 3063 1254 3101 τε
1286 3046 1384 3101 καὶ
1413 3044 1840 3115 θερμαίνουσαν.

275 3152 459 3209 Ταῦτα
484 3150 542 3204 δὲ
568 3149 749 3205 πάντα
772 3147 873 3199 οὐκ
907 3144 974 3198 ἂν
1003 3141 1275 3244 ιξήρκεσε.
1295 3137 1595 3244 τῇὶὲαυτῖις
1621 3129 1847 3244 inetia-
1868 3177 1919 3244 ϐ

274 3261 354 3299 σει
384 3239 788 3313 συμμεθιστᾷν,
816 3237 864 3289 εί
908 3236 984 3305 μή
1030 3250 1093 3302 γε
1147 3231 1290 3285 κατὰ
1336 3227 1438 3297 τήν
1478 3225 1581 3295 τῆς
1622 3223 1847 3293 Γραφῆς

280 3331 585 3405 μαρτυρίαν
620 3328 909 3399 ὑπερφυής
951 3341 1033 3385 τις
1080 3321 1349 3390 ετύγχανε
1395 3319 1464 3388 τῇ
1510 3314 1738 3383 δυνάμει
1790 3326 1850 3405 τε

278 3403 640 3494 ὑπερέχουσα.
664 3419 822 3475 οὕτω
848 3421 945 3487 μὲν
973 3414 1068 3471 οὖν
1092 3417 1157 3468 ὲκ
1187 3413 1287 3482 τῆς
1316 3409 1494 3471 αίτίας
1520 3406 1723 3476 ταύτης
1757 3403 1853 3458 καὶ

280 3517 345 3572 τὰ
374 3492 518 3571 κατὰ
548 3514 642 3568 τὸν
678 3513 822 3582 ἀέρα
852 3509 1001 3580 πάθη
1025 3506 1395 3569 συνίστανται,
1425 3500 1502 3564 ὡς
1540 3494 1854 3570 μαρτυροῦ-
1894 3492 1895 3495 “

282 3626 364 3663 σιν
393 3610 526 3679 ήμῖν
576 3606 636 3660 αἱ
680 3605 821 3658 κατὰ
846 3602 946 3672 τὴν
984 3598 1287 3669 νουμηνίαν
1322 3593 1589 3654 πολλάκις
1616 3590 1727 3646 ἀπὸ
1755 3605 1856 3658 γα-

281 3701 449 3773 λήνης
492 3699 588 3754 καλ⁸
632 3694 894 3769 νηνεμίας
946 3690 1202 3761 αίφνίδιοι
1248 3685 1488 3759 ταραχαὶ
1516 3682 1625 3737 τῶν
1668 3679 1849 3773 νεφῶν

283 3770 659 3862 κλονουμένων
700 3789 798 3842 καὶ
845 3783 1274 3857 συμπιπτόντων
1302 3775 1578 3847 ἀλλήλοις,
1624 3771 1683 3824 αί
1718 3770 1851 3862 περὶ

283 3884 408 3949 τοὺς
454 3861 717 3954 εὑρίπους
748 3896 810 3934 τε
841 3877 1183 3949 παλίρροιαι,
1212 3872 1310 3927 καὶ⁹
1350 3872 1384 3940 ή
1416 3867 1545 3937 περὶ
1572 3865 1662 3919 τὸν
1701 3861 1855 3930 λεγό-

288 3993 447 4049 μενον
490 3971 748 4029 Ὠκεανὸν
800 3971 1094 4042 ἄμπωτις,
1145 3965 1212 4037 ήν
1257 3962 1379 4025 ταῖς
1430 3957 1703 4029 περιόδοις
1755 3955 1855 4026 τῆς

287 4070 521 4139 σελήνης
550 4063 904 4134 τεταγμένως
948 4057 1227 4130 ἑπομένην
1275 4051 1499 4123 ιξεῦρον
1529 4050 1580 4104 οι
1623 4063 1856 4118 προσοι-

287 4160 531 4222 κοῦντες.
565 4156 756 4213 Ταῦτα
791 4154 892 4226 μὲν
944 4150 1038 4207 οὖν
1077 4148 1175 4204 καὶ
1220 4150 1249 4202 ό
1293 4146 1465 4218 μέγας
1496 4139 1857 4211 διαλαμϐάνει

287 4250 589 4313 Βασίλειος,
623 4244 907 4310 ἀποδείξαι
939 4240 1111 4295 θέλων
1155 4235 1264 4292 τῶν
1308 4231 1618 4303 φωστήρων
1645 4226 1856 4281 τούτων

290 4342 344 4395 τὸ
384 4340 636 4412 μέγεθος.

1937 1934 2193 2004 equidem
2226 1932 2488 1987 arbitror.
2515 1931 2649 1985 Nam
2681 1930 2842 1985 aliter
2889 1930 3100 1986 adlecta
3128 1936 3507 1997 suntcorpora

1940 2026 2065 2079 luna
2105 2024 2388 2079 deminuta
2424 2037 2589 2092 quam
2644 2037 2769 2076 esse
2824 2023 3039 2077 soleant
3089 2020 3283 2075 eadem
3347 2034 3509 2089 auge-

1938 2122 2150 2168 scente.
2184 2113 2395 2183 Quippe
2438 2127 2563 2167 cum
2615 2111 2800 2166 deﬁcit
2845 2126 2910 2166 ac
2959 2111 3329 2173 imminuitur,
3385 2110 3507 2162 laxa

1939 2216 2071 2260 sunt
2095 2215 2261 2274 atque
2294 2220 2464 2260 vacua
2501 2223 2516 2259 :
2554 2219 2678 2259 cum
2710 2203 2956 2273 augescit
2999 2212 3056 2258 et
3102 2204 3168 2256 ad
3217 2200 3517 2271 plenitudi~

1938 2313 2066 2352 nem
2098 2312 2249 2351 suam
2281 2304 2563 2366 properat,
2608 2310 2838 2366 corpora
2884 2309 3105 2365 quoque
3156 2303 3378 2348 rursum
3424 2307 3512 2349 re-

1938 2391 2081 2461 pleri
2110 2388 2401 2455 videmus;
2459 2389 2627 2459 idque
2658 2400 2958 2460 propterea
3010 2387 3157 2459 quod
3217 2388 3508 2441 humorem

1940 2481 2235 2553 quemdam
2259 2496 2384 2535 cum
2415 2482 2599 2535 calore
2627 2489 2995 2551 temperatum
3019 2489 3075 2534 et
3105 2479 3171 2535 ad
3202 2479 3311 2534 ima
3336 2494 3511 2549 usque

1940 2576 2309 2645 pertinentem
2376 2574 2538 2645 quasi
2614 2573 2781 2628 tacite
2835 2572 3164 2645 corporibus
3230 2574 3511 2628 immittat.

1942 2666 2321 2723 Animadverti
2348 2665 2454 2722 hoc
2498 2665 2566 2722 de
2599 2665 2667 2721 iis
2696 2680 2917 2737 quoque
2948 2675 3147 2731 potest,
3190 2666 3286 2736 qui
3334 2668 3397 2719 ad
3429 2666 3515 2719 lu-

1944 2773 2074 2814 nam
2102 2757 2443 2814 dormientes
2471 2755 2752 2826 superﬂuo
2804 2756 3035 2813 humore
3063 2757 3258 2828 capitis
3302 2758 3520 2829 capaci.

1946 2863 2115 2909 tatem
2138 2865 2357 2906 omnem
2391 2850 2593 2921 repleri
2628 2852 2895 2906 sentiunt.
2930 2850 3127 2906 Itidem
3180 2867 3375 2906 carnes
3427 2869 3516 2907 re-
3564 2896 3568 2901 .

1945 2959 2080 3001 cens
2107 2950 2474 2998 mactatorum
2501 2942 2827 2999 animalium
2861 2941 2926 2996 ad
2956 2943 3139 2996 lunam
3178 2943 3440 3013 expositae
3463 2955 3520 2997 et

1948 3034 2019 3088 ab
2046 3033 2167 3104 eius
2196 3030 2366 3086 radiis
2394 3038 2612 3085 attacta:
2634 3030 2746 3085 cito
2773 3038 3058 3084 mutantur
3077 3046 3141 3085 ac
3172 3041 3519 3099 putrescunt.

1949 3125 2027 3181 Ea
2056 3123 2124 3179 de
2153 3137 2318 3177 causa
2348 3120 2536 3176 lunam
2560 3120 2613 3174 in
2641 3134 2831 3184 curru,
2867 3120 3084 3175 duobus
3121 3121 3293 3175 tauris
3321 3122 3522 3191 adjun-

1950 3214 2074 3279 ctis,
2107 3212 2401 3275 collocant,
2452 3220 2717 3280 tanquam
2763 3194 3029 3264 mundum
3074 3203 3225 3266 hunc
3275 3213 3527 3266 ambien-

1952 3302 2382 3371 tem,’arantem,
2419 3310 2721 3358 sementem
2757 3302 2811 3356 in
2844 3316 2911 3357 eo
2952 3302 3266 3368 facientem,
3328 3302 3526 3357 bume‘

1953 3406 2191 3453 ctantem
2221 3403 2386 3465 atque
2422 3394 2855 3449 calefacientem.
2894 3394 3020 3451 Haec
3049 3395 3233 3450 omnia
3268 3411 3399 3450 vero
3428 3408 3526 3469 per

1953 3487 2392 3544 immutationem
2438 3486 2588 3541 illam
2635 3488 2888 3558 corporis
2940 3488 3023 3543 sui
3098 3488 3369 3558 perlicere
3431 3505 3527 3544 nee

1952 3595 2226 3653 quaquam
2257 3587 2467 3650 posset,
2506 3578 2553 3634 si
2580 3594 2690 3634 non
2742 3579 2957 3634 eximia:
2990 3581 3277 3652 cujusdam
3312 3584 3529 3652 magni-

1960 3674 2183 3731 tudinis
2215 3672 2484 3745 singulari
2512 3688 2641 3728 cum
2674 3672 2730 3728 vi
2752 3682 2810 3728 et
2840 3672 3163 3729 edicacitate
3194 3676 3525 3745 conjunctae,

1956 3763 2419 3837 quemadmodum
2452 3771 2508 3820 et
2533 3762 2756 3819 Litteras
2810 3779 2982 3819 sacra
3013 3774 3304 3834 testantur,
3357 3777 3526 3823 esset.

1956 3856 2139 3929 Atque
2170 3856 2273 3911 hac
2300 3870 2434 3912 sane
2466 3854 2537 3911 de
2566 3870 2731 3910 causa
2761 3856 3019 3911 videmus
3053 3865 3109 3912 et
3139 3859 3286 3913 aeris
3313 3858 3530 3914 allecti-

1955 3963 2093 4005 ones
2143 3957 2324 4003 certas
2391 3947 2683 4010 exsistere,
2738 3947 3201 4017 quemadmodum
3247 3948 3529 4004 declarant

1954 4047 2162 4094 exorta
2187 4053 2572 4110 saepenumero
2602 4038 2871 4093 novilunii
2911 4049 3163 4109 tempore
3214 4043 3282 4097 de
3310 4058 3530 4096 summa

1955 4131 2382 4200 tranquillitate,
2417 4137 2709 4186 ventorum
2739 4132 2986 4186 omnium
3017 4145 3265 4203 experte,
3308 4145 3528 4202 pertur-

1955 4224 2206 4279 bationes
2228 4224 2372 4279 aeris
2404 4224 2729 4293 repentinae,
2767 4226 3012 4280 nubibus
3036 4225 3178 4280 inter
3228 4240 3286 4280 se
3319 4226 3525 4279 collisis

1955 4316 2223 4387 quasique
2246 4316 2693 4388 conﬂigentibus.
2721 4317 3002 4372 declarant
3062 4326 3117 4372 et
3140 4318 3316 4372 ﬂuxus
3345 4335 3408 4373 ac
3438 4336 3528 4373 re.

289 4408 761 4504 ﬂuiusaquarum
795 4429 853 4485 iu
879 4424 1109 4495 euripis,
1159 4420 1362 4490 illaque
1410 4417 1526 4487 ipsa
1556 4428 1677 4484 qua:
1743 4408 1803 4465 ﬁt
1866 4409 1923 4465 in
1955 4409 2172 4465 Oceano
2212 4410 2397 4480 (quem
2434 4408 2652 4480 vocant)
2712 4410 2881 4466 maris
2928 4410 3310 4478 reciprocatio,
3364 4427 3528 4480 quam

291 4530 511 4600 quidem
568 4526 824 4583 homines
877 4519 1162 4577 littoribus
1218 4512 1447 4571 marinis
1498 4507 1717 4565 ﬁnitimi
1769 4522 1866 4578 per
1900 4516 2074 4562 statas
2106 4507 2259 4561 vices
2292 4506 2436 4561 lunas
2465 4505 2735 4560 circuitus
2794 4506 2900 4575 23
2962 4508 3119 4575 sequi
3150 4506 3535 4577 deprchende-

294 4633 441 4680 runt.
491 4620 771 4677 Hactenus
824 4631 948 4687 quae
1002 4614 1072 4669 de
1120 4611 1209 4667 bis
1274 4621 1504 4679 magnus
1538 4604 1630 4661 ille
1693 4602 1927 4658 Basilius
1966 4601 2284 4673 complexus
2328 4607 2435 4666 est,
2476 4600 2607 4655 dum
2664 4600 2863 4655 horum
2913 4601 3267 4655 luminarium
3325 4601 3537 4671 magni-

296 4719 542 4779 tudinem
574 4717 951 4771 demonstrare
980 4708 1195 4765 nititur.

366 4812 547 4878 Σὺ-δὲ,
585 4807 862 4879 ἀγαπητὶ,
915 4806 1055 4877 πρὸς
1097 4805 1210 4867 τοῖς
1250 4801 1562 4873 εἰρημένοις
1599 4797 1758 4852 τοῦτο
1785 4794 1847 4863 γί-

2042 4779 2219 4844 Debes
2250 4798 2454 4851 autem,
2486 4787 2685 4842 dilecte
2735 4786 2834 4855 (ili,
2887 4799 3085 4860 praeter
3132 4792 3243 4862 jam
3300 4793 3538 4850 indicata

296 4923 471 4962 νωσκε
491 4905 579 4958 ὅτι
600 4903 803 4963 πάντες
834 4898 933 4969 μὲν
970 4899 1021 4951 oi
1054 4896 1233 4949 λοιποὶ
1263 4895 1494 4963 ἀστέρες
1530 4892 1657 4945 ἴδιον
1685 4888 1868 4959 ἔχουσι

296 5001 433 5068 φῶς,
466 4998 645 5049 ἐκεῖνο
684 4991 889 5063 δηλαδὴ
940 4990 1003 5043 το
1050 4987 1284 5058 πρώτως
1327 4981 1731 5055 καταμερισθὲν
1772 4978 1870 5033 καὶ

298 5093 449 5147 δοθὲν
474 5088 682 5152 αὖτοίς,
718 5086 855 5155 μόνη
890 5082 948 5134 δί
997 5082 1032 5152 ή
1075 5078 1278 5148 σελήνη
1330 5076 1443 5144 φῶς
1494 5074 1554 5127 οὑ
1603 5072 1867 5141 κέκτηται

303 5185 453 5237 [διον.
498 5181 563 5234 El
596 5178 705 5248 γὰρ
735 5177 833 5229 καὶ
871 5171 1092 5243 λέγουσί
1139 5186 1284 5232 τινες
1313 5166 1552 5238 ἀμυδρὸν
1600 5166 1693 5218 καὶ
1737 5162 1870 5216 ταύ-

302 5286 399 5345 την
426 5267 728 5338 κεκτῆσθαι
769 5263 910 5334 φῶς,
959 5259 1073 5315 ἀλλ’
1118 5259 1173 5311 at
1218 5252 1615 5325 αὑξομειώσεις
1653 5250 1869 5309 πάντως

304 5341 491 5433 αὑτῆς,
532 5362 590 5414 ὲν
619 5354 707 5421 αἷς
735 5354 1023 5427 μηνοειδής
1067 5353 1260 5423 ὁρᾶται
1292 5350 1385 5401 καὶ
1430 5344 1743 5414 πλησιφαὴς
1774 5341 1871 5394 καὶ

304 5459 672 5527 ἀμφίκυρτος,
709 5450 767 5514 ἒξ
802 5448 956 5520 ήλίου
990 5444 1162 5514 ταύτῃ
1191 5441 1576 5512 προσγίνονται
1602 5437 1744 5490 κατὰ
1779 5435 1879 5506 τήν

304 5554 463 5602 ποιὰν
512 5545 698 5601 αὐτῶν
755 5537 1075 5611 συμπλοκὴν
1127 5536 1223 5589 καὶ
1263 5532 1571 5588 διάστασιν.
1626 5529 1880 5583 Μὰνυανε

302 5642 390 5697 οὖν
419 5644 505 5696 ὅτι
539 5636 658 5707 φῶς
687 5633 967 5701 ἀλλότριον
995 5630 1030 5699 ή
1064 5629 1262 5697 σελήνη
1295 5624 1560 5688 ἐνδύεται,
1585 5622 1678 5674 καὶ
1706 5622 1788 5673 ὅτι
1821 5618 1882 5671 τδ

304 5738 467 5807 μέρος
516 5732 703 5785 ἐκεῖνο
750 5722 885 5792 παρ’
928 5722 1078 5792 ήλίου
1132 5718 1424 5788 φωτίζεται
1469 5715 1497 5767 δ
1556 5714 1689 5783 πρὸς
1721 5711 1883 5764 αὑτὸν

302 5804 546 5893 νένευκε,
582 5816 835 5891 δηλονότι
866 5813 957 5866 τὸν
987 5813 1165 5883 ήλιον.
1214 5811 1320 5861 Καὶ
1369 5807 1525 5878 δῆλον
1557 5806 1618 5857 ὲκ
1647 5804 1741 5874 τῆς
1779 5805 1877 5872 ὲμ-

293 5907 298 5910 ’
639 5912 924 5972 Parum"
953 5906 1069 5968 Gtt.
1106 5900 1372 5964 (ILVlll.

312 5992 366 6003 nh—

1967 4881 2102 4936 illud
2133 4879 2299 4935 etiam
2320 4878 2783 4945 animadvertere,
2805 4886 3001 4935 caatera
3027 4881 3249 4951 quidem
3280 4884 3537 4939 universa

1969 4974 2151 5029 sidera
2187 4988 2347 5027 suum
2378 4987 2441 5026 ac
2474 4970 2750 5042 peculiare
2781 4971 3057 5042 quoddam
3088 4974 3292 5030 habere
3329 4975 3539 5041 lumen,

1969 5064 2037 5119 ab
2070 5065 2227 5119 initio
2260 5060 2469 5119 scilicet
2498 5063 2579 5118 eis
2603 5064 2962 5118 distributum
2999 5072 3163 5135 atque
3191 5066 3378 5121 datum
3406 5111 3420 5135 ,
3460 5070 3547 5123 lu-

1968 5168 2092 5209 nam
2126 5166 2261 5208 vero
2296 5152 2505 5208 lumine
2526 5155 2748 5223 proprio
2770 5153 3013 5209 destitui.
3043 5154 3366 5225 Quanquam
3391 5160 3537 5213 enim

1979 5246 2228 5301 nonnulli
2262 5245 2482 5300 tradant
2513 5245 2688 5316 ipsam
2736 5260 2956 5315 quoque
2999 5247 3185 5301 lumen
3242 5246 3540 5304 obscurum

1985 5339 2209 5398 habere.
2251 5346 2431 5392 tamen
2463 5337 2913 5392 exsistimandum
2979 5347 3067 5393 est
3126 5340 3351 5395 omnino
3409 5340 3549 5394 lucis

1978 5432 2340 5494 incrementa.
2370 5432 2571 5501 quibus
2604 5431 2663 5485 [lt
2704 5440 2763 5485 ut
2800 5433 2887 5487 vel
2920 5437 2970 5486 in
3003 5448 3210 5487 cornua
3236 5434 3429 5486 falcata
3462 5432 3544 5485 vel

1982 5525 2143 5594 pleno
2173 5524 2529 5593 resplendens
2559 5524 2766 5578 lumine
2790 5524 2877 5578 vel
2907 5522 3193 5597 dimidiata
3226 5523 3395 5591 major
3419 5535 3551 5576 com

1982 5617 2271 5686 spiciatur,
2305 5617 2360 5671 in
2388 5632 2452 5671 ea
2499 5631 2597 5686 per
2657 5616 2826 5670 solem
2855 5615 3020 5678 cilici,
3073 5596 3234 5685 prout
3264 5596 3435 5675 .int‘er
3491 5627 3551 5667 se

1982 5710 2414 5780 congrediuntur
2445 5720 2540 5762 aut
2569 5707 2984 5778 disjunguntur.
3035 5708 3243 5761 Lunam
3279 5704 3556 5775 igiturlud

1983 5819 2101 5857 Ct'lll
2131 5802 2365 5856 alienam
2409 5802 2558 5856 velut
2586 5800 2814 5855 induere
2845 5800 3010 5864 scias,
3060 5814 3291 5868 eamque
3337 5806 3554 5867 partem
3614 5782 3619 5785 ’

3118 5896 3155 5954 3

2206 5990 2283 5999 -..ι-
