3968 6228
425 241 496 303 m
1706 239 1982 300 suam

2089 241 2124 300 S
2164 236 2423 304 GLYCAS
2677 247 2684 252 '
3617 250 3693 312 r8

424 355 597 422 ipsius
626 366 652 404 α
691 350 802 405 sole
835 349 1142 404 collustrari
1173 366 1291 421 qua:
1333 352 1432 405 soli
1467 350 1699 406 obversa
1734 363 1837 406 est.
1872 351 1982 405 Pot-

2101 354 2407 423 ήιπτούσης
2454 354 2589 422 ἡμῖν
2639 346 2874 425 ἡλιακῆς
2905 353 3143 417 ἀκτῖνος.
3193 354 3392 409 Ἐνίοτε
3427 357 3534 428 γὰρ
3567 361 3694 412 ἐτέ-

414 455 502 498 est
524 445 628 497 hoc
654 458 717 495 ex
755 442 886 510 ipsis
916 442 979 494 ad
1007 457 1103 495 nos
1130 442 1516 497 delabentibns
1542 442 1708 495 radiis
1730 443 1861 495 solis
1881 443 1999 494 aui.-

417 531 712 587 -madverti.
743 533 876 585 Nam
913 531 1074 584 aliter
1105 541 1266 601 atque
1301 533 1458 585 aliter
1490 548 1587 602 pro
1633 533 1853 585 diverso
1889 547 1994 586 tum

418 628 527 681 situ
554 642 715 696 quam
748 634 897 679 motu
932 625 1065 678 solis
1097 623 1162 677 ab
1202 626 1284 680 eis
1323 641 1424 678 nos
1460 640 1678 696 quoque
1709 627 1998 680 collustra-

349 780 355 794 Ι
416 737 562 774 mur.
595 719 803 786 Quodsi
838 720 1070 772 maxime
1093 720 1146 772 in
1179 719 1374 774 horum
1428 720 1674 776 siderum
1706 723 1853 775 coitu
1903 737 1998 776 no-

418 815 500 868 his
528 815 756 868 obversa
784 814 1034 884 corporis
1064 813 1278 867 lunaris
1315 829 1439 882 pars
1469 815 1696 869 omnino
1732 814 1872 869 lucis
1903 830 1998 869 ex-

409 921 542 974 pers
580 905 948 974 conspicitur,
990 904 1351 960 nihilominus
1391 904 1639 972 ejusdem
1672 921 1797 975 pars
1827 922 1995 976 supe-

402 986 531 1050 rior
565 997 850 1067 solemque
888 1005 1143 1066 spectans
1203 996 1306 1050 hoc
1362 996 1479 1067 ipso
1511 1006 1758 1065 tempore
1805 997 1990 1052 lumen

418 1089 562 1141 illius
589 1087 805 1157 recipit,
844 1104 951 1157 qua
984 1086 1084 1141 soli
1119 1087 1334 1142 scilicet
1399 1097 1486 1141 est
1515 1087 1770 1141 obversa.
1840 1088 1993 1156 Licet

418 1181 521 1234 hoc
554 1190 608 1234 et
639 1181 691 1234 in
727 1181 1046 1250 plcniluniis
1081 1180 1532 1248 deprehendere;
1566 1181 1771 1249 quippe
1806 1179 1988 1236 lunam

415 1274 467 1325 id
505 1272 772 1342 temporis
804 1281 918 1326 toto
957 1287 1192 1342 corpore
1248 1287 1346 1326 suo
1407 1271 1679 1326 lucentem
1719 1271 1993 1339 conspici-

415 1382 558 1422 mus.
587 1365 663 1418 uti
705 1380 826 1434 quae
855 1379 920 1417 ex
952 1363 1188 1419 adverso
1225 1362 1479 1417 collocati
1505 1363 1636 1416 solis
1664 1362 1849 1416 radios
1896 1379 1988 1417 cx-

413 1458 587 1525 ('ipll;
631 1472 736 1526 qua
765 1457 830 1510 de
865 1471 1028 1510 causa
1062 1469 1186 1524 pars
1249 1453 1397 1524 globi
1427 1453 1550 1523 eius
1590 1453 1824 1522 reliqua,
1883 1453 1988 1508 sub

413 1551 732 1618 adspeetum
771 1557 1021 1602 nostrum
1057 1547 1202 1601 haud
1247 1546 1471 1609 cadens,
1513 1545 1773 1599 nimirum
1808 1555 1990 1614 postea

414 1641 546 1704 rior,
580 1655 700 1696 esse
734 1639 873 1694 lucis
900 1654 1097 1710 expers
1132 1638 1478 1709 intelligitur.

483 1755 608 1810 llaec
641 1755 711 1810 ita
741 1769 799 1809 se
831 1754 1054 1818 habere,
1092 1752 1385 1820 lunamque
1417 1752 1552 1805 adeo
1597 1752 1774 1806 lucem
1812 1768 1838 1805 a
1872 1753 1988 1806 sole

407 1850 568 1920 quasi
599 1847 947 1903 commodato
981 1861 1200 1914 capere,
1241 1845 1308 1899 de
1340 1846 1471 1913 ipsis
1509 1845 1648 1900 lunae
1679 1845 1990 1901 deleatibus

408 1943 844 1997 animalvertere
865 1941 987 2008 quis
1014 1947 1212 2007 potest.
1238 1937 1291 1991 Id
1314 1952 1494 1992 autem
1525 1937 1616 2006 qui
1646 1937 1755 2004 ﬁat,
1777 1938 1986 2005 accipe.

409 2031 549 2088 Sunt
592 2031 644 2084 id
689 2030 952 2098 temporis
999 2029 1113 2082 lucc
1154 2027 1445 2082 luminaria
1489 2029 1591 2082 sibi
1640 2043 1706 2082 ex
1755 2031 1988 2083 adverso

409 2134 616 2180 rectam
651 2125 718 2178 ad
755 2124 950 2180 lineam
997 2124 1270 2192 opposita.
1298 2131 1565 2192 tetrazque
1609 2137 1808 2192 corpus
1843 2122 1989 2176 inter

409 2231 474 2270 ea
522 2216 702 2270 medio
733 2215 886 2286 quasi
936 2215 1059 2270 loco
1102 2215 1324 2284 pendet.
1367 2215 1568 2284 Itaque.
1597 2214 1733 2269 radii
1781 2214 1990 2269 solares

409 2326 509 2378 pro
543 2323 694 2364 more
735 2324 836 2362 suo
887 2317 1176 2376 penetrare
1213 2307 1432 2376 quidem
1471 2307 1548 2365 illi
1594 2314 1866 2362 conantur
1899 2306 1985 2360 lu-

412 2401 798 2471 INBQUBSIODO
846 2401 1196 2473 splendorem
1238 2401 1503 2470 impertiri
1537 2418 1550 2454 :
1589 2417 1782 2456 verum
1825 2400 1988 2454 mini-

409 2508 498 2548 me
518 2492 582 2546 ad
612 2492 763 2546 illum
786 2495 1100 2561 pertingere,
1122 2503 1351 2560 possunt
1376 2500 1598 2561 propter
1616 2493 1982 2562 interiectum,

409 2599 508 2637 ven
543 2582 802 2645 diximus,
827 2565 1228 2656 terranglciirpus,
1261 2583 1405 2651 quod
1430 2583 1538 2637 iter
1567 2581 1702 2652 ipsis
1725 2581 1982 2636 obstruit.

409 2674 520 2729 Nec
549 2673 792 2744 objicere
817 2671 975 2728 nobis
999 2672 1101 2726 hoc
1125 2672 1250 2726 loco
1277 2673 1466 2736 debes,
1492 2673 1847 2741 quamobrem
1873 2689 1992 2728 non.

412 2769 526 2832 liat,
552 2767 826 2836 siquidem
862 2767 934 2820 ita
971 2781 1056 2820 res
1088 2777 1402 2835 comparata
1436 2766 1528 2830 sit,
1557 2767 1703 2821 lunzc
1732 2767 1988 2823 defectus

410 2861 466 2913 in
492 2861 739 2928 qualibet
761 2861 828 2913 ad
862 2871 1063 2914 rectam
1092 2860 1291 2914 lineam
1324 2861 1691 2929 Oppositione.
1718 2863 1855 2918 Nam
1882 2863 1986 2918 hoc

407 2953 533 3006 loco
583 2969 692 3006 non
747 2953 883 3008 satis
937 2952 1132 3006 idonee
1181 2953 1503 3022 responderi
1552 2953 1620 3007 ad
1674 2954 1728 3009 id
1783 2965 1981 3024 potest,

409 3046 555 3114 quod
602 3047 780 3116 ipsum
811 3047 949 3114 a'qui
987 3045 1228 3115 bonique
1261 3045 1450 3101 facies.
1486 3047 1702 3101 Etenim
1736 3049 1990 3103 homines
2019 3057 2059 3114 ε

410 3141 463 3193 in
499 3140 649 3194 hisce
679 3139 982 3208 disciplinis
1013 3140 1297 3194 exercitati
1347 3139 1565 3203 tradunt
1604 3139 1778 3194 nodos
1819 3155 1986 3210 (pios-

408 3235 532 3285 dam
558 3233 839 3302 ecliplicos
866 3232 966 3301 (sic
988 3235 1133 3286 enim
1161 3232 1458 3300 appellant)
1487 3233 1539 3286 in
1571 3233 1982 3302 congressibus,

407 3324 502 3391 qui
550 3320 837 3394 plenilunli
874 3335 1118 3391 tempoie
1157 3322 1316 3383 ﬁunt,
1355 3339 1751 3393 nonnunquam
1783 3329 1987 3392 permi-

407 3413 570 3472 sceri,
601 3427 778 3479 coque
816 3411 978 3463 modo
1011 3410 1142 3463 solis
1164 3427 1226 3463 ac
1266 3411 1410 3465 luna:
1444 3413 1692 3466 defectus
1728 3430 1984 3469 necessa-

409 3504 491 3557 riu
539 3503 812 3557 accidere.
851 3502 962 3555 Nec
1009 3503 1157 3556 enim
1207 3505 1382 3556 solum
1435 3521 1636 3574 corpus
1688 3509 1802 3561 sive
1852 3509 1984 3565 solis

407 3595 522 3646 sive
550 3594 692 3646 luna.-
722 3594 1123 3662 0pp0sitionem
1157 3595 1298 3649 hanc
1319 3595 1534 3652 etIiccre
1569 3608 1768 3666 potest,
1797 3602 1840 3654 si
1872 3617 1980 3655 non

409 3686 610 3740 ibidem
641 3703 860 3757 quoque
898 3687 1074 3742 nodus
1102 3688 1212 3760 24
1241 3690 1468 3758 quidam
1501 3692 1791 3762 eclipticus
1821 3710 1981 3764 repes

406 3780 602 3845 riatur,
638 3781 713 3834 uti
741 3781 858 3849 jam
887 3780 1275 3836 indicavimus.

474 3894 542 3947 Et
569 3895 790 3964 preprie
825 3894 952 3949 luna
987 3895 1221 3950 deﬁcere
1251 3896 1495 3952 dicitur:
1533 3913 1640 3968 qua
1677 3899 1820 3954 enim
1855 3901 1978 3956 luce

402 3986 562 4039 SOlal’l
593 3987 785 4040 vestita
814 3995 920 4046 ρει,
945 4002 1007 4040 ea
1037 3986 1104 4041 de
1135 4003 1297 4042 causa
1329 3999 1756 4045 commemorata
1785 4009 1979 4049 I'UI'SUS

401 4078 628 4129 exuitur
661 4089 825 4146 atque
856 4078 1144 4145 spoliatur.
1183 4077 1237 4130 In
1273 4079 1387 4132 Sole
1419 4095 1526 4133 non
1557 4080 1853 4148 defectum,
1881 4085 1977 4140 sed

401 4170 846 4223 obscurationem
890 4171 1166 4238 appellare
1206 4170 1521 4226 didicimus.
1553 4172 1665 4227 Nec
1701 4175 1846 4228 enim
1886 4176 1976 4229 lux

401 4262 599 4314 solaris
631 4275 868 4330 unquam
903 4261 1120 4324 doticit;
1161 4261 1255 4316 sed
1294 4263 1421 4331 quia
1455 4264 1632 4317 coitus
1667 4264 1863 4319 horum
1904 4268 1977 4321 si-

399 4343 871 4422 derum'ten'tpore
899 4354 1086 4408 lunare
1115 4370 1338 4422 corpus,
1375 4355 1521 4424 quod
1557 4365 1714 4410 terra;
1740 4359 1974 4412 vicinius
2008 4391 2050 4446 Β

398 4456 501 4504 est.
557 4447 736 4499 medio
781 4462 839 4498 se
886 4445 1149 4514 interﬁcit
1195 4447 1316 4499 loco
1370 4447 1647 4516 radiisque
1698 4450 1970 4505 solaribus

397 4538 586 4598 etiicit,
612 4554 707 4590 aer
745 4537 832 4590 ille
868 4539 1030 4607 sdpra
1066 4555 1165 4591 nos
1205 4539 1436 4608 caligine
1466 4539 1702 4607 quadam
1739 4541 1971 4596 involvi-

399 4643 510 4690 ιω,
548 4647 652 4681 non
680 4629 934 4683 demissis
959 4631 1024 4682 ad
1050 4646 1148 4683 nos
1181 4631 1304 4684 uliis
1330 4630 1516 4694 radiis,
1544 4631 1636 4700 qui
1663 4639 1819 4685 terra:
1850 4649 1973 4702 pro-

399 4721 543 4774 xima
575 4720 693 4774 luce
723 4715 819 4774 Sua
849 4720 1255 4774 collustrarent.

473 4938 674 5005 Quodsi
712 4941 878 4993 etiam
910 4955 1242 5009 cognoscere
1287 4943 1444 5011 cupis
1503 4943 1648 4998 inter
1699 4945 1825 5011 alia,
1874 4947 1967 5017 qui

400 5032 490 5083 ﬁat.
519 5043 575 5084 ut
603 5033 731 5086 luna
757 5033 867 5087 sola
895 5033 1072 5101 primo
1102 5034 1152 5085 in
1185 5049 1365 5086 rerum
1391 5037 1614 5090 exordio
1645 5038 1819 5093 lucem
1848 5042 1969 5094 nul-

396 5125 503 5179 lam
553 5125 830 5193 propriam
882 5137 1174 5179 consecuta
1227 5127 1573 5180 ('(mtmttdnlo
1617 5146 1738 5197 eam
1788 5146 1815 5183 a
1855 5133 1968 5188 sole

395 5216 596 5287 capiat,
636 5218 775 5271 scire
818 5217 987 5272 debes
1018 5233 1126 5272 non
1163 5218 1264 5272 hoc
1294 5229 1582 5288 propterea
1623 5238 1763 5277 novo
1810 5226 1966 5294 quasi

395 5309 632 5377 quodam
688 5324 837 5364 more
885 5308 1086 5363 factum
1140 5309 1437 5377 divinitus,
1486 5314 1632 5382 quod
1683 5315 1864 5384 opifex
1912 5326 1968 5372 et

394 5410 608 5454 creator
641 5399 728 5454 ille
757 5401 1128 5454 nniversitatis
1157 5401 1317 5466 hujus
1349 5401 1508 5456 aliam
1544 5403 1720 5458 lucem
1758 5407 1964 5460 nullam

393 5489 638 5554 haberet,
689 5491 783 5545 sed
820 5499 933 5544 tum
979 5491 1054 5544 uti
1087 5493 1430 5546 concinnitas
1476 5503 1530 5547 et
1574 5495 1710 5549 ordo
1742 5497 1964 5564 quidam

391 5581 592 5635 creatis
621 5582 925 5645 inderetur,
960 5582 1420 5652 qucnnuiniodum
1463 5583 1836 5638 Damascenus
1872 5586 1963 5640 iilc

389 5669 628 5729 Joannes
658 5676 753 5741 ait,
787 5675 878 5745 qui
914 5679 1049 5730 ordo
1083 5678 1224 5729 inter
1255 5677 1596 5743 superiorem
1627 5685 1677 5728 et
1733 5675 1963 5730 inferio-

2105 459 2215 510 ρως
2248 443 2345 494 καὶ
2378 443 2569 497 ἄλλοτε
2606 445 2780 509 ἄλλως
2813 447 2904 498 ὑπ’
2927 447 3099 515 αὐτῆς
3132 445 3510 518 αὐγτιζόμεθα,
3542 451 3691 503 κατὰ

2101 533 2199 601 τὴν
2254 534 2348 587 τοῦ
2392 537 2544 605 ἡλίου
2607 539 2829 601 πάντως
2879 539 3030 592 θέσιν
3071 539 3164 593 καὶ
3200 541 3434 612 κίνησιν.
3476 543 3534 596 Εἰ
3571 544 3692 614 γὰρ

2099 623 2192 674 καὶ
2220 625 2361 677 κατά
2387 626 2478 680 τὸν
2507 626 2608 696 τῆς
2651 629 2875 682 συνόδου
2928 631 3119 702 καιρὸν
3145 629 3204 684 τὸ
3248 631 3383 701 πρὸς
3410 635 3560 703 ἡμᾶς
3587 635 3689 688 τοῦ

2101 714 2387 784 σεῖηναίου
2441 719 2692 787 σώματος
2727 720 2893 791 μέρος
2939 723 3115 790 πάντη
3176 722 3481 794 καθορᾶται
3524 727 3690 793 ἀφώο

2095 819 2299 870 τιστον,
2333 806 2466 859 ἀλλὰ
2515 809 2575 861 τὸ
2628 810 2903 882 ἀνώτερον
2959 813 3139 866 ἐκεῖνο
3195 815 3288 867 καὶ
3334 814 3490 870 νεῦον
3540 819 3690 887 πρὸς
3753 830 3756 836 ’

2095 896 2245 966 ἥλιον
2273 899 2330 950 ἐν
2355 899 2432 970 τῷ
2455 902 2551 969 τῆς
2593 904 2810 956 συνόδου
2841 904 3018 974 καιρῷ
3048 905 3170 958 κατ’
3203 907 3381 961 ἐκεῖνο
3416 907 3478 962 τὸ
3513 909 3687 978 μέρος

2093 994 2308 1063 δέχεται
2351 995 2445 1046 καὶ
2474 995 2532 1046 τὸ
2561 995 2676 1063 φῶς
2701 995 2822 1047 καθ’
2861 995 2890 1046 ὃ
2936 997 3073 1065 προς
3102 996 3252 1068 ἥλιον
3283 998 3489 1069 ἀφορᾷ.
3520 1000 3684 1053 Οὖτω

2099 1085 2198 1154 μὲν
2251 1081 2343 1138 οὖν
2394 1087 2488 1138 καὶ
2536 1091 2592 1138 ἐν
2647 1089 2764 1150 ταῖς
2801 1087 3162 1156 πανσελήνοις
3200 1091 3349 1142 ἔστιν
3386 1090 3534 1145 ίδείν·
3565 1091 3684 1144 ὀλο-η

2093 1177 2284 1247 λαμπῆ
2324 1179 2431 1250 γὰρ
2473 1179 2571 1248 τὴν
2603 1179 2835 1249 σελήνην
2862 1182 3164 1250 τηνικαῦτα
3193 1183 3413 1252 ὁρῶμεν
3450 1184 3543 1235 ire
3578 1182 3682 1246 τὰς

2093 1269 2325 1341 ἡλιακὰς
2373 1271 2437 1323 ὲκ
2475 1271 2772 1341 διαμέτρου
2805 1273 3100 1344 δεχομένην
3127 1273 3324 1340 αὐγὰς,
3357 1274 3432 1334 ὡς
3483 1274 3676 1328 ἐντεῦ-

2094 1364 2183 1416 θεν
2212 1365 2273 1416 τὸ
2306 1363 2490 1417 λοιπὸν
2521 1365 2686 1433 μέρος
2715 1364 2808 1418 τοῦ
2853 1366 3066 1433 δίσκου,
3097 1367 3157 1420 τὸ
3185 1368 3389 1435 ἀφανὲς
3434 1369 3680 1436 δηλονότι

2091 1455 2186 1510 καὶ
2225 1455 2470 1524 ὗπισῦεν,
2525 1458 2907 1512 κατανοεῖσθαι
2961 1457 3288 1529 ἀφώτιστον.

2168 1752 2289 1805 Ὅτι
2314 1752 2375 1806 δὲ
2401 1752 2574 1806 ταῦτα
2598 1751 2770 1816 οὕτως
2799 1752 2934 1822 ἔχει,
2963 1752 3056 1807 καὶ
3086 1752 3167 1806 ὅτι
3195 1751 3253 1818 ἐξ
3283 1751 3433 1824 ἡλίου
3469 1753 3528 1807 τὸ
3559 1753 3679 1822 φᾶς
3709 1749 3714 1751 ’

2093 1846 2125 1914 ἡ
2163 1845 2362 1916 σελήνη
2399 1845 2727 1911 δανείζεται,
2763 1846 2952 1915 σαφῶς
2980 1847 3087 1918 ἀρα
3115 1845 3272 1900 τοῦτο
3305 1847 3452 1918 μάθῃ
3493 1865 3575 1910 τις
3609 1849 3677 1901 ἂι

2093 1936 2153 2001 ἐξ
2207 1937 2384 1991 αὐτῶν
2437 1938 2546 1993 τῶν
2590 1940 2689 2008 τῆς
2725 1937 2956 2011 σελήνης
3010 1939 3328 2007 ἐκλείψεων.
3374 1942 3484 1994 Καὶ
3525 1941 3672 2006 πῶς,

2092 2029 2281 2085 ἄκουε.
2313 2029 2470 2083 Κατὰ
2506 2029 2798 2099 διάμετρον
2833 2031 2884 2083 οί
2915 2031 3204 2100 φωστῆρες
3253 2032 3538 2100 ἑστήκασι,
3579 2048 3676 2101 με·

2089 2123 2226 2186 ταξὺ
2251 2121 2307 2175 δὲ
2339 2125 2548 2176 τούτων
2579 2123 2713 2176 αὐτὸ
2736 2125 2795 2176 τὸ
2841 2123 3002 2193 σῶμα
3030 2123 3131 2194 τῆς
3179 2125 3281 2194 γῆς
3309 2124 3670 2195 ἀπῃώρηται.

2090 2217 2157 2269 Αἱ
2189 2216 2414 2285 ήλιακαὶ
2457 2215 2638 2270 τοίνυν
2670 2218 2895 2280 ἀκτῖνες
2918 2216 3130 2288 ὁρμῶσι
3167 2217 3266 2288 μὲν
3297 2220 3373 2282 ὡς
3405 2217 3525 2280 ἔθος
3561 2218 3678 2270 δια-

2091 2307 2418 2377 6ι6ασθῆναι
2470 2308 2565 2362 καὶ
2601 2307 2679 2378 τῷ
2715 2308 2986 2380 σεληναίῳ
3030 2309 3201 2380 δίσκῳ
3233 2310 3545 2380 χορηγῆσαι
3571 2311 3674 2378 τὴν

2091 2400 2382 2469 ἐλλαμψιν,
2436 2402 2496 2454 οὐ
2555 2399 2819 2468 φθάνουσι
2849 2400 2908 2453 ὁὶ
2949 2401 3673 2472 ὄμωςὲκεῖσεκαταλαὸεἶν

2065 2493 2186 2555 ,ἅτε
2213 2493 2277 2563 δὴ
2317 2492 2742 2563 μεσολαὸοὖντὸς
2783 2509 2901 2555 πως
2937 2493 3033 2548 καὶ
3075 2494 3540 2563 ἀντιφράττοντος
3567 2495 3676 2548 τοῦ·

2089 2584 2185 2654 τῆς
2219 2584 2345 2652 γῆς,
2373 2584 2448 2648 ὡς
2483 2585 2736 2655 εἴπομεν,
2768 2584 3037 2656 σώματος.
3084 2586 3194 2638 Καὶ
3227 2586 3300 2656 μή
3331 2603 3423 2654 μοι
3443 2586 3570 2653 λέγε
3593 2587 3670 2648 ὡς

2089 2677 2205 2740 εἴγε
2232 2675 2406 2729 ταῦτα
2435 2676 2626 2729 τοῦτον
2678 2676 2793 2746 ἔχει
2823 2677 2913 2730 τὸν
2943 2677 3167 2748 τρόπον,
3210 2677 3297 2731 ἵνα
3343 2678 3394 2730 τί
3433 2680 3507 2748 μὴ
3541 2678 3668 2734 καθῗ

2089 2769 2318 2820 ἕκαστον
2343 2768 2634 2838 διάμετρον
2677 2769 2710 2836 ἡ
2749 2769 2850 2839 τῆς
2881 2769 3110 2840 σελήνης
3141 2769 3383 2839 ἔκλειψις
3411 2770 3624 2838 γίνεται
3651 2785 3666 2832 ς

2088 2861 2208 2914 οὐδὲ
2235 2861 2341 2930 γὰρ
2369 2861 2692 2930 ἐπιτηδείως
2725 2861 2835 2931 ἔχω
2865 2863 2994 2934 περὶ
3017 2862 3211 2916 τούτου
3245 2864 3391 2917 κατὰ
3422 2863 3483 2914 τὸ
3519 2879 3582 2914 πν
3605 2880 3668 2931 ρο

2087 2953 2146 3006 δν
2194 2954 2588 3023 ἀποκρίνεσθαί
2645 2971 2750 3008 σοι·
2789 2956 2889 3007 καὶ
2924 2955 3117 3008 τούτου
3150 2956 3338 3008 ἕνεκεν
3367 2953 3664 3022 σύγγνωθι.

2093 3047 2154 3098 Οί
2193 3046 2302 3112 γὰρ
2348 3049 2476 3118 περὶ
2530 3047 2600 3099 τὰ
2640 3045 2884 3118 τοιαῦτακ
2919 3045 3288 3117 ἠσχολημὲνοι
3329 3045 3667 3114 συνδέσμους

2086 3139 2237 3201 τινας
2300 3139 2679 3202 ὲκλειπτικοὺς
2739 3138 2883 3192 οὕτω
2964 3138 3336 3207 καλουμένους
3390 3138 3447 3190 ἐν
3541 3138 3665 3198 ταῖς

2087 3229 2635 3300 συνοδοπανσελήνοις
2677 3229 2737 3294 ἐξ
2781 3231 3026 3300 ἀνάγκης
3057 3229 3474 3297 προσγίνεσθαι.
3526 3228 3666 3295 Ορὁὲ

2086 3324 2192 3391 γὰρ
2244 3323 2304 3374 τὸ
2357 3322 2515 3392 σῶμα
2573 3323 2732 3392 μόνον
2788 3323 2897 3374 εἴτε
2928 3324 3024 3392 τῆς
3055 3322 3306 3391 σελήνης,
3343 3322 3416 3384 ὡς
3445 3323 3535 3376 ἐπὶ
3569 3321 3664 3374 τοῦ

2087 3412 2263 3482 ἡλίου,
2293 3411 2406 3464 εἴτε
2433 3413 2533 3481 τῆς
2565 3413 2689 3483 γῆς,
2734 3412 2809 3476 ὡς
2839 3413 2934 3466 ἐπὶ
2967 3412 3064 3482 τῆς
3095 3411 3351 3482 σελήνης,
3387 3411 3662 3479 ἀντίφρα-

2088 3503 2168 3567 ξιν
2199 3504 2426 3572 ποιῆσαι
2474 3503 2733 3568 δύναται,
2767 3505 2924 3574 είιμή
2960 3521 3064 3558 που
3109 3505 3206 3557 καὶ
3253 3502 3550 3574 σύνδεσμος
3577 3519 3664 3564 τις

2086 3595 2430 3657 ἐκλειπτικὸς
2461 3595 2643 3648 ἐκεῖσε
2695 3595 2970 3667 εὑρεθείη,
3003 3595 3078 3660 ὡς
3124 3594 3376 3665 ἄγονται.

2155 3886 2266 3941 Καὶ
2292 3888 2500 3958 κυρῖως
2533 3886 2776 3957 ἔκλειψις
2827 3887 2914 3942 ἐπ’
2970 3887 3145 3958 αὐτῆς
3191 3889 3259 3942 ἂν
3306 3891 3523 3958 λέγοιτο
3557 3891 3658 3961 τῆς

2083 3980 2336 4051 σελήνης·
2367 3981 2450 4033 ὅτι
2497 3981 2606 4048 γὰρ
2657 3980 2771 4048 φῶς
2813 3982 3042 4050 ήλιακδν
3074 3981 3466 4050 ἀμφιέννυται,
3498 3983 3658 4036 τοῦτο

2081 4074 2245 4127 πάλιν
2271 4070 2340 4125 δι’
2361 4071 2427 4142 ἢν
2451 4057 2628 4123 αἰτίαν
2652 4072 2901 4139 εἴπομεν,
2932 4071 3289 4125 ἀπεκδύεται.
3327 4072 3452 4124 Ἐπὶ
3479 4073 3537 4124 δὲ
3564 4073 3657 4126 τοῦ

2079 4165 2229 4235 ήλίου
2268 4165 2369 4218 οὐκ
2399 4163 2663 4234 ἔκλειψιν,
2711 4163 2826 4216 ἀλλ’
2879 4163 3242 4216 ὲπισκότωσιν
3282 4163 3467 4232 λέγειν
3521 4165 3658 4234 ὲμάο

2079 4259 2268 4326 Οομεν.
2327 4257 2459 4310 Οὐδὲ
2511 4257 2621 4326 γὰρ
2676 4255 2738 4308 τὺ
2786 4255 3011 4325 ἡλιακὸν
3060 4256 3300 4324 ἐκλείψει
3352 4257 3483 4310 ποτὲ
3516 4257 3656 4324 φῶς

2079 4349 2194 4402 ἀλλ’
2234 4349 2628 4416 ὑποτρέχοντος
2681 4346 2738 4398 ὲν
2797 4347 2873 4416 τῷ
2921 4345 3021 4416 τῆς
3086 4333 3308 4400 συνόδου
3345 4348 3526 4417 καιρῷ
3561 4345 3656 4400 τοῦ

2081 4439 2332 4509 σώματος
2366 4439 2460 4492 τοῦ
2509 4439 2794 4508 σεληναίου
2844 4432 2934 4491 οἷα
2989 4439 3398 4508 περιγειοτέρου
3450 4440 3658 4508 τυγχά-

2074 4533 2276 4596 νοντος,
2326 4534 2422 4584 καὶ
2469 4531 2614 4584 οὕτω
2670 4533 2792 4593 ταῖς
2849 4530 3106 4601 ἡλιακαῖς
3138 4531 3352 4585 ἀκτῖσιν
3380 4532 3651 4600 ἐπιπροσ-

2074 4624 2316 4689 θοῦντος,
2351 4625 2379 4676 ό
2413 4624 2553 4691 ὑπὲρ
2588 4621 2831 4692 κεφαλῆς
2871 4622 3029 4692 ήμῶν
3057 4623 3168 4692 ἀὴρ
3200 4623 3349 4690 ζόφῳ
3381 4623 3650 4692 τηνικαῦ-

2072 4734 2140 4769 τα
2175 4715 2646 4770 καθυποϐάλλεται
2671 4754 2686 4780 ,
2740 4713 2836 4767 ἆτε
2874 4714 2937 4783 δὴ
2977 4714 3052 4785 μή
3094 4715 3442 4784 βαλλομένων
3468 4715 3651 4767 αὐτῶν

2073 4806 2318 4860 κάτωθεν
2347 4809 2443 4858 καὶ
2476 4804 2830 4873 φωτιζουσῶν
2863 4809 2925 4858 το
2951 4805 3252 4873 περίγειον.

2147 4944 2207 4996 Εί
2249 4941 2304 4995 δὲ
2350 4941 2628 4995 καὶτοῦτο
2665 4943 2844 5012 ζητεῖς
2881 4940 3018 5010 μετὰ
3059 4941 3169 4994 τῶν
3211 4939 3384 4994 ἄλλων
3428 4940 3645 5010 μαθεῖν,

2074 5035 2247 5105 πῶςή
2285 5034 2482 5105 σελήνη
2518 5035 2649 5104 μόνη
2704 5035 2797 5088 καὶ
2827 5033 2928 5086 τίνι
2960 5033 3148 5102 τρόπῳ
3183 5031 3255 5102 μὴ
3290 5031 3492 5102 σχοῦσα
3530 5033 3646 5100 φῶς

2072 5127 2314 5196 ἀρχῆθεν
2367 5129 2497 5181 ἴδιον
2557 5129 2614 5192 ἐξ
2653 5126 2803 5196 ἡλίου
2862 5127 3018 5180 τοῦτο
3061 5126 3388 5190 δανείζεται,
3449 5126 3645 5178 ειδέναι

2072 5218 2310 5287 ὀφείλεις
2338 5219 2412 5279 ὡς
2451 5218 2551 5271 οὐκ
2588 5218 2806 5287 ἀπορῶν
2837 5219 3025 5286 ἐτέρου
3061 5218 3240 5287 φωτὸς
3260 5219 3287 5270 ό
3312 5216 3644 5285 δημιουργὸς

2071 5311 2165 5365 καὶ
2213 5312 2442 5380 κτίστης
2496 5313 2716 5364 πάντων
2747 5311 2878 5374 Θεὸς
2920 5310 3020 5382 τὴν
3055 5308 3408 5379 καινοτομίαν
3437 5308 3643 5377 ταύτην

2072 5405 2423 5472 είςήνεγκεν,
2460 5405 2574 5456 ἀλλ’
2611 5403 2698 5457 ἵνα
2746 5402 2949 5473 ῥυθμὸς
3003 5404 3095 5456 καὶ
3135 5403 3288 5467 τάξις
3339 5399 3527 5470 ὲντεθῇ
3572 5403 3638 5468 τῇ

2069 5492 2269 5555 κτίσει,
2324 5496 2465 5546 κατά
2499 5509 2562 5557 γε
2601 5493 2692 5546 τὸν
2730 5486 3094 5564 Δαμασκηνὸν
3134 5494 3408 5562 Ἰωάννην,
3447 5493 3641 5571 ἄρχον-

2068 5603 2159 5646 τος
2193 5586 2288 5638 καὶ
2319 5587 2647 5657 ἀρχομένου,
2679 5588 2771 5638 καὶ
2801 5587 2888 5640 ἵνα
2925 5587 3303 5657 παιδευθῶμεν
3338 5587 3400 5639 ἐκ
3449 5586 3638 5637 τούτου

2072 5686 2163 5731 καὶ
2201 5682 2354 5745 ἡμεῖς
2388 5682 2664 5731 κοινωνεῖν
2705 5680 2955 5746 ἀλλήὶοις
2988 5681 3081 5733 καὶ
3115 5680 3482 5746 μεταδιδόθαι,
3516 5682 3642 5732 ivu-
