3968 6228
207 467 265 524 ﬁ]
1448 456 1779 517 ANNALIU

1897 460 1976 517 l‘.\
1995 459 2085 515 tas
2142 455 2182 511 l.
3378 463 3448 525 'lti

204 587 396 656 κρίνειν
459 599 516 633 τε
570 578 678 632 τῶν
740 576 1044 647 γινομένων
1084 575 1250 646 μηδὲν
1279 616 1293 641 ,
1336 575 1447 627 ἀλλ’
1481 575 1573 628 ἐπὶ
1631 576 1767 627 πᾶσι

1884 590 1987 630 rem
2031 576 2378 637 consisttrct,
2434 584 2541 628 tum
2599 577 2674 630 uti
2725 592 2824 631 nos
2876 578 3039 634 etiam
3096 580 3449 637 erudiremur

215 677 379 739 καλῶς
411 669 838 728 ὑποτάσσεσθαι.

1874 668 2078 723 debere
2110 686 2210 722 nos
2243 669 2478 724 invicem
2507 671 2647 726 alios
2679 686 2804 724 eum
2833 671 2956 726 aliis
2981 681 3167 728 nostra
3203 690 3452 731 commu-

205 772 392 833 ηξρειτε,
432 782 536 823 nec
565 765 861 836 quidquam
886 776 1080 818 eorum
1112 778 1233 832 quae
1266 761 1407 818 ﬁunt
1438 760 1762 832 scrupulose
1802 763 2144 832 perquirere,
2180 761 2273 819 sed
2311 763 2364 817 in
2400 762 2654 818 omnibus
2717 766 2972 834 praeclare
3043 780 3261 824 nosmet
3293 785 3449 826 sum-

205 862 424 920 mittere.

266 955 399 1027 Πρὸς
426 954 642 1017 τούτοις
671 953 846 1008 δὲκαὶ
877 953 1068 1023 ἕτερον
1105 954 1240 1024 ημῖν
1283 953 1618 1022 ύπεμφαίνει
1656 971 1764 1006 πα-

207 1049 410 1122 ράδοξον
441 1049 474 1117 ἡ
526 1047 727 1118 σελήνη
774 1046 1128 1111 ὶκλείπουσα,
1157 1045 1234 1109 ὼς
1279 1047 1309 1098 6
1342 1045 1619 1107 θειότατός
1665 1062 1770 1115 φη-

207 1161 284 1196 σιν
319 1140 700 1204 ’Δναστάσιος.
745 1139 1016 1209 Καθάπερ
1065 1138 1175 1209 γὰρ
1217 1137 1358 1210 αὕτη
1407 1138 1557 1208 ζόφῳ
1595 1139 1768 1191 καθυ-

207 1235 451 1290 ποπίπτει
524 1232 942 1304 μεσολασούσης
1013 1232 1116 1300 τῆς
1174 1232 1281 1300 γῆς
1327 1230 1625 1286 καντεῦθεν
1672 1232 1770 1294 τὰς

208 1327 420 1399 ἡλιακὰς
449 1327 678 1390 ἀκτῖνας
700 1324 1176 1395 ἀποστρεφούσης,
1194 1325 1338 1378 οὓτω
1367 1324 1463 1377 καὶ
1494 1322 1774 1393 ήἝκκλη-

208 1421 288 1476 σία
314 1417 718 1489 μιωλαὸούσης
748 1417 847 1487 τῆς
881 1415 1162 1486 ἁμαρτίας
1206 1413 1434 1476 σκότους
1463 1413 1767 1484 ὲμίπλαται

207 1511 314 1567 κατ’
347 1507 702 1581 ἀποστροφὴν
742 1508 965 1572 πάντως
1005 1507 1104 1562 τοῦ
1133 1506 1326 1578 νοητοῦ
1352 1506 1532 1575 ἡλίου.
1569 1505 1772 1570 Καλῶς

207 1601 290 1660 οὖν
312 1605 459 1672 ἔλεγε
494 1604 594 1658 καί¹
621 1606 648 1658 6
685 1603 958 1674 μακάριος
991 1600 1230 1674 Παῦλος,
1265 1601 1485 1654 «Πάντα
1519 1601 1598 1663 είς
1631 1600 1770 1669 Χρι-

211 1699 322 1751 στὸν
361 1695 804 1766 προτετύπωται.
846 1714 864 1746 ι
904 1695 1025 1748 Ὅτι
1067 1693 1125 1747 δὲ
1175 1695 1208 1763 ὴ
1256 1693 1455 1763 σελήνη
1489 1692 1625 1760 αὕτη
1670 1693 1771 1757 τῆς

221 1789 538 1857 Ἐκκλησίας-
559 1789 744 1842 είκὸνα
771 1789 948 1855 φέρει,
976 1786 1238 1847 ὡσαύτως
1265 1788 1294 1838 6
1330 1785 1589 1854 αἰσθητὸς
1614 1778 1772 1850 οὗτος

210 1883 342 1953 ἣλιος
369 1881 460 1935 τοῦ
497 1880 695 1950 νοητοῦ
741 1881 918 1949 ἡλίου,
946 1878 1112 1932 αὑτοῦ
1143 1877 1346 1949 δηλαδὴ
1375 1878 1470 1931 τοῦ
1507 1876 1770 1948 Χριστοῦ,

211 1973 292 2026 τοῦ
336 1974 619 2042 προφήτου
660 1971 942 2040 Ἀὁακοὺμ
975 1970 1137 2024 ἄκουε
1178 1969 1484 2038 λέγοντος,ι
1509 1968 1768 2039 Ἑπὴρθη

210 2066 392 2136 ὀῆλιος
419 2107 435 2130 ,
468 2065 564 2118 καὶ
605 2064 639 2135 ή
677 2064 881 2132 σελήνη
911 2060 1040 2131 ἔστη
1095 2061 1152 2113 ὲν
1201 2062 1265 2130 τῇ
1323 2059 1472 2124 τάξει
1515 2061 1706 2128 αὐτῆς.
1747 2079 1766 2112 ι

213 2159 349 2210 Κατὰ
390 2157 499 2226 γὰρ
529 2156 630 2208 τὸν
680 2155 746 2209 τὰ
769 2155 997 2208 τοιαῦτα
1042 2153 1412 2223 ἐξηγούμενον
1451 2153 1621 2222 μέγαν
1659 2152 1772 2206 Κύ-

213 2249 371 2318 ριλλον
402 2221 776 2319 νηἾΕκκλησία
831 2248 1098 2318 πρότερον
1127 2221 1188 2299 εν
1222 2221 1419 2318 ἀταξίᾳ
1451 2247 1768 2316 ἐτύγχανεν,
1806 2221 1845 2277 Β

213 2342 295 2396 ita
343 2345 448 2402 τοῖς
495 2341 806 2412 δαιμονίοις
848 2339 1192 2410 λατρεύουσα
1221 2377 1236 2402 ,
1287 2338 1517 2407 ὕστερον
1561 2340 1619 2393 δὲ
1678 2338 1774 2391 τοῦ

215 2435 386 2504 νοητοῦ
426 2435 582 2505 ἡλίου
629 2433 964 2504 ἐπαρθέντος
1003 2434 1062 2486 ὲν
1092 2433 1172 2502 τῷ
1205 2431 1427 2503 σταυρῷ
1465 2436 1522 2487 ὲν
1547 2431 1776 2502 εὐταξία

217 2530 383 2597 γέγονε
421 2529 559 2598 πρὸς
595 2528 763 2581 αὐτὸν
815 2508 1223 2598 ἐπιστραφεῖσα
1273 2528 1364 2580 τὸν
1405 2527 1631 2596 Κύριον.
1667 2525 1777 2578 Καὶ

216 2622 351 2675 τοῦτο
403 2621 711 2690 δεδήλωκεν
784 2620 946 2682 αὐτὸς
983 2622 1012 2672 6
1070 2620 1311 2689 Χριστὸς
1368 2618 1540 2684 οὕτως
1580 2621 1773 2683 εἰπὼν,

220 2711 398 2767 ιὊταν
420 2713 650 2782 ὑψωθῶ,
671 2713 793 2765 τότε
819 2714 1024 2775 πάντας
1059 2712 1276 2766 ἑλκύσω
1304 2713 1440 2783 πρὸς
1463 2713 1722 2781 ἐμαυτόν.
1752 2732 1771 2764 ι

276 2807 498 2859 Γίνωσκε
547 2806 650 2869 δὲ,
704 2806 959 2876 ἀγαπητὲ
989 2848 1002 2870 ,
1048 2807 1129 2858 ὅτι
1189 2806 1287 2858 καὶ
1320 2807 1410 2857 διὰ
1460 2804 1633 2858 ταῦτα
1679 2807 1778 2873 μὲν

217 2897 463 2951 ἐκλείπειν
488 2903 512 2949 6
543 2898 702 2966 ἥλιος
736 2897 830 2949 καὶ
859 2899 890 2965 ἡ
925 2899 1122 2968 σελήνη
1147 2902 1587 2968 συγκεχώρηται,
1609 2901 1669 2949 ού
1693 2915 1779 2950 το-

218 2989 385 3042 σοῦτον
410 2990 463 3043 δὲ
485 2991 619 3042 ὅσον
651 2989 746 3056 τὴν
769 2988 878 3041 τῶν
902 2989 1356 3057 προσκυνούντων
1388 2990 1526 3043 αύτὲι
1562 2990 1775 3058 διελέγ-

217 3080 381 3150 χεσθαι
427 3081 653 3144 ἄνοιαν,
701 3074 994 3134 κάντεῦθεν
1043 3079 1396 3133 παιδεύεσθαι
1445 3080 1527 3133 ὅτι
1563 3083 1782 3150 τρεπτὰ

216 3178 367 3233 ταῦτα
400 3179 490 3232 καὶ
521 3176 819 3232 ἁλλοιωτᾶι.
853 3177 967 3230 Πᾶν
998 3175 1054 3230 δὲ
1089 3177 1326 3247 τρεπτδν
1355 3175 1418 3228 οὐ
1452 3175 1607 3238 Θεὸς.

278 3365 380 3417 Καὶ
415 3362 651 3416 τοιαῦτα
693 3360 793 3430 μὲν
842 3361 890 3412 oi
943 3361 1172 3430 ἀστέρες
1229 3361 1294 3414 ὲκ
1337 3360 1447 3413 τῶν
1499 3363 1556 3415 ὲν
1594 3362 1780 3425 αὐτοῖς

223 3455 630 3523 συμπιπτόντων
688 3451 1005 3506 διδάσκουσι
1046 3453 1173 3514 τοὺς
1204 3453 1364 3521 λόγου
1415 3454 1775 3524 μετέχοντας.

1940 956 2207 1009 ΡΓΛΊΟΓΜ
2255 955 2513 1026 quiddam
2561 956 2709 1011 aliud
2761 972 2982 1026 quoque
3037 975 3238 1014 novum
3291 962 3453 1015 nobis

1868 1048 1999 1110 luna
2031 1048 2292 1102 deﬁciens
2339 1049 2562 1113 indicat,
2601 1051 3064 1117 quemadmodum
3111 1051 3196 1105 vir
3230 1051 3453 1106 divinus

1870 1141 2192 1196 Anastasius
2221 1142 2406 1196 tradit.
2454 1142 2926 1209 Quemadmodum
2964 1144 3111 1198 enim
3147 1160 3178 1198 a
3213 1145 3452 1199 tenebris

1873 1233 1964 1288 illa
1995 1244 2299 1306 occupatur
2338 1235 2411 1290 ob
2445 1235 2790 1307 interiectam
2836 1249 3060 1303 terram,
3107 1254 3227 1305 qua:
3276 1239 3344 1292 ab
3390 1258 3450 1291 (τι

1873 1326 2062 1383 radios
2095 1329 2304 1382 solares
2349 1327 2566 1394 avertit,
2609 1329 2690 1383 sic
2731 1330 2895 1384 etiam
2931 1329 3173 1384 Ecclesia
3223 1342 3452 1399 peccato

1875 1418 2281 1476 interveniente
2329 1421 2572 1476 tenebris
2615 1422 2917 1476 involvitur
2953 1432 3179 1491 propter
3209 1427 3454 1490 aversio;

1875 1529 2001 1566 nem
2033 1513 2165 1568 solis
2202 1513 2350 1568 illius
2398 1513 2758 1570 intellectilis.
2798 1514 3010 1568 Idcirco
3074 1515 3334 1582 praeclare
3368 1516 3453 1569 di-

1872 1615 2027 1664 ctum
2054 1623 2082 1660 a
2108 1608 2346 1674 Paulo",
2368 1606 2573 1661 ChriSti
2602 1608 2804 1676 ﬁguras
2829 1606 3012 1661 omnia
3036 1615 3450 1677 repraesentare.

1875 1699 2084 1754 Lunam
2117 1700 2340 1770 quidem
2376 1699 2632 1754 Ecclesia:
2664 1699 2870 1754 referre
2900 1699 3212 1768 imaginem,
3239 1710 3293 1753 et
3323 1716 3454 1754 con-

1871 1791 2126 1846 similitcr
2165 1791 2335 1845 solem
2374 1791 2520 1844 hunc
2556 1790 2814 1844 seusilem
2845 1791 2977 1844 solis
3015 1791 3160 1844 illius
3198 1791 3449 1846 intellec-

1872 1883 1984 1937 tilis
2028 1882 2119 1950 qui
2164 1883 2421 1937 Christus
2465 1891 2568 1942 est,
2617 1883 2684 1934 de
2731 1883 2870 1937 vatis
2917 1882 3212 1936 liabaeumi
3265 1883 3449 1937 verbis

1875 1974 2147 2045 intelligas
2177 1974 2329 2035 licet,
2362 1973 2453 2040 qui
2487 1973 2597 2026 ait:
2636 1993 2652 2022 ο
2685 1971 2776 2026 Sol
2805 1972 3052 2026 elevatus
3088 1982 3193 2037 est,
3229 1983 3285 2027 et
3320 1974 3448 2028 luna

1873 2067 2025 2122 stetit
2073 2067 2126 2120 in
2180 2067 2378 2120 ordine
2423 2067 2658 2135 lucoque
2708 2066 2898 2118 suo“.
2933 2083 2951 2115 ι
2999 2064 3134 2118 Nam
3181 2065 3450 2125 Ecclesia,

1874 2159 2338 2230 quemadmodum
2367 2159 2638 2227 interpres
2663 2157 2858 2211 horum
2891 2158 3186 2213 verborum
3223 2172 3452 2227 magnus

1881 2255 1971 2308 ille
2003 2252 2244 2324 Cyrillus
2285 2253 2484 2322 inquit,
2524 2253 2678 2322 prius
2706 2265 2827 2308 erat
2861 2256 2914 2306 in
2951 2250 3303 2316 confusione,
3331 2267 3454 2306 eum

1878 2351 2052 2401 malos
2106 2346 2296 2416 genios
2324 2346 2554 2400 coleret.
2592 2343 2790 2400 Verum
2818 2345 2910 2400 ubi
2945 2343 3207 2414 deinceps
3242 2345 3458 2398 intelle-

1875 2439 2022 2497 ctilis
2046 2440 2134 2494 ille
2155 2439 2234 2494 sol
2269 2441 2321 2493 in
2353 2453 2575 2493 crucem
2612 2438 2858 2493 elevatus
2891 2449 2996 2503 est,
3030 2452 3191 2492 suum
3220 2437 3272 2490 in
3307 2439 3458 2491 ordi-

1877 2551 2002 2590 nem
2061 2532 2254 2596 rcdiil,
2306 2531 2374 2586 ad
2433 2532 2725 2587 Dominum
2790 2545 3076 2586 conversa.
3133 2529 3457 2601 Signiﬁcare

1877 2625 2049 2680 voluit
2107 2624 2212 2680 hoc
2261 2623 2380 2693 ipse
2427 2622 2701 2686 Christus,
2765 2637 2890 2676 cum
2952 2623 3203 2676 diceret:
3262 2640 3278 2671 ι
3320 2622 3456 2676 Cum

1879 2717 2130 2772 sublatus
2160 2715 2337 2779 fuero,
2375 2726 2504 2769 tunc
2544 2728 2738 2768 omnes
2769 2713 2835 2767 ad
2863 2728 2948 2767 me
2985 2714 3200 2766 traham
3225 2715 3290 2769 ⁸⁵.
3326 2732 3346 2764 ι

1949 2809 2016 2863 Et
2041 2807 2488 2869 animadvertito,
2519 2805 2717 2861 dilecte
2746 2805 2840 2865 (ili,
2874 2819 2984 2860 non
3025 2814 3136 2858 tam
3168 2816 3392 2876 propter
3410 2820 3471 2859 ca

1878 2918 2001 2971 qua:
2047 2902 2306 2966 diximus,
2340 2900 2658 2969 permittere
2699 2899 2869 2954 Deum
2906 2907 2966 2953 ut
3006 2898 3088 2952 sol
3133 2906 3297 2967 atque
3331 2899 3456 2974 luna

1879 2993 2159 3056 deﬁciant,
2195 3007 2358 3062 quam
2391 3003 2452 3047 ut
2494 2993 2609 3047 hmo
2643 2991 2825 3046 sidera
2863 2991 3115 3062 religiose
3151 2991 3454 3046 colentium

1881 3087 2176 3140 amentiam
2209 3092 2494 3154 coarguat,
2527 3092 2584 3138 et
2618 3097 2718 3137 nos
2752 3082 2977 3137 erudiat
3017 3093 3076 3136 ut
3109 3098 3231 3137 esse
3273 3084 3459 3136 omnia

1884 3179 2288 3234 mutationibus
2337 3178 2574 3234 obnoxia
2629 3176 2890 3231 sciamus.
2938 3175 3217 3244 Quidquid
3273 3183 3458 3230 autem

1883 3272 2283 3326 mutationibus
2311 3272 2609 3326 obnoxium
2646 3278 2752 3331 est,
2775 3269 2991 3322 Numen
3017 3283 3140 3322 esse
3172 3268 3384 3336 nequit.

1956 3366 2061 3435 25
2106 3365 2428 3434 llujusmodi
2473 3363 2722 3432 quaedam
2774 3376 2976 3430 per'ea
3014 3377 3135 3430 quae
3182 3362 3461 3416 sideribus

1882 3460 2163 3522 accidunt,
2196 3457 2449 3510 homines
2475 3455 2706 3510 rationis
2734 3464 3018 3525 compotes
3050 3456 3343 3510 docentur.
3379 3455 3461 3508 Id:

219 3549 356 3600 Κατὰ
376 3546 531 3601 τοῦτο
563 3545 662 3600 καὶ
695 3546 724 3598 6
749 3545 984 3613 θεό-πτης
1011 3543 1165 3611 ἔλεγε
1197 3545 1424 3615 Μωσῆς,
1453 3549 1595 3600 «Καὶ
1625 3546 1779 3598 ἔθετο

1884 3551 2033 3604 circo
2072 3557 2352 3618 Spectator
2377 3549 2467 3604 ille
2506 3548 2599 3602 Dei
2633 3547 2811 3603 Moses
2845 3547 3025 3617 inquit
3055 3564 3068 3601 :
3114 3567 3132 3599 ι
3158 3547 3461 3602 Constituit
3497 3573 3500 3580 ε

219 3640 369 3692 ταῦτα
395 3642 473 3702 τίς
514 3641 726 3710 σημεῖα
767 3638 863 3692 καὶ
912 3638 992 3701 είς
1033 3637 1258 3706 καιροὺς
1308 3641 1405 3690 καὶ
1434 3639 1649 3707 ἡμέρας
1684 3641 1779 3690 καὶ

219 3737 285 3795 εἰς
317 3733 617 3796 ἐνιαυτούς.
654 3750 673 3784 ι
709 3731 807 3784 Διὰ
845 3732 956 3799 γὰρ
1005 3731 1188 3783 αὐτῶν
1243 3731 1463 3784 τοιῶνδε
1494 3732 1526 3800 ἦ
1560 3731 1779 3784 τοιῶνδε

217 3825 316 3886 τοῖς
383 3822 677 3893 χρώμασιν
725 3820 1132 3875 ἀνατελλόντων
1192 3821 1292 3890 τήν
1334 3839 1393 3874 τε
1457 3821 1780 3891 χειμερινὴν

215 3914 298 3967 τοῦ
350 3916 508 3983 ἀέρος
573 3914 918 3968 κατάστασιν
949 3912 1044 3966 καὶ
1078 3912 1178 3981 τὴν
1227 3913 1494 3982 εὐδιεινὴν
1529 3915 1785 3981 σημειούυ

221 4010 367 4078 μεθα.
417 4009 496 4062 Δι’
555 4007 738 4061 αὐτῶν
798 4006 856 4058 αῖ
903 4007 1142 4077 τροπαὶ,
1173 4003 1244 4059 δι’
1277 4005 1460 4060 αὐτῶν
1489 4007 1539 4057 οῖ
1574 4005 1779 4074 καιροὶ,

218 4104 307 4172 ξαρ
349 4103 579 4173 δηλαδὴ,
616 4101 797 4172 θέρος,
842 4101 1165 4171 μετόπωρον
1201 4101 1296 4153 καὶ
1339 4097 1550 4170 χειμών
1575 4117 1588 4130 ·
1618 4099 1646 4152 6
1673 4101 1782 4169 γὰρ

218 4194 351 4262 ἧιιος
386 4195 477 4248 τὸν
533 4193 804 4259 ζωδιακὸν
843 4192 1028 4262 ἠρέμα
1078 4192 1333 4246 διοδεύων
1390 4191 1632 4258 κύκλον,
1686 4193 1781 4244 καὶ

218 4290 331 4341 ποτὲ
370 4291 466 4359 μὲν
493 4289 578 4358 τῷ
611 4287 876 4357 Καρκίνῳ
928 4287 1378 4356 παραγενόμενος
1427 4288 1555 4339 ποτὲ
1603 4288 1658 4340 δὲ
1705 4286 1784 4357 τῷ

221 4382 381 4450 Ζυγῴ,
416 4384 510 4435 καὶ
542 4381 734 4435 ἄλλοτε
766 4382 931 4434 πάλιν
961 4381 1020 4432 ὲν
1051 4381 1130 4447 τῷ
1159 4380 1518 4450 Αίγοκέρωτι,
1543 4381 1641 4444 τὰς
1667 4381 1785 4434 δια-

219 4473 502 4542 ληφθείσας
566 4475 844 4544 τέσσαρας
893 4475 1140 4544 εἰσφέρει
1193 4475 1424 4544 τροπάς.
1479 4475 1558 4526 Δι’
1601 4475 1784 4527 αὐτῶν

222 4565 269 4614 at
310 4567 539 4636 ἡμέραι,
581 4565 651 4619 δι’
699 4566 883 4618 αὐτῶν
915 4565 965 4617 οἱ
995 4564 1254 4620 ἐνιαυτοί.
1285 4564 1378 4634 Τῷ
1412 4567 1520 4636 γὰρ
1566 4565 1784 4636 ούρανῷ

223 4657 760 4728 συμπεριφερόμενος
803 4660 830 4710 6
873 4647 1027 4728 ἣλιος
1091 4659 1236 4709 ποιεῖ
1279 4658 1341 4710 τὸ
1395 4657 1738 4728 νυχθήμερον
1767 4700 1780 4723 ,

229 4750 323 4820 tit;
352 4751 408 4804 δὲ
439 4753 546 4823 τὴν
581 4750 782 4805 ἑαυτοῦ
825 4751 1148 4820 ποιούμενος
1186 4750 1357 4806 δίοδον
1409 4753 1504 4803 καὶ
1546 4753 1652 4804 ἀπὸ
1681 4752 1785 4816 ζω-

227 4841 328 4896 δξου
353 4844 704 4913 μεταϐαίνων
734 4842 814 4904 είς
841 4841 1034 4906 ςὼδιον
1081 4842 1172 4895 τὸν
1208 4843 1457 4895 ἐνιαυτὸν
1484 4844 1780 4913 ἐκπληροῖ·

1880 3661 1943 3698 ea
1973 3645 2027 3697 in
2066 3645 2218 3714 signa
2256 3652 2523 3711 tempora,
2563 3641 2702 3705 dies,
2737 3656 2914 3696 annos
2931 3643 2997 3695 “.
3035 3660 3052 3690 ι
3099 3641 3270 3695 Prout
3309 3641 3462 3695 enim
3497 3662 3502 3666 ·

1882 3736 1966 3790 vel
2001 3735 2104 3790 hoe
2133 3735 2215 3788 vel
2251 3736 2342 3788 illo
2368 3734 2532 3788 modo
2561 3733 2800 3788 colorata
2841 3735 3118 3798 oriuntur,
3152 3742 3248 3786 aut
3281 3734 3464 3786 turl_.i-'

1883 3828 2006 3881 dam
2055 3837 2151 3881 aut
2187 3841 2436 3882 serenam
2487 3827 2632 3880 aeris
2675 3825 3126 3880 constitutionem
3155 3824 3272 3878 fore
3304 3835 3462 3878 nota-

1885 3935 2027 3973 mus.
2066 3919 2168 3973 Per
2195 3934 2259 3972 ea
2294 3919 2684 3973 Conversiones
2721 3919 2848 3972 anni
2888 3931 3194 3986 temporum
3231 3918 3459 3987 ipsaque

1884 4021 2129 4081 tempora
2157 4010 2490 4076 eﬂiciuntur,
2522 4011 2783 4064 nimirum
2805 4019 3112 4076 ver,:estas,
3135 4020 3453 4075 autumnus,

1885 4103 2080 4156 hiems.
2113 4102 2325 4156 Etenim
2362 4102 2440 4156 sol
2477 4101 2747 4156 circulum
2786 4103 2937 4156 illum
2973 4118 3134 4171 quem
3171 4102 3458 4156 zodiacum

1883 4205 2080 4250 vocant
2117 4195 2319 4249 sensim
2354 4211 2707 4265 percurrens,
2744 4195 2874 4248 dum
2931 4196 3095 4248 modo
3145 4195 3198 4249 in
3247 4193 3462 4249 Cancro

1883 4286 2058 4339 fertur
2090 4285 2251 4339 modo
2299 4285 2353 4339 in
2388 4285 2550 4339 Libra
2593 4287 2754 4339 modo
2802 4285 2855 4339 in
2906 4285 3265 4354 Capricorno,
3310 4287 3461 4340 vices

1885 4379 2006 4434 illas
2037 4379 2165 4432 anni
2205 4388 2512 4448 temporum
2545 4389 2783 4448 quatuor
2825 4379 3094 4433 iudicatas
3142 4380 3326 4434 etlicit.
3362 4381 3463 4434 l‘cr

1884 4473 2162 4527 eademet
2210 4471 2328 4525 dies
2357 4471 2671 4526 elliciuntur
2712 4481 2767 4526 et
2801 4473 2951 4525 anni.
2997 4472 3131 4526 Nam
3179 4489 3287 4527 una
3337 4489 3460 4528 cum

1886 4559 2026 4613 cmlo
2051 4559 2130 4613 sol
2159 4561 2563 4614 circumvectus
2589 4571 2921 4614 nocturnum
2941 4561 3312 4631 diurnumque
3335 4580 3428 4633 spa
3450 4594 3462 4604 ι

1887 4653 2023 4708 tium
2071 4654 2320 4708 absolvit.
2360 4654 2507 4708 Idem
2541 4655 2740 4708 itinere
2769 4670 2871 4709 suo
2915 4658 3266 4724 peculiariter
3296 4660 3459 4713 abso»

1887 4743 2024 4809 luto,
2063 4743 2241 4814 deque
2276 4743 2433 4814 signo
2462 4743 2527 4798 ad
2562 4745 2778 4813 signum
2813 4759 3148 4812 commeans,
3179 4749 3303 4802 anni
3339 4766 3460 4818 spa—

1888 4837 2024 4890 tium
2070 4836 2325 4906 perﬁCit:
2366 4851 2546 4892 annus
2579 4838 2725 4891 enim
2776 4837 2923 4891 aliud
2976 4840 3114 4893 nihil
3165 4849 3246 4895 cst
3295 4858 3456 4911 quam

222 4935 450 5002 ὲνιαυτδς
484 4937 597 5007 γὰρ
625 4936 777 4988 οὐδὲν
816 4934 947 4988 ἄλλο
977 4935 1126 4988 ἐστὶν
1158 4934 1328 5005 ἀλλ’ή
1363 4935 1471 4989 ἀπὸ
1491 4935 1585 4988 τοῦ
1617 4937 1779 4989 αὑτοῦ

1890 4928 1957 4983 ab
2002 4944 2113 4983 uno
2159 4929 2464 4998 eodemque
2507 4932 2663 4999 signo
2694 4931 2758 4983 ad
2800 4931 2934 4985 illud
2984 4933 3163 5002 ipsum
3207 4935 3339 4989 solis
3374 4952 3459 4990 re-

223 5031 308 5084 καῖ
337 5033 452 5096 ἐνὸς
483 5031 721 5102 σημείου
760 5030 852 5082 ἐπὶ
879 5029 941 5082 τὸ
965 5029 1099 5082 αὐτὸ
1123 5029 1288 5082 πάλιν
1313 5031 1782 5092 ἀποκατάστασις.

223 5124 395 5180 Ταῦτα
430 5127 490 5179 δὲ
531 5127 751 5187 πάντως
782 5125 882 5178 οὑκ
913 5125 1064 5190 ἄξιον
1115 5125 1330 5190 ἀγνοεῖν
1363 5127 1488 5186 τοὺς
1537 5123 1787 5188 πιστούς.

234 5219 506 5274 Ἐντεῦθεν
561 5219 674 5290 γὰρ
712 5221 746 5288 ἡ
787 5217 1027 5290 ἆρῤητος
1071 5217 1168 5269 τοῦ
1215 5217 1354 5270 Θεοῦ
1398 5217 1560 5285 σοφία
1611 5235 1785 5269 κατα-

221 5309 545 5378 λαμϐάνεται
595 5310 692 5363 καὶ
739 5308 994 5376 δύναμιςο
1047 5305 1117 5360 τὰ
1171 5307 1281 5376 γὰρ
1321 5305 1531 5375 ἀόρατα
1576 5303 1784 5366 αὑτοῦ,

224 5402 356 5457 καθά
377 5421 510 5472 φησι
551 5401 786 5466 Παῦλος,
816 5401 926 5454 ἀπὸ
978 5399 1210 5461 κτίσεως
1242 5398 1452 5466 κόσμου
1480 5399 1592 5458 τοῖς
1625 5398 1785 5465 ποιήο

225 5513 346 5564 μασι
377 5497 669 5566 νοούμενα
701 5491 1227 5562 καθορᾶται.Ταύτῃ
1273 5508 1356 5543 τοι
1396 5491 1486 5541 καὶ
1524 5491 1790 5558 κατακρίι-

225 5603 340 5650 τους
374 5589 613 5650 ἐκείνους
645 5589 674 5640 ὁ
723 5587 899 5655 μέγας
939 5585 1075 5654 φησὶ
1116 5583 1394 5650 Μάξιμος,
1431 5581 1646 5634 ὅσοιδιὰ
1689 5583 1789 5649 τῆς

226 5679 324 5732 τῶν
381 5682 548 5736 ὄντων
602 5682 786 5743 αἰτίας
853 5678 915 5730 ού
988 5679 1357 5747 χειραγωγεῖν
1403 5674 1648 5728 ἐθέλουσι
1695 5675 1789 5726 καὶ

228 5771 460 5826 ἑαυτούς.

291 5935 525 5998 "lCor.
567 5957 620 6010 ιι,
656 5940 745 5994 ll.
829 5937 872 5968 ”
907 5935 1106 5992 llabac.
1143 5951 1221 6004 ιιι,
1255 5936 1338 5989 Η.

1419 5937 1463 5968 ’³
1492 5934 1643 5990 Joan.
1686 5949 1780 5994 χει,

1991 5936 2034 5964 ’⁸
2070 5935 2200 5988 Cen.
2237 5953 2267 5998 t,
2322 5937 2398 5994 ll.

1887 5021 2092 5076 versio.
2143 5019 2268 5076 Haec
2319 5023 2547 5076 omnino
2596 5023 2867 5093 religiosis
2919 5025 3238 5081 hominibus
3276 5027 3460 5096 ignota

1888 5129 2008 5170 esse
2037 5129 2145 5168 non
2183 5114 2407 5170 debent.
2430 5115 2563 5169 Nam
2595 5115 2662 5169 de
2700 5117 2782 5170 his
2808 5120 3077 5186 sapientia
3111 5130 3462 5190 potestasque

1887 5207 2006 5272 Dei,
2043 5218 2165 5277 qute
2201 5208 2451 5262 oratione
2491 5207 2698 5262 nemini
2745 5210 2945 5279 exponi
2995 5219 3194 5280 potest,
3234 5214 3465 5282 percipi-

1887 5309 1996 5355 tur.
2027 5299 2237 5355 Etenim
2263 5318 2384 5371 (μιαν
2410 5312 2540 5356 sunt
2567 5303 2685 5370 ejus
2713 5303 3184 5374 inadspectahilia,
3203 5308 3464 5375 quemad-

1889 5392 2113 5447 modum
2145 5394 2348 5448 Paulus
2372 5396 2415 5426 ¹“¹
2449 5396 2549 5459 ait,
2582 5412 2646 5450 ea
2678 5393 2744 5450 de
2774 5397 2961 5450 mundi
2992 5399 3293 5460 creatione,
3331 5404 3459 5450 dum

1889 5485 2312 5540 considerantur
2344 5503 2444 5557 per
2478 5504 2662 5558 Opera,
2709 5489 3136 5558 pers;icitmtur.
3170 5489 3461 5556 Propterea

1889 5578 2230 5636 damnabiles
2263 5583 2386 5636 illos
2419 5584 2492 5637 ait
2531 5598 2651 5638 CSse
2701 5582 2987 5646 Maximus,
3025 5581 3336 5651 quicunque
3368 5597 3462 5650 per

1891 5673 2260 5743 cognitionem
2301 5674 2680 5728 universitatis
2711 5690 2891 5728 rerum
2935 5673 3000 5728 ad
3037 5686 3254 5725 causam
3289 5672 3462 5742 ipsius

1893 5767 2266 5820 univcrsitatis
2290 5784 2407 5822 sese
2441 5769 2595 5837 quasi
2634 5767 3000 5822 manuducere
3032 5764 3244 5817 nolunt.

2479 5940 2521 5968 ’7
2555 5938 2710 5991 Rom.
2743 5954 2780 6004 ι,
2821 5937 2902 5992 10.
