3968 6228
463 353 544 430 ’Ἦ
1751 357 2170 429 MICIIAELIS
2205 362 2466 430 GLYC.—E
3261 414 3264 416 η
3653 377 3734 439 72

559 485 695 539 Cum
729 491 908 537 autem
945 479 1051 536 dici
1089 479 1284 536 audis:
1335 499 1352 533 ι
1386 478 1687 536 Constituit
1714 495 1777 536 ea
1813 479 1866 535 in
1901 481 2054 551 signa
2081 481 2133 540 Α

481 585 541 632 ct
570 586 840 644 tempora,
877 592 895 624 ι
937 575 1102 628 simul
1137 573 1364 628 adverte
1403 573 1534 643 quid
1567 587 1595 628 a
1631 573 1832 628 Basilio
1862 573 2051 628 trada-

405 693 409 697 ·
483 680 594 726 tur.
648 669 784 724 Nam
841 669 898 721 in
951 667 1217 722 concione
1266 668 1334 720 de
1385 681 1480 720 sex
1528 664 1743 720 dit-rum
1793 665 2054 736 operibus

483 776 720 816 numero
753 769 904 815 sexta
947 757 1260 829 huiusmodi
1291 756 1537 828 qumdam
1564 757 1634 812 de
1664 757 1909 813 siderum
1954 756 2052 812 ob-

483 852 796 910 servatione
845 849 1070 920 profert.
1103 849 1530 906 Observationes
1577 849 1930 904 luminarium
1979 847 2061 902 ad'

481 946 648 999 vitam
683 944 978 999 humanam
1028 949 1156 997 sunt
1204 941 1549 1006 necessariae,
1591 941 1695 995 nisi
1749 939 1873 1011 quis
1907 938 2050 996 ultra

481 1037 706 1093 modum
758 1046 812 1090 et
863 1034 1138 1090 curiosius
1181 1047 1342 1103 quam
1385 1049 1484 1105 par
1535 1033 1609 1088 sit
1655 1047 1848 1088 eorum
1898 1031 2052 1105 signa

472 1129 778 1199 perquirat.
806 1127 942 1181 Nam
971 1126 1141 1180 multa
1168 1125 1234 1180 de
1261 1124 1682 1195 tempestatibus
1705 1123 1901 1194 pluviis
1925 1124 2052 1180 hinc

469 1230 812 1291 cognoscere
837 1219 988 1282 licet,
1021 1217 1190 1271 multa
1216 1215 1284 1270 de
1315 1215 1620 1270 siccitatum
1651 1221 2053 1283 ventorumque

471 1312 876 1374 concitatione,
910 1309 995 1364 vel
1033 1307 1444 1378 particularium
1488 1306 1576 1360 vel
1625 1305 2049 1372 universalium,

477 1408 563 1464 vel
592 1406 1008 1464 vehementium
1040 1405 1128 1459 vel
1160 1403 1389 1457 lenium.
1420 1401 1689 1455 Nimirum
1728 1415 1794 1454 ex
1830 1399 1897 1455 iis
1927 1416 2051 1471 qua:

476 1502 560 1557 sol
606 1499 906 1556 ostendere.
945 1494 1254 1557 consuevit,
1308 1509 1478 1548 unum
1518 1493 1587 1548 ab
1644 1492 1768 1563 ipso
1815 1493 2050 1548 Domino

480 1593 734 1653 traditur.
772 1605 896 1645 cum
947 1590 1066 1643 ait:
1111 1606 1129 1639 ι
1163 1585 1483 1654 Tempestas
1532 1585 1666 1650 erit,
1709 1585 1838 1654 quia
1892 1584 2049 1640 triste

475 1685 640 1740 rubet
669 1683 868 1738 cadum
891 1681 957 1733 ³³.
993 1698 1012 1731 ι
1050 1678 1185 1734 Cum
1221 1677 1366 1732 enim
1398 1675 1779 1732 exhalationes
1805 1675 2046 1745 quadam

475 1793 600 1832 eum
641 1774 879 1846 caligine
921 1788 1138 1828 sursum
1177 1770 1452 1836 tendunt,
1480 1768 1851 1824 obscurantur
1903 1766 2044 1822 radii

2234 480 2428 532 Ἕθετο
2485 477 2663 536 ταῦτα
2700 479 2784 546 είς
2818 465 3022 553 σημεῖα
3078 480 3172 536 καὶ
3224 482 3306 548 είς
3353 485 3604 556 καιρούς.
3646 487 3737 558 Τῷ

2163 573 2385 643 μεγάλῳ
2423 572 2687 644 Βασιλείῳ
2751 573 3028 629 κάνταῦθα
3097 575 3387 647 προσέχειν
3445 594 3507 631 σε
3564 579 3732 644 ἀξιον,

2175 663 2266 718 Ἐν
2296 662 2404 733 γάρ
2442 665 2509 734 τῇ
2561 665 2641 726 είς
2675 665 3133 738 τὴνΈξαήμερον
3175 668 3310 742 ἕκτῃ
3340 670 3507 724 αὐτοῦ
3548 673 3735 745 ὁμιλίᾳ

2157 752 2288 820 περὶ
2318 753 2417 821 τῆς
2443 753 2554 806 τῶν
2597 755 2844 826 ἀστέρων
2877 759 3315 830 παρατηρήσεως
3339 763 3435 815 καὶ
3467 763 3594 818 τάδε
3636 781 3735 834 φη.

2157 843 2266 896 σίν.
2303 840 2607 914 ’Δναγκαία
2641 845 2793 916 πρὸς
2822 846 2914 900 τὸν
2951 847 3296 920 ἀνθρώπινον
3325 851 3440 921 βίον
3479 854 3590 908 ἀτιδ
3625 855 3738 910 τῶν

2155 935 2463 1006 φωστήρων
2526 937 3007 1008 παρασημείωσις,
3059 939 3156 994 ea»
3201 942 3275 1012 μή
3320 959 3408 1006 τις
3461 945 3608 1016 πέρα
3637 945 3736 1001 τοῦ

2159 1026 2362 1098 μέτρου
2395 1026 2453 1092 ἐξ
2477 1029 2658 1082 αὐτῶν
2689 1033 2894 1100 σημεῖα
2917 1033 3383 1107 περιεργάζηται.
3418 1035 3599 1092 Πολλά
3631 1039 3737 1110 μιν

2153 1119 2261 1192 γὰρ
2313 1122 2442 1192 περὶ
2493 1121 2803 1194 ἐπομϐρίας
2841 1123 2959 1178 ἐστι
2999 1125 3216 1195 μαθεῖν,
3265 1126 3439 1184 πολλά
3484 1129 3543 1185 δὲ
3595 1133 3731 1200 περὶ

2153 1211 2381 1281 αὐχμῶν
2413 1213 2512 1266 καὶ
2548 1214 2885 1283 πνευμάτων
2928 1217 3202 1289 κινήσεως
3227 1217 3261 1285 ἢ
3294 1222 3534 1291 μερικῶν
3557 1222 3592 1284 ἢ
3630 1239 3733 1278 κα-

2153 1305 2334 1370 θόλου,
2379 1304 2573 1376 βιαίων
2609 1308 2938 1378 ἀνειμένων.
2985 1311 3084 1364 ⁶Εν
3113 1311 3224 1382 γάρ
3258 1327 3311 1366 τι
3357 1313 3466 1368 τῶν
3492 1315 3601 1370 ἀπὸ
3631 1318 3732 1372 τοῦ

2151 1397 2304 1468 ἡλίου
2348 1399 2871 1472 παραδεικνυμένων
2919 1401 3016 1456 καὶ
3063 1404 3092 1456 ὁ
3147 1402 3352 1472 Κύριος
3407 1407 3732 1478 παρέδωκεν

2148 1490 2333 1561 ἡμῶν,
2365 1489 2539 1544 εἰπὼν
2565 1491 2649 1544 ὅτι
2679 1489 2887 1561 χειμὼν
2917 1493 3095 1547 ἕσται·
3131 1496 3421 1562 στυγνάζει
3442 1499 3551 1569 γὰρ
3586 1502 3732 1571 πυρα

2150 1583 2333 1653 ῥάζων
2377 1585 2406 1637 δ
2452 1583 2707 1652 οὐρανός.
2751 1584 3007 1638 Ἐπειδὰν
3035 1587 3144 1656 γὰρ
3166 1585 3237 1640 δι’
3271 1587 3470 1658 ἀχλύος
3514 1591 3547 1659 ή
3593 1592 3730 1644 ἀνα-

2147 1675 2292 1746 φορά
2330 1678 2601 1747 γένηται,
2657 1678 3045 1747 ἀμαυροῦνται
3099 1678 3201 1748 μὲν
3242 1681 3301 1732 αί
3349 1684 3572 1748 ἀκτῖνες
3629 1684 3727 1738 τοῦ

2147 1767 2322 1837 ὴλόυ,
2355 1769 2710 1839 ἀνθρακώδης
2740 1769 2798 1823 δὲ
2832 1771 2928 1823 καὶ
2973 1769 3216 1840 ὐφαιμος
3249 1771 3351 1843 τὴν
3378 1773 3548 1843 χρόαν
3590 1775 3727 1846 ὁρᾶ-

472 1869 624 1932 solis,
659 1882 726 1922 ac
755 1838 838 1922 Ξοι
869 1867 984 1936 ipse
1012 1862 1270 1919 carbonis
1296 1862 1471 1917 instar
1501 1862 1735 1916 rutilans
1764 1862 2043 1932 sanguini-

2147 1879 2254 1930 ται,
2310 1861 2622 1933 παχύτητος
2656 1838 2751 1917 τοῦ
2798 1863 2965 1935 ἀέρος
3013 1838 3222 1936 ταύτην
3252 1838 3588 1937 ἐμποιούσης
3622 1838 3726 1939 τὴν

471 1977 579 2032 que
606 1958 912 2016 consimilis
939 1963 1183 2027 apparet,
1208 1953 1447 2024 speciem
1474 1953 1616 2008 hanc
1646 1953 1700 2007 in
1737 1953 1911 2008 oculis
1933 1953 2048 2007 eili-

471 2055 656 2111 ciente
701 2051 845 2107 aeris
889 2049 1162 2106 crassitie.
1199 2047 1289 2103 Sic
1321 2045 1538 2118 quoties
1571 2045 1700 2100 luna
1732 2046 2046 2116 caliginosis

472 2149 543 2203 ab
565 2143 890 2200 humoribus
909 2141 1306 2206 circumdatur,
1325 2139 1407 2194 vel
1434 2154 1588 2208 aquae
1611 2138 1810 2207 pluviae
1829 2139 2043 2209 copiam

472 2239 528 2294 in
562 2253 690 2293 aere
721 2236 806 2291 vel
851 2234 1019 2290 austri
1067 2233 1492 2288 commotionem
1528 2233 1909 2288 vehementem
1940 2231 2045 2285 mi-

474 2337 658 2384 natur.
699 2326 898 2402 Solemﬂ
931 2339 1054 2378 cum
1103 2337 1245 2377 areae
1288 2325 1449 2392 (quas
1492 2323 1714 2394 vocant)
1767 2321 2040 2387 ambiunt,

470 2421 840 2476 accidentium
870 2415 1213 2486 quorundam
1243 2415 1390 2470 aeris
1419 2414 1570 2484 signa
1607 2414 1898 2468 exsistunt.
1935 2413 2044 2484 26

469 2511 666 2569 Itidem
708 2511 871 2580 virga:
900 2524 1022 2579 qua:
1053 2507 1210 2562 Iridis
1241 2509 1480 2562 colorem
1529 2505 1810 2561 imitantes
1841 2504 1896 2559 in
1939 2522 2043 2559 nu-

468 2606 636 2662 bibus
669 2612 833 2658 recta:
867 2600 1306 2672 conspiciuntur,
1345 2598 1552 2654 imbres
1586 2614 1649 2654 ac
1685 2607 2040 2668 tempestates

469 2699 767 2752 immensas
789 2694 873 2749 vel
905 2692 1131 2748 omnino
1156 2691 1515 2747 mutationem
1540 2682 1684 2746 aeris
1713 2691 2037 2746 diuturnum

471 2788 830 2860 portendunt.
863 2785 1027 2840 Multa
1067 2792 1267 2854 praeter
1310 2784 1424 2837 hate
1469 2781 1522 2837 in
1575 2792 1906 2852 augescente
1953 2782 2040 2836 vel

469 2882 823 2957 decrescente
865 2879 995 2932 luna
1044 2877 1411 2932 observarunt
1459 2875 1652 2930 harum
1690 2889 1874 2930 rerum
1918 2883 2039 2930 stu-

467 2973 629 3034 diosi.
667 2971 735 3026 de
785 2970 987 3040 quibus
1032 2968 1214 3038 colligi
1257 2969 1504 3036 quaedam
1549 2966 1748 3022 indicia
1787 2975 2037 3036 possunt,

468 3063 615 3134 quod
643 3078 766 3118 cum
788 3063 910 3133 ejus
938 3060 1138 3116 sideris
1167 3058 1359 3115 formis
1395 3073 1492 3113 aer
1518 3071 1740 3128 quoque
1765 3070 1926 3113 terrae
1956 3061 2039 3113 vi-

2148 1956 2451 2024 φαντασίαν
2483 1958 2602 2018 ταῖς
2635 1955 2844 2025 ὄψεσιν.
2888 1956 3048 2012 Ἀλλά
3077 1962 3174 2012 καὶ
3215 1961 3434 2016 ἐπειδὰν
3459 1965 3492 2032 ἡ
3525 1964 3724 2036 σελήνη

2154 2047 2653 2118 περιλιμνάξηται,
2687 2049 2720 2119 ἥ
2759 2049 2950 2114 ὓδατος
2989 2051 3181 2122 ἀερίου
3223 2053 3429 2124 πλῆθος
3479 2058 3513 2130 ἢ
3565 2059 3723 2111 νότου

2156 2139 2342 2211 βιαίαν
2371 2141 2584 2212 κίνησιν
2629 2143 3048 2211 ἐπαγγέλλεται.
3090 2146 3199 2198 Kal.
3225 2145 3304 2217 τῷ
3335 2147 3473 2218 ἡλίῳ
3495 2149 3552 2203 δὲ
3585 2150 3719 2204 ὅταν

2147 2231 2201 2282 αί
2248 2228 2546 2300 λεγόμεναι
2585 2230 2698 2302 ἅλῳ
2731 2234 3175 2304 περιγραφῶσιν,
3206 2236 3238 2307 ἦ
3276 2238 3372 2291 καὶ
3395 2237 3490 2303 οὓς
3519 2240 3724 2310 ὀνομά-

2145 2321 2330 2386 ζουσιν
2381 2323 2720 2392 ἀνθηλίους,
2772 2327 2904 2379 ὅταν
2961 2330 3445 2400 συμπεριτρέχωσι
3497 2335 3563 2405 τῇ
3621 2334 3718 2387 τοῦ
3778 2353 3789 2362 ·

2145 2413 2300 2483 ἡλίου
2340 2417 2502 2484 φορᾷ,
2569 2418 2998 2487 συμπτωμάτων
3051 2419 3214 2474 τινῶν
3258 2422 3451 2493 καίρια
3515 2429 3720 2496 σημεῖα

2143 2505 2379 2574 γίνεται,
2440 2504 2635 2578 ὥσπερ
2693 2507 2786 2562 οὐν
2833 2510 2930 2564 καὶ
2989 2511 3047 2563 αί
3087 2511 3275 2581 pasam
3322 2515 3379 2566 αί
3425 2519 3568 2569 κατὰ
3622 2517 3721 2588 τὴν

2144 2596 2314 2666 χρόαν
2362 2597 2462 2665 τῆς
2502 2597 2670 2668 ίριδος
2719 2600 2798 2662 εἰς
2853 2599 3016 2670 ὀρθὸν
3063 2602 3176 2662 τοῖς
3203 2603 3423 2672 νέφεσιν
3462 2608 3724 2675 ἐμφαινό-

2144 2707 2305 2758 μεναι
2334 2689 2576 2761 δμϐρους
2608 2691 2702 2744 καὶ
2730 2691 3020 2761 χειμῶνας,
3061 2691 3335 2758 ἐξαισίους
3366 2695 3398 2766 ἢ
3447 2697 3584 2759 ὅλως
3622 2700 3720 2770 τὴν

2141 2782 2236 2834 ἐπὶ
2295 2782 2548 2835 πλεῖστον
2612 2782 2920 2855 μεταϐολὴν
2977 2784 3072 2838 τοῦ
3133 2787 3299 2857 ἀέρος
3359 2788 3715 2848 ἐνδείκνυται.

2143 2871 2322 2927 Πολλὰ
2341 2872 2400 2926 δὲ
2427 2875 2518 2926 καὶ
2544 2875 2673 2944 περὶ
2711 2874 2946 2946 σελήνην
2967 2877 3347 2948 αὐξανομένην
3388 2879 3420 2948 ἢ
3449 2881 3720 2950 λήγουσιν

2138 2965 2190 3020 οἱ
2235 2965 2446 3028 τούτοις
2494 2965 2849 3037 ὲσχολακότες
2909 2970 3244 3040 τετηρήκασι
3301 2973 3598 3043 σημειώδη,
3644 2979 3719 3039 ὡς

2137 3057 2232 3113 τοῦ
2262 3061 2391 3131 περὶ
2423 3060 2526 3129 γῆν
2568 3061 2733 3132 ἀέρος
2755 3063 3066 3132 ἀναγκαίως
3102 3070 3215 3130 τοῖς
3255 3073 3528 3140 σχήμασιν
3547 3074 3715 3144 αὐτῆς

467 3159 626 3212 cinus
661 3162 1051 3211 eommutetur.
1088 3152 1226 3207 Nam
1257 3153 1302 3207 si
1339 3153 1521 3206 tenuis
1551 3165 1799 3220 puraque
1848 3151 1920 3206 sit
1950 3151 2038 3207 die

2147 3153 2745 3246 συμμεταϐαλλομένουο
2782 3155 2954 3229 λεπτὴ
3009 3158 3110 3228 μὲν
3159 3161 3266 3232 γὰρ
3292 3163 3429 3219 οὖσα
3456 3167 3584 3238 περὶ
3617 3169 3715 3236 τὴν

465 3247 652 3312 tertio,
677 3246 1029 3300 serenitatem
1061 3243 1367 3299 durabilem
1415 3242 1750 3313 pollicetur:
1791 3243 1875 3296 sin
1908 3259 2034 3298 ver-

463 3356 557 3394 sus
578 3337 955 3393 extremitates
978 3350 1158 3390 crassa
1183 3342 1239 3387 et
1267 3333 1693 3397 subrubcsccns,
1722 3333 1802 3388 vel
1835 3349 2032 3403 aquam

462 3447 495 3486 e
524 3430 768 3485 nubibus
795 3428 1074 3497 copiosam
1099 3425 1182 3482 vel
1213 3425 1384 3481 austri
1405 3425 1817 3480 concitatiorem
1844 3426 2034 3480 flatum

463 3523 724 3577 minatur.
766 3519 985 3589 Ignorat
1013 3526 1196 3571 autem
1229 3533 1389 3572 nemo
1414 3525 1681 3586 quantum
1720 3517 1912 3572 harum
1941 3532 2033 3572 re-

463 3627 585 3667 rum
616 3609 878 3666 iudicatio
912 3609 1036 3662 vita:
1077 3607 1331 3662 humanae
1361 3606 1615 3661 utilitatis
1648 3605 1860 3660 afferat.
1895 3605 2031 3660 Nam

459 3717 516 3761 ct
549 3704 587 3760 ii
615 3703 710 3774 qui
752 3703 1028 3772 navigant.
1077 3699 1147 3755 ad
1183 3699 1364 3755 sidera
1409 3699 1768 3768 respicientes
1817 3711 2030 3755 rectum

458 3795 565 3850 iter
601 3793 915 3856 instituunt.
951 3806 1254 3861 eorumque
1289 3791 1431 3846 situs
1462 3789 1732 3845 rationem
1765 3791 2032 3847 habentes

458 3886 738 3957 navigium
785 3884 1052 3954 dirigunt.
1099 3881 1238 3938 Cum
1286 3883 1437 3939 enim
1480 3883 1562 3938 sic
1603 3893 1918 3954 comparata
1958 3883 2030 3938 sit

457 3992 725 4048 aquarum
757 3983 977 4041 natura,
1026 3973 1176 4029 nulla
1229 3982 1434 4030 restent
1461 3984 1520 4029 ut
1565 3974 1618 4030 iu
1668 3975 1754 4030 eis
1799 3974 2029 4044 vestigia

457 4069 660 4138 quibus
700 4065 1099 4121 animadversis
1143 4065 1340 4120 itinera
1387 4066 1521 4120 mari
1572 4065 1838 4121 facientes
1886 4065 2025 4119 citra

455 4158 860 4214 dubilationem
903 4157 1348 4227 progrediantur,
1395 4165 1684 4227 propterea
1731 4156 1877 4212 Deus
1916 4155 2029 4212 illis

455 4251 550 4320 qui
573 4250 755 4319 ampla
785 4248 1063 4319 trajiciunt
1097 4248 1264 4302 maria
1300 4249 1464 4303 situm
1497 4259 1771 4306 astrorum
1803 4264 2030 4304 conces-

453 4346 528 4400 sit
559 4354 819 4414 tauquam
852 4343 1185 4398 marinarum
1213 4342 1534 4396 seinitarum
1569 4342 1818 4413 vestigia.
1847 4344 1924 4396 Ac
1958 4342 2026 4396 de

452 4440 541 4494 his
568 4439 791 4508 quidem
830 4437 946 4492 haec
977 4445 1291 4490 sanctorum
1326 4435 1549 4490 Patrum
1599 4444 1686 4490 est
1729 4435 2022 4490 sententia.

525 4532 723 4586 Verum
754 4529 844 4584 alii
867 4528 1093 4598 quidam
1119 4529 1326 4582 dictum
1361 4527 1490 4581 illud
1526 4527 1842 4591 Mosaicum,
1876 4527 2023 4597 quod
2055 4518 2107 4591 D

449 4620 754 4675 indicatum
773 4637 800 4675 a
817 4621 974 4676 nobis
986 4631 1091 4684 est,
1116 4629 1440 4675 enarrantes
1456 4619 1800 4689 pel-siderum
1814 4619 2038 4675 commi-

449 4715 686 4768 stionem
722 4723 884 4783 atque
901 4713 1218 4768 distantiam
1239 4713 1524 4767 universas
1541 4726 1629 4766 res
1654 4711 1923 4766 humanas
1937 4711 2036 4766 ad-

2137 3244 2324 3313 τρίτην
2363 3246 2577 3316 ἡμέραν
2619 3247 2714 3299 καὶ
2770 3246 2985 3320 καθαρά
3029 3251 3304 3324 σταθηράν
3355 3256 3534 3311 εὐδίαν
3591 3277 3718 3314 κατ-

2139 3335 2556 3403 επαγγέλλεται,
2573 3341 2774 3407 παχεῖα
2791 3339 2846 3392 δὲ
2869 3342 2988 3404 ταῖς
3014 3345 3264 3414 κεραίαις
3295 3349 3390 3401 καὶ
3412 3349 3716 3420 ὑπέρυθρος

2137 3427 2435 3496 φαινομένη
2463 3427 2495 3496 ἢ
2528 3427 2672 3498 ὕδωρ
2697 3429 2897 3502 λάϐρον
2925 3435 3030 3486 ἀπὸ
3075 3453 3252 3506 νεφων
3281 3439 3314 3510 ἢ
3353 3445 3504 3494 νότου
3534 3441 3716 3512 βιαίαν

2134 3517 2348 3586 κίνησιν
2381 3518 2616 3574 ἀπειλεῖ.
2661 3523 2774 3592 Τὴν
2811 3521 2867 3574 δὲ
2919 3526 2984 3577 ἑκ
3013 3525 3220 3581 τούτων
3256 3532 3554 3602 σημείωσιν
3591 3534 3714 3588 ὅσον

2134 3607 2212 3676 τῷ
2251 3607 2352 3678 βίῳ
2381 3611 2684 3680 παρέχεται
2728 3613 2791 3666 τὸ
2836 3615 3109 3688 ὠφέλιμον
3137 3620 3314 3686 οὐδεὶς
3345 3625 3544 3693 ἀγνοεῖ.
3571 3626 3714 3698 Ὅρα

2133 3704 2243 3772 γὰρ
2271 3703 2354 3756 δτι
2387 3707 2482 3755 καὶ
2519 3705 2569 3755 oi
2601 3707 3006 3778 ναυτιλλόμενοι
3053 3713 3192 3782 πρός
3237 3729 3298 3780 γε
3325 3715 3450 3779 τούς
3478 3718 3714 3787 ἀστέρας

2131 3797 2362 3866 ὁρῶντες
2411 3795 2509 3868 τὴν
2546 3798 2749 3870 ἀκριϐῆ
2791 3801 2978 3872 τρίϐον
3001 3803 3247 3859 ὁδεύουσι
3281 3811 3376 3862 καὶ
3406 3814 3470 3879 τῇ
3503 3817 3713 3867 τούτων

2133 3889 2284 3942 θέσει
2323 3889 2681 3961 προσέχοντες
2711 3892 2772 3946 τὸ
2809 3893 3018 3964 σκάφος
3058 3897 3349 3954 ίθύνουσινο
3384 3903 3572 3974 incisi)
3604 3907 3715 3978 γάρ

2131 3983 2196 4036 οὐ
2223 3983 2436 4052 δέχεται
2476 3983 2584 4038 τῶν
2624 3982 2833 4040 ὑδάτων
2864 3988 2896 4058 ἡ
2930 3989 3094 4058 φύσις
3141 3991 3293 4064 ἴχνη,
3327 3989 3410 4060 οἷς
3459 3999 3510 4051 ol
3542 3998 3714 4056 ὁδῖται

2132 4073 2488 4142 προσέχοντες
2534 4073 2906 4142 ἀναμφίϐολον
2953 4078 3049 4147 τὴν
3097 4083 3326 4150 πορείαν
3383 4083 3669 4138 ποιοῦνται
3695 4125 3713 4157 ,

2129 4163 2361 4217 δέδωκεν
2387 4165 2416 4216 ὀ
2451 4162 2584 4228 Θεὸς
2624 4167 2738 4227 τοῖς
2774 4168 2964 4237 μακρά
2996 4169 3304 4239 διαπερῶσι
3351 4173 3562 4246 πελάγη
3597 4170 3716 4231 οἷον

2132 4257 2251 4326 ίχνη
2300 4254 2412 4308 τῶν
2464 4254 2766 4309 θαλαττίων
2813 4259 3035 4327 τρίϐων,
3069 4261 3177 4315 τῶν
3213 4265 3461 4336 ἀστέρων
3491 4267 3593 4339 τὴν
3627 4267 3718 4322 θέ-

2131 4363 2238 4402 σιν.
2292 4347 2404 4402 Καὶ
2445 4344 2588 4399 οὕτω
2643 4345 2744 4417 μὲν
2793 4353 2921 4420 περὶ
2967 4351 3174 4407 τούτων
3211 4356 3318 4418 τοῖς
3366 4356 3542 4427 ἁγίοις
3598 4361 3716 4414 Πα-

2127 4441 2284 4510 τράσι
2310 4439 2478 4494 δοκεῖ.
3771 4510 3776 4513 ἠ

2204 4531 2424 4603 ’Έτεροι
2452 4534 2507 4588 δὲ
2536 4537 2596 4590 τὸ
2625 4537 2917 4609 διαληφθὲν
2944 4539 3457 4610 παρερμηνεύοντες
3485 4540 3718 4598 Meuani-

2134 4626 2230 4678 κον
2265 4629 2458 4697 ῥητὸν,
2493 4631 2557 4683 ὲκ
2589 4631 2690 4701 τῆς
2721 4631 2830 4685 τῶν
2862 4632 3104 4702 ἀστέρων
3139 4634 3492 4704 συγκράσεώς
3525 4653 3583 4689 τε
3622 4642 3718 4691 καὶ

2131 4716 2464 4784 διαστάσεως
2499 4722 2717 4790 λέγουσι
2749 4723 2819 4776 τὰ
2851 4722 2974 4777 καθ’
2999 4725 3149 4794 ἡμᾶς
3181 4725 3357 4781 πάντα
3389 4727 3717 4784 διοικεῖσθαι

449 4807 754 4860 ministrari
790 4807 1012 4876 regique
1044 4805 1287 4868 tradunt,
1327 4805 1746 4874 prosperitatem
1766 4812 1821 4858 et
1843 4804 2038 4857 adver-

2147 4810 2224 4861 ιαὶ
2253 4810 2616 4878 ὁιεξάγεσθαι,
2649 4815 2954 4885 εὐπραγίαν
2982 4833 3041 4870 τε
3075 4818 3168 4871 καὶ
3195 4817 3538 4889 δυσπραγίαν
3565 4823 3718 4876 ἐκεῖ.

447 4913 563 4952 sam
597 4897 870 4950 fortunam
905 4896 1142 4950 indidem
1166 4895 1520 4960 deducentcs,
1548 4894 1793 4964 adeoque
1825 4893 2034 4964 simpli-

2147 4899 2222 4952 θεν
2251 4903 2581 4972 κατάγουσι,
2615 4907 2710 4960 καὶ
2737 4907 2918 4970 ἁπλῶς
2949 4908 3050 4961 ὅσα
3078 4908 3158 4978 τῷ
3193 4908 3291 4979 βίῳ
3322 4912 3445 4964 καθ’
3471 4914 3717 4985 ἑκάστην

444 4991 585 5044 citer
609 4990 789 5044 omnia
809 5003 1152 5060 quaecunque
1182 4987 1497 5059 singulosin
1528 4987 1644 5042 dies
1675 4988 1796 5040 vita:
1819 4997 2021 5039 moria-

2147 4992 2545 5064 Ιιπροσδοκήτως
2574 4996 2998 5065 συμπίπτουσιν.
3031 4999 3189 5052 Ἀλλὰ
3217 5001 3292 5071 μὴ
3321 5002 3384 5054 σύ
3412 5018 3496 5070 γε,
3521 5006 3716 5059 τέκνον

442 5083 577 5137 llum
605 5082 881 5137 accidunt.
906 5085 973 5135 At
999 5081 1108 5136 noli
1140 5089 1192 5135 tu
1220 5080 1582 5144 committere,
1615 5079 1811 5134 dilecte
1841 5079 1937 5144 ﬁli,
1962 5087 2022 5133 ut

2147 5083 2515 5152 Παπημένον,
2547 5087 2804 5150 τοιούτοις
2834 5088 2969 5150 ὅλως
2998 5089 3207 5162 ἀνάσχῃ
3239 5091 3526 5147 πείθεσθαι
3556 5094 3716 5165 λογι-

443 5175 754 5247 hujusmodi
785 5173 1209 5246 cogitationibus
1243 5173 1405 5228 fidem
1453 5173 1677 5234 habeas.
1733 5173 1838 5227 utsi
1885 5172 2018 5226 velis

2147 5175 2315 5243 πμοίς,
2352 5175 2400 5228 εί
2443 5174 2518 5244 μὴ
2558 5176 2738 5245 βούλει
2771 5180 2894 5242 τοὺς
2933 5180 3167 5248 ἀστέρας
3205 5181 3458 5235 ἐντεῦθεν
3491 5183 3715 5248 ἀδίκους

439 5269 510 5320 ob
536 5281 655 5320 eam
688 5280 909 5320 causam
935 5265 1120 5334 iniqua
1151 5263 1487 5334 deprehendi
1511 5265 1712 5329 sidera,
1741 5263 2014 5333 siquidem

2156 5265 2493 5335 ὐρίσκεσθαι,
2524 5269 2577 5321 εί
2603 5286 2664 5338 γε
2696 5269 2820 5332 τοὺς
2851 5269 2951 5340 μὲν
2978 5273 3191 5327 ποιοῦσι
3225 5274 3480 5344 πόρνους,
3503 5276 3626 5340 τοὺς
3654 5278 3714 5330 δὲ

437 5357 577 5411 alios
608 5365 940 5409 scortatores
962 5353 1392 5418 eﬂit'iunt,-alios
1425 5353 1725 5418 adulteros,
1750 5355 1889 5408 alios
1914 5355 2015 5410 ho~

2147 5359 2377 5428 ιοιχούς,
2433 5362 2524 5413 καὶ
2576 5361 2770 5426 ἄλλους
2819 5365 2979 5417 πάλιν
3029 5368 3228 5433 φονέας
3279 5367 3375 5420 καὶ
3423 5368 3711 5439 ἅρπαγας.

439 5449 669 5504 micidas
706 5457 761 5502 et
787 5447 1092 5518 praedones.
1129 5448 1271 5515 Quin
1301 5447 1467 5503 etiam
1517 5458 1642 5503 ante
1680 5449 1796 5519 ipsa
1837 5450 2016 5505 sidera

2147 5451 2290 5503 Αλλά
2324 5453 2414 5504 καὶ
2447 5453 2553 5522 πρὸ
2585 5454 2695 5506 τῶν
2723 5455 2972 5526 ἀστέρων
3001 5457 3164 5522 αὐτὸς
3195 5458 3260 5513 ἂν
3287 5461 3315 5512 ὁ
3344 5460 3574 5531 ποιητὴς
3606 5465 3714 5514 αὐ-

437 5541 584 5596 Dcus
611 5539 805 5594 eorum
842 5537 1020 5609 opifex
1081 5537 1302 5609 iniquus
1354 5540 1716 5609 reperiretur,
1779 5541 1872 5610 qui
1925 5559 2018 5612 ge-

2148 5543 2222 5596 ὡν
2248 5545 2378 5607 Θεὶς
2410 5544 2597 5609 ἄδικος
2627 5547 2903 5619 εὑρεθείη,
2929 5549 3156 5618 γέενναν
3188 5551 3361 5622 πυρὸς
3383 5555 3495 5615 τοῖς
3527 5555 3717 5625 ἀμαρ-

437 5630 674 5685 h‘cnnam
713 5629 851 5700 ignis
885 5639 938 5685 ct
991 5630 1246 5687 tenebras
1303 5641 1578 5687 extremas
1633 5635 2018 5702 peccatoribus

2148 5635 2304 5702 ωλοῖς
2339 5637 2580 5695 ἀπειλῶν
2610 5641 2704 5694 κοιλ¹
2737 5641 2926 5707 σκότος
2959 5641 3247 5713 ἐξώτερον.
3285 5644 3426 5699 Ἀλλ’
3450 5648 3552 5700 οὐκ
3587 5648 3715 5702 ἔστι

505 5803 550 5834 ³⁵
580 5800 768 5868 Matth.
801 5819 912 5868 xu,
955 5803 1008 5858 5.
