3968 6228
236 293 304 355 73
1504 288 1823 351 ANNALII

1954 292 2147 353 PARS
2192 292 2234 351 ῐ.
3408 294 3481 357 ’74

235 406 423 469 τοῦτο,
449 408 546 460 οὐκ
578 406 726 461 ἔστιν
753 426 766 439 ο
801 406 1147 475 αὑτεξούσιος
1179 408 1285 480 γὰρ
1315 407 1389 462 ὢν
1419 409 1447 460 6
1480 406 1599 461 κατ’
1623 406 1809 461 εἰκόνα

1925 406 2175 462 ninatur.
2252 406 2368 462 Non
2422 418 2509 464 est
2547 418 2726 463 autem
2788 410 2890 464 hoc
2962 424 3175 471 verum,
3232 424 3339 461 non
3379 418 3488 462 est.

237 499 369 553 Θεοῦ
408 499 771 569 γεγενημένος
807 500 1092 571 ἄνθρωπος
1126 501 1434 572 εἱμαρμένῃ
1474 500 1567 555 καὶ
1604 500 1805 572 ἄστρα-

240 609 319 644 σιν
348 591 443 660 οὐχ
473 591 781 644 ὑπόκειται.
816 592 876 644 ΕΞ
906 592 1014 663 γὰρ
1040 592 1197 646 τοῦτο
1226 589 1325 663 ἦν,
1359 593 1460 647 οὐκ
1489 592 1556 646 ἂν
1587 596 1700 657 τοῖς
1732 591 1806 663 μὴ

240 683 374 736 κατὰ
417 680 641 752 γνώμην
674 683 1051 754 ἁμαρτάνουσι
1096 684 1204 754 πῦρ
1244 688 1271 739 ό
1308 683 1440 749 Θεὸς
1481 684 1576 737 καὶ
1618 684 1807 748 σκότος

240 772 546 842 ἠπείλησεν.
572 773 697 826 Ὅτι
731 774 787 827 δὲ
824 773 1142 845 βλασφημία
1173 773 1317 827 ἐστὶν
1352 775 1433 835 είς
1467 774 1599 828 Θεὸν
1626 775 1688 827 τὸ
1720 792 1807 829 νο-

241 863 414 932 μίζειν
439 863 500 927 ἐξ
529 865 777 933 ἀστέρων
806 865 1054 934 γίνεσθαι
1079 866 1203 929 τοὺς
1236 867 1336 936 μὶν
1366 865 1476 920 τῶν
1505 866 1807 937 ἀνθρώπων

239 959 457 1025 φονέας,
482 959 608 1021 τοὺς
637 958 694 1012 δὲ
727 958 887 1013 πάλιν
914 958 1193 1031 ἆρπαγας,
1216 960 1244 1013 6
1275 961 1569 1032 κορυφαῖος
1602 960 1807 1030 Πέτρος

237 1048 501 1119 ἀριδηλως
541 1050 700 1104 τοῦτο
733 1050 935 1119 διδάξει
976 1069 1035 1106 σε
1076 1054 1212 1124 πρὸς
1250 1053 1511 1108 Φαῦστον.
1552 1055 1659 1108 Καὶ
1699 1054 1808 1123 γὰρ

237 1145 360 1211 περὶ
392 1142 661 1209 γενέσεως
694 1143 1071 1214 διαλεγόμενος
1106 1145 1201 1200 καὶ
1234 1147 1359 1201 τάδε
1394 1146 1531 1217 πρὸς
1565 1148 1677 1210 τοῖς
1710 1146 1807 1201 ἆλ-

236 1231 341 1294 λοις
375 1233 565 1301 ἔλεγεν
589 1250 603 1264 ·
644 1253 662 1287 ι
705 1233 847 1302 Ἐγὼ
882 1236 982 1306 μὲν
1010 1237 1370 1308 ἀστρολογίας
1406 1235 1669 1307 ἔμπειρος
1705 1235 1807 1291 οὐκ

237 1324 378 1389 εἰμὶ,
412 1323 556 1378 ὥστε
586 1325 685 1396 τὴν
721 1326 933 1394 γένεσιν
964 1327 1059 1383 ἀπ’
1085 1329 1258 1400 αὐτῆς
1288 1329 1391 1396 τῆς
1423 1329 1566 1383 κατά
1594 1328 1808 1398 γένεσιν

235 1415 542 1484 ἐπιστήμης
582 1416 1004 1482 ἀνασκευὰζειν.
1029 1420 1211 1490 Ἄλλῳ
1252 1420 1309 1475 δὲ
1347 1421 1534 1493 τρόπῳ
1573 1422 1808 1492 δύναμαι

235 1504 609 1560 ἀποδεικνύειν
637 1510 719 1562 ὅτι
753 1510 892 1564 κατὰ
927 1510 1184 1583 πρόνοιαν
1214 1511 1498 1567 διοικεῖται
1529 1513 1597 1568 τὰ
1629 1514 1809 1585 πράγ-

237 1614 379 1666 ματα
405 1612 419 1628 ·
452 1599 683 1665 ἕκαστος
724 1602 832 1672 γὰρ
871 1603 1008 1673 πρὸς
1044 1602 1081 1657 ἃ.
1121 1605 1353 1674 πράττει
1384 1605 1552 1676 τιμῆς
1589 1606 1682 1659 καὶ
1721 1623 1809 1658 κο-

235 1690 435 1755 λάσεως
481 1692 759 1759 τεύξεται.
814 1713 833 1746 ι
879 1692 1313 1767 ’Δμαρτάνουσιν
1357 1692 1450 1750 οὖν
1495 1699 1543 1750 oi
1594 1697 1809 1765 γένεσιν

1909 497 2121 567 Quippe
2141 499 2207 553 ad
2239 499 2528 570 imaginem
2564 500 2654 554 Dei
2684 500 2939 555 conditus
2975 500 3161 561 homo,
3218 515 3342 552 cum
3375 498 3490 553 sui-

1907 599 2019 643 met
2058 589 2230 659 ipsius
2260 590 2333 645 sit
2365 605 2607 661 compos,
2642 606 2742 647 nec
2765 591 2874 646 fato
2905 606 3007 645 nec
3036 589 3316 645 sideribus
3366 605 3490 643 esse

1906 680 2189 751 subjectus
2215 690 2432 752 potest;
2458 682 2603 752 quod
2634 682 2679 737 si
2707 682 2887 738 locum
2922 682 3168 746 haberet,
3200 696 3308 737 non
3342 680 3489 735 Deus

1906 782 2105 841 praeter
2132 772 2301 828 animi
2324 773 2654 828 sententiam
2702 775 3054 843 peccantibus
3112 772 3293 843 ignem
3324 782 3491 841 atque

1908 863 2165 917 tenebras
2190 864 2433 920 minatus
2460 866 2676 920 fuisset.
2727 865 2794 919 Et
2817 864 2935 919 fieri
2989 880 3121 920 sane
3177 865 3489 919 convicium

1910 953 2041 1017 Deo,
2067 970 2192 1011 cum
2222 957 2348 1025 quis
2378 957 2659 1013 existimat
2709 973 2807 1027 per
2837 958 3020 1014 sidera
3053 957 3323 1027 quosdam
3386 957 3489 1010 ho—

1906 1042 2137 1100 micidas
2162 1045 2328 1111 efliei,
2364 1046 2628 1117 quosdam
2663 1058 2933 1117 raptores,
2970 1052 3231 1115 summus
3271 1048 3361 1103 ille
3396 1048 3495 1102 Pe-

1909 1146 2029 1192 trus
2052 1137 2120 1192 ad
2150 1138 2411 1193 Faustum
2446 1140 2697 1196 scribens
2726 1150 2778 1197 te
2808 1141 3049 1197 docebit.
3083 1141 3218 1195 Nam
3242 1140 3309 1195 de
3342 1149 3496 1193 nata-

1909 1226 2032 1282 litio
2066 1228 2250 1284 sidere
2274 1229 2558 1285 disserens
2596 1232 2711 1287 haec
2734 1233 2877 1288 inter
2904 1232 3010 1287 alia
3042 1231 3280 1302 profert:
3304 1231 3495 1300 «Equi-

1906 1317 2031 1372 dem
2069 1320 2380 1390 astrologize
2408 1337 2517 1376 non
2557 1336 2675 1378 sum
2707 1324 2938 1393 peritus,
2972 1334 3030 1378 ut
3054 1324 3396 1378 nativitatem
3427 1340 3493 1377 ex

1906 1407 2023 1479 ipsa
2058 1408 2126 1465 de
2151 1411 2404 1465 natalitio
2436 1413 2619 1469 sidere
2669 1415 2900 1483 scientja
2951 1415 3206 1471 refellere
3238 1415 3438 1484 possim
3476 1430 3488 1464 :

1907 1513 2101 1554 verum
2132 1500 2238 1571 27
2262 1502 2372 1557 alio
2397 1504 2633 1572 quodam
2664 1505 2827 1559 modo
2850 1522 3073 1575 possum
3110 1506 3496 1561 demonstrare

1909 1607 1998 1647 res
2037 1592 2306 1648 humanas
2332 1610 2361 1649 a
2386 1595 2742 1651 Providentia
2782 1596 3102 1667 gubernari.
3165 1598 3301 1652 Nam
3339 1596 3498 1665 quis-

1907 1698 2015 1753 que
2050 1698 2149 1752 pro
2187 1700 2380 1743 eorum
2427 1702 2550 1756 quae
2579 1687 2692 1757 agit
2718 1689 2930 1750 ratione
2963 1689 3046 1743 vel
3086 1689 3356 1750 honorem
3411 1689 3496 1743 vel

235 1781 572 1849 εἰσάγοντες,
624 1781 788 1837 αὐτὸν
825 1784 895 1837 τὰ
922 1785 1099 1839 πάντα
1144 1786 1630 1858 δημιουργήσαντα
1675 1788 1808 1842 Θεὸν

1925 1790 2133 1842 poenam
2161 1788 2557 1846 consequetur.
2591 1778 2957 1847 Quamobrem
2989 1792 3179 1835 errant
3219 1780 3314 1851 qui
3344 1789 3504 1845 nata-

237 1873 710 1943 βλασφημοῦντες.
750 1877 877 1932 Ἐπὶ
908 1878 1122 1942 τούτοις
1161 1880 1270 1950 γὰρ
1303 1878 1397 1933 τοῦ
1439 1881 1695 1951 γέροντος
1735 1882 1809 1935 εί-

234 1966 420 2031 ςτόντος
455 1968 546 2023 ὅτι
581 1968 928 2041 βλασφημεῖν
961 1974 1078 2027 ἐστι
1109 1972 1174 2027 τὺ
1206 1973 1388 2043 λέγειν
1418 1974 1501 2030 ὅτι
1534 1977 1603 2030 τὰ
1636 1977 1812 2031 πάντα

235 2058 441 2126 γενέσει
487 2060 809 2131 ὑπόκειται,
853 2064 953 2118 καὶ
994 2067 1139 2120 πάνυ
1178 2067 1208 2120 6
1246 2066 1453 2137 Πέτρος
1495 2067 1706 2137 ιλεγεν.
1750 2068 1813 2122 El

235 2150 338 2220 γὰρ
373 2154 558 2209 πᾶσαι
589 2154 649 2208 αι
679 2155 791 2210 τῶν
821 2146 1129 2228 ἀνθρώπων
1161 2158 1436 2231 ἁμαρτίαι
1470 2159 1531 2226 ιε
1564 2161 1817 2232 ἀστέρων

236 2237 467 2306 γίνονται
489 2279 510 2308 ,
549 2242 599 2295 oi.
629 2241 689 2295 δι
718 2245 949 2314 ἀστέρες
978 2244 1083 2303 ὑπὸ
1108 2246 1246 2302 Θεοῦ
1278 2247 1454 2304 ταῦτα
1484 2252 1660 2305 ποιεῖν
1688 2251 1816 2306 hd-

238 2328 435 2399 χθησαν
458 2369 475 2396 ,
516 2329 609 2385 ἵνα
650 2332 871 2386 πάντων
899 2333 1157 2402 χαλεπῶν
1187 2334 1684 2407 ἀποτελεσματικοὶ
1718 2337 1817 2406 γέ-

241 2438 462 2488 νωνται,
496 2423 763 2480 ἁπάντων
787 2424 973 2480 λοιπὸν
1001 2428 1058 2482 αῖ
1088 2428 1356 2499 ἁμαρτίαι
1385 2429 1465 2492 είς
1493 2427 1657 2484 αὐτὸν
1682 2428 1817 2483 ἁνα-

242 2515 486 2583 φέρονται
522 2516 619 2570 τὸν
648 2519 747 2591 τὴν
781 2520 993 2588 γένεσιν
1026 2521 1243 2578 ένδόντα
1275 2524 1390 2587 τοῖς
1421 2522 1679 2594 ἄστρασι.
1710 2523 1822 2578 Kal

241 2609 301 2661 τὰ
331 2611 427 2678 μὲν
457 2612 563 2663 τοΞ
597 2613 895 2682 κορυφαίου
925 2614 1155 2669 τοιαῦτα
1178 2632 1193 2646 ο
1225 2616 1330 2686 ὅρα
1357 2614 1415 2669 δὲ
1445 2616 1542 2670 καὶ
1568 2615 1622 2669 τί
1655 2632 1821 2685 φησιν

240 2696 266 2746 6
297 2698 461 2766 μέγας
503 2699 785 2765 Βασίλειος
816 2704 873 2757 ὲν
902 2703 979 2773 τῷ
1009 2705 1137 2777 περὶ
1169 2706 1474 2777 φωστήρων
1502 2705 1649 2775 {amp
1677 2706 1823 2779 λόγῳ

244 2789 420 2844 αὐτοῦ.
453 2792 577 2861 Τὴν
608 2793 718 2862 γὰρ
747 2795 1142 2866 ἀστρολογικὴν
1169 2795 1365 2868 τέχνην
1393 2798 1486 2851 επὶ
1518 2799 1684 2868 μέσου
1717 2816 1833 2853 παιΔ

244 2879 451 2947 ράγων,
491 2884 596 2936 καὶ
632 2884 779 2949 ὅπως
817 2885 928 2956 ἕχει
968 2886 1191 2955 μεθόδου
1233 2887 1646 2954 κατεξετάζων,
1680 2888 1823 2944 οὕτω

246 2973 375 3025 κατὰ
398 2976 563 3043 ῥῆμα.
584 2975 839 3042 διέξεισιν
859 2993 874 3008 ο
908 2995 925 3028 ι
965 2978 1054 3031 Ἐν
1079 2978 1143 3050 δὴ
1170 2981 1381 3044 τούτοις
1405 2984 1520 3045 τοῖς
1544 2979 1821 3050 λογισμοῖς

245 3064 368 3115 πολὺ
415 3065 516 3133 μὲν
563 3066 622 3117 τὸ
668 3068 915 3137 ἀνόητον,
964 3068 1361 3124 πολλαπλάσιον
1401 3069 1456 3122 δὲ
1498 3071 1558 3123 τὸ
1602 3072 1818 3135 ἀσεϐές.

249 3154 394 3218 Τίνος
415 3156 616 3210 ἕνεκεν
636 3157 785 3223 ;Ὅτι
813 3160 862 3211 οἱ
892 3161 1174 3213 κακοποιοὶ
1200 3160 1310 3214 τῶν
1335 3160 1581 3233 ἀστέρων
1598 3164 1697 3235 τῆς
1719 3165 1819 3217 αὺ-

247 3246 346 3299 τῶν
380 3250 659 3319 πονηρῐας
695 3249 788 3300 ἐπὶ
820 3250 910 3302 τὸν
944 3253 1247 3321 ποιήσαντα
1282 3252 1477 3315 αὐτοὺς
1513 3253 1610 3324 τὴν
1647 3254 1825 3307 αἰτίαν

254 3342 656 3407 μετατιθέασιν.
683 3344 917 3397 Ἔπειτα
957 3347 1005 3397 εἰ
1047 3345 1139 3398 καὶ
1176 3344 1284 3398 τῶν
1323 3345 1452 3414 περὶ
1492 3346 1691 3401 κακίαν
1732 3348 1826 3401 καὶ

250 3432 437 3502 ἀρετὴν
478 3436 879 3504 ἐνεργημάτων
918 3437 1019 3489 οὐκ
1065 3437 1129 3489 ὲκ
1166 3435 1259 3490 τοῦ
1307 3437 1389 3507 ἐφ’
1415 3439 1546 3508 ἡμῖν
1590 3442 1728 3491 εἰσιν
1770 3441 1826 3491 αἱ

253 3525 565 3593 ἀρχα“ο,ἀλλ’
590 3529 657 3579 ὲκ
680 3527 777 3597 τῆς
794 3528 1059 3595 γενέσεως
1085 3529 1140 3580 αί
1169 3529 1426 3597 ἀνάγκαι,
1452 3531 1700 3602 περιττοὶ
1729 3535 1826 3601 μὲν

252 3616 297 3666 oi.
321 3617 609 3685 νομοθέται
637 3618 706 3671 τὰ
740 3619 989 3688 πρακτέα
1021 3622 1153 3690 ημῖν
1178 3621 1272 3674 καὶ
1299 3621 1365 3676 τὰ
1396 3622 1631 3690 φευκτέα
1660 3623 1827 3693 διορί-

254 3707 446 3773 ζοντες,
477 3712 730 3784 περιττοὶ
761 3713 819 3767 δὲ
848 3714 896 3766 οἱ
928 3713 1181 3767 δικασταὶ
1213 3714 1414 3787 ἀρετὴν
1438 3716 1703 3786 τιμῶντες
1735 3717 1825 3771 καὶ

256 3805 508 3871 πονηρίαν
553 3804 876 3869 κολάζοντες
902 3822 916 3839 ·
954 3806 1013 3858 οὐ
1064 3806 1164 3874 μὲν
1200 3808 1311 3875 γὰρ
1350 3805 1447 3859 τοῦ
1490 3807 1725 3861 κλέπτου
1768 3808 1830 3860 τὸ

253 3890 509 3962 ἀδίκημα,
540 3895 669 3946 οὐδὲ
698 3895 793 3947 τοῦ
826 3896 1053 3965 φονέως,
1083 3889 1127 3963 ᾧ
1157 3911 1219 3964 γε
1250 3896 1370 3949 οὐδὲ
1400 3895 1713 3967 βουλομένῳ
1742 3898 1832 3951 δυ-

255 3985 403 4037 νατὸν
436 3982 504 4056 ἦν
538 3989 766 4057 κρατεῖν
798 3986 899 4054 τῆς
937 3989 1139 4059 χειρός.
1182 3988 1321 4042 Ἀλλ’
1351 3988 1451 4043 οὐκ
1490 3989 1605 4043 ἔστι
1638 3990 1830 4054 τοῦτο,

253 4077 345 4129 οὐκ
370 4077 517 4131 ἐστιν
539 4095 555 4111 ο
585 4077 935 4143 αὐτεξούσιος
960 4079 1069 4152 γὰρ
1095 4081 1123 4133 6
1146 4080 1454 4151 ἄνθρωπος,
1480 4082 1561 4135 ὅτι
1590 4084 1686 4138 καὶ
1709 4083 1832 4137 κατ’

253 4172 429 4223 εἶκόνα
468 4172 733 4244 παρήχθη
774 4171 908 4226 Θεοῦ
931 4212 947 4236 ,
988 4165 1141 4242 ὲφίἷ)
1180 4175 1395 4243 γενέσει
1434 4176 1525 4228 καὶ
1567 4174 1834 4247 ἄστρασιν

254 4267 346 4336 οὐχ
368 4265 690 4323 ὑπόκειται.
722 4283 741 4317 ι
768 4266 893 4329 Τοῖς
921 4267 1105 4336 μέντοι
1133 4265 1567 4338 προσπταίουσιν
1589 4268 1837 4339 ὁπωσδή-

254 4375 375 4413 ποτε
401 4358 524 4414 καθ’
549 4360 920 4431 εἱμαρμένην,
946 4359 1023 4424 ὡς
1048 4358 1287 4429 εἴρηται,
1314 4360 1410 4415 καὶ
1437 4361 1835 4430 συγγινώσκειν

1915 1866 2095 1927 litium
2129 1868 2285 1925 sidus
2344 1869 2724 1937 introducunt,
2768 1873 2944 1941 ipsum
3000 1874 3254 1944 opificem
3311 1889 3497 1933 rerum

1877 1959 2160 2014 .omnium
2223 1958 2398 2015 Deum
2464 1963 2718 2019 convicio
2766 1964 3004 2034 quodam
3071 1965 3431 2022 incessentes.
3471 1983 3505 2017 si

1916 2048 2128 2116 Quibus
2161 2050 2217 2106 in
2246 2051 2434 2107 verbis
2469 2054 2617 2123 quod
2643 2054 2733 2118 hic
2761 2069 2929 2109 senes
2971 2056 3414 2125 ait,,convicium
3442 2057 3500 2123 in

1919 2140 2092 2197 Deum
2127 2156 2247 2199 esse
2275 2143 2461 2200 dicere
2487 2154 2692 2208 cuncta
2712 2147 2967 2202 natslitio
3010 2147 3189 2207 sideri
3212 2162 3336 2209 esse
3363 2149 3501 2203 sub-

1918 2231 2086 2303 jects,
2140 2248 2407 2305 perquam
2470 2237 2692 2309 egregie
2749 2238 2977 2300 dicitur.
3042 2239 3178 2301 Nam
3234 2240 3283 2296 si
3313 2240 3501 2304 omnia

1919 2326 2235 2383 mortalium
2266 2338 2491 2399 peccata
2523 2329 2592 2386 ab
2636 2330 2801 2387 astris
2847 2333 3129 2398 oriuntur,
3180 2343 3331 2395 astra
3365 2348 3501 2397 veno

1919 2415 2188 2474 divinitus
2225 2418 2482 2477 ordinata
2519 2431 2651 2477 sunt
2681 2428 2837 2478 utea
2867 2421 3109 2483 efficiant
3157 2432 3216 2482 et
3250 2423 3503 2489 omnium

1920 2507 2190 2565 malorum
2219 2509 2290 2566 ab
2320 2509 2454 2580 ipsis
2508 2512 2665 2581 origo
2705 2512 3108 2582 proficiscatur,
3169 2524 3341 2575 restat
3388 2530 3510 2575 om-

1921 2603 2075 2658 nium
2101 2615 2323 2675 peccata
2354 2607 2423 2663 ad
2454 2607 2627 2662 Deum
2668 2606 2863 2663 referri
2891 2608 3119 2673 debere,
3152 2614 3247 2681 qui
3308 2610 3509 2665 nataliv-

1923 2694 2056 2750 tiam
2083 2697 2230 2752 illam
2261 2698 2370 2753 vim
2403 2698 2683 2755 sideribus
2713 2701 2994 2756 indideris.
3030 2703 3350 2773 Hujusmodi
3373 2708 3507 2757 sunt

1924 2804 2049 2859 quze
2083 2803 2337 2845 summus
2370 2790 2463 2846 ille
2499 2791 2582 2845 vir
2633 2793 2888 2862 protulit.
2948 2794 3154 2849 Practer
3203 2795 3318 2848 hzec
3380 2794 3507 2848 vide

1925 2882 2055 2951 quid
2092 2898 2320 2953 magnus
2353 2883 2443 2938 ille
2482 2883 2717 2941 Basilius
2746 2885 2801 2940 in
2849 2889 3099 2943 oratione
3158 2898 3331 2955 sexta,
3384 2904 3510 2958 qua:

1926 2981 2011 3026 est
2040 2972 2108 3026 de
2138 2972 2523 3039 luminaribus,
2552 2974 2720 3031 dicat.
2764 2976 2898 3031 Nam
2923 2980 3505 3050 artemLastrologicam

1931 3061 1986 3116 in
2016 3062 2259 3116 medium
2311 3064 2618 3131 proferens,
2673 3073 2730 3119 et
2774 3081 2897 3136 quae
2920 3069 2991 3122 sit
3043 3069 3163 3139 ejus
3217 3071 3509 3126 methodus

1923 3155 2237 3233 explorans,
2262 3156 2327 3208 ad
2359 3154 2589 3210 verbum
2625 3155 2732 3211 hoc
2753 3158 2915 3212 modo
2945 3160 3210 3229 loquitur.
3270 3161 3328 3215 ln
3359 3164 3512 3219 hisce

1926 3244 2439 3301 ratiocinationibus
2478 3261 2673 3313 magna
2732 3248 2874 3303 inest
2928 3250 3164 3304 stultitia
3218 3261 3275 3307 et
3335 3255 3512 3322 major

1926 3339 2089 3393 etiam
2128 3338 2400 3408 impietas.
2426 3338 2840 3405 Quamobrem?
2864 3340 3020 3408 Quod
3050 3344 3291 3398 malefica
3319 3346 3513 3400 noxiav-

1927 3446 2034 3499 que
2064 3430 2245 3485 sidera
2272 3432 2559 3502 pravitatis
2577 3449 2691 3489 suae
2714 3449 2934 3489 causam
2959 3434 3014 3489 in
3040 3445 3322 3491 auctorem
3346 3453 3510 3496 suum

1927 3524 2283 3580 transferant.
2321 3524 2526 3580 Deinde
2556 3526 2601 3580 si
2636 3538 2743 3581 tam
2769 3526 2965 3582 virtuti
2992 3544 3156 3598 quam
3189 3529 3343 3585 vitiis
3377 3544 3514 3585 con-

1929 3625 2317 3672 sentanearum
2348 3618 2628 3673 actionum
2674 3619 2945 3689 principia
2979 3620 3095 3675 non
3141 3631 3269 3677 sunt
3301 3622 3353 3675 in
3416 3639 3515 3677 no-

1930 3718 2039 3762 stra
2073 3717 2366 3778 potestate,
2400 3710 2493 3763 sed
2528 3725 2557 3762 a
2590 3710 3017 3766 necessitatibus
3054 3711 3300 3766 siderum
3356 3724 3513 3768 nata.

1931 3798 2176 3856 litiorum
2201 3803 2461 3872 pendent,
2491 3809 2884 3875 supervacanci
2912 3815 3041 3862 sunt
3071 3809 3252 3879 legum
3282 3810 3512 3875 latores,

1930 3894 2025 3962 qui
2056 3895 2266 3965 agenda
2312 3896 2682 3967 fugiendaque
2727 3898 2889 3953 nobis
2938 3898 3229 3953 definiunt.
3276 3901 3502 3955 Nullum

1933 3990 2182 4045 estenim
2238 3990 2324 4044 vel
2381 3990 2523 4045 furis
2560 3992 2822 4046 delictum
2857 3992 2942 4047 vel
2992 3992 3308 4057 homicidae,
3344 3993 3389 4049 si
3443 4009 3514 4047 ne

1935 4082 2126 4138 volens
2152 4084 2374 4153 quidem
2410 4085 2699 4139 continere
2731 4100 2954 4139 manum
2975 4094 3211 4154 poterat.
3250 4085 3355 4140 Sed
3404 4101 3514 4139 non

1932 4184 2017 4230 est
2049 4175 2153 4229 hoc
2180 4190 2394 4241 verum,
2457 4191 2566 4230 non
2596 4185 2702 4230 est.
2752 4176 2965 4246 Quippe
2997 4192 3112 4231 suae
3168 4178 3384 4247 spontis
3432 4186 3519 4232 est

1934 4267 2122 4335 homo,
2148 4284 2272 4322 cum
2312 4268 2378 4323 ad
2413 4269 2705 4339 imaginem
2738 4268 2834 4330 Dei
2869 4271 2939 4324 sit
2966 4268 3184 4334 factus;
3230 4283 3343 4339 quo
3375 4268 3431 4323 ﬁt
3457 4278 3519 4324 ut

1937 4374 2115 4429 neque
2148 4358 2419 4414 nativitati
2470 4368 2635 4416 certa:
2670 4376 2851 4431 neque
2915 4360 3194 4422 sideribus
3230 4361 3519 4433 subjectus

255 4450 396 4517 ἄξιον
422 4447 516 4524 ἦν,
552 4453 617 4506 οὐ
652 4451 758 4525 μὴν
787 4452 1076 4523 ἐπιφέρειν
1110 4452 1402 4523 μάστιγας,
1435 4454 1510 4516 ὡς
1538 4456 1566 4507 6
1595 4456 1823 4526 χρυσορ-

1941 4451 2032 4505 sit.
2060 4450 2200 4517 Quin
2230 4452 2395 4506 etiam
2421 4467 2644 4521 quoquo
2697 4452 2862 4507 modo
2915 4451 3367 4523 delinquentibus
3406 4455 3521 4508 fato

258 4545 439 4616 ρήμων
465 4546 731 4614 Ἰωάννης
757 4546 936 4617 φησίν.
963 4547 1073 4606 Καὶ
1097 4545 1205 4619 γὰρ
1228 4547 1285 4601 ὲν
1308 4540 1387 4609 οἷς
1414 4546 1629 4611 ἐξέθετο
1650 4546 1832 4616 λόγοις

256 4638 379 4707 περὶ
425 4637 779 4709 εῖμαρμένης
828 4638 921 4692 καὶ
962 4638 1087 4692 τάδε
1134 4638 1374 4707 διέξεισι.
1423 4637 1549 4701 Τοῖς
1596 4640 1697 4710 μὲν
1740 4636 1834 4694 οὖν

256 4728 465 4802 ἀνάγκῃ
518 4729 912 4799 κατεχομένοις
964 4728 1365 4797 συγγινώσκειν
1416 4729 1661 4799 οἴδαμεν.
1715 4729 1834 4785 Κᾶν

257 4821 358 4893 γὰρ
400 4822 511 4877 ὑπθο
554 4821 815 4892 δαίμονός
856 4837 940 4883 τις
985 4821 1372 4891 ἐνοχλούμενος
1419 4823 1452 4893 ἢ
1496 4821 1588 4875 τὸν
1631 4823 1836 4893 χιτῶνα

258 4915 519 4998 mappae!)
545 4915 640 4970 τὸν
663 4916 933 4993 ἡμέτερον
957 4917 995 4997 ᾗ
1016 4916 1231 4986 πληγὰς
1255 4915 1555 4998 ἐπενέγκῃ,
1580 4917 1642 4970 οὐ
1672 4917 1838 4987 μόνον

259 5008 317 5063 οὐ
352 4993 698 5079 κολάζομεν,
733 5007 871 5063 ἀλλὰ
907 4993 1002 5062 καῖ
1037 5008 1300 5079 ἐλεοῦμεν
1335 5011 1433 5062 καὶ
1468 4993 1841 5077 σῦγγινώσκο-

262 5120 375 5172 μεν.
393 5103 461 5161 Τί
496 5103 739 5175 δήποτε;
765 5101 889 5157 ὐτι
922 5102 1021 5171 οὐχ
1044 5105 1076 5175 ὴ
1099 5098 1495 5175 προαιρέσεως,
1534 5102 1708 5173 ἀλλ’ἢ
1744 5100 1839 5160 τοῦ

260 5196 508 5267 δαίμονος
541 5199 641 5266 βία
664 5196 838 5261 ταῦτα
865 5196 1183 5271 είργάσατο.
1206 5196 1372 5250 Ὥστε
1404 5198 1452 5250 εί
1483 5196 1577 5250 καὶ
1603 5194 1673 5248 τὰ
1703 5195 1840 5249 ἄλλα

261 5289 643 5362 ἁμαρτήματα
669 5290 777 5353 ἀπὸ
807 5290 904 5361 τῆς
936 5290 1180 5363 ἀνάγκης
1210 5289 1311 5360 τῆς
1342 5288 1487 5344 κατὰ
1515 5288 1615 5357 τὴν
1643 5288 1842 5359 εἱμαρ-

266 5385 427 5453 μένην
467 5384 737 5453 ἐγίνοντο,
783 5384 1127 5453 συνέγνωμεν
1167 5382 1232 5435 ἄν
1260 5399 1274 5414 ο
1328 5382 1515 5450 ἐπειδὴ
1559 5381 1718 5451 ῖσμεν
1759 5382 1842 5436 ὅτι

263 5473 359 5526 οὐκ
395 5475 548 5528 εστιν
590 5475 838 5547 ἀνάγκη,
880 5474 969 5529 διὰ
1005 5474 1164 5528 τοῦτο
1200 5474 1326 5527 οὐδὲ
1368 5473 1841 5542 συγγινώσκομεν.

265 5564 325 5616 Εἰ
352 5565 460 5637 γὰρ
491 5566 716 5636 ἀνάγκη
747 5567 809 5621 τὰ
838 5566 1084 5636 ἡμέτερα
1111 5566 1339 5629 ἐδέδετο,
1366 5564 1511 5628 τίνος
1540 5565 1728 5618 ἕνεκεν
1756 5563 1845 5617 τὸν

264 5657 479 5728 οίκέτην
522 5658 835 5725 κεκλοφότα
881 5656 1200 5728 μαστίζενςς
1242 5656 1331 5711 διὰ
1374 5658 1428 5710 τί
1468 5657 1567 5727 τὴν
1611 5657 1845 5722 γυναῖκα

270 5748 662 5823 μοιχευθεῖσαν
706 5749 785 5816 είς
831 5750 1114 5825 κριτήριον
1157 5750 1372 5819 ἕλκεις
1415 5750 1501 5803 ἵνα
1551 5749 1603 5804 τί
1649 5749 1705 5803 δὲ
1754 5750 1846 5810 καὶ

1940 4543 2202 4612 quodam,
2245 4552 2305 4598 ut
2329 4543 2589 4610 diximus,
2626 4560 2846 4614 aequum
2872 4553 3021 4607 esset
3052 4546 3356 4615 ignoscere,
3410 4562 3519 4603 non

1940 4634 2201 4691 adhibere
2258 4636 2508 4701 verbera,
2567 4636 3028 4705 quemadmodum
3095 4637 3523 4706 Chrysostomus

1942 4726 2037 4792 ait.
2075 4725 2212 4781 Nam
2244 4728 2297 4782 in
2332 4727 2677 4782 orationibus
2691 4744 2827 4796 quas
2850 4728 3045 4784 habuit
3072 4728 3139 4783 de
3170 4727 3301 4786 Fato
3329 4730 3524 4800 hujus-

1943 4819 2089 4873 modi
2126 4818 2374 4893 quaedam
2407 4817 2610 4874 tradit:
2652 4819 2723 4875 Iis
2757 4820 2849 4888 qui
2883 4820 3207 4883 necessitate
3230 4832 3521 4890 coguntur,

1944 4913 2227 4984 ignoscere
2248 4912 2523 4975 solemus.
2562 4911 2775 4977 Etenim
2835 4911 3030 4983 siquis
3094 4929 3123 4968 a
3178 4915 3321 4971 malo
3363 4916 3526 4985 genio

1944 5014 2173 5061 vexatus
2209 5004 2297 5062 vel
2353 5003 2593 5065 tunicam
2632 5011 2872 5065 nostram
2930 5005 3258 5063 laceraverit
3303 5006 3389 5061 vel
3428 5021 3530 5061 nos

1946 5097 2274 5157 verberibus
2305 5095 2574 5160 allecerit,
2603 5111 2713 5157 non
2742 5097 2906 5160 modo
2938 5112 3049 5159 non
3088 5099 3347 5167 punimus
3373 5114 3528 5163 eum,

1948 5191 2045 5247 sed
2073 5191 2237 5247 etiam
2272 5190 2604 5257 miseramur
2636 5191 2969 5261 veniamque
3004 5191 3290 5261 largimur.
3321 5192 3530 5260 Quam-

1948 5289 2138 5342 obrem
2172 5286 2351 5346 istuc?
2386 5285 2668 5351 Quianon
2722 5283 3033 5350 electionis,
3068 5284 3163 5338 sed
3222 5284 3347 5338 mali
3384 5282 3531 5353 genii

1951 5379 2034 5433 vis
2062 5394 2125 5433 ea
2152 5376 2479 5448 designavit.
2517 5374 2639 5442 Quo
2664 5374 2721 5429 fit
2749 5384 2807 5441 ut
2837 5374 2883 5431 si
2910 5375 3133 5445 quidem
3161 5364 3283 5430 alia
3306 5388 3531 5443 quoque

1952 5468 2149 5524 delicta
2187 5468 2256 5522 de
2300 5468 2627 5522 necessitate
2667 5464 2761 5521 fati
2819 5467 3198 5535 provenirent,
3234 5466 3529 5535 ignoscen-

1953 5562 2083 5617 dum
2115 5561 2196 5616 eis
2222 5560 2448 5613 omnino
2476 5558 2638 5613 foret.
2696 5557 2833 5612 Nam
2876 5559 2920 5613 si
2949 5559 3252 5613 necessitas
3281 5572 3371 5614 res
3433 5572 3532 5619 ne-

1954 5663 2095 5708 stras
2123 5652 2450 5707 constrictas
2490 5658 2659 5713 tenet,
2708 5650 3062 5720 quamobrem
3090 5662 3310 5701 servum
3376 5657 3532 5710 tuum

1958 5744 2163 5823 aliquid
2229 5743 2556 5803 sulluralum
2609 5741 2908 5798 verberas?
2965 5737 3323 5810 quamobrem
3378 5740 3534 5805 adul.
