3968 6228
467 176 496 195 μ

475 185 534 238 :3
620 259 625 263 _
1754 193 2175 253 menaeus
2217 196 2476 257 oues

469 296 589 349 imi
628 312 774 350 ream
815 313 1044 352 uxorem
1078 302 1132 354 in
1182 301 1271 373 jus
1304 301 1486 372 rapis?
1541 303 1900 372 quamobrem
1927 315 2030 358 tur-

2150 309 2366 382 πονηρά
2397 310 2653 383 πράττων
2679 307 2943 381 αἷσχύνῃ;
2972 308 3209 381 Εὔδηλον
3238 306 3332 365 οὖν
3364 311 3620 368 ἐντεῦθεν
3651 315 3742 367 ὅτι

468 385 554 453 pia
590 384 889 456 designans
934 389 1149 460 pudore
1199 389 1476 447 alliceris?
1525 392 1602 447 De
1671 392 1758 448 his
1807 394 2030 467 perspici

2148 401 2270 456 οὔτε
2306 401 2615 473 εἱμαρμένη
2649 400 2771 455 οὔτε
2802 400 2939 473 τύχη
2971 401 3096 455 οὔτε
3130 403 3347 470 γένεσις
3380 403 3504 457 οὔτε
3538 404 3742 476 δρόμοι

3661 198 3742 261 ’ῖέἶ

462 474 578 548 28
604 478 765 534 facile
794 487 974 550 potest
1011 497 1189 551 neque
1220 483 1391 538 fatum
1421 498 1599 555 neque
1636 484 1913 541 fortunam
1946 502 2046 542 ne-

464 584 574 637 que
601 569 941 629 nativitatem
964 585 1143 641 neque
1167 587 1393 629 cursum
1427 574 1670 630 siderum
1704 592 1793 631 res
1828 588 2047 633 nostras

464 661 791 729 gubernare.
821 660 961 715 Nam
992 663 1038 717 si
1071 662 1176 719 hoc
1204 664 1524 736 largiamur,
1558 666 1692 737 quid
1723 682 1890 737 porro
1955 683 2046 726 ne-

464 767 617 806 eessc
655 751 823 807 fuerit
847 753 1116 811 adhibere
1157 757 1377 813 labores
1417 767 1584 829 atque
1614 758 1866 829 sudores,
1926 771 2044 815 uta

465 849 612 903 vitiis
670 850 946 907 immunes
1000 853 1218 908 simus?
1267 852 1551 924 Siquidem
1604 855 1712 911 fato
1760 855 2043 911 decretum

440 951 546 999 rest
578 946 693 1000 fore
722 947 961 1016 aliquem
999 948 1223 1014 malum,
1284 949 1501 1005 etiamsi
1547 949 1828 1006 molestias
1859 950 2044 1005 inlini-

464 1039 856 1109 tassuscipiat,
911 1040 1088 1096 malus
1141 1042 1267 1097 erit.
1306 1043 1403 1096 Vel
1457 1043 1642 1112 potius
1694 1043 1805 1098 dici
1867 1043 2045 1099 malus

463 1118 1024 1202 nequaquam'debet,
1066 1135 1160 1205 qui
1202 1150 1233 1190 a
1281 1134 1607 1191 necessitate
1661 1136 1728 1191 ad
1771 1137 1875 1192 hoc
1937 1137 2045 1191 im-

465 1225 710 1294 pellitur.
756 1224 962 1292 Quodsi
990 1227 1152 1281 etiam
1186 1226 1328 1281 bona
1379 1225 1635 1281 valetudo
1666 1235 1829 1295 atque
1864 1226 2043 1281 morbi

441 1335 491 1370 -ιι
523 1318 634 1372 fato
668 1319 933 1387 pendent,
961 1334 1385 1389 supervacanea:
1417 1330 1546 1374 sunt
1573 1333 1737 1376 onum
1760 1319 2041 1393 impensae,

462 1424 871 1478 supervacanea
930 1410 1268 1464 medicorum
1303 1412 1566 1476 accessio,
1633 1425 2041 1483 supervacanea

461 1503 699 1572 denique
730 1503 909 1558 vietus
941 1503 1102 1568 ratio,
1138 1518 1301 1573 quam
1333 1504 1527 1559 morbo
1559 1504 1743 1573 aliquo
1781 1502 2041 1557 laboran-

2147 492 2396 566 ἀστέρων
2429 495 2497 548 τὰ
2541 491 2662 548 καθ’
2688 494 2839 566 ἡμᾶς
2872 494 3086 550 διοικεῖ.
3123 496 3186 549 Ei
3222 495 3331 565 γὰρ
3363 496 3524 550 τοῦτο
3558 497 3743 551 δώσο-

2150 602 2272 655 μεν,
2310 586 2394 649 τίς
2434 585 2591 656 χρεία
2629 584 2818 641 λοιπὸν
2858 586 3038 640 πόνων
3076 586 3171 641 καὶ
3216 586 3456 658 ἱδρώτων
3496 588 3637 656 πρὸς
3677 591 3742 642 τὸ

2149 675 2449 745 κατορθοῦν
2499 677 2703 748 ἀρετὴν
2757 677 2946 741 ἐσται;
2982 678 3260 749 Εἴμαρταί
3306 696 3412 731 τινι
3465 680 3737 748 γενέσθαι

2146 763 2310 827 καλός
2336 780 2350 795 ο
2388 765 2485 819 καὶ
2525 765 2805 820 καθεύδων
2840 767 2867 819 6
2900 765 3143 829 τοιοῦτος
3183 768 3275 821 καὶ
3316 768 3534 840 ῥέγχων
3569 768 3737 824 ἔσται

2145 856 2331 921 καλός.
2361 857 2579 912 Μᾶλλον
2608 859 2665 913 δὲ
2696 860 2757 913 ού
2786 860 2952 913 καλὸν
2979 860 3071 914 τδν
3099 861 3341 915 τοιοῦτον
3369 861 3517 917 ἐστιν
3546 864 3735 916 εἰπεῖν

2144 945 2236 1000 τὸν
2266 947 2324 1012 ἐξ
2355 948 2601 1017 ἀνάγκης
2631 950 2710 1015 εἰς
2741 950 2950 1004 τοιοῦτο
2975 951 3281 1023 γινόμενον.
3313 953 3410 1017 Τίς
3437 954 3599 1025 χρεία
3629 954 3737 1009 πό-

2145 1056 2250 1091 νων
2281 1037 2355 1111 (8)
2387 1040 2522 1109 πρὸς
2548 1039 2610 1093 τὸ
2637 1040 2843 1095 κακίαν
2867 1046 3092 1111 φυγεῖνς
3123 1045 3171 1096 εί
3204 1042 3477 1115 Είμαρταί
3501 1061 3607 1098 τινι
3636 1062 3708 1115 γε

2144 1128 2332 1183 νέσθαι
2367 1129 2570 1196 κακὸς,
2603 1131 2710 1185 κᾶν
2744 1131 2914 1201 μυρία
2944 1131 3264 1203 ταλαιπωρῇ
3287 1171 3304 1194 ,
3338 1132 3509 1196 κακὸς
3542 1132 3731 1188 ἔσται.

2144 1220 2362 1277 Μᾶλλον
2391 1221 2449 1275 δὲ
2479 1221 2540 1275 ού
2576 1222 2747 1276 κακὸν
2777 1222 2869 1276 τὸν
2900 1223 3088 1277 τοῦτον
3119 1223 3267 1278 ἔστιν
3299 1226 3474 1279 εἰπεῖν
3503 1224 3596 1279 τὸν
3632 1225 3731 1279 ὑπ’

2145 1315 2393 1384 ἀνάγκης
2439 1314 2579 1385 πρὸς
2618 1315 2780 1369 τοῦτο
2822 1314 3154 1387 ὠθούμενον.
3197 1317 3370 1388 Εἴπερ
3418 1318 3577 1387 ὑγεία
3631 1320 3731 1373 καὶ

2143 1406 2297 1469 νόσος
2322 1406 2421 1475 τῆς
2453 1407 2798 1477 εἱμαρμένης
2825 1407 3078 1477 ἢρτηται,
3110 1406 3344 1476 περιττά
3371 1407 3480 1471 τῶν
3503 1427 3613 1480 χρη
3625 1409 3732 1479 μά-

2126 1514 2252 1551 ητων
2276 1497 2348 1549 τὰ
2376 1495 2711 1567 ἀναλώματα
2730 1537 2746 1560 ,
2776 1497 3007 1568 περιττὴ
3037 1496 3147 1551 τῶν
3185 1498 3385 1570 ίατρῶν
3415 1501 3448 1568 ἡ
3480 1501 3727 1561 εἴσοδος.

463 1605 829 1669 teslaccurate
859 1606 1105 1651 servant.
1164 1596 1231 1651 At
1266 1612 1393 1652 cum
1451 1597 1570 1653 hare
1629 1609 2030 1667 supervacanea

2144 1590 2376 1661 περιττὴ
2415 1590 2472 1644 δὲ
2511 1590 2606 1643 καὶ
2645 1591 2678 1660 ἡ
2710 1589 2819 1644 τῶν
2855 1592 3156 1645 νοσούντων
3188 1591 3401 1664 διαίτης
3438 1592 3727 1663 ἀκρίϐεια.

461 1654 568 1740 non
607 1686 717 1741 sint
750 1688 884 1757 (quo
917 1687 1063 1741 enim
1096 1697 1255 1756 pacto
1293 1686 1348 1741 id
1388 1686 1495 1741 dici
1524 1684 1741 1756 possit?
1774 1699 1899 1739 cum
1929 1698 2030 1738 ma-

2157 1648 2299 1733 Ἀλλ’
2320 1648 2512 1753 ἐπειδὴ
2555 1681 2632 1752 μὴ
2654 1648 2883 1752 ⁴περιττὰ
2920 1678 3092 1736 ταῦτα
3132 1682 3271 1752 (πῶς
3298 1648 3430 1754 γάρ,
3469 1648 3588 1754 είγε
3622 1648 3730 1737 καὶ

458 1796 616 1848 gnam
652 1794 716 1833 ex
743 1780 828 1834 his
858 1780 1150 1835 utilitatem
1179 1779 1390 1849 percipi
1419 1776 1874 1849 conspiciamus),
1901 1777 2045 1849 jacet

460 1875 576 1926 tunc
606 1872 673 1927 de
710 1871 826 1928 fato
857 1871 1064 1937 fabula,
1095 1873 1238 1943 jacet
1268 1874 1449 1927 omnis
1482 1871 1549 1926 de
1577 1870 1833 1926 natalitio
1859 1869 2043 1926 sidere

456 1964 659 2019 oratio.
691 1965 809 2020 Non
843 1966 990 2020 enim
1030 1964 1287 2019 homines
1317 1963 1412 2018 ulli
1454 1964 1768 2020 neCessltati
1814 1962 2044 2033 subjecti

458 2071 673 2123 sumus,
699 2058 795 2111 sed
833 2056 1019 2126 potius
1041 2055 1327 2112 electionis
1348 2054 1602 2111 libertate
1633 2070 1697 2111 ac
1745 2053 2045 2110 voluntatis

456 2150 688 2204 arbitrio
753 2148 1021 2203 divinitus
1080 2147 1280 2203 ornati.
1337 2146 1472 2203 Nam
1532 2147 1580 2202 si
1631 2161 1739 2203 non
1801 2155 1886 2203 εει
1933 2160 2046 2211 suae

456 2241 670 2310 spontis
698 2240 1023 2312 atquejuris
1052 2240 1238 2307 homo,
1290 2249 1468 2295 restat
1501 2253 1647 2302 eum
1707 2255 1776 2295 ne
1827 2238 1893 2295 ad
1944 2238 2042 2294 Dei

456 2333 678 2402 quidem
734 2333 1027 2402 imaginem
1058 2343 1303 2391 creatum
1337 2347 1479 2388 esse.
1544 2332 1662 2399 Quo
1686 2333 1833 2389 enim
1882 2340 2043 2404 pacto

457 2425 817 2480 simulacrum
852 2428 1065 2479 natura:
1105 2423 1252 2478 illius
1279 2425 1647 2495 imperatricis
1678 2441 1799 2481 esse
1848 2425 2042 2496 possit,

455 2516 499 2571 si
535 2516 724 2571 hacin
782 2527 939 2586 parte
997 2516 1270 2588 discrepet
1306 2517 1374 2571 ab
1426 2517 1724 2588 exemplari
1761 2516 2047 2588 principe?

453 2610 667 2679 Quippe
699 2609 1251 2680 conveniebatatque
1280 2626 1377 2680 par
1405 2620 1544 2677 erat,
1579 2621 1641 2666 ut
1678 2611 1731 2665 id
1764 2610 1910 2682 quod
1945 2625 2043 2691 per

2146 1771 2351 1841 πολλὴν
2372 1774 2596 1844 δρῶμεν
2618 1774 2718 1844 τὴν
2745 1772 2998 1827 ἐντεῦθεν
3022 1772 3315 1845 ὠφέλειαν)
3336 1816 3351 1843 ,
3380 1774 3591 1846 οίχεται
3623 1776 3730 1846 μὲν

2145 1867 2174 1920 ό
2197 1865 2296 1935 τῆς
2327 1863 2671 1937 εἱμαρμένης
2704 1863 2900 1935 μῦθος,
2930 1866 3139 1936 οἴχεται
3167 1865 3225 1920 δὲ
3256 1866 3353 1920 καὶ
3379 1867 3407 1921 6
3434 1867 3537 1936 τῆς
3564 1867 3729 1934 γενέ-

2147 1974 2286 2024 σεως
2310 1959 2487 2025 λόγος.
2517 1959 2761 2031 Οὑδεμιᾷ
2786 1958 2895 2035 γὰρ
2924 1960 3139 2032 ἀνάγκῃ
3163 1958 3232 2013 τὰ
3261 1959 3382 2014 καθ’
3409 1960 3557 2035 ἡμᾶς
3586 1959 3729 2014 ὑπό-

2144 2064 2355 2119 κειται,
2388 2051 2681 2124 τετίμηται
2712 2053 2768 2107 δὲ
2803 2052 3002 2124 μᾶλλον
3038 2055 3409 2125 προαιρέσεως
3440 2054 3731 2127 ἐλευθερίᾳ

2144 2144 2242 2198 καὶ
2268 2142 2729 2213 αὐτεξουσιότητι.
2757 2144 2821 2196 El
2844 2144 2952 2215 γὰρ
2983 2144 3057 2214 μὴ
3085 2143 3432 2209 αύτεξούσιος
3458 2148 3485 2198 6
3511 2143 3727 2217 ἄνθρω-

2144 2252 2276 2303 πος,
2317 2234 2440 2288 οὐδὲ
2481 2236 2603 2289 κατ’
2629 2234 2815 2289 εἰκόνα
2852 2234 2990 2288 Θεοῦ
3033 2235 3291 2307 παρήχθη
3331 2235 3518 2290 λοιπόν
3543 2251 3558 2266 ⁸
3604 2236 3727 2300 πῶς

2144 2330 2238 2384 καὶ
2286 2329 2394 2402 γὰρ
2441 2330 2606 2384 εξκὼν
2652 2330 2718 2385 ἂν
2763 2329 2847 2401 εἴη
2892 2330 2992 2398 τῆς
3037 2329 3432 2400 βασιλευούσης
3475 2328 3722 2399 φύσεως,

2146 2422 2265 2477 κατ’
2289 2425 2466 2477 ὲκεϊνο
2490 2423 2550 2476 τὸ
2581 2421 2747 2499 μέρος
2776 2423 3068 2494 ἀνισότητα
3097 2424 3279 2493 φέρων
3305 2424 3440 2494 πρὸς
3463 2422 3526 2478 τδ
3553 2426 3726 2494 ἀρχέ-

2142 2533 2347 2587 τυπονς
2373 2517 2622 2589 Ἐπρεπε
2652 2516 2762 2588 γὰρ
2792 2516 2852 2569 τὸ
2892 2516 2982 2569 διὰ
3027 2517 3242 2571 πάντων
3281 2518 3420 2588 πρὸς
3459 2518 3523 2572 τὸ
3564 2517 3725 2572 Θεϊον

2142 2609 2522 2681 ὡμοιωμένον,
2544 2610 2621 2674 ὡς
2643 2611 2670 2662 6
2695 2608 2917 2677 Νύσσης
2945 2609 3139 2678 φησὶν,
3165 2611 3223 2664 ἐν
3245 2612 3311 2681 τῇ
3340 2609 3498 2680 φύσει
3522 2611 3726 2680 κεκτῆ-

452 2704 638 2758 omnia
719 2700 1119 2757 conformatum
1193 2703 1260 2757 ad
1316 2702 1731 2761 similitudinem
1793 2703 2030 2759 Numinis

2145 2701 2271 2755 σθαι
2295 2700 2357 2754 τὸ
2388 2700 2721 2772 αὐτοκρατὲς
2752 2700 2848 2754 καὶ
2875 2700 3193 2755 ἀδέσποτον.
3226 2701 3502 2756 Δέδεικται
3533 2700 3626 2754 οὖν
3654 2703 3720 2752 ὲκ

457 2807 626 2863 esset,
668 2795 1132 2865 quemadmodum
1162 2789 1441 2866 Nyssenus
1466 2796 1692 2851 antistes
1726 2796 1823 2860 ait,
1858 2795 1911 2851 in
1943 2810 2030 2852 na-

2146 2791 2355 2848 πολλῶν
2379 2793 2461 2846 ὅτι
2488 2791 2755 2861 γενέσεως
2783 2793 2997 2862 ἀνάγκῃ
3026 2793 3166 2846 κατά
3192 2791 3291 2862 τὴν
3315 2791 3422 2847 τῶν
3448 2792 3716 2844 πλειόνων

453 2896 576 2942 tura
626 2902 723 2943 sua
753 2897 1083 2958 potestatem
1127 2889 1321 2960 agendi
1358 2889 1628 2944 arbitratu
1662 2904 1761 2947 suo
1818 2889 2030 2947 habere!

2145 2886 2417 2957 ὑπόληψιν
2443 2886 2503 2938 οὐ
2533 2874 2799 2954 δεδέμεθα
2818 2901 2832 2916 ·
2860 2887 2919 2938 ού
2950 2884 3059 2955 γὰρ
3086 2883 3243 2938 τοῦτο
3270 2880 3359 2957 ἦν,
3386 2885 3433 2936 εί
3466 2885 3544 2953 μὴ
3575 2885 3718 2938 κατά

454 2976 808 3050 imperioque
842 2982 1087 3036 neminis
1129 2994 1367 3052 pareret.
1400 2981 1590 3053 Itaque
1622 2983 1812 3038 multis
1841 2983 2030 3055 proba-

2144 2980 2372 3050 γνώμην
2402 2980 2536 3050 ἡμῖν
2565 2978 2633 3033 τὰ
2665 2982 3021 3049 πραττόμενα
3051 2977 3385 3050 πράττεταις
3415 2977 3538 3033 κατ’
3563 2977 3719 3030 οὐδὲν

451 3081 566 3127 tum
619 3073 850 3128 minime
909 3089 1011 3128 nos
1057 3074 1291 3147 alicujus
1347 3075 1577 3130 natalitii
1637 3076 1854 3144 sideris,
1915 3092 2030 3146 quas

2134 3075 2201 3128 ἂν
2229 3077 2390 3145 ἡμεῖς
2418 3075 2469 3127 οἱ
2496 3073 2640 3145 λόγῳ
2670 3073 3030 3145 τετιμημένα
3055 3071 3164 3124 τῶν
3188 3071 3397 3140 ἀλόγων
3426 3069 3582 3137 ζώων
3608 3070 3719 3123 διε-

451 3166 818 3236 complurium
872 3175 955 3221 est
1004 3165 1214 3236 opinio,
1270 3168 1598 3222 necessitate
1656 3167 1837 3239 ligari.
1897 3168 2030 3223 Nam

2134 3168 2443 3240 νηνόχαμεν
2463 3182 2478 3199 ⁸
2504 3167 2616 3222 τῶν
2642 3167 2752 3236 γὰρ
2777 3166 3037 3218 τοιούτων
3066 3163 3181 3219 ἐστὶ
3207 3167 3268 3216 τὸ
3294 3162 3559 3233 ἀλλοτρίῳ
3591 3161 3719 3233 βου-

449 3257 747 3329 οεειετοίιιιὶ
783 3259 930 3315 nulla
961 3273 1018 3314 re
1054 3275 1154 3315 nos
1187 3259 1401 3316 ratione
1426 3261 1605 3315 ornati
1634 3275 1663 3314 a
1706 3261 1887 3317 brutis
1920 3261 2039 3316 ani-

447 3351 687 3406 malibus
712 3350 1092 3417 dill'erremus,
1134 3368 1369 3422 quorum
1419 3361 1506 3408 est
1534 3352 1798 3408 arbitratu
1831 3354 2032 3419 alieno,

446 3457 560 3510 quo
591 3442 768 3497 visum
798 3442 954 3497 alteri
987 3442 1176 3507 fuerit,
1208 3440 1358 3506 duci,
1390 3456 1513 3498 cum
1572 3442 1803 3496 rationis
1867 3450 2033 3512 atque

448 3535 650 3589 mentis
681 3534 958 3604 particeps
989 3544 1210 3598 natura,
1267 3535 1313 3590 si
1366 3536 1680 3590 libertatem
1736 3535 2042 3595 voluntatis.

448 3625 688 3689 amittat,
720 3625 887 3681 etiam
911 3625 1183 3681 beneﬁcio
1213 3624 1487 3681 facultatis
1516 3626 1872 3696 intelligentis
1903 3643 2030 3697 spo-

448 3712 808 3785 ἥρωι-,θυῖε
836 3718 984 3773 enim
1024 3719 1224 3773 mentis
1254 3734 1386 3774 usus
1441 3718 1490 3773 ei
1526 3716 1711 3782 fuerit,
1773 3719 1878 3774 sia
1932 3719 2029 3775 fati

2131 3262 2337 3332 λήματι
2368 3260 2507 3331 πρὸς
2532 3260 2591 3314 τὸ
2621 3258 2812 3313 δοκοῦν
2840 3258 3220 3330 περιάγεσθαι.
3253 3257 3313 3312 Ἡ
3341 3258 3399 3311 δὲ
3424 3258 3623 3328 λογική
3652 3274 3713 3321 τε

2112 3355 2229 3407 -καὶ
2255 3353 2418 3426 νοερά
2446 3352 2629 3422 φύσις,
2659 3352 2752 3409 ἐὰν
2777 3351 2838 3405 τὸ
2865 3349 2989 3403 κατ’
3012 3350 3262 3418 ἐξουσίαν
3287 3348 3587 3420 ἀπόθηται,
3615 3350 3713 3402 καὶ

2133 3445 2234 3517 τὴν
2265 3446 2427 3518 χάριν
2458 3444 2553 3499 τοῦ
2588 3443 2777 3515 νοεροῦ
2813 3426 3195 3498 συναπώλεσεν
3222 3458 3236 3473 °
3273 3443 3353 3506 είς
3383 3444 3435 3496 τί
3467 3442 3565 3495 καὶ
3600 3442 3713 3511 γὰρ

2131 3540 2392 3609 χρήσεται
2440 3538 2528 3608 τῇ⁴
2562 3535 2791 3612 διανοίᾳ,
2839 3539 2905 3608 τῇ
2952 3538 3051 3607 τῆς
3099 3534 3439 3607 εἱμαρμένης
3490 3534 3713 3606 ἀνάγκη

2130 3627 2504 3701 περιαγομένη
2555 3628 2810 3682 κάκεῖθεν
2858 3629 2949 3679 ἐπὶ
2998 3629 3064 3682 τὰ
3115 3626 3366 3696 πρακτέα
3416 3625 3713 3697 παρωθου-

2133 3721 2305 3791 μένη;
2337 3720 2448 3774 Καὶ
2476 3718 2651 3775 ταῦτα
2683 3719 2784 3791 μὲν
2812 3720 2877 3790 δὴ
2908 3723 2965 3783 ὲς
2993 3719 3267 3773 τοσοῦτον.

447 3809 777 3866 necessitate
815 3810 1070 3877 ducatur,
1099 3818 1153 3867 et
1179 3811 1249 3868 ab
1279 3828 1344 3869 ea
1380 3810 1536 3883 quasi
1590 3815 1951 3883 protrudatur
2012 3823 2069 3870 et
2104 3814 2420 3885 impellatur
2461 3813 2527 3868 ad
2581 3812 2879 3869 actiones?
2911 3814 2990 3868 Ac
3021 3813 3087 3869 de
3149 3812 3237 3867 his
3294 3811 3516 3884 quidem
3583 3812 3715 3868 hac-

447 3919 627 3967 tenus.

515 4003 600 4060 Tu
635 4019 787 4071 vero,
820 4005 1020 4060 dilecte
1048 4005 1154 4070 ﬁli,
1182 4004 1474 4075 siﬁquando
1528 4005 1733 4062 videris
1764 4005 2030 4061 infantem

445 4095 700 4151 vitiatum
730 4111 798 4150 ex
826 4096 949 4151 alvo
981 4095 1170 4150 matris
1230 4098 1414 4166 egredi
1449 4097 1542 4167 qui
1575 4097 1660 4151 vel
1697 4097 1884 4169 biceps
1945 4098 2028 4152 Vel

445 4188 766 4262 quadrupes
798 4189 891 4254 sit,
926 4187 1392 4258 quemadmodum
1421 4188 1686 4246 Mauricio
1720 4190 2028 4262 imperante

441 4281 665 4345 accidit,
695 4281 808 4341 noli
836 4281 1155 4336 existimare
1186 4296 1293 4335 non
1331 4280 1491 4337 bonis
1532 4281 1792 4345 'siderum
1827 4284 2024 4353 adspe-

441 4372 625 4428 ctibus
656 4370 927 4444 ejusmodi
956 4371 1309 4439 conformari,
1345 4372 1804 4442 quemadmodum
1832 4373 2021 4429 existi-
2051 4406 2095 4462 Β

445 4467 614 4520 mavit
643 4466 774 4519 olim
808 4464 1036 4520 Hermes
1069 4465 1187 4528 ille,
1223 4464 1318 4534 qui
1353 4481 1547 4537 magno
1573 4477 1658 4524 est
1688 4466 1832 4537 apud
1868 4465 2016 4522 Grai-

437 4572 534 4612 eos
556 4556 611 4609 in
644 4555 874 4611 honore.
930 4556 1118 4611 Potius
1148 4570 1345 4626 magno
1370 4555 1674 4617 Athanasio
1733 4563 1788 4611 et
1818 4555 2017 4612 Joanni

438 4645 834 4715 Chrysostomo
857 4646 1178 4716 eaeterisque
1209 4645 1466 4701 Patribus
1499 4644 1662 4701 ﬁdem
1726 4634 1894 4710 habe.
1923 4646 2018 4719 qui

434 4739 504 4792 de
537 4736 757 4791 homine
786 4753 816 4791 a
842 4736 1126 4795 nativitate
1156 4753 1303 4793 caeco
1351 4745 1406 4794 et
1437 4736 1615 4795 altero
1670 4753 1700 4794 a
1734 4739 2019 4795 nativitate

432 4829 629 4884 claudo
655 4829 1013 4896 disserentes,
1040 4845 1260 4885 causam
1290 4830 1487 4886 harum
1536 4828 1717 4887 rerum
1781 4833 1847 4887 ad
1881 4832 2013 4890 effe-

432 4919 661 4973 ctricem
688 4920 814 4974 vitae
845 4930 1098 4973 naturam
1128 4922 1300 4990 ipsam
1330 4923 1596 4989 referunt,
1656 4940 1765 4978 non
1795 4934 2014 4978 contra-

433 5014 545 5065 rios
575 5012 840 5081 quosdam
877 5011 1119 5067 siderum
1153 5016 1310 5068 situs.
1342 5014 1409 5070 Et
1442 5030 1561 5070 esse
1598 5026 1848 5071 naturam
1907 5017 2010 5071 lio-

432 5114 553 5152 rum
581 5114 800 5154 causam
829 5103 1181 5169 perspicuum
1206 5113 1291 5158 est
1346 5107 1600 5160 maxime.
1649 5109 1783 5162 Nam
1823 5109 2006 5163 omnia

428 5209 526 5247 sua
555 5196 791 5262 quadam
828 5197 1038 5251 ratione
1064 5196 1243 5253 facere
1273 5202 1576 5265 consuevit,
1640 5205 2002 5273 quemadmo-

429 5286 560 5340 dum
595 5302 826 5357 magnus
851 5288 943 5343 ille
1004 5289 1237 5344 Basilius
1268 5290 1516 5361 29m;
1576 5305 1629 5348 et
1688 5296 1831 5365 apud
1902 5311 2002 5349 nos

427 5380 544 5434 ovis
611 5379 939 5436 incubantes
992 5382 1307 5437 domestic-1:
1360 5385 1573 5453 gallinas
1647 5387 1754 5440 hoc
1825 5388 2001 5457 ipsum

496 5519 572 5587 (8i
620 5516 1071 5592 'lidpcbtwrzpdc
1096 5522 1160 5574 τὸ
1200 5525 1533 5590 κατορθοῖ-ν
1560 5524 1647 5589 τίς
1693 5529 1862 5592 χρεία
1896 5530 2003 5580 πό-

434 5605 592 5655 tfwr;
661 5591 783 5645 lin‘c
815 5608 934 5661 qneu
965 5597 1180 5647 submin
1209 5607 1346 5647 δτι-ιιι
1389 5596 1544 5649 ιιυὶιὶδ
1578 5591 1747 5649 colles
1784 5598 1999 5651 Fontis-

434 5663 773 5721 Cbt‘didvttsis
856 5666 1090 5726 monebit
1153 5665 1382 5727 aberant
1438 5682 1657 5742 quoque
1718 5682 1747 5719 a
1814 5667 1999 5721 t'odicc

2202 4002 2274 4055 Σὺ
2307 4002 2394 4070 δὲ,
2426 4001 2705 4073 ἀγαπητὲ,
2735 4000 2789 4054 εἷ
2817 4018 2917 4054 που
2948 4001 3041 4055 καὶ
3074 4000 3275 4073 βρέφος
3304 4002 3423 4072 ὄψει
3456 4000 3590 4057 ποτέ
3622 4022 3712 4057 σε-

2131 4095 2430 4166 σινωμένον
2462 4095 2729 4149 ἐκπίπτον
2757 4094 2854 4166 τῆς
2890 4096 3136 4166 μήτρας,
3164 4096 3212 4148 εί
3242 4093 3380 4167 τύχῃ
3412 4094 3709 4165 δικέφαλον

2125 4188 2158 4260 ἢ
2188 4186 2528 4258 τετράπουν,
2558 4187 2633 4252 ὡς
2665 4186 2758 4241 ἐπὶ
2788 4186 3095 4257 Μαυρικίου
3127 4186 3423 4257 βασιλέως,
3456 4189 3536 4255 μὴ
3567 4188 3709 4258 σχή-

2128 4297 2292 4347 μασιν
2326 4280 2575 4351 ἀστέρων
2609 4279 2708 4332 ούκ
2746 4278 2973 4349 ἀγαθοῖς
3008 4278 3338 4357 τὰίτοιαῦτα
3375 4276 3705 4331 διαπλάττε-

2128 4372 2250 4425 σθαι
2273 4371 2483 4443 νόμιζε,
2505 4371 2757 4443 καθάπερ
2781 4370 2926 4437 ἔδοξέ
2952 4388 3078 4424 ποτε
3103 4370 3196 4424 καὶ⁴
3215 4370 3292 4441 τῷ
3317 4369 3447 4441 παρ’
3471 4368 3705 4439 Ἕλλησι

2122 4464 2421 4536 τιμωμένῳ
2451 4463 2650 4536 Ἐρμῇ.
2674 4462 2870 4517 Πείθου
2892 4463 2947 4516 δὲ
2975 4462 3175 4534 μᾶλλον
3194 4462 3272 4533 τῷ
3296 4462 3517 4533 μεγάλῳ
3546 4463 3708 4515 Ἀθαρ

2117 4557 2289 4628 νασίῳ
2318 4556 2396 4625 τῷ
2423 4572 2482 4609 τε
2516 4557 2930 4629 χρυσοῤῥήμονι
2968 4554 3192 4629 Ἰωάννῃ
3222 4555 3317 4608 καὶ
3347 4556 3459 4618 τοῖς
3490 4553 3705 4621 λοιποῖς

2119 4649 2295 4720 ἁγίοις
2339 4650 2621 4720 Πατράυιο
2667 4650 2795 4720 περὶ
2835 4647 2944 4720 γὰρ
2980 4647 3074 4703 τοῦ
3120 4651 3184 4703 ἐκ
3229 4632 3454 4719 γενετῆς
3494 4647 3703 4717 τυφλοῦ

2120 4745 2213 4796 καὶ
2243 4741 2337 4795 τοῦ
2374 4744 2437 4795 ἐκ
2471 4744 2700 4815 γενετῆς
2733 4740 2906 4813 χωλοῦ
2937 4744 3029 4795 τὸν
3056 4740 3214 4812 λόγον
3246 4743 3566 4811 ποιούμενοι
3599 4741 3701 4811 τὴν

2119 4835 2552 4891 διαπλάττουσαν
2598 4837 2659 4889 τὸ
2707 4834 2847 4900 ζῶον
2894 4835 3188 4908 ᾐτιάσαντο
3240 4833 3426 4902 φύσιν,
3473 4833 3534 4886 οὐ
3591 4832 3700 4905 μὴν

2119 4928 2382 4983 ἐναντίων
2425 4928 2668 5001 ἀστέρων
2714 4928 3150 5000 σχηματισμούς.
3175 4927 3298 4980 Ὀτι
3344 4926 3399 4979 δὲ
3446 4925 3480 4997 ή
3531 4925 3699 4995 φύσις

2113 5022 2222 5077 τῶν
2256 5021 2512 5077 τοιούτων
2546 5023 2694 5076 αἰτία
2732 5022 3054 5092 σινωμάτων
3090 5020 3206 5074 ἐστὶ
3243 5019 3368 5091 (καὶ
3405 5018 3514 5089 γάρ
3552 5016 3701 5071 κατά

2113 5116 2212 5185 τὴν
2247 5115 2449 5184 ἑαυτῆς
2491 5114 2819 5171 ἀκαλουθίαν
2854 5112 3012 5167 εἴωθε
3051 5114 3125 5184 (9)
3163 5112 3230 5166 τὲ
3273 5114 3452 5166 πάντα
3494 5114 3699 5177 ποιεῖν,

2108 5205 2181 5268 ὥς
2237 5223 2401 5275 φησιν
2451 5206 2479 5257 6
2535 5207 2709 5277 μέγας
2765 5204 3088 5274 Βλσίλειος),
3142 5202 3353 5257 καλαί
3399 5199 3697 5272 παρ’ήμίν

2106 5300 2456 5362 ἐπωὰζουσαι
2504 5299 2825 5352 κατοικίδιοι
2870 5296 3083 5368 ὅρνιθες
3128 5292 3471 5367 μαρτυροῦσι
3512 5292 3691 5362 τούτῳ

2108 5389 2354 5459 causam
2392 5410 2445 5445 α.
2485 5390 2737 5462 Ὀρῶμεν
2768 5389 2876 5461 γὰρ
2910 5388 3055 5441 ἔστιν
3085 5388 3172 5442 ὅτε
3206 5391 3269 5440 ἐκ
3299 5380 3404 5439 τῶν
3434 5383 3560 5456 ᾠῶν
3582 5386 3689 5437 “sx.-

2114 5528 2448 5581 lmunclavii.

2184 5602 2258 5667 ιθ)
2297 5598 2412 5663 Τὴν
2440 5597 2958 5667 διαπλάττουσαν.

2110 5666 2247 5722 θίαν
2274 5669 2440 5723 εἴωθε
2466 5709 2479 5721 .
2514 5707 2526 5721 .
2572 5707 2583 5721 .
2627 5705 2638 5719 .
2672 5666 2765 5721 Ex.
2805 5667 2863 5723 Υ.

2995 5636 3008 5652 .
3041 5638 3053 5653 .
3083 5635 3097 5652 .
3143 5637 3156 5652 .
3188 5596 3406 5666 ἑαυτῆς
3428 5588 3703 5659 declat)?
