3968 6228
193 314 253 374 77
1480 317 1885 378 ANNttJU-n
1933 320 2124 379 mas
2165 323 2208 382 ι.
3394 309 3463 367 78

193 433 454 484 πίπτοντα
487 431 906 501 τετραπτέρυγα
937 432 1147 485 νεόττια
1184 436 1278 486 καὶ
1307 435 1633 504 τετράποδα.
1669 436 1774 487 Καὶ
1805 473 1813 496 ,

1922 439 2022 492 lare
2056 448 2346 492 testantur.
2413 437 2670 490 Videmus
2725 437 2871 489 enin:
2938 444 3333 497 nonnunquam
3401 440 3466 477 cx

193 524 298 585 τοῖς
343 524 446 590 μὲν
487 524 751 590 ἀγνοοῦσι
787 524 886 594 τὴν
923 525 1102 578 αἰτίαν
1139 524 1405 593 ἔκπληξιν
1445 527 1672 596 ἐμποιεῖ
1708 527 1775 579 τὰ

1922 530 1997 583 vis
2033 530 2323 601 provenire
2365 530 2544 600 pullos
2578 545 2702 583 cum
2760 529 2861 580 alis
2919 535 3175 594 quatuor,
3231 520 3472 584 itemque

195 617 418 670 τοιαῦτα
447 616 672 688 πολλὴν,
703 617 901 672 οὔκουν
927 605 984 673 δέ
1013 620 1104 672 καὶ
1131 621 1242 681 τοῖς
1270 617 1431 684 λόγου
1466 621 1774 690 μετέχουσι.

1922 621 2060 676 ullos
2121 621 2528 691 quadrupedes.
2590 620 2719 690 Ejus
2785 619 2859 673 rei
2918 631 3140 670 causam
3199 620 3472 681 quotquot

196 710 375 776 Τούτῳ
409 709 598 777 μέντοι
626 711 704 781 τῷ
732 711 920 782 τρόπῳ
952 708 1045 766 καὶ
1075 712 1366 779 δικέφαλον
1395 713 1520 783 ὅφιν
1552 713 1654 766 ἴδοι
1687 730 1776 776 τις

1922 720 2155 778 plorant,
2176 711 2541 766 admiratione
2570 712 2805 764 maxima
2835 709 3216 780 pet-celluntur
3246 721 3259 767 ;
3296 701 3471 756 idem-

193 801 274 863 ἂν,
309 803 407 855 καὶ
445 802 550 855 ὅσα
593 803 822 856 τοιαῦτα
867 804 1052 875 πλήρη
1087 805 1425 875 τυγχάνοντα
1471 805 1771 870 θαύματος.

1922 821 1987 858 tte
2023 821 2128 858 non
2167 819 2293 859 raro
2323 805 2487 859 etiam
2520 805 2651 859 viris
2688 821 2716 858 a
2749 803 2962 857 ratione
3016 817 3123 855 non
3189 794 3472 852 destitutis

207 893 364 945 Ἀλλὰ
412 893 487 963 μὴ
534 894 598 946 σύ
643 910 708 962 γε
751 891 1115 966 διαταραττου
1156 895 1368 949 τούτων
1409 898 1593 962 ἕνεκα,
1642 895 1778 966 μηδὲ

1931 901 2168 952 sttvenit.
2206 896 2320 952 Hoc
2352 897 2721 952 ntodoviderc
2755 910 3151 962 nonnunquam
3205 902 3289 945 cst
3354 907 3472 943 ser-

195 987 504 1040 κακοποιῶν
544 989 795 1058 ἀστέρων
837 990 1219 1054 ἀκτινοϐολίας
1272 989 1364 1042 ἐπὶ
1392 989 1606 1052 τούτοις
1635 1006 1770 1060 παρ’

1927 1001 2107 1045 entem
2162 990 2471 1062 bicipitem,
2509 991 2726 1059 aliaque
2783 989 2911 1044 talia
2966 988 3126 1057 plena
3183 999 3314 1039 sane
3379 982 3477 1035 ad-

192 1082 402 1151 eiaa'rs.
424 1080 600 1148 Ἄφες
632 1081 726 1134 ἐπὶ
775 1084 1028 1152 ματαίοις
1054 1083 1381 1152 ματαιάξειν
1403 1082 1624 1147 αὐτούς.
1655 1079 1780 1137 Ἐπὶ

1925 1083 2240 1148 tiraliouis;
2291 1101 2526 1154 quorum
2593 1095 2649 1138 tu
2697 1099 2860 1138 causa
2908 1076 3218 1152 perturbari
3279 1076 3473 1128 nolito.

197 1174 327 1227 πᾶσι
369 1173 480 1246 γὰρ
520 1175 732 1239 τούτοις
775 1179 807 1246 ή
852 1176 1000 1230 αίτία
1047 1179 1245 1246 σαφής.
1292 1179 1352 1231 EE
1398 1178 1498 1247 μὲν
1533 1178 1632 1230 οὐκ
1673 1176 1782 1231 ὲτί-

1926 1193 2066 1246 eque
2126 1177 2417 1231 noxiorum
2471 1177 2715 1232 siderum
2775 1176 2959 1228 radios
3024 1172 3113 1227 hic
3176 1171 3474 1239 excogitan

194 1281 385 1318 κτοντο
414 1266 592 1337 βρέφη
620 1267 822 1337 δίδυμά
844 1285 902 1320 τε
931 1269 1024 1322 καὶ
1052 1270 1315 1340 τρίδυμα,
1345 1265 1492 1341 εῖχες
1518 1270 1584 1324 ἄν
1607 1288 1659 1324 τι
1688 1273 1783 1323 καὶ

1931 1273 2041 1338 inc,
2075 1273 2233 1326 vanis
2275 1272 2350 1326 illi
2385 1272 2741 1341 opinionibus
2783 1269 3077 1338 desipiant.
3113 1268 3248 1321 Nam
3281 1267 3477 1318 horutn

194 1357 374 1426 λέγειν
403 1375 415 1386 ·
455 1360 580 1412 ἐπεὶ
613 1356 670 1412 δὲ
707 1361 832 1412 καθ’
860 1361 1100 1428 ἑκάστην
1135 1360 1360 1414 τοιαῦτα
1394 1363 1527 1431 ὁρᾷς
1551 1402 1565 1426 ,
1599 1363 1783 1416 καινὸν

1922 1367 2129 1420 mnium
2193 1368 2483 1440 perspicua
2531 1382 2696 1420 causa
2729 1377 2834 1420 est.
2887 1363 3093 1431 Quodsi
3151 1375 3330 1429 neque
3390 1374 3460 1425 ge

197 1449 415 1512 πάντως
441 1450 594 1502 οὐδὲν
619 1453 734 1520 εἴγε
766 1453 1254 1524 συγκεκολλημένα
1280 1453 1348 1506 τὰ
1377 1452 1573 1524 δίδυμα
1601 1455 1695 1508 καὶ
1723 1455 1783 1508 ού

1922 1457 2034 1510 telli
2067 1473 2248 1526 neque
2285 1458 2412 1512 trini
2445 1458 2588 1511 fctus
2618 1473 2727 1511 uno
2760 1465 2917 1526 partu
2952 1456 3114 1509 simul
3150 1455 3476 1511 ederentur,

194 1543 505 1616 διῃρημένα
535 1548 796 1611 πολλάκις
825 1547 923 1616 τῆς
956 1549 1176 1619 μήτρας
1207 1548 1558 1603 ἑκπίπτουσι.

1931 1553 1993 1604 ici
2049 1551 2253 1620 aliquid
2280 1552 2377 1606 abs
2408 1561 2457 1605 te
2486 1561 2688 1620 posset.
2723 1553 2792 1602 At
2824 1567 2945 1602 cum
2982 1549 3144 1602 modo
3196 1564 3306 1600 non
3347 1559 3482 1612 quo-

199 1639 329 1694 tidie
361 1640 550 1725 videas
587 1643 638 1696 id
676 1642 816 1709 ﬁeri,
860 1643 997 1698 nihil
1055 1644 1285 1701 omnino
1321 1662 1522 1700 novum
1578 1657 1684 1711 est,
1734 1648 1776 1702 si
1819 1648 2036 1719 gemelli
2102 1647 2464 1719 conglutinati
2499 1665 2562 1703 ac
2629 1665 2736 1702 non
2783 1646 3016 1717 scjuncti
3083 1656 3478 1712 nonnunquam

195 1746 262 1787 ex
293 1735 421 1788 alvo
459 1743 709 1789 materno
741 1736 1040 1805 prodeunt.
3007 1727 3011 1731 1

269 1827 684 1898 Προγινὼσκειν
713 1830 812 1898 μὲν
845 1829 941 1883 οὗν
981 1832 1076 1883 καὶ
1109 1827 1371 1903 ἀμυδρῶς
1407 1831 1502 1885 τοῦ
1555 1833 1782 1904 μέλλον-

1958 1836 2229 1890 Cancrum
2286 1835 2491 1904 aliquid
2551 1834 2876 1903 pr.evidere,
2906 1835 3084 1903 deque
3132 1832 3308 1902 signis
3356 1832 3482 1902 qui-

202 1936 287 1983 τος
327 1919 390 1972 ἐκ
430 1937 592 1974 τινων
634 1924 880 1992 σημείων
916 1925 1450 2000 καταστοχάζεσθαι,
1482 1928 1612 1980 ἄνευ
1644 1930 1792 1982 ἀντι-

1922 1929 2132 1981 iusdam
2161 1927 2217 1982 id
2275 1927 2418 1996 quod
2470 1927 2716 1980 futurum
2753 1927 2824 1980 sit
2865 1926 3290 1980 obscuriuscule
3345 1939 3483 1976 con-

199 2013 388 2080 λογίας
438 2015 536 2069 καὶ
579 2017 742 2084 ἡμεῖς
792 2016 952 2069 τοῦτο
998 2008 1431 2090 κατατιθέμεθα.
1479 2022 1646 2076 Οὐδὲν
1686 2025 1796 2095 γὰρ

1922 2023 2090 2077 ectari
2146 2017 2252 2077 non
2302 2015 2486 2092 posse,
2523 2022 2659 2078 citra
2709 2019 3203 2074 contradictionem
3259 2032 3479 2070 onmem

202 2104 292 2157 ἐπὶ
351 2106 644 2176 προδήλοις
702 2105 847 2161 οὕτω
912 2110 1242 2180 πράγμασιν
1298 2115 1650 2168 ἀντιπίπτειν
1698 2116 1796 2168 ἐπὶ

204 2197 365 2249 πλέον
397 2199 682 2268 ἱσχύομεν.
717 2201 777 2254 Et
812 2205 922 2272 γὰρ
970 2203 1066 2256 καὶ
1100 2204 1352 2276 ἥμαρτεν
1389 2209 1447 2258 ὲν
1479 2207 1797 2279 παραδείσῳ

205 2294 229 2342 ό
276 2291 587 2362 ἅνθρωπος,
646 2295 696 2348 εί
758 2296 854 2349 καὶ
916 2293 975 2348 τὸ
1032 2293 1189 2350 δοθὲν
1250 2299 1396 2368 αὐτῷ
1455 2303 1799 2371 προφητικὸν

209 2382 455 2450 χάρισμα
495 2384 734 2453 πάμπαν
764 2385 1073 2452 ἀπώλεσεν,
1095 2385 1216 2440 ἀλλ’
1250 2390 1352 2443 οὐκ
1392 2391 1608 2460 ἀφῆκεν
1635 2391 1800 2445 αὐτὸν

210 2475 233 2524 ὁ
271 2478 692 2548 πανοικτίρμων
736 2479 869 2541 Θεὸς
898 2483 1010 2543 τοῖς
1046 2482 1296 2550 ἀνοήτοις
1350 2484 1578 2556 κτήνεσι
1613 2485 1800 2539 τέλεον

213 2569 676 2637 παραϐάλλεσθαι.
718 2571 835 2642 Ἐφ’
869 2566 913 2642 ᾧ
955 2574 1049 2628 καὶ
1082 2577 1284 2645 σημεῖά
1315 2593 1440 2632 τινα
1484 2578 1673 2632 δίδωσι
1705 2578 1798 2633 τοῦ

214 2663 454 2732 προορᾷν
483 2662 674 2717 ἕνεκεν
723 2665 871 2719 ἔστιν
918 2666 1007 2720 ὅτε
1059 2668 1125 2721 τά
1173 2669 1444 2739 μέλλοντα
1499 2673 1802 2727 κάντεῦθεν

217 2755 389 2825 ἑαυτῷ
423 2758 833 2828 περιποιεῖσθαι
865 2761 1191 2832 ἀσφάλειαν.
1226 2765 1337 2818 Καὶ
1394 2765 1446 2817 τί
1492 2768 1598 2839 χρὴ
1632 2769 1802 2822 πολλὰ

217 2849 421 2920 liram;
458 2853 518 2906 Oi
561 2849 621 2905 ὲν
671 2853 748 2922 τῷ
806 2852 931 2924 ἀέρι
994 2857 1312 2926 φαινόμενοι
1371 2860 1613 2931 κομῆται
1659 2857 1804 2934 λόγῳ

224 2945 316 3013 μὲν
353 2944 574 3016 φυσικῷ
620 2948 996 3016 συνίστανται,
1023 2949 1294 3015 θανάτους
1335 2948 1392 3006 δὲ
1450 2953 1604 3023 ὅμως
1647 2955 1802 3025 βασι-

223 3035 418 3108 λέωνῆ
466 3043 560 3092 καὶ
605 3042 918 3111 προσώπων
961 3045 1248 3112 ’ἐπιφανῶν
1308 3047 1803 3116 καταγγέλλουσιν,

225 3130 294 3192 ὡς
319 3134 346 3184 ὁ
377 3132 552 3202 μέγας
585 3133 689 3202 ἔφη
725 3135 819 3187 καὶ
852 3135 1287 3207 ούρανοφὰντωρ
1313 3134 1620 3204 Βασίλειος.
1643 3140 1806 3193 Ἀλλά

223 3225 312 3276 καὶ
346 3225 579 3295 αὐχμῶν
623 3227 772 3281 ἔστιν
812 3229 901 3281 ὅτε
940 3231 1162 3298 ἀνέμων
1211 3229 1263 3284 οἱ
1294 3227 1529 3286 τοιοῦτοι
1569 3233 1800 3304 δηλωτι-

229 3318 329 3382 xei,
357 3319 408 3371 οἳ
439 3321 535 3372 καὶ
565 3319 782 3375 δοκοῦσι
822 3323 921 3392 μὲν
966 3316 1108 3376 εἶναι
1139 3324 1392 3394 ἀστέρες,
1431 3325 1531 3379 οὐκ
1571 3326 1680 3378 sisi.
1725 3326 1803 3378 δέ.

233 3412 350 3476 Πῶς
390 3414 487 3468 καὶ
523 3414 662 3488 γάρς
708 3415 825 3499 εἴγε
879 3410 1228 3471 συνίστανται
1288 3420 1407 3488 μὲν,
1445 3419 1505 3471 ού
1551 3419 1809 3489 παραμέ-

231 3517 373 3560 νουσι
406 3507 497 3560 δέ’
543 3511 642 3577 τῆς
675 3509 783 3582 γὰρ
820 3509 954 3582 ὕλης
983 3509 1060 3580 τῷ
1093 3512 1231 3578 πυρὶ
1271 3511 1710 3582 δαπανηθείσης,
1739 3513 1806 3566 δι’

232 3587 296 3666 ἧς
343 3600 370 3651 ὁ
418 3599 664 3672 κομήτης
724 3601 1084 3673 συνέστηκεν,
1123 3600 1182 3663 ὲξ
1222 3595 1470 3672 ἀνάγκης
1511 3604 1603 3656 καὶ
1651 3596 1810 3667 οὗτος

235 3691 592 3764 σϐεννύμενος
626 3694 927 3751 διαλύεται.

314 3956 450 4012 Ἀλλ’
473 3958 574 4026 ὅρα
605 3950 700 4010 καὶ
729 3955 831 4028 τὴν
855 3957 1070 4026 γένεσιν
1115 3957 1275 4013 ὁποία
1319 3959 1403 4024 τίς
1435 3961 1552 4014 ἐστι
1580 3961 1674 4015 καὶ
1715 3962 1814 4014 πό-

235 4047 326 4101 θεν
368 4048 565 4120 ἔσχηκε
609 4046 710 4119 τήν
738 4052 935 4121 ἀρχήν.
978 4049 1076 4104 Ἐκ
1105 4051 1206 4121 τῆς
1238 4054 1558 4120 καπνώδους
1588 4057 1684 4109 καὶ
1717 4055 1813 4126 ξη-

236 4140 335 4208 ρᾶς
362 4141 776 4212 ἀναθυμιάσεως
801 4143 904 4209 ἕως
936 4142 1108 4215 αὐτῆς
1144 4144 1245 4214 τῆς
1285 4145 1517 4217 σελήνης
1549 4148 1814 4216 ἀνάγεται

234 4231 322 4286 διὰ
374 4235 686 4305 κουφότητα
737 4235 949 4300 καπνὸς
989 4236 1091 4306 μὲν
1123 4232 1260 4291 οὖσα
1306 4241 1446 4292 κατὰ
1474 4239 1571 4311 τὴν
1600 4241 1814 4304 οὐσίαν,

236 4323 368 4393 φλὸξ
415 4329 471 4382 δὲ
514 4329 660 4383 κατὰ
693 4327 794 4400 τὴν
829 4327 1086 4400 δύναμιν.
1133 4331 1250 4402 Ἐφ’
1273 4325 1316 4399 ᾧ
1351 4332 1446 4384 καὶ
1478 4333 1817 4404 ὑπέκκαυμα

234 4417 436 4485 ταύτην
475 4417 931 4490 δ”Αριστοτέλης
973 4419 1226 4484 ἐκάλεσε,
1269 4422 1550 4474 τουτέστιν
1592 4423 1819 4492 ὑφειμέ-

1903 2115 2164 2169 fatemur.
2195 2114 2332 2167 Nam
2380 2113 2432 2167 iu
2477 2114 2642 2167 rebus
2677 2114 2816 2168 adeo
2869 2110 3173 2165 ιιιιιιιὶίυδιίε
3229 2111 3484 2164 resistere

1904 2208 1997 2262 diu
2042 2224 2174 2263 sane
2227 2223 2587 2272 nequeamus.
2636 2206 2958 2276 Quanquam
3001 2205 3149 2259 enim
3219 2206 3381 2256 homo
3433 2203 3488 2256 in

1905 2300 2164 2374 paradiso
2197 2303 2464 2373 peccavit,
2499 2317 2814 2372 quanquam
2845 2316 3173 2356 concessum
3207 2298 3315 2353 sibi
3346 2299 3491 2352 vati-

1905 2395 2128 2451 cinandi
2161 2412 2362 2452 munus
2392 2407 2556 2466 atque
2586 2395 2916 2450 beneficium
2949 2395 3268 2454 amisit,non
3305 2401 3488 2446 tamen

1908 2489 2051 2546 Deus
2081 2491 2172 2546 ille
2207 2491 2524 2544 misericors
2551 2505 2678 2544 eum
2716 2504 2947 2559 prorsus
2981 2487 3218 2542 similem
3251 2487 3491 2540 evadere

1905 2581 2085 2636 brutis
2109 2582 2378 2653 jumentis
2411 2582 2688 2652 permisit.
2723 2587 2843 2645 Quo
2874 2582 2931 2633 lit
2966 2591 3024 2633 ut
3053 2580 3206 2650 signa
3239 2579 3491 2648 quasdam

1906 2675 1956 2728 ei
1999 2673 2336 2742 suppeditet,
2372 2673 2438 2726 de
2483 2671 2687 2742 quibus
2729 2671 3006 2726 interdum
3063 2671 3243 2724 futura
3279 2670 3496 2739 prospi-

1908 2770 2041 2830 ciat,
2078 2760 2257 2833 eoque
2311 2774 2476 2834 pacto
2525 2764 2810 2818 securitati
2863 2777 2977 2818 suae
3024 2761 3291 2815 consulat.
3351 2760 3490 2824 Quid

1911 2853 2100 2909 multis
2144 2852 2330 2909 verbis
2359 2869 2500 2922 opus
2530 2851 2653 2907 est?
2681 2851 2782 2920 Qui
2820 2851 3239 2922 conspiciuntur
3275 2853 3328 2905 in
3366 2867 3495 2906 aere

1911 2957 2181 3013 CtilllCliB,
2227 2948 2460 3001 naturali
2521 2945 2746 3016 quidem
2804 2946 2880 3000 illi
2957 2948 3166 3000 ratione
3221 2946 3496 3014 modoque

1911 3038 2190 3102 oriuntur,
2225 3041 2322 3094 sed
2357 3040 2578 3092 interim
2626 3038 2710 3092 vcl
2750 3054 2939 3107 regum
2975 3038 3055 3089 Vel
3092 3038 3322 3091 aliarum
3371 3038 3500 3091 illu-

1914 3125 2106 3185 strium
2157 3145 2516 3200 personarum
2564 3130 2819 3186 interitus
2847 3130 3194 3186 denuntiant.
3236 3133 3500 3196 qucmal-

1918 3222 2140 3275 modum
2174 3237 2403 3290 magnus
2425 3219 2515 3275 ille
2547 3220 2968 3288 cuelcsinnique
3004 3236 3184 3272 rerum
3225 3220 3500 3288 interpres

1921 3314 2157 3369 Basilius
2223 3313 2422 3383 inquit.
2479 3313 2906 3367 luterdumwel
2949 3323 3118 3367 testus
3169 3315 3252 3366 vel
3303 3325 3502 3372 ventes,

1918 3408 2316 3462 subsecuturos
2366 3406 2629 3460 iudicant.
2686 3405 2751 3460 Et
2800 3405 3056 3458 videnlur
3107 3407 3327 3473 quidem
3377 3420 3500 3458 esse

1918 3502 2122 3568 sidera,
2174 3517 2364 3556 verum
2413 3517 2520 3553 non
2575 3510 2724 3554 sunt.
2778 3495 2881 3562 Qui
2936 3500 3083 3552 enim
3140 3513 3262 3551 esse
3319 3497 3500 3550 sidera

1921 3594 2170 3665 possint?
2198 3609 2319 3648 cum
2350 3594 2602 3646 oriantur
2632 3592 2878 3660 quidem,
2907 3592 3001 3646 sed
3029 3608 3136 3644 non
3173 3591 3505 3646 durabilitcr

1923 3696 2203 3744 maneant.
2247 3687 2378 3743 Nam
2431 3687 2680 3747 materia,
2717 3688 2783 3740 de
2815 3703 2922 3756 qua
2969 3695 3214 3740 cometes
3256 3685 3504 3750 exstitit,

1919 3797 2021 3854 per
2053 3783 2232 3852 ignem
2263 3781 2578 3849 absumpta,
2619 3780 2933 3836 necessario
2959 3790 3018 3834 et
3048 3779 3165 3848 ipse
3194 3779 3508 3834 exstinctus

1922 3875 2246 3944 dissipatur.

1995 3964 2388 4021 Animadverte
2418 3976 2601 4020 autem
2643 3975 2824 4019 ortum
2875 3963 3143 4032 ipsorum,
3194 3963 3503 4036 cujusmodi

1923 4059 1996 4113 sit
2039 4068 2098 4114 et
2144 4057 2291 4112 unde
2321 4058 2656 4128 principium
2692 4055 2913 4110 habeat.
2949 4055 3239 4111 Exsistunt
3263 4058 3508 4112 'cometaa

1923 4157 1992 4208 de
2032 4151 2247 4206 fumosa
2302 4159 2360 4206 et
2412 4151 2559 4206 sicea
2615 4150 2988 4217 exhalatione,
3037 4163 3161 4219 quae
3222 4149 3508 4205 exhalatio

1924 4249 2151 4311 propter
2191 4240 2470 4295 levitatem
2513 4255 2666 4294 suam
2702 4239 2769 4294 ad
2811 4239 3000 4294 lunam
3031 4255 3208 4309 usque
3240 4241 3506 4296 subvehi-

1929 4342 2037 4396 tur,
2071 4341 2125 4388 et
2159 4341 2355 4386 natura
2385 4332 2610 4399 quidem
2644 4332 2996 4400 essentiaque
3037 4346 3133 4386 sua
3177 4330 3362 4388 futnus
3398 4344 3504 4390 est.

1902 4440 2118 4481 .verum
2158 4425 2264 4478 vim
2298 4422 2532 4479 ﬂammae
2563 4424 2835 4481 continet.
2864 4423 2982 4489 Quo
3011 4421 3065 4476 lit
3098 4433 3157 4479 ut
3185 4423 3513 4481 Aristoteles

235 4525 328 4562 νον
361 4509 465 4581 πῦρ
488 4525 500 4539 ·
527 4513 554 4566 ό
579 4512 692 4582 γὰρ
722 4513 930 4576 καπνὸς
968 4511 1172 4582 θερμὸς
1211 4512 1309 4582 μέν
1355 4516 1495 4579 ὲστι,
1525 4509 1602 4585 μὴ
1635 4516 1813 4585 μέντοι

1931 4532 2053 4572 eam
2115 4501 2364 4570 fomitem
2412 4527 2603 4578 vocet,
2655 4513 2760 4567 hoc
2806 4523 2891 4568 est
2944 4512 3124 4583 ignem
3195 4514 3508 4569 remissum.

236 4619 302 4670 τε
349 4603 451 4674 πῦρ
504 4605 933 4676 αὐτενέργητον.
979 4605 1310 4666 Ἐξάπτεται
1367 4610 1435 4678 τῇ
1487 4607 1582 4660 τοῦ
1619 4611 1819 4671 παντὸς

237 4701 511 4770 περιφορᾷ
538 4699 998 4769 συγκινούμενον.
1045 4699 1189 4752 Ἀλλ’
1232 4701 1447 4770 ἡμέρας
1479 4699 1581 4770 μὲν
1614 4702 1672 4754 ού
1702 4702 1827 4770 φοί-ρ

241 4808 396 4845 νεται
419 4791 503 4848 διὰ
528 4796 626 4867 τὴν
655 4792 751 4847 τοῦ
782 4795 939 4865 ἡλίου
984 4771 1388 4864 μαρμαρυδγὴν,
1425 4794 1622 4860 νυκτὸς
1661 4795 1719 4848 δὲ
1755 4795 1827 4850 τὰ

243 4884 470 4940 τοιαῦτα
527 4874 752 4957 διάδηλα
803 4888 1036 4964 γίνεται.
1105 4881 1357 4940 Ἐπειδὰν
1396 4885 1492 4941 οὖν
1532 4886 1608 4962 ¹τὸ
1657 4888 1826 4958 μέρος

241 4976 339 5029 τοῦ
383 4978 806 5051 ὑπεκκαύματος
841 4979 932 5033 διὰ
965 4979 1062 5050 τὴν
1096 4977 1317 5051 κίνησιν
1366 4980 1600 5052 ἐξαφθῇ,
1636 4983 1684 5034 εἰ
1726 4983 1824 5052 μὲν

242 5070 346 5122 οὐκ
385 5071 574 5146 ἐντύχῃ
601 5074 826 5143 ἑτέραις
857 5073 1072 5134 οὐσίαις
1100 5072 1444 5143 ὲπιτηδείαις
1495 5076 1572 5138 εἰς
1607 5073 1824 5144 ἔξαψιν,

245 5162 447 5216 Θᾶττον
485 5149 963 5232 ὲναποσϐέννυται,
1003 5164 1223 5219 ἐπειδὰν
1252 5164 1310 5218 δὲ
1349 5164 1578 5236 κινηθὲν
1620 5165 1828 5236 παχείᾳ

243 5254 352 5326 ὕλῃ
391 5256 624 5330 ἐγκύρσῃ
654 5259 784 5325 τινὶ,
818 5258 999 5311 ἐκεῖσε
1027 5257 1336 5328 ἐνίσχεται·
1364 5257 1488 5311 ὅθεν
1522 5259 1556 5328 ἡ
1597 5258 1826 5328 τοιαύτη

245 5349 351 5419 ὕλη
407 5351 539 5406 κατὰ
584 5349 698 5407 πᾶν
759 5348 1104 5421 ὲξαπτομένη
1165 5351 1256 5416 αἲξ
1306 5343 1511 5408 τεκαὶ
1571 5353 1826 5422 κομήτης

243 5441 493 5509 λέγεται.
532 5439 1111 5513 Ἀποσπινθηρίζουσπι
1151 5442 1258 5512 γὰρ
1297 5441 1448 5496 δοκεί
1493 5459 1613 5496 τινα
1645 5442 1827 5511 κόμην

245 5535 407 5603 ἔχειν
439 5535 766 5606 καθειμένην
814 5538 910 5587 καὶ
956 5529 1044 5588 οἷὰ
1099 5552 1209 5586 τισι
1261 5535 1486 5604 μαλλοῖς
1535 5534 1678 5588 κατὰ
1734 5533 1830 5595 τὰς

247 5626 425 5695 αἶγας
449 5629 723 5698 βρίθεσθαι
743 5645 759 5658 ·
789 5628 967 5697 ταύτῃ
989 5646 1072 5681 τοι
1101 5629 1198 5682 καὶ
1222 5630 1468 5698 κομήτης
1500 5630 1560 5679 τὸ
1588 5624 1833 5680 τοιοῦτον

253 5720 456 5792 φάσμα
505 5723 846 5795 ὠνόμασται.
913 5717 1076 5783 Οὗτος
1131 5721 1229 5791 μὲν
1278 5724 1305 5773 ὁ
1358 5721 1606 5790 κομήτης
1659 5720 1833 5772 ἐνίοτε

257 5814 366 5871 καῖ
411 5810 746 5891 πολυήμερος
782 5814 969 5880 ἐστιν,
1004 5814 1281 5888 ἀρκούσης
1318 5815 1416 5884 τῆς
1467 5813 1838 5882 ὑποκειμένης

1929 4615 2144 4684 Quippe
2190 4613 2376 4667 lumus
2401 4621 2490 4667 est
2527 4609 2744 4666 calidus
2767 4607 2992 4679 quidem
3032 4608 3148 4672 ille,
3179 4623 3291 4664 non
3327 4619 3509 4666 tamcn

1929 4707 2071 4780 ignis
2111 4706 2163 4762 vi
2211 4722 2308 4760 sua
2348 4714 2403 4759 et
2450 4703 2748 4758 ellicaciter
2809 4716 2998 4771 agens.
3048 4700 3264 4756 Accidit
3325 4710 3512 4757 autem

1926 4799 2189 4872 deinceps
2223 4806 2282 4851 ut
2311 4785 2514 4866 agitata
2545 4808 2672 4848 cum
2719 4791 2826 4846 hoc
2864 4790 3124 4845 universo
3151 4788 3515 4844 accendatur.

1930 4893 1996 4947 Et
2027 4890 2269 4945 interdiu
2309 4887 2404 4958 qui
2445 4887 2517 4943 ob
2544 4884 2892 4956 splendorem
2929 4883 3062 4938 solis
3090 4881 3238 4936 haud
3283 4881 3510 4951 conspi-

1926 4987 2095 5050 citur,
2157 4991 2324 5039 noctu
2371 4995 2503 5037 vero
2546 4987 2798 5049 apparet.
2852 4977 3220 5046 Posteaquam
3299 4974 3509 5030 fomitis

1930 5068 2077 5133 illius
2102 5091 2227 5146 pars
2249 5074 2432 5144 aliqua
2459 5081 2684 5143 propter
2719 5078 2928 5124 motum
2955 5067 3065 5138 30
3090 5081 3324 5122 accensa
3343 5065 3519 5122 delia-

1930 5168 2193 5240 graverit,
2227 5167 2271 5220 si
2309 5165 2447 5218 alias
2471 5161 2745 5218 essentias
2773 5160 2839 5214 ad
2866 5157 3360 5214 inﬂammationem
3401 5154 3520 5208 idov

1933 5279 2066 5319 neas
2111 5275 2220 5315 non
2287 5265 2688 5327 consequatur,
2739 5253 2906 5310 citius
2963 5250 3380 5320 exstinguitur:
3429 5247 3518 5301 sin

1933 5350 2054 5419 ipso
2084 5349 2138 5403 in
2172 5354 2322 5404 motu
2347 5347 2414 5400 ad
2449 5359 2691 5400 crassam
2733 5341 3024 5412 quamdam
3063 5340 3348 5393 mate'riem
3378 5336 3520 5390 i'era-

1937 5448 2050 5504 tur,
2104 5439 2274 5509 magis
2339 5435 2630 5492 invalescit
2683 5444 2740 5488 et
2789 5442 3045 5502 attgvtur.
3110 5430 3266 5486 Unde
3333 5427 3393 5478 lit
3462 5432 3523 5478 ut

1934 5531 2252 5603 hujustnodi
2302 5529 2561 5594 materies
2614 5542 2841 5581 acciuisa
2876 5525 3096 5594 penitus
3139 5535 3298 5587 capra
3338 5531 3522 5570 come.

1940 5635 2136 5696 tesque
2190 5633 2439 5679 vocetur.
2492 5621 2708 5689 Quippe
2761 5619 2891 5672 dum
2952 5613 3248 5672 scintillat,
3302 5624 3520 5662 comam

1941 5721 2097 5788 quasi
2129 5717 2424 5788 quamdam
2458 5715 2662 5768 habere
2697 5711 2960 5781 prolixam
2991 5700 3523 5767 vidi-tul',\'elutique

1939 5810 2080 5865 lanis
2116 5824 2404 5879 caprarum
2454 5807 2507 5862 in
2561 5817 2768 5858 murem
2810 5808 3003 5852 onusta
3040 5807 3195 5855 esse;
3235 5806 3355 5853 ttUII‘
3406 5807 3520 5854 't’Sa
