3968 6228
466 288 537 353 79
1719 298 2158 360 ,MICHAEIJS
2195 299 2458 360 δινσιε
2501 310 2514 326 -
3524 367 3538 375 _
3645 291 3720 357 80

467 399 605 454 ratio
649 409 734 454 est
779 401 1136 470 quamobrem
1181 411 1446 472 cometes,
1499 404 1603 461 hoc
1643 413 1727 459 est
1773 405 2035 462 crinitum

2143 407 2290 481 αὐτῷ
2325 408 2456 481 ῦλης
2491 409 2571 474 είς
2617 410 2836 481 χρονίαν
2869 408 3081 480 ἔξαψιν.
3118 405 3403 463 Ἐντεῦθεν
3434 403 3532 462 οὖν
3567 407 3720 478 ἴσχει

464 491 618 546 sidus
659 491 991 561 appelletur.
1022 493 1088 552 Et
1127 495 1290 552 durat
1337 495 1612 552 interdum
1643 496 1839 554 diebus
1879 513 2037 553 com-

462 583 732 654 pluribus,
763 583 1023 645 nimirum
1075 589 1307 646 materie
1343 589 1588 661 subjecta
1620 590 1938 646 diuturnam
1969 589 2037 645 ad

461 676 956 740 inflammationem
996 679 1322 737 suﬂiciente.
1379 681 1456 737 De
1520 697 1686 737 causa
1734 681 1927 738 eadem
1981 691 2039 738 et

462 771 606 841 ignis
651 773 829 832 oritur
873 770 963 828 ille
993 773 1088 842 qui
1136 773 1394 829 noctibus
1439 775 1704 830 serenise
1747 773 1888 830 cmlo
1927 773 2036 828 labi

462 860 704 926 videtur,
745 871 803 920 et
833 878 996 932 quem
1043 865 1290 921 nonnulli
1335 865 1589 921 rudiores
1639 881 1762 921 esse
1809 865 2033 922 caeleste

463 957 622 1012 sidus
648 959 990 1025 existimant,
1024 977 1146 1016 cum
1179 961 1432 1018 homines
1465 962 1521 1020 in
1547 962 1700 1017 hisce
1729 961 2034 1031 disciplinis

461 1051 744 1105 exercitati
786 1053 1026 1122 speciem
1074 1054 1344 1126 ejusmodi
1391 1056 1772 1126 traiectionem
1825 1068 2038 1115 nuneu-

463 1154 612 1209 nent.
645 1145 780 1204 Cum
813 1145 960 1206 enim
1000 1147 1132 1208 illud
1156 1147 1300 1218 quod
1333 1163 1399 1204 ex
1431 1156 1582 1206 motu
1615 1156 1699 1202 est
1723 1159 2038 1209 accensum,

464 1235 517 1286 in
562 1237 819 1292 materies
861 1237 970 1306 igni
1003 1238 1368 1308 concipiendo
1408 1240 1636 1294 idoneus
1669 1237 1948 1300 inciderit,
1985 1246 2040 1289 et

464 1326 664 1381 deinde
722 1327 940 1390 ﬂamma
987 1329 1054 1384 de
1089 1344 1194 1384 una
1241 1331 1308 1384 ad
1363 1330 1526 1383 aliam
1587 1329 1876 1388 materiem
1930 1327 2039 1386 lata

461 1417 677 1488 longius
710 1435 831 1474 sese
863 1420 1068 1478 diderit
1099 1419 1244 1490 ignis
1271 1421 1339 1476 ad
1371 1421 1543 1480 basta:
1582 1421 1813 1481 formam
1841 1428 2038 1478 exten-

2136 501 2237 572 τὴν
2273 501 2488 570 γένεσιν
2528 501 2622 556 καὶ
2675 501 2736 556 τὸ
2777 500 2972 556 δοκοῦν
3025 499 3086 564 ἐξ
3135 496 3368 570 οὐρανοῦ
3421 495 3723 568 ῥίπτεσθαι

2137 593 2250 668 πῦρ
2271 595 2494 665 αἰθρίας
2523 593 2693 666 οὔσης
2732 593 2835 666 τῆς
2879 589 3097 657 νῦκτδς.
3129 591 3159 647 δ
3195 591 3261 664 δὴ
3310 590 3408 645 καί
3433 607 3580 654 τινες
3605 589 3724 643 τῶν

2135 685 2542 757 ἀγροικοτέρων
2593 686 2796 757 ἄστρον
2863 685 3119 757 οὐράνιον
3158 684 3423 756 ἥγηνται.
3465 682 3615 738 Ἀλλ’
3668 683 3721 736 οί

2137 777 2265 848 περὶ
2304 777 2373 831 τὰ
2417 776 2644 834 τοιαῦτα
2693 776 3057 849 ἠσχολημένοι
3112 775 3174 830 τὸ
3217 774 3461 830 τοιοῦτον
3517 775 3724 844 φάσμα

2138 867 2422 924 διάττοντα
2453 867 2937 939 κατονομάζουσιν.
2975 865 3229 921 Ἐπειδὰν
3265 865 3376 937 γὰρ
3401 865 3462 920 τδ
3489 866 3582 920 διὰ
3615 864 3724 936 τὴν

2141 961 2359 1032 κίνησιν
2409 961 2644 1028 ἐξαφθὲν
2695 961 2848 1024 ῦλαις
2883 959 3222 1032 ἐπιτηδείως
3271 961 3352 1021 είς
3388 957 3582 1029 ἐξαψιν
3624 959 3722 1011 ἐν-

2138 1053 2300 1126 τύχῃ.
2337 1052 2631 1108 κάντεῦθεν
2683 1053 2776 1107 ἀπ’
2824 1053 2995 1125 ἄλλης
3051 1053 3136 1116 είς
3182 1052 3352 1122 ἀλλην
3401 1050 3723 1122 φερομένης

2136 1143 2236 1212 τῆς
2271 1142 2466 1211 φλογὸς
2494 1142 2806 1214 διαδόσιμον
2837 1142 3063 1213 γένηται
3091 1140 3154 1194 τὸ
3190 1138 3490 1210 πῦρ,,κο.τὰ
3522 1135 3722 1206 σχῆμα

2136 1234 2232 1288 τοῦ
2295 1235 2522 1306 δόρατος
2578 1234 2986 1306 ἀπομηκυνθῇ,
3046 1232 3107 1288 τὸ
3171 1230 3416 1286 τοιοῦτον
3480 1229 3724 1282 διάττωιν

2137 1327 2455 1396 ὠνόμασται
2503 1327 2646 1380 κατὰ
2695 1327 2766 1381 τὰ
2819 1326 3122 1396 φαινόμενα
3163 1326 3444 1395 σχήματα,
3471 1322 3569 1376 καὶ
3616 1319 3754 1384 τὰς.

2137 1419 2456 1490 ἐπωνυμίας
2490 1419 2871 1492 ἀποπληροῦσι
2903 1421 3017 1484 τοῖς
3055 1419 3360 1488 φάσμασιν.

463 1525 578 1575 sus,
623 1511 680 1566 ﬁt
721 1513 823 1566 hoc
887 1511 1034 1582 quod
1082 1513 1461 1586 traiectionem
1503 1522 1724 1572 vocant.
1771 1513 2173 1571 Consuevimus
2213 1514 2360 1570 enim
2430 1512 2563 1568 visis
2619 1512 2891 1585 ejusmodi
2957 1525 3056 1582 pro
3103 1511 3321 1568 ratione
3389 1509 3722 1574 formarum,

463 1604 668 1673 quibus
715 1603 1158 1671 conspiciuntur,
1188 1605 1584 1675 appellationes
1609 1606 1829 1662 indere.

535 1695 879 1767 Quapropter
907 1697 1047 1766 haec,
1074 1699 1152 1755 uti
1182 1698 1455 1764 diximus,
1490 1699 1545 1754 in
1576 1700 1717 1755 coelo
1747 1699 2038 1756 collocavit
2070 1717 2116 1780 Β

466 1788 632 1854 Deus,
669 1799 731 1846 ut
768 1791 922 1862 signa
965 1793 1127 1849 nobis
1170 1802 1357 1850 essent
1400 1792 1469 1852 de
1497 1783 1699 1866 quibus
1728 1791 1876 1848 haud
1911 1792 2037 1848 vul-

464 1896 626 1948 gares
663 1882 952 1938 muniendi
985 1885 1158 1940 nostri
1184 1886 1427 1944 rationes
1450 1887 1860 1957 colligeremus.
1897 1884 2037 1941 Nam

465 1976 654 2046 aspice
705 1974 841 2031 mihi
882 1975 1082 2042 nubes,
1110 1993 1234 2048 quae
1283 1993 1410 2041 cum
1448 1979 1730 2043 interdum
1779 1982 2036 2040 lanarum

464 2067 766 2123 velleribus
806 2067 1122 2132 consimiles
1157 2079 1488 2138 cernuntur,
1521 2071 1850 2144 plerumque
1899 2079 2038 2128 tem-

467 2169 707 2230 pestates
733 2159 950 2229 pluvias
974 2160 1320 2220 denuntiant.
1340 2165 1518 2234 Atque
1543 2164 1711 2220 etiam
1739 2165 1858 2232 iris,
1874 2179 2036 2221 arcus

465 2251 728 2307 nimirum
760 2251 851 2306 ille
883 2267 1047 2323 quem
1081 2254 1133 2308 in
1160 2254 1300 2309 cmlo
1335 2255 1726 2326 conspicimus,
1756 2272 1866 2312 non
1898 2258 2035 2312 sim-

465 2344 684 2413 pliciter
721 2359 900 2416 neque
928 2344 1157 2401 fortuito
1182 2347 1389 2402 nostris
1427 2358 1602 2404 semet
1639 2349 1818 2405 oculis
1848 2348 2032 2417 oﬂert,

465 2435 561 2490 sed
602 2436 784 2505 pluvia
827 2446 1146 2508 tempestate
1189 2449 1481 2510 conspecta
1529 2440 1880 2496 serenitatem
1929 2441 2036 2501 fert

464 2543 672 2596 secum,
712 2545 934 2597 serena,
975 2531 1215 2602 pluviam
1261 2530 1530 2607 designat.
1559 2533 1685 2590 Haec
1711 2533 1857 2590 enim
1889 2532 2033 2590 Deus

468 2619 522 2674 in
552 2621 705 2691 signa
735 2623 1044 2678 constituit.

537 2715 602 2769 Et
633 2723 782 2770 caret
827 2715 928 2770 iris
976 2715 1214 2772 essentia
1270 2716 1535 2787 peculiari
1574 2732 1693 2790 sua,
1743 2717 2034 2788 solumque

344 2799 362 2810 '
464 2807 679 2872 species
734 2805 982 2875 quaedam
1050 2816 1134 2862 est
1179 2806 1497 2878 imaginaria
1544 2807 1822 2864 cernentis
1877 2822 2036 2878 aspe-

461 2907 613 2957 e'us.
644 2905 765 2952 orta
816 2897 883 2952 de
919 2898 1032 2953 sole
1083 2898 1137 2954 in
1197 2898 1373 2955 nubes
1416 2899 1655 2970 partium
1684 2899 2032 2956 diversarum

463 2987 760 3043 incidente.
795 2988 987 3045 itidem
1015 2988 1200 3049 ittmen
1224 2988 1474 3054 ambiens
1499 3003 1628 3055 area
1655 2991 1840 3062 specie
1873 2999 2034 3048 tenus

463 3078 711 3144 exsistit,
740 3094 864 3134 cum
910 3093 1106 3150 reapse
1141 3079 1280 3141 nihil
1320 3081 1394 3137 sit
1427 3079 1608 3162 deque
1656 3092 1912 3157 aspectus
1945 3097 2031 3138 re-
2058 3103 2104 3166 α

462 3171 734 3227 fraetione
770 3171 1002 3226 oriatur.
1047 3171 1121 3228 At
1163 3186 1293 3228 vero
1327 3171 1564 3245 fulguris
1608 3173 1750 3244 ignis
1793 3173 2034 3238 essentia

462 3265 728 3335 peculiari
781 3279 892 3320 non
939 3275 1112 3331 caret,
1160 3266 1377 3323 tametsi
1412 3265 1520 3330 vim
1554 3267 1749 3322 urendi
1779 3282 1889 3324 non
1937 3267 2036 3331 ba—

463 3357 606 3410 Ιιειιι.
639 3355 851 3409 Etenim
887 3356 1005 3426 ejus
1035 3365 1226 3409 natura
1253 3355 1494 3426 partium
1522 3364 1608 3411 est
1643 3355 1951 3429 subtilium,
1979 3363 2035 3410 et

461 3462 696 3516 corpora
726 3447 980 3501 celeriter
1007 3449 1268 3518 pr.eterit.
1296 3449 1414 3514 Quo
1457 3446 1515 3501 iit
1551 3455 1610 3506 ut
1655 3463 1718 3502 ea
1770 3463 1869 3503 nec
1912 3457 2036 3503 urat

467 3553 567 3593 nec
604 3537 874 3604 denigret.
904 3536 1227 3608 Quanquam
1261 3539 1411 3593 enim
1459 3539 1774 3609 huiusmodi
1823 3538 2032 3603 iulmen

466 3631 609 3699 ignis
642 3639 762 3693 est,
815 3638 869 3683 et
917 3645 948 3682 a
1002 3641 1200 3686 natura
1236 3631 1289 3686 vi
1340 3633 1624 3702 praeditum
1684 3641 1770 3687 est
1815 3632 2032 3697 urendi,

465 3730 647 3774 tamen
679 3721 800 3789 ejus
843 3719 1116 3775 subtilitas
1166 3731 1222 3777 et
1269 3731 1531 3791 praeterea
1580 3723 1874 3786 celeritas,
1923 3739 2034 3789 non

461 3811 556 3864 diu
585 3811 916 3881 corporibus
960 3812 1257 3879 inhaerens,
1300 3815 1468 3870 illaesa
1499 3815 1781 3885 relinquit.
1815 3815 2038 3872 Prester

463 3919 615 3968 vero,
648 3893 792 3960 sicut
839 3905 1016 3976 ipsum
1046 3906 1210 3961 etiam
1243 3922 1440 3963 nomen
1473 3907 1705 3973 indicat,
1745 3895 1930 3962 adurit
1971 3922 2034 3962 ea

461 4012 694 4068 corpora
729 4012 850 4066 quae
877 3998 1138 4068 attigerit.
1162 3999 1229 4053 Et
1249 4000 1431 4054 adurit
1460 4009 1747 4069 propterea
1775 3999 1921 4069 quod
1941 4013 2034 4054 se-

461 4105 586 4144 cum
619 4089 800 4144 trahat
832 4103 864 4143 e
889 4089 1033 4144 nube
1057 4091 1341 4144 materiem
1364 4090 1657 4160 quamdam
1679 4091 2034 4160 crassiorem,

459 4196 693 4250 eamque
737 4180 1063 4236 inﬂammet.
1097 4181 1408 4236 Presterem
1446 4182 1630 4251 ipsum
1666 4191 1862 4237 ventus
1895 4198 2036 4252 pra:-

461 4273 630 4328 eedit.
665 4272 822 4331 Patet
873 4273 978 4328 hoc
1013 4273 1164 4340 inde,
1198 4273 1345 4344 quod
1380 4288 1443 4329 ea
1479 4289 1598 4342 quae
1630 4274 2035 4345 conﬂagratura

464 4373 616 4431 sunt,
645 4365 799 4436 prius
829 4380 860 4420 a
883 4375 1047 4420 vento
1072 4365 1177 4448 31
1206 4365 1605 4420 convellantur.
1635 4365 1846 4439 Quippe
1871 4367 2035 4423 ﬂatus

2219 1697 2416 1752 Ἔθετο
2464 1695 2564 1767 μέν
2603 1689 2698 1750 οῦν
2731 1695 2812 1759 είς
2851 1697 3078 1768 σημεῖα,
3118 1695 3372 1766 καθάπερ
3415 1696 3660 1770 εἴρηται,
3689 1674 3722 1729 δ

2143 1788 2278 1852 Θεὸς
2308 1786 2483 1843 ταῦτα
2521 1787 2588 1858 δὴ
2635 1786 2707 1843 τὰ
2740 1787 2866 1842 κατ’
2901 1785 3258 1855 ούρανδν,’ὤς
3303 1787 3558 1844 ἐντεῦθεν
3581 1791 3725 1862 ἡμῖν

2143 1883 2449 1953 ἀσφάλειαν
2493 1883 2557 1937 οὐ
2613 1883 2711 1956 τὴν
2765 1883 3040 1956 τυχοῦσαν
3106 1883 3522 1954 προσγίνεσθαι.
3569 1884 3722 1957 Ὅρα

2143 1977 2254 2046 γὰρ
2287 1975 2367 2029 ὅτι
2419 1975 2518 2031 καὶ
2561 1975 2632 2028 τὰ
2657 1974 2796 2048 νέφη
2837 1975 3028 2039 πόκοις
3083 1975 3248 2046 ἐρίων
3302 1975 3544 2046 φανέντα
3584 1977 3721 2031 ποτέ

2143 2066 2503 2138 παραπλήσια
2527 2065 2804 2137 χειμῶνας
2831 2066 3002 2120 ἐνίοτε
3027 2067 3517 2138 προσημαίνουσιν.
3554 2068 3724 2124 Ἀλλὰ

2141 2160 2238 2215 καὶ
2269 2154 2380 2229 ῐρις
2429 2157 2591 2229 αὑτὴ,
2621 2158 2683 2212 τδ
2718 2157 2840 2211 κατ’
2869 2156 3096 2229 ούρανδν
3144 2157 3350 2229 δηλαδὴ
3383 2160 3723 2230 φαινόμενον

2140 2249 2317 2321 τάξιν,
2344 2249 2419 2312 ὡς
2453 2249 2554 2320 οὐχ
2591 2247 2778 2314 ἁπλῶς
2809 2251 2920 2313 τοῖς
2975 2248 3277 2320 ὀφθαλμοῖς
3320 2251 3482 2323 ἡμῶν
3523 2253 3622 2307 καὶ
3642 2253 3722 2318 ὡς
3785 2323 3790 2326 ,

2140 2345 2299 2415 ετυχε
2329 2339 2656 2417 πρόκειται*
2691 2340 2965 2411 χειμῶνος
3011 2339 3112 2410 μὲν
3154 2340 3261 2413 γὰρ
3307 2340 3449 2413 αὕτη
3481 2344 3723 2412 φανεῐσα

2143 2434 2410 2510 εὐδιεινὴν
2453 2431 2710 2506 ἐπιφέρει
2753 2431 3126 2496 κατάστασιν,
3180 2431 3368 2498 εὐδίας
3421 2433 3478 2487 δὲ
3549 2432 3724 2504 οῦσης

2141 2529 2254 2598 είγε
2281 2527 2503 2599 φανείη,
2530 2524 2775 2600 χειμῶνα
2806 2523 3118 2578 τούναντίον
3146 2524 3408 2596 ἐμήνυσε.
3429 2523 3540 2578 Καὶ
3565 2523 3724 2578 ἔθετο

2140 2619 2272 2695 γὰρ,
2313 2617 2470 2691 φησὶ,
2499 2618 2674 2673 ταῦτα
2701 2620 2782 2681 εἰς
2796 2615 3040 2685 σημεῖα.

2228 2712 2376 2768 Ἀλλ’
2411 2714 2446 2785 ἠ
2493 2713 2593 2784 μέν
2621 2707 2735 2784 ἶρις
2763 2708 3140 2772 ἀνυπόστατός
3190 2711 3326 2776 ἐστι,
3365 2707 3636 2778 φαντασία
3663 2707 3722 2760 δέ

2143 2806 2307 2877 μόνον
2336 2805 2432 2875 τῆς
2463 2805 2678 2883 ὁρώσης
2700 2803 2899 2874 ὅψεως,
2930 2803 2989 2870 ἐξ
3020 2799 3176 2875 ἡλίου
3211 2800 3583 2870 συνισταμένη
3627 2801 3722 2853 νέ-

2139 2910 2297 2964 φεσιν
2345 2891 2799 2968 ἀνομοιομερέσιν
2852 2890 3244 2961 ἐμπίπτοντος.
3311 2887 3475 2942 ’Δλλὰ
3525 2889 3625 2941 καὶ
3683 2888 3720 2958 ἠ

2139 2987 2283 3042 κατὰ
2313 2984 2540 3057 σελήνην
2571 2983 2715 3048 ἄλως
2751 2983 2991 3057 ἔμφασις
3023 2983 3286 3047 ὡσαύτως
3312 2980 3481 3043 ἐστὶν,
3511 2979 3573 3032 οὐ
3609 2977 3723 3050 μὴν

2140 3079 2458 3144 ὑπόστασις,
2491 3079 2552 3146 ἐξ
2583 3076 2932 3142 ἀνακλάσεως
2963 3078 3060 3148 τῆς
3088 3077 3287 3148 ὂψεως.
3311 3077 3386 3132 Τὸ
3408 3075 3464 3129 δέ
3499 3073 3719 3144 ἀστρα-

2135 3172 2296 3226 παϊον
2349 3170 2464 3240 πῦρ
2513 3170 2882 3227 ἐνυπόστατον
2929 3170 3032 3241 μέν
3087 3171 3258 3234 ἐστιν,
3281 3168 3382 3223 οὐκ
3427 3167 3540 3239 ἔχει
3566 3167 3629 3222 δὲ
3659 3164 3724 3222 τὸ

2135 3260 2368 3336 φλέγον·
2409 3246 2752 3338 λεπτομερὴς
2779 3260 2890 3334 γὰρ
2922 3259 3140 3339 ἡούσία
3188 3257 3372 3315 αὑτοῦ.
3414 3258 3578 3313 Ἀλλὰ
3619 3259 3722 3314 καὶ

2133 3351 2207 3404 τὰ
2252 3351 2484 3423 σώματα
2545 3350 2758 3421 ταχέως
2819 3353 3182 3427 παρέρχεται,
3233 3349 3358 3405 ὅθεν
3399 3349 3523 3404 οὔτε
3570 3349 3723 3405 καίει

2135 3441 2257 3508 οὔτε
2294 3442 2537 3512 μελαίνει
2567 3442 2725 3498 αὑτά.
2759 3443 2821 3496 Εί
2849 3444 2960 3516 γὰρ
2990 3443 3083 3497 καὶ
3126 3441 3240 3514 πῦρ
3269 3442 3299 3495 ὁ
3330 3441 3572 3506 τοιοῦτός
3595 3443 3722 3498 ἐστι

2135 3535 2404 3611 κεραυνὸς
2429 3536 2520 3590 καὶ
2551 3535 2714 3617 φύσει
2747 3534 2862 3617 ἔχει
2891 3535 2954 3589 τὸ
2991 3535 3190 3605 καίειν,
3230 3533 3348 3590 ἀλλ’
3383 3537 3416 3608 η
3445 3537 3723 3602 λεπτότης

2135 3627 2324 3694 αὐτοῦ,
2357 3609 2493 3699 πρὸς
2522 3609 2581 3682 δέ
2610 3627 2705 3682 καὶ
2731 3629 2766 3700 ἡ
2786 3609 3045 3699 ’ταχύτης
3082 3629 3158 3700 μὴ
3187 3627 3575 3701 ἐγχρονίζουσα
3603 3629 3724 3692 τοῖς

2137 3719 2406 3790 σώμασιν,
2459 3721 2712 3776 ἄκαυστα
2761 3719 2934 3775 ταῦτα
2965 3722 3050 3792 ἐᾷ.
3096 3721 3156 3774 '0
3205 3719 3263 3774 δὲ
3318 3719 3598 3791 πρηστὴρ,
3646 3719 3728 3784 ὡς

2137 3812 2232 3866 καὶ
2259 3812 2388 3866 αὐτὸ
2413 3812 2563 3883 δηλοί
2578 3812 2840 3884 τοῦνομα,
2857 3816 2926 3868 τὰ
2956 3815 3338 3885 παρατυχόντα
3368 3813 3722 3883 καταφλέγει

2138 3904 2388 3975 σώματα.
2421 3906 2770 3978 Καταφλὲγει
2817 3906 2874 3960 δὲ
2903 3906 2989 3968 διὰ
3018 3907 3079 3960 τὸ
3113 3905 3558 3962 συνεπισπᾶσθαι
3591 3905 3725 3974 μεθ’

2136 3996 2330 4054 ἐαυτοῦ
2387 3997 2877 4068 παχυμερεστέραν
2923 3996 3059 4066 ὓλην
3109 3997 3174 4049 ἐκ
3225 3995 3319 4050 τοῦ
3372 3997 3595 4065 νέφους,
3629 3995 3730 4048 καὶ

2136 4089 2345 4156 ταύτην
2396 4087 2729 4159 ἐκπληροῦν.
2760 4087 2966 4142 Τούτου
3021 4087 3078 4147 δέ
3124 4085 3216 4140 τοῦ
3252 4087 3574 4158 πρηστῆρος
3629 4086 3729 4140 καὶ

2137 4185 2463 4255 προηγεῖται
2493 4183 2732 4253 πνεῦμα.
2765 4181 2874 4240 Καὶ
2909 4183 3068 4252 δῆλον
3104 4183 3168 4236 ἐκ
3208 4180 3305 4237 τοῦ
3339 4181 3408 4234 τὰ
3445 4179 3727 4251 μέλλοντα

2145 4275 2528 4347 ἐμπίπρασθαι
2561 4274 2777 4345 πρῶτον
2803 4274 2908 4328 ὑπὸ
2942 4273 3252 4344 πνεύματος
3283 4269 3586 4344 ρήγνυσθαι
3611 4287 3628 4302 ·
3666 4273 3728 4324 τὸ

2138 4365 2247 4436 γὰρ
2278 4363 2498 4434 πνεῦμα
2521 4362 2615 4417 τοῦ
2646 4363 2966 4434 πρηστῆρος
3011 4361 3229 4425 θειῶδες
3255 4360 3318 4414 ὃν
3351 4360 3583 4430 πλήττει
3627 4359 3728 4413 καὶ

462 4455 557 4511 ille
607 4456 890 4527 presteris,
927 4470 1052 4511 eum
1105 4454 1384 4519 sulfureus
1436 4455 1551 4523 sit,
1584 4454 1915 4521 verberandi
1969 4469 2036 4518 ac

2143 4459 2396 4529 ῥήγνυσι.
2448 4457 2633 4532 Ταύτῃ
2679 4473 2762 4510 τοι
2813 4458 2910 4510 καί
2961 4455 3031 4512 τὰ
3087 4452 3507 4526 κεραυνωθέντα
3559 4453 3724 4524 μένει

463 4548 860 4619 perrumpendi
887 4550 1000 4604 vim
1034 4548 1220 4605 habet.

536 4632 726 4711 Itaque
758 4641 987 4709 fulmen,
1020 4642 1119 4709 liii,
1147 4642 1254 4698 hoc
1279 4652 1368 4698 est
1398 4641 1576 4713 ignem
1603 4641 1754 4698 illum
1782 4640 2034 4714 fulguris,

463 4732 546 4787 vel
581 4749 679 4802 per
727 4732 958 4788 nubium
1009 4734 1356 4790 collisionem
1410 4733 1527 4790 fieri
1574 4744 1765 4804 putato
1802 4733 1888 4790 vel
1937 4749 2038 4804 per

464 4822 1040 4893 expressionem,cum
1061 4825 1324 4880 nimirum
1343 4825 1584 4881 essentia
1605 4825 1852 4897 quaedam
1877 4825 2038 4896 ignea

468 4917 524 4972 in
563 4917 740 4973 nubes
779 4917 994 4983 incidit,
1024 4933 1088 4973 ac
1123 4933 1222 4990 per
1247 4920 1358 4975 vim
1399 4920 1529 4975 inde
1568 4936 1762 4976 rursus
1789 4921 2040 4978 excerni-

468 5020 580 5074 tur,
611 5010 898 5079 quasique,
922 5009 993 5064 ab
1033 5009 1152 5080 ipsa
1183 5011 1326 5065 nube
1365 5011 1713 5080 protruditur
1739 5021 1796 5067 et
1846 5013 2041 5082 impel-

468 5099 624 5154 litur.
656 5100 791 5155 Nam
828 5101 1247 5172 ecpyrenismus
1274 5111 1360 5158 est
1388 5104 1635 5173 quaedam
1670 5104 1826 5174 quasi
1857 5105 2043 5175 ejacuo

469 5189 600 5244 latio
629 5206 726 5259 per
759 5191 1226 5260 compressiunem
1257 5190 1420 5258 facta,
1446 5194 1906 5264 quemadmodum
1939 5210 2042 5251 nos

468 5299 687 5353 quoque
752 5286 1020 5338 olivarum
1076 5285 1311 5342 nssicula
1367 5286 1556 5356 digitis
1610 5287 2042 5358 comprimentes

471 5394 688 5432 sursum
719 5381 800 5434 vel
835 5381 1091 5434 deorsum
1123 5379 1483 5450 ejaculamur.
1511 5380 1640 5434 Tale
1671 5379 1930 5450 quiddam
1958 5389 2044 5447 est

471 5470 703 5536 fultuen,
734 5471 879 5538 quod
933 5488 1029 5542 per
1062 5474 1498 5544 eepyrenismum
1541 5473 1621 5539 iit,
1656 5489 1780 5530 cum
1816 5489 2044 5544 praeser-

477 5562 572 5614 tim
623 5561 852 5616 inferior
910 5564 1074 5620 nubis
1127 5565 1410 5621 crassities
1459 5565 1527 5621 de
1574 5566 1697 5621 loco
1755 5567 2043 5636 superiore

474 5654 810 5708 condensata
853 5654 1158 5711 irruentem
1189 5657 1244 5710 in
1276 5672 1334 5712 se
1361 5657 1722 5712 substantiam
1755 5671 2042 5725 penetrare

480 5760 751 5826 tuumque
785 5749 850 5805 ad
887 5751 1068 5810 locum
1105 5749 1332 5814 tendere
1364 5765 1474 5805 non
1522 5748 1674 5813 sinit.
1710 5750 1864 5816 Tunc
1894 5752 2044 5816 enim

2135 4551 2404 4612 διεστῶτα
2437 4551 2531 4605 ἐπὶ
2558 4551 2748 4626 χρόνον
2773 4549 2920 4607 τινὰ.

2208 4645 2314 4700 Τδν
2355 4645 2541 4715 μέντοι
2586 4645 2871 4716 κεραυνὸν,
2905 4645 3179 4718 ἀγαπητὴ
3209 4644 3354 4704 τοῦτ’
3403 4643 3556 4698 ἔστιν
3587 4643 3729 4700 αὐτὸ

2135 4738 2199 4792 τὸ
2235 4739 2574 4810 ἀστραπαῖον
2606 4738 2737 4810 πῦρ,
2769 4739 2803 4811 ἢ
2833 4741 2977 4794 κατὰ
3019 4740 3348 4812 σύγκρουσιν
3394 4737 3502 4792 τῶν
3535 4738 3728 4808 νεφῶν

2137 4827 2384 4896 γίνεσθαι
2407 4826 2593 4897 νόμιζε
2625 4825 2660 4900 ἦ
2685 4827 2828 4880 κατὰ
2857 4826 3290 4900 ἐκπυρηνισμὸν,
3308 4827 3474 4898 ἡνίκα
3499 4825 3718 4898 δηλαδὴ

2139 4919 2397 4992 πυρώδης
2432 4917 2590 4974 οὐσία
2642 4921 2755 4983 τοῖς
2802 4920 3019 4990 νέφεσιν
3053 4917 3369 4988 ἐμπεσοῦσα
3423 4917 3565 4972 κατὰ
3595 4916 3726 4988 βίαν

2137 5008 2349 5062 ἐκεῖθεν
2403 5008 2635 5083 ἐκραγῇ,
2679 5008 2982 5078 ριπτομένη
3023 5008 3118 5064 καὶ
3168 5003 3280 5061 οἷον
3326 5007 3501 5062 είπείν
3545 5006 3727 5061 ὠθου-

2143 5102 2278 5173 μένη
2312 5101 2463 5172 παρὰ
2504 5098 2600 5154 τοῦ
2634 5099 2828 5168 νέφους
2873 5092 3058 5156 αὑτοῦ.
3107 5098 3553 5170 Ἐκπυρηνισμὸς
3604 5101 3725 5172 γάρ

2141 5196 2290 5250 ἐστιν
2321 5196 2348 5248 ὁ
2388 5195 2533 5248 κατὰ
2583 5193 2875 5262 συμπίεσιν
2895 5207 2912 5223 ο
2941 5192 3268 5264 ἀκοντισμὸς
3294 5192 3404 5262 γάρ
3431 5191 3606 5255 ἐστιν,
3644 5191 3726 5255 ὡς

2140 5289 2266 5341 ὅταν
2297 5285 2390 5340 καὶ
2417 5287 2579 5356 ἡμεῖς
2608 5285 2678 5340 τὰ
2721 5283 2831 5346 τῶν
2863 5283 3062 5340 ἐλαιῶν
3091 5283 3226 5351 ὀστᾶ
3269 5286 3383 5348 τοῖς
3425 5284 3727 5348 δακτύλοις

2144 5379 2595 5451 συμπιέζοντεςῆ
2637 5379 2749 5433 ἄνω
2797 5377 2828 5450 ἢ
2874 5377 3024 5431 κάτω
3049 5376 3220 5430 ταῦτα
3258 5374 3726 5446 ἐξακοντίξωμεν.

2145 5453 2252 5526 κοίι
2299 5469 2538 5531 τοιοῦτος
2581 5469 2680 5540 μὲν
2725 5470 2754 5522 ὁ
2794 5469 2932 5523 κατὰ
2977 5469 3388 5539 ἐκπυρηνισμὸν
3423 5471 3725 5538 κεραυνὸς,

2145 5563 2305 5629 ἡνίκα
2339 5563 2432 5615 καὶ
2478 5563 2680 5632 μᾶλλον
2736 5563 2768 5632 ἠ
2818 5560 2909 5614 τοῦ
2967 5562 3161 5631 νέφους
3205 5560 3453 5632 παχύτης
3506 5560 3726 5616 ἄνωθεν

2147 5655 2488 5708 πυκνωθεῖσα
2511 5655 2609 5724 τὴν
2646 5653 2991 5724 ἐμπ;σοῦσαν
3044 5656 3220 5708 ἐκεῖσε
3267 5653 3457 5709 οὐσίαν
3501 5655 3604 5707 ούκ
3658 5656 3725 5725 ἐᾷ

2148 5765 2205 5809 τε
2261 5747 2486 5814 διελθεῖν
2522 5747 2616 5802 καὶ
2677 5751 2768 5802 ἐπὶ
2825 5748 2915 5800 τὶν
2973 5749 3150 5830 χῶρον
3211 5748 3383 5829 αὐτῆς
3429 5748 3721 5810 ἀνελθεῖν*
