3968 6228
1469 184 1501 193 ..-

323 275 385 342 81
1588 274 1992 337 ANNALIUM
2040 274 2234 337 PARS
2273 274 2319 340 ῐ.
3523 298 3597 361 82

319 391 622 461 τηνικαῦτα
669 394 782 465 γάρ
837 396 943 449 ὑπδ
985 393 1079 447 τοῦ
1117 392 1333 462 νέφους,
1364 392 1437 455 ὡς
1476 391 1727 461 εἴπομεν,
1772 409 1904 461 συμ·

2016 409 2043 446 a
2071 393 2238 457 nube,
2265 392 2736 464 quemadmodum
2784 392 3172 458 indicavimus,
3204 406 3515 464 compressa
3546 408 3603 452 et

322 486 627 557 πιεζομένη
655 506 715 540 τε
754 489 849 542 καὶ
882 486 1167 557 ὠθουμένη
1203 486 1353 540 κάττυ
1389 484 1703 555 ῥιπτεῖσθαι
1742 484 1907 539 πάλιν

322 578 593 649 βιάζεται.
642 578 703 632 '0
735 579 792 632 δὲ
841 578 1027 649 ἔτερος
1079 576 1435 631 ἀποτίκτεται
1481 576 1750 646 κεραυνὸς
1801 576 1910 629 τῶν

317 671 496 741 νεφῶν
528 671 994 741 συντριϐομένων.
1038 671 1103 724 Ἡ
1134 668 1233 738 μὲν
1262 667 1371 738 γάρ
1401 668 1557 739 ῥῆξις
1586 669 1679 722 τὸν
1707 686 1912 737 κεραυ-

319 763 406 816 νὸν
454 760 824 830 ἀπεγέννησε,
863 760 957 814 τοῦ
989 762 1184 829 νέφους
1230 759 1321 831 βίᾳ
1352 760 1722 825 σπασθέντοςο
1758 777 1909 829 τηνι-

320 853 494 906 καῦτα
539 853 598 905 δὲ
631 852 869 906 θυλάκου
912 852 1102 923 ὥσπερ
1146 853 1533 921 ὄιαρῤαγέντος
1566 853 1720 915 ὑετὸς
1750 869 1911 905 κατε-

317 946 597 1013 νήνεκται.
638 946 697 998 ὐ
741 945 799 998 δέ
851 962 913 1012 γε
954 944 1053 1014 τῆς
1097 945 1309 1015 ῥήξεως
1357 940 1493 1015 ἦχος
1540 947 1641 1016 τὴν
1675 943 1909 1016 βροντὴν

317 1039 712 1107 ἀπεγέννησεν.
757 1036 897 1090 Ἀλλ’
926 1039 1043 1092 εκεῖ
1076 1038 1178 1107 μὲν
1204 1038 1288 1091 δεῖ
1333 1037 1550 1105 πρῶτον
1582 1039 1818 1108 ῥαγῆναι
1849 1037 1909 1089 τὸ

315 1132 481 1195 νέφος
531 1130 624 1182 καὶ
679 1128 823 1183 οὕτω
860 1131 1096 1200 φανῆναι
1142 1130 1242 1201 τὴν
1293 1130 1581 1201 ἀστραπήν
1610 1143 1623 1159 ·
1660 1132 1817 1198 ἡμεῖς
1846 1129 1904 1182 δὲ

316 1220 410 1273 τοῦ
470 1221 643 1289 πυρὸς
695 1220 1179 1291 ὲπιλαμσανόμεθα
1234 1221 1523 1291 πρότερον.
1594 1220 1801 1273 Τούτου
1850 1220 1907 1274 δὲ

316 1315 489 1373 αἴτιον
517 1314 551 1382 ἡ
582 1312 688 1366 τῶν
716 1311 897 1367 ὠτίων
930 1316 1025 1369 καὶ
1047 1314 1153 1368 τῶν
1178 1313 1481 1385 ὀφθαλμῶν
1502 1313 1868 1383 διοργάνωσις
1890 1326 1905 1343 ·

313 1409 364 1462 οἱ
402 1409 507 1478 μὲν
538 1409 648 1481 γὰρ
693 1408 969 1478 ὀφθαλμοὶ
1003 1408 1160 1479 ἡμῶν
1199 1408 1421 1479 ἀμέσως
1470 1406 1793 1477 ὁμιλοῦντες
1827 1404 1907 1476 τῷ

313 1500 440 1570 ἀέρι
498 1498 597 1553 τοῦ
650 1498 850 1571 όρατοῦ
882 1499 1079 1553 θᾶττον
1126 1498 1645 1568 ἀντιλαμϐάνονται,
1691 1498 1719 1550 6
1747 1496 1805 1550 δέ
1843 1511 1906 1563 γε

312 1598 429 1660 τοῖς
478 1595 667 1659 ὠτίοις
718 1589 1172 1666 προϐεϐλημένος
1217 1595 1529 1665 κοχλοειδὴς
1566 1593 1736 1664 πόρος
1767 1591 1906 1663 βραο

310 1689 450 1752 δέως
478 1689 694 1757 εῑσάγει
730 1691 826 1742 τὸν
857 1689 1049 1757 ψόφον.
1082 1686 1381 1758 κυκλοειδῆ
1424 1687 1482 1741 δὲ
1526 1687 1618 1740 τὸν
1657 1684 1908 1739 τοιοῦτον

2018 482 2252 552 impulsa
2298 483 2560 539 deorsum
2594 500 2824 554 vergere
2887 496 2982 554 per
3023 485 3132 539 vim
3174 485 3412 555 cogitur.
3451 487 3601 541 Alte-

2020 591 2140 629 rum
2179 590 2309 631 vero
2337 575 2546 630 fulmen
2583 576 2829 647 gignitur
2851 578 3063 633 collisis
3088 576 3236 633 inter
3269 592 3327 633 se
3358 580 3604 635 nubibus

2014 683 2194 738 eaque
2236 668 2305 722 de
2339 684 2504 724 causa
2532 670 2840 740 perruptis.
2887 669 3021 724 Nam
3050 686 3117 726 ea
3166 672 3457 742 perruptio
3498 671 3604 726 ful-

2019 776 2142 814 men
2195 760 2365 816 efficit
2417 760 2567 817 nube
2622 777 2723 832 per
2758 763 2869 816 vim
2926 764 3237 818 convulsa:
3274 764 3442 819 simul
3480 778 3605 820 utre

2012 852 2169 923 quasi
2223 853 2461 924 quodam
2516 862 2701 922 rupto,
2750 855 2934 925 pluvia
2969 855 3264 911 delabitur.
3323 856 3605 927 Strepitns

2012 946 2127 1014 ipse
2160 946 2537 1016 perruptionis
2569 946 2779 1001 tonitru
2818 947 3002 1002 ellicit.
3030 947 3099 1003 Et
3138 949 3344 1005 nubem
3373 949 3603 1019 quidem

2013 1039 2297 1109 perrumpi
2335 1052 2561 1093 necesse
2598 1049 2702 1104 est,
2741 1047 2799 1094 ut
2842 1039 2915 1094 ita
2965 1038 3152 1111 fulgur
3182 1042 3599 1111 conspiciatur:

2012 1146 2114 1186 nos
2150 1147 2279 1186 vero
2311 1131 2472 1198 prius
2505 1133 2684 1201 ignem
2728 1133 3088 1203 percipimus.
3138 1133 3273 1205 Ejus
3322 1135 3400 1189 rei
3435 1151 3602 1190 causa

2009 1233 2096 1278 est
2156 1224 2379 1279 aurium
2436 1233 2494 1278 et
2544 1223 2832 1279 oculorum
2900 1234 3201 1280 structura.
3255 1225 3394 1281 Nam
3453 1226 3598 1281 oculi

2011 1316 2187 1372 nostri
2223 1318 2364 1371 citra
2410 1316 2655 1371 medium
2688 1317 2861 1371 ullum
2895 1332 3021 1371 cum
3069 1332 3196 1374 aere
3224 1319 3401 1390 juncti
3435 1320 3605 1376 citius

2011 1423 2126 1462 rem
2159 1408 2373 1462 visilem
2413 1407 2788 1477 prehendunt.
2821 1410 2892 1465 At
2938 1419 3151 1465 meatus
3183 1410 3275 1465 ille
3320 1421 3605 1467 tortuosus

2008 1500 2360 1568 cocltleazque
2380 1498 2710 1563 consimilis,
2732 1516 2843 1570 quo
2874 1510 3043 1571 seme
3071 1512 3203 1558 sunt
3228 1519 3416 1569 aures,
3447 1503 3603 1561 tarde

2009 1605 2208 1646 sonum
2250 1591 2513 1646 admittit.
2548 1591 2616 1647 Et
2651 1592 2835 1661 opifex
2890 1605 3080 1649 noster
3115 1594 3261 1651 Deus
3314 1597 3462 1651 hune
3512 1599 3602 1667 ip-

2009 1702 2130 1741 sum
2185 1687 2359 1742 instar
2406 1688 2647 1743 cochlea:
2703 1698 3013 1745 tortuosum
3076 1691 3328 1747 condidit
3380 1708 3450 1747 ne
3502 1708 3601 1763 per

310 1754 689 1836 κατεσκεύασε
716 1782 884 1852 πόρον
912 1754 952 1837 6-
971 1754 1307 1853 δημιουργὸς
1332 1754 1489 1851 ἡμῶν
1514 1779 1668 1846 Θεὸς,
1698 1779 1787 1831 ἵνα
1827 1777 1904 1848 μὴ

2010 1781 2305 1836 illabentes
2332 1780 2519 1834 subito
2550 1780 2670 1837 sive
2703 1782 2967 1853 strepitus
3010 1785 3127 1840 sive
3177 1784 3438 1854 frigidum
3471 1754 3601 1842 aera

309 1876 378 1928 lx
416 1873 533 1929 τῶν
580 1875 1047 1946 παραπιπτόντων
1094 1876 1228 1947 ἡμῖν
1277 1874 1515 1946 ἀθρόων,
1560 1872 1670 1927 εἴτε
1726 1870 1902 1943 ψόφου

309 1965 424 2019 εἴτε
481 1967 645 2036 ἀέρος
690 1965 929 2039 ψυχροῦ,
972 1968 1001 2021 6
1040 1966 1347 2037 ἐγκέφαλος
1401 1964 1562 2039 ήμῶν
1596 1964 1667 2019 οὐ
1691 1964 1907 2035 μικρῶς

308 2056 801 2129 καταϐλάπτηται.
836 2058 948 2112 Kal
991 2057 1040 2111 ει
1077 2057 1179 2126 μὲν
1218 2056 1328 2111 ἀπὸ
1372 2054 1678 2127 ξηροτάτου
1704 2057 1905 2125 νέφους

305 2152 335 2204 6
393 2150 668 2221 κεραυνὸς
717 2151 955 2220 ἐκραγῇ,
1018 2148 1298 2217 φοινικοῦς
1363 2165 1425 2203 τε
1480 2148 1579 2221 τὴν
1627 2148 1820 2219 χροιάν
1874 2149 1904 2203 6

2006 1874 2303 1928 cerebrum
2348 1880 2599 1927 nostrum
2637 1874 2882 1945 graviter
2915 1876 3234 1933 laederetur.
3263 1876 3385 1934 Jam
3416 1880 3459 1934 si
3493 1878 3602 1933 ful-

2003 1980 2132 2021 men
2167 1980 2198 2020 e
2233 1966 2384 2023 nube
2433 1965 2743 2021 siecissima
2781 1978 3057 2039 erumpat,
3113 1968 3339 2041 puniqei
3395 1971 3602 2027 coloris

2001 2064 2092 2112 est
2122 2063 2181 2111 et
2205 2063 2403 2110 natura
2431 2055 2795 2110 vehementer
2829 2072 3037 2113 urens:
3074 2059 3157 2112 sin
3188 2075 3257 2115 ex
3291 2061 3600 2118 humidiori

2002 2146 2173 2211 nube,
2201 2146 2446 2202 colorem
2484 2144 2673 2201 album
2710 2146 2877 2203 habet
2910 2163 2973 2203 ae
3016 2150 3203 2206 minus
3241 2151 3378 2207 urit.

305 2244 557 2308 ¹ιοιοῦτός
604 2243 869 2316 ἐστιγκαὶ
910 2244 1011 2318 τὴν
1041 2243 1232 2300 οὐσίαν
1283 2242 1590 2315 φλογώδης,
1653 2242 1703 2297 el
1765 2240 1825 2295 δὲ
1872 2238 1964 2311 ἀφ’
1999 2241 2300 2314 ῦγροτὲρου
2365 2242 2581 2311 νέφους,
2637 2243 2832 2297 λευκόν
2880 2259 2939 2297 τε
2998 2243 3111 2315 ἔχει
3148 2245 3211 2299 τὸ
3256 2246 3455 2318 χρῶμα
3503 2244 3603 2301 καὶ

306 2339 603 2408 καυσώδης
629 2340 853 2409 ἥκιστα.

374 2434 546 2490 οὕτω
597 2436 700 2505 μιν
741 2435 907 2504 οὕτω,
952 2434 1208 2507 καθάπερ
1251 2433 1460 2490 ἄνωθεν
1510 2432 1751 2503 εἴρηται,
1807 2431 1905 2486 καὶ

306 2526 435 2589 τοὺς
468 2527 710 2596 ἀστέρας
738 2527 865 2589 τοὺς
891 2524 1154 2589 ἀπλανεῖς
1185 2542 1245 2578 τε
1279 2524 1375 2578 καὶ
1397 2523 1791 2593 πλανωμένους
1820 2523 1903 2585 εἰς

307 2620 520 2687 σημεῖα
564 2618 659 2672 καὶ
689 2619 772 2680 είς
807 2617 1036 2688 καιροὺς
1079 2620 1107 2670 6
1148 2616 1380 2688 ποιητὴς
1421 2616 1639 2670 πάντων
1674 2617 1766 2671 καὶ
1798 2609 1900 2668 κῦ-

305 2729 419 2783 ριος
458 2710 639 2764 ἔθετο.
667 2708 907 2777 κυρίους
935 2709 992 2762 δὲ
1025 2707 1134 2762 τῶν
1171 2708 1255 2776 ἐφ’
1296 2709 1429 2777 ἡμῖν
1462 2707 1665 2779 ἀρετῆς
1696 2724 1756 2762 τε
1800 2706 1900 2761 καὶ

302 2803 514 2867 κακίας
542 2803 913 2873 παρεκτικοὺς
946 2802 1048 2854 οὐκ
1090 2802 1158 2857 άν
1189 2817 1319 2854 ποτε
1352 2799 1482 2871 εἴπῃ
1517 2817 1603 2863 τις
1631 2798 1899 2869 λογισμοῦ

304 2896 508 2966 κύριος
551 2894 650 2960 ὢν,
675 2895 728 2949 sf
761 2911 826 2963 γε
879 2894 976 2948 καὶ
1025 2894 1231 2965 μᾶλλον
1264 2893 1468 2962 ἤκουσε
1501 2890 1596 2946 τοῦ
1640 2890 1777 2945 Θεοῦ
1812 2889 1905 2944 διὰ

305 2989 405 3042 τοῦ
463 2992 748 3060 προφήτου
778 2988 1032 3058 λέγοντος
1056 3004 1071 3021 ⁸
1108 3007 1128 3041 ε
1152 2990 1278 3042 Ἐὰν
1313 2989 1504 3059 θέλητε
1528 2991 1625 3043 καὶ
1651 2984 1907 3039 είσακού·

306 3084 444 3154 σητέ
479 3102 606 3152 μου,
640 3083 708 3136 τά
755 3082 936 3151 ἀγαθά
982 3085 1081 3155 τῆς
1127 3085 1232 3156 γῆς
1288 3084 1551 3152 φάγεσθε.
1589 3099 1608 3132 ι
1654 3080 1781 3133 Ἐὰν
1811 3077 1903 3131 θέ-

2077 2430 2172 2488 Sie
2210 2446 2368 2503 ergo,
2405 2431 2876 2502 quemadmodum
2904 2435 3265 2504 exposuimus
3304 2437 3601 2496 hactenus.

2006 2526 2191 2583 sidera
2248 2542 2359 2581 non
2435 2535 2547 2581 tam
2601 2528 2847 2583 errantia
2890 2545 3054 2599 quam
3104 2532 3341 2587 erratica
3410 2549 3598 2589 rerum

2004 2620 2186 2690 opifex
2215 2628 2382 2690 atque
2419 2618 2684 2675 dominus
2708 2622 2762 2673 in
2803 2619 2957 2690 signa
2999 2631 3362 2692 temporaque
3392 2625 3600 2680 consti-

2000 2712 2128 2766 tuit.
2172 2713 2247 2767 Ea
2305 2727 2437 2767 vero
2482 2720 2809 2783 potestatem
2873 2713 3182 2769 absolutam
3237 2716 3293 2770 in
3347 2720 3600 2775 actiones

2006 2814 2229 2861 nostras
2272 2804 2502 2868 habere,
2538 2805 2915 2873 virtutemque
2948 2806 3108 2862 nobis
3147 2818 3247 2862 aut
3275 2808 3469 2864 vilium
3510 2812 3603 2866 ina

2008 2900 2165 2963 dere,
2200 2914 2364 2953 nemo
2408 2914 2657 2968 unquam
2705 2900 2939 2953 rationis
2990 2916 3217 2970 compos
3250 2901 3473 2966 dixerit,
3522 2903 3600 2958 si-

2003 2989 2227 3059 quidem
2253 2988 2427 3044 Deum
2474 3003 2573 3059 per
2600 3000 2784 3045 vatem
2832 2990 2984 3061 loqui
3023 2992 3304 3046 audierit:
3344 3010 3361 3043 ς
3400 2994 3456 3049 Si
3503 3009 3600 3047 vo-

2005 3082 2223 3139 lueritis
2290 3092 2347 3136 et
2410 3083 2929 3151 obtemperaveritis
2984 3087 3163 3149 mihi,
3218 3086 3379 3141 bonis
3435 3096 3596 3142 terr-.9

304 3175 442 3245 λητε
473 3178 586 3245 γάρ
615 3175 786 3229 είπὼν
812 3176 979 3241 ἔδειξε
1004 3177 1300 3248 προφανῶς
1334 3177 1408 3239 ὡς
1436 3173 1722 3244 ἐλεύθερός
1759 3190 1842 3235 τις
1873 3171 1903 3223 6

2010 3176 2310 3231 vescemini
2337 3177 2405 3230 ’9.
2445 3195 2462 3228 ι
2504 3174 2645 3232 Cum
2678 3176 2827 3231 enim
2880 3178 2998 3231 ait:
3036 3197 3055 3229 ι
3112 3179 3171 3233 Si
3217 3180 3529 3247 volueritis,
3571 3202 3592 3235 ι

303 3269 437 3325 καθ’
468 3269 568 3323 ενα
594 3269 773 3339 ἡμῶν,
806 3270 901 3323 καὶ
925 3270 1009 3325 ὅτι
1040 3270 1150 3325 τῶν
1180 3268 1350 3324 αὑτοῦ
1379 3267 1633 3342 πράξεων
1669 3266 1900 3330 ἕκαστος

301 3361 760 3434 ὁμολογουμένως
784 3363 998 3434 πέφυκε
1030 3352 1242 3435 χόριος.

376 3557 603 3614 Εἰὸἑναι
642 3558 753 3630 γάρ
780 3558 938 3614 τοῦτο
988 3559 1127 3630 πρὸς
1176 3560 1289 3626 τοῖς
1332 3558 1653 3633 εἰρημένοις
1687 3557 1898 3617 ἀνωθεν

303 3653 575 3722 ὀφείλεις,
606 3651 884 3722 ἀγαπητὲ,
923 3652 1007 3705 ὃτι
1053 3652 1102 3705 οί
1152 3650 1245 3705 τὸν
1303 3650 1458 3723 ἥλιον
1508 3650 1764 3720 λέγοντες
1820 3651 1898 3722 μὴ

302 3746 409 3817 τὴν
443 3744 553 3816 γῆν
580 3744 904 3814 ὑποτρέχειν
937 3742 1187 3797 κάτωθεν
1221 3743 1361 3813 μετά
1384 3744 1487 3815 τὴν
1519 3741 1686 3797 αὐτοῦ
1721 3742 1900 3810 δύσιν,

184 3900 193 3907 ν
304 3837 428 3893 ἀλλ’
468 3840 535 3891 ἐκ
586 3836 817 3906 πλαγίου
852 3837 953 3905 τὴν
984 3837 1153 3891 αὑτοῦ
1200 3836 1530 3906 ποιούμενον
1564 3835 1736 3890 δίοδον
1765 3834 1902 3905 πρὸς

304 3929 583 3992 ἀνατολὰς
629 3928 973 4000 ἀπέρχεσθαι
1027 3928 1288 3983 κάκεῖθεν
1353 3924 1513 3993 αὖθις
1562 3927 1903 3998 ἀπέρχεσθαι

303 4024 404 4077 τοῦ
432 4021 695 4093 φωτίζειν
726 4024 827 4094 τὴν
868 4023 996 4093 γῆν,
1021 4023 1124 4076 οὐκ
1165 4021 1553 4093 εὐπαράδεκτα
1581 4020 1790 4091 λέγειν,
1824 4019 1902 4084 ὡς

305 4112 638 4187 οἶμαι,’τοῖς
688 4113 747 4168 εὖ
799 4115 1095 4186 φρονοῦσιν
1146 4114 1524 4185 κριθήσονται,
1558 4114 1609 4166 εί
1654 4114 1733 4185 μή
1789 4128 1894 4165 που

306 4208 457 4262 κατὰ
489 4208 650 4275 λόγον
688 4208 1005 4277 οὶκονομίας
1050 4206 1280 4261 τοιαῦτα
1311 4206 1496 4275 λέγειν
1542 4207 1902 4276 προάγονται.

310 4304 375 4357 El
444 4305 557 4373 γὰρ
602 4303 761 4357 οὐδὲν
787 4304 978 4373 ἕτερόν
1010 4305 1162 4357 ἐστιν
1205 4304 1239 4375 ἠ
1290 4303 1387 4371 νὺξ
1418 4303 1539 4357 ἀλλ’
1586 4303 1902 4375 ἢσκίασμα

310 4395 447 4465 γῆς,
481 4395 578 4450 ταῦ
610 4396 764 4465 ἡλίου
811 4398 913 4466 τὴν
954 4396 1059 4466 γῆν
1092 4395 1505 4466 ὑποτρέχοντος,
1545 4394 1621 4458 ὡς
1654 4396 1682 4448 ό
1715 4396 1905 4464 Δαμα-

313 4487 521 4557 σκηνὸς
589 4488 845 4558 Ἰωάννης
904 4489 1059 4557 φησι,
1120 4488 1240 4550 πῶς
1307 4486 1493 4541 λοιπὸν
1554 4485 1751 4558 βαθεῖα
1802 4487 1903 4559 τὴν

2006 3269 2300 3323 manifesto
2322 3268 2566 3323 declarat
2594 3284 3048 3339 unumquemque
3078 3281 3330 3325 nostrum
3355 3272 3595 3328 liberum

2015 3376 2160 3427 esse,
2196 3362 2472 3430 simulque
2509 3361 2757 3431 singulos
2795 3376 2918 3417 esse
2947 3363 3027 3417 sic
3065 3377 3094 3415 a
3142 3374 3337 3417 natura
3367 3378 3596 3433 compa-

2008 3462 2177 3521 ratos,
2206 3470 2430 3508 suarum
2465 3462 2521 3507 ut
2551 3454 2833 3509 actionum
2868 3454 2971 3524 ipsi
3003 3454 3117 3508 sint
3146 3454 3378 3510 domini.

2077 3559 2184 3631 32
2226 3559 2435 3615 Praeter
2466 3558 2705 3614 indicata
2740 3575 2895 3624 vero,
2926 3559 3126 3616 dilecte
3158 3561 3255 3625 fili,
3292 3560 3395 3616 hoc
3430 3559 3596 3615 etiam

2005 3652 2148 3708 seire
2172 3651 2360 3716 debes,
2391 3667 2489 3706 eos
2518 3651 2612 3722 qui
2648 3651 2820 3707 solem
2849 3651 3041 3707 dieant
3074 3669 3184 3708 non
3217 3652 3454 3709 inferius
3486 3663 3597 3709 ter-

2008 3759 2124 3798 ram
2154 3753 2277 3814 post
2302 3758 2559 3799 occasum
2589 3758 2751 3799 suum
2777 3743 3221 3811 subterourrere,
3240 3744 3336 3801 sed
3358 3744 3596 3816 obliquo

2007 3834 2205 3889 itinere
2238 3832 2304 3888 ad
2333 3846 2515 3889 ortum
2541 3834 2831 3904 pervenire
2858 3834 3099 3904 indeque
3121 3849 3337 3889 rursum
3367 3850 3595 3906 pergere

2004 3928 2072 3983 ad
2107 3925 2536 3982 collustrandam
2578 3934 2805 3991 terram,
2860 3941 2982 3981 mea
3034 3926 3257 3996 quidem
3309 3930 3587 3982 sententia

2004 4021 2141 4075 viris
2174 4019 2540 4090 prudentibus
2576 4034 2773 4089 parum
2832 4018 3145 4089 probabilia
3199 4018 3420 4075 tradere
3445 4020 3591 4090 judi-

2005 4113 2214 4168 candos
2238 4127 2380 4177 esse,
2412 4112 2518 4167 nisi
2554 4113 2697 4167 forte
2732 4120 2891 4167 certo
2920 4110 3162 4181 quodam
3196 4112 3433 4168 consilio
3464 4111 3595 4167 talia

2006 4208 2308 4278 proferant.
2339 4206 2473 4260 Nam
2506 4204 2552 4260 si
2598 4203 2738 4260 nihil
2766 4204 2914 4260 aliud
2943 4216 3023 4259 εει
3048 4220 3158 4259 nox
3184 4220 3348 4275 quam
3396 4204 3593 4259 umbra

2007 4308 2189 4362 terrae,
2236 4313 2359 4361 qua:
2423 4296 2641 4352 exsistit
2684 4297 2803 4353 sole
2855 4306 3059 4351 terram
3110 4298 3592 4362 subtercurrente,

2006 4390 2471 4461 quemadmodum
2524 4389 2767 4446 Joannes
2812 4390 2911 4463 ille
2957 4390 3335 4446 Damascenus
3387 4388 3592 4459 inquit,

2009 4500 2118 4554 quo
2150 4483 2266 4537 fieri
2306 4492 2465 4552 pacto
2505 4482 2716 4553 poterit
2762 4490 2823 4535 ut
2854 4482 2963 4536 alta
3001 4498 3108 4536 nox
3160 4482 3307 4537 diem
3350 4482 3593 4551 excipiat

312 4582 537 4653 ἡμέραν
586 4582 890 4647 διαδέξεται
946 4582 1068 4648 νὺξ,
1127 4580 1222 4635 τοῦ
1274 4582 1425 4654 ἡλίου
1486 4582 1609 4636 κατ’
1655 4580 1903 4644 ἐκείνους

2010 4577 2121 4632 sole
2149 4576 2238 4645 (de
2276 4576 2521 4645 ipsorum
2561 4575 2784 4642 quidem
2833 4575 3131 4645 sententia)
3164 4578 3592 4646 quamproxime

312 4673 603 4742 ἐγγύτατα
666 4673 765 4727 καὶ
824 4674 1024 4747 μικροῦ
1086 4675 1221 4744 πρὸς
1291 4675 1440 4745 ἡμᾶς
1502 4674 1902 4746 στρεφομένου,

313 4768 619 4821 κάντεῦθεν
662 4769 902 4823 ἀκτίνων
954 4769 1088 4840 ἡμῖν
1149 4767 1545 4838 ὲμπιπτουσῶν
1594 4768 1692 4822 καὶ
1740 4785 1909 4839 φωτι-

314 4862 533 4926 ζουσῶν
553 4861 615 4915 τὸ
649 4862 970 4931 περίγειον;
1027 4863 1134 4916 Kal
1168 4864 1218 4915 εἰ
1261 4861 1337 4934 μὴ
1370 4860 1537 4933 ,πείθῃ
1576 4862 1693 4926 τοῖς
1745 4860 1908 4930 λεγο-

318 4954 532 5026 μένοις,
566 4954 750 5018 αὐτοῖς
784 4955 895 5017 τοῖς
941 4948 1237 5024 πράγμασι
1287 4953 1570 5022 πείσθητι.
1636 4951 1725 5006 Ἕν
1772 4952 1907 5022 Βρε-

315 5046 486 5118 τανια
538 5048 606 5117 τῇ
663 5052 815 5119 νήσῳ
877 5044 1403 5116 όκτωκαιδεκάωρος
1469 5044 1570 5114 μὲν
1626 5044 1661 5115 η
1717 5045 1903 5115 ἡμέρα

314 5141 495 5203 ἐστὶν,
538 5140 780 5211 ἑξὰωρος
822 5137 878 5192 δὲ
931 5140 965 5209 ή
1014 5138 1131 5205 νύξ.
1172 5136 1281 5191 Kal
1331 5135 1393 5189 οὐ
1437 5136 1601 5206 μόνον
1639 5134 1902 5204 ἐξάωρος,

316 5232 459 5286 ἀλλά
504 5234 598 5286 καὶ
641 5231 705 5284 τὸ
751 5232 943 5294 σκότος
966 5230 1139 5303 αὐτῆς
1182 5231 1244 5283 οὐ
1279 5231 1422 5284 πάνυ
1455 5229 1618 5300 βαθὺ,
1650 5229 1899 5282 τοιοῦτον

313 5325 376 5379 δι
405 5326 583 5378 εἰπεῖν
604 5324 790 5378 δποῐὸν
818 5325 935 5377 εστι
967 5323 1028 5376 τὸ
1070 5325 1205 5393 παρ’
1238 5325 1373 5393 ἡμῖν
1410 5320 1712 5391 λεγόμενον
1743 5318 1907 5371 λυκό-

316 5438 520 5489 φωτον.
553 5419 927 5491 Ἐμπίπτουσι
958 5418 1070 5489 γὰρ
1093 5419 1276 5481 αὐτοῖς
1315 5417 1372 5470 αἱ
1399 5417 1567 5482 αὐγαὶ
1593 5414 1689 5468 τοῦ
1721 5416 1899 5486 ἡλίου.

320 5512 481 5575 Τίνος
527 5514 746 5577 ἕνεκενς
794 5511 921 5563 Ὅτι
976 5510 1078 5562 κάν
1116 5511 1238 5571 ταῖς
1286 5508 1434 5574 νυξὶν
1468 5507 1662 5569 αὑταῖς
1695 5507 1722 5558 6
1753 5505 1907 5575 ἥλιος

319 5604 551 5671 ἔγγιστα
604 5604 1038 5675 περιστρέφεται
1082 5601 1170 5656 διὰ
1214 5601 1274 5655 τὸ
1331 5600 1673 5673 βραχύτατον
1738 5598 1908 5654 αὑτοῦ

398 5770 438 5802 ⁸⁸
467 5770 570 5825 lsa.
608 5784 645 5836 l,
689 5767 774 5822 l9.

2006 4685 2035 4725 a
2079 4668 2240 4724 nobis
2272 4682 2394 4722 sese
2435 4677 2825 4732 convcrtente,
2890 4682 3130 4738 quocum
3190 4684 3313 4725 esse
3358 4670 3595 4739 conjun-

2011 4772 2162 4816 ctum
2201 4770 2415 4830 Oportet
2447 4768 2506 4813 ut
2552 4759 2619 4812 ad
2654 4774 2751 4814 nos
2789 4759 2927 4815 radii
2972 4760 3287 4832 pertingant
3320 4771 3593 4831 terraeque

2006 4853 2215 4908 vicinas
2268 4863 2451 4922 partes
2485 4852 2859 4907 eollustrent?
2904 4853 3115 4920 Quodsi
3165 4854 3295 4909 huic
3343 4856 3589 4909 orationi

2005 4945 2167 5000 fidem
2199 4960 2312 4999 non
2348 4943 2538 5008 habes,
2561 4943 2723 4999 rebus
2758 4944 2892 5016 ipsis
2929 4945 3247 5016 persuaderi
3280 4955 3332 5002 te
3362 4948 3591 5017 patitor.

2012 5038 2073 5094 In
2119 5039 2295 5094 insula
2344 5037 2625 5092 Britannia
2666 5037 2788 5094 dies
2838 5037 3103 5093 horarum
3161 5056 3292 5094 xvm
3350 5040 3592 5111 spatium

2009 5138 2276 5200 continet,
2308 5151 2432 5190 cum
2476 5152 2581 5190 nox
2613 5136 2801 5205 plures
2844 5150 3005 5206 quam
3053 5151 3105 5189 v1
3143 5135 3308 5191 horas
3340 5152 3444 5191 non
3497 5135 3593 5190 ha-

2008 5227 2157 5283 beat.
2190 5227 2379 5297 Neque
2428 5235 2640 5282 tantum
2684 5243 2781 5283 sex
2820 5229 3083 5285 horarum
3126 5238 3229 5295 est,
3279 5228 3374 5284 sed
3422 5230 3589 5285 etiam

2004 5321 2180 5390 caligo
2213 5321 2334 5392 ejus
2366 5335 2473 5374 non
2527 5321 2827 5376 admodum
2859 5329 2951 5376 est
2995 5319 3290 5393 profunda,
3322 5319 3588 5373 nimirum

2004 5414 2273 5485 ejusmodi
2298 5413 2457 5483 quale
2488 5413 2750 5485 quiddam
2779 5428 2880 5468 nos
2907 5415 3297 5485 crepusculum
3323 5410 3582 5464 dicimus.

2006 5505 2139 5559 Nam
2192 5504 2512 5575 pertingnnt
2545 5504 2612 5558 ad
2663 5520 2761 5560 eos
2795 5504 2937 5559 radii
2980 5504 3135 5588 sqlis.
3170 5498 3536 5569 Quamobrem
3561 5501 3589 5554 ?

2006 5596 2145 5664 Quia
2196 5612 2294 5667 per
2344 5595 2491 5667 ipsas
2537 5597 2703 5653 etiam
2757 5606 2949 5652 noctes
2992 5595 3073 5652 sol
3132 5596 3201 5653 ab
3265 5590 3345 5646 eis
3416 5604 3586 5673 quam
