3968 6228
356 262 427 321 83
1632 262 2053 322 MlCHAELlS
2080 262 2347 323 [ΠΛἙῶ
3392 300 3401 313 ι
3556 266 3630 328 84

350 380 597 450 proxime
629 378 1050 450 circumagitur,
1079 388 1367 450 propterea
1396 378 1544 450 quod
1579 381 1778 451 exigua
1807 395 1935 450 pars

2052 380 2210 451 μέρος
2243 378 2348 433 ύπδ
2388 378 2492 450 γῆν
2531 377 3056 455 καταδύεσθαιιῐῇιὶ
3093 381 3148 434 οἵ
3181 398 3242 449 γε
3273 382 3382 435 τῶν
3417 382 3629 455 Βρετα-

349 472 468 536 ejus
508 469 611 522 sub
643 477 841 523 terram
874 469 1245 548 demergatur.
1274 468 1659 548 Britanno-rum
1701 469 1926 537 quidem

2052 475 2140 526 νῶν
2189 472 2638 542 ὀξυδερκέστατοι
2672 472 2861 541 σαφῶς
2904 471 3075 543 ὁρῶσι
3108 473 3251 528 κατὰ
3301 474 3403 545 τὴν
3449 476 3627 530 νύκτα

349 560 385 615 ii
413 569 689 630 quotquot
717 538 1005 615 oculorum
1046 537 1302 614 acumine
1347 537 1548 624 valeut',
1577 575 1675 628 per
1710 570 1927 615 noctem

348 661 606 709 accurate
638 662 876 707 cernunt
914 669 977 707 ac
1013 663 1222 707 tantum
1255 668 1363 706 non
1391 655 1577 708 omnia
1610 653 1726 708 suis
1752 653 1932 708 oculis

322 732 851 815 ‘comprelienduut.
896 745 972 799 De
1000 761 1110 815 quo
1140 746 1299 798 velim
1346 745 1523 801 discas
1555 744 1700 814 qttod
1752 744 1796 798 si
1849 744 1931 800 sol

354 840 409 892 in
461 841 681 894 climate
729 850 922 894 nostro
972 855 1081 892 non
1136 839 1239 895 sub
1289 848 1435 893 terra
1484 852 1709 894 cursum
1766 852 1929 891 suum

354 933 668 1002 perliceret,
713 932 809 987 sed
842 932 1035 986 itidem
1072 942 1129 985 ut
1182 930 1309 986 istic
1338 933 1757 1000 quamproxiuie
1784 929 1932 1000 apud

354 1042 457 1080 nos
486 1027 1042 1091 circumvolveretur,
1078 1042 1186 1081 nox
1232 1040 1441 1095 reapse
1466 1040 1577 1079 non
1608 1039 1713 1079 nox
1764 1024 1930 1090 foret,

350 1135 384 1171 n
412 1134 453 1171 -c
502 1121 625 1187 ejus
677 1122 918 1175 tenebra:
949 1118 1245 1174 admodum
1297 1117 1604 1187 profundae,
1647 1117 1742 1173 sed
1781 1118 1931 1185 ejus-

351 1209 500 1262 modi
550 1210 740 1280 quales
788 1210 902 1281 jam
971 1218 1100 1264 ante
1165 1208 1618 1279 significavimus.
1670 1207 1935 1262 nimirum

354 1311 501 1356 terra
549 1318 659 1356 non
712 1301 986 1358 olliciente
1036 1302 1205 1355 radiis
1248 1300 1522 1355 Sularibus
1566 1314 1670 1353 nec
1709 1314 1808 1354 eos
1837 1301 1939 1353 ob-

352 1405 627 1451 strucnte.
654 1393 772 1451 Nox
798 1395 948 1449 enim
982 1395 1131 1450 aliud
1163 1392 1301 1448 nihil
1330 1402 1437 1457 est,
1467 1392 1937 1462 quemadmodum

350 1497 408 1543 et
444 1504 675 1557 magnus
713 1489 803 1543 ille
846 1488 1082 1544 Basilius
1112 1487 1206 1554 ait,
1243 1501 1405 1557 quam
1446 1499 1606 1542 terrae
1634 1487 1940 1543 obumbra-

353 1580 449 1632 tio.
486 1580 833 1651 Quapropter
875 1582 920 1636 si
960 1579 1043 1635 sol
1075 1587 1278 1634 terram
1319 1593 1427 1634 non
1475 1579 1939 1648 subici-curreret,

357 1672 454 1727 sed
512 1675 763 1742 proxime
797 1673 1001 1743 alicubi
1054 1674 1599 1746 cireumagitaretur,
1632 1675 1797 1731 sicuti
1842 1691 1940 1730 su-

2032 564 2127 617 καὶ
2167 562 2365 633 μικροῦ
2402 563 2622 627 πάντως
2644 565 2756 628 τοῖς
2783 563 3087 635 ὀφθαλμοῖς
3114 566 3628 637 περιλαμϐάνουσι.

2034 653 2281 709 Μάνθανε
2307 650 2402 710 οὖν
2428 656 2676 710 ἐντεῦθεν
2700 656 2774 720 ὡς
2807 657 2861 712 ετ
2883 674 2947 727 γε
2989 657 3085 710 καὶ
3115 659 3174 711 ὲν
3208 658 3287 729 τῷ
3321 659 3445 713 καθ’
3472 662 3628 732 ἡμᾶς

2032 747 2257 817 κλίματι
2285 748 2384 818 οὐχ
2414 748 2521 802 ὑπὸ
2548 748 2654 817 γῆν
2699 749 2729 803 6
2775 750 2928 821 ἥλιος
2964 750 3219 805 διοδεύων
3244 747 3335 823 ἦν,
3378 753 3494 805 ἀλλ’
3529 754 3627 823 ἔγ-

2032 837 2196 906 γιστά
2232 853 2333 890 που
2368 833 2658 893 ’κάνταῦθα
2715 840 3166 910 περιεστρέφετο,
3200 844 3234 913 ἡ
3273 840 3371 907 νὺξ
3402 843 3626 913 ἀληθῶς

2034 930 2154 1002 οὐχὶ
2209 930 2328 996 νὺξ,
2368 931 2491 984 οὐδὲ
2530 932 2673 986 πάνυ
2728 931 2867 1002 βαθὺ
2914 931 2977 987 τδ
3016 934 3208 998 σκότος
3258 937 3454 1006 αὐτῆς,
3483 938 3624 992 ἀλλὰ

2035 1022 2281 1077 τοιοῦτον
2312 1025 2496 1079 ὁποῖον
2529 1027 2558 1078 6
2584 1025 2743 1093 λόγος
2774 1025 2875 1096 ἤδη
2923 1024 3141 1094 φθάσας
3167 1028 3489 1099 ἐγνώρισεν,
3523 1031 3625 1085 ἅτε

2036 1115 2301 1186 οὐμενοῦν
2330 1115 2808 1188 ἀντιφραττούσης
2837 1119 2961 1182 ταῖς
2984 1118 3244 1189 ἡλιακαῖς
3270 1121 3459 1174 ἀκτῖσι
3481 1138 3597 1177 παν
3616 1147 3631 1164 -

2035 1207 2297 1262 τάπασιν.
2352 1207 2417 1262 Ἦ
2459 1209 2570 1278 γάρ
2601 1209 2697 1278 νὺξ
2751 1209 2909 1265 οὐδὲν
2951 1209 3083 1266 ἄλλο
3131 1211 3337 1285 ἐστὶνῆ
3375 1214 3626 1285 σκίασμα
3702 1220 3707 1225 ’

2036 1294 2163 1365 γῆς,
2190 1295 2268 1358 ὡς
2327 1298 2357 1349 6
2403 1298 2577 1368 μέγας
2617 1300 2755 1369 φησὶ
2802 1299 3107 1365 Βασίλειος.
3146 1300 3254 1354 Τοῦ
3301 1302 3437 1371 γοῦν
3465 1304 3626 1375 ἡλίου

2042 1388 2119 1459 μὴ
2167 1387 2267 1458 τὴν
2311 1390 2415 1459 γῆν
2444 1390 2862 1463 ὑποτρέχοντος,
2906 1392 3294 1461 άλλ*-ἔγγιστα
3326 1410 3632 1467 περιστρεο

2040 1480 2319 1549 φθιμένου,
2368 1479 2447 1543 ὡς
2506 1479 2715 1535 ἄνωθεν
2774 1480 3033 1552 εἴρηται,
3090 1480 3316 1551 βαθεῖαν
3376 1480 3631 1548 γίνεσθαι

2041 1572 2213 1627 νύκτα
2240 1572 2458 1636 πάντως
2485 1573 2794 1645 ἀμήχανον.
2826 1574 2935 1629 Καὶ
2964 1574 3018 1629 τί
3048 1575 3211 1646 χρεία
3238 1574 3413 1630 πολλὰ
3438 1575 3630 1643 λέγειν

2043 1666 2141 1719 καὶ
2170 1664 2517 1736 ἀπαριθμεῖν
2541 1667 2610 1721 τά
2639 1665 2765 1721 καθ’
2798 1666 3068 1733 ἓκκστονς
3104 1667 3419 1738 Σφαιρικῆς
3457 1666 3631 1735 ούσης

354 1765 543 1834 perius
570 1766 877 1832 aiebamus,
900 1767 1015 1822 ﬁeri
1047 1744 1397 1838 nequaquam
1425 1776 1613 1837 posset
1641 1776 1700 1822 ut
1718 1776 1938 1823 noctem

2052 1757 2144 1828 τῆς
2188 1761 2294 1829 γῆς
2333 1761 2427 1813 καὶ
2484 1760 2543 1812 ιν
2597 1758 2754 1830 μέσῳ
2799 1757 2897 1813 τοῦ
2927 1759 3132 1821 παντὸς
3183 1760 3631 1832 άπῃωρημένης,

353 1854 684 1923 profundam
735 1855 1091 1914 haberemus.
1150 1858 1219 1913 Et
1276 1872 1410 1912 vero
1474 1857 1611 1928 quid
1654 1874 1804 1929 opus
1852 1868 1940 1915 est

357 1945 527 1999 multa
564 1960 1003 2005 commemorare
1039 1948 1368 2021 singulaque
1419 1951 1755 2009 recensere?
1797 1951 1938 2007 Cum

351 2034 578 2108 globosa
630 2036 702 2093 si't
744 2049 889 2094 terra
922 2038 1066 2095 etin
1097 2041 1341 2097 universi
1380 2042 1564 2100 medio
1608 2044 1770 2115 quasi
1815 2060 1941 2100 sus-

355 2143 527 2198 pensa
564 2129 789 2198 ha‘rcat,
822 2132 966 2203 apud
1012 2132 1152 2189 alios
1180 2134 1341 2189 aliter
1367 2135 1450 2190 sol
1489 2135 1669 2191 oritur
1698 2146 1755 2192 et
1786 2137 1942 2193 occi-

353 2219 455 2273 dit.
480 2218 681 2274 Eadem
704 2221 772 2276 de
791 2236 954 2277 causa
977 2223 1260 2279 nonnullis
1281 2225 1515 2294 aequalia
1534 2224 1745 2281 dierum
1773 2235 1939 2296 atque

355 2311 599 2365 noctium
638 2312 808 2367 emi-it
852 2315 1047 2383 spatia,
1093 2316 1373 2371 nonnullis
1396 2316 1708 2386 iuzequalia.
1751 2315 1941 2387 Neque

357 2404 557 2458 mirum
592 2404 689 2459 tibi
735 2406 806 2461 sit
834 2407 978 2476 apud
1015 2407 1312 2465 Britannos
1366 2417 1583 2463 noctem
1641 2423 1737 2464 sex
1776 2407 1944 2463 bora-

361 2509 479 2547 rum
512 2510 656 2562 esse,
691 2497 912 2567 quando
933 2498 1077 2568 apud
1109 2498 1264 2565 alios,
1298 2498 1501 2570 quibus
1524 2514 1644 2554 eam
1677 2498 1744 2554 ad
1775 2499 1948 2554 subli-

358 2588 602 2642 mitatem
645 2592 728 2644 'ch
780 2591 1043 2648 australis
1098 2592 1185 2647 vel
1240 2591 1570 2662 aquilonalis
1635 2590 1798 2661 polus
1860 2599 1949 2646 est

354 2681 604 2737 elevatus
653 2693 714 2738 ut
750 2682 989 2739 alterum
1040 2685 1267 2740 omnino
1310 2700 1478 2756 supra
1533 2684 1798 2749 verticem
1851 2685 1950 2738 lia-

356 2773 543 2839 beant,
599 2779 744 2845 apud
802 2778 904 2832 bos
953 2792 1087 2847 ergo
1130 2787 1357 2849 propter
1391 2775 1526 2832 solis
1560 2777 1617 2831 in
1672 2775 1944 2832 circulum

2040 1852 2175 1921 παρ’
2222 1852 2409 1918 ἄλλοις
2451 1852 2632 1911 ἄλλως
2666 1851 2954 1906 ἀνατέλλει
2983 1869 3045 1906 τε
3087 1852 3184 1907 καὶ
3211 1852 3359 1907 δύνει
3388 1855 3416 1907 ό
3447 1854 3632 1925 ἥλιος,

2040 1944 2345 2005 κάντεῦθεν
2380 1948 2493 2009 τοῖς
2531 1945 2634 2017 μὲν
2668 1942 2762 1998 ῖσα
2790 1943 2938 1999 τελεῖ
2962 1945 3033 1999 τά
3057 1946 3402 2019 νυχθήμερα,
3430 1949 3546 2011 τοῖς
3575 1947 3637 2002 δὲ

2041 2036 2206 2090 πάλιν
2264 2036 2447 2091 ἄνισα.
2483 2037 2578 2108 Μὴ
2625 2035 2890 2105 θαύμαζε
2950 2038 3071 2105 εῖγε
3128 2038 3283 2111 παρά
3335 2040 3637 2109 Βρετανοῖς

2040 2127 2279 2198 ἑεάωρός
2311 2130 2462 2183 ἐστιν
2504 2130 2538 2196 ἡ
2581 2126 2704 2195 νὺξ,
2729 2130 2868 2182 ὅπου
2893 2144 2959 2198 γε
2990 2128 3125 2203 παρ’
3173 2129 3408 2201 ἑτέροις,
3429 2126 3511 2193 οἷς
3542 2146 3638 2185 το·

2047 2219 2239 2275 σοῦτον
2287 2222 2317 2280 6
2368 2220 2536 2285 πόλος
2577 2220 2809 2295 ἐξῆρται
2833 2221 2863 2276 6
2903 2221 3115 2293 βόρειος
3147 2221 3180 2293 ἡ
3208 2222 3241 2275 6
3280 2222 3459 2287 νότιος
3486 2220 3636 2279 ὥστε

2048 2314 2197 2368 κατὰ
2223 2314 2473 2385 κορυφὴν
2504 2314 2652 2385 ἔχειν
2694 2314 2795 2369 τὸν
2820 2316 3008 2387 ἕτερόν
3063 2332 3130 2386 γε
3171 2315 3388 2380 πάντως
3421 2315 3636 2380 αὐτῶν,

2048 2406 2262 2469 τούτοις
2300 2406 2390 2462 διά
2442 2406 2540 2478 τὴν
2570 2406 2734 2479 πέριξ
2792 2407 2888 2462 τοῦ
2959 2408 3114 2480 ἡλίου
3173 2408 3514 2481 περιδρομὴν
3571 2410 3638 2463 τὸ

2045 2498 2374 2569 οἰκούμενον
2418 2498 2569 2554 ἅπαν
2609 2500 2922 2570 ἐσκίασται,
2959 2503 2988 2556 ὃ
3025 2518 3085 2555 τε
3114 2501 3392 2565 ἐνιαύσιος
3439 2500 3635 2563 αὐτοῖς

2045 2590 2249 2656 κύκλος
2278 2592 2468 2664 ἡμέρᾳ
2516 2593 2616 2665 μιᾷ
2641 2593 2740 2647 καὶ
2780 2595 2938 2649 νυκτὶ
2961 2583 3227 2658 ὡσαύτως
3269 2592 3631 2664 μεμέρισται,

2045 2683 2121 2748 ὡς
2144 2679 2287 2738 εἶναι
2325 2683 2538 2748 τούτοις
2585 2684 2776 2739 λοιπδν
2823 2685 2927 2756 τὴν
2966 2686 3184 2757 ἡμέραν
3220 2684 3498 2755 ἑξάμηνον
3532 2686 3628 2737 καὶ

2048 2776 2147 2848 τὴν
2188 2774 2363 2832 νύκτα
2388 2776 2700 2848 ἰσάριθμον.
2730 2778 2843 2831 Καὶ
2871 2778 3079 2832 τούτων
3111 2776 3310 2842 οὕτως.

360 2873 782 2929 conversionem
821 2882 930 2930 tota
968 2875 1118 2944 regio
1154 2873 1411 2928 tenebras
1437 2882 1734 2943 perpetuas
1763 2872 1952 2939 habet,
1983 2871 2091 2944 33
2117 2881 2175 2929 et
2199 2874 2617 2931 anniversarios
2647 2872 2798 2930 orbis
2824 2874 2915 2930 ille
2945 2874 3307 2932 consimiliter
3368 2874 3421 2931 in
3483 2875 3632 2931 diem

358 2980 690 3039 noctemque
756 2968 837 3025 sic
868 2970 1178 3035 dividitur,
1230 2976 1292 3022 ut
1348 2967 1497 3023 diem
1548 2967 1771 3038 quidem
1824 2969 2235 3041 sexbmeusium
2278 2968 2620 3041 totidemque
2675 2968 2951 3025 mensium
3006 2978 3224 3024 noctem
3272 2968 3535 3024 habeant.
3560 2968 3639 3025 Ac

358 3064 425 3117 de
459 3064 543 3121 bls
577 3064 799 3136 quidem
832 3065 938 3122 hoc
965 3065 1130 3121 modo
1157 3066 1367 3122 dictum
1395 3075 1536 3121 esto.

432 3164 553 3220 Non
599 3164 788 3233 ignoro
834 3173 1041 3235 autem,
1070 3164 1273 3220 dilecte
1303 3164 1403 3233 ﬁli,
1435 3164 1599 3258 te.de
1640 3165 1746 3220 hoc
1777 3165 1946 3221 etiam

360 3269 558 3328 praeter
602 3260 707 3314 alia
748 3260 987 3316 sollicite
1031 3261 1491 3331 perquisiturum.
1545 3260 1940 3329 Quamobrem,

360 3352 603 3422 inquies,
643 3361 760 3409 toto
807 3354 995 3409 triduo
1049 3354 1276 3424 quidem
1311 3354 1511 3410 dill‘usa
1556 3354 1646 3409 lux
1700 3363 1820 3411 erat
1854 3356 1952 3418 illa

359 3444 708 3517 primigenia,
739 3456 942 3516 quarto
987 3458 1175 3501 autem
1213 3446 1308 3501 die
1343 3444 1520 3500 divisa
1564 3454 1645 3500 est
1682 3446 1738 3500 in
1777 3446 1947 3501 lumi-

361 3540 540 3598 naria.
561 3539 825 3593 nimirum
857 3537 1278 3605 solem,lunam,
1307 3540 1514 3609 reliqua
1543 3540 1947 3595 sidera?Nolim

364 3629 624 3699 equidem
684 3628 851 3685 nimis
904 3639 958 3685 te
1009 3630 1234 3686 curiose
1279 3646 1562 3687 sacrarum
1609 3631 1948 3688 Litterarum

362 3722 533 3776 verba
568 3721 906 3789 examinare,
945 3723 1169 3792 quando
1215 3723 1320 3779 hac
1352 3723 1406 3779 in
1450 3736 1607 3794 parte
1646 3725 1833 3780 studio
1864 3726 1951 3781 di-

363 3813 552 3869 scendi
585 3822 679 3869 tuo
714 3830 939 3883 prorsus
953 3815 1271 3871 satisfacere
1305 3831 1414 3870 non
1442 3832 1761 3886 possumus.
1793 3816 1948 3874 Scito

367 3917 549 3961 tamen
583 3906 897 3973 condidisse
932 3907 1158 3979 quidem
1192 3908 1354 3965 initio
1383 3908 1556 3966 Deum
1590 3909 1773 3965 lucem
1794 3910 1946 3965 illam

365 4018 559 4071 puram
609 4011 667 4058 et
715 4011 999 4073 expertem
1052 4003 1307 4060 materiei
1342 4018 1568 4069 crassae,
1599 4019 1794 4060 verum
1838 4018 1950 4060 non

367 4094 546 4164 ipsum
589 4097 828 4161 discum,
856 4105 918 4152 ut
962 4096 1093 4152 inde
1130 4097 1413 4153 discamus
1441 4111 1679 4167 quorum
1719 4111 1949 4166 operum

369 4187 491 4256 ipse
527 4188 600 4243 sit
628 4188 885 4255 effector,
922 4204 1101 4260 eoque
1134 4199 1400 4259 percepto
1435 4190 1951 4260 praestantissimum

370 4279 527 4335 illum
575 4281 844 4337 artitlcem
898 4289 1054 4336 tanto
1099 4282 1272 4352 magis
1323 4283 1705 4338 admiremur:
1745 4297 1872 4337 nam
1919 4297 1951 4336 a

375 4370 755 4441 magnitudine
800 4371 1282 4443 pulcritudineque
1330 4383 1645 4431 creatorum
1699 4381 1814 4429 tum
1867 4388 1954 4429 sa—

375 4462 584 4542 pientia
633 4473 746 4519 tum
794 4474 1042 4536 potestas
1069 4466 1286 4538 opiﬁcis
1328 4467 1660 4538 perspicitur
1690 4468 1759 4522 “.
1790 4468 1954 4539 Ejus-

248 4622 257 4629 .
374 4556 522 4613 modi
558 4573 690 4613 vero
727 4558 911 4614 lucem
955 4558 1221 4630 deinceps
1248 4559 1305 4616 in
1359 4558 1548 4616 discos
1590 4559 1848 4627 collocat,
1891 4570 1954 4617 ut

373 4658 766 4720 promanantes
814 4651 945 4709 inde
1012 4652 1202 4710 radios
1250 4668 1353 4724 per
1421 4652 1640 4709 discum
1695 4655 1952 4711 nonnihil
1986 4684 2030 4741 ο

375 4742 528 4797 velut
574 4743 902 4798 obscuratos
941 4742 1069 4799 usui
1111 4750 1312 4799 nostro
1359 4741 1592 4799 idoneos
1624 4753 1793 4815 atque
1823 4758 1957 4801 con-

378 4833 665 4890 venientes
690 4834 968 4891 redderet.
996 4835 1132 4891 Nam
1165 4835 1235 4892 de
1281 4835 1622 4893 Theodoreti
1658 4839 1957 4906 sententia,

376 4939 502 4979 eum
529 4927 708 4982 oculis
731 4925 961 4996 praedita
991 4927 1108 4983 sint
1130 4927 1416 4994 animalia,
1441 4929 1623 4985 lucem
1656 4929 1806 4985 illam
1832 4930 1964 4985 alte-

380 5031 494 5070 ram
528 5016 675 5074 !erre
715 5034 825 5074 non
861 5020 1194 5090 potuissent.
1227 5019 1412 5078 Habes
1448 5022 1851 5093 expositionem
1891 5023 1961 5080 de

379 5110 500 5181 ipsa
521 5099 760 5181 petitam
793 5113 1046 5169 historia.

452 5202 659 5272 Quodsi
688 5206 856 5283 verba
882 5208 1116 5264 Mosaica
1137 5208 1432 5265 sublimius
1464 5206 1632 5265 etiam
1652 5209 1959 5281 intelligere

382 5298 493 5366 vis,
538 5307 599 5354 ut
639 5299 821 5357 discas
849 5303 1209 5373 quamobrem
1256 5303 1349 5358 lux
1397 5303 1486 5358 illa
1526 5302 1710 5359 triduo
1754 5303 1958 5359 dili‘usa

382 5393 554 5451 fuerit
586 5394 789 5463 ubique
825 5411 888 5450 ac
922 5396 1183 5465 deinceps
1228 5396 1283 5451 in
1337 5395 1633 5451 luminaria
1667 5398 1827 5466 quasi
1878 5411 1963 5451 re-

387 5489 634 5553 condita,
662 5489 912 5544 divinum
948 5489 1100 5544 illum
1132 5490 1484 5546 Anastasium
1518 5490 1709 5550 babes.
1738 5488 1832 5559 qui
1864 5503 1963 5558 per

390 5582 682 5652 allegorias
715 5582 834 5637 haec
872 5582 927 5636 in
959 5574 1127 5638 hunc
1163 5583 1388 5638 modum
1419 5581 1684 5637 declarat.
1721 5580 1835 5634 Lux
1872 5580 1961 5636 illa

394 5678 821 5743 praecedentium
853 5679 1015 5734 trium
1056 5678 1292 5745 dierum.
1318 5678 1386 5735 de
1416 5693 1522 5748 qua
1550 5675 1767 5730 Littera:
1798 5688 1966 5729 saeue

469 5770 513 5803 ”
545 5770 675 5843 Sap.
716 5788 829 5841 aut,
863 5774 915 5831 ὅ.

2128 3162 2259 3221 Οἶδα
2286 3166 2367 3235 δὲ,
2397 3164 2675 3239 ἀγαπητὲ,
2703 3164 2789 3221 δτι
2819 3166 2915 3222 καὶ
2947 3162 3108 3222 τοῦτο
3138 3164 3278 3238 πρὸς
3307 3167 3419 3230 τοῖς
3449 3164 3640 3229 ἄλλοις

2051 3259 2419 3333 περιεργάζῃ,
2448 3256 2515 3313 Τί
2546 3260 2609 3330 δή
2644 3275 2800 3326 ποτε,
2833 3258 3030 3331 λέγων,
3065 3258 3157 3312 ἐπὶ
3189 3259 3371 3329 τρισὶν
3400 3257 3641 3328 ἡμέραις

2054 3355 2464 3426 ἀνακεχυμένον
2511 3349 2578 3424 ἦν
2623 3355 2796 3408 ἐκεῖνο
2841 3353 2901 3407 τὸ
2933 3352 3285 3423 πρωτόγονον
3316 3352 3454 3422 φῶς,
3490 3353 3551 3408 ὲν
3579 3352 3639 3406 δὲ

2054 3450 2120 3518 τῇ
2148 3450 2386 3520 τετάρτῃ
2419 3447 2605 3518 ἡμέρᾳ
2637 3448 2751 3511 τοῖς
2783 3446 3073 3517 φωστῆρσι
3106 3444 3512 3517 κατεμερίσθη,
3554 3446 3637 3517 τῷ

2054 3557 2114 3594 τε
2151 3539 2287 3611 ἡλίῳ
2323 3539 2549 3610 δηλαδὴ,
2585 3541 2652 3610 τῇ
2686 3538 2888 3613 σελήνῃ
2917 3542 3016 3594 καὶ
3042 3538 3157 3603 τοῖς
3186 3537 3397 3601 λοιποῖς
3429 3538 3641 3610 ἄστρα·

2059 3649 2183 3698 σιν;
2229 3633 2392 3686 ’Δλλά
2434 3632 2511 3703 μὴ
2556 3634 2649 3687 ἐπὶ
2698 3631 2865 3685 πλέον
2897 3632 2965 3687 τὰ
3012 3629 3134 3686 θεῖα
3183 3630 3643 3701 πολυπραγμόνει

2059 3724 2221 3794 ῥητὰ,
2263 3724 2346 3779 ὅτι
2398 3723 2535 3794 μηδὲ
2593 3722 2930 3794 θεραπεύειν
2975 3721 3071 3775 ἐπὶ
3120 3722 3343 3785 τούτοις
3375 3720 3643 3792 ἰσχύομεν

2055 3816 2156 3886 τὴν
2183 3817 2283 3887 σὴν
2316 3815 2702 3885 φιλομάθειαν.
2739 3816 2881 3869 ’ῐσθι
2927 3812 3224 3886 τοιγαροῦν
3258 3814 3341 3868 ὅτι
3393 3814 3645 3885 παράγει

2061 3910 2161 3980 μὶν
2189 3911 2219 3963 6
2251 3909 2387 3973 Θεὸς
2430 3909 2493 3964 τὸ
2533 3907 2777 3981 καθαρὸν
2821 3907 3001 3961 ἐκεῖνο
3034 3908 3128 3961 καὶ
3154 3906 3321 3962 ﬁt”:on
3354 3905 3492 3974 φῶς,
3518 3905 3647 3975 οὐχὶ

2056 4001 2116 4056 δὲ
2167 4002 2261 4056 καὶ
2314 4001 2407 4055 τδν
2456 4000 2645 4055 δίσκον
2701 3999 2890 4067 αὐτὸν,
2922 3998 3012 4052 ἵνα
3068 3998 3335 4069 μάθωμεν
3386 3995 3647 4052 ἐντεῦθεν

2057 4092 2264 4146 ὁποίων
2300 4092 2478 4164 ἔργων
2513 4092 2666 4146 ἐστὶν
2716 4089 3046 4163 αὐτουργὸς,
3078 4093 3177 4144 καὶ
3228 4089 3319 4143 ἴνα
3372 4088 3645 4159 μαθόντες

2058 4185 2152 4240 τὸν
2197 4185 2591 4256 ἀριστοτέχνην
2616 4182 2755 4238 Θεὸν
2796 4183 2890 4238 ἐπὶ
2935 4182 3101 4237 πλέον
3131 4180 3507 4252 θαυμάζωμεν
3528 4197 3544 4214 ’
3577 4181 3647 4235 ἐκ

2063 4277 2330 4348 μεγέθους
2381 4277 2492 4347 γὰρ
2526 4277 2620 4331 καὶ
2675 4273 2943 4344 καλλονῆς
2973 4274 3295 4344 κτισμάτων
3338 4273 3374 4344 ἡ
3417 4272 3514 4327 τοῦ
3541 4270 3647 4343 δη-

2062 4371 2327 4442 μιουργοῦ
2380 4371 2683 4439 καθορᾶται
2720 4369 2885 4434 σοφία
2922 4369 3018 4423 καὶ
3073 4369 3326 4437 δύναμις.
3362 4366 3545 4438 Δίσκῳ
3588 4365 3649 4421 δὲ

2058 4465 2121 4520 τὸ
2160 4464 2406 4520 τοιοῦτον
2450 4462 2811 4533 ὲναποτίθησι
2841 4463 2983 4533 μετὰ
3022 4461 3198 4516 ταῦτα
3242 4461 3380 4531 φῶς,
3411 4460 3500 4515 ῖνα
3540 4460 3650 4532 τὴν

2059 4558 2389 4628 ὲκπηδῶσαν
2416 4556 2632 4611 ἐκεῖθεν
2675 4555 2873 4609 ἀκτῖνα
2906 4554 2995 4609 διὰ
3033 4553 3126 4608 τοῦ
3166 4553 3357 4615 δίσκου
3398 4569 3643 4619 συσκιά-

2031 4651 2298 4722 ’ζομένην
2362 4650 2669 4720 ὶργάσηται
2736 4646 3096 4717 σύμμετρον·
3156 4644 3477 4715 ὀφθαλμοὺς
3526 4644 3642 4714 γάρ

2058 4745 2253 4815 ἔχοντα
2283 4741 2398 4806 ζῶα
2448 4740 2551 4794 οὐκ
2586 4737 2654 4793 ἂν
2685 4736 2940 4808 ἡνεγκεν,
2977 4736 3052 4799 ὥς
3108 4736 3213 4789 πού
3256 4750 3392 4804 φησι
3438 4732 3651 4791 Θεοδώ·

2064 4854 2249 4911 ρητος.
2321 4833 2481 4891 Ἀλλὰ
2537 4831 2717 4888 ταῦτα
2776 4830 2878 4903 μὲν
2927 4831 2960 4885 6
3008 4829 3170 4900 λόγος
3226 4826 3351 4882 καθ’
3399 4827 3649 4898 ἱστορίαν

2059 4930 2262 5003 ἐπῆλθέ
2291 4944 2399 4985 σοι.

2143 5205 2207 5259 El
2272 5202 2453 5275 βούλει
2513 5201 2572 5258 δὲ
2628 5200 2725 5258 καὶ
2787 5198 3128 5270 ὑψηλότερον
3196 5192 3529 5251 ἑκλαὸἐσθαι
3576 5190 3652 5247 τά

2060 5297 2339 5355 Μωσαῖκά
2383 5277 2642 5351 καῖ’θεῖα
2687 5293 2853 5365 ῥητὰ,
2883 5282 3030 5346 ὥστε
3081 5288 3276 5360 μαθεῖν
3315 5290 3383 5371 sit
3435 5284 3649 5340 τούτων

2059 5394 2203 5456 τίνος
2247 5391 2437 5445 ἕνεκεν
2477 5386 2890 5459 ἀνακεχυμένον
2937 5380 3006 5458 ἦν
3040 5385 3136 5438 ἐπὶ
3175 5382 3356 5454 τρισὶν
3398 5377 3645 5450 ἡμέραις

2062 5490 2242 5543 ἐκεῖνο
2294 5485 2355 5539 τὸ
2408 5483 2525 5553 φῶς
2580 5480 2919 5552 ἁπανταχοῦ,
2984 5476 3124 5548 μετὰ
3171 5476 3229 5530 δὲ
3294 5472 3467 5527 ταῦτα
3529 5471 3647 5532 τοῖς

2064 5578 2389 5650 φωστῆρσιν
2428 5573 2804 5638 ἐναπετίθετο,
2834 5572 2927 5626 τὸν
2970 5570 3246 5625 θειότατον
3296 5566 3443 5637 ἔχεις
3483 5563 3649 5616 Ἀνα-

2068 5672 2288 5726 nam:
2333 5665 2745 5738 ἀλληγοροῦντα
2780 5666 2846 5720 τὰ
2882 5661 3131 5719 τοιαῦτα.
3163 5660 3236 5716 Τὸ
3284 5660 3384 5730 μὲν
3412 5652 3506 5712 οὖν
3536 5653 3649 5709 τῶν
