3968 6228
422 349 487 418 εει
1690 320 1993 412 ΜΙΕΠΑΕῘ

2097 353 2110 409 i
2149 348 2406 412 GLYC.‘E
3600 349 3672 412 92

424 466 563 522 mari
599 464 865 537 piscando
898 464 1104 520 victum
1130 476 1403 537 quaerunt,
1439 466 1483 522 si
1519 469 1740 539 quando
1771 468 1961 525 fuiiicu

2099 487 2341 539 σχουσιν,
2376 469 2578 522 εἴποτε
2610 465 2813 538 κύρτον
2848 464 2996 529 ἐντὸς
3048 464 3253 534 νάρκην
3287 464 3518 534 ἔχουσαν
3556 469 3671 532 τοῖς

424 560 495 615 iis
543 574 637 613 vas
683 558 1363 627 piseatoriumattrahunt
1393 574 1502 630 quo
1557 561 1784 631 torpedo
1815 562 1993 616 conti-

427 650 667 704 neatur?
694 649 824 703 Eam
860 648 1087 703 sortitus
1113 658 1195 703 est
1218 664 1313 704 aer
1340 659 1589 704 naturam
1618 651 1990 722 peculiariter,

428 740 510 795 uti
540 740 705 809 quam
741 739 993 793 facillimo
1021 738 1311 795 afﬁciatur.
1340 738 1475 796 Nam
1508 750 1565 796 et
1598 741 1749 796 souis
1774 742 1995 812 pervius

432 840 514 886 est
552 829 981 900 et'pellucidus,
1012 840 1079 885 et.
1106 831 1335 885 odoratu
1371 840 1712 902 penetratur,
1741 833 1891 888 nulla
1935 849 1995 890 re

423 921 749 979 intermedia
783 920 1084 993 quidquam
1114 922 1496 991 impedimenti
1531 923 1846 995 obiiciente.
1874 925 1996 993 Quo

425 1012 487 1067 iit
512 1021 571 1069 ut
593 1013 885 1068 multarum
913 1021 1021 1068 tam
1062 1012 1419 1070 aﬂectiOuum
1447 1029 1614 1086 quant
1641 1017 1993 1074 eﬂ‘cctionum

421 1120 588 1162 causa
606 1105 701 1161 sit.
736 1107 817 1161 An
843 1121 956 1161 non
983 1106 1131 1162 enim
1164 1107 1450 1164 oculorum
1482 1102 1591 1179 39
1623 1111 1820 1167 morbo
1844 1112 1996 1168 labo-

422 1205 612 1252 rantes
662 1196 988 1267 plernmque
1032 1212 1098 1252 se
1148 1197 1433 1254 intuentes
1471 1199 1647 1255 morbi
1698 1200 1997 1271 participes

424 1287 710 1343 reddunt?
739 1287 1087 1360 Quapropter
1113 1298 1171 1344 et
1205 1290 1435 1360 torpedo
1479 1302 1580 1361 per
1626 1306 1777 1358 aera,
1828 1307 1996 1362 quem

426 1380 571 1434 intra
600 1395 658 1435 so
675 1381 939 1446 continet,
955 1377 1171 1436 aﬂtoere
1195 1390 1379 1451 potest
1396 1383 1721 1439 accedentes
1748 1385 1993 1454 propius,

423 1467 558 1525 licet
592 1483 710 1525 eam
759 1484 871 1524 non
920 1477 1234 1527 attrectent.
1273 1470 1380 1527 Nec
1434 1472 1634 1526 mirum
1684 1473 1789 1527 hoc
1819 1472 1996 1529 videri

424 1559 627 1641 depet;
669 1576 795 1615 nam
857 1561 1115 1631 Magncsr
1147 1578 1309 1632 quem
1374 1563 1611 1633 lapidem
1667 1564 1994 1620 Herculeum

424 1661 642 1715 vocant,
691 1653 900 1707 etiamsi
948 1652 1186 1721 quodam
1240 1655 1529 1708 intervallo
1560 1655 1703 1708 absit
1745 1670 1776 1709 a
1827 1656 1992 1723 ferro,

423 1753 613 1800 tamen
638 1745 887 1800 videmus
914 1744 1292 1800 ellicacimtem
1337 1746 1537 1815 lapidis
1573 1762 1673 1817 per
1702 1747 1882 1818 ipsum
1910 1748 1996 1802 in-

2100 562 2383 625 καλωδίοις
2429 561 2789 631 ἐφέλκουσιν;
2848 558 3277 629 Εὐποθεστάτην
3323 561 3351 613 ὁ
3407 560 3517 630 ἀὴρ
3569 558 3671 630 τὴν

2100 653 2262 722 φύσιν
2288 652 2648 724 κληρωτικῶς
2672 650 3009 721 ἀπενείματο
3034 666 3048 681 ⁸
3078 650 3274 723 διηχὴς
3304 649 3415 720 γὰρ
3439 651 3674 706 mata-

2098 746 2273 815 φανὴς
2336 745 2436 815 ἔφυ
2491 745 2584 798 καὶ
2646 743 2890 815 δίοσμος,
2944 743 3269 815 μεταιχμίου
3320 742 3460 814 μηδέ
3522 760 3669 807 τινος

2098 834 2559 906 ἐπιπροσθοῦντος
2597 832 2766 906 αὐτῷ.
2834 834 3054 891 Πολλῶν
3085 832 3269 888 τοίνυν
3317 832 3513 895 παθῶν
3571 834 3670 888 καὶ

2098 928 2388 999 ἐνεργειῶν
2420 926 2593 992 αἴτιος
2615 942 2630 958 ·
2675 926 2794 991 πῶς
2828 927 2936 999 γάρ
2969 925 3019 979 oi
3069 925 3349 995 caeso“;
3379 922 3672 990 νοσοῦντες

2096 1021 2223 1084 τοὺς
2255 1020 2496 1091 ὁρῶντας
2533 1018 2676 1088 σφᾶς
2726 1017 2988 1082 πολλάκις
3008 1017 3102 1072 τοῦ
3134 1018 3342 1081 πάθους
3368 1018 3669 1097 κοινωνοὺς

2098 1113 2464 1178 ἐποιήσαντος
2524 1111 2735 1165 Οὐκοῦν
2784 1110 2873 1164 διὰ
2921 1108 3016 1164 τοῦ
3071 1110 3285 1175 ἐνόντος
3334 1110 3499 1180 ἀέρος
3569 1109 3670 1163 καὶ

2097 1205 2275 1276 νάρκη
2306 1205 2481 1270 ποιεῖν
2504 1220 2558 1257 τι
2594 1202 2769 1267 πάθος
2830 1202 3121 1256 ἐπίσταται
3172 1203 3285 1268 τοῖς
3340 1201 3480 1273 αὐτῇ
3529 1200 3672 1271 πλη-

2100 1295 2398 1360 σιάζουσιν,
2431 1295 2481 1347 εί
2514 1298 2608 1350 καὶ
2639 1296 2715 1365 μὴ
2742 1293 2948 1365 ταύτης
2985 1292 3294 1363 ἐφάψοιντο.
3319 1292 3430 1382 Καὶ
3457 1291 3674 1382 θαρμάι

2100 1389 2213 1455 ζειν
2245 1390 2306 1443 οὐ
2333 1389 2445 1460 χρή
2468 1402 2484 1421 ο
2520 1389 2552 1459 ἡ
2584 1387 2873 1457 Μαγνῆτις
2913 1386 3045 1458 γὰρ,
3080 1389 3146 1458 ην
3202 1386 3297 1439 καὶ
3322 1378 3672 1454 ’Ἡρακλείαν

2098 1480 2245 1534 λίθον
2279 1482 2433 1549 φασὶ,
2464 1480 2560 1534 τοῦ
2596 1480 2820 1551 σιδήρου
2865 1479 3141 1550 διέστηκε,
3189 1480 3285 1532 καὶ
3320 1479 3470 1548 ὅμως
3526 1476 3671 1546 ὁρῶ·

2101 1587 2202 1641 μεν
2232 1570 2318 1624 διὰ
2352 1571 2516 1641 μέσου
2546 1570 2641 1623 τοῦ
2673 1571 2836 1642 ἀέρος
2869 1570 2966 1642 τὴν
2994 1571 3283 1640 ἐνέργειαν
3325 1569 3671 1641 προσϐαλλο-

2104 1666 2273 1735 μένην
2306 1667 2369 1736 τῇ
2396 1662 2550 1735 λίθῳ.
2579 1665 2654 1718 Τὸ
2678 1665 2735 1718 δέ
2767 1665 2862 1718 καὶ
2892 1665 3020 1734 περὶ
3047 1664 3142 1719 τὸν
3170 1663 3390 1732 φοίνικα
3417 1663 3478 1714 τὸ
3500 1662 3668 1731 φυτὸν

2102 1754 2364 1825 ἐρωτικδν
2391 1755 2681 1825 γενόμενον
2714 1755 2909 1820 πάθος,
2942 1756 3038 1810 καὶ
3070 1756 3220 1819 ὅπως
3254 1756 3289 1824 ἡ
3320 1753 3531 1824 θήλεια,
3562 1753 3669 1807 κᾶν

426 1835 761 1893 termedium
794 1851 923 1891 aera
958 1852 1080 1892 sese
1126 1835 1427 1908 porrigere.
1468 1838 1610 1904 Quin
1648 1840 1810 1913 etiam
1845 1854 1993 1895 ama-

2102 1847 2198 1900 xai.
2241 1846 2534 1913 διίσταται,
2570 1847 2696 1910 τοὺς
2748 1848 2979 1909 κλάδους
3022 1847 3192 1917 αὐτῆς
3243 1845 3527 1899 ὐποκλίνει
3588 1845 3668 1916 τῷ

427 1928 570 1983 toria
595 1927 789 1991 palmae
818 1929 1028 1983 arboris
1060 1927 1300 1991 aﬂectio,
1330 1931 1475 1999 quod
1506 1930 1762 1985 nimirum
1793 1931 1993 1989 lemina

422 2019 603 2089 spatio
648 2018 884 2086 quodam
928 2018 1036 2073 loci
1075 2018 1348 2087 disjuucta
1407 2020 1765 2077 nihilominus
1813 2038 1999 2079 ramos

420 2124 556 2165 suos
601 2110 738 2163 mari
772 2109 1103 2171 summittat.
1159 2110 1467 2182 deindeque
1520 2128 1739 2168 rursum
1789 2126 1993 2187 rectam

424 2202 493 2257 ad
545 2201 777 2257 formam
829 2203 1017 2257 redeat
1070 2204 1230 2286 quasi
1300 2206 1471 2274 potita
1521 2204 1701 2260 fructu
1751 2208 1984 2280 conjun'o

419 2297 641 2361 ctionis,
670 2296 830 2367 cujus
868 2309 1030 2351 aures
1060 2295 1425 2351 admiratione
1466 2311 1577 2353 non
1623 2299 1843 2369 replet?
1876 2299 2005 2356 Non.

423 2389 597 2457 igitur
659 2386 959 2444 absurdum
1040 2388 1204 2442 etiam
1281 2388 1621 2458 torpedinem
1694 2390 2005 2459 piscatores"

420 2481 641 2537 laedere.
684 2496 689 2500 ‘
768 2549 775 2556 .

490 2571 596 2638 Qui
642 2579 904 2641 praeterea
949 2570 1008 2626 lit
1041 2580 1098 2626 ut
1133 2573 1228 2627 alii
1260 2571 1483 2641 quidem
1518 2573 1696 2642 pisces
1723 2573 1777 2628 in
1820 2574 2011 2631 Ponto‘

425 2664 623 2736 degere
670 2665 1062 2720 consueverint
1122 2665 1467 2735 aliquandiu,
1519 2666 1751 2736 polypus
1811 2676 2013 2723 autem.

424 2758 610 2813 sinum
666 2757 821 2812 illum
876 2757 1249 2826 aquilonalem
1289 2757 1565 2827 refugiat?
1611 2757 1767 2824 Quod
1815 2761 2011 2830 pisces:

428 2850 678 2906 nonnulli
706 2850 1122 2920 refrigeratione
1148 2849 1455 2927 indigeant,
1483 2861 1757 2922 quotquot
1782 2854 1996 2909 scilicet

2095 1937 2312 2010 ἄρρενι,
2395 1942 2488 1995 καὶ⁴
2545 1939 2695 2001 ὅπως
2760 1939 2929 1992 πάλιν
3018 1938 3157 2010 πρὸς
3208 1937 3394 2009 δρθιον
3442 1937 3668 2008 ἔρχεται

2097 2009 2293 2099 σχῆμαι
2335 2030 2435 2100 τῆς
2492 2030 2788 2099 συναφείας
2846 2025 2959 2083 οἷον
3014 2027 3457 2095 ἐναπολαύσασα,
3504 2026 3666 2080 ποίαν

2094 2120 2267 2191 ἀκοὴν
2293 2114 2393 2176 οὐκ
2435 2121 2749 2191 ἐμπίπλησι
2805 2119 3127 2191 θαύματος;
3193 2121 3431 2175 Ἀτοπον
3480 2119 3660 2173 τοίνυν

2098 2210 2251 2264 οὐδὲν
2282 2212 2377 2265 καὶ
2401 2209 2461 2264 τὸ
2486 2210 2587 2284 τὴν
2607 2211 2817 2283 νάρκην
2853 2213 3026 2268 ποιεῖν
3070 2213 3184 2275 τοῖς
3214 2209 3509 2283 θηρεύουσι
3559 2211 3668 2265 πά-

2097 2301 2208 2366 θος.

2164 2563 2279 2617 Καὶ
2317 2561 2408 2618 διὰ
2441 2564 2495 2618 τί
2542 2566 2594 2618 οἱ
2629 2564 2733 2636 μιν
2768 2563 2919 2620 ἄλλοι
2951 2563 3134 2636 ἰχθύες
3172 2562 3303 2634 περὶ
3330 2562 3423 2617 τὸν
3463 2562 3665 2616 Πόντον

2097 2655 2446 2725 ἐνδημοῦσιν,
2478 2659 2508 2711 ὁ
2535 2657 2593 2709 δέ
2624 2656 2901 2722 πολύπους
2934 2658 3026 2711 τὸν
3057 2657 3268 2728 βόρειον
3320 2655 3665 2724 ἀποστρέφε-

2097 2743 2416 2799 ται-κόλπον
2444 2763 2459 2811 ;
2488 2743 2649 2798 Atd‘tt'
2688 2745 2757 2799 τὰ
2799 2746 2905 2816 μὲν
2947 2745 3057 2799 τῶν
3090 2744 3297 2815 ἰχθύων
3316 2742 3531 2814 ψύξεως
3560 2745 3667 2800 δεῖ·

2095 2853 2208 2897 ται,
2242 2836 2342 2888 ὅσα
2372 2851 2478 2887 που
2506 2834 2600 2889 καὶ
2642 2836 2714 2889 τά
2771 2835 2979 2907 πότιμα
3024 2837 3376 2890 ἐπιδιώκουσι
3423 2837 3664 2907 νάματα,

2096 2927 2163 2982 τὰ
2190 2927 2257 2981 δὲ
2281 2927 2621 2999 θερμότητος
2652 2930 2755 3000 ἐρᾷ
2785 2930 2880 2984 καὶ
2931 2929 3069 3000 πρὸς
3099 2930 3199 3001 τὴν
3232 2929 3511 2985 θάλασσαν
3534 2931 3664 2985 άνα-

2097 3021 2388 3089 στρέφεται
2419 3037 2435 3054 ’
2465 3020 2775 3094 θερμοτέρα
2800 3023 2909 3092 γάρ
2936 3022 3075 3093 αὕτη
3105 3021 3212 3077 τῶν
3244 3023 3423 3077 ἄλλων
3451 3023 3662 3077 ὑδάτων

431 2941 699 3011 potabiles
730 2955 903 3011 aquas
931 2948 1150 3010 petunt,
1174 2942 1424 2997 nonnulli
1466 2936 1994 3014 caloremcxpetant

419 3043 473 3088 et
504 3034 573 3089 ad
621 3047 774 3087 mare
816 3033 1157 3103 confugiant.
1193 3032 1310 3090 Hoc
1366 3035 1515 3090 enim
1567 3037 1779 3092 caeteris
1836 3037 1997 3107 aquis

423 3132 509 3180 est
559 3124 810 3179 calidius.
846 3123 1034 3194 itaque
1062 3125 1293 3196 polypus
1319 3126 1453 3180 mari
1480 3126 1710 3182 Pontico
1742 3125 1993 3182 infensus

2097 3112 2458 3179 καθέστηκεν.
2496 3112 2556 3167 ⁸0
2587 3112 2718 3182 γοῦν
2742 3114 3021 3177 πολύπους
3047 3116 3114 3186 τῇ
3147 3115 3384 3184 Ποντικῇ
3416 3112 3660 3185 θαλάσσῃ
3687 3169 3696 3176 _

424 3225 528 3271 est.
562 3215 774 3286 Quippe
815 3181 1080 3285 frigidius
1107 3181 1209 3270 est.
1248 3230 1397 3272 mare
1445 3217 1590 3272 istud
1645 3218 1991 3287 aquilonare,

2097 3203 2504 3274 ἀπεχθάνεται*
2527 3204 2865 3277 ψυχρότερον
2919 3207 3028 3277 γὰρ
3062 3181 3122 3259 τί)
3192 3181 3400 3276 βόρειον
3445 3181 3660 3274 πέφυκε

420 3308 766 3378 reliquisque
794 3310 977 3364 multo.
995 3308 1239 3374 dulcius,
1272 3310 1350 3363 uti
1377 3308 1526 3379 quod
1554 3324 1589 3364 a
1612 3310 1798 3365 multis
1829 3319 1993 3379 atque

2097 3297 2359 3365 πέλαγος.
2402 3297 2571 3356 Ἀλλὰ
2594 3301 2692 3355 καὶ
2717 3299 2817 3369 τῆς
2849 3300 3044 3370 λοιπῆς
3068 3298 3345 3369 θαλάσσης
3397 3297 3663 3366 γλυκύτε-

424 3400 637 3469 magnis
664 3400 921 3454 amnibus
945 3399 1286 3455 irruentibus
1310 3399 1570 3455 diluatur.
1598 3400 1791 3472 Frigus
1810 3410 1993 3457 autem

2099 3405 2195 3460 ρον
2215 3403 2234 3423 ο
2264 3389 2372 3442 ὑπὸ
2393 3390 2610 3443 πολλῶν
2634 3390 2755 3462 γὰρ·
2776 3391 2872 3444 καὶ
2892 3392 3161 3461 μεγάλων
3192 3388 3446 3461 ποταμῶν
3502 3390 3662 3460 ἐπιρ-

414 3506 486 3546 ac
517 3490 750 3547 dulcedo
797 3505 952 3559 aquae
1002 3490 1201 3560 polypo
1254 3499 1384 3546 sunt
1433 3490 1669 3562 ingrata.
1709 3491 1862 3559 Quod
1912 3493 1992 3547 uti

2097 3481 2290 3550 ρεϊται.
2333 3481 2582 3536 Ἐναντία
2603 3482 2662 3537 δὲ
2693 3481 2766 3553 τῷ
2788 3480 3051 3537 πολύποδι
3098 3482 3161 3536 τό
3189 3499 3249 3535 τε
3304 3482 3509 3552 ψυχρὸν
3568 3484 3663 3535 καὶ

422 3581 677 3661 probem,
697 3591 1025 3648 argumento
1054 3580 1258 3637 idoneo
1289 3583 1423 3637 satis
1460 3592 1604 3638 utar.
1649 3582 1756 3639 Ubi
1801 3598 1991 3638 saxum

2097 3573 2157 3626 τὸ
2185 3572 2382 3641 γλυκύ.
2423 3573 2714 3630 Ἱκανὸνδέ
2766 3574 2877 3644 ἐρῶ
2939 3592 3021 3628 σοι
3067 3575 3121 3629 τί
3165 3574 3301 3646 πρὸς
3353 3575 3659 3640 ἀπόδειξιν.

416 3675 644 3742 aliquod
680 3675 999 3744 complexus
1030 3683 1114 3731 est
1142 3675 1397 3746 polypus,
1428 3675 1511 3732 sic
1549 3675 1627 3731 illi
1655 3675 1993 3733 adlmretut

2097 3666 2291 3737 Πέτρᾳ
2309 3668 2655 3737 συμπλακεὶς
2685 3669 2714 3721 ὁ
2736 3668 3020 3732 πολύπους
3043 3668 3514 3731 δυσαποσπάστως
3541 3668 3661 3739 ἔχε-

414 3767 582 3822 avelli
631 3775 890 3835 nequeat.
943 3766 1506 3836 Idcirco-piscatores
1567 3767 1990 3838 periti.duloem

2097 3772 2217 3812 ται·
2247 3758 2328 3813 διδ
2359 3758 2533 3828 γλυκὺ
2567 3759 2712 3831 ὕδωρ
2758 3756 3041 3831 ἐπιχέουοι
3092 3763 3173 3832 τῇ¹
3215 3762 3392 3833 πέτρᾳ.
3438 3763 3487 3814 oi
3521 3763 3662 3831 πρὸς

416 3874 615 3930 aquam
651 3858 945 3917 aﬂ‘tmdnnt
980 3874 1132 3926 saxo,
1152 3874 1278 3930 .quo
1317 3858 1461 3916 laeto
1482 3860 1636 3930 quod
1660 3859 1992 3931 expetebant

2097 3853 2270 3922 ἄγραν
2298 3845 2486 3915 δεινοὶ,
2523 3853 2692 3906 καλοί
2724 3852 3031 3924 μένιέχουοι
3072 3850 3139 3905 τὺ
3186 3851 3523 3924 ζητούμενον
3558 3854 3660 3925 θή-

414 3961 864 4022 consequuntur,
880 3960 937 4007 et
957 3952 1189 4023 polypus
1210 3952 1296 4007 vel
1321 3935 1526 4007 invitus
1549 3961 1802 4009 naturam
1829 3968 1991 4008 suam

2097 3960 2279 4016 papa,
2310 3946 2339 3998 ὁ
2365 3944 2431 3998 δὲ.
2448 3946 2552 4020 ἧς
2596 3943 2792 3999 ἐαυτοῦ
2842 3944 2938 3999 καὶ
2991 3944 3151 3999 ἄκων
3171 3945 3517 4010 ἐξανίσταται
3540 3947 3659 4015 φύ-

425 4042 710 4110 relinquit.
744 4041 890 4095 idem
921 4039 1157 4110 polypus
1184 4038 1443 4094 esuriens
1478 4036 1708 4107 capillos
1738 4052 1868 4095 suos
1895 4036 1993 4094 de-

2097 4053 2251 4099 σεως.
2297 4037 2355 4089 '0
2381 4035 2657 4100 πολύπους
2678 4032 2842 4101 οὗτος
2869 4036 3090 4106 λέγεται
3127 4037 3226 4108 μὲν
3272 4037 3436 4107 ἡνίκα
3469 4040 3661 4093 πεινάι

419 4139 596 4197 vorat,
627 4144 866 4201 quorum
902 4129 1024 4187 loco
1047 4129 1142 4185 alii
1171 4137 1491 4185 nascuntur.

2097 4144 2199 4193 ea,
2262 4126 2547 4200 πλόκαμον
2603 4128 2802 4184 ἐαυτοῦ
2878 4128 3105 4199 ἐσθίειν,
3162 4129 3350 4202 ἕτερον
3401 4130 3460 4185 δὲ
3525 4132 3656 4186 ἀνα-

2030 4256 2033 4261 -
2091 4220 2269 4290 φύειν.
2515 4225 2530 4239 ⁸

490 4314 607 4367 Hoc
647 4311 813 4367 etiam
857 4309 999 4366 scire
1036 4308 1236 4368 debes.
1266 4308 1522 4376 loligiues
1551 4318 1721 4382 atque
1761 4314 1991 4385 polypos

2161 4314 2401 4369 Γίνωσκε
2429 4315 2487 4369 δὲ
2510 4315 2611 4369 καὶ
2627 4313 2923 4381 mitem-an
2959 4313 3200 4378 τευθῖδες
3271 4313 3370 4385 μὲν
3407 4313 3504 4368 καὶ
3559 4329 3659 4369 πο·-

419 4411 791 4458 atramcntum
836 4400 1065 4465 habere,
1096 4414 1311 4464 verum,
1349 4410 1410 4453 ut
1439 4399 1766 4461 Aristoteles
1808 4404 1905 4470 ait,
1932 4404 1988 4460 in

2097 4406 2316 4471 λύποδες
2346 4407 2531 4478 έχουσι
2555 4407 2809 4474 θόλωσιν,
2863 4406 3015 4462 ἀλλὰ⁷
3053 4406 3176 4461 καθ’
3204 4407 3240 4461 ά
3286 4422 3451 4475 φησιν
3508 4405 3658 4478 Ἀρι-

424 4508 582 4555 naso,
617 4508 740 4549 cum
774 4491 844 4546 ad
875 4500 1125 4546 ventrem
1149 4491 1304 4560 sepia
1338 4491 1599 4562 majorem
1630 4493 1751 4563 ejus
1778 4496 1990 4567 copiam

2097 4500 2476 4569 στοτέ>.ης·ἐπὶ
2523 4499 2836 4570 τῇμύτιδι,
2868 4499 3043 4569 σηπία
3080 4499 3138 4552 δὲ
3191 4497 3334 4550 κατά
3391 4499 3492 4566 τὴν
3548 4515 3657 4551 κοι-

419 4585 638 4639 habeat.
671 4583 783 4638 Nec
801 4581 949 4638 enim
975 4580 1280 4651 quidquam
1314 4581 1435 4651 opis
1455 4582 1688 4638 alterius
1719 4582 1903 4646 liabet,
1929 4596 1993 4639 ut

2097 4589 2236 4655 λίαν,
2294 4588 2433 4643 ἀλλὰ
2482 4591 2586 4653 καὶ
2648 4590 2892 4644 πλείονα.
2959 4587 3099 4643 οὐδὲ
3145 4587 3256 4658 γὰρ
3313 4580 3482 4657 ἄλλην
3534 4588 3657 4641 τινὰ

418 4676 649 4748 polypus
680 4674 1041 4735 mutationem
1067 4673 1292 4729 coloris.
1313 4672 1450 4729 Nam
1475 4672 1524 4727 is
1549 4688 1656 4729 una
1681 4688 1807 4729 cum
1835 4688 1988 4739 saxo,

417 4767 486 4820 ad
517 4764 665 4836 quod
694 4763 922 4834 capillos
969 4763 1230 4834 applicat,
1283 4764 1522 4819 colorem
1565 4779 1786 4835 quoque
1818 4774 1992 4833 mutat

415 4874 616 4925 suum,
647 4862 880 4928 excepto
916 4857 1100 4912 colore
1146 4855 1291 4912 albo.
1346 4855 1488 4912 Sunt
1540 4857 1699 4913 enim.
1727 4856 1843 4915 haec
1871 4858 1991 4913 ani-

416 4949 584 5005 malia
632 4948 916 5020 sanguinis
952 4947 1222 5018 expertia,
1263 4963 1370 5019 qua
1402 4948 1472 5004 de
1524 4964 1701 5005 causa.
1740 4948 1991 5020 sequitur

415 5058 541 5098 esse
574 5042 773 5113 frigida
803 5040 1226 5110 formidinisque
1258 5041 1442 5110 plena.
1470 5041 1605 5096 Nam
1634 5042 1717 5098 uti
1747 5044 1990 5098 nonnul-

416 5135 487 5190 lis
541 5142 691 5190 metu
745 5133 1016 5205 perculsis
1048 5133 1203 5186 alvus
1237 5132 1448 5187 turbari
1493 5134 1657 5200 solet,
1707 5134 1990 5190 nonnullis

415 5227 615 5282 vesica:
658 5235 1072 5282 excrementum
1106 5222 1301 5289 eilluit,
1349 5225 1429 5278 sic
1464 5234 1521 5279 et
1548 5225 1632 5279 bis
1661 5225 1861 5280 accidit
1889 5241 1988 5280 ne-

414 5319 657 5377 cessario
688 5328 913 5390 pmpter
943 5327 1151 5373 metum
1200 5326 1261 5372 ut
1288 5327 1659 5373 atramentum
1707 5321 1983 5376 emittant.

414 5413 532 5477 Qua
579 5411 802 5482 quidem
850 5410 902 5463 in
938 5423 993 5462 te
1026 5419 1220 5464 natura
1246 5418 1598 5466 excremento
1640 5411 1802 5466 simul
1829 5423 1886 5467 et
1915 5413 1985 5467 ad

413 5504 642 5557 salutem
675 5501 925 5557 animalis
966 5514 1020 5555 et
1053 5499 1120 5554 ad
1153 5516 1312 5571 apem
1365 5503 1560 5558 utitur.
1610 5505 1751 5557 Sunt
1801 5512 1985 5558 autem

421 5596 616 5660 omnia
656 5594 939 5665 sanguinis
968 5595 1211 5664 rxpcttia
1259 5609 1518 5665 perquam
1563 5597 1759 5667 exiguo
1808 5600 1985 5650 nutri-

418 5698 601 5738 mento
647 5695 924 5746 contenta,
977 5700 1086 5739 non
1121 5695 1226 5742 tam
1267 5688 1395 5757 quia
1442 5701 1607 5757 parva
1645 5695 1772 5740 sunt
1817 5700 1980 5755 quam

414 5774 507 5842 qui
532 5798 540 5822 ι
570 5775 786 5842 frigida.
825 5774 963 5828 Nam
1001 5774 1152 5830 calor
1174 5788 1223 5830 et
1259 5777 1550 5847 concoquit
1605 5776 1761 5830 facile
1807 5777 1985 5831 nutri-

2093 4678 2349 4750 βοήθειαν
2371 4677 2510 4748 ἔχει,
2560 4674 2812 4748 καθάπερ
2835 4679 2862 4731 ὁ
2883 4677 3158 4750 πολύπους
3178 4677 3281 4746 τὴν
3305 4675 3400 4729 τοῦ
3422 4676 3655 4747 χρώμα-

2091 4748 2187 4832 τος
2211 4767 2514 4839 μεταϐολήν
2537 4784 2554 4801 ο
2589 4769 2727 4839 πρὸς
2759 4768 2870 4839 γὰρ
2892 4768 2993 4839 τὴν
3021 4748 3228 4839 πέτραν
3340 4765 3655 4836 προσαράτ-
3702 4842 3711 4847 _

2092 4878 2176 4915 σει
2208 4863 2335 4919 τοὺς
2364 4859 2569 4915 ἐαυτοῦ
2604 4861 2920 4931 πλοκάμους
2941 4861 3162 4930 ἀμείϐει
3191 4860 3285 4913 καὶ
3312 4860 3413 4930 τὴν
3440 4861 3653 4929 χροιὰν,

2090 4952 2220 5007 ἄνευ
2280 4952 2465 5022 μέντοι
2510 4953 2608 5007 τοῢ
2635 4951 2833 5006 λευκοῦ
2889 4958 3206 5022 χρώματος.
3262 4952 3499 5021 Ἀναιμα
3546 4956 3654 5020 γὰρ

2092 5043 2283 5110 ταῦτα,
2317 5044 2409 5098 καὶ
2436 5044 2525 5099 διά
2554 5042 2710 5097 τοῦτο
2766 5044 3160 5112 κατεψυγμένα
3219 5043 3314 5096 καὶ
3355 5043 3651 5113 φοϐητικά.

2092 5135 2306 5206 Ὠσπερ
2331 5135 2493 5199 ἐνίοις
2519 5135 2836 5207 φοϐηθεῖσιν
2866 5137 2899 5205 ἠ
2925 5134 3103 5189 κοιλία
3151 5136 3505 5206 ταράττεται,
3538 5135 3652 5186 ἐτέ-

2092 5246 2206 5299 ροις
2239 5230 2297 5282 δὲ
2325 5230 2657 5301 περίττωσις
2683 5231 2716 5299 ὴ
2746 5230 2855 5283 ἀπὸ
2884 5229 2986 5299 τῆς
3054 5229 3298 5291 κύστεως
3349 5228 3458 5297 ῥεῖ,
3506 5225 3653 5278 οὕτω

2089 5323 2183 5373 καὶ
2236 5321 2446 5384 τούτοις
2508 5321 2794 5390 συμϐαίνει
2860 5318 2923 5384 ἐξ
2998 5320 3246 5387 ἀνάγκης
3294 5318 3513 5387 ἀφιέναι
3561 5319 3651 5369 τὸν

2089 5407 2244 5462 θόλον
2273 5408 2359 5461 διὰ
2388 5408 2610 5470 δειλίας.
2674 5407 2734 5460 'll
2765 5407 2825 5461 δὲ
2872 5406 3035 5475 φύσις
3085 5408 3204 5475 ἅμα
3249 5404 3327 5476 τῷ
3380 5405 3650 5476 περιττώ-

2091 5517 2219 5570 ματι
2279 5499 2779 5571 παρακαταχρῆται
2841 5499 2936 5552 καὶ
3011 5497 3147 5569 πρὸς
3220 5496 3495 5568 σωτηρίαν
3556 5499 3649 5549 καὶ

2089 5591 2348 5662 βοήθειαν
2374 5590 2543 5661 αὐτῷ.
2570 5593 2758 5646 Πάντα
2788 5589 2846 5643 δέ
2874 5590 2944 5643 τὰ
2984 5590 3191 5658 ἄναιμα
3213 5587 3324 5641 τῶν
3358 5588 3512 5653 ζώων
3533 5588 3642 5640 6).:-

2088 5684 2332 5754 γότροψά
2385 5684 2547 5745 εἰσιν,
2590 5684 2688 5752 οὐχ
2740 5681 2882 5736 οὕτω
2930 5682 3019 5734 διὰ
3048 5682 3382 5751 ,μικρότητα
3430 5679 3506 5741 ὡς
3560 5680 3647 5733 διὰ
3732 5676 3738 5683 ’

2088 5775 2447 5845 ψυχρότητα’
2500 5775 2561 5847 τὸ
2620 5778 2728 5845 γάρ
2796 5773 3001 5843 θερμὸν
3062 5771 3406 5825 καταπέπτει
3452 5772 3645 5843 ῥᾳδίως
