3968 6228
236 365 294 428 97
698 333 715 349 ’
1467 353 1774 416 ANNALH

1908 354 2101 417 PARS
2135 355 2187 418 I.
3372 362 3440 423 93

234 476 374 533 τοῦτο
404 474 491 529 καὶ
520 471 689 527 ταῦτα
723 471 897 526 πάντα
934 472 1048 536 τοῖς
1084 470 1241 525 ὕδασι
1291 471 1544 543 χαίρουσι
1566 485 1580 501 ’
1622 471 1763 539 πλήν

1885 470 2239 542 tcibus,'quod
2267 473 2416 542 nulla
2446 472 2681 544 pedibus
2709 483 2910 541 careat,
2946 477 3164 546 quando
3194 477 3263 534 de
3298 489 3441 535 terra

238 590 291 640 γε
316 574 390 624 ὅτι
418 568 563 620 οὐδὲν
595 566 701 618 τῶν
733 565 953 635 πτηνῶν
996 565 1169 619 ἄπουν
1220 565 1310 619 διὰ
1370 566 1431 618 τὸ
1474 565 1609 617 πᾶσι
1667 565 1764 631 τὴν

1885 562 2079 617 victum
2119 571 2309 632 petere
2345 575 2639 635 coguntur,
2671 574 2727 623 et
2775 582 2968 622 omnes
3001 571 3313 625 necessario
3342 588 3439 643 pe-

234 663 419 716 δίαιταν
442 660 546 714 άπὸ
576 659 673 728 τῆς
728 651 831 727 γῆς
888 656 1180 727 ὑπάρχειν.
1231 656 1343 709 Καὶ
1375 656 1554 708 πάντα
1597 655 1767 722 ἀναγ-

1885 653 2001 708 lum
2034 654 2396 711 adminiculis
2440 656 2712 727 indigent.
2762 657 2895 712 Nam
2929 661 3219 729 rapacibus
3253 663 3320 717 ad
3354 678 3441 718 ca—

237 755 408 817 καίωςο
445 754 550 815 τοῖς
589 751 686 819 μὲν
722 754 839 819 γὰρ
871 749 1236 819 ἁρπακτικοῖς
1266 748 1403 817 πρὸς
1440 748 1538 816 τὴν
1588 747 1765 816 ἄγραν

1885 743 2125 799 )iendam
2154 744 2392 813 praedam
2426 761 2638 816 ungues
2670 749 3068 803 accommodati
3097 760 3247 817 sunt,
3280 762 3442 809 caete-

234 846 281 901 al
304 843 398 897 τῶν
420 840 836 910 ὁνύχωνάκμαὶ,
864 842 980 902 τοῖς
1032 839 1090 892 δὲ
1139 839 1346 902 λοιποῖς
1401 835 1764 913 [ἀναγκαίως]

1885 831 1946 884 -is
1973 832 2040 886 ad
2076 833 2467 889 sustinendam
2518 838 2814 906 czeteroqui
2850 841 3011 893 vitam
3050 842 3251 911 pedum
3308 860 3442 899 usus

235 936 349 1005 πρὸς
373 935 465 1003 τὴν
495 932 586 985 τοῦ
619 932 735 1002 βίου
765 931 1108 1000 διεξαγωγὴν
1144 931 1177 1002 ή
1240 932 1348 983 τῶν
1397 931 1575 984 ποδῶν
1626 931 1769 1000 ὑπη-

1885 933 1953 979 3st
1981 940 2300 982 concessus.
2338 926 2635 999 Perpaueis
2681 931 2852 1001 pedes
2899 932 3038 987 male
3090 946 3219 989 sunt
3257 937 3442 992 an‘ecti

235 1027 367 1098 ρεσία
395 1024 709 1095 δεδώρηται.
744 1022 944 1089 Ὀλίγοι
973 1022 1029 1075 δὲ
1061 1022 1431 1092 τῶνοόρνίθων
1464 1022 1768 1086 κακόποδές

1885 1025 2035 1087 itque
2068 1018 2311 1086 debiles,
2367 1021 2441 1075 ita
2478 1030 2537 1074 ut
2584 1037 2686 1077 nec
2760 1024 3023 1080 incedere
3090 1043 3191 1082 nec
3251 1032 3439 1084 venari

235 1122 370 1185 είσιν,
400 1116 516 1172 οὔτε
547 1116 793 1188 βαδίζειν
828 1115 958 1169 οὔτε
989 1117 1245 1188 ἀγρεύειν
1287 1116 1399 1177 τοῖς
1434 1118 1590 1167 ποσὶν
1646 1116 1767 1167 ἐπι-

1885 1107 2171 1179 ιιιίάαυιιηι
2220 1108 2457 1180 pedibus
2503 1115 2737 1180 possint,
2792 1114 2847 1169 in
2911 1131 3022 1186 quo
3070 1133 3271 1188 genere
3315 1130 3445 1174 sunt

233 1214 425 1284 τήδειοι,
450 1213 522 1276 ὡς
548 1212 608 1266 ai
636 1210 906 1279 χελιδόνες
953 1210 1049 1262 καὶ
1079 1212 1138 1263 αἱ
1173 1209 1494 1278 δρεπανίδες
1540 1208 1767 1277 λεγόμε-

1885 1200 2199 1256 ιὶτιιηόίηεε
2235 1212 2293 1256 ct
2338 1218 2461 1271 quae
2493 1204 2705 1258 falculte
2754 1208 2871 1261 sive
2905 1208 3122 1277 ripariaa
3156 1209 3443 1275 dicuntur,

231 1322 321 1368 ναι,
352 1299 475 1372 οίςή
509 1303 686 1373 τροφὴ
714 1302 823 1355 ἀπὸ
865 1302 975 1354 τῶν
1019 1303 1077 1354 ὲν
1109 1302 1187 1372 τῷ
1215 1300 1341 1369 ἀέρι
1374 1300 1769 1370 ἐμφερομένων

1885 1308 1991 1361 1am
2051 1308 2154 1361 pro
2211 1294 2471 1349 alimento
2530 1304 2827 1351 vescuntur
2890 1298 3114 1355 insectis
3165 1317 3265 1369 per
3312 1317 3442 1358 aera

233 1393 567 1461 ἐπινενόηται.

1885 1384 2203 1439 volantibus.

294 1486 514 1553 Πρόσεχε
551 1484 760 1537 λοιπόν.
797 1481 965 1550 Ἀλλη
1017 1482 1113 1534 καὶ
1156 1482 1262 1553 γάρ
1302 1481 1616 1552 κατασκευὴ
1651 1482 1777 1546 τοῖς.

232 1575 589 1644 σπερμολόγοις
615 1575 829 1642 δρνεσι,
886 1576 979 1627 καὶ
1042 1573 1177 1640 ἄλλη
1217 1577 1329 1636 τοῖς
1375 1576 1767 1645 σαρκοϐόροις,

217 1661 295 1733 ’τῷ
342 1666 514 1735 τρόπῳ
559 1667 658 1734 τῆς
718 1666 929 1734 διαίτης
981 1666 1162 1718 αὐτῶν
1208 1668 1517 1737 πρέπουσα,
1566 1666 1772 1736 ὀνύχων

230 1755 381 1822 ἀκμαί
422 1756 511 1807 καὶ
562 1756 743 1825 χεῖλος
803 1756 1041 1821 ἀγκύλον
1096 1756 1192 1808 καὶ
1241 1757 1440 1825 πτερὸν
1476 1755 1595 1821 ὀξὺ,
1630 1756 1768 1808 ὥστε

231 1821 311 1899 καί
346 1821 711 1915 συλληφθῆναι
742 1846 938 1917 ῥᾳδίως
967 1846 1026 1899 τὸ
1062 1846 1309 1916 θήραμα.
1342 1821 1443 1900 [ita
1470 1848 1580 1917 γάρ
1614 1846 1773 1901 τοῦτο
1804 1821 1844 1876 Β

229 1942 306 1993 καὶ
335 1940 676 2009 σκληρότεροι
721 1939 829 1992 τῶν
861 1938 1017 2002 ζώων
1056 1941 1102 1992 oi
1144 1939 1333 2009 ὄνυχες
1362 1940 1395 2009 ἢ
1426 1939 1519 1993 τοῦ
1567 1938 1776 2011 ἀνθρώ-

228 2048 355 2085 ¹ιιου·
414 2030 830 2101 μαλθακώτεροι
903 2032 998 2084 καὶ
1069 2033 1176 2100 γάρ
1228 2026 1374 2085 οὗτοι
1437 2031 1514 2101 τῷ
1567 2031 1776 2102 ἀνθρὼ-

230 2143 301 2194 πῳ
340 2125 881 2193 κατεσκευάσθησαν,
914 2124 996 2176 ὄτι
1026 2140 1086 2176 τε
1127 2124 1220 2177 καὶ
1272 2124 1329 2176 τὸ
1373 2123 1549 2193 δέρμα
1585 2123 1773 2176 τούτου

232 2216 641 2288 μαλθακώτερον,
694 2216 786 2283 ἀφ’
836 2211 898 2268 οὗ
953 2216 1047 2270 καὶ
1100 2218 1147 2269 οῖ
1200 2215 1389 2285 δνυχες
1426 2216 1523 2286 τὴν
1560 2215 1772 2285 γένεσιν

229 2308 404 2377 ἔχουσι,
442 2292 538 2361 ’καὶ
579 2309 664 2360 ὅτι
700 2308 835 2377 πρὸς
867 2309 968 2377 τὴν
1013 2310 1207 2379 χρῆσιν
1236 2309 1453 2379 ἑκάστῳ
1480 2308 1585 2361 τῶν
1617 2308 1773 2372 ζώων

231 2400 258 2467 ἦ
292 2417 343 2451 τε
386 2399 687 2469 σκληρότης
725 2400 833 2451 τῶν
866 2400 1075 2469 όνύχων
1125 2401 1218 2453 καὶ
1252 2401 1285 2471 ἡ
1322 2400 1666 2471 μαλθακότης
1691 2400 1773 2452 δε-

230 2491 465 2560 δώρηται.
502 2492 670 2544 Ἀλλά
716 2493 811 2543 καὶ
857 2490 965 2543 τῶν
997 2491 1235 2561 ’πτηνῶν
1282 2492 1351 2545 τά
1410 2492 1508 2562 μὲν
1564 2491 1774 2561 άναρχά

232 2585 320 2635 εἰσι
350 2584 435 2635 καὶ
455 2578 564 2636 οἷον
593 2583 891 2651 αὐτόνομα,
924 2584 989 2636 τά
1027 2584 1083 2635 δὲ
1131 2584 1221 2651 ὑφ’
1250 2584 1480 2653 ἡγεμόνι
1514 2582 1772 2651 τετάχθαι

232 2674 622 2743 καταδεχόμενα,
656 2675 733 2736 ὡς
770 2674 820 2725 οί
855 2674 1099 2743 γέρανοι.
1122 2673 1279 2727 Ἀλλά
1307 2674 1399 2726 καὶ
1430 2673 1487 2725 αἱ
1521 2673 1772 2742 μέλισσαι

232 2764 316 2816 ὐπδ
347 2764 549 2834 βασιλεῖ
594 2766 696 2820 καὶ
734 2760 1016 2836 ταξιάρχῳ
1072 2768 1179 2819 τινὶ
1217 2765 1327 2818 τῶν
1361 2764 1539 2834 ἔργων
1572 2766 1774 2819 ἆπτονε

231 2868 321 2917 ται,
356 2853 410 2905 τύ
444 2856 710 2925 πρότερον
749 2855 843 2905 ἐπὶ
880 2857 1004 2917 τοὺς
1034 2851 1309 2922 λειμῶνας
1346 2852 1521 2904 ἐλθεῖν
1550 2851 1776 2903 καταδε-

231 2944 448 3013 χόμεναι,
511 2946 645 3010 πρὶν
707 2944 774 2997 ἂν
810 2944 961 2996 ἴδωσι
1020 2943 1372 3013 τὸνβασιλέα
1428 2940 1775 3011 κατάρξαντα

232 3037 313 3102 τῆς
346 3039 607 3107 πτήσεως.
648 3037 725 3089 Οὐ
766 3036 1143 3106 χειροτονητὸς
1207 3033 1263 3087 δὲ
1318 3028 1470 3098 οὗτος
1497 3073 1512 3098 ,
1564 3034 1682 3087 ἀλλ’
1711 3035 1775 3086 ὲκ

1938 1477 2323 1533 Animadverte
2395 1493 2560 1548 porro
2604 1490 2935 1536 structuram
3007 1483 3169 1538 aliam
3223 1484 3441 1540 illarum

1871 1570 2051 1623 avium
2092 1586 2237 1631 esse,
2266 1586 2388 1639 qum
2424 1571 2633 1626 semina
2664 1573 2874 1642 legunt,
2931 1575 3094 1628 aliam
3125 1580 3446 1633 carnivora-

1873 1676 2016 1725 rum,
2046 1661 2215 1715 victui
2250 1661 2459 1716 scilicet
2490 1676 2679 1717 earum
2704 1667 3198 1722 accommodatam.
3230 1668 3445 1725 Habent

1872 1753 2019 1804 enim
2054 1762 2348 1821 peracutos
2380 1768 2607 1824 ungues,
2638 1768 2875 1810 rostrum
2896 1757 3194 1821 aduncum,
3231 1761 3445 1816 celeres

1877 1842 2009 1907 alas,
2038 1854 2095 1895 ut
2126 1843 2359 1911 praedam
2415 1847 2695 1914 corripere
2752 1848 3006 1902 celeriter
3044 1850 3277 1917 possint.
3312 1851 3442 1917 ,Qua

1877 1934 2095 2003 quidem
2129 1935 2244 2005 ipsa
2270 1935 2338 1989 de
2366 1950 2531 1991 causa
2563 1936 2817 1991 duriores
2874 1940 3206 1994 animalibus
3237 1957 3446 2012 ungues

1878 2036 2010 2081 sunt
2039 2042 2199 2097 quam
2228 2028 2459 2089 homini.
2507 2028 2593 2083 cui
2640 2040 2765 2084 sunt
2797 2031 3020 2085 omnino
3054 2033 3351 2090 molliores.
3379 2034 3447 2088 Et

1877 2128 2089 2173 constat
2116 2129 2265 2173 certe
2290 2128 2470 2173 cutem
2504 2120 2747 2189 ejusdem
2771 2119 3130 2175 consimiliter
3159 2136 3280 2177 esse
3311 2124 3446 2177 mol-

1877 2212 2091 2278 liorem,
2130 2212 2198 2266 de
2234 2229 2341 2283 qua
2376 2229 2584 2284 ungues
2618 2213 2897 2279 oriuntur,
2928 2215 3167 2283 itemque
3212 2223 3319 2269 tam
3352 2215 3446 2270 du-

1879 2304 2060 2359 ritiem
2114 2320 2276 2374 quam
2340 2306 2627 2361 mollitiem
2683 2307 2947 2377 unguium
2999 2307 3331 2362 animalibus
3380 2324 3446 2363 ex

1879 2393 2122 2462 ipsorum
2160 2409 2262 2448 usu
2294 2394 2498 2449 datam.
2530 2396 2799 2450 Praeterea
2825 2397 3107 2451 volucrum
3140 2397 3261 2450 alia:
3294 2398 3447 2451 nullo

1880 2492 2140 2539 tenentur
2169 2485 2421 2554 imperio,
2456 2485 2820 2552 libertateque
2862 2486 3030 2540 veluti
3064 2485 3297 2555 quadam
3330 2487 3447 2540 fru-

1879 2584 2082 2643 untur;
2116 2578 2234 2631 alim
2260 2578 2416 2631 ducis
2446 2577 2677 2647 imperio
2714 2578 2973 2648 subjectae
2996 2587 3143 2641 sunt,
3180 2587 3237 2632 ut
3260 2595 3445 2649 grues.

1876 2670 2022 2739 Apes
2053 2671 2216 2724 etiam
2252 2669 2353 2724 sub
2390 2685 2623 2739 rege,.ac
2654 2670 2908 2738 praefecto
2949 2670 3209 2740 quodam,
3251 2686 3447 2739 operas

1879 2777 2009 2815 suas
2046 2761 2386 2824 absolvunt,.
2415 2775 2519 2814 nec
2545 2760 2699 2830 prius
2728 2760 2793 2813 ad
2827 2770 2983 2830 prata
3025 2763 3315 2815 convolare
3346 2775 3443 2815 so-

1877 2852 1991 2907 lent
2021 2870 2185 2921 quam
2218 2867 2399 2924 regem
2432 2855 2649 2908 initium
2686 2855 2938 2908 avolandi
2968 2854 3175 2926 fecisse,
3218 2870 3446 2926 conspe-

1876 2944 2074 2998 xerint.
2128 2944 2319 3014 Neque
2374 2960 2557 3016 regem
2608 2945 2757 2998 hunc
2790 2944 3066 3014 suﬂ'ragiis
3104 2948 3259 3009 quasi
3294 2946 3446 3001 delc-

1878 3045 2025 3089 ctum
2064 3036 2293 3099 habent,
2319 3038 2411 3088 sed
2448 3050 2475 3087 a
2500 3044 2695 3088 natura
2732 3035 2788 3088 in
2822 3037 3082 3089 omnibus
3111 3038 3442 3108 principem.

234 3124 421 3189 φύσεως
460 3128 597 3196 ἔχων
639 3128 702 3180 τὸ
747 3129 889 3180 κατὰ
937 3127 1155 3179 πάντων
1201 3128 1491 3196 πρωτεῖον,
1546 3128 1640 3179 καὶ¹
1676 3143 1773 3196 με⁹

1885 3125 2231 3181 excellentem
2258 3134 2484 3179 caeteros
2515 3124 2906 3195 magnitudine,
2935 3126 3129 3187 forma,
3157 3135 3211 3179 et
3245 3128 3446 3183 indolis

233 3216 356 3282 γέθει
399 3218 670 3289 διαφέρων
728 3220 820 3271 καὶ
880 3220 1121 3288 σχήματι
1176 3219 1271 3273 καὶ
1328 3220 1393 3287 τῇ
1450 3217 1543 3270 τοῦ
1602 3217 1766 3289 ἣθους

232 3292 486 3376 πραότητι.
526 3294 829 3379 Ἔστιμὲν
878 3310 985 3379 γὰρ
1024 3310 1248 3379 κέντρον
1278 3309 1355 3378 τῷ
1387 3308 1616 3378 βασιλεῖ,
1655 3310 1768 3362 ἀλλ’

230 3402 280 3451 οὐ
304 3403 485 3472 χρῆται
516 3402 695 3470 τούτῳ
754 3401 891 3472 πρὸς
941 3401 1178 3472 ἄμυναν.
1225 3402 1403 3471 Νόμοι
1441 3402 1583 3466 τινές
1632 3403 1770 3455 είσιν

230 3484 355 3545 οὗτοι
382 3494 473 3563 τῆς
502 3494 720 3564 φύσεως
767 3495 1041 3563 ἄγραφοι,
1094 3494 1297 3563 ἀργοὺς
1347 3488 1486 3546 εἶναι
1528 3493 1661 3561 πρὸς
1688 3511 1771 3546 τιη

234 3584 416 3651 μωρίαν
440 3587 560 3647 τοὺς
578 3585 689 3638 τῶν
716 3585 989 3654 μεγίστων
1012 3581 1339 3637 δυναστειῶν
1366 3582 1768 3644 ἐπιϐαίνοντας.

232 3671 368 3726 Οὕτω
395 3675 489 3741 μὲν
530 3678 587 3728 al
628 3675 709 3743 τῷ
733 3674 829 3727 τοῦ
855 3674 1113 3743 βασιλέως
1148 3672 1506 3743 ὑποδείγματι
1532 3672 1609 3741 μὴ
1641 3673 1772 3725 ἀκο-

232 3762 491 3820 λουθοῦσαι
522 3770 589 3835 τῇ
623 3765 720 3818 τοῦ
754 3767 983 3835 κέντρου
1021 3765 1203 3836 πληγῇ
1254 3762 1769 3830 ἐναποθνήσκουσιν,

231 3854 337 3918 ἄξια
363 3856 454 3927 τῆς
482 3858 698 3911 ἑαυτῶν
722 3858 1002 3927 ὠμότητος
1031 3857 1384 3926 εὑρίσκουσαι
1406 3854 1473 3907 τά
1495 3856 1770 3925 ἐπίχειρα.

300 3949 445 4002 Ἀλλά
499 3953 593 4004 καὶ
624 3948 782 4002 τοῦτο
814 3948 1117 4019 θαυμάζειν
1148 3948 1316 4015 ἄξιον,
1355 3948 1471 4010 πῶς
1501 3947 1555 4000 αί
1604 3947 1771 4016 γέρας

232 4054 300 4090 νοι
319 4040 408 4103 τάς
431 4043 486 4093 ὲν
528 4044 597 4111 τῇ
622 4042 781 4093 νυκτὶ
810 4041 1167 4109 προφυλακὰς
1200 4042 1263 4093 ὲκ
1296 4040 1598 4110 περιτομῆς
1629 4039 1773 4089 ὑπο-

230 4125 472 4195 δέχονται,
505 4132 598 4181 καὶ¹
630 4130 687 4181 αἱ
728 4128 828 4198 μὲν
855 4129 1234 4193 καθεύδουσιν,
1268 4130 1323 4181 αί
1368 4129 1424 4181 δὲ
1462 4127 1645 4198 κύκλῳ
1679 4142 1774 4178 πε-

234 4218 441 4285 ριιοῦσαι
474 4224 666 4278 πᾶσαν
697 4221 889 4284 αὑταῖς
925 4222 983 4274 ὲν
1014 4220 1090 4291 τῷ
1139 4220 1290 4291 ὕπνῳ
1338 4222 1638 4290 παρέχουσι
1673 4220 1772 4289 τὴν

232 4311 531 4378 ἀσφάλειαν.
578 4310 713 4367 Εἶτα
761 4313 857 4366 τοῦ
890 4311 1089 4385 καιροῦ
1124 4314 1221 4383 τῆς
1252 4313 1502 4381 φυλακῆς
1532 4314 1771 4382 πληρου-

233 4400 399 4467 μένου,
430 4406 461 4473 ἡ
497 4404 599 4475 μὲν
629 4390 877 4474 βοήσασα
907 4405 1043 4473 πρὸς
1068 4404 1233 4458 ὕπνον
1260 4406 1495 4475 ἐτράπη,
1525 4405 1558 4475 ἠ
1589 4404 1645 4457 δὲ
1676 4405 1773 4472 τὴν

1879 3226 2043 3286 atque
2073 3230 2287 3268 morum
2321 3212 2768 3268 mansuetudine.
2796 3213 2929 3267 Nam
2965 3215 3191 3269 stimulo
3223 3217 3445 3284 quidem

1879 3322 1971 3360 rex
1997 3305 2257 3376 praeditus
2278 3314 2383 3368 est,
2407 3318 2598 3359 verum
2618 3304 2683 3357 ad
2709 3303 3000 3357 vindictam
3018 3319 3085 3358 eo
3114 3321 3218 3358 non
3251 3306 3445 3365 utitur.

1882 3398 2025 3453 Sunt
2055 3398 2136 3451 lue
2170 3398 2318 3467 leges
2347 3396 2593 3469 quaedam
2646 3410 2753 3449 non
2787 3396 3022 3464 scripta,
3073 3399 3165 3451 sed
3212 3398 3281 3453 ab
3329 3400 3446 3468 ipsa

1879 3489 2137 3561 protecta:
2167 3501 2383 3551 natura,
2418 3496 2477 3543 ut
2506 3488 2600 3557 qui
2631 3489 2881 3543 maximis
2936 3488 3181 3560 imperiis
3225 3494 3447 3562 potiun-

1882 3594 1991 3646 tur.
2022 3583 2087 3639 ad
2125 3579 2464 3651 puniendum
2501 3580 2639 3634 tardi
2672 3581 2801 3635 sint.
2861 3582 2925 3635 Et
2958 3583 3180 3651 quidem
3229 3585 3273 3639 si
3322 3601 3446 3655 qua:
3544 3602 3547 3605 ‘

1882 3690 2013 3744 apes
2048 3673 2361 3742 exemplum
2414 3672 2555 3742 regis
2595 3670 2681 3727 sui
2732 3688 2840 3727 non
2897 3673 3203 3734 imitantur.
3270 3676 3448 3730 detlxo

1880 3766 2103 3821 stimulo
2131 3764 2292 3818 simul
2319 3764 2668 3816 emoriuntur
2693 3761 2965 3835 dignaque
2997 3764 3324 3821 crudelitate
3346 3782 3444 3822 sua

1881 3856 2107 3927 praemia
2139 3862 2578 3923 consequuntur.

1956 3948 2069 4004 Iloc
2103 3946 2266 4008 etiam
2296 3960 2397 3998 nos
2421 3943 2679 3998 admirari
2710 3960 2806 4014 par
2826 3954 2930 4007 est,
2960 3961 3070 4015 quo
3098 3958 3256 4017 pacto
3285 3966 3448 4019 grues

1883 4049 2181 4093 nocturnas
2211 4035 2473 4091 excubias
2523 4050 2616 4105 per
2646 4037 2796 4091 vices
2852 4036 3075 4101 obeant,
3136 4039 3264 4093 dum
3325 4044 3447 4097 aliae

1882 4131 2104 4201 quidem
2134 4130 2434 4193 dormiunt,
2467 4129 2586 4182 alite
2631 4129 3025 4185 circumeundo
3073 4144 3352 4200 praestant,
3390 4146 3449 4189 ut

1885 4239 2075 4277 omnes
2100 4222 2168 4275 ab
2201 4222 2349 4277 omni
2385 4221 2629 4291 periculo
2690 4236 2787 4289 per
2836 4222 3077 4290 quietem
3136 4235 3263 4279 tutze
3311 4228 3445 4281 sint.

1882 4315 1986 4387 41
2017 4314 2119 4371 Ubi
2154 4314 2345 4369 deinde
2381 4323 2596 4383 tempus
2628 4314 2891 4369 excubiis
2925 4316 3085 4371 unius
3116 4314 3448 4378 destinatum

1883 4409 2167 4479 praeteriit,
2217 4409 2456 4463 clamore
2506 4407 2595 4462 illa
2626 4409 2839 4465 sublato
2885 4423 2943 4461 se
2976 4410 3145 4479 quieti
3178 4412 3270 4467 dat
3308 4430 3321 4464 :
3376 4414 3445 4468 ibi

231 4491 456 4567 διαδοχὴν
491 4498 787 4568 δεξαμένη,
822 4493 891 4569 ἧς
922 4497 1112 4570 ἔτυχεν
1144 4496 1467 4565 ἀσφαλείας,
1495 4497 1591 4549 καὶ
1623 4496 1774 4549 ἀντέ-

1888 4509 2001 4553 tum
2033 4499 2202 4555 altera
2232 4497 2534 4552 succedens
2589 4497 2644 4553 in
2672 4498 2789 4567 ejus
2817 4499 3020 4565 locum,
3085 4517 3247 4571 quam
3300 4503 3450 4560 illius

230 4581 351 4639 δωκε
378 4590 491 4650 ταῖς
516 4588 759 4650 λοιπαῖς.
790 4588 946 4641 Οὕτω
981 4589 1079 4657 μὲν
1109 4585 1201 4643 οὖν
1228 4590 1400 4642 καὶτὸ
1428 4588 1534 4641 τῶν
1566 4588 1773 4658 πελαρ·

230 4676 327 4743 γῶν
361 4680 436 4741 είς
484 4679 745 4751 ἔκπληξιν
797 4680 922 4747 ᾶγει
961 4678 1169 4741 πάντας
1224 4678 1330 4731 τῶν
1375 4677 1775 4747 διαληφθέντων

233 4768 319 4820 οὐκ
363 4769 605 4826 ἔλασσον.
636 4772 865 4824 Ἐκεῖνοι
897 4772 1006 4840 γάρ
1040 4770 1131 4822 τὸν
1163 4769 1371 4841 πατέρα
1405 4770 1510 4823 ὑπὸ
1548 4767 1639 4821 τοῦ
1673 4769 1774 4839 γή-

236 4873 343 4926 ρους
382 4864 868 4934 πτερορρυήσαντα
914 4863 1267 4931 περιστάντες
1323 4866 1379 4919 ἐν
1431 4862 1616 4933 κύκλῳ
1661 4864 1774 4923 τοῖς

232 4946 681 5022 οἰκείοιςπτεροῖς
710 4951 1090 5011 διαθάλπουσι.
1121 4952 1217 5004 καὶ
1247 4952 1343 5015 τὰς
1374 4952 1579 5022 τροφὰς
1607 4950 1776 5020 ἀφθά-

233 5052 321 5100 νως
353 5043 888 5113 παρασκευάζοντες.
916 5042 1165 5115 βοήθειαν
1196 5041 1345 5115 αύτῷ
1378 5041 1519 5095 κατὰ
1573 5057 1635 5108 γε
1678 5041 1777 5109 τὴν

236 5129 411 5198 πτῆσιν
452 5135 802 5203 παρέχουσιν,
844 5135 1027 5205 ἠρέμα
1067 5135 1144 5203 τῷ
1188 5133 1372 5202 πτερῷ
1425 5132 1777 5202 κουφίζοντες

236 5218 575 5291 ἑκατέρωθεν.
609 5227 717 5281 Καὶ
747 5226 918 5290 οὕτως
950 5228 1085 5280 πᾶσι
1108 5227 1266 5279 τοῦτο
1297 5226 1671 5295 διασεὸόηται,
1702 5225 1777 5289 ὡς

235 5311 459 5365 ἐντεῦθεν
498 5317 617 5368 καί“
642 5313 793 5379 τινας
838 5318 940 5387 τὴν
993 5318 1102 5370 τῶν
1135 5317 1595 5388 εὐεργετημάτων
1629 5318 1778 5370 ἀντί-

235 5400 366 5455 δοσιν
401 5404 689 5475 ὀνομάζειν
718 5411 1233 5481 ’ἀντιπελάργωσιω
1285 5410 1491 5478 Μηδεὶς
1547 5407 1638 5462 οὖν
1691 5410 1777 5463 διὰ

239 5500 410 5550 πενίαν
434 5500 529 5571 τὴν
558 5501 725 5557 αὐτοῦ
764 5505 1196 5572 ἀπογινωσκέτω
1224 5502 1390 5574 ζωήν.

302 5754 369 5807 Τδ
400 5758 453 5810 δὲ
495 5759 593 5829 τῆς
648 5763 910 5829 χελιδόνος
955 5766 1267 5835 εὐμήχανον
1300 5768 1416 5831 πῶς
1465 5769 1565 5822 οὐκ
1606 5770 1669 5825 ἄν
1699 5789 1779 5835 τις

464 5856 724 5913 ΡΑΤιιυι..
759 5859 872 5915 (in.
914 5858 1172 5919 CLVIII.

1883 4591 2151 4646 beneﬁcio
2187 4599 2483 4645 consecuta
2511 4599 2617 4651 est.
2654 4591 2894 4659 quietem
2924 4592 3161 4650 vicissim
3221 4598 3449 4665 reliquis

1886 4691 2060 4736 tutam
2093 4690 2334 4751 praestat.
2357 4680 2640 4735 Consimili
2668 4681 2829 4735 modo
2864 4683 3200 4740 ciconiarum
3228 4706 3447 4759 quoque

1883 4775 2034 4829 natio
2065 4783 2296 4828 cunctos
2324 4775 2375 4829 in
2417 4773 2833 4828 admirationem
2868 4776 3031 4845 rapit,
3058 4778 3168 4849 jam
3197 4781 3451 4840 indicatis

1885 4864 2028 4921 haud
2061 4863 2282 4922 cedens.
2313 4863 2444 4917 Nam
2479 4873 2714 4933 patrem,
2756 4864 2850 4937 qui
2895 4882 3005 4937 prae
3054 4870 3208 4925 senio
3244 4889 3450 4942 pennas

1884 4957 2089 5018 amisit,
2127 4956 2369 5024 undique
2392 4955 2814 5013 circumstantes
2846 4959 2949 5015 alis
2977 4962 3211 5030 propriis
3240 4963 3448 5030 fovent,

1883 5048 2204 5101 alimentum
2241 5047 2315 5100 illi
2346 5045 2569 5100 abunde
2606 5048 2980 5116 suppeditant,
3006 5060 3168 5120 atque
3196 5055 3358 5109 etiam
3393 5057 3446 5114 in

1886 5137 2071 5191 volatu
2097 5137 2311 5206 juvant,
2345 5136 2544 5191 leniter
2584 5152 2709 5189 cum
2743 5138 2811 5197 ab
2843 5149 3073 5209 utraque
3111 5153 3265 5211 parte
3319 5145 3449 5199 sub.

1885 5228 2152 5281 levantes.
2195 5225 2348 5292 Quod
2382 5226 2602 5296 quidem
2652 5244 2827 5297 usque
2886 5232 3023 5283 adeo
3062 5232 3261 5298 passim
3300 5237 3445 5304 apud

1886 5332 2079 5372 omnes
2110 5318 2485 5388 pervulgatum
2512 5329 2618 5387 est,
2653 5330 2710 5373 ut
2746 5320 2847 5375 hac
2896 5320 2963 5375 de
2998 5314 3159 5377 causa
3202 5327 3448 5382 nonnulli

1890 5407 2398 5481 compensationem
2450 5411 2843 5467 beneficiorum
2900 5414 3174 5484 appellare
3209 5426 3450 5469 mutuam

1891 5501 2227 5555 ciconiarum
2288 5503 2545 5573 pietatem
2586 5503 2996 5557 consueverint.
3055 5503 3171 5573 Quo
3205 5507 3453 5573 extmplo

1892 5591 2104 5644 moneri
2148 5605 2248 5644 nos
2286 5590 2542 5645 convenit
2576 5607 2643 5645 ne
2674 5592 2796 5661 quis
2844 5593 2913 5645 ob
2960 5600 3337 5662 paupertatem
3386 5594 3454 5650 de

1890 5684 1998 5738 vita
2035 5683 2311 5751 dcspcrct.

1962 5779 2025 5831 Et
2056 5777 2178 5847 quis
2222 5793 2326 5830 non
2367 5776 2682 5831 hirundinis
2742 5777 3015 5832 solrrtiam
3073 5774 3467 5849 maximopere

3093 5870 3129 5928 ἢ
