3968 6228
503 415 573 475 99

1770 403 2005 465 ΜῙΕΙΙΛ
2017 403 2182 463 ELl-S
2217 402 2474 464 GLYCE

3639 408 3742 472 itO

500 521 841 582 admiretur?
871 519 945 574 Ea
969 533 1092 575 cum
1119 515 1303 571 nidum
1348 512 1590 578 conﬁcit,
1648 513 1882 570 festucas
1940 513 2060 584 qui-

2170 511 2582 582 ὑπεραγάσαιτο
2612 511 2875 586 ;,Ἑκείνη
2902 515 3010 586 γὰρ
3049 513 3146 585 τὴν
3180 515 3374 572 καλιάν
3407 519 3734 590 πηγνυμένη

503 622 622 672 dem
649 615 906 670 collectas
932 625 1029 666 ore
1060 610 1275 681 profert
1307 626 1320 664 :
1355 611 1449 663 sed
1499 622 1626 662 cum
1664 606 1854 663 tollere
1882 607 2062 661 lutum

506 709 736 779 pedibus
764 713 1021 775 nequeat,
1054 717 1190 774 quos
1218 701 1284 755 ad
1312 699 1535 771 quasvis
1584 713 1778 769 operas
1836 714 2063 769 prorsus

495 799 718 868 ineptos
753 797 938 861 habet,
964 792 1225 850 extremis
1261 791 1470 845 alarum
1503 791 1754 860 partibus
1779 791 1834 842 in
1867 803 2061 859 aquam

502 890 710 957 tinctis,
746 904 811 944 ac
833 885 1033 942 deinde
1065 883 1494 939 minutissimum
1529 885 1585 936 in
1613 882 1896 951 pulverem
1931 894 2062 949 pro-

391 979 393 982 ⁴
502 983 710 1045 voluta,
740 980 1011 1034 rationem
1042 975 1362 1054 usurpandi
1416 973 1516 1027 luti
1577 972 1871 1042 excogitat.
1927 970 2094 1024 Nalm

500 1071 765 1143 paulatim
798 1068 1026 1124 festucis
1079 1067 1199 1121 luto
1245 1074 1504 1134 tanquam
1559 1063 1769 1134 glutino
1827 1057 2063 1130 quodam

500 1163 768 1236 colligatis
791 1161 980 1216 nidum
1013 1156 1266 1224 exstruit,
1298 1164 1356 1210 et
1379 1154 1550 1225 pullos
1575 1154 1628 1207 in
1664 1168 1732 1206 eo
1779 1167 1908 1207 suos
1929 1148 2064 1204 edu-

485 1268 607 1314 cat.
636 1256 880 1322 Quorum
913 1254 958 1308 si
986 1250 1112 1322 quis
1141 1248 1333 1302 oculos
1362 1243 1598 1309 amittat,
1631 1256 1791 1311 opem
1819 1255 1847 1294 a
1869 1245 2064 1294 natura

501 1349 766 1403 medicam
796 1344 982 1408 habet,
1011 1355 1117 1407 qua
1148 1353 1245 1394 eos
1276 1334 1410 1390 fetui
1437 1349 1539 1389 suo
1567 1332 1830 1387 restituit.

571 1528 778 1582 Marius
806 1523 1053 1594 quzmlam
1080 1501 1288 1572 avicula
1318 1524 1406 1569 cst
1461 1510 1712 1566 halcedo.
1757 1507 1832 1563 Ea
1855 1508 2065 1564 bruma:

487 1633 745 1689 tempore
775 1625 999 1685 propter
1059 1612 1242 1664 littora
1296 1605 1562 1661 fetificare
1599 1601 1905 1661 consuevit,
1943 1597 2063 1652 ovis

501 1716 554 1766 in
591 1726 754 1764 arena
781 1703 1085 1766 collocatis,
1120 1695 1466 1769 cummultis
1495 1709 1559 1748 ac
1583 1689 2004 1747 vehementibus
2031 1701 2060 1742 a

498 1794 680 1858 ventis
710 1812 863 1853 mare
896 1796 961 1849 ad
995 1804 1194 1848 terram
1228 1788 1493 1843 alliditur.
1519 1785 1719 1839 Verum
1782 1795 1906 1834 mox
1947 1793 2064 1832 om-

2167 602 2232 655 τὰ
2265 604 2364 674 μὲν
2399 604 2586 674 κάρφη
2618 605 2697 674 τῷ
2728 606 2951 674 στόματι
2980 605 3306 677 διακομίζει,
3334 608 3504 679 πηλὸν
3535 610 3591 662 δὲ
3621 614 3740 671 τοῖς

2170 695 2328 746 ποσὶν
2377 688 2508 763 ἆραι
2563 695 2637 764 μὴ
2696 696 2967 767 δυναμένη
3004 697 3391 768 (ἀνεπιτήδειοι
3436 699 3546 770 γάρ
3584 694 3736 755 οὗτοι

2167 783 2305 856 πρὸς
2333 783 2516 837 πᾶσαν
2545 785 2897 855 ὑπηρεσίαν),
2921 788 2987 840 τά
3011 787 3153 857 ἄκρα
3185 789 3293 842 τῶν
3331 807 3546 859 πτερων
3577 791 3738 846 ὕδατι

2165 877 2574 949 καταδρέξασα,
2611 873 2731 931 εἶτα
2777 875 3197 954 τῇλεπτοτάτῃ
3233 881 3378 935 κόνει
3429 883 3737 952 ἐνειληοεῖ-

2171 987 2261 1030 σα.
2290 969 2465 1033 οὕτως
2494 970 2704 1025 ἐπινοεῖ
2729 969 2821 1022 τοῦ
2868 970 3042 1041 πηλοῦ
3072 972 3172 1043 τὴν
3222 973 3434 1044 χρείαν,
3467 976 3564 1029 καὶ
3593 976 3742 1028 κατὰ

2167 1057 2363 1128 μικρόν
2397 1058 2648 1128 ἀλλήλοις
2681 1051 2958 1132 τά⁶κάρφη
2988 1055 3097 1113 οἷον
3130 1062 3298 1132 κόλλῃ
3327 1063 3433 1114 τινὶ
3468 1063 3543 1132 τῷ
3578 1064 3742 1132 πηλῷ

2167 1149 2475 1218 συνδήσασα
2523 1151 2580 1202 ὲν
2633 1151 2768 1221 αὑτῇ
2811 1152 2935 1214 τοὺς
2997 1155 3270 1216 νεοττοὺς·
3305 1154 3581 1223 ἐκτρέφει.
3636 1149 3741 1207 Ὧν

2165 1241 2262 1293 ἐάν
2290 1257 2374 1303 τις
2413 1241 2724 1312 ἐκκεντήσῃ
2761 1242 2830 1294 τά
2869 1231 3115 1311 ὄμματα,
3153 1243 3268 1313 ἔχει
3306 1247 3426 1298 τινὰ
3457 1247 3607 1316 παρὰ
3637 1246 3740 1314 τῆς

2165 1331 2380 1401 φύσεως
2409 1332 2665 1402 βοήθειαν
2701 1333 2970 1404 ἰατρικὴν,
3000 1334 3068 1386 δι’
3103 1331 3168 1406 ἦς
3206 1336 3340 1406 πρὸς
3373 1337 3559 1405 ὑγείαν
3595 1341 3740 1391 ἐπα-

2165 1424 2320 1494 νάγει
2359 1425 2467 1478 τῶν
2512 1424 2751 1494 ἐγγόνων
2780 1425 2877 1488 τὰς
2922 1425 3098 1494 ὄψεις.

2247 1517 2312 1570 Ἦ
2345 1516 2402 1570 δὲ
2439 1517 2652 1571 ἁλκυὼν
2679 1516 2965 1572 θαλάττιόν
2991 1520 3140 1573 ἐστιν
3171 1519 3380 1590 ὄρνεον.
3415 1522 3563 1590 Αὕτη
3600 1524 3737 1591 παρ’

2167 1608 2367 1695 αὐτοὺς
2398 1607 2527 1671 τοὺς
2576 1609 2856 1676 αίγιαλοῦς
2887 1611 3167 1663 νοσσεύειν
3195 1611 3437 1680 πέφυκεν
3461 1615 3520 1666 ἐν
3556 1613 3739 1683 καιρῷ

2163 1698 2455 1780 χειμῶνος,
2495 1701 2584 1753 ἐπ’
2613 1700 2782 1771 αὐτῆς
2835 1701 2902 1754 τά
2953 1701 3033 1755 ὠά
3083 1701 3285 1774 θεμένη
3324 1707 3423 1776 τῆς
3472 1705 3736 1776 ψάμμου,

2163 1792 2252 1842 ὅτε
2289 1793 2502 1854 πολλοῖς
2536 1794 2627 1863 καὶ
2667 1792 2862 1861 βιαίοις
2911 1793 3133 1865 ἀνέμοις
3180 1796 3213 1866 ἡ
3248 1796 3492 1851 θάλασσα
3529 1800 3595 1870 τῇ
3660 1799 3734 1868 γῇ

499 1913 599 1952 nes
629 1894 775 1949 venti
807 1891 1092 1961 sopiuntur
1121 1895 1176 1941 et
1198 1884 1397 1938 ﬂuetus
1419 1879 1614 1934 marini
1645 1876 2060 1946 conquiescunt.

2483 1849 2497 1854 -
2579 1859 2584 1863 ,
2667 1849 2677 1861 .
2841 1849 2858 1857 ν
3012 1849 3025 1865 ι
3113 1849 3130 1856 —
3199 1849 3213 1866 ι
3464 1849 3473 1851 ν
3543 1849 3595 1870 'u
3671 1849 3734 1868 σοι

2170 1885 2634 1956 προσαράσσεται.
2677 1886 2818 1940 Ἀλλ’
2844 1887 2995 1957 ὅμως
3049 1887 3388 1957 κοιμίζονται
3431 1891 3641 1954 πάντες
3686 1893 3735 1944 oi

491 1989 636 2043 .Tum
665 1983 892 2040 halccdo
928 1989 1069 2033 tetos
1098 1983 1304 2044 septem
1329 1972 1446 2026 dies
1503 1970 1620 2024 ovis
1669 1967 1787 2022 suis
1818 1966 2060 2029 incubat,

479 2093 734 2148 eumque
763 2072 1028 2142 temporis
1051 2066 1254 2138 aliquid
1309 2065 1374 2118 ad
1431 2062 1813 2118 educationem
1845 2073 2062 2129 quoque

422 2197 425 2200 ⁴
498 2171 572 2226 sit
596 2164 1006 2228 necessarium,
1045 2160 1163 2215 dies
1195 2157 1331 2212 alios
1383 2163 1615 2224 septem,
1670 2152 1870 2222 quibus
1926 2149 2061 2231 pulli

451 2257 753 2318 .nonnihil
811 2262 1102 2315 crescant,
1174 2249 1355 2303 divina
1407 2245 1630 2316 largitas
1675 2244 1725 2296 ei
1785 2237 2058 2296 concedit.

492 2351 627 2418 ,ρυω
661 2346 1013 2403 res‘nauticze
1047 2341 1122 2398 rei
1157 2340 1347 2412 peritis
1373 2345 1502 2392 nota
1541 2343 1640 2395 est,
1669 2332 1760 2403 qui
1797 2332 1914 2386 dies
1939 2330 2061 2384 illos

482 2439 831 2498 ‘Lﬂaleedonia
861 2443 1079 2493 vocant.

567 2617 815 2674 Tradunt
831 2623 1167 2680 ctturlurem
1189 2627 1218 2666 a
1241 2607 1483 2680 compari
1505 2607 1805 2680 seiunctam
1833 2603 1903 2659 ob
1927 2617 2081 2668 con-p

492 2710 638 2784 jugis
671 2706 870 2778 prioris
905 2701 1222 2758 memoriam
1258 2700 1467 2755 nullius
1492 2697 1715 2754 alterius
1741 2695 2057 2751 societatem

495 2783 808 2856 admittere.
845 2796 1058 2850 Dictum
1085 2794 1191 2848 hoc
1220 2789 1546 2846 mulieribus
1573 2795 1714 2851 esto,
1745 2787 1872 2841 vitae
1901 2783 2061 2839 nimi-

498 2909 618 2957 rum
649 2889 824 2945 viduaa
851 2889 1146 2959 puritatem
1185 2885 1258 2939 ab
1289 2884 1423 2954 ipsis
1490 2881 1656 2938 etiam
1711 2878 1893 2934 brutis
1933 2877 2058 2932 ani-

459 3013 464 3017 ε
497 2980 772 3038 mantibus
803 2979 1069 3034 indecora:
1095 2974 1337 3046 plurium
1382 2975 1698 3043 nuptiarum
1733 2964 2057 3040 appetitioni

489 3073 764 3155 praeferri.

565 3166 751 3232 Longe
786 3160 1247 3233 iniustissimaest
1279 3158 1333 3211 in
1357 3155 1683 3214 educatione
1716 3168 1828 3209 sua:
1854 3151 2059 3208 sobolis
2085 3186 2127 3242 ο

491 3257 695 3328 aquila.
729 3255 860 3311 Nam
893 3268 1015 3307 eum
1057 3251 1234 3322 pullos
1265 3249 1404 3304 duos
1429 3247 1706 3318 produxit,
1741 3245 1972 3300 alterum
1997 3243 2050 3296 in

495 3359 698 3422 terram
765 3345 954 3416 dejicit
1006 3344 1215 3396 alarum
1247 3339 1573 3395 verberibus
1602 3343 1946 3406 protrusum,
1989 3333 2060 3388 ob

491 3438 836 3493 educationis
862 3434 1072 3489 scilicet
1095 3443 1369 3486 aerumnas
1389 3439 1552 3498 atque
1582 3425 1861 3482 molestias
1890 3426 2057 3480 fetum

484 3531 566 3584 ab
595 3545 654 3584 se
679 3537 1031 3597 procreatum
1061 3535 1370 3577 removens.
1401 3519 1507 3574 Sed
1557 3519 1826 3590 abiectum
1858 3517 2058 3586 phene,

489 3636 664 3693 quam
702 3618 1022 3688 ossifragam
1052 3615 1264 3678 dicunt,
1335 3612 1515 3683 perire
1566 3626 1675 3666 non
1721 3610 1855 3664 sinit
1890 3623 2057 3663 :nam

488 3709 776 3766 sublatum
835 3705 948 3761 suis
1011 3718 1134 3758 cum
1165 3701 1330 3772 pullis
1375 3700 1592 3756 educat.
1648 3697 1820 3766 Quem
1874 3706 2058 3752 autem

493 3802 703 3875 pullum
727 3801 841 3871 ipsa
869 3797 977 3870 42
1012 3796 1110 3852 alit
1145 3793 1354 3864 aquila,
1411 3806 1602 3849 secum
1641 3790 1839 3846 deinde
1867 3788 2058 3854 sumit,

492 3906 553 3952 et
581 3896 723 3950 inter
750 3891 1042 3972 velandum
1095 3902 1222 3972 cum
1274 3901 1364 3952 eo,
1414 3885 1460 3940 si
1519 3884 1743 3956 quidem
1795 3881 2058 3937 audacter

494 4004 621 4043 aera
649 3957 927 4041 secantem
954 3957 1168 4036 videat.
1184 3993 1248 4034 ac
1305 3977 1439 4033 solis
1474 3975 1821 4046 splendorem
1885 3972 2062 4028 acutis

493 4084 850 4132 contuentem
893 4071 1092 4133 oculis,
1125 4081 1187 4124 ut
1219 4083 1378 4123 suum
1409 4067 1610 4122 retinet
1661 4074 1826 4136 atque
1853 4070 2058 4129 servat,

499 4169 594 4224 siu-
615 4175 819 4230 autem,
853 4178 954 4217 ceu
988 4161 1236 4231 spurium
1273 4158 1482 4230 abiicit.

572 4257 615 4312 Ε
643 4253 924 4313 contrario
953 4251 1198 4307 cornicis
1229 4265 1384 4305 amor
1411 4249 1467 4304 in
1501 4245 1743 4304 sobolem
1773 4246 2060 4318 prtedicari

487 4357 763 4408 meretur.
788 4359 908 4414 quae
943 4341 1120 4413 pullos
1145 4341 1258 4412 jam
1281 4339 1530 4395 volantes
1558 4336 1922 4392 nihilominus
1960 4349 2060 4392 eos

496 4427 869 4502 consectatur,
910 4435 1106 4507 pascit,
1138 4442 1195 4488 et
1257 4438 1478 4502 longum
1532 4429 1664 4487 satis
1715 4430 1785 4484 ad
1838 4437 2056 4498 tempus

2164 1977 2379 2047 ἄνεμοι,
2415 1977 2787 2048 ἡσυχάζει-δὲ
2826 1979 2976 2048 κῦμα
3027 1979 3338 2048 Θαλάσσιον,
3378 1984 3466 2036 ὅτε
3509 1985 3738 2039 ἁλκυὼν

2165 2068 2430 2136 ὲπωάζει,
2462 2071 2559 2134 τὰς
2606 2070 2748 2123 ἑπτά
2782 2064 3028 2141 δηλονότι
3073 2075 3304 2144 ἡμέρας.
3342 2075 3495 2128 Ἐπεὶ
3543 2077 3604 2130 δὲ
3637 2081 3735 2130 καὶ

2162 2165 2370 2234 τροφῆς
2403 2165 2586 2226 αὐτοῖς
2610 2163 2804 2235 χρεία,
2841 2163 3007 2230 ἄλλας
3060 2166 3200 2220 ἑπτά
3229 2167 3439 2238 ἡμέρας
3467 2168 3607 2239 πρὸς
3633 2169 3736 2236 τὴν

2161 2254 2272 2308 τῶν
2300 2255 2531 2308 νεοττῶν
2580 2254 2808 2327 αῠξησιν
2843 2258 2870 2308 ὁ
2905 2254 3282 2328 μεγαλόδωρος
3310 2259 3445 2330 αὐτῇ
3481 2261 3733 2331 παρέσχε

2162 2345 2316 2410 Θεός.
2350 2345 2514 2397 Ὥστε
2551 2347 2645 2399 καὶ
2689 2348 2945 2399 ναυτικοὶ
2979 2347 3180 2412 πάντες
3234 2350 3377 2402 ἴσασι
3409 2349 3590 2414 τοῦτο,
3636 2354 3734 2404 καὶ

2162 2437 2535 2520 ἁλκυονίτιδας
2585 2436 2682 2500 τὰς
2737 2437 2950 2508 ἡμέρας
3010 2439 3224 2503 ὲκείνας
3286 2441 3736 2512 προσαγορεύοι».

2165 2547 2271 2584 σιν.

2243 2621 2405 2676 Ἀλλὰ
2431 2621 2522 2675 καὶ
2553 2620 2650 2693 τὴν
2679 2622 2918 2692 τρυγόνα
2973 2623 3105 2693 φασὶ
3158 2622 3568 2695 διαζευχοεῖσάν
3601 2644 3734 2680 ποτε

2160 2714 2254 2768 τοῦ
2277 2714 2552 2785 ὁμόζυγος
2585 2715 2782 2785 μηκέτι
2814 2716 2952 2785 πρὸς
2979 2715 3168 2786 ἕτερον
3190 2717 3585 2787 καταδέχεσθαι
3618 2736 3736 2772 κοι-

2160 2806 2378 2872 νωνίαν,
2435 2810 2626 2880 μνήμῃ
2655 2808 2749 2862 τοῦ
2797 2808 2928 2862 ποτε
2965 2807 3375 2879 συζευχθέντος.
3419 2809 3731 2864 Ἀκουέτω-

2169 2913 2269 2951 σαν
2317 2899 2373 2952 αί.
2409 2902 2668 2964 γυναῖκες
2723 2901 2871 2963 ὅπως
2919 2900 2982 2953 τὸ
3014 2901 3214 2968 σεμνὸν
3247 2899 3346 2970 τῆς
3374 2900 3602 2971 χηρείας
3633 2903 3766 2956 καὶ·

2165 2990 2322 3061 παρὰ
2371 2995 2482 3054 τοῖς
2535 2993 2749 3062 ἀλόγοις
2784 2991 2878 3046 τοῦ
2912 2993 2969 3044 ἐν
2999 2995 3120 3058 ταῖς
3160 2991 3524 3064 πολυγαμίαις
3557 2995 3736 3064 ἀπρε-

2165 3082 2299 3144 ποῦς
2338 3083 2758 3154 προτιμότερον.

2233 3172 2595 3236 Ἀδικώτατος
2654 3175 2783 3244 περὶ
2842 3175 2940 3246 τὴν
2981 3176 3090 3230 τῶν
3143 3177 3383 3248 ἐγγόνων
3440 3177 3655 3250 τροφὴν
3705 3181 3735 3232 ό

2163 3266 2479 3331 άετός.’Δύο
2526 3267 2636 3338 γάρ
2667 3265 2952 3336 ἐξαγαγὼν
2989 3259 3263 3335 νεοσσοὺς,
3288 3269 3379 3324 τὸν
3411 3271 3602 3340 ἕτερον
3633 3273 3736 3324 αὐ-

2163 3360 2271 3411 τῶν
2305 3361 2385 3422 είς
2419 3359 2520 3428 γῆν
2565 3361 2986 3431 καταρρήγνυσι
3020 3363 3140 3425 ταῖς
3174 3364 3413 3430 πληγαῖς
3455 3365 3564 3416 τῶν
3602 3381 3737 3418 πτε-

2140 3449 2276 3519 τρῶν
2326 3451 2733 3522 ἀπωθούμενος,
2766 3452 2852 3506 διά
2897 3452 2957 3506 τὸ
3003 3454 3102 3520 τῆς
3131 3455 3337 3524 τροφῆς
3379 3457 3640 3509 ἐπίπονον
3673 3456 3735 3509 ὃν

2163 3541 2455 3611 ἐγέννησεν
2501 3537 2957 3612 άποποιούμενος.
3019 3542 3160 3597 Ἀλλ’
3203 3545 3302 3597 οὐκ
3351 3547 3416 3616 ἐᾷ
3461 3545 3660 3601 τοῦτον
3701 3547 3736 3616 ἠ

2162 3635 2305 3705 φήνη
2359 3633 2765 3704 διαφθαρῆναι,
2812 3635 2932 3689 ἀλλ’
2980 3635 3334 3690 ὑπολαϐοῦσα
3399 3637 3568 3690 αὐτὸν
3621 3640 3737 3701 τοῖς

2161 3723 2383 3788 οἰκείοις
2414 3725 2551 3795 αὐτὴ
2582 3727 2824 3788 νεοσσοῖς
2863 3726 3250 3798 συνεκτρέφει.
3289 3729 3385 3783 Ὃν
3421 3729 3476 3781 δὲ
3521 3733 3740 3804 κρατή-

2165 3832 2264 3880 σας
2299 3815 2592 3888 ὲκθρέψειν
2623 3817 2839 3873 νεοττὸν
2879 3821 2908 3873 ό
2940 3820 3123 3886 ἀετὸς,
3164 3821 3434 3888 λαμϐάνει
3471 3823 3567 3875 καὶ
3603 3839 3738 3876 συν·

2165 3908 2383 3963 ίπταται
2411 3909 2582 3981 αὐτῷ,
2605 3911 2701 3964 καὶ
2733 3911 2832 3966 ἐὰν
2859 3911 2947 3986 ίδῃ
2989 3913 3152 3967 αὑτὸν
3197 3913 3472 3985 εὐτόλμως
3506 3915 3613 3986 μὲν
3643 3917 3738 3971 τδν

2161 3999 2300 4071 ἀέρα
2333 3999 2654 4071 νηχόμενον,
2685 3999 3036 4066 ὀξυωποῦντα
3059 4003 3115 4057 δὲ
3139 4004 3278 4074 πρὸς
3309 4005 3408 4073 τὴν
3441 4005 3534 4060 τοῦ
3573 4009 3736 4079 ἡλίου

2161 4091 2542 4163 λαμπρότητα,
2568 4092 2643 4157 ὡς
2671 4095 2876 4148 οίκεῖον
2928 4097 3320 4165 περιποιεῖται,
3353 4098 3401 4150 εί
3423 4097 3480 4151 δὲ
3522 4100 3602 4168 μή
3641 4117 3731 4169 γε,

2159 4181 2233 4247 ὥς
2261 4183 2416 4238 νόθον
2447 4184 2770 4240 ἀποϐάλλει.

2245 4268 2385 4326 Ἀλλ’
2415 4272 2699 4325 ἐπαινετὸν
2723 4273 2784 4328 τὺ
2807 4273 2906 4344 τῆς
2929 4273 3176 4348 κορώνης
3208 4275 3540 4345 φιλότεκνον,
3572 4280 3624 4348 ἧι
3642 4279 3743 4334 καὶ

2161 4362 2482 4433 πετομένοις
2516 4363 2616 4434 ἥδη
2651 4366 2764 4428 τοῖς
2810 4367 3048 4426 νεοττοῖς
3091 4367 3402 4437 παρέπεται
3449 4368 3740 4434 σιτίζουσα

2165 4454 2368 4518 αὐτοὺς
2416 4456 2515 4509 καὶ
2547 4456 2889 4527 ἐκτρέφουσα
2924 4457 3089 4527 μέχρι
3119 4456 3340 4511 πολλοῦ.
3374 4458 3510 4531 Περὶ
3544 4462 3739 4528 μέντοι

481 4533 714 4589 educat.
746 4529 820 4616 De
860 4528 945 4584 his
976 4541 1206 4597 magnus
1234 4525 1323 4580 ille
1341 4523 1584 4580 Basilius
1635 4523 1752 4579 haec
1785 4522 1952 4578 etiam
2003 4522 2060 4576 in

2170 4545 2276 4599 τῶν
2303 4544 2561 4617 κορωνῶν
2595 4522 2686 4599 καὶ
2712 4522 2838 4598 τάδε
2867 4522 3046 4617 φήσιῖ
3073 4549 3100 4601 ό
3151 4548 3323 4616 μέγας
3359 4522 3648 4613 Βασιλέως
3679 4551 3740 4602 ὲν

495 4622 744 4679 oratione
774 4613 872 4676 sua
922 4618 997 4673 De
1023 4617 1368 4690 providentia
1428 4615 1614 4670 tradit.
1663 4614 1829 4680 «Res,
1858 4613 2059 4683 inquit,

494 4725 580 4770 cst
603 4714 763 4777 mira,
792 4725 920 4767 cum
947 4709 1176 4766 ciconiis
1208 4708 1459 4764 cornices
1513 4706 1820 4768 discedere,
1879 4703 2065 4774 quasi-

483 4808 605 4876 .Que
635 4802 901 4857 satellites
929 4814 1117 4855 carum
1154 4807 1210 4853 et
1240 4797 1455 4852 Itineris
1484 4795 1714 4851 comites
1743 4809 1886 4850 esse.
1917 4792 2058 4859 Quin

482 4896 683 4958 etiam,
715 4907 836 4947 mea
866 4889 1088 4978 quidem
1120 4889 1418 4955 sententia,
1471 4886 1656 4942 ferunt
1686 4885 1769 4940 eis
1794 4884 2062 4940 adversus

492 5001 621 5040 aves
653 4975 917 5056 quasdam
949 4980 1182 5035 hostiles
1207 4979 1494 5033 auxilium.
1524 4975 1682 5043 Quod
1713 4990 1834 5031 esse
1863 4989 2057 5030 verum

483 5078 731 5148 primum
754 5091 820 5131 eo
853 5075 1011 5146 signo
1044 5073 1344 5142 colligitur,
1379 5070 1526 5141 quod
1563 5085 1631 5142 eo
1660 5077 1904 5138 tempore
1927 5079 2057 5120 nus-

493 5185 658 5240 quam
687 5169 796 5223 ulla
832 5168 1022 5223 cornix
1056 5166 1452 5236 conspiciatur,
1503 5161 1702 5218 deinde
1751 5159 1895 5230 quod
1931 5155 2056 5213 cum

491 5259 820 5316 vulneribus
846 5265 1188 5314 revertentes
1220 5256 1474 5327 praestita:
1522 5253 1804 5309 societatis
1830 5249 2056 5306 eviden-

487 5363 575 5409 tes
603 5359 761 5406 notas
789 5365 974 5406 secum
1010 5349 1240 5403 ferant.»

558 5444 678 5501 Jam
710 5441 858 5514 quod
885 5441 1052 5497 rebus
1081 5441 1294 5497 caeteris
1323 5441 1497 5512 magis
1523 5439 1692 5495 etiam
1710 5439 1778 5493 ab
1796 5437 2056 5509 opinione

485 5537 776 5595 numinum
811 5535 1093 5601 abhorret,
1127 5534 1375 5590 vultures
1397 5535 1551 5589 aiunt
1577 5516 1794 5602 absque.
1813 5533 1978 5586 maris
2001 5538 2056 5586 et

487 5631 704 5686 teminat
738 5627 1129 5697 conjunctione
1156 5627 1400 5697 gignere,
1428 5635 1648 5682 senecta
1673 5626 1836 5680 etiam
1878 5624 2055 5678 in-ex-

484 5733 656 5775 trema
676 5739 691 5778 ι
715 5737 840 5775 nam
861 5720 928 5775 ad
959 5723 1334 5776 centesimum
1359 5734 1562 5774 annum
1582 5717 1815 5773 vivendo
1842 5731 2030 5786 perve-

475 5812 1122 5884 niunt.Quamobrem;ist
1133 5812 1508 5902 ucgnimirum
1523 5809 1712 5882 nequi
1729 5809 2054 5881 mysterium

2163 4633 2240 4704 τῷ
2280 4634 2415 4704 Περὶ
2445 4635 2702 4705 προνοίας
2751 4633 2894 4704 λόγῳ
2930 4633 3119 4689 αὐτοῦ*
3155 4653 3176 4688 ε
3205 4634 3402 4706 Θαῦμα
3430 4637 3578 4706 μέγα
3620 4639 3741 4702 πῶς

2163 4725 2220 4778 αῑ
2271 4723 2512 4797 κορῶναι
2549 4727 2662 4790 τοῖς
2706 4726 3001 4795 πελαργοῖς
3036 4727 3473 4798 συναπαίρουσαι
3501 4729 3742 4800 δορυφο-

2167 4815 2354 4887 ροῦσιν
2385 4817 2570 4879 αὐτοῖς
2600 4818 2696 4870 καὶ
2743 4817 3243 4887 παραπέμπουσιν,
3280 4819 3406 4887 ἐμοὶ
3433 4819 3612 4884 δοκεῖ,
3643 4820 3738 4872 καὶ

2163 4907 2485 4996 συμμαχίαν
2533 4906 2718 4971 αὐτοῖς
2766 4923 2891 4961 τινα
2950 4907 3256 4979 παρέχουσι
3305 4907 3444 4978 πρὸς
3503 4907 3738 4979 ὄρνιθας

2163 4995 2477 5065 πολεμίους.
2529 4997 2763 5066 Σημεῖόν
2811 4995 2869 5049 δὲ
2913 4997 3130 5067 πρῶτον
3179 4995 3281 5064 μὲν
3329 4997 3405 5066 μὴ
3437 4997 3738 5066 φαίνεσθαι

2162 5083 2275 5136 ὑπὸ
2296 5084 2388 5136 τὸν
2417 5084 2608 5155 καιρὸν
2635 5086 2843 5138 ἐκεῖνον
2867 5081 3113 5154 κορώνην
3143 5084 3514 5138 παντάπασιν*
3537 5085 3740 5137 ἔπειτα

2164 5173 2302 5244 μετὰ
2361 5177 2693 5246 τραυμάτων
2765 5173 3198 5244 ἐπανερχόμεναι
3255 5173 3355 5244 τῆς
3415 5175 3740 5245 συμμαχίας

2149 5267 2365 5338 ςὲναργῆ
2398 5269 2602 5336 σημεῖα
2644 5267 2958 5338 κομίζουσι.
2999 5283 3016 5317 ι

2230 5442 2304 5497 Τὸ
2338 5443 2394 5496 δέ
2441 5459 2505 5512 γε
2550 5443 2716 5496 πλέον
2753 5442 2863 5496 τῶν
2894 5441 3070 5496 ἄλλων
3103 5441 3571 5513 παραδοξότερον,
3606 5442 3740 5505 τοὶς

2155 5537 2334 5604 γῦπάς
2357 5552 2524 5597 φασιν
2541 5536 2920 5598 ἀσυνδυάστως
2944 5533 3171 5599 τίκτειν,
3199 5537 3292 5587 καὶ
3314 5533 3490 5586 ταῦτα
3515 5549 3738 5603 μακρο-

2161 5628 2466 5691 σιωτάτους
2488 5626 2664 5695 ὄντας,
2697 5628 2790 5680 καὶ
2819 5628 3015 5697 μέχρις
3055 5625 3247 5678 ἑκατὸν
3275 5625 3414 5691 ἐτῶν
3443 5626 3543 5690 τὴν
3585 5624 3738 5692 ζωὴ-ι

2157 5720 2338 5773 αὐτῶν
2365 5719 2844 5791 παρεκτείνεσθαι.
2897 5719 2994 5772 Διὰ
3035 5719 3086 5772 τί
3114 5718 3171 5772 δὲ
3211 5719 3398 5785 τοῦτο,
3458 5718 3740 5781 καὶτίνας

2155 5812 2373 5880 ἓνξκενς
2409 5813 2496 5868 ῖνα
2534 5813 2643 5882 γὰρ
2694 5813 2768 5884 μή
2802 5830 2946 5878 τινες
3003 5813 3298 5882 ὲπιγελῶσι
3339 5811 3418 5884 τῷ
3449 5811 3742 5885 μυστηρίῳ
