3968 6228
184 404 270 467 101

1439 402 1845 464 ANNALIUM
1884 402 2074 461 PARS
2120 403 2169 461 1.

3320 401 3420 470 162

178 519 344 591 ἡμῶν,
374 518 449 582 ὡς
481 518 737 573 ἀδύνατον
768 517 1031 589 παρθένον
1069 520 1250 572 τεκεῖν
1295 522 1389 571 καὶ
1431 518 1587 581 αὖθις
1620 521 1737 587 μεῖ-

1881 526 2087 571 ostrum
2118 518 2428 582 irridercnt,
2463 517 2615 587 quasi
2678 516 2795 571 ﬁeri
2867 526 3103 588 nequeat
3160 528 3219 573 ut
3247 528 3417 588 paria!

188 629 258 664 lat
290 610 602 683 παρθένον,
667 611 869 681 μυρίας
927 610 992 663 ὲκ
1050 610 1163 690 τῆς,
1206 608 1423 678 φύσεως
1480 608 1736 679 ἀφορμὰς

180 699 303 767 πρὸς
343 698 443 769 τὴν
476 698 660 751 πίστιν
694 698 804 752 τῶν
836 697 1156 767 παραδόξων
1187 698 1473 769 προλαϐὼν
1506 699 1739 752 κατεϐά-

181 790 310 841 λετο.
356 788 475 842 Καὶ
525 788 668 843 οὕτω
710 790 810 861 μὲν
860 791 1237 860 περὶτούτων
1291 793 1319 844 ὁ
1370 792 1543 860 μέγας
1577 790 1740 843 Βασί-

182 881 345 943 λειος·
377 881 426 932 οί
452 880 511 933 δέ
545 899 607 949 γε
634 883 732 945 τὰς
763 883 954 952 φύσεις
984 882 1094 936 τῶν
1126 884 1282 946 ζώων
1307 881 1737 951 διασκεψάμενοι

182 975 349 1041 τριετῆ
378 973 569 1041 χρόνον
594 973 721 1037 τοὺς
740 975 937 1045 »γῦπας
969 977 1299 1046 έγκυμονεῖν
1328 973 1735 1045 τερατεύονται.

116 1092 119 1093 ν
184 1066 279 1117 Καὶ
312 1064 422 1127 πῶς
462 1064 651 1120 ἄκουε.
676 1067 790 1120 υύκ
818 1066 966 1120 ἐστιν
992 1070 1200 1138 ἄρρενα
1230 1067 1382 1136 γῦπα
1415 1064 1734 1119 θεάσασθαι·

186 1156 562 1220 ἁσυνδυάστως
616 1158 728 1227 γὰρ
792 1158 988 1222 αὐτοὺς
1047 1159 1255 1211 τίκτειν
1306 1159 1463 1228 νόμοι
1524 1156 1740 1229 φύσεως

186 1247 665 1317 παρακελεύονται,
704 1251 860 1306 ὅθεν·
888 1252 982 1305 καὶ
1040 1252 1149 1305 πᾶν
1181 1252 1243 1303 τὸ
1286 1250 1441 1321 γένος
1492 1250 1739 1320 αύτῶνή

184 1338 268 1388 τοῦ
317 1336 507 1406 θήλεος
568 1338 733 1406 φύσις
792 1339 1093 1409 ἠνέγκατο.
1142 1339 1324 1409 Ὅπερ
1382 1339 1741 1409 ἐπιστάμενοι

188 1426 348 1495 γῦπες
377 1429 473 1485 καὶ
523 1430 623 1499 τὴν
672 1430 914 1502 ἐρημίαν
965 1431 1200 1494 δεδιότες
1236 1432 1347 1485 τῶν
1394 1432 1621 1495 τέκνων,
1660 1431 1741 1492 είς

185 1523 426 1589 ἐπιγονὴν
462 1522 611 1577 ἅπαν
654 1524 715 1578 τὸ
766 1525 920 1594 γένος
955 1526 1335 1596 στρατεύεται,
1366 1526 1460 1579 καὶ
1489 1526 1658 1597 δρῶσί
1691 1543 1741 1579 τι

187 1611 411 1682 σόφισμα
446 1612 696 1683 ἄριστον.
727 1614 841 1685 ’Τῷ
892 1616 1031 1686 νότῳ
1099 1618 1196 1669 καὶ
1241 1616 1348 1685 γάρ
1406 1617 1741 1687 ἀντίπρωροι

187 1701 449 1758 πέτανται,
496 1701 558 1754 Ei
613 1703 667 1756 δὲ
706 1705 779 1774 μὴ
828 1705 981 1770 νότος
1022 1707 1131 1774 εἴη,
1186 1705 1265 1777 τῷ
1298 1708 1554 1774 συγγενεῖ
1582 1706 1744 1777 ςεῠρῳ

191 1789 405 1848 ἁπλοῦσι
474 1796 574 1859 τὰς
634 1798 951 1867 πτέρυγας.
1008 1795 1451 1869 εἷτα-κεχήνασι
1504 1799 1599 1852 καὶ
1649 1797 1741 1852 τοῦ

1848 609 2002 678 virgo
2028 618 2083 663 et
2113 608 2476 664 nihilominus
2509 610 2662 680 virgo
2694 620 2937 672 maneat.
2972 626 3039 665 ex
3082 611 3201 681 ipsa
3228 621 3419 670 natura

1848 698 1992 755 Deus
2020 700 2181 756 nobis
2211 710 2420 756 tantum
2448 717 2555 757 non
2586 702 2829 758 inﬁnitas
2860 704 3229 786 suppeditavit
3263 721 3420 761 oeca-

1849 795 2035 848 siones
2070 792 2309 849 faciundi
2340 794 2500 849 [idem
2546 796 2713 848 rebus
2767 794 3101 863 cazteroquin
3165 796 3422 854 absurdis

1850 894 1905 939 et
1936 894 2139 939 nostra:
2168 885 2419 956 opinioni
2457 901 2562 939 non
2599 884 3078 955 respondentibus.
3116 888 3228 943 [loc
3261 890 3421 947 modo

1850 978 1917 1030 de
1954 976 2035 1031 liis
2061 976 2297 1031 Basilius
2333 977 2577 1032 disserit.
2610 978 2806 1032 Caneri
2863 993 3017 1045 vero,
3063 981 3157 1050 qui
3199 993 3425 1036 naturas
3470 984 3479 991 ’

1850 1068 2166 1123 animalium
2204 1084 2521 1139 perspectas
2551 1070 2777 1133 habent,
2816 1070 3064 1125 vultures
3094 1079 3210 1129 toto
3250 1072 3423 1128 triens

1852 1161 1945 1213 nio
1978 1172 2195 1229 gestare
2239 1170 2460 1217 utcrum
2510 1160 2824 1231 prodigiose
2889 1161 3133 1219 tradunt.
3192 1162 3423 1230 Quinam

1851 1250 2031 1307 istuc?
2062 1252 2224 1306 Audi.
2264 1253 2460 1307 γυιων
2490 1268 2607 1306 mas
2652 1252 2836 1309 unllus
2866 1255 3227 1324 conspicitur.
3292 1256 3427 1311 Nam

1852 1342 2058 1412 absque
2086 1342 2252 1397 duum
2286 1343 2675 1415 c0njnnctione
2706 1346 2932 1414 gignere
2983 1345 3050 1399 de
3106 1347 3430 1417 prazscripto

1851 1442 2061 1487 naturae
2095 1433 2295 1488 solent.
2337 1432 2457 1498 Quo
2514 1432 2572 1486 fit
2632 1444 2691 1487 ut
2719 1448 2914 1489 eorum
2977 1437 3232 1492 universa
3282 1438 3432 1497 natio

1851 1523 2116 1577 consistat
2146 1525 2201 1577 in
2232 1524 2472 1578 feminis.
2504 1524 2620 1578 lloc
2651 1540 2775 1579 cum
2808 1541 2920 1579 non
2963 1526 3222 1595 ignorent
3255 1529 3434 1584 vultui

1854 1631 1963 1682 res,
1994 1615 2253 1670 orbitatis
2287 1625 2437 1670 metu
2466 1615 2629 1669 simul
2672 1616 2914 1671 universi
2944 1618 3008 1671 ad
3047 1619 3420 1675 t'etiﬁeandum

1857 1708 2152 1778 quamdam
2216 1707 2366 1761 velut
2416 1705 2818 1775 expeditionem
2861 1709 3190 1774 suscipiunt.
3241 1711 3341 1772 Hic
3369 1712 3415 1767 si

1857 1798 2044 1857 nullus
2070 1800 2151 1852 eis
2179 1812 2299 1852 sese
2336 1796 2536 1851 Auster
2568 1796 2866 1861 oﬂ’erat,ad
2898 1809 3185 1869 cognatum
3220 1802 3430 1856 Eurum

194 1882 491 1953 πνεύματος
555 1884 923 1957 ἐμφοροῦνται
983 1887 1317 1954 είςρέοντος,
1357 1887 1449 1939 καὶ
1500 1889 1748 1942 τίκτουσι

1875 1891 1967 1945 llas
1995 1889 2336 1959 expandunt.
2403 1888 2535 1943 Inde
2591 1903 2689 1957 per
2717 1890 2830 1944 oris
2858 1890 3068 1945 hiatum
3128 1902 3291 1946 vento
3346 1892 3436 1946 in-

194 1974 313 2041 ζῶα,
348 1980 419 2047 μὴ
450 1977 634 2046 μέντοι
667 1994 729 2044 γε
763 1976 849 2031 ὠά
879 1979 1181 2048 ὑπηνέμια.
1224 1979 1315 2033 Διὸ
1344 1979 1596 2034 πλείστου
1628 1981 1753 2051 χρό-

192 2087 270 2123 νου
290 2070 459 2124 δεῖται
493 2072 526 2141 ὴ
569 2064 732 2140 quia};
780 2072 921 2143 πρὸς
959 2072 1102 2135 (dion
1130 2072 1562 2143 τελεσιουργίαν·
1598 2073 1756 2145 χαλε-

193 2162 281 2214 πὸν
327 2161 434 2234 γὰρ
497 2165 593 2216 καὶ
662 2163 784 2217 λίαν
832 2164 1074 2234 ἐργῶδες
1119 2167 1184 2235 τῇ
1221 2164 1382 2231 φύσει
1409 2165 1669 2217 οὐσιῶσαι
1696 2163 1755 2216 τὸ

196 2254 390 2324 πνεῦμα
422 2257 691 2335 καὶπρὸς
747 2254 889 2318 ζῶον
945 2256 1353 2328 πλαστουργεῖν
1387 2255 1447 2309 τὸ
1492 2255 1755 2308 λεπτότα-

195 2364 291 2404 τον.
352 2349 609 2405 Ἐπειδὰν
666 2349 849 2402 τοίνυν
898 2349 1125 2412 ἀκούεις
1190 2351 1282 2403 καὶ
1343 2351 1408 2402 σὺ
1459 2349 1757 2419 συναφείας

195 2436 308 2487 ἄνευ
359 2437 739 2505 έγκυμονῆσαι
782 2439 882 2508 τὴν
943 2438 1270 2507 Πάναγνον,
1312 2436 1580 2509 πρότερον
1618 2441 1756 2511 αὐτῇ

194 2524 495 2595 Πνεύματος
559 2527 720 2595 ἁγίου
783 2529 1211 2592 ἐπισκιάσαντος
1272 2532 1366 2581 κ;ὶ
1420 2530 1513 2581 τοῦ
1551 2530 1758 2599 Κυρίου

196 2618 320 2671 κατὰ
353 2619 448 2673 τὸν
502 2623 797 2692 προφήτην
832 2620 956 2675 άπὸ
1015 2622 1233 2692 Θαιμάν
1302 2623 1579 2693 ἤξαντος,
1633 2623 1761 2693 μηδ’

200 2711 316 2774 ὅλως
344 2712 567 2767 ἀπίστει
596 2713 674 2784 τῷ
709 2715 1024 2785 πράγματι,
1052 2714 1154 2768 κᾶν
1193 2715 1337 2784 μέγα
1362 2715 1438 2785 τῷ
1468 2716 1581 2768 ὄντι
1615 2715 1763 2767 δοκεῖ

201 2807 282 2858 καὶ
309 2806 638 2877 παράδοξον·
677 2807 769 2859 ἐπὶ
804 2806 913 2874 γὰρ
945 2804 1126 2877 τούτῳ
1156 2806 1252 2858 καὶ
1309 2806 1341 2875 ἡ
1396 2804 1546 2875 παρὰ
1596 2803 1762 2874 φύσιν

199 2898 291 2951 τῶν
318 2899 508 2968 γυπῶν
535 2899 805 2969 κυοφορία
830 2898 1156 2969 θαυμασίως
1177 2897 1321 2951 οὕτω
1341 2896 1419 2969 τῷ
1449 2897 1569 2966 Θεῷ
1599 2914 1764 2968 προη-

201 2991 498 3060 τοίμασται.
532 2993 773 3061 Λέγεται
822 2993 934 3062 γὰρ
991 2993 1072 3045 ὅτι
1129 2972 1426 3061 ⁸γενόμενος
1489 2989 1689 3059 ἔγκυος
1733 2992 1762 3043 ὁ

200 3085 295 3154 γὺψ
316 3086 614 3158 πορεύεται
643 3087 724 3150 είς
756 3085 856 3155 τὴν
892 3084 1151 3156 Ἰνδικὴν,
1179 3086 1273 3138 καὶ
1303 3083 1485 3137 λαῦὼν
1524 3081 1675 3135 λίθον
1705 3081 1767 3136 τὺ

202 3176 524 3248 καλούμενον
559 3178 807 3231 εὐτόκιον
855 3178 1041 3234 ἐπάνω
1079 3176 1247 3233 αὐτοῦ
1278 3173 1514 3246 κάθηται
1542 3173 1766 3244 συνεχό-

1857 1982 2062 2037 ﬂuente
2096 1983 2397 2052 replentur,
2431 1992 2484 2038 et
2508 1982 2786 2048 animalia,
2819 1997 2927 2037 non
2982 1997 3083 2038 ova
3137 1985 3437 2039 subventa-

1858 2091 1957 2130 nea
1988 2074 2240 2147 gignunt.
2288 2076 2420 2141 Quae
2450 2090 2615 2132 causa
2675 2082 2758 2129 est
2787 2075 3145 2145 quamobrem
3201 2076 3441 2133 maxime

1860 2169 2130 2240 temporis
2161 2167 2337 2236 spatio
2369 2176 2567 2221 natura
2606 2166 2775 2237 hujus
2810 2166 2877 2221 ad
2935 2166 3194 2223 animalis
3223 2168 3445 2224 absoluo

1861 2260 2070 2314 tionem
2106 2259 2369 2329 indigeat.
2415 2260 2549 2315 Nam
2584 2258 2804 2315 diﬂicile
2830 2267 2887 2315 et
2907 2275 3203 2331 operosum
3231 2270 3316 2319 est
3344 2277 3446 2317 nai-

1861 2360 1996 2406 tnrae
2027 2351 2095 2407 de
2124 2360 2291 2407 vento
2317 2353 2612 2422 quamdam
2647 2354 2948 2407 esisentiam
2996 2353 3214 2411 eﬂicere
3266 2350 3447 2425 deque

1863 2458 1923 2497 re
1954 2442 2112 2513 longe
2145 2441 2502 2499 subtilissima
2532 2451 2588 2499 et
2642 2446 2768 2500 exili
2836 2461 3059 2516 prorsus
3114 2447 3316 2503 animal
3349 2447 3449 2501 ﬂu-

1862 2547 2013 2603 gere.
2043 2533 2181 2589 Cum
2213 2534 2386 2605 igitur
2436 2534 2630 2592 audies
2666 2534 2947 2609 Virginem
3008 2537 3157 2592 illam
3214 2538 3450 2608 purissi-

1863 2641 2007 2680 mam
2041 2626 2249 2696 absque
2279 2627 2393 2681 ullo
2432 2627 2534 2681 viri
2589 2631 2931 2685 commercio
2964 2630 3244 2701 gravidam
3278 2629 3450 2684 fuisse
3516 2684 3523 2689 .

1864 2717 2089 2783 factam,
2132 2733 2258 2772 cum
2293 2719 2449 2789 prius
2479 2734 2599 2774 eam
2624 2730 2848 2776 sanctus
2873 2722 2964 2777 ille
2998 2721 3245 2792 Spiritus
3269 2723 3452 2775 inum-

1867 2809 2087 2865 brasset
2118 2826 2181 2865 ac
2206 2811 2504 2877 Dominus,
2566 2812 2646 2866 uti
2686 2822 2838 2868 vates
2868 2814 3137 2884 loquitur,
3192 2814 3261 2868 de
3296 2812 3453 2868 Tim;

1867 2916 2027 2957 mane
2051 2901 2701 2973 venisset,‘nequa1uam
2748 2904 2880 2960 huic
2937 2905 3015 2960 rei
3069 2904 3233 2959 ﬁdem
3286 2904 3454 2960 dero-

1869 2999 2017 3062 gato,
2084 2992 2307 3046 tametsi
2360 3006 2559 3063 reapse
2596 3008 2791 3064 magna
2846 2995 3101 3051 videatur
3164 3003 3221 3050 et
3247 2994 3353 3067 43
3387 2996 3454 3055 ab

1870 3083 2132 3153 opinione
2169 3082 2456 3137 hominum
2491 3085 2824 3141 abhorrens.
2884 3087 3021 3141 Nam
3078 3102 3141 3143 ea
3186 3088 3253 3141 de
3286 3096 3456 3143 cauSa

1872 3175 2152 3230 vulturum
2200 3191 2423 3246 quoque
2480 3178 2765 3246 conceptio
2819 3186 2927 3232 tam
2985 3178 3389 3235 admirabiliter
3424 3196 3454 3235 a

206 3286 349 3337 μενος
387 3271 561 3335 ὠδῖσι,
588 3270 681 3323 καὶ
723 3268 898 3333 οὕτως
936 3267 1246 3323 ἀποτίκτει.
1292 3267 1353 3318 '0
1394 3266 1581 3335 μέντοι
1614 3264 1759 3329 λίθος

1875 3269 1986 3325 Deo
2021 3277 2103 3324 est
2131 3268 2704 3329 instituta..Tradilur
2729 3279 2913 3355 autem
2965 3260 3341 3325 monumentis
3366 3271 3457 3324 lit,

205 3362 491 3434 περιφερὴς
521 3362 596 3426 ὡς
650 3361 879 3430 κάρυον,
912 3362 1006 3413 καὶ
1045 3358 1366 3429 κινούμενος
1392 3353 1528 3428 ἦχον
1556 3359 1765 3427 έκπέμο

203 3470 284 3507 πει
337 3456 412 3518 ὡς
463 3456 685 3518 manv,
728 3451 942 3507 ἔνδοθεν
996 3453 1192 3521 ἑτέρου
1228 3450 1378 3504 λίθου
1417 3450 1761 3520 κινουμένου.

202 3546 321 3599 Φασὶ
361 3548 417 3601 δὲ
469 3548 566 3603 καὶ
610 3547 770 3601 τοῦτο
806 3546 937 3614 περὶ
986 3543 1182 3614 γυπὸς,
1236 3542 1319 3596 δτι
1373 3540 1529 3613 μύρῳ
1570 3540 1765 3612 ῥοδίνῳ

201 3636 424 3707 χρισθεὶς
463 3637 823 3706 ἀποθνήσκει.
1534 3650 1537 3653 ‘

1873 3370 2116 3414 terarum
2150 3360 2452 3425 vulturem,
2497 3368 2858 3431 posteaquam
2887 3361 3227 3431 conceperit,
3273 3361 3333 3415 in
3366 3358 3458 3417 ln-

1877 3451 2024 3507 diam
2062 3467 2185 3507 sese
2221 3452 2499 3517 conferre,
2541 3461 2880 3523 nactumqne
2932 3454 3194 3525 lapidem,
3234 3469 3399 3525 quem
3434 3469 3460 3505 a

1874 3540 2146 3598 facilitate
2175 3550 2370 3613 partus
2400 3559 2565 3614 quem
2600 3543 2827 3617 adiuvat
2889 3544 3186 3601 Eutocium
3240 3542 3462 3609 vocant,

1874 3634 1927 3687 in
1955 3649 2021 3689 eo
2052 3649 2109 3689 se
2141 3636 2476 3706 partnrigine
2524 3646 2779 3692 ventum
2811 3637 3117 3702 collocare,
3159 3648 3328 3709 atque
3370 3637 3465 3691 illo

204 3732 353 3786 modo
376 3747 593 3803 parcre.
644 3730 814 3800 Lapis
888 3728 1005 3799 ipse
1068 3724 1339 3782 rotundus
1387 3734 1492 3791 est,
1546 3724 1806 3780 avellanae
1844 3726 2005 3781 nucis
2038 3726 2234 3792 instar,
2307 3737 2362 3782 et
2408 3744 2702 3784 succussus
2762 3730 2815 3783 in
2867 3745 3077 3786 morem
3111 3730 3466 3787 tintinnabuli

204 3834 379 3883 sonum
409 3829 545 3893 edit,
578 3836 729 3882 moto
752 3827 911 3882 intus
933 3825 1043 3880 alio
1066 3823 1270 3895 lapide.
1294 3823 1629 3881 Perhibetur
1652 3823 1760 3897 hoc
1796 3823 1963 3879 etiam
2014 3824 2082 3877 de
2115 3824 2357 3891 vulture,
2413 3825 2563 3895 quod
2641 3835 2926 3895 unguento
2993 3841 3220 3881 rosaceo
3264 3842 3468 3897 perun.-

204 3937 313 3983 ειυς
345 3926 633 3983 moriatur.

275 4021 586 4091 Θαυμάσειε
632 4017 676 4070 δ’
710 4015 777 4068 ἄν
823 4032 908 4078 τις
955 4016 1052 4067 καὶ
1107 4013 1167 4066 τὸ
1215 4012 1325 4066 τῶν
1375 4013 1631 4083 κοράκων
1661 4010 1772 4064 τῶν

208 4109 599 4180 διαληφθέντων
650 4107 749 4159 οὐκ
806 4106 1059 4158 ἔλασσον.
1115 4103 1431 4158 Πεπόνθασί
1484 4120 1536 4156 τι
1600 4100 1773 4164 πάθος

209 4201 314 4272 ὥρᾳ
340 4201 530 4272 θέρους
560 4198 611 4250 οἱ
637 4197 900 4267 κόρακες,
944 4197 1006 4248 τὸ
1035 4195 1093 4249 δὲ
1120 4194 1292 4258 πάθος
1326 4193 1445 4246 ἐστὶ
1478 4193 1633 4263 ῥύσις
1666 4208 1771 4260 γα-

214 4295 376 4364 στρός.
434 4289 719 4345 Ἐντεῦθεν
769 4288 1007 4357 ποταμοὶ
1064 4289 1160 4341 καὶ
1214 4288 1389 4354 πηγαὶ
1440 4286 1537 4339 καὶ
1585 4285 1776 4355 λίμναι

211 4382 348 4434 οὐδέν
378 4398 430 4433 τι
460 4379 652 4450 χρῆμα
696 4378 838 4433 κατά
859 4395 923 4448 γε
962 4378 1024 4429 τὸ
1068 4376 1227 4449 θέρος
1264 4380 1377 4439 τοῖς
1411 4375 1660 4447 κόραξιν,
1687 4375 1778 4431 [va

225 4474 291 4543 μὴ
319 4474 394 4543 τῷ
430 4472 582 4543 ὑγρῷ
691 4470 791 4539 τῆς
844 4470 1085 4541 γαστρὸς
1119 4471 1277 4540 ῥύσις
1322 4470 1478 4539 σχοίη
1505 4470 1780 4522 ἐπίτασιν.

1953 4008 2027 4062 De
2051 4006 2232 4062 corvis
2259 4022 2483 4077 quoque
2518 4024 2625 4063 non
2656 4008 2757 4064 abs
2788 4024 2844 4063 re
2874 4008 3002 4078 quis
3039 4009 3286 4076 miretur,
3318 4013 3466 4079 quod

1887 4100 2157 4154 hactenus
2184 4098 2439 4155 indicatis
2472 4115 2579 4157 non
2612 4108 2699 4155 est
2750 4098 3007 4155 inferius.
3082 4097 3293 4156 AEstivo
3330 4110 3468 4159 tem-

1886 4205 2019 4259 pore
2052 4188 2207 4243 corvi
2269 4187 2509 4258 quodam
2565 4190 2759 4245 morbo
2796 4191 3077 4245 laborant.
3133 4190 3181 4246 Is
3240 4194 3468 4248 morbus

1886 4281 2098 4336 ventris
2159 4290 2245 4336 est
2280 4281 2631 4351 proﬂuvium.
2663 4282 3030 4349 Quamobrem
3068 4281 3240 4345 ﬂuvii,
3270 4282 3471 4351 fontes,

1892 4382 2082 4443 stagna
2106 4388 2204 4443 per
2229 4384 2473 4428 :estatcm
2514 4375 2651 4429 nulli
2683 4385 2814 4429 sunt
2849 4374 3032 4429 cervis
3067 4376 3211 4439 usui,
3276 4390 3346 4429 ns
3374 4390 3472 4443 per

1892 4464 2182 4520 humorem
2220 4466 2429 4522 ventris
2462 4467 2551 4521 illa
2588 4465 2757 4522 ﬂuxio
2786 4468 2957 4537 magis
2982 4467 3147 4521 etiam
3189 4466 3469 4538 adaugea-

220 4567 383 4621 Ἱσασι
414 4568 591 4619 τοίνυν
630 4564 723 4617 καὶ
773 4563 984 4641 διαίτης
1016 4562 1215 4637 τέχνην
1251 4563 1299 4615 oi
1330 4562 1586 4630 κόρακες,
1617 4561 1676 4613 οὐ
1711 4562 1763 4613 τὲ

1894 4567 2004 4611 tur.
2040 4557 2115 4611 De
2139 4573 2247 4627 quo
2276 4560 2487 4614 scilicet
2512 4558 2843 4628 intelligitur
2872 4558 3043 4611 etiam
3074 4557 3251 4612 diaetas
3297 4559 3471 4612 ratio—

231 4659 619 4729 Ἱπποκράτους
656 4658 1059 4718 παιδευθέντες,
1086 4656 1147 4709 οὐ
1191 4656 1259 4708 τὰ
1294 4656 1592 4725 Χείρωνος,
1630 4654 1690 4705 οὐ
1718 4652 1786 4707 τὰ

220 4748 489 4818 Μαχάονος
535 4747 829 4819 φάρμακα,
878 4744 1179 4801 κάντεῦθεν
1247 4744 1348 4817 μὲν
1404 4744 1571 4814 ὁρῶσι
1622 4760 1789 4797 ποτα-

225 4839 364 4908 μοὺς,
403 4839 517 4892 ἀλλ’
552 4839 705 4909 ὅμως
748 4837 928 4890 πίνειν
968 4836 1211 4897 ἐκείνοις
1247 4835 1352 4887 οὐκ
1390 4833 1635 4895 ἔνεστιν,
1676 4831 1789 4885 ἀλλ’

221 4923 298 4982 ei:
327 4931 589 4985 Τάνταλοι
644 4928 1003 4998 κολαζόμενοι
1048 4928 1386 4997 δριμυτέραν
1419 4925 1578 4999 δίκην
1608 4924 1788 4980 ταῦτα

227 5020 646 5093 εἰσπράττονται.

286 5195 591 5267 Θαυμάζειν
635 5212 694 5249 σε
727 5193 877 5260 ἄξιον
909 5196 1000 5248 καὶ
1029 5194 1119 5248 διὰ
1146 5193 1199 5246 τί
1237 5196 1335 5263 τῆς
1362 5193 1506 5265 ᾠδῆς
1533 5194 1583 5246 oi
1604 5194 1788 5265 τέττι-

239 5306 313 5357 γες
351 5295 405 5345 έν
437 5293 585 5361 μέσῳ
632 5291 785 5360 θέρει
830 5289 1201 5359 ἀπάρχονται.
1256 5288 1471 5359 Ψυχροί
1501 5305 1647 5352 τ.νες
1690 5288 1789 5357 τὴν

236 5385 381 5449 φύσιν
432 5385 478 5438 οἱ
525 5386 795 5452 τέττιγες,
841 5383 921 5436 διὸ
970 5383 1065 5434 καὶ
1114 5382 1253 5451 μετὰ
1309 5381 1527 5451 θερινὰς
1583 5381 1792 5452 τροπὰς

240 5476 555 5548 ἱπάρχονται
600 5476 703 5547 τῆς
744 5476 915 5546 ᾠδῆς,
966 5477 1057 5529 καὶ
1096 5477 1246 5544 ἡλίου
1291 5476 1677 5544 ἀπαρχομὲνου
1703 5475 1794 5528 τὸν

238 5569 426 5624 ξαυτῶν
472 5571 693 5642 μετίασι
738 5570 987 5623 κέλαδον.
1036 5568 1152 5637 Ἐφ’
1181 5562 1225 5633 ᾧ
1280 5567 1375 5619 καὶ
1436 5567 1791 5637 μεσημϐρίας

234 5662 358 5713 εἰσὶν
392 5660 747 5730 ᾠδικώτεροι.
790 5657 855 5711 Ἤ
900 5663 1082 5728 μέντοι
1143 5659 1333 5728 θήλεια
1404 5656 1588 5720 τέττιξ
1648 5660 1785 5710 πολὺ

237 5750 529 5822 ψυχροτέρα
555 5751 650 5804 τοῦ
693 5751 923 5820 ἄρρενος
951 5746 1083 5802 οὖσα
1120 5747 1382 5801 σιωπῶσα
1411 5748 1658 5815 ἐφιξάνει
1685 5750 1795 5810 τοῖῖ

241 5844 494 5914 ἱένδρεσι,
525 5847 595 5898 τά
638 5842 965 5912 Πυθαγόρου
1020 5840 1209 5913 ὥσπερ
1260 5840 1570 5911 διδαχθεῖσα
1616 5838 1795 5903 διδάγ-

1892 4663 2014 4703 nem
2042 4649 2145 4703 sibi
2180 4650 2599 4704 convenientem
2639 4665 2833 4703 corvos
2858 4663 2965 4702 non
2992 4647 3272 4719 ignorare,
3299 4665 3477 4718 quan—

1892 4756 2059 4810 quam
2101 4756 2206 4795 nec
2240 4740 2596 4811 Hippocratis
2646 4755 2749 4796 nec
2789 4739 3052 4795 Chironis
3084 4755 3186 4794 nec
3223 4739 3476 4797 Machao-

1893 4834 1977 4887 nis
2036 4834 2285 4888 remedia
2336 4833 2601 4889 discendo
2640 4844 2898 4903 percepta
2966 4842 3211 4893 teneant.
3262 4833 3477 4888 Idcirco

1892 4914 2092 4979 ﬂuvios
2120 4923 2343 4994 quidem
2378 4924 2690 4989 intuentur,
2749 4910 2844 4979 sed
2880 4923 3107 4978 haurire
3165 4924 3234 4978 de
3269 4925 3337 4978 iis
3377 4940 3477 4978 ne-

1894 5021 2127 5079 queunt,
2156 5025 2491 5081 gravemque
2520 5012 2661 5067 hanc
2691 5013 2830 5068 adeo
2855 5028 3075 5083 poenam
3107 5013 3288 5078 luunt,
3315 5015 3474 5086 quasi

1897 5101 2112 5156 Tantali
2148 5101 2371 5172 quidam
2412 5105 2648 5160 multati.
3210 5107 3223 5118 ”

1966 5192 2212 5247 Meretur
2256 5200 2309 5246 et
2340 5193 2446 5247 hoc
2493 5195 2944 5258 admirationem,
3004 5193 3366 5262 quamobrem
3395 5194 3476 5248 ei-

1895 5284 2043 5338 cadae
2068 5294 2286 5338 cantum
2315 5298 2477 5341 suum
2505 5295 2691 5341 aestate
2715 5285 2893 5339 media
2923 5285 3162 5355 primum
3190 5285 3473 5355 incipiant.

1897 5376 2171 5430 Nimirum
2202 5382 2397 5429 natura
2449 5377 2659 5447 frigidae
2693 5386 2842 5439 sunt,
2907 5392 3014 5446 qua
3058 5377 3126 5431 de
3154 5391 3321 5430 causa
3352 5382 3475 5443 post

1897 5469 2151 5523 mstivum
2184 5468 2480 5533 splstitium
2517 5469 2751 5524 canendi
2810 5456 3021 5524 faciunt
3065 5470 3317 5533 initium;
3374 5483 3475 5520 nec

1901 5561 2007 5614 nisi
2032 5572 2224 5615 exorto
2252 5564 2365 5617 sole
2399 5572 2672 5633 strepunt,
2712 5563 2945 5631 ipsoque
2981 5562 3213 5616 meridie
3238 5559 3472 5612 maxime

1900 5665 2028 5707 sunt
2055 5668 2292 5709 canora}.
2344 5654 2410 5709 Et
2441 5655 2661 5723 quidem
2724 5644 2938 5706 femella
2998 5667 3121 5706 cum
3187 5652 3347 5718 longe
3402 5649 3473 5703 sit

1907 5761 2059 5799 mare
2086 5744 2361 5825 (rigidior,
2401 5745 2701 5799 arboribus
2732 5743 3006 5796 taciturna
3040 5740 3264 5802 insidet,
3315 5743 3472 5808 quasi

1905 5841 1948 5893 si
1986 5839 2305 5910 Pythagora:
2375 5837 2682 5910 disciplinis
2713 5846 2857 5892 esset
2907 5834 3138 5890 imbuta.
3168 5836 3269 5901 Qui
3317 5834 3375 5890 ﬁt
3412 5845 3470 5893 ut
