3968 6228
512 371 631 435 *ιω
1782 357 2091 420 MICHAE]

2201 392 2203 406 .
2241 354 2502 417 GLYC/E
3672 352 3768 421 104

508 481 836 553 εοίιιιίιπιιιη
857 488 1062 548 pennae
1086 487 1212 529 cum
1233 471 1474 528 aliarum
1501 467 1909 539 aviumpennis
1945 481 2091 522 com-

2203 481 2372 535 ματα.
2404 463 2529 526 Πῶς
2577 461 2632 516 δὲ
2665 461 2761 518 καὶ
2794 461 3074 534 φθαρτικὰ
3109 461 3331 534 πτερῶν
3360 465 3568 536 ἐτέρων
3599 465 3768 520 ἀετῶν

531 575 707 629 mistae
737 571 857 625 illas
886 569 1034 638 ipsas
1083 563 1424 620 absumant?
1469 577 1596 616 nam
1617 560 1870 615 celeriter
1904 559 2091 612 admo-

2204 555 2467 626 τυγχάνει
2493 555 2708 628 πτερά;
2742 555 3148 626 σηπεδονὼδους
3190 558 3364 610 ταῦτα
3409 557 3768 630 μετειλήφασι
3831 616 3838 621 _

530 666 659 720 dum
684 669 941 734 pereunt.
969 657 1338 727 Quamobrem
1389 653 1738 718 charadrius,
1794 650 1838 704 si
1870 648 2091 734 quando

2203 646 2438 715 φύσεως.
2475 647 2592 701 Οὐκ
2622 641 2711 700 ’ἃν
2753 646 2950 719 σωθείη
3000 647 3166 718 ἕτερα
3217 649 3287 702 τὰ
3337 649 3514 721 πτερὰ
3551 650 3767 715 τούτοις

529 733 695 825 quem
720 750 916 806 morbo
962 749 1112 818 regio
1164 743 1510 800 laborantem
1555 736 1854 808 conspicit,
1907 733 2091 790 oculon

2204 742 2747 825 συναναμιγνύμεναο
2779 739 2974 793 θᾶττον
3005 739 3114 811 γὰρ
3138 740 3386 794 ἐντεῦθεν
3400 742 3767 800 ἀπόλλυνται.

517 823 779 918 claudit?
836 841 958 897 Non
1007 838 1063 892 id
1099 835 1345 907 profecto
1378 839 1689 904 propterea,
1747 825 2091 898 quemadmo-

2201 823 2301 884 Διὰ
2333 830 2388 884 τί
2425 831 2490 918 δε
2522 831 2614 884 καὶ
2661 833 2689 883 ό
2737 829 3028 902 χαραδριὸς
3084 832 3140 885 εῐ
3163 849 3292 885 ποτε
3331 833 3661 904 ’ἀντιϐλέψει
3700 836 3771 905 τῷ

434 1012 440 1015 _
483 957 486 961 '
521 891 860 1004 -dt:m.aliqui
894 891 1116 997 volunt:
1156 927 1302 998 quod
1331 891 1537 994 aegroto
1565 891 1854 992 _invide-at,
1899 917 2091 972 livore-

2203 903 2554 1015 ἰκτεριῶνιὲι,
2594 891 3298 994 μύειητοὺς’·⁴ό‹ρθαλμούς;
3348 924 3447 996 οὐχ
3503 891 3589 990 ῶς.
3631 891 3771 991 τινες

483 1046 640 1101 --qua
665 1024 1035 1099 praepediatur
1068 1019 1372 1090 quominus
1410 1028 1538 1069 eum
1573 1020 1736 1067 rectae
1779 1005 2091 1064 valetudini

2201 1029 2358 1081 φασι,
2390 1011 2467 1084 τῷ
2508 1013 2750 1067 νοσοῦντι
2777 1012 3089 1083 βασκαίνων
3119 1020 3214 1070 καὶ
3244 1018 3304 1070 τὸ
3348 1019 3606 1090 φρόνημα
3641 1022 3770 1091 πρὸς

529 1100 810 1176 restituat.
839 1117 960 1171 Non
986 1113 1134 1168 enim
1168 1112 1333 1165 bruta
1392 1107 1649 1162 laborant
1704 1100 1934 1166 invidia,
1993 1110 2091 1155 nec

2203 1106 2394 1173 ὑγείας
2429 1107 2716 1177 μετάδοσιν
2746 1109 2884 1178 ἔχων
2910 1108 3226 1177 ὲπίφθονονο
3254 1109 3315 1163 οὐ
3355 1111 3466 1183 γὰρ
3495 1115 3613 1176 τοῖς
3653 1113 3772 1167 ἀλό-

529 1200 893 1268 Prometlteus
919 1205 1062 1277 apud
1097 1205 1213 1274 ipsa
1241 1201 1488 1273 punitur,
1507 1195 1658 1267 quod
1683 1192 2091 1266 ignembonum

2201 1215 2320 1267 γοις
2352 1198 2623 1268 βασκανία
2653 1216 2738 1263 τις
2775 1201 3058 1270 μέτεστιν,
3101 1199 3224 1254 οὐδὲ
3273 1189 3605 1272 Προμηθεὺς
3642 1204 3767 1273 παρ’

491 1338 494 1342 ί
527 1319 656 1361 cum
688 1301 1014 1358 mortalibus
1045 1291 1566 1353 communicaverit.
1624 1289 1732 1344 Sed
1779 1287 1973 1342 oculos
2021 1284 2098 1340 id-

524 1401 680 1454 circo
711 1394 958 1456 claudit,
1005 1388 1155 1461 quod
1207 1385 1439 1440 morbus
1491 1382 1583 1436 bic
1615 1380 1683 1434 de
1731 1393 1844 1433 uno
1899 1377 1970 1433 ad
2020 1376 2099 1431 al-

492 1501 709 1546 «terum
732 1493 1013 1550 transeat;
1043 1481 1289 1551 adeoque
1315 1490 1442 1531 mox
1479 1471 1753 1528 aviculam
1781 1470 1924 1526 banc
1947 1483 2097 1524 mor-

497 1585 636 1640 ~~bus
661 1588 915 1649 occupat.

2203 1586 2294 1633 σος
2324 1569 2672 1640 μετέρχεται.

427 1741 434 1750 ι
580 1676 715 1730 .Nec
745 1673 880 1727 illud
909 1669 1275 1727 admiratione
1307 1673 1480 1733 caret,
1513 1662 1659 1736 quod
1690 1658 1928 1716 luscinia
1954 1655 2091 1727 vigi-

2285 1661 2429 1714 Ἀλλ’
2459 1661 2581 1714 οὐδὲ
2607 1660 2768 1714 τοῦτο
2796 1660 2996 1727 ἔξωθεν
3032 1659 3330 1732 θαύματος,
3373 1663 3449 1727 ὡς
3489 1664 3766 1736 ἄγρυπνος

516 1768 670 1831 lans,
704 1783 829 1822 cum
861 1764 1245 1828 ovisincubat,
1291 1769 1508 1816 noctem
1568 1759 1836 1827 integram
1892 1766 2091 1807 canere

2202 1756 2235 1826 ἠ
2271 1753 2450 1824 ἀηδὼν
2485 1753 2616 1808 ὅταν
2657 1755 2918 1820 ὲπωάζει,
2962 1755 3050 1808 διὰ
3093 1754 3276 1825 πάσης
3311 1756 3500 1820 νυκτὸς
3540 1758 3640 1827 τῆς
3675 1776 3768 1829 με·

526 1877 638 1918 non
678 1861 911 1915 desinat.
942 1855 1045 1922 Qui
1080 1851 1402 1923 vespertilio
1427 1848 1636 1920 pariter
1691 1857 1747 1903 et
1777 1844 2091 1915 quadrupes

2201 1845 2394 1918 λῳδιας
2424 1845 2500 1916 μὴ
2532 1845 2909 1916 ἀπολήγουσα.
2946 1847 3068 1910 Πῶς
3091 1850 3396 1916 τετράπουν
3426 1849 3486 1903 τὺ
3513 1850 3650 1904 αὐτὸ
3680 1853 3767 1906 καὶ

463 1946 480 1951 κ
517 1961 610 2008 .est
639 1960 697 2006 et
727 1948 1015 2005 volucris?
1049 1949 1143 2016 qui
1172 1945 1356 2000 avium
1389 1942 1506 1996 haec
1535 1939 1651 1995 sola
1676 1936 1868 1993 dentes
1895 1932 2091 1989 habet?

2201 1939 2402 2008 πτηνὸν
2440 1941 2474 2009 ἡ
2513 1940 2805 2009 νυκτερίς;
2839 1939 2958 2003 πῶς
2991 1939 3125 2012 μόνη
3175 1941 3285 1994 τῶν
3327 1941 3556 2012 ὀρνίθων
3589 1942 3766 1997 ὀδοῦσι

513 2044 640 2117 44
664 2044 742 2098 Ac
769 2040 996 2096 fetiticat
1030 2037 1255 2107 quidem
1285 2036 1462 2089 instar
1491 2027 1941 2103 quadrupedum,
1970 2038 2091 2080 aera

2201 2031 2499 2101 κέχρηται;
2532 2031 2801 2096 Ζωογονεί
2842 2029 2946 2099 μὲν
2973 2030 3048 2092 ὡς
3079 2030 3409 2100 τετράποδα,
3442 2034 3766 2099 ἐπιπολάζει

413 2155 416 2159 '
525 2154 660 2194 vero
682 2135 880 2192 leviter
920 2141 1192 2204 permeat,
1248 2143 1364 2184 non
1395 2128 1496 2183 alis
1526 2125 1621 2186 sed
1671 2120 1929 2194 pellicula
1964 2133 2091 2188 qua-

2201 2122 2253 2176 δὲ
2280 2121 2356 2192 τῷ
2382 2121 2666 2191 ἀέρι,οὐχὶ
2699 2119 2886 2192 πτερῷ
2917 2120 3313 2192 κουφιζομένη,
3334 2122 3449 2176 ἀλλ’
3473 2125 3637 2194 ὑμένι
3666 2127 3767 2180 τιν)⁵

521 2230 654 2284 dam
683 2228 922 2283 sublata.
971 2225 1076 2292 Qui
1128 2223 1188 2277 ﬁt
1219 2228 1280 2275 ut
1305 2232 1528 2274 anseres
1552 2213 1845 2286 pervigiles
1901 2210 2012 2264 sint
2041 2215 2091 2262 et

2201 2212 2532 2282 δερματὶνῳ.
2571 2210 2694 2273 Πῶς
2741 2209 2798 2264 δὲ
2833 2212 3060 2264 καὶτῶν
3092 2213 3272 2282 χηνῶν
3310 2213 3462 2280 γένος
3491 2215 3767 2285 ἄγρυπνον

2200 1290 2430 1354 ἐκείνοις
2470 1288 2777 1356 κολάζεται,
2807 1289 3016 1357 ἀγαθοῦ
3062 1304 3214 1354 τινος
3259 1291 3353 1346 τοῦ
3402 1292 3576 1363 πυρὸς
3607 1310 3770 1363 μετα-

2198 1384 2323 1448 δοὺς
2353 1387 2466 1448 τοῖς
2496 1383 2826 1451 ἀνθρώποις.
2873 1381 3186 1454 Ὀφθαλμὸν
3214 1383 3270 1437 δὲ
3299 1383 3424 1455 μύει
3454 1386 3764 1456 χαραδριδς,

2199 1476 2326 1530 ἐπεὶ
2362 1476 2422 1528 τὸ
2455 1475 2628 1536 πάθος
2660 1474 2945 1546 ἀμείὸεται
2984 1477 3076 1530 καὶ
3101 1476 3202 1548 τὴν
3230 1476 3382 1547 ὄρνιν
3417 1477 3580 1544 εὐθὺς
3612 1481 3650 1549 ἡ
3687 1481 3768 1535 νό-

505 2323 595 2378 .ad
625 2320 971 2376 s‘entiendum
988 2299 1223 2371 obscura
1241 2312 1575 2380 latentiaque
1595 2310 1769 2379 longe
1806 2302 2097 2360 acerrimi?

509 2413 622 2483 qui
655 2409 877 2481 quidem
936 2408 1066 2463 olim
1115 2407 1282 2462 etiam
1334 2404 1532 2459 urbem
1589 2400 1742 2457 orbis
1793 2397 2096 2468 principem

525 2506 945 2562 conservarunt,
977 2510 1103 2550 cum
1139 2494 1329 2550 hostes
1363 2490 1630 2562 quosdam
1679 2489 1948 2552 occultos,
2000 2485 2096 2554 qui

422 2665 429 2673 I
506 2607 627 2663 .per
661 2591 877 2660 ignotos
895 2585 1234 2654 .abditosque
1267 2580 1556 2638 cuniculos
1581 2594 1762 2634 arcem
1794 2578 2096 2634 Romanam

522 2682 845 2752 occupaturi
872 2689 1052 2746 erant,
1079 2675 1284 2732 indicio
1315 2689 1416 2730 suo
1443 2671 1836 2744 prodidissent.

587 2771 1038 2843 .Quishominum
1071 2769 1271 2825 caedem
1293 2765 1606 2822 vulturibus
1633 2762 1942 2825 denuntiat,
1967 2775 2092 2817 cum

509 2866 910 2937 expeditiones
937 2861 1204 2917 adversus
1253 2873 1320 2914 se
1341 2857 1588 2912 invicem
1619 2852 1970 2924 suscipiunt?
2008 2851 2091 2906 Vi-

524 2955 660 3012 deas
679 2953 826 3008 enim
848 2958 1074 3028 tantum
1101 2961 1212 3003 non
1272 2944 1488 3000 inﬁnita
1525 2941 1828 2998 vulturum
1875 2939 2094 3010 agmina

519 3054 708 3104 castra
734 3043 917 3113 sequi,
943 3042 1012 3096 de
1040 3053 1318 3095 armorum
1339 3043 1604 3106 apparatu
1629 3041 1862 3088 eventus
1890 3029 2092 3084 indicia

2200 2305 2294 2356 καὶ
2339 2302 2477 2374 πρὸς
2503 2302 2605 2372 τὴν
2645 2301 2754 2356 τῶν
2782 2301 3441 2384 λανθανόντωνιαῐσθησιν
3472 2305 3761 2375 ὀξύτατονς

2201 2393 2319 2463 οἶγε
2377 2395 2508 2448 ποτὲ
2564 2392 2659 2446 καὶ
2691 2393 2790 2462 τὴν
2827 2391 3075 2462 βασιλίδα
3127 2393 3282 2447 πόλιν
3329 2395 3762 2468 περιεσώσαντο,

2198 2481 2497 2552 πολεμίους
2539 2484 2694 2546 τινας
2724 2483 2951 2551 ἀφανεῖς
2996 2482 3065 2544 δι’
3113 2483 3401 2556 ὑπονόμων
3448 2488 3674 2556 ἀφανῶν
3703 2490 3764 2562 δὴ

2200 2574 2495 2646 μέλλοντας
2532 2573 2634 2646 τὴν
2678 2574 2858 2647 ἄκραν
2908 2577 3008 2646 τῆς
3053 2573 3275 2648 Ῥώμης
3323 2579 3763 2650 καταλαμϐάνειν

2200 2667 2562 2739 μηνύσαντες.

2269 2760 2362 2823 Τίς
2389 2760 2417 2812 ό
2449 2762 2564 2823 τοῖς
2605 2758 2740 2829 γυψὶ
2773 2760 3166 2831 προαγγέλλων
3201 2762 3310 2816 τῶν
3343 2763 3649 2836 ἀνθρώπων
3674 2767 3763 2820 τὸν

2200 2852 2470 2916 θάνατον,
2528 2853 2658 2906 ὅταν
2726 2851 2846 2905 κατ’
2911 2853 3158 2923 ἀλλήλων
3221 2856 3758 2928 ὲπιστρατεὺσῳσινς

2199 2940 2358 3004 Ἰδοις
2383 2944 2491 3013 γὰρ
2537 2942 2602 2996 ἂν
2637 2941 2838 3013 μυρίας
2883 2943 3085 3012 ἀγέλας
3114 2945 3305 3013 γυπῶν
3331 2948 3444 3010 τοῖς
3475 2949 3764 3017 στρατοπέ-

2197 3034 2310 3098 δοις
2342 3034 2754 3119 παρεπομένας,
2809 3033 2872 3086 ὲκ
2918 3033 3020 3104 τῆς
3051 3036 3160 3090 τῶν
3193 3037 3373 3092 ὃπλων
3406 3041 3763 3112 παρασκευῆς

514 3137 922 3208 colligentium,
977 3131 1122 3204 quod
1160 3133 1339 3202 ipsum
1372 3144 1404 3184 a
1441 3123 1955 3182 ratiocinationibus
1981 3122 2089 3176 hu-

2201 3127 2636 3227 τεκμαιρομένας
2691 3128 2791 3198 τὴν
2841 3123 3089 3195 ἔκϐασιν,
3119 3129 3258 3201 ὅπερ
3279 3129 3352 3184 ὀὐ
3384 3131 3606 3202 μακράν
3648 3133 3761 3186 ἔστι

491 3231 702 3293 ...manis
726 3243 919 3300 parum
949 3227 1131 3282 abest.

612 3321 728 3377 .liis
755 3323 923 3376 etiam
955 3318 1023 3374 de
1063 3314 1248 3371 causis
1295 3315 1350 3370 in
1383 3309 1805 3368 admirationem
1838 3305 2090 3379 quaedam

490 3415 780 3477 eveniunt,
806 3413 853 3466 si
885 3411 1010 3480 quis
1041 3407 1287 3462 animum
1353 3403 1626 3458 advertat.
1655 3389 1914 3467 Qutédam
1942 3399 2088 3454 enim

485 3499 1022 3568 ».volucres.de_prius
1039 3493 1418 3553 exsistentium
1435 3489 1821 3562 propagatione
1841 3487 2089 3554 veniunt,

485 3637 496 3644 .
523 3595 772 3667 quaedam
807 3591 1081 3660 hodieque
1110 3588 1180 3642 de
1207 3596 1352 3642 terra
1378 3585 1657 3640 oriuntur.
1684 3581 1805 3637 Non
1835 3577 1984 3635 enim
2015 3579 2093 3635 ci-

487 3689 683 3746 xcadae
721 3694 933 3740 tantum
977 3680 1243 3753 etpluviis
1287 3676 1648 3750 proveniunt,
1693 3675 1910 3745 aliaque
1972 3673 2092 3744 plu-

484 3823 492 3828 .
527 3782 664 3836 rima
692 3794 814 3850 quae
845 3777 1050 3832 inaere
1079 3772 1579 3843 volant,,pleraque
1621 3769 1939 3826 nominibus
1967 3783 2092 3837 pru-

522 3875 658 3946 priis
693 3871 764 3930 ob
797 3884 990 3926 eorum
1035 3867 1392 3937 exiguitatem
1452 3862 1737 3918 carentia:
1771 3859 1867 3915 sed
1923 3860 2088 3914 etiam

479 3981 712 4022 mures
759 3973 927 4034 atque
959 3975 1105 4016 ranae
1159 3958 1227 4013 de
1279 3955 1472 4012 eadem
1519 3953 1830 4022 prodeunt,
1871 3951 2090 4021 quando

505 4054 669 4125 apud
721 4053 938 4107 Thebas
967 4047 1276 4118 Egyptias,
1333 4044 1380 4098 si
1430 4041 1788 4097 vehementes
1844 4038 1902 4093 in
1951 4044 2088 4092 testu

479 4146 719 4217 pluvia!
767 4142 986 4204 cadant,
1049 4153 1175 4191 mox
1237 4135 1470 4189 terrenis
1520 4131 1771 4186 muribus
1834 4130 2089 4203 universa

485 4283 497 4290 .
523 4239 674 4309 regio
707 4235 1040 4304 completur.
1099 4228 1210 4284 Nec
1239 4225 1544 4296 anguillas.
1563 4222 1785 4277 aliunde
1811 4221 2090 4276 cernimus

482 4330 660 4386 moriri
684 4343 846 4399 quam
875 4326 944 4380 de
971 4325 1127 4379 limo.
1151 4320 1368 4390 Quippe
1397 4332 1501 4373 nec
1542 4316 1661 4371 ovis
1686 4316 1925 4370 necalio
1951 4329 2090 4384 quo-

441 4427 448 4444 ‘
493 4429 668 4498 ,piam
698 4422 861 4478 modo
887 4422 1279 4490 propagantur,
1317 4410 1415 4468 sed
1446 4420 1628 4465 ortum
1649 4425 1679 4464 e
1704 4418 1848 4464 terra
1875 4416 2086 4463 tantum

494 4519 746 4576 habent.

574 4607 854 4666 -Erodiutn
880 4601 1041 4668 mihi,
1063 4613 1271 4672 quasso,
1299 4595 1608 4654 considera.
1634 4592 1856 4664 Species
1873 4592 1988 4647 avis
2003 4600 2086 4646 est

493 4716 688 4772 .supra
720 4696 944 4768 quosvis
979 4707 1229 4764 passeres
1259 4686 1618 4753 nidiﬁcantis,
1663 4683 1952 4738 altissimis
2005 4683 2090 4736 ni-

505 4796 723 4848 mirum
775 4791 830 4845 in
883 4781 1523 4852 arboribus,praasertitn
1569 4775 1872 4831 abietibus.
1933 4773 2090 4830 Unde

491 4885 720 4955 .Aqnila.
740 4877 1174 4963 Psalmidictum
1197 4885 1444 4930 vertens:
1473 4871 1724 4935 «Erodio,
1758 4869 1958 4939 inquit,
1989 4869 2092 4924 do-

493 4979 787 5034 -micilium
819 4981 948 5028 sunt
977 4969 1302 5025 abietes'm
1346 4965 1523 5035 Supra
1558 4977 1750 5018 omnes
1777 4963 1911 5017 alias
1937 4970 2086 5016 certe

520 5063 1072 5124 volucresnidilicat.
1111 5057 1319 5112 Idcirco
1344 5055 1574 5108 Davides
1603 5053 1680 5107 ait
1716 5071 1734 5104 ι
1765 5051 1954 5106 Erodii
1988 5049 2088 5104 do-

497 5158 782 5228 nniciliunt
809 5161 1034 5222 supcrat
1063 5162 1180 5204 eos.
1211 5165 1230 5198 ι
1269 5143 1426 5198 Hunc
1481 5143 1730 5199 erodium
1777 5150 2088 5210 tantapm-

489 5253 692 5306 .ditum
723 5262 845 5305 esse
879 5241 1203 5300 castimonia
1235 5237 1482 5300 tradunt,
1547 5246 1610 5291 ut
1639 5250 1764 5290 cum
1815 5234 1884 5289 ad
1919 5234 2092 5288 Vene-

2191 3221 2348 3291 λογισ
2356 3221 2473 3290 μῶν
2501 3221 2876 3290 ἀνθρωπίνων.

2259 3312 2373 3367 Καὶ
2413 3312 2580 3376 ἄλλας
2619 3314 2675 3366 δὲ
2715 3313 3020 3384 θαυμάζειν
3053 3313 3232 3370 ἔπεισι
3285 3316 3364 3388 τῷ
3413 3318 3755 3390 προσέχοντι.

2192 3407 2273 3461 Τὰ
2305 3405 2404 3476 μὲν
2453 3408 2561 3478 γὰρ
2597 3407 2664 3460 ἐκ
2719 3409 2816 3478 τῆς
2867 3408 3116 3479 διαδοχῆς
3146 3411 3254 3464 τῶν
3294 3413 3761 3483 προϋπαρχόντων

2192 3499 2525 3574 παράγεται,
2561 3501 2628 3553 τὰ
2679 3499 2738 3553 δὲ
2788 3500 2868 3555 ἔτι
2925 3501 3019 3554 καὶ
3052 3501 3145 3555 νῦν
3183 3503 3243 3569 ἐξ
3294 3504 3466 3575 αὐτῆς
3506 3507 3605 3576 τῆς
3655 3505 3759 3576 γῆς

2198 3591 2617 3662 ζωογονούμενα
2658 3593 2958 3648 δείκνυται.
2984 3594 3062 3648 Οὐ
3096 3596 3203 3666 γὰρ
3232 3601 3393 3666 μόνον
3427 3599 3670 3668 τέττιγες
3703 3599 3760 3653 ἐν

2193 3683 2526 3755 ἐπομϐρίαις
2558 3687 2797 3751 ἀνίασιν,
2829 3686 2951 3738 οὐδὲ
2996 3685 3129 3740 ἄλλα
3165 3687 3338 3758 μυρία
3363 3688 3496 3760 γένη
3527 3689 3635 3744 τῶν
3664 3690 3759 3759 ἐμ-

2193 3777 2519 3848 φερομένων
2549 3776 2627 3846 τῷ
2655 3779 2779 3848 ἀέρι
2821 3779 3064 3847 πτηνῶν,
3094 3770 3173 3831 ὧν
3205 3780 3624 3847 ἀκατονόμαστά
3645 3781 3759 3832 ἐστι

2190 3871 2261 3922 τὰ
2295 3868 2524 3924 πλεῖστα
2567 3867 2657 3921 διὰ
2712 3867 3018 3938 λεπτότητα
3041 3884 3056 3899 ⁸
3113 3869 3225 3922 ἀλλ’
3262 3869 3363 3940 ήδη
3394 3871 3492 3924 καὶ
3529 3869 3642 3939 μῦς
3669 3871 3759 3925 καὶ

2196 3959 2504 4034 βατράχους
2526 3959 2587 4024 ἐξ
2615 3959 2781 4012 αὑτοῦ
2820 3959 3186 4023 ἀναδίδοσθαι,
3215 3961 3348 4015 ὅπου
3389 3978 3450 4030 γε
3482 3967 3616 4033 περὶ
3653 3963 3763 4033 Θή-

2194 4056 2295 4118 ϐας
2347 4053 2446 4118 τὰς
2479 4052 2805 4122 Αἰγυπτίας,
2855 4053 3076 4107 ἐπειδὰν
3124 4051 3225 4122 ὕσῃ
3266 4043 3489 4123 λάϐρως
3533 4055 3592 4107 ὲν
3629 4055 3758 4109 καύ-

2200 4163 2390 4218 μασιν,
2432 4145 2591 4208 εὐθὺς
2633 4143 2944 4216 ἀρουραίων
2987 4145 3140 4214 μυῶν
3189 4148 3222 4215 ἠ
3275 4146 3429 4216 χώρα
3479 4147 3760 4217 καταπλη-

2194 4240 2383 4310 ροῦται
2420 4238 2560 4310 (11).
2601 4236 2713 4302 Τὰς
2761 4237 2818 4291 δὶ
2867 4237 3092 4306 ὲγχέλυς
3145 4239 3255 4291 οὐκ⁴
3280 4239 3455 4302 ἄλλως
3483 4240 3759 4311 ὁρῶμενῇ

2192 4336 2257 4386 ὲκ
2303 4333 2402 4401 τῆς
2454 4331 2594 4394 ιλύος
2640 4329 3060 4399 συνισταμένας,
3104 4323 3178 4382 ὧν
3213 4330 3336 4383 οὗτε
3386 4331 3493 4386 ὠὸν
3525 4331 3648 4386 οὔτε
3679 4350 3760 4397 τις

2193 4424 2354 4488 ἄλλος
2383 4425 2582 4492 τρόπος
2623 4423 2721 4493 τὴν
2771 4423 3022 4494 διαδοχὴν
3053 4422 3390 4493 συνίστησιν,
3419 4424 3536 4477 ἀλλ’
3565 4427 3629 4478 ἐκ
3664 4427 3761 4496 τῆς

2119 4505 2168 4562 D
2195 4515 2298 4585 γῆς
2331 4516 2500 4594 αυτῆς
2541 4518 2691 4569 ἐστιν
2731 4517 2764 4585 ὴ
2798 4518 3037 4584 γένεσις.

2267 4606 2407 4676 Ὅρα
2436 4609 2492 4660 δὲ
2526 4609 2619 4660 καὶ
2644 4607 2735 4659 τὸν
2763 4608 3009 4673 ὲρωδιόν.
3055 4607 3115 4661 ’0
3146 4605 3366 4677 ὲρωδιδς
3396 4603 3537 4670 εἶδος
3569 4607 3757 4679 ὀρνέου

2193 4700 2313 4752 ἐστὶ
2357 4697 2662 4767 πηγνύντος
2705 4699 2805 4766 τὴν
2836 4698 3035 4750 καλιὰν
3084 4696 3250 4750 αὑτοῦ
3303 4695 3525 4748 πάντων
3555 4696 3762 4751 ἄνωθεν

2193 4791 2302 4843 τῶν
2331 4787 2627 4860 στρουθῶν,
2657 4789 2826 4860 ἥγουν
2865 4790 2922 4840 ἐν
2970 4789 3084 4850 τοῖς
3115 4785 3473 4854 ὑψηλοτάτοις
3507 4784 3614 4840 τῶν
3645 4783 3762 4837 δέν-

2195 4877 2358 4946 δρων,
2415 4876 2510 4929 καὶ
2570 4877 2803 4945 μάλιστα
2842 4871 2987 4939 ’ταῖς
3042 4875 3283 4938 ἐλάταις.
3319 4876 3486 4929 Καὶὸ
3528 4874 3760 4936 Ἀκύλας

2201 4986 2220 5019 ι
2244 4967 2483 5039 Ἐρωδιῴ
2522 4969 2708 5022 ἐλάται
2738 4969 2874 5038 οἴκῳ
2902 4969 3089 5022 αὑτοῦ.
3133 4986 3151 5019 ι
3191 4969 3409 5022 Πάντων
3431 4963 3527 5020 οὖν
3555 4967 3759 5021 ἄνωθεν

2193 5061 2302 5114 τῶν
2334 5061 2614 5131 στρουθῶν
2642 5062 2880 5130 πήγνυσι
2912 5061 3011 5131 τὴν
3036 5059 3250 5116 καλιάν.
3285 5059 3443 5114 Κατὰ
3480 5059 3636 5113 τοῦτο
3664 5060 3760 5111 καὶ

2191 5153 2219 5205 ὁ
2243 5152 2404 5206 Δαϐίδ
2441 5168 2595 5221 φησιο
2629 5153 2772 5205 ιΤοῦ
2805 5151 3030 5222 ὲρωδιοῦ
3063 5153 3095 5222 ἡ
3125 5151 3378 5206 κατοικία
3409 5153 3624 5221 ἡγεῖται
3657 5149 3759 5202 αὑ-

2187 5243 2318 5297 τῶν.
2364 5261 2384 5295 )
2422 5242 2678 5315 Τοσαύτῃ
2728 5243 2782 5296 δὲ
2842 5242 3167 5314 σωφροσύνῃ
3210 5242 3378 5312 συζῇν
3407 5243 3498 5294 τὸν
3535 5241 3761 5311 ὲρωδιὸν

495 5360 638 5400 .rem
664 5353 1004 5398 accessurus
1042 5343 1147 5401 est,
1181 5334 1314 5388 dies
1365 5330 1726 5403 quadraginta
1791 5329 2090 5384 continuos

2201 5335 2327 5389 ὒστε
2359 5337 2524 5406 ἡνίκα
2571 5338 2706 5406 πρὸς
2742 5337 3030 5389 συνουσίαν
3085 5334 3342 5406 ἔρχεσθαι
3387 5333 3585 5405 μέλλει,
3619 5333 3760 5403 ἡμέ-

519 5441 725 5508 lugeat,
759 5443 815 5488 et
845 5439 968 5502 post
990 5427 1438 5500 coniunctionem
1490 5424 1628 5478 alios
1662 5422 1891 5476 totidem
1941 5419 2082 5474 dies.

2187 5443 2290 5496 ρας
2344 5428 2531 5480 πενθεῖ
2579 5424 3008 5495 τεσσαράκοντα,
3044 5427 3138 5480 καὶ
3166 5427 3308 5494 μετὰ
3335 5425 3432 5496 τὴν
3469 5427 3761 5481 συνουσίαν

514 5531 682 5601 Λῦετθ
711 5527 859 5583 cnitn
894 5525 1024 5588 fert,
1051 5521 1098 5576 si
1132 5519 1349 5591 quando
1372 5517 1698 5572 necessitate
1721 5514 1803 5568 sic
1833 5513 2085 5584 exigente

2201 5520 2377 5591 ἑτέρας
2409 5519 2840 5591 τεσσαράκοντα·
2874 5520 3265 5590 δυσανασχετεί
3320 5519 3417 5575 καὶ
3461 5519 3564 5592 γὰρ
3606 5524 3762 5573 τουτὶ

587 5671 633 5702 ⁸⁸
662 5667 812 5723 :Psal.
836 5679 968 5730 'Clll,
1011 5663 1096 5718 Π.

571 5810 699 5880 xtl!)
749 5808 942 5862 ’οπου
989 5819 1058 5873 τε
1088 5840 1102 5856 .
1141 5840 1159 5856 .
1190 5841 1213 5866 ._
1245 5839 1258 5855 .
1292 5837 1311 5853 .

1379 5800 1675 5865 καταπλη
1701 5795 1893 5849 οἱσται.
1950 5794 2209 5866 Supplcta
2239 5811 2305 5850 ex
2337 5797 2396 5852 \'.
2431 5805 2484 5851 et
2517 5796 2575 5854 F.
