3968 6228
191 342 281 405 105
950 356 961 368 ‘
1404 353 1810 415 ANNALIUM
1855 360 2050 422 PARS
2090 364 2137 429 1“.
3309 374 3439 436 106i

182 458 234 509 τὸ
275 458 452 525 ὄρνεον
488 455 541 508 εί
594 474 725 512 ποτε
790 456 1006 527 φύσεως
1072 459 1288 533 ἀνάγκη
1349 464 1485 532 πρὸς
1515 464 1721 536 ἄλληλα

1851 487 2074 533 nutuam
2110 479 2186 535 ad'
2204 479 2646 551 coniunctionem
2668 478 3032 550 pertrahitur,
3062 481 3216 550 quasi
3239 484 3418 551 quid—'

183 547 553 611 συνδυάζεσθαι
614 549 931 604 καθέλκοιτο
963 590 978 615 ,
1042 551 1157 605 ἅτε.
1189 553 1254 624 δὴ
1310 552 1411 625 τὴν
1468 557 1722 612 ἑντεῦθεν

1834 569 1959 623 dam
1996 570 2125 625 inde
2175 572 2280 626 sibi
2335 572 2560 643 ingrata:
2604 572 2684 627 rei
2734 572 2986 627 accidere
3036 573 3396 640 signiﬁcaret.

182 638 351 710 ἀηδίαν
376 639 679 707 παριστιῖη.
711 641 774 693 Ei
803 641 859 694 δὲ
890 641 1065 696 ταῦτα
1098 643 1272 707 οὕτως
1312 644 1448 716 ἔχει,
1482 650 1533 701 τί
1563 650 1725 719 ποιή-

1843 663 1965 739 Dua:
1995 664 2039 719 si
2073 681 2202 719 vera
2236 674 2386 730 sunt,
2406 666 2538 735 quid
2571 681 2691 731 nos,
2717 680 2924 735 quaeso.
2953 665 3147 719 facturi
3173 683 3364 723 sumus
3381 668 3410 721 ?.

185 747 328 798 σομεν
355 732 549 801 ήμεϊς;
585 733 638 785 oi
666 732 808 803 λόγῳ
851 734 951 804 μὲν
980 737 1357 807 τετιμημένοι,
1392 742 1513 803 ταῖς
1542 740 1599 794 δὲ
1630 740 1724 795 τοῦ

1859 756 1927 823 [υἱ
1966 755 2236 810 beneﬁcio
2292 756 2523 810 rationis
2553 756 2733 810 ornati
2768 756 3134 812 nihilominus
3164 757 3298 812 vita),
3317 772 3426 813 vom

185 821 284 893 βίου
316 824 451 875 κατὰ
476 822 736 878 τοσοῦτον
770 825 985 894 ἡδοναῖς
1026 828 1442 899 ὲμπεδούμενοι.

1405 850 1442 885 ιο
1832 821 2137 917 luptatibus
2170 849 2294 918 plus
2323 864 2482 918 aequo
2512 863 2704 903 sumus
2736 846 2968 902 addicti.

243 915 343 969 Καὶ
388 916 518 986 περὶ
581 918 680 988 μὲν
721 918 817 971 τοῦ
876 918 1200 987 πελεκάνου,
1251 915 1313 976 οὗ
1364 924 1456 977 καὶ
1502 924 1531 977 6
1562 926 1727 982 Δαϐὶδ

1904 936 2045 1002 Quid
2079 937 2145 993 de
2172 939 2432 1007 pelecano
2448 940 2741 993 dicemus?
2774 940 2932 1009 cujus
2959 940 3013 993 in
3037 940 3267 995 Psalmis
3294 942 3432 997 suis

187 1007 433 1077 μέμνηται
468 1010 677 1077 λέγων’
713 1030 733 1062 ι
758 1010 1064 1083 Ὥμοιὼθην
1098 1013 1357 1069 πελεκᾶνι
1391 1017 1667 1089 ἔρημικῷ,
1699 1036 1718 1068 ο

1846 1027 2069 1084 Davides
2098 1029 2263 1083 etiam
2290 1030 2542 1085 meminit
2575 1050 2588 1086 :
2632 1007 2864 1086 «Factus
2891 1047 3009 1086 sum
3034 1072 3063 1096 ,.
3103 1032 3201 1093 ait,
3264 1034 3413 1102 pele-

183 1102 227 1153 τί
256 1102 471 1171 χρὴ¹καὶ
501 1101 683 1171 λέγειν
710 1119 728 1170 ;
766 1103 939 1160 Τοῦτο
975 1107 1036 1159 τὸ
1077 1108 1279 1178 πτηνὸν
1307 1109 1365 1161 ιν
1398 1110 1596 1181 ἄκραις
1628 1111 1727 1163 πέ-

1846 1134 1974 1175 cano
2004 1121 2253 1175 solitario
2279 1122 2587 1178 similis"‘.i
2640 1123 2770 1178 Avis
2801 1123 2918 1179 haec
2949 1124 3178 1179 summis
3206 1124 3259 1178 in
3289 1140 3413 1180 sco-

184 1215 317 1268 τραις
351 1200 588 1268 πήγνυσι
621 1201 720 1271 τὴν
756 1202 976 1270 καλιὰν,
1000 1205 1128 1267 τοὺς
1168 1206 1490 1270 ἐπιϐούλους
1533 1207 1731 1276 ἐκφεύ-

1847 1214 1980 1282 pulis
2012 1213 2201 1268 nidum
2226 1216 2487 1280 exstruit,
2524 1216 2763 1271 sollicite
2798 1216 3126 1272 incumbens
3156 1220 3210 1271 in
3246 1218 3297 1271 id
3350 1228 3414 1272 ut

185 1307 283 1357 γειν
310 1290 393 1343 διὰ
436 1293 720 1361 φροντίδος
774 1295 1124 1364 ποιούμενον.
1188 1297 1328 1350 Ἀλλ’
1362 1300 1389 1351 6
1443 1299 1729 1363 ἐπίϐουλος

1846 1305 2191 1360 insidiatores
2224 1307 2386 1360 vitet.
2418 1306 2625 1361 Verum
2663 1322 2892 1377 serpens
2924 1308 3215 1362 insidiator
3240 1308 3413 1363 etiam

183 1380 287 1448 ὄφις
314 1382 470 1449 ήνίκα
497 1382 593 1435 τὸν
632 1383 845 1453 πατέρα
881 1384 1080 1454 μικρόν
1130 1401 1182 1437 τι
1208 1386 1318 1439 τῶν
1353 1385 1562 1440 τέκνων
1594 1389 1730 1441 ἀπο-

1845 1411 2033 1466 maguo
2061 1410 2125 1449 ex
2156 1396 2449 1450 intervallo
2479 1398 2632 1451 virus
2657 1413 2817 1451 suum
2849 1399 2902 1452 in
2928 1400 3105 1468 pullos
3132 1401 3253 1465 ejus
3280 1415 3412 1455 evo-

186 1475 369 1527 πτάντα
401 1475 688 1543 θεάσηται,
724 1477 820 1547 τῆς
872 1478 1165 1549 ἐπιϐουλῆς
1205 1482 1546 1550 παραχρῆμα
1600 1482 1732 1549 ἐφά-

1848 1488 1957 1540 mit.
1992 1487 2353 1557 Posteaquam
2415 1490 2562 1543 enim
2615 1490 3007 1559 circumspexit
3044 1491 3186 1545 unde
3215 1500 3415 1546 ventus

187 1583 371 1621 πτεται.
402 1569 507 1621 Καὶ
533 1568 723 1636 ἐπειδὴ
760 1572 835 1640 μὴ
872 1571 1264 1641 προσεγγίζειν
1324 1576 1389 1643 τῇ
1432 1573 1597 1644 καλιᾷ
1637 1572 1731 1625 δύ-

1846 1582 2030 1652 spiret,
2071 1580 2138 1633 ab
2168 1596 2231 1635 ea
2284 1589 2436 1649 parte
2482 1596 2696 1635 veneno
2751 1581 2931 1635 adlato
2986 1582 3283 1661 interitum
3329 1582 3413 1637 eis

188 1674 339 1719 ναται,
364 1659 453 1712 τδν
500 1659 583 1712 ίὸν
634 1661 821 1725 αὐτοῖς
851 1664 1057 1732 ὲπιχέει
1100 1664 1197 1729 καὶ
1234 1664 1539 1735 πόρρωθεν·
1574 1682 1731 1736 περι-

1851 1670 2023 1724 al'fert.
2054 1668 2161 1741 45
2190 1668 2329 1722 Tum
2370 1685 2499 1723 vero
2530 1679 2685 1739 pater
2717 1686 2882 1741 supra
2917 1671 3067 1740 ipsos
3109 1659 3325 1735 volans,
3357 1680 3418 1728 et

190 1751 442 1819 σιωπήσας
480 1753 590 1824 γὰρ
634 1754 898 1826 πρότερον
949 1757 1070 1810 ὅθεν
1129 1758 1372 1811 εἰσπνέει
1429 1760 1456 1811 6
1507 1759 1727 1828 ἄνεμος,

1846 1759 2077 1813 naturali
2128 1760 2365 1829 quodam
2398 1760 2663 1815 instinctu
2717 1760 2890 1815 factas
2946 1761 3176 1816 insidias
3207 1762 3413 1830 depre-

191 1844 419 1897 κάκεῖθεν
480 1822 817 1919 ὲμφυσήσας
864 1848 1050 1912 αὐτοῖς
1107 1851 1200 1903 τὸν
1255 1851 1354 1915 ίὸν,
1410 1822 1732 1919 ἐπάγει-τὸν

1846 1847 2128 1913 hendens,
2183 1864 2293 1917 quo
2349 1857 2512 1918 pacto
2572 1865 2900 1918 recuperare
2966 1851 3133 1905 vitam
3201 1852 3413 1921 possint

189 1935 397 2006 ὄλεθρον.
438 1938 584 1990 Ἀλλ’
634 1941 663 1992 6
713 1941 897 2009 πατὴρ
934 1943 1170 2005 ἐπιπτὰς
1219 1941 1380 2007 αὖθις
1411 1944 1594 2007 αὐτοῖς
1640 1944 1736 1997 καὶ

1845 1939 2116 2008 cognitum
2152 1938 2344 1992 habet.
2379 1938 2513 1992 Nam
2546 1939 2749 1993 leniter
2778 1955 2945 2008 supra
2994 1940 3214 1993 illorum
3244 1942 3412 1995 verti-

192 2026 412 2091 φυσικοῖς
467 2044 577 2080 τισι
628 2029 809 2098 λόγοις
860 2030 960 2102 τὴν
1016 2033 1313 2104 ἐπιϐουλὴν
1350 2034 1551 2088 συνιῶν
1596 2030 1736 2087 οἶδεν

1843 2044 1956 2085 cem
1982 2030 2094 2083 alas
2143 2029 2483 2099 expandens,
2546 2037 2603 2084 et
2648 2030 2852 2085 feriens
2909 2031 3172 2100 utrinque
3217 2032 3410 2097 latera,

190 2108 324 2175 αὖθις
348 2113 465 2169 ὅθεν
489 2115 917 2173 ἀναϐιώσαιντο·
952 2112 1093 2173 κατᾶ
1131 2120 1380 2190 κορυφῆς
1410 2120 1521 2190 γὰρ
1554 2120 1737 2173 αὐτῶν

1844 2130 2019 2192 guttas
2046 2122 2099 2176 in
2137 2138 2234 2177 eos
2260 2122 2543 2191 sanguinis
2576 2122 2839 2179 demittit.
2901 2121 3022 2188 Quo
3080 2123 3225 2177 farto
3272 2140 3411 2180 nova

190 2202 349 2271 ἡρέμα
399 2206 789 2274 πτερύσσεται,
837 2209 929 2261 καὶ
977 2212 1075 2273 τὰς
1117 2210 1361 2283 πλευρὰς
1389 2196 1757 2282 ἐκατέρωθεν¹

1847 2220 1893 2266 et
1953 2212 2235 2282 inopinata
2289 2214 2541 2284 quadarn
2598 2215 2813 2274 ratione
2852 2213 3006 2289 pulli
3064 2213 3192 2269 vita:
3255 2216 3414 2274 restis

190 2295 512 2367 ἐπιπλήσσων
539 2300 667 2361 ταῖς
715 2300 975 2365 πτέρυξιν
1012 2304 1242 2371 αἵματος
1288 2304 1472 2367 αὐτοῖς
1516 2303 1737 2374 ῥανίδας
1842 2314 2099 2362 tuuntur.
3218 2294 3221 2297 ν

193 2390 375 2459 ἀφίησι,
404 2392 705 2447 κάντεῦθεν
744 2395 793 2448 οἱ
826 2393 1121 2460 τεθνεῶτες
1173 2397 1382 2450 νεοττοὶ
1418 2396 1741 2467 παραδόξως

194 2483 308 2535 ἀναϐ
316 2482 502 2539 ιὼσκου
511 2503 625 2541 σιν.

259 2573 533 2644 Ἐπίγνωθι
559 2578 683 2644 οὖν,
724 2580 1002 2654 ἀγαπητὴ
1037 2584 1183 2649 τίνος
1221 2585 1407 2640 ἕνεκεν
1438 2588 1471 2659 ή
1503 2587 1739 2658 παράδο-

1909 2586 2024 2641 Hoc
2051 2587 2387 2655 exemplum,
2422 2585 2623 2641 dilecte
2654 2583 2753 2650 fili,
2808 2580 2970 2639 velth
3002 2581 3134 2637 mihi
3164 2583 3419 2639 conside-

198 2665 266 2728 ξος
295 2667 425 2739 αὕτη
462 2671 595 2741 περὶ
632 2673 699 2725 τὰ
730 2673 932 2743 ἔγγονα
975 2675 1055 2747 τῷ
1106 2677 1368 2731 πελεκᾶνι
1397 2680 1735 2748 συμπάθεια.

1849 2695 1950 2734 res.
1983 2680 2353 2747 Quamobrem
2389 2680 2564 2735 indita
2619 2687 2703 2732 est
2747 2678 3011 2748 pelecano
3072 2677 3416 2734 admirabilis

195 2756 585 2831 Σκιαγραφῆσαι
618 2763 731 2831 γὰρ
778 2766 806 2818 6
853 2764 1062 2836 Κύριος
1096 2767 1167 2820 τὰ
1218 2769 1341 2821 καθ’
1373 2770 1526 2840 ἡμᾶς
1558 2772 1738 2825 πάντα

1848 2773 1959 2827 haec
1991 2788 2116 2842 erga
2156 2772 2403 2826 sobolem
2448 2770 2701 2825 aﬂectio?
2752 2770 2889 2825 Cum
2925 2771 3097 2824 multo
3130 2778 3258 2823 ante
3307 2770 3415 2820 Do-

197 2850 278 2902 κᾶν
302 2852 372 2922 τῷ
396 2854 587 2925 πτηνῷ
615 2856 790 2923 τούτῳ
823 2857 992 2912 θέλων
1024 2860 1310 2929 ἀνέκαθεν,
1340 2864 1423 2916 ὅτι
1455 2881 1515 2917 τε
1550 2865 1736 2935 παρὰ·

1852 2865 2026 2919 miuus
2079 2864 2185 2917 hac
2241 2864 2296 2917 in
2333 2879 2434 2919 ave
2494 2863 2661 2917 vellet
2714 2863 3029 2932 exprimere
3066 2869 3262 2915 cuncta
3297 2876 3419 2929 quae

197 2942 341 3009 δεισος
377 2947 626 3004 ἔκτισται
680 2954 775 3005 καὶ
815 2953 1009 3024 ὅτιπερ
1044 2955 1104 3008 ιν
1154 2957 1302 3027 αὐτῷ
1329 2958 1377 3011 οἱ
1410 2959 1739 3028 πρωτόπλα-

1854 2957 2000 3011 nobis
2028 2955 2374 3019 acciderunt,
2405 2954 2555 3023 quod
2591 2954 2851 3007 nimirum
2885 2953 3178 3023 paradisus
3225 2952 3421 3006 condi-

197 3052 289 3091 στοι
315 3039 581 3095 τέθεινται
609 3082 625 3106 ,
672 3046 755 3099 ὅτι
801 3048 829 3099 6
860 3048 1049 3115 νοητὸς
1082 3048 1206 3118 ὄφις
1250 3051 1342 3103 τὸν
1376 3051 1608 3122 ψυχικὸν
1637 3053 1737 3107 αὐ-

1849 3058 1930 3102 Lus
1958 3046 2047 3111 sit,
2110 3045 2258 3115 quod
2317 3046 2369 3098 in
2406 3061 2474 3099 eo
2524 3045 2778 3100 collocati
2815 3045 3070 3099 homines
3116 3046 3189 3099 illi
3224 3046 3416 3113 primi.

196 3132 287 3192 τοῖς
335 3132 675 3203 προύξένησε
707 3136 960 3205 θάνατον,
997 3140 1093 3192 καὶ
1134 3141 1217 3194 ὅτι
1269 3141 1622 3214 φιλόστοργος
1647 3140 1736 3197 οἶα

1852 3140 1986 3209 μιοά
2024 3138 2362 3194 intellectilis
2414 3138 2506 3193 ille
2568 3153 2798 3206 serpens
2835 3138 3006 3191 animi
3053 3148 3285 3191 mortem
3335 3139 3419 3193 eis

198 3222 350 3295 πατὴρ
384 3226 473 3280 ἐπὶ
504 3228 769 3284 τεθνεῶσι
800 3232 990 3285 παισὶν
1022 3234 1050 3285 6
1084 3234 1312 3305 ποιητὴς
1338 3235 1560 3289 πάντων
1604 3235 1737 3300 Θεὸς

1849 3230 2234 3295 conciliaverit,
2301 3229 2447 3299 quod
2482 3229 2666 3299 opifex
2713 3230 2959 3285 omnium
2998 3231 3141 3284 Deus
3190 3241 3416 3298 paterna

197 3314 267 3367 ἐπ’
295 3318 462 3384 αὐτοῖς
511 3322 965 3394 ὲπικὰμπτεται,
1011 3326 1345 3396 χρηματίζει
1397 3346 1457 3382 τε
1503 3329 1574 3383 τὰ
1613 3329 1738 3384 καθ’

1847 3325 2225 3381 benevolentia
2255 3325 2406 3379 velut
2436 3340 2564 3393 erga
2598 3322 2740 3377 lilios
2774 3331 2976 3386 motus,
3007 3323 3173 3376 homo
3210 3324 3414 3385 factus,

197 3412 320 3481 ἡμᾶς
342 3414 631 3487 ἄνθρωπος
663 3419 759 3472 καὶ
807 3420 986 3478 πάντα
1029 3419 1098 3474 τὰ
1148 3420 1317 3475 λοιπὰ
1351 3417 1764 3494 καταδέχεται,⁴

1847 3418 2022 3471 omnia
2050 3430 2369 3486 perpessus,
2403 3414 2627 3493 tandem
2656 3414 2712 3468 in
2757 3428 2976 3469 crucem
3019 3414 3270 3467 sublatus
3321 3416 3414 3478 sit,

198 3505 271 3560 ἰπὶ
295 3509 516 3579 σταυροῦ
566 3511 886 3566 τελευταῖον
935 3513 1188 3583 ὑψοῦται,
1228 3515 1324 3568 καὶ
1360 3516 1459 3586 τῆς
1495 3516 1738 3586 πλευρᾶς

1844 3513 1993 3581 quod
2030 3509 2098 3566 de
2130 3510 2304 3565 latere
2334 3523 2435 3563 suo
2490 3508 2817 3579 sanguinem
2873 3506 3154 3571 eﬂ‘uderit,
3218 3524 3411 3564 verum

197 3598 334 3652 αὑτοῦ
377 3600 702 3673 ζωήῤῥυτον
748 3599 888 3673 αἷμα
938 3600 1124 3674 ὲκχέεἰ
1162 3606 1245 3669 είς
1287 3605 1594 3660 ἀνάπλασιν
1628 3606 1739 3660 τῶν

1851 3607 1969 3660 rita:
2001 3606 2205 3671 rivum,
2267 3603 2336 3659 ad
2372 3602 2681 3672 primorum
2716 3600 3003 3654 hominum
3060 3601 3418 3659 instauratio-

196 3695 615 3761 πρωτπλάστων
647 3697 873 3750 ἐκείνων
900 3698 1010 3750 τῶν
1041 3696 1120 3765 τῷ
1173 3698 1237 3767 ίῷ
1267 3697 1612 3768 τεθνηκότων
1641 3699 1737 3753 τοῦ

1851 3715 1993 3759 nem.
2024 3699 2120 3767 qui
2156 3711 2375 3752 veneno
2404 3695 2682 3764 serpentis
2707 3694 2967 3748 exstincti
3008 3693 3249 3753 fuerant.
3300 3693 3418 3764 ipso

197 3784 368 3853 ὄφεως,
396 3788 659 3860 τοιαύτην
688 3789 766 3860 τῷ
798 3790 1058 3843 πελεκᾶνι
1114 3790 1466 3859 συμπάθειαν
1512 3792 1643 3861 περὶ
1670 3790 1742 3845 τὰ

1846 3805 2029 3845 rerum
2064 3788 2225 3843 initio
2258 3787 2421 3842 talem
2450 3801 2578 3854 erga
2606 3785 2853 3839 sobolem
2883 3800 3037 3838 suam
3065 3783 3413 3842 alfectionem

196 3877 367 3945 ἔγγονα
403 3880 525 3933 κατ’
555 3882 731 3951 ἀρχᾶς
768 3880 1118 3951 ἐνεφύτευσε.
1152 3880 1252 3932 Διὰ
1276 3880 1385 3952 γὰρ
1438 3880 1598 3935 τοῦτο
1645 3884 1740 3935 καὶ

1847 3885 2102 3954 pelecano
2160 3878 2383 3935 insevit.
2453 3877 2588 3931 Nam
2640 3884 2936 3945 propterea
3006 3876 3414 3943 periDavidem

198 3968 337 4023 Δαϐὶδ
362 3968 651 4041 προλαϐὼν
684 3970 891 4038 ἐλεγενο
926 3989 945 4023 ι
969 3970 1279 4041 Ὠμοιὼθην
1318 3972 1578 4026 πελεκᾶνι
1610 3974 1741 4043 Epu-

1848 3978 2016 4032 multo
2048 3983 2175 4029 ante
2214 3960 2397 4027 verbis
2426 3969 2512 4024 his
2543 3982 2675 4023 usus
2692 3978 2778 4025 est
2806 3984 2820 4022 :
2854 3968 3237 4024 «Factussnm
3273 3968 3415 4034 pele-

201 4061 343 4131 μικῷ.
386 4082 404 4115 ι
463 4062 713 4117 Πελεκὰν
767 4063 877 4133 γὰρ
916 4063 1079 4128 αὐτὸς
1131 4064 1159 4117 6
1194 4063 1453 4135 Χριστὸς,
1493 4068 1658 4123 καλιά
1713 4071 1742 4121 6

1851 4088 1982 4128 cano
2006 4070 2255 4126 solitario
2292 4065 2541 4121 similis.»
2574 4066 2787 4120 Etenim
2836 4064 3131 4133 pelecanus
3163 4073 3257 4119 est
3302 4064 3418 4132 ipse

200 4153 519 4220 παράδεισος,
582 4157 787 4208 νεοττοὶ
844 4156 893 4210 οί
954 4155 1393 4225 πρωτόπλαστοι,
1451 4159 1741 4224 ἐπίϐουλος

1850 4164 2116 4225 Christus,
2145 4161 2312 4216 nidus
2339 4158 2655 4230 paradisus,
2728 4156 3134 4227 pulliprimum
3209 4155 3417 4211 conditi

198 4241 301 4311 ὄφις
331 4246 483 4310 αὐτὸς
516 4248 544 4299 6
578 4247 848 4312 διάϐολος,
891 4249 966 4311 ίὸς
995 4248 1173 4318 ὄφεως
1200 4251 1232 4319 ή
1270 4249 1333 4302 ἐκ
1360 4249 1455 4302 τοῦ
1491 4250 1739 4305 διαϐόλου

1854 4254 2119 4316 homines,
2154 4266 2385 4321 serpens
2416 4249 2710 4305 insidiator
2756 4249 2873 4318 ipse
2926 4246 3205 4310 diabolus,
3268 4246 3421 4299 virus

200 4334 391 4399 πάντως
439 4338 647 4408 ἀπάτη,
682 4338 912 4403 θάνατος
963 4342 991 4393 6
1040 4341 1104 4394 ικ
1148 4336 1239 4395 τοῦ
1272 4341 1405 4395 Θεοῦ
1438 4343 1740 4415 χωρισμὸς,

1856 4348 2122 4418 serpentis
2155 4346 2309 4400 fraus
2341 4344 2568 4406 diaboli,
2602 4357 2752 4397 mors
2785 4356 2814 4394 a
2851 4340 2963 4395 Deo
2990 4338 3300 4418 diremptus
3340 4348 3423 4393 at-

203 4428 481 4495 συμπάθεια
538 4431 847 4499 πατρικὴή
904 4430 999 4485 τοῦ
1058 4431 1196 4485 Θεοῦ
1243 4433 1416 4503 Λόγου
1470 4435 1540 4488 δι’
1596 4438 1743 4507 ήμᾶς

1850 4456 1953 4512 que
1980 4437 2276 4508 separatio,
2306 4446 2535 4506 paterna
2559 4432 2777 4489 aﬂ'ectio
2808 4432 2904 4487 Dei
2972 4431 3247 4485 sermonis
3278 4430 3417 4485 facta

204 4518 610 4593 ὲνανθρὼπησις.
657 4524 721 4575 Ἦ
743 4524 799 4576 δὲ
832 4523 943 4577 τῶν
975 4526 1208 4579 νεοττῶν
1241 4526 1481 4597 ὕπερθεν
1517 4530 1745 4584 ἐπιπτέ-

1855 4530 2025 4587 nostri
2061 4545 2226 4585 causa
2272 4540 2485 4584 natura:
2539 4528 2797 4580 humanm
2844 4523 3168 4592 assumptio,
3210 4521 3422 4576 alarum

207 4608 331 4675 ρυξις
381 4615 412 4682 ὴ
466 4615 557 4666 ἐπὶ
591 4615 824 4682 σταυροῦ
875 4616 968 4669 τοῦ
1010 4617 1252 4686 Χριστοῦ
1282 4620 1389 4673 τῶν
1419 4622 1744 4691 πρωτοπλάο

1854 4638 2012 4693 supra
2047 4621 2227 4692 pullos
2254 4618 2518 4690 cxpansio
2578 4616 2782 4672 Christi
2814 4630 2980 4684 supra
3008 4613 3261 4668 conditos
3297 4614 3421 4668 illos

205 4715 323 4753 στων
350 4704 553 4758 ἄνωθεν
579 4707 949 4777 ἀπαιώρησις,
981 4710 1234 4781 πλευρων
1261 4710 1555 4783 ἐπίπληξις
1588 4716 1620 4781 ὴ
1648 4716 1746 4785 τῆς

1855 4715 2086 4784 primum
2122 4713 2374 4768 homines
2404 4711 2458 4763 in
2493 4723 2714 4763 crucem
2742 4708 3005 4772 sublatio,
3032 4708 3263 4761 laterum
3302 4707 3422 4776 pul—

207 4791 337 4860 θείας
359 4799 503 4867 νύξις
535 4802 803 4873 πλευρᾶς,
842 4805 940 4858 καὶ⁵
970 4806 1281 4860 τελευταῖον
1314 4810 1427 4871 τοῖς
1453 4809 1745 4863 τεθνεῶσιν

1858 4808 1989 4862 satio
2020 4806 2191 4861 divini
2221 4804 2414 4857 lateris
2443 4800 2693 4871 punctio,
2722 4817 2887 4870 quam
2926 4809 3116 4855 secuta
3166 4809 3252 4855 est
3296 4816 3425 4854 san-

206 4886 467 4954 ὲπιστάζον
512 4889 652 4963 αἷμα
703 4896 1040 4967 ζωήρρυτον·
1086 4899 1135 4951 εί
1170 4897 1246 4967 μὴ
1277 4898 1388 4968 γὰρ
1421 4898 1745 4970 ζωήρῤυτον

1858 4898 2031 4969 guinis
2080 4898 2206 4951 vitae
2256 4896 2464 4949 fontem
2514 4893 2851 4948 continentis
2912 4893 3233 4949 destillatio.
3304 4894 3425 4948 Nisi

206 4971 282 5047 ἦν,
309 4982 400 5037 οὐκ
430 4985 493 5039 ἂν
524 4988 642 5049 τοῖς
674 4988 828 5042 κάτω
850 4990 1131 5059 κειμένοις
1163 4992 1457 5061 ἐχαρίσατο
1490 4992 1589 5063 τὴν
1621 4995 1752 5048 ἀνά-

1858 4990 1997 5045 enim
2026 4988 2277 5042 vivilicus
2297 4996 2465 5049 esset,
2500 4985 2792 5054 prostratis
2822 4986 3289 5041 resurrectionem
3325 4986 3425 5043 im—

209 5088 395 5130 στασιν.
440 5080 634 5145 Καλῶς
665 5076 760 5135 οὖν
794 5082 951 5151 ἔλεγε
999 5084 1091 5138 διὰ
1133 5086 1228 5139 τοῦ
1263 5087 1550 5156 προφήτου
1581 5089 1609 5141 6
1637 5088 1752 5143 Κύ-

1861 5083 2043 5153 partiri
2103 5095 2211 5134 non
2256 5089 2461 5147 posset.
2517 5079 2703 5146 Itaque
2759 5093 2858 5147 per
2913 5086 3097 5131 vatem
3156 5076 3428 5134 Dominus

211 5176 323 5231 ριοςο
355 5186 373 5220 ι
417 5167 722 5244 Ὠμοιιὶιθην
748 5173 1007 5228 πελεκᾶνι
1038 5176 1315 5249 ὲρημικῷ.
1354 5196 1375 5231 ι

1863 5174 2116 5244 praeclare
2144 5171 2281 5226 dixit
2315 5186 2331 5225 :
2370 5187 2388 5220 ι
2429 5168 2631 5223 Factus
2685 5183 2807 5224 sum
2859 5168 3125 5238 pelecano
3176 5168 3430 5224 solitario

1849 5261 2059 5319 similis.
2075 5278 2093 5314 ι
2172 5268 2185 5279 ’
2716 5260 2719 5263 ’

266 5341 415 5445 Λίγει
450 5348 503 5402 δὲ
541 5352 604 5404 τὸ
650 5353 791 5407 κατὰ
834 5353 1049 5409 Λουκᾶν
1082 5354 1422 5445 Εὐαγγὲλιον
1465 5359 1596 5431 περὶ
1643 5361 1751 5415 τῶν

1927 5352 2300 5421 Ρετεοτῖρίυιη
2347 5361 2432 5409 est
2481 5350 2533 5406 in
2584 5348 2876 5416 Evangelio
2903 5346 3113 5402 Lucra"
3148 5364 3203 5408 ξι
3236 5347 3432 5401 Consi-

210 5435 431 5501 κοράκων
476 5444 557 5497 ὅτι
583 5445 646 5498 οὐ
698 5447 1023 5515 σπείρουσιν
1066 5435 1203 5502 οὐδέ
1240 5450 1568 5519 θερίζουσιν,
1614 5454 1644 5503 6
1689 5454 1747 5507 δὲ

1862 5454 2049 5504 derate
2079 5463 2291 5510 corvos,
2341 5446 2435 5517 qui
2472 5460 2651 5515 neque
2678 5452 2869 5501 serunt
2903 5457 3082 5513 neque
3103 5449 3330 5503 metunt,
3372 5448 3429 5492 et

208 5521 321 5587 Θεὸς
346 5531 523 5603 τρέφει
569 5535 729 5591 αὑτά.
762 5536 919 5602 Τίνος
952 5541 1136 5594 ἕνεκεν
1175 5545 1409 5597 ἐνταῦθα
1440 5544 1547 5597 τῶν
1578 5545 1748 5614 κορά-

1862 5543 2000 5597 Deus
2050 5540 2410 5595 nihilominus
2446 5553 2541 5593 eos
2567 5538 2680 5592 alit.
2723 5555 2741 5588 ι
2775 5535 3142 5602 Quamobrem
3170 5533 3272 5584 hoc
3307 5529 3429 5583 loco

211 5629 304 5669 κων
338 5620 393 5686 ἐξ
421 5625 680 5697 ὀνόματος
725 5631 1041 5702 μέμνηταις
1078 5634 1308 5703 Λέγεται
1355 5636 1449 5690 οῦν
1484 5638 1566 5691 ὄτι
1600 5654 1751 5708 μισο-

1861 5632 2186 5691 nominatim
2250 5624 2539 5689 corvdrum
2609 5629 2667 5685 ﬁt
2738 5626 2939 5682 mentio
2996 5626 3018 5677 ?
3066 5620 3427 5692 perhibentur

273 5787 311 5818 "
350 5792 478 5850 Psal.
512 5811 583 5865 Cl,
624 5798 680 5856 8.
758 5799 798 5830 ³⁸
830 5797 965 5853 Luc.
1006 5814 1103 5868 xu,
1134 5801 1225 5857 2i.
