3968 6228
522 262 620 332 Μ

1754 267 2177 338 MiCHAELIS
2213 265 2478 330 GLYCJE

3607 254 3620 284 "
3662 267 3749 330 108

501 388 658 442 ιοτνί
719 383 964 440 sobolem
999 399 1148 439 suam
1179 385 1379 449 odisse,
1413 401 1473 439 ac
1504 395 1792 456 propterea
1825 385 2094 455 puHorum

2214 384 2419 447 ιέκνους
2453 382 2614 445 ὄντας
2643 380 2840 442 αὐτοὺς
2874 379 3197 453 μὴιτρέφειν
3222 377 3290 433 τὰ
3317 379 3495 432 οἰκεῖα
3525 379 3766 442 νεόττια(

500 473 825 527 ³³Ῐῦηάοτοω
880 486 1068 526 curam
1107 471 1364 541 ahjicere.
1416 472 1616 528 Verum
1666 473 1700 530 ii
1763 473 1856 527 Dei
1907 474 2089 543 provi-

507 565 692 619 dentia
728 563 976 618 victitare
1008 562 1338 632 quibusdam
1383 563 1634 618 feruntur
1661 564 2004 619 animalculis
2024 579 2088 618 ex

507 665 636 710 acre
679 663 903 725 prepter
937 656 1085 725 ipsos
1143 657 1499 711 nascentibus
1545 658 1684 711 etin
1730 672 1825 712 ora
1871 657 2087 711 illorum

502 748 898 804 delabentibus.
943 745 1056 804 Hoc
1101 748 1299 818 ipsum,
1333 763 1544 820 quaeso,
1563 757 1823 820 quantam
1852 748 2089 803 admira-

506 843 711 895 tionem
747 840 1032 899 meretur?
1291 897 1296 902 _

572 931 709 986 Cum
742 933 910 986 semel
965 933 1120 989 fucos
1172 933 1659 1004 deprehenderunt
1703 951 1872 1004 apes,
1926 949 2090 1004 parce

506 1034 568 1078 ac
602 1025 803 1079 leniter
857 1025 911 1078 i'n
969 1041 1066 1081 eos
1093 1026 1314 1082 irruunt
1345 1036 1398 1081 et
1448 1037 1636 1097 captos
1663 1043 1692 1081 a
1728 1026 2091 1081 contubernio

509 1131 609 1168 suo
642 1117 917 1187 ablegant.
965 1117 1060 1173 Sin
1093 1134 1289 1174 rursus
1332 1135 1428 1174 eos
1469 1106 1860 1190 intercipiant,
1917 1126 2090 1172 morte

509 1207 771 1264 alﬁciunt.
823 1208 934 1280 46
961 1205 1189 1264 Easdem
1235 1210 1434 1280 partim
1467 1226 1650 1281 regem
1684 1211 1850 1266 veluti
1884 1209 2091 1266 satelli-

510 1306 593 1353 tes
624 1299 846 1369 stipant,
877 1300 1084 1369 partim
1113 1307 1413 1354 nocturnas
1441 1297 1699 1353 excubias
1729 1306 1917 1367 agunt,
1944 1297 2090 1368 quod

511 1402 580 1440 eo
623 1396 868 1458 tempore
899 1390 1184 1458 quiescant
1212 1387 1332 1441 alia:
1361 1387 1642 1443 laboribus
1687 1388 1942 1459 fatigatae,
1970 1404 2095 1460 par-

517 1480 613 1532 tim
654 1481 754 1534 hoc
786 1480 1032 1534 muneris
1055 1463 1258 1534 habent
1285 1489 1345 1534 ut
1371 1489 1616 1534 mortuas
1643 1489 1954 1550 exportent.

586 1569 781 1624 Mirum
821 1570 986 1624 videri
1024 1585 1133 1623 non
1193 1570 1362 1626 debet
1397 1587 1502 1625 una
1563 1587 1688 1626 cum
1742 1572 2096 1628 incrementis

511 1675 573 1716 ac
649 1661 1129 1715 deminutionibus
1181 1661 1326 1716 lunae
1393 1675 1524 1717 aera
1586 1673 1806 1733 quoque
1848 1667 2093 1732 mutari,

517 1751 742 1819 quando
775 1752 1057 1807 nonnullis
1099 1753 1151 1806 in
1215 1753 1551 1809 animalibus
1603 1755 1746 1809 idem
1781 1757 2096 1832 \usuvenire
2129 1733 2170 1790 Β

511 1842 788 1898 videmus.
823 1841 958 1898 Nam
993 1843 1213 1897 tradunt
1241 1844 1370 1899 ibim
1398 1845 1538 1900 caelo
1558 1845 1686 1900 luna
1716 1857 1938 1902 carente
1967 1849 2100 1903 nihil

510 1946 763 1998 cernere,
797 1934 891 1988 sed
934 1933 1124 2008 oculos
1158 1934 1361 1990 habere
1406 1935 1642 2002 clausos,
1680 1953 1782 1993 nec
1807 1939 1943 1996 cibis
1977 1939 2102 2002 ullis

515 2023 618 2078 uti.
661 2024 733 2078 Et
760 2023 990 2092 quidem
1026 2023 1080 2076 in
1117 2024 1301 2088 simio,
1329 2041 1490 2092 quem
1528 2041 1813 2096 cerc0pem
1859 2042 2100 2097 vocant,

513 2114 834 2171 eﬂ’ectiones
863 2114 966 2170 hac
1011 2115 1066 2169 in
1099 2125 1252 2186 parte
1280 2125 1409 2172 sunt
1435 2118 1757 2174 illustriores
1785 2138 1797 2173 :
1823 2135 1947 2174 nam
1977 2137 2103 2176 cum

523 2205 771 2276 augescit
819 2205 950 2260 luna
976 2246 990 2272 ,
1030 2208 1318 2262 oculorum
1359 2208 1513 2264 orbis
1554 2211 1602 2264 ei
1657 2211 1940 2279 dilatatur,
1977 2227 2102 2268 cum

517 2297 880 2364 deminuitur,
904 2307 960 2352 et
987 2298 1102 2368 ipse
1124 2299 1494 2355 contrahitur.
1517 2300 1659 2368 Quin
1683 2304 1847 2357 etiam
1873 2305 2104 2359 mustela

519 2390 810 2448 deﬁciente
891 2393 1038 2449 luna:
1109 2395 1322 2450 lumine
1372 2395 1531 2466 jecur
1586 2397 1837 2452 imminui
1895 2397 2100 2464 sentit;

523 2484 827 2556 eademque
865 2502 1083 2544 rursum
1118 2501 1403 2544 crescente
1425 2530 1439 2555 ,
1490 2492 1799 2546 membrum
1853 2491 1996 2546 idem
2022 2492 2105 2546 vi-

520 2577 703 2630 cissim
783 2589 1031 2648 augetur.
1128 2581 1430 2636 Perhibent
1517 2583 1682 2636 etiam
1738 2583 1792 2635 in
1855 2582 2105 2653 Iiydaspe

519 2665 688 2722 fluvio
741 2669 978 2738 lapidem
1009 2671 1300 2741 quemdam
1338 2670 1486 2752 nasci
1537 2687 1700 2741 quem
1760 2672 1978 2728 lichnen
2008 2687 2106 2726 vo.

523 2768 650 2814 cant
703 2779 717 2817 :
760 2762 804 2816 is
848 2774 1181 2833 augescente
1245 2765 1373 2819 luna
1430 2780 1626 2819 sonum
1682 2764 1860 2820 dulcis
1911 2773 2107 2820 cantus

522 2851 689 2906 edere
751 2851 952 2908 fertur.
1006 2854 1062 2908 In
1097 2854 1323 2909 ﬂumine
1373 2853 1611 2922 quodam
1649 2851 1856 2908 Celtico
1900 2854 2106 2923 piscem

523 2942 790 3002 exsistere
826 2946 1072 3011 tradunt,
1107 2947 1202 3017 qui
1259 2947 1328 3002 ab
1383 2947 1588 3002 incolis
1629 2945 1836 3017 clepias
1870 2946 2110 3016 appelle-

528 3044 617 3090 tur
644 3057 656 3093 :
695 3038 744 3094 is
774 3041 900 3093 luna
932 3049 1216 3095 crescente
1246 3040 1497 3104 albescit,
1528 3039 1811 3094 deminuta
1849 3038 2104 3109 nigricat.

2192 476 2487 548 τρέφεσθαι
2521 475 2578 529 δὲ
2610 475 2840 546 προνοίᾳ
2861 473 2996 527 Θεοῦ
3032 473 3144 526 ἀπὸ
3172 472 3281 527 τῶν
3325 473 3750 542 παραφυομένων

2191 570 2270 639 τῷ
2299 569 2426 638 ἀέρι
2457 567 2712 637 ζωῦφίων
2753 566 2834 635 τῷ
2866 567 3096 635 στόματι
3131 564 3312 618 αὐτῶν
3360 564 3749 634 ἐμπιπτόντων.

2195 664 2370 718 Πόσου
2403 662 2459 716 δὶ
2491 661 2581 716 καὶ
2612 660 2769 715 τοῦτο
2801 657 3077 730 θαύματος
3109 657 3292 723 ἄξιονς

2269 927 2336 982 Ai
2371 927 2622 997 μέλισσαι
2657 921 2784 991 τοὺς
2827 921 3080 994 κηφῆνας
3110 921 3329 990 ἐφάπαξ
3360 919 3751 978 καταλαϐοῦσαι

2196 1019 2573 1089 πεφεισμένως
2616 1004 2877 1070 τύπτουσι
2926 1016 3020 1070 καὶ
3070 1014 3398 1068 ἀπολύουσιν
3426 1031 3439 1044 ·
3476 1017 3525 1068 εἰ
3562 1015 3619 1069 δὲ
3667 1018 3752 1069 καὶ

2193 1109 2351 1172 αὖθις
2402 1111 2599 1172 αὐτοὺς
2653 1109 2966 1180 κατάσχωσι
3003 1109 3233 1178 νεκροὺς
3271 1107 3620 1175 ἐργάζονται.
3650 1107 3750 1159 Καὶ

2195 1207 2249 1257 αἱ
2307 1203 2403 1274 μὲν
2458 1202 2638 1258 αὐτῶν
2698 1205 2777 1273 τῷ
2837 1203 3047 1274 βασιλεῖ
3106 1200 3501 1272 δορυφοροῦσιν
3537 1242 3553 1268 ,
3603 1202 3655 1254 αί
3699 1197 3749 1254 δὲ

2197 1295 2388 1359 νυκτὸς
2434 1295 2849 1366 ὲπαγρυπνοῦσι
2896 1295 3146 1366 φυλακῆς
3193 1291 3353 1364 χάριν
3414 1293 3501 1347 διὰ
3557 1295 3617 1346 τδ
3661 1292 3750 1353 τὰς

2195 1388 2473 1451 κοπιώσας
2507 1389 2627 1441 τότε
2658 1385 3056 1449 ἀναπαύεσθαι,
3079 1385 3188 1438 τῶν
3234 1385 3294 1438 δὲ
3338 1385 3502 1455 ἔργον
3547 1382 3660 1436 ἐστὶ
3695 1383 3748 1435 τὸ

2196 1486 2296 1545 τὰς
2323 1480 2524 1552 νεκρὰς
2553 1479 2911 1550 ἀποκομίζειν
2949 1477 3170 1544 ἔξωθεν.

2269 1573 2344 1626 Οὐ
2379 1573 2484 1644 χρὴ
2529 1571 2831 1642 θαυμάζειν
2878 1571 2992 1640 εῐγε
3042 1572 3163 1631 ταῖς
3209 1569 3311 1640 τῆς
3346 1566 3575 1638 σελήνης
3608 1564 3753 1632 a650-

2201 1661 2460 1732 μειώσεσι
2494 1661 2888 1732 μεταϐάλλεται
2914 1663 2941 1714 6
2969 1661 3100 1732 ἀὴρ,
3130 1661 3264 1724 ὅπου
3291 1673 3354 1727 γε
3392 1658 3488 1712 καὶ
3518 1659 3584 1711 ὲν·
3603 1657 3749 1722 ζώοις

2197 1754 2340 1806 τισὶν
2378 1752 2494 1806 ἔστι
2518 1752 2678 1806 τοῦτο
2708 1753 2858 1805 ἰδεῖν.
2889 1752 3026 1806 Φασὶ
3068 1751 3178 1821 γὰρ
3227 1748 3328 1812 τὴν
3374 1749 3482 1801 ῑὸιν
3514 1745 3752 1818 μηδαμοῦ

2203 1845 2336 1916 ὁρᾷν
2379 1844 2466 1897 ὅτε
2509 1843 2769 1912 ἀσέληνος
2804 1845 2830 1896 6
2865 1841 3115 1912 οὐρανὸς,
3153 1837 3307 1910 μύειν
3351 1838 3409 1892 δὲ
3441 1839 3532 1892 καὶ
3581 1838 3754 1892 ἄσιτον

2207 1936 2411 2008 μένειν.
2462 1935 2523 1988 Ὀ
2549 1933 2608 1987 δὲ
2652 1932 2874 2003 κέρκωψ
2914 1931 3316 2003 προδηλοτέρας
3345 1929 3458 2000 ἔχει
3488 1929 3584 1991 τὰς
3614 1929 3753 1996 ἔνερ-

2204 2029 2394 2097 γείας⁶
2441 2029 2531 2081 ὅτε
2577 2027 2685 2096 γὰρ
2732 2024 2886 2090 αὔξει
2919 2027 2952 2092 ἡ
2988 2024 3216 2094 σελήνη,
3250 2025 3278 2077 6
3324 2022 3434 2076 τῶν
3476 2019 3755 2090 ὀφθαλμῶν

2169 2121 2404 2184 οκύκλος
2457 2120 2629 2189 τούτῳ
2675 2118 2986 2189 εὐρύνεται.
3016 2116 3102 2171 ὅτε
3146 2116 3204 2170 δὲ
3247 2115 3519 2186 μειοῦται,
3555 2111 3759 2170 oms).-

2204 2215 2380 2268 λεται.
2417 2213 2576 2267 Ἀλλὰ
2605 2212 2700 2266 καὶ
2731 2213 2763 2282 ἡ
2793 2210 2934 2279 γαλῆ
2982 2207 3430 2279 λειψοφωτούσης
3474 2208 3571 2275 τῆς
3615 2203 3759 2274 σελήο

2205 2324 2303 2376 νης
2323 2303 2529 2376 ἥπατος
2559 2304 2810 2358 λείπεται
2835 2319 2847 2332 ·
2879 2295 3296 2374 αὐξιφωτοῦσης
3326 2299 3383 2352 δὲ
3414 2297 3576 2352 πάλιν
3602 2296 3758 2365 αὐτῆς

2204 2401 2265 2452 τὸ
2301 2401 2543 2452 τοιοῦτον
2589 2397 2760 2466 αὐτῆς
2811 2392 3256 2462 προσεπαύξεται
3305 2391 3515 2462 μόριον.
3549 2387 3757 2470 Φασὶδὲ

2206 2493 2302 2548 καὶ
2335 2491 2395 2544 ὲν
2425 2488 2658 2560 ποταμῷ
2684 2489 2763 2558 τῷ
2808 2487 3050 2558 Ὑδάσπῃ
3080 2485 3374 2555 γεννᾶσθαι
3411 2481 3558 2536 λίθον
3588 2481 3759 2550 λίχνην

2206 2584 2562 2654 καλούμενον,
2600 2583 2659 2646 ὃς
2699 2580 2927 2652 σελήνης
2967 2579 3283 2649 ⁴αὐξομένης·
3326 2572 3458 2648 ἦχον
3511 2571 3759 2644 μελῳδίας

2207 2675 2480 2730 ἀποτελεῖ.
2514 2665 2624 2729 Καὶ
2674 2673 2731 2728 ὲν
2780 2670 3013 2742 ποταμῷ
3059 2670 3116 2725 δὲ
3168 2667 3417 2737 Κελτικῷ
3465 2663 3761 2720 διαιτᾶσθαι

2211 2767 2362 2840 ἰχθὺν
2393 2767 2636 2819 κλωπίαν
2684 2764 2966 2836 ἑγχωρίως
2992 2762 3350 2830 καλούμενον,
3384 2758 3443 2820 ὃς
3471 2758 3760 2826 αὐξομένης

2208 2859 2302 2925 τῆς
2329 2857 2556 2924 σελήνης
2579 2854 2946 2919 λευκαίνεται,
2985 2852 3312 2922 μειουμένης
3342 2850 3398 2904 δὲ
3432 2848 3754 2916 μελαίνεται.

2209 2948 2393 3001 Ταῦτα
2427 2947 2481 2998 δὲ
2509 2945 2584 3016 τῇ
2606 2945 2895 3017 ἑεαημέρῳ
2922 2943 3086 2997 αὐτοῦ
3121 2940 3586 3011 συμπεριείληφεν
3616 2939 3642 2990 6
3672 2935 3759 3006 μὲ-

2210 3056 2312 3108 γας
2352 3039 2722 3101 ’Λναστάσιος.
3541 3047 3548 3052 ·

528 3131 708 3202 Atque
759 3130 875 3206 haec
907 3130 1128 3200 quidem
1160 3132 1326 3186 etiam
1360 3131 1505 3185 libro
1553 3145 1654 3184 suo
1688 3131 1752 3185 de
1784 3145 1877 3185 sex
1917 3107 2245 3200 primorum
2281 3130 2349 3186 ab
2393 3141 2518 3184 ortu
2561 3128 2751 3185 mundi
2819 3107 3031 3184 dierum
3089 3123 3320 3193 opiﬁciis
3379 3137 3608 3194 magnus
3639 3121 3768 3178 Ana-

526 3225 847 3280 stasius-ille
877 3223 1195 3292 complexus
1223 3235 1328 3280 est.

597 3320 866 3376 Cancrum
899 3329 1097 3389 praater
1127 3320 1249 3374 illos
1272 3320 1611 3391 quoqueﬁqui
1649 3319 2110 3388 resurrectionem
2141 3324 2198 3390 α

530 3414 767 3463 futuram
809 3424 920 3462 non
969 3409 1202 3464 credunt
1245 3409 1331 3464 vel
1378 3411 1563 3480 potius
1606 3427 1725 3465 eam
1769 3410 2024 3474 irrident,
2054 3419 2111 3464 ut

532 3499 772 3555 eximius
818 3500 910 3554 ille
959 3511 1153 3555 noster
1212 3501 1551 3571 Epiphanius
1601 3502 1718 3571 ait,
1772 3504 2113 3558 admirabilia

533 3591 788 3657 quaedam
816 3599 874 3646 et
909 3606 1049 3644 nova
1081 3591 1224 3645 Deus
1266 3593 1344 3645 uti
1382 3593 1574 3647 tierent
1597 3595 1827 3648 consilio
1853 3595 2112 3664 singulari

533 3683 805 3738 instituit.
876 3682 1150 3738 Pbascusa
1209 3684 1326 3739 dies
1400 3701 1465 3739 xi.
1541 3695 1757 3740 mortua
1813 3686 2112 3742 reviviscit.

537 3775 725 3846 Myops
750 3776 863 3846 sive
888 3774 1119 3830 tabanus
1150 3787 1202 3830 vl
1268 3786 1412 3830 totos
1442 3793 1659 3833 menses
1679 3785 1924 3833 mortuus
1950 3755 2115 3832 vitam

539 3871 854 3932 recuperat.
892 3861 1121 3918 Phoenix
1173 3862 1291 3919 avis
1338 3874 1423 3920 est
1471 3866 1725 3930 Arabica,
1760 3883 1884 3938 quae
1914 3876 1970 3922 et
1998 3869 2120 3921 uni-

538 3970 675 4026 gena
703 3965 758 4009 et
786 3957 1060 4024 comparis
1085 3970 1282 4025 expers
1311 3958 1489 4012 fertur
1532 3963 1584 4013 in
1617 3961 1898 4016 creatione
1933 3977 2116 4016 rerum

539 4046 846 4101 exstitisse.
874 4047 1013 4101 Huic
1046 4047 1100 4100 in
1137 4047 1382 4117 singulos
1414 4064 1586 4105 annos
1608 4068 1640 4105 ι)
1668 4052 1933 4122 ejusmodi
1962 4053 2122 4122 quid-

542 4136 671 4189 dam
703 4136 1001 4190 usuvenire
1033 4135 1288 4198 traditur,
1327 4137 1474 4205 quod
1517 4139 1695 4192 laetam
1734 4140 1882 4194 illam
1938 4156 2122 4194 resur-

547 4227 846 4284 rectionem
869 4227 1086 4299 egregie
1103 4227 1262 4281 nobis
1290 4228 1360 4282 ob
1381 4228 1569 4282 oculos
1590 4229 1764 4298 ponit.
1784 4230 1918 4285 Nam
1945 4231 2119 4287 Graeci

548 4328 990 4376 commemorant
1033 4334 1160 4373 eum
1215 4319 1378 4372 ﬁnem
1422 4335 1579 4374 suum
1616 4322 2032 4390 prospicientem
2069 4325 2122 4378 in

547 4412 843 4482 .Egyptum
874 4422 995 4466 sese
1047 4411 1300 4464 conterre
1335 4425 1398 4464 ac
1443 4411 1543 4465 soli
1579 4411 1889 4466 obvertere.
1918 4412 2124 4467 Dcinde

550 4506 606 4558 in
637 4503 922 4573 pulverem
959 4501 1233 4565 exuritur,
1271 4501 1338 4555 de
1369 4516 1479 4570 quo
1519 4501 1742 4569 pulvere
1773 4505 1974 4558 vermis
2025 4521 2126 4558 na-

548 4595 744 4658 scitur,
771 4593 864 4662 qui
894 4608 1090 4648 rursus
1144 4594 1197 4647 in
1242 4594 1521 4648 volucrem
1557 4603 1926 4648 commutatur
1965 4612 2124 4664 quem

553 4686 867 4756 phoanicem
896 4686 1159 4741 dicimus.
1209 4688 1387 4755 Atque
1442 4686 1546 4741 hoc
1571 4704 1600 4750 ,·
1636 4695 1693 4738 ut
1743 4675 2126 4752 indicavimus,

553 4789 677 4848 post
733 4780 979 4850 singulos
1033 4782 1368 4849 quingentos
1413 4796 1588 4835 annos
1643 4780 1759 4833 tieri
1817 4781 2124 4836 consuevit.

553 4865 750 4926 Passer
779 4881 962 4926 autem
995 4870 1237 4940 Libycus
1269 4870 1384 4924 avis
1417 4870 1637 4939 quidem
1683 4877 1769 4924 est
1803 4871 1939 4941 (alas
1981 4873 2127 4926 enim

555 4963 773 5034 habet),
805 4977 1001 5017 verum
1051 4978 1160 5015 non
1205 4961 1352 5014 volat
1391 4969 1676 5030 prOpterca
1725 4961 1868 5030 quod
1924 4976 2131 5031 pennas

556 5055 757 5111 habeat
776 5054 842 5109 ad
875 5055 1115 5109 volatum
1146 5067 1254 5106 non
1277 5053 1411 5107 satis
1444 5053 1692 5116 idoneas,
1745 5053 1982 5122 utigqua:
2005 5053 2130 5122 pilis

560 5146 878 5201 consimiles
926 5146 1061 5200 sint.
1113 5145 1260 5199 idem
1291 5133 1446 5213 bipes
1486 5156 1569 5199 est
1596 5146 1780 5225 avium_
1811 5159 1985 5208 more,
2028 5131 2136 5198 ised

570 5239 803 5310 ungulas
828 5239 1034 5294 divisas
1068 5238 1233 5292 habet
1259 5247 1316 5291 ut
1343 5237 1674 5308 quadrupes.
1715 5237 1947 5293 Unicum
1975 5237 2137 5292 modo

561 5334 734 5388 fetum
767 5333 882 5386 avis
910 5331 1060 5386 nulla
1090 5330 1261 5401 gignit
1288 5339 1485 5400 praeter
1521 5344 1800 5402 rocygem.
1832 5328 1988 5396 Quod
2017 5329 2139 5399 qui-

565 5425 690 5479 dem
718 5424 778 5478 ﬁt
801 5422 870 5477 ob
899 5424 1020 5494 ejus
1044 5430 1254 5476 naturae
1281 5420 1656 5490 frigitlitateni,
1693 5434 1815 5489 qua:
1845 5420 1914 5474 dc
1945 5419 2138 5474 formi-

570 5519 700 5571 dine
733 5515 1012 5585 colligitur
1046 5531 1059 5567 :
1091 5529 1217 5568 nam
1269 5513 1373 5568 nisi
1411 5512 1634 5566 timidus
1673 5521 1850 5576 esset,
1882 5527 2011 5566 aves
2055 5512 2138 5581 ip-

2301 3315 2463 3371 Ἀλλὰ
2496 3316 2589 3370 καὶ
2631 3315 2719 3369 διὰ
2753 3316 2876 3379 τοὺς
2923 3310 3343 3384 ἀπιστοῦνταςῆ
3379 3313 3578 3383 μᾶλλον
3612 3314 3769 3370 εἰπεῖν

2223 3403 2586 3474 ἐπιγελῶντας
2632 3407 2698 3476 τῇ
2747 3403 3068 3464 ἀναστάσει.
3115 3402 3260 3457 καθά
3313 3421 3477 3472 φησιν
3532 3403 3559 3455 6
3613 3405 3770 3474 μέγας

2221 3486 2570 3568 Ἶῦπιφάνιος,
2619 3496 2899 3568 παράδοξά
2963 3514 3083 3548 τινα
3139 3496 3605 3566 προῳκονόμησαν
3644 3496 3773 3563 γίνε-

2223 3571 2372 3644 σθαι.
2417 3589 2480 3644 Ἥ
2513 3574 2705 3662 φάσκα
2727 3589 2950 3658 θνήσκει
2983 3587 3194 3658 ἡμέρας
3223 3586 3659 3656 τεσσαράκοντα,
3687 3585 3771 3639 καὶ

2225 3683 2388 3736 πάλιν
2432 3681 2739 3734 ἀνίσταται.
2783 3679 2841 3730 '0
2898 3677 3059 3746 μύωψ
3106 3677 3331 3745 θνήσκει
3368 3676 3542 3746 μῆνας
3575 3675 3655 3742 ἓξ,
3690 3673 3772 3728 καὶ

2225 3772 2389 3826 πάλιν
2413 3772 2723 3844 ἀνίσταται.
2763 3771 2822 3824 Ὀ
2853 3768 3029 3844 φοῖνιξ
3058 3769 3087 3820 ὁ
3133 3769 3423 3838 Ἀραΰικδς
3453 3765 3603 3839 ὅρνις
3633 3768 3773 3836 λέγει

2225 3884 2314 3919 ται
2344 3842 2486 3918 εἶναι
2513 3863 2829 3934 μονογενὴς.
2858 3842 3059 3928 ἄζυγος
3088 3863 3146 3914 ὲν
3170 3862 3236 3932 τῇ
3276 3860 3628 3930 δημιουργία,
3650 3857 3775 3915 κατΞι

2227 3959 2322 4026 ἐτη
2343 3955 2674 4009 πεντακόσια
2697 3955 2857 4009 τοῦτο
2887 3955 3088 4024 πάσχει
3117 3953 3146 4006 δ
3175 3955 3269 4006 καὶ
3291 3952 3527 4028 φαιδρὰν
3557 3949 3778 4019 προῖστᾷ

2227 4050 2324 4118 τὴν
2383 4048 2701 4102 ἀνάστασιν.
2732 4045 2896 4098 Αὐτοὶ
2955 4046 3052 4099 καὶ
3099 4044 3209 4116 γὰρ
3261 4047 3310 4100 οἱ
3348 4044 3610 4114 Ἕλληνες
3660 4043 3777 4110 περὶ

2229 4138 2392 4194 αὐτοῦ
2439 4139 2754 4209 διηγοῦνται
2814 4138 2896 4190 ὅτι
2959 4137 3231 4206 προγνοὺς
3282 4137 3352 4208 τὸ
3413 4135 3568 4198 τέλος
3625 4131 3775 4188 αὑτοῦ

2228 4233 2447 4304 ἔρχεται
2481 4230 2611 4299 περὶ
2656 4228 2755 4297 τὴν
2801 4227 3079 4295 Αἴγυπτον
3113 4226 3208 4279 καὶ
3253 4225 3482 4293 ἀντικρὺ
3518 4223 3610 4278 τοῦ
3639 4223 3777 4293 ἡλίου

2231 4325 2472 4388 ἵσταται,
2503 4317 2622 4375 εἶτα
2666 4319 2986 4389 τεφροῦται,
3017 4323 3112 4372 καὶ
3163 4318 3274 4372 ἀπὸ
3321 4316 3415 4371 τοῦ
3465 4317 3586 4387 χοὸς
3629 4311 3777 4367 αὑτοῦ

2233 4415 2446 4484 σκώληξ
2475 4414 2752 4481 γεννᾶται,
2782 4412 2878 4465 καὶ
2903 4411 3063 4490 αὐτὸς
3098 4409 3258 4472 αὖθις
3283 4409 3364 4473 εἰς
3389 4408 3594 4480 πτηνὸν
3626 4423 3779 4478 μετα-

2234 4509 2508 4561 ϐάλλεται.
2535 4506 2638 4558 Τὸν
2671 4501 2891 4572 φοίνικα
2933 4504 2989 4556 δὲ
3018 4504 3228 4568 τοῦτον,
3255 4503 3330 4565 ὡς
3366 4502 3621 4572 εἴπομεν,
3659 4499 3781 4580 μετὰ

2234 4599 2327 4667 ἐτη
2371 4597 2702 4650 πεντακόσια
2752 4595 2910 4648 εἴωθε
2958 4594 3224 4663 γίνεσθαι.
3269 4594 3327 4646 Ὀ
3381 4594 3440 4645 δὲ
3491 4589 3784 4664 στρουθὸςό

2165 4678 2206 4732 D
2232 4688 2466 4751 Λιόυκδς
2495 4688 2650 4757 ὅρνις
2682 4687 2779 4756 μὲν
2810 4688 2945 4750 ἔστι,
2981 4687 3259 4756 πτερωτὸς
3287 4687 3364 4752 δὲ,
3401 4687 3462 4738 οὑ
3493 4687 3713 4738 πέταται
3735 4682 3782 4735 δὲ

2238 4779 2326 4833 διὰ
2357 4781 2419 4831 τὸ
2451 4780 2520 4832 τὰ
2551 4781 2726 4848 πτερὰ
2766 4779 2930 4833 αὑτοῦ
2965 4781 3040 4853 μὴ
3062 4778 3424 4850 χρησιμεύειν
3453 4781 3533 4841 εἰς
3560 4775 3746 4848 πτῆσιν
3768 4789 3781 4802 ⁸

2237 4871 2510 4945 τριχοειδῆ
2561 4871 2689 4941 γάρ.
2736 4873 2843 4924 Καὶ
2891 4872 3080 4934 δίπους
3151 4871 3250 4942 μὶν
3299 4871 3447 4923 ἔστιν
3504 4870 3578 4934 ὡς
3633 4871 3782 4940 ὅρνις.

2237 4963 2442 5032 διχηλεί
2469 4963 2524 5016 δὲ
2555 4963 2628 5024 ὡς
2651 4964 2977 5033 τετράπους.
3017 4963 3174 5016 Ἀλλὰ
3208 4964 3302 5020 καὶ
3334 4963 3627 5038 μονοτόκον
3651 4958 3784 5014 οὐδὲν

2237 5055 2345 5107 τῶν
2385 5053 2612 5122 ὀρνίθων
2650 5040 2822 5120 ἐστίν,
2857 5057 2903 5107 εί
2955 5055 3031 5125 μὴ
3080 5054 3242 5122 μόνος
3293 5057 3321 5106 6
3381 5053 3590 5120 κόκκυξ
3630 5052 3708 5106 διὰ
3736 5047 3786 5101 τὸ

2237 5145 2446 5215 ψυχρὸν
2480 5147 2576 5215 τῆς
2625 5145 2792 5198 αὐτοῦ
2843 5145 3084 5215 φύσεως.
3120 5147 3243 5198 Ὅτι
3290 5145 3344 5198 δὲ
3390 5144 3624 5216 ψυχρὸς,
3653 5141 3788 5212 δῆλον

2236 5241 2300 5291 ὲκ
2331 5239 2431 5309 τῆς
2461 5237 2663 5300 δειλίας
2691 5237 2860 5292 αὑτοῦ
2886 5253 2902 5269 ⁶
2943 5237 3039 5292 καὶ
3067 5239 3174 5308 γὰρ
3205 5239 3253 5290 εί
3289 5239 3363 5308 μὴ
3397 5234 3462 5306 ἧν
3488 5238 3679 5300 δειλὸς,
3702 5235 3786 5286 οὐκ

2235 5331 2301 5384 ἂν
2334 5331 2440 5384 ὑπὸ
2469 5332 2690 5385 πάντων
2723 5329 2980 5394 ἐδιώκετο
3007 5331 3134 5385 ’τῶν
3171 5330 3393 5400 ὀρνέων,
3427 5331 3715 5383 κάντεῦθεν
3739 5328 3786 5378 ὲν

2235 5425 2544 5494 ἀλλοτρίαις
2572 5424 2754 5477 ἔτικτε
2780 5427 3070 5489 νεοττιαῖς.
3107 5423 3396 5494 Πανταχοῦ
3426 5423 3482 5476 δὲ
3529 5425 3562 5494 ἡ
3597 5419 3784 5493 ψυχρό-

2234 5530 2334 5582 της
2363 5513 2511 5566 αἰτία
2549 5512 2770 5575 δειλίας.

568 5622 689 5660 sum
719 5605 985 5660 universa:
1012 5619 1122 5659 non
1189 5613 1673 5675 persequerentur.
1717 5601 1992 5671 Quo-ipso
2028 5601 2090 5655 ﬁt
2152 5613 2211 5657 ut
2247 5603 2394 5658 nidis
2439 5601 2632 5657 alienis
2663 5611 2876 5658 utatur:
2923 5602 3030 5674 Est,
3070 5612 3250 5659 autem
3291 5601 3561 5672 {rigiditas
3601 5599 3783 5668 ubique

569 5699 880 5756 formidinis
909 5714 1091 5755 causa.
