3968 6228
237 300 334 362 ιον

1467 293 1867 361 ΑΝΝᾹΙΛΠΜ
1914 290 2103 349 PARS
2150 289 2191 345 Ι.

3365 236 3465 328 ita

310 419 451 473 Ἀλλ’
480 419 601 472 οὐδὲ
637 421 801 475 τοῦτό
851 436 905 473 σε
936 419 1335 490 παραδραμεῖν,
1370 418 1642 484 άγαπητὲ.
1672 414 1799 484 βού-

1970 408 2076 479 47
2117 406 2194 460 Ne
2230 390 2332 458 hoc
2366 400 2584 471 quidem
2636 393 2855 452 silentio
2898 386 3175 461 praeterire
3206 397 3463 454 possum,

226 511 418 581 λομαι,
449 512 889 581 παραδοξότερον
924 514 1013 566 καὶ
1052 513 1285 581 μάλιστα
1325 512 1434 563 τῶν
1460 510 1634 565 ἄλλων
1661 508 1742 571 ὃν,
1772 508 1800 561 ὃ

230 603 360 668 περὶ
408 600 624 668 ὄρνιθος
654 601 748 654 τοῦ
799 602 1135 671 καλουμένου
1192 597 1429 670 μέροπος
1477 602 1504 652 ὁ
1554 597 1800 659 Δίλιανδς

230 692 456 755 ἱστορεῖ.
495 691 724 761 ιΜὲροψ
772 711 790 744 ι
838 692 1011 759 λέγων
1066 710 1085 743 ι
1130 690 1189 745 τὸ
1231 693 1420 759 ὄρνεον
1447 690 1525 751 τις
1556 687 1801 761 τούπὲσω

234 783 489 836 πέταται.
524 802 541 835 ι
572 757 890 841 καὶ-ἔπεισί
911 757 916 759 ﬁ
938 800 1027 853 μοι
1063 757 1367 852 θαυμάζειν
1397 782 1496 850 τὴν
1528 757 1801 850 ἐπίσημον

226 876 512 941 ἀναφορὰν
543 878 610 946 ῆν
638 878 813 930 ἐκεῖνο
836 878 959 943 ἄγει
987 876 1047 931 τὸ
1075 877 1237 941 ζῶον.

298 967 373 1020 Τὸ
398 967 457 1029 δὲ
494 968 585 1021 τὸν
617 968 953 1037 ἀλεκτρυόνα
985 968 1177 1030 νυκτὸς
1207 967 1358 1039 ᾄδειν
1381 967 1441 1019 ἐν
1471 963 1803 1035 ὡρισμένοις

226 1062 447 1130 καιροῖς
466 1060 530 1113 ού
570 1060 677 1130 πρὸ
708 1060 903 1117 πολλοῦ
930 1064 1028 1132 τῆς
1053 1060 1146 1114 τοῦ
1179 1060 1333 1131 ἡλίου
1362 1058 1629 1129 ἀνατολῆς
1659 1057 1803 1121 τινὲς

226 1152 333 1220 μὲν
383 1152 817 1221 ἐφυσιολόγησαν
875 1150 1072 1220 οὕτως,
1119 1152 1201 1205 ὅτι
1260 1150 1595 1222 θερμότατον
1629 1148 1689 1203 ὃν
1747 1149 1806 1204 τὸ

226 1243 370 1307 ζῶον
414 1245 509 1299 καὶ
541 1244 722 1315 λίχνον
769 1247 897 1316 περὶ
936 1246 1037 1309 τὰς
1088 1245 1198 1300 τῶν
1244 1246 1460 1317 τροφῶν
1498 1244 1708 1316 ὀρέξεις
1737 1246 1803 1313 τῇ

230 1336 337 1404 μιν
375 1337 613 1408 ἑμφύτιιί
630 1337 929 1410 θερμότητι
968 1338 1272 1411 ταχύτερον
1310 1338 1507 1392 πίπτει
1529 1341 1628 1408 τὴν
1661 1336 1804 1391 διδοο

229 1430 407 1501 μένην
438 1430 669 1500 τροφὴν,
700 1434 766 1501 τῇ
798 1431 857 1486 δὲ
911 1430 1124 1501 λιχνιίᾳ
1162 1431 1263 1501 τῆς
1309 1429 1526 1500 φύσεως
1567 1445 1807 1500 προανα-

230 1525 403 1591 φωντε
426 1524 527 1594 τὴν
561 1524 693 1594 περὶ
731 1522 905 1579 ταῦτα
941 1523 1144 1596 ὄρεξιν,
1175 1525 1342 1579 οιονιὶ
1388 1522 1808 1595 προσκαλούμε-

230 1633 323 1678 νος
360 1618 456 1671 τὸν
481 1617 779 1680 σιτίζοντα.
816 1618 1038 1687 Ἐτιροι
1062 1617 1119 1672 δέ
1151 1635 1314 1685 φασιν
1337 1617 1420 1671 ὅτι
1451 1616 1547 1671 καὶ
1574 1615 1808 1669 ἕκαστον

229 1709 342 1763 τῶν
402 1708 643 1763 tunso:
697 1710 868 1763 ὄντων
920 1710 1015 1763 καὶ
1072 1708 1377 1778 γινομένων
1434 1708 1649 1777 ἑκάστῳ
1699 1706 1808 1760 τῶν

230 1804 543 1870 φωστήρων
601 1800 907 1866 ἀνάκειται,
962 1799 1154 1870 ὥσπερ
1202 1799 1231 1851 ό
1290 1798 1458 1861 λωτὸς
1518 1798 1578 1851 τὸ
1645 1798 1813 1867 φυτδν

230 1894 461 1964 ἠλιακόν
500 1897 669 1956 ἐστιν,
721 1893 843 1953 ὅθεν
896 1892 1246 1947 ἀνατέλλοντι
1293 1891 1396 1961 μὲν
1435 1891 1513 1961 τῷ
1561 1892 1814 1960 φωστῆρι

231 1986 462 2053 ἑξαπλοί
499 1985 569 2040 τά
611 1986 808 2055 φύλλα,
832 1985 1043 2040 δύνοντι
1080 1985 1140 2039 δὲ
1190 1983 1494 2041 συστέλλει.
1524 1982 1684 2037 Οὕτω
1715 1983 1816 2052 μὲν

229 2078 327 2134 οὖν
352 2081 452 2134 καὶ
487 2080 519 2133 ό
549 2080 868 2151 ἀλεκτρυὼν
909 2079 1015 2134 ύπδ
1059 2079 1161 2150 τὴν
1212 2078 1447 2147 ἡλιακὴν
1485 2076 1644 2142 τάξιν
1672 2076 1813 2131 ἐστι.

235 2174 423 2245 Ταύτῃ
470 2190 552 2227 τοι
609 2175 705 2227 καὶ
757 2174 894 2243 πρὸς
939 2172 1212 2243 ἀνατολὴν
1259 2172 1535 2233 ἐπανιόντι
1580 2169 1658 2238 τῷ
1701 2168 1816 2237 [δίῳ

232 2265 521 2336 ἀρχηγέτῃ
549 2265 881 2335 ἀπορρήτοις
909 2264 1003 2318 καὶ
1031 2262 1278 2333 φυσικῶς
1301 2262 1687 2329 ὲπιγάννυται,
1719 2259 1817 2312 καὶ

234 2356 431 2426 ὥσπερ
482 2356 631 2427 ᾠδὴν
681 2355 832 2425 αὐτῷ
887 2354 1214 2425 ποιούμενος
1267 2352 1690 2423 ἅπολαμπρύνει
1755 2368 1817 2405 τε

234 2449 335 2517 τὴν
364 2448 553 2518 φωνὴν
582 2450 677 2502 καὶ
710 2449 853 2518 μέγα
882 2448 1003 2519 βοᾷ.
1046 2448 1157 2502 Καὶ
1180 2440 1329 2501 οὗτοι
1381 2450 1479 2517 μὲν
1506 2446 1680 2509 οὕτως
1702 2463 1717 2476 θ
1751 2447 1816 2500 σὺ

237 2541 317 2601 δὶ,
346 2541 626 2611 ἀγαπητδ,
657 2543 757 2604 τὰς
797 2545 1056 2603 τοιαύτας
1084 2540 1269 2609 φωνὰς
1315 2542 1456 2609 μετὰ
1482 2540 1592 2595 τῶν
1630 2539 1819 2610 μύθων

238 2633 499 2704 ἀριθμεῖν
553 2633 630 2703 μὴ
674 2634 860 2687 δέδιθι.
905 2633 1009 2687 Τὸν
1068 2635 1179 2704 γάρ
1225 2632 1563 2702 ἀλεκτρυόνα
1624 2632 1817 2695 νυκτὸς

240 2727 433 2793 ἔταξεν
468 2727 620 2799 ᾄδειν
648 2729 676 2779 ὁ
711 2726 967 2796 κηδεμὼν
1010 2726 1228 2781 πάντων
1276 2724 1431 2787 Θεὸς.
1462 2724 1538 2787 ὡς
1571 2722 1839 2775 ἐντεῦθεν

248 2820 392 2889 ἡμᾶς
443 2818 678 2880 ἄκοντας
720 2816 819 2885 τῆς
877 2816 1065 2884 κλίνης
1098 2812 1411 2883 ὲγείρεσθαι
1464 2812 1560 2866 καὶ
1617 2812 1692 2882 μὴ
1721 2812 1819 2883 τὴν

244 2908 414 2963 νύκτα
445 2905 867 2959 καταναλίσκειν
898 2905 1025 2973 ὃλην
1050 2905 1143 2955 ἐπὶ
1168 2904 1369 2965 κενοῖς,
1398 2901 1534 2955 ἀλλὰ
1561 2902 1691 2961 τοὺς
1720 2902 1820 2969 μὲν

248 3003 326 3061 εἷς
382 2998 652 3069 ἐργασίαν
717 2996 1110 3067 ἐκτρέπεσθαι,
1164 2996 1291 3057 τοὺς
1360 2993 1416 3046 δὲ
1478 2992 1614 3061 πρὸς
1668 2992 1820 3047 θείαν

243 3091 559 3158 θεολογίαν
596 3090 921 3145 ἀνίστασθαι
949 3104 962 3119 ο
999 3086 1226 3142 τοιαῦτα
1272 3085 1383 3155 γὰρ
1416 3083 1515 3139 τυῦ
1549 3084 1685 3136 Θεοῦ

251 3187 337 3240 διὰ
366 3184 544 3252 λόγων
588 3184 681 3237 καὶ
705 3181 795 3236 διὰ
821 3180 977 3244 ζώων
1006 3179 1107 3233 οὐκ
1131 3177 1487 3246 ἀναινομένου
1519 3175 1822 3231 παιδεύειν.

253 3281 359 3334 Καὶ
379 3279 652 3348 πρόσσχες
679 3277 756 3344 τῷ
776 3276 1083 3344 Σολομῶντι
1124 3274 1360 3343 λέγοντι’
1398 3271 1536 3325 «Ἴθι
1576 3270 1712 3341 πρὸς
1737 3270 1830 3324 τὸν

257 3373 543 3443 μύρμηκα,
576 3366 622 3426 ὣ
650 3369 871 3439 ὀκνηρέ.
909 3387 929 3422 ι
1774 3414 1811 3443 ⁸

323 3465 566 3518 Γὶνωσκε
615 3463 674 3515 δὲ
735 3462 829 3515 καὶ
885 3461 1065 3525 τοῦτο,
1094 3460 1176 3515 ὅτι
1227 3458 1328 3531 τὴν
1379 3459 1545 3529 μυῖαν
1595 3454 1830 3527 Ἀττικῷ

248 3555 433 3623 -μέλιτι
462 3555 539 3625 μὴ
584 3552 945 3623 ἐπικαθῆσθαι
991 3568 1151 3620 φασι.
1191 3549 1400 3620 Θύμοις
1436 3550 1530 3604 καὶ
1578 3548 1687 3618 γὰρ
1730 3546 1832 3619 τὴν

272 3646 524 3716 Ἀττικὴν
564 3646 825 3714 κομῶσαν
850 3645 967 3698 εστι
998 3643 1324 3707 θεάσασθαι,
1363 3637 1445 3703 οἷς
1483 3640 1832 3710 ὲφιζάνουσιν

275 3738 520 3792 Ἀττικαὶ
547 3740 870 3808 συχνότερον
922 3737 1194 3806 μέλισσαι.
1239 3732 1527 3787 Ἐντεῦθεν
1572 3732 1667 3784 καὶ
1711 3730 1830 3799 δρι-

265 3828 508 3896 μυτέραν
539 3826 654 3897 ἔχει
698 3826 799 3897 τὴν
827 3827 1118 3895 ὄσφρησιν.
1154 3823 1245 3877 Διὸ
1278 3821 1532 3890 καθάπερ
1564 3819 1694 3890 ἱερῷ
1721 3836 1831 3873 τινι

274 3918 503 3989 Ἀττικῷ
540 3919 676 3988 μυῖα
704 3918 802 3971 οὑκ
827 3910 1158 3988 ὲπικάθητάι
1196 3915 1393 3986 μέλιτι.

330 4200 577 4252 Γινωσκε
611 4195 668 4249 δὲ
698 4191 837 4265 πρὸς
878 4190 1095 4252 τούτοις
1136 4190 1218 4243 ὅτι
1262 4191 1419 4257 μυῖαι
1448 4187 1544 4241 καὶ
1582 4185 1836 4257 μέλισσαι

268 4290 360 4343 καὶ
422 4287 718 4359 μύρμηκες
776 4284 881 4338 ὑπὸ
937 4283 1117 4336 ἐλαίου
1169 4282 1524 4342 ἀπόλλυνται,
1575 4278 1712 4330 διότι
1769 4276 1838 4330 τὰ

267 4379 672 4435 ἁναπνευστικᾶι
719 4378 881 4429 στενὰ
932 4376 1071 4445 ἔχει,
1127 4373 1186 4425 τὸ

266 4474 567 4541 ἐμφράττει
595 4469 758 4523 αὑτά.
795 4466 1074 4535 Πάσχουσι
1127 4464 1183 4517 δὲ
1228 4462 1390 4517 τοῦτο
1422 4463 1517 4516 καὶ
1573 4463 1623 4514 oi
1677 4460 1832 4530 ὄφεις

271 4567 372 4618 ὑπὸ
419 4566 526 4618 τῶν
583 4562 906 4633 βαρυόδμων
935 4577 948 4590 ·
984 4560 1045 4613 τὸ
1090 4557 1197 4626 γὰρ
1252 4557 1384 4624 παρ’
1419 4558 1601 4615 αὐτοῖς
1645 4551 1830 4619 στενόο

271 4672 431 4725 πορον
486 4654 595 4707 τῶν
646 4649 1095 4706 ἀναπνευστικῶν
1143 4648 1518 4716 ὲμφράττεται
1573 4642 1679 4697 ὑπὸ
1731 4641 1833 4710 τῆς

264 4746 371 4799 τῶν
424 4743 791 4811 θυμιωμένων
841 4737 1174 4808 παχύτητος.
1224 4735 1349 4789 Ἐπὶ
1389 4736 1497 4804 γὰρ
1537 4734 1713 4803 τούτῳ
1744 4732 1838 4784 καὶ

272 4838 327 4888 τὸ
384 4836 488 4903 τῆς
561 4833 759 4901 ἐλάφου
838 4832 1009 4900 κέρας
1090 4826 1440 4898 θυμιώμενον
1496 4824 1691 4894 φεύγει
1746 4825 1840 4876 καῖ.

276 4929 469 4998 μᾶλλον
497 4929 526 4980 ό
553 4927 677 4995 δ’ρις
702 4943 714 4956 °
750 4923 1105 4992 λειποθυμεῖν
1150 4921 1260 4990 γὰρ
1308 4919 1471 4972 αὑτὸν
1520 4916 1843 4985 ἀναγκάζει.

354 5104 478 5158 Ἐπὶ
527 5104 664 5155 πᾶσι
707 5102 764 5156 δὲ
797 5102 1010 5162 τούτοις
1043 5102 1155 5162 τοῖς
1186 5099 1396 5170 ὀρνέοις
1431 5096 1727 5167 ούρηδόχον
1756 5095 1853 5149 κύ-

264 5211 387 5247 στιν
433 5195 529 5247 καὶ
566 5195 800 5263 νεφροὺς
848 5195 881 5262 ἡ
919 5192 1085 5269 φύσις
1135 5193 1235 5244 οὐκ
1280 5190 1501 5253 ἔδωκεν,
1534 5189 1617 5241 ὅτι
1644 5187 1852 5255 πολλῆς

279 5285 571 5355 ὑγρότητος
618 5284 728 5337 ἔδει
791 5283 927 5352 προς
974 5283 1188 5351 γένεσιν
1234 5283 1343 5335 τῶν
1397 5279 1638 5349 πτερῶν.
1686 5277 1849 5331 Ἀλλά

281 5380 368 5430 καὶ
420 5378 480 5431 τὸ
528 5376 909 5453 γυμνάζεσθαι
944 5375 1087 5427 κατὰ
1130 5375 1229 5445 τὴν
1257 5374 1460 5443 πτῆσιν
1498 5366 1847 5433 ὲξαναλίσκει

282 5470 499 5537 ταύτην.
532 5470 759 5538 Ἔχουσι
806 5468 866 5520 δὲ
917 5469 1013 5520 καὶ
1053 5468 1150 5535 τὴν
1186 5466 1392 5534 κόπρον
1444 5458 1696 5530 ἐξιοῦσαν
1748 5455 1846 5507 σὺν

284 5559 533 5629 ὑγρότητι
596 5560 657 5611 ού
727 5559 988 5630 μετρίως.
1052 5554 1400 5625 Καὶιτούτου
1469 5552 1633 5623 χάριν
1678 5547 1845 5615 οὐρη-

354 5736 394 5767 ⁸¹³
428 5733 587 5789 Prov.
624 5749 701 5800 νι,
736 5733 789 5786 6.

1910 476 2096 555 ιηιιῙιίς
2129 496 2249 551 aliis
2282 495 2446 548 rebus
2464 486 2865 551 admirabilius,
2897 479 3040 552 quod
3066 476 3132 531 de
3173 489 3268 528 ave
3305 486 3467 539 quam

1868 618 1869 621 η
1910 605 2188 660 meropem
2220 594 2417 641 vocant
2448 581 2695 637 Ailianus
2742 574 3020 630 memoriae
3062 565 3322 654 prodidit.
3359 560 3472 615 Me-

1910 698 2056 752 rops,
2094 680 2295 749 inquit,
2329 677 2445 731 avis
2486 682 2787 733 retrorsum
2826 655 3009 728 volat,
3054 675 3214 733 quem
3251 655 3470 726 quidem

1912 749 2118 827 motum
2167 769 2521 834 velatumque
2573 761 2737 831 hujus
2779 754 3028 813 animalis
3077 749 3375 805 notabilem
3412 758 3475 796 ac

1911 854 2230 923 inusitatum
2270 858 2412 914 haud
2447 858 2542 912 abs
2569 872 2625 909 re
2657 851 2838 906 mirari
2863 847 3032 903 subit.

1980 955 2097 1011 Jam
2126 950 2271 1023 quod
2319 950 2492 1022 gallus
2527 946 2864 1018 gallinaceus
2917 947 3081 994 noctu
3114 934 3280 990 certis
3323 930 3491 984 horis.

1911 1057 2116 1110 cantet,
2148 1062 2254 1105 non
2288 1044 2521 1099 multum
2549 1048 2673 1095 ante
2704 1036 2836 1092 solis
2865 1044 3071 1093 ortmn,
3095 1029 3212 1099 ejus
3236 1023 3311 1079 rei
3343 1038 3477 1078 cau-

1912 1158 2026 1199 sam
2064 1141 2117 1195 in
2165 1139 2313 1193 hunc
2364 1134 2587 1190 modum
2627 1128 2873 1186 nonnulli
2904 1123 3270 1194 explicarunt.
3311 1115 3475 1169 Aiunt

1912 1234 2058 1290 enim
2110 1228 2311 1286 animal
2365 1228 2471 1282 hoc
2497 1244 2526 1283 a
2560 1234 2750 1280 natura
2778 1206 3169 1275 calidissimum
3204 1210 3337 1265 etin
3371 1205 3483 1274 pri-

1914 1325 2019 1383 mis
2055 1323 2109 1376 in
2138 1318 2445 1389 appetendo
2486 1316 2825 1371 nutrimento
2855 1308 3075 1366 avidum
3127 1302 3198 1357 ob
3240 1300 3477 1354 calorem

1914 1417 2137 1488 quidem
2170 1413 2393 1471 insitum
2425 1412 2589 1466 citius
2643 1415 2930 1476 acceptum
2981 1400 3300 1455 alimentum
3345 1407 3479 1449 con-

1914 1527 2174 1583 coquere,
2193 1509 2263 1566 ob
2290 1507 2605 1563 aviditatem
2627 1514 2756 1556 vero
2778 1505 2985 1553 naturae
3004 1493 3301 1565 appetitum
3321 1499 3483 1540 suum

1916 1606 2251 1677 signiﬁcare,
2284 1598 2440 1671 quasi
2491 1602 2803 1667 pascentem
2855 1605 2913 1647 se
2951 1588 3144 1643 invitet
3172 1594 3224 1640 et
3257 1583 3482 1638 excitet.

1918 1675 2024 1755 Alii
2057 1699 2246 1752 volunt
2274 1707 2388 1750 rem
2425 1690 2728 1761 quamlibet
2751 1682 2916 1739 alicui
2949 1690 3101 1736 certo
3133 1678 3298 1734 sideri
3337 1675 3486 1727 dica-

1920 1803 2028 1847 tam
2052 1798 2195 1851 esse,
2232 1784 2394 1840 sicuti
2420 1783 2563 1837 lotus
2589 1777 2757 1833 herba
2805 1773 2998 1831 solaris
3030 1779 3133 1826 est.
3176 1770 3293 1834 Quo
3334 1765 3393 1819 fit
3430 1771 3488 1816 ut

1919 1881 2050 1938 huic
2081 1875 2340 1933 luminari
2381 1870 2651 1928 cxorienti
2684 1865 2809 1919 folia
2845 1879 2940 1917 sua
2972 1860 3196 1932 pandat,
3242 1872 3365 1911 cum
3398 1869 3489 1908 ea—

1916 1973 2041 2030 dem
2069 1970 2263 2025 eodem
2306 1963 2589 2021 occidente
2616 1957 2923 2015 contrahat.
2955 1954 3044 2009 Sic
3074 1960 3130 2005 et
3172 1949 3344 2019 gallus
3376 1946 3491 2015 gal-

1917 2068 2163 2122 linaccus
2216 2059 2285 2115 de
2338 2059 2532 2111 horum
2584 2051 2840 2122 Opinione
2872 2047 2974 2101 sub
3014 2043 3182 2098 solem
3231 2039 3485 2093 refertur.

1918 2151 2291 2223 Quamobrem
2327 2145 2393 2201 ad
2442 2153 2624 2200 ortum
2658 2138 2921 2195 redeunte
2955 2133 3094 2187 duce
3133 2144 3231 2185 suo
3282 2126 3491 2180 ratione

1920 2244 2159 2318 quadam
2215 2236 2430 2296 occulta
2476 2244 2532 2291 et
2575 2230 2811 2286 naturali
2841 2224 3080 2299 {gandeL
3134 2220 3306 2276 Simul
3337 2215 3489 2289 quasi

1920 2349 2144 2390 carmen
2166 2330 2218 2387 ei
2247 2326 2522 2399 quoddam
2559 2321 2851 2378 concinere
2886 2317 3017 2371 velit
3035 2354 3050 2378 ,
3076 2313 3280 2370 clarius
3303 2321 3491 2361 vocem

1923 2424 2125 2482 attollit
2146 2431 2201 2478 et
2231 2398 2402 2476 altum
2430 2416 2653 2472 clamat.
2684 2413 2861 2479 Atque
2888 2408 3105 2475 illorum
3135 2400 3356 2473 quidem
3377 2398 3494 2451 haec

1918 2526 2009 2572 est
2042 2512 2340 2569 sententia.
2379 2510 2460 2563 Tu
2493 2522 2642 2569 vero,
2686 2504 2759 2559 mi
2802 2502 2875 2557 (ili
2904 2540 2920 2566 ,
2955 2511 3119 2554 voces
3181 2488 3495 2565 huiusmodi

1926 2609 2137 2665 referre
2170 2606 2315 2660 inter
2356 2600 2567 2656 fabulas
2602 2613 2672 2652 ne
2702 2593 2961 2653 verearis.
2998 2592 3129 2647 Nam
3162 2589 3360 2661 gallum
3385 2585 3525 2655 εει--

1926 2703 2205 2757 linaceum
2244 2682 2408 2751 noctu
2464 2703 2665 2746 canere
2720 2687 2864 2741 Deus
2917 2682 3116 2754 jussit,
3171 2678 3264 2748 qui
3312 2674 3495 2730 omnia

1922 2789 2267 2865 providentia
2294 2802 2392 2844 sua
2415 2780 2820 2854 complectitur‘
2852 2790 2911 2831 ut
2929 2776 3030 2829 hoc
3058 2771 3219 2827 modo
3238 2769 3321 2824 vel
3341 2767 3498 2822 inviti

1924 2889 1991 2943 de
2020 2884 2224 2941 lectulo
2255 2893 2543 2951 surgamus
2585 2890 2687 2929 nec
2733 2872 2853 2926 sine
2882 2869 3061 2924 fructu
3110 2872 3323 2919 noctem
3356 2860 3498 2915 inte-

1922 2991 2073 3047 grani
2123 2984 2532 3031 consumamus,
2576 2963 2667 3019 sed
2697 2960 2890 3032 partim
2916 2957 2982 3013 ad
3017 2971 3212 3027 operas
3245 2968 3343 3007 nos
3373 2966 3500 3006 con-

1726 3084 1823 3137 καὶ
1850 3099 1895 3157 C
1927 3077 2224 3130 vertamus,
2249 3060 2446 3133 partim
2472 3058 2540 3113 ad
2572 3054 2667 3111 Dei
2716 3051 3139 3110 celebrationem
3171 3047 3498 3102 excitemur.

1936 3162 2027 3215 Sic
2054 3158 2202 3215 enim
2236 3151 2522 3212 consuevit
2560 3150 2701 3203 Dens
2737 3154 2845 3201 tam
2875 3159 2971 3214 per
3001 3141 3305 3197 doctrinam
3336 3153 3499 3208 quam

1936 3254 2051 3322 ipsa
2082 3250 2248 3306 etiam
2277 3244 2535 3307 animalia
2571 3255 2672 3296 nos
2700 3237 2946 3294 erudire.
2985 3233 3125 3301 Quid
3166 3231 3388 3285 Solonio
3421 3228 3503 3283 di-

1935 3353 2041 3408 cat,
2068 3340 2238 3396 audi:
2274 3357 2293 3393 ι
2330 3338 2409 3392 Ad
2454 3333 2762 3396 formicam,
2799 3330 3013 3401 ignave,
3051 3336 3101 3382 te
3128 3322 3317 3379 confer
3346 3322 3411 3375 ”.
3442 3340 3461 3371 ι

2004 3434 2122 3491 lloc
2167 3432 2331 3489 etiam
2367 3426 2744 3484 animadverte
2776 3463 2791 3488 ,
2850 3421 2995 3492 quod
3042 3432 3286 3473 muscam
3321 3413 3503 3470 Attico

1940 3527 2090 3584 melli
2142 3533 2342 3594 negant
2378 3519 2640 3579 insidere.
2670 3513 3034 3584 Nam‘thymo
3056 3510 3290 3566 Atticam
3334 3508 3507 3562 abun-

1939 3622 2073 3675 dare
2104 3619 2376 3681 videmus,
2410 3612 2496 3667 cui
2523 3609 2708 3665 herbae
2741 3616 2799 3661 ut
2834 3595 3130 3677 plurimum
3169 3616 3299 3672 apes
3320 3599 3509 3654 Attica:

1941 3710 2205 3766 insident.
2240 3707 2360 3773 Quo
2399 3704 2574 3773 fit'ut
2625 3700 2730 3757 mel
2788 3698 3029 3753 Atticum
3082 3694 3244 3748 etiam
3286 3691 3510 3746 odorem

1939 3806 2144 3863 habeat
2182 3801 2476 3855 acriorem.
2520 3794 2731 3849 Idcirco
2780 3790 2927 3845 melli
2986 3786 3200 3851 Attico,
3251 3791 3517 3852 tanquam

1938 3910 2118 3962 sacro,
2168 3906 2369 3947 musca:
2400 3904 2508 3942 non
2547 3884 2791 3941 insident
2831 3897 2849 3933 :
2879 3879 2972 3934 sed
3015 3886 3074 3951 ut
3122 3876 3355 3930 maxime
3384 3888 3519 3927 cum.

1940 3986 2176 4055 Strepitu
2228 3977 2663 4038 circumvolent,
2694 3974 2763 4027 ab
2800 3968 3111 4040 direptione
3150 3975 3327 4034 tamen
3358 3962 3510 4016 labo-

1942 4091 2062 4130 rum
2093 4074 2209 4143 apis
2236 4070 2431 4125 Atticae
2462 4073 2741 4120 arcentur.

2013 4169 2213 4222 Praeter
2249 4165 2363 4218 liaic
2397 4162 2535 4215 scire
2575 4158 2785 4221 debes,
2834 4168 3050 4209 muscas
3072 4159 3128 4204 ct
3154 4164 3282 4217 apes
3317 4157 3372 4201 et
3405 4146 3514 4197 for-

1944 4262 2113 4316 micas
2138 4258 2260 4313 oleo
2287 4252 2584 4324 exstingui.
2603 4250 2737 4305 Nam
2768 4262 2892 4301 vasa
2912 4243 3115 4314 quibus
3138 4238 3424 4308 respiratio
3458 4236 3513 4288 fit

1240 4372 1297 4425 δὲ
1346 4328 1528 4425 ἔλαιον
1574 4328 1822 4439 hiem

1945 4361 2074 4408 sunt
2100 4351 2181 4405 eis
2208 4356 2464 4418 angusta,
2483 4358 2605 4414 quae
2628 4341 2695 4395 ah
2722 4339 2843 4393 oleo
2867 4344 3060 4391 natura
3091 4332 3239 4385 lento
3274 4328 3514 4382 viscosu-

2706 4430 2758 4439 -.
3319 4416 3513 4439 “Am.

1870 4436 1912 4493 Ι)
1941 4460 2050 4514 que
2078 4442 2237 4497 facile
2266 4416 2650 4493 obstruuntur.
2706 4430 2853 4484 Idem
2914 4422 3265 4496 serpentibus
3316 4416 3518 4471 accidit

1935 4531 2306 4591 eti’erentibus
2336 4543 2397 4583 se
2425 4524 2593 4581 rebus
2627 4535 2858 4591 quarum
2895 4515 3074 4586 gravis
3105 4508 3357 4566 estodor.
3387 4506 3513 4559 Etc-

1938 4628 2049 4682 nim
2088 4622 2341 4693 angustia
2370 4626 2650 4673 meatuum
2678 4613 2733 4666 in
2776 4611 2858 4665 eis
2887 4601 3234 4675 respirationi
3265 4598 3506 4654 destina-

1940 4728 2118 4773 torum
2177 4728 2276 4784 per
2330 4710 2611 4766 suffituum
2656 4701 2961 4758 crassitiem
3008 4692 3334 4751 obstniitur.
3398 4687 3519 4753 Qua

1941 4812 2055 4880 ipsa
2083 4808 2151 4864 de
2192 4819 2359 4860 causa
2390 4801 2449 4854 (it
2478 4810 2537 4854 ut
2570 4813 2744 4854 cornu
2781 4791 3061 4849 cervinum
3080 4800 3308 4858 serpens
3334 4784 3517 4851 magis

1946 4878 2116 4957 etiam
2147 4897 2325 4968 fugiat
2369 4907 2533 4963 quam
2560 4905 2648 4945 res
2676 4888 2796 4942 illas
2824 4884 3079 4940 odoratas
3105 4896 3120 4934 :
3161 4878 3364 4948 quippe
3398 4890 3519 4929 ser-

1948 5002 2168 5065 pentem
2204 4989 2258 5044 id
2290 5001 2517 5058 prorsus
2546 4981 2844 5039 exanimat.

2020 5084 2193 5153 Supra
2220 5079 2332 5151 48
2353 5076 2533 5131 omnia
2563 5072 2725 5127 nobis
2754 5069 2808 5123 in
2836 5065 2947 5121 hoc
2978 5064 3164 5125 etiam,
3196 5059 3295 5118 illi.
3327 5068 3410 5112 est
3438 5058 3522 5109 in-

1951 5173 2302 5244 quirendum.
2352 5160 2595 5223 Vesicam
2649 5162 2796 5218 illam
2849 5174 2953 5228 qua
3011 5156 3167 5209 urina
3225 5151 3519 5220 excipitur,

1953 5269 2193 5335 itemque
2244 5278 2404 5317 renes
2446 5259 2638 5313 avibus
2690 5254 2898 5309 idcirco
2945 5256 3136 5304 natura
3187 5260 3294 5298 non
3344 5242 3520 5298 dedit.

1954 5358 2101 5430 quod
2138 5355 2204 5408 ad
2241 5349 2624 5424 producendas
2656 5358 2865 5418 pennas
2916 5340 3089 5394 multo
3123 5338 3351 5389 humore
3384 5345 3531 5398 opus.

1952 5460 2092 5507 erat.
2142 5448 2318 5518 Atque
2361 5443 2527 5499 etiam
2564 5442 2684 5510 ipsa
2730 5433 2946 5490 volandi
3002 5423 3321 5483 exercitatio
3366 5420 3522 5473 facile

1952 5544 2242 5596 humorem
2294 5538 2349 5593 in
2397 5535 2481 5591 eis
2531 5529 2788 5586 absumit.
2824 5527 3092 5579 Prmtcrea
3143 5531 3264 5573 cum
3313 5522 3519 5567 stercus
