3968 6228
503 305 599 371 lll

1744 309 1830 370 Ml
1841 297 2169 369 CHAELIS
2207 297 2501 370 GLYCE-

3657 304 3793 378 112.

497 428 822 484 excernunt,
847 435 958 473 non
991 433 1180 489 parum
1201 409 1462 476 humoris
1502 419 1663 476 simul
1695 422 1830 476 exit.
1880 420 2066 487 Quam-

2193 422 2345 493 δνίχον
2383 424 2574 477 κύστιν
2635 423 2669 494 ή
2738 423 2899 494 φύσις
2966 424 3077 490 τοῖς
3130 423 3338 496 ὀρνέοις
3373 424 3474 478 οὐκ
3536 422 3750 478 ἔδωκεν.

500 515 690 566 obrem
757 506 930 566 urinae
980 513 1392 584 receptaculum
1430 514 1484 568 in
1525 511 1722 569 avibus
1750 520 1944 567 natura
1971 526 2082 566 non

502 605 768 662 condidit.

575 699 654 753 En
689 700 859 755 habes
888 711 938 755 et
965 701 1170 770 quintae
1203 700 1312 756 dici
1337 715 1527 770 opera.

815 787 835 814 ‘
930 788 1183 847 INCIPIT
1221 791 1375 847 DIES
1410 791 1664 846 SEXTA.

573 883 735 938 Sexta
803 885 892 939 die
951 884 1094 939 Deus
1149 900 1180 938 e
1217 893 1394 952 ~terra
1441 883 1647 939 bestias
1698 881 2081 952 quadrupedes

503 974 780 1043 producit.
825 976 1008 1044 lnquit
1071 976 1224 1030 enim
1271 976 1521 1031 historiae
1581 973 1866 1044 scriptor:
1922 992 1942 1026 ι
1988 971 2081 1027 Di-

503 1065 583 1120 xit
609 1063 777 1129 Deus.
813 1065 952 1120 Edat
1010 1066 1170 1122 tellus
1226 1067 1463 1121 animam
1495 1065 1674 1120 vivam
1711 1064 1779 1122 ⁸ο.
1818 1083 1835 1116 ι
1892 1063 2076 1120 Prosi-

496 1152 639 1209 liunt
681 1153 773 1211 hic
823 1165 1160 1211 contranos
1213 1155 1540 1220 Manichaei,
1590 1154 1687 1225 qui
1736 1163 1897 1209 terra:
1961 1155 2081 1208 ani-

499 1263 647 1302 mam
703 1249 923 1304 indunt.
979 1249 1181 1305 Verum
1238 1248 1535 1302 manifesto
1575 1245 1881 1316 desipiunt.
1954 1245 2074 1302 Non

496 1337 643 1392 enim
673 1349 963 1409 prepterea
985 1341 1126 1409 quod
1164 1338 1303 1392 dixit
1336 1337 1479 1392 Deus
1512 1354 1526 1390 :
1562 1355 1581 1388 ι
1605 1336 1746 1391 Edat
1777 1336 2069 1402 animam,»

495 1427 550 1483 id
592 1429 762 1485 e'didit
795 1431 942 1501 quod
975 1439 1093 1485 erat
1148 1430 1202 1484 in
1233 1445 1295 1484 ea
1333 1430 1488 1498 quasi
1541 1428 1886 1484 reconditum
1925 1447 1940 1484 :
1978 1429 2073 1485 sed

497 1522 814 1576 mandatum
849 1523 954 1577 hoc
975 1523 1090 1577 vias
1117 1531 1281 1592 atque
1316 1521 1640 1576 facultatem
1677 1521 1878 1576 edendi
1913 1533 2075 1577 teme

493 1611 851 1684 largiebatur.
913 1612 1126 1681 Quippe
1189 1627 1312 1667 cum
1357 1611 1534 1666 audiit
1578 1619 1723 1666 terra
1760 1629 1775 1666 :
1814 1630 1858 1684 ιτ
1889 1612 2074 1667 Pariat

494 1697 702 1756 herbas
757 1699 1110 1770 gramineas,
1161 1710 1217 1755 et
1273 1701 1499 1756 arbores
1563 1700 1914 1762 fructiferas,
1951 1717 2074 1771 quae

2258 694 2443 766 Ἔχεις
2482 693 2590 748 ίδού
2618 693 2710 748 καὶ
2738 692 2807 748 τά
2841 694 2940 762 τῆς
2965 691 3216 764 πέμπτης
3247 689 3482 762 ἡμέρας.

2555 786 2740 843 ΑΡΧΗ
2775 781 2912 840 ΤΗΣ
2953 789 3024 854 ς’
3071 782 3376 840 ΗΜΕΡΑΣ.
3474 807 3480 816 -

2264 883 2352 936 Ἐν
2401 881 2459 935 δὲ
2513 883 2578 952 τῇ
2643 879 2776 950 ἕκτῃ
2828 879 3012 949 ἡμέρᾳ
3059 877 3124 930 ὲκ
3170 875 3270 948 τῆς
3303 876 3413 944 γῆς
3465 872 3657 944 ἐξάγει
3683 872 3745 930 τὰ

2177 975 2484 1047 τετράποδα
2506 989 2523 1005 ⁸
2563 973 2706 1027 «Καὶ
2741 967 2863 1024 εἷπε
2895 989 2915 1024 ι
2940 969 3050 1040 γάρ
3076 985 3241 1038 φησιν
3277 985 3298 1020 ι
3338 969 3366 1021 6
3394 966 3548 1034 Θεὸς,
3592 964 3746 1032 Ἑξα-

2179 1067 2398 1136 γαγέτω
2429 1066 2565 1136 ή·γῆ
2596 1063 2778 1134 ψυχήν
2809 1062 3010 1127 ζῶσαν.
3054 1079 3073 1113 ι
3127 1059 3268 1114 Ἀλλ’
3320 1059 3668 1129 ἑπιπηδῶσιν
3697 1061 3743 1113 oi

2176 1158 2470 1228 Μανιχαῖοι
2502 1156 2802 1217 κάνταῦθα,
2842 1153 3020 1226 ψυχὴν
3061 1152 3364 1214 ὲντιθέντες
3401 1154 3467 1222 τῇ
3501 1155 3598 1222 γῇ.
3631 1152 3746 1206 Ma-

2174 1250 2461 1312 ταιὰζουσι
2512 1249 2569 1301 δὲ
2617 1248 2950 1319 προφανῶς⁸
3007 1245 3132 1299 οὐδὲ
3187 1243 3297 1315 γὰρ
3348 1243 3536 1315 ἐπειδὴ
3593 1239 3743 1296 εἶπεν

2182 1359 2202 1393 ι
2252 1337 2606 1410 Ἐξαγαγέτω
2663 1339 2874 1410 ψυχῆνν
2915 1356 2936 1391 ν
2999 1340 3064 1392 τδ
3126 1336 3552 1406 ἐναποκείμενον
3609 1337 3739 1408 αὐτῇ

2174 1434 2570 1504 προσήνεγκεν,
2622 1431 2739 1485 ἀλλ’
2782 1433 2810 1485 6
2861 1430 2986 1494 δοὺς
3016 1427 3078 1482 τὸ
3130 1429 3464 1500 πρόσταγμα
3509 1429 3605 1481 καὶ
3649 1430 3739 1500 τὴν

2173 1526 2266 1580 τοῦ
2302 1527 2594 1593 ἐξαγαγεῖν
2643 1523 2779 1594 αὐτῇ
2824 1521 3058 1591 δύναμιν
3098 1521 3412 1591 ἐχαρίσατο.
3448 1518 3588 1573 Οὖτε
3639 1521 3740 1590 γὰρ

2173 1619 2260 1671 ὅτε
2304 1618 2537 1688 ήκουςεν
2592 1617 2624 1684 ή
2683 1612 2778 1683 γῆ,
2833 1632 2853 1666 ι
2881 1608 3246 1683 Βλαστησάτω
3280 1611 3511 1682 βοτάνην
3549 1613 3738 1682 χόρτου

2175 1712 2267 1763 καὶ
2296 1709 2451 1774 ξύλον
2479 1712 2757 1778 κάρπιμον
2786 1703 2976 1760 ποιοῦν
3019 1705 3253 1775 καρπὸν,
3293 1723 3312 1756 ι
3351 1707 3734 1775 κεκρυμμένον

493 1788 732 1844 fructum
761 1767 931 1844 edant
957 1790 1025 1853 "‘,
1046 1808 1064 1842 ι
1097 1805 1206 1844 non
1235 1788 1456 1844 idcirco
1484 1805 1708 1858 gramen
1743 1789 1890 1844 intus
1911 1767 2066 1844 abdi-

2176 1767 2374 1874 ἔχουσα
2418 1803 2511 1855 τδν
2554 1767 2758 1870 ’κερ-τον
2799 1767 3114 1869 ἐξήνεγκεν,
3143 1767 3264 1850 οὐδὲ
3315 1795 3408 1850 τὸν
3450 1767 3671 1868 φοίνικα
3703 1793 3739 1866 ή

491 1889 606 1934 tum
637 1881 883 1950 protulit,
917 1897 1017 1937 nec
1045 1881 1277 1952 palmam
1312 1881 1397 1935 vel
1445 1895 1708 1950 quercum
1739 1881 1823 1936 vel
1857 1897 2066 1952 cupres-

2169 1895 2270 1968 τήν
2300 1893 2430 1965 δρῦν
2467 1892 2500 1963 ἢ
2530 1892 2628 1961 τὴν
2659 1889 3002 1960 κυπάρισσον
3033 1890 3185 1943 κάτω
3217 1904 3319 1940 που
3350 1885 3737 1957 κεκρυμμένην

491 1985 614 2025 sum
656 1972 800 2026 intra
838 1973 994 2027 sinus
1050 1987 1181 2026 suos
1230 1972 1559 2026 occultatam
1623 1975 1676 2026 in
1725 1973 2066 2043 superficiem

2173 1990 2231 2043 ὲν
2263 1990 2384 2047 ταῖς
2415 1986 2612 2053 ὲαυτῆς
2633 1985 2857 2052 λαγόσιν
2889 1983 3060 2052 ἀνῆκε
3088 1980 3227 2052 πρὸς
3261 1977 3358 2048 τὴν
3391 1969 3735 2048 ἐπιφάνειαν,

492 2063 682 2117 eduxit
715 2081 730 2117 :
763 2062 857 2119 sed
914 2064 1030 2134 ipsa
1080 2062 1177 2119 Dei
1209 2064 1386 2119 oratio
1416 2080 1602 2119 rerum
1637 2079 1758 2134 quae
1795 2066 2073 2121 exsistunt

471 2151 610 2222 ipsa
651 2163 848 2208 natura
898 2165 1002 2208 est.
1039 2154 1228 2222 Itaque
1283 2163 1426 2208 terra
1491 2169 1600 2208 non
1642 2154 1787 2224 quod
1826 2156 2073 2211 contine.-

493 2241 591 2298 bat
619 2244 755 2307 edit,
791 2246 883 2300 sed
918 2243 1067 2314 quod
1106 2245 1270 2299 hodie
1305 2245 1570 2316 possidet,
1607 2246 1872 2316 largiente
1905 2248 2071 2303 nimi-

496 2350 614 2388 rum
654 2333 767 2390 Deo
820 2336 929 2390 vim
981 2336 1340 2392 efﬁcacitatis.
1373 2336 1633 2402 Quamvis
1663 2337 1806 2393 enim
1856 2340 2070 2395 ratione

492 2426 730 2480 naturali
797 2428 1056 2482 oriuntur
1094 2428 1258 2483 hodie
1307 2429 1514 2494 omnia,
1565 2436 1746 2507 tamen
1788 2429 1916 2485 inde
1945 2446 2072 2500 pro-

492 2519 635 2574 fecta
674 2528 800 2574 sunt
838 2521 891 2574 in
921 2520 1041 2590 ipso
1073 2537 1256 2575 rerum
1280 2521 1507 2577 exordio
1540 2522 2068 2578 secundum‘seriem

492 2627 684 2680 suam,
738 2613 903 2682 idque
972 2629 1072 2684 per
1125 2615 1442 2669 mandatum
1480 2615 1768 2684 divinum,
1807 2617 1953 2687 quod
2013 2618 2068 2672 in

492 2702 771 2759 creatione
799 2705 1221 2776 pronuntiatum
1257 2705 1459 2776 ubique
1488 2706 1610 2760 l'uit.

569 2892 756 2962 Itaque
789 2907 939 2952 sexta
991 2895 1102 2961 die,
1140 2913 1240 2953 ceu
1276 2896 1544 2965 diximus,
1583 2899 1788 2955 bestias
1831 2901 2071 2972 quadru-

495 2985 665 3053 pedes
695 3001 724 3040 e
757 2997 900 3042 terra
932 2989 1208 3059 producit.

573 3076 670 3132 llic
696 3095 827 3134 vero
858 3080 1060 3149 inquiri
1082 3097 1261 3152 opera:
1293 3084 1529 3153 pretium
1559 3093 1664 3152 est,
1699 3087 2059 3156 quamobrem
2091 3099 2133 3157 ο

496 3170 642 3227 Deus
698 3175 1094 3244 imprecatione
1134 3178 1312 3232 fausta
1342 3183 1518 3248 pisces
1545 3179 1766 3249 quidem
1809 3181 2065 3248 dignatus

487 3263 676 3328 fuerit,
716 3279 839 3319 cum
870 3265 1023 3320 hisce
1054 3267 1238 3322 verbis
1297 3277 1548 3322 uteretur
1581 3287 1594 3324 :
1630 3287 1648 3320 ι
1690 3271 1972 3326 Fctilicate
2001 3287 2065 3326 ac

487 3355 958 3425 multiplicamini,
994 3376 1012 3408 ι
1042 3373 1233 3412 verum
1281 3357 1336 3412 in
1388 3362 1746 3417 terrestribus
1768 3362 1911 3417 idem
1956 3379 2064 3418 non

485 3447 706 3502 fecerit.
751 3445 1173 3517 Respondemus
1210 3461 1394 3505 autem
1435 3451 1635 3507 factum
1669 3454 1719 3507 id
1749 3470 1871 3510 esse
1931 3465 2064 3526 pro-

482 3547 611 3608 pter
640 3542 1070 3593 exsecrationem
1103 3541 1400 3609 serpentis,
1442 3558 1564 3612 quae
1595 3560 1704 3599 non
1737 3549 1910 3602 multo
1946 3557 2065 3618 post

485 3628 782 3682 subsecuta
845 3637 954 3683 est.
1006 3629 1139 3684 Nam
1197 3633 1324 3701 quia
1388 3633 1635 3689 futurum
1693 3639 2063 3707 prospiciebat

484 3718 632 3776 Deus
686 3731 742 3775 ut
796 3721 961 3776 homo
989 3738 1087 3792 per
1122 3734 1433 3795 serpentem
1467 3727 1854 3800 deciperetur,
1886 3747 2061 3803 eaque

485 3811 555 3866 de
591 3827 755 3867 causa
788 3829 1016 3883 serpens
1049 3817 1412 3872 cxseerationi
1441 3819 1827 3888 subjiceretur.
1856 3823 2059 3880 idcirco

485 3910 782 3957 terrestres
814 3901 1020 3960 bestias
1059 3906 1455 3976 imprecatione
1498 3909 1671 3964 fausta
1703 3912 1879 3965 nolnlt
1909 3912 2061 3981 prius

465 3995 724 4065 ,dignari,
777 4012 848 4050 ne
891 3996 1404 4067 deprehenderetur
1432 4000 1623 4055 eadem
1678 4011 1733 4056 et
1787 4005 2059 4072 impreca-

485 4088 638 4141 tione
668 4087 845 4142 fausta
880 4096 936 4141 et
967 4090 1343 4144 exsecratione
1371 4094 1647 4161 prosequi,
1697 4093 1840 4147 sicut
1867 4095 1944 4150 ait
1977 4096 2058 4150 vir

484 4175 707 4232 divinus
736 4178 1083 4251 Anastasius.
1123 4185 1354 4240 Videtur
1380 4197 1562 4242 autem
1604 4200 1798 4246 natura
1822 4193 2055 4263 piscium

485 4268 638 4321 tenui
683 4271 917 4337 quadam
968 4284 1024 4327 ct
1059 4274 1148 4328 vili
1181 4278 1405 4331 omnino
1461 4280 1569 4334 vita
1610 4280 1713 4335 frui
1771 4294 2056 4352 propterea

483 4359 630 4426 quod
665 4361 718 4416 in
759 4379 916 4438 aqua:
955 4368 1204 4422 crassitie
1239 4369 1456 4440 degant.
1498 4370 1631 4426 Nam
1669 4382 1724 4428 et
1771 4378 1953 4445 gravis
1990 4393 2056 4432 ac

2174 2079 2290 2134 ἀλλ’
2321 2080 2349 2133 6
2397 2077 2540 2136 θεῖος
2591 2077 2751 2146 λόγος
2815 2073 2982 2142 φύσις
3037 2072 3150 2125 τῶν
3212 2071 3518 2141 γινομένων
3573 2070 3734 2123 ἐστίν.

2185 2171 2402 2240 Ἑξάγει
2432 2169 2618 2223 λοιπὸν
2667 2170 2701 2236 ἡ
2743 2167 2815 2235 γῆ
2847 2167 2948 2235 οὐχ
2977 2166 3116 2235 ὅπερ
3152 2163 3286 2234 ἔχει,
3323 2162 3441 2217 ἀλλ’
3479 2162 3620 2232 ὅπερ
3650 2162 3738 2232 σή-

2175 2281 2342 2336 μερον
2371 2263 2588 2323 κτᾶται,
2618 2257 2753 2312 Θεοῦ
2793 2256 3143 2328 δωρουμένου
3179 2255 3278 2324 τῆς
3319 2253 3606 2323 ἐνεργείας
3643 2252 3736 2322 τήν

2118 2387 2123 2401 ι
2171 2357 2430 2425 δύναμινι
2450 2352 2512 2406 El
2542 2351 2648 2419 γάρ
2677 2350 2771 2403 καὶ
2800 2348 3017 2418 φυσικῷ
3053 2345 3198 2416 λογῷ
3226 2345 3297 2398 τὰ
3325 2344 3504 2398 πάντα
3529 2343 3730 2411 γίνεται

2174 2452 2440 2522 σήμερον,
2501 2444 2622 2500 ἀλλ’
2665 2443 2874 2496 ἐκεῖθεν
2915 2441 3186 2512 ἐσχήκασι
3233 2438 3356 2492 κατ’
3405 2436 3582 2507 ἀρχὰς
3641 2435 3734 2506 τήν

2172 2545 2372 2616 ὁρμήν.
2405 2541 2562 2595 Κατὰ
2589 2539 2748 2594 τοῦτο
2769 2539 2864 2590 καὶ
2899 2538 2928 2589 6
2956 2535 3128 2606 μέγας
3151 2533 3436 2595 Βασίλειος
3473 2531 3622 2600 λέγει
3656 2530 3731 2584 ὅτι

2170 2638 2317 2690 ποιεῖ
2362 2635 2464 2704 μὲν
2497 2632 2730 2702 ή-φύσις
2784 2629 3001 2683 ἅπαντα
3053 2625 3198 2680 κατὰ
3247 2625 3345 2694 τήν
3393 2623 3732 2685 ἀκολουθίαν,
3778 2632 3785 2659 ;

2171 2730 2301 2800 θείῳ
2338 2728 2394 2781 δὲ
2424 2725 2814 2796 προστάγματι
2840 2721 2928 2776 διὰ
2964 2719 3145 2789 πάσης
3184 2718 3424 2790 ἀρχῆθεν
3453 2715 3734 2786 λαληθέντι

2169 2827 2269 2896 τῆς
2293 2824 2540 2887 κτίσεως.

2251 2918 2465 2986 Ἐξάγει
2508 2917 2608 2988 μὲν
2636 2912 2732 2971 οὖν
2769 2923 2913 2970 κατα
2948 2914 3046 2971 τὴν
3071 2912 3238 2981 ἒκτην
3265 2909 3374 2964 ἀπὸ
3412 2909 3512 2980 τῆς
3551 2909 3650 2978 γῆς
3669 2905 3732 2959 τά

2169 3014 2493 3085 τετράποδα.

2249 3107 2388 3160 Ἀλλ’
2437 3103 2671 3160 ἐνταῦθα
2726 3102 2962 3174 ζητῆσαι
3026 3101 3194 3167 ἄξιον,
3245 3096 3524 3168 ἀγαπητὲ,
3592 3095 3732 3155 τίνος

2169 3199 2357 3252 ἕνεκεν
2400 3199 2529 3260 τοὺς
2571 3197 2668 3266 μὲν
2720 3194 2911 3265 ίχθύας
2953 3193 3206 3260 εὐλογίας
3246 3190 3484 3261 ἠξίωσεν
3524 3190 3554 3241 6
3583 3187 3726 3250 Θεὸς,

2167 3289 2494 3354 αὐξάνεσθαι
2526 3289 2617 3341 καὶ
2641 3284 3006 3357 πληθύνεσθαι
3037 3283 3228 3346 εἰπὼν,
3256 3282 3349 3334 ἐπὶ
3381 3281 3438 3334 δὲ
3469 3282 3584 3342 τοῖς
3605 3295 3728 3349 χερ-

2168 3382 2343 3444 σαίοις
2382 3381 2542 3434 τοῦτο
2571 3364 2670 3433 οὐκ
2709 3377 2952 3448 ἐποίησε.
2988 3377 3101 3430 Καὶ
3128 3375 3367 3443 λέγομεν
3401 3373 3482 3425 ὅτι
3512 3371 3604 3423 διὰ
3631 3372 3727 3440 τὴν

2166 3473 2259 3526 ἐπὶ
2309 3472 2386 3543 τῷ
2419 3473 2540 3540 ὄφει
2578 3472 2695 3542 μετ’
2745 3469 2805 3523 οὐ
2854 3468 2988 3523 πολὺ
3046 3465 3420 3536 γενησομένην
3460 3461 3724 3530 κατάραν.

2176 3565 2395 3634 Ἐπειδὴ
2449 3565 2555 3634 γὰρ
2608 3563 2854 3634 προεῖδεν
2909 3561 2938 3613 6
2987 3559 3121 3622 Θεὸς
3173 3559 3257 3612 ὅτι
3289 3556 3379 3610 διὰ
3421 3554 3515 3608 τοῦ
3556 3554 3727 3621 ὄφεως

2163 3658 2577 3728 ἀπατηθήσεται
2627 3657 2656 3709 6
2685 3656 2992 3725 ἄνθρωπος,
3026 3650 3322 3706 κάντεῦθεν
3359 3647 3519 3709 αὐτὸς
3553 3647 3582 3698 6
3609 3646 3726 3713 ὄφις

2163 3751 2270 3821 ἀρᾷ
2313 3749 2693 3809 ὑποπεσεῖται,
2719 3747 2912 3822 τούτου
2937 3744 3099 3816 χάριν
3131 3739 3380 3808 εὐλογίας
3405 3737 3636 3802 ἀξιῶσαι
3659 3736 3724 3788 τὰ

2137 3842 2391 3910 χερσαῖα
2443 3839 2542 3892 οὐκ
2589 3837 2844 3906 ἔφθασεν,
2898 3837 2985 3890 ἵνα
3049 3833 3122 3906 μή
3170 3833 3422 3904 εὑρεθείη
3473 3833 3542 3886 τὰ
3587 3829 3724 3884 αὐτὰ

2161 3931 2398 3999 εὐλογῶν
2454 3933 2549 3985 καὶ
2603 3929 3038 3998 καταρώμενος,
3095 3927 3170 3990 ὡς
3225 3925 3504 3988 θειότατός
3561 3941 3725 3994 φησιν

2174 4023 2544 4079 Ἀναστάσιος.
2586 4021 2726 4074 Ἀλλ’
2756 4022 2789 4091 ἡ
2825 4022 2924 4090 μὲν
2969 4019 3077 4073 τῶν
3131 4005 3332 4089 ἰχθύων
3379 4018 3541 4088 φύσις
3581 4018 3724 4099 εὐτε-

2160 4116 2421 4186 λεστέρας
2446 4115 2596 4168 δοκεῖ
2620 4115 2868 4183 μετέχειν
2891 4112 3035 4180 ζωῆς
3058 4111 3146 4166 διὰ
3173 4112 3233 4164 τὸ
3261 4112 3320 4163 ὲν
3348 4113 3414 4180 τῇ
3456 4109 3723 4179 παχύτητι

2159 4208 2256 4262 τοῦ
2288 4208 2479 4270 ὓδατος
2509 4206 2819 4260 διαιτᾶσθαι
2847 4221 2862 4236 ·
2898 4205 2993 4257 καὶ
3022 4203 3130 4273 γὰρ
3160 4203 3298 4273 ἀκοὴ
3329 4203 3461 4272 παρ’
3491 4201 3722 4261 ἐκείνοις

2164 4303 2379 4374 βαρεῖα,
2402 4301 2497 4353 καὶ
2530 4296 2958 4373 ὁρῶσινάμϐλὺ,
2986 4297 3079 4349 καὶ
3101 4296 3222 4348 οὐτε
3252 4311 3339 4357 τις
3372 4295 3562 4364 μνήμη
3595 4289 3722 4360 παρ’

2161 4393 2392 4452 ἐκείνοις
2435 4388 2556 4442 οὐτε
2605 4387 2879 4457 φαντασία
2923 4385 3049 4438 οὔτε
3101 4385 3366 4454 συνήθους
3408 4385 3719 4451 ἐπίγνωσις.

483 4451 721 4508 dillicilis
741 4463 824 4508 est
849 4457 992 4524 apud
1025 4455 1172 4527 ipsos
1194 4463 1492 4524 auditio,ct
1515 4465 1772 4520 obtusum
1797 4479 2052 4524 cernunt.

2173 4482 2295 4533 Ἐπὶ
2319 4451 2382 4532 δέ
2408 4494 2472 4547 γε
2498 4451 2916 4547 τοίς-’χερσαίοις
2947 4476 3000 4527 τί
3025 4475 3129 4545 χρὴ
3174 4451 3268 4527 καὶ
3316 4473 3498 4540 λέγειν
3521 4490 3536 4538 ;
3571 4472 3643 4524 Ai’
3661 4486 3717 4524 τε

482 4543 597 4597 Nec
627 4544 937 4600 recordatio
970 4547 1081 4620 49
1110 4559 1194 4604 est
1223 4552 1368 4622 apud
1405 4553 1554 4622 ipsos
1594 4556 1700 4609 ulla
1732 4573 1836 4612 nec
1860 4558 2054 4627 imagi-

489 4635 643 4687 natio
671 4650 773 4689 nec
802 4637 882 4690 rei
915 4649 1190 4695 consuetae
1225 4645 1452 4714 agnitio.
1488 4647 1556 4700 At
1602 4657 1732 4701 vero
1763 4648 1830 4702 de
1861 4657 2058 4704 terres-

484 4725 664 4780 tribus
687 4727 816 4796 quid
843 4743 982 4798 opus
1002 4740 1085 4786 est
1114 4734 1279 4788 multa
1313 4751 1741 4792 commemorare
1759 4739 1785 4793 ?
1811 4739 1952 4793 Sunt
1971 4741 2056 4796 his

459 4832 638 4897 acres
661 4833 854 4874 sensus
883 4829 939 4876 et
972 4839 1154 4877 rerum
1182 4828 1580 4894 praeteritarum
1617 4830 2051 4887 recordationes.

482 4909 647 4966 Novit
676 4926 864 4967 vocem
906 4925 1224 4971 consuetam
1250 4919 1352 4973 sibi
1380 4937 1443 4975 ac
1484 4921 1805 4978 familiarem
1840 4925 2046 4980 asinus.

481 5001 648 5056 Novit
701 5004 841 5059 viam
893 5021 1058 5076 quam
1100 5009 1295 5077 saepius
1326 5012 1509 5078 trivit,
1557 5031 1620 5069 ac
1653 5031 2050 5086 nonnunquam

481 5094 649 5148 etiam
675 5097 775 5150 viae
805 5097 911 5151 dux
937 5108 1023 5154 est
1068 5099 1301 5166 homini,
1350 5107 1445 5172 qui
1486 5107 1780 5162 aberravit.
1819 5109 2052 5164 Auditus
2076 5110 2092 5121 ‘

486 5194 670 5241 autem
712 5189 1015 5245 acrimonia
1049 5201 1195 5246 tanta
1239 5195 1293 5248 in
1329 5194 1435 5251 hoc
1477 5209 1562 5254 est
1595 5201 1816 5256 animali
1848 5212 2050 5273 quanta

481 5291 603 5332 esse
657 5279 714 5333 in
771 5281 880 5334 alio
938 5282 1093 5337 nullo
1162 5287 1500 5342 terrestrium
1583 5292 1922 5359 perhibetur.
1992 5295 2050 5349 In

483 5371 697 5454 camelo
731 5388 852 5443 quae
879 5373 1310 5446 injuriarmn'sit
1335 5381 1633 5448 memoria,
1663 5399 1784 5452 qua
1836 5387 2054 5441 iracun-

481 5466 593 5527 dia,
619 5479 741 5533 qua:
766 5463 820 5516 in
855 5465 931 5518 ira
965 5471 1360 5534 perseveratio,
1387 5485 1499 5539 quo
1531 5484 1690 5540 pacto
1721 5475 1847 5544 quis
1883 5477 2054 5547 expli-

475 5567 563 5612 cet
582 5557 665 5612 ?si
693 5558 777 5613 vel
803 5557 932 5613 olim
962 5559 1282 5617 verberatus
1310 5565 1405 5630 sit,
1426 5567 1503 5617 ira
1526 5565 1788 5621 diuturno
1811 5575 2053 5638 tempore

551 5737 595 5767 ‘°
631 5736 767 5796 Gen.
805 5761 846 5813 t,
879 5743 968 5799 24.
1048 5745 1090 5778 ⁸¹
1123 5746 1255 5803 ibid.
1295 5747 1379 5802 I0.

2154 4569 2262 4638 γὰρ
2307 4569 2589 4638 αἰσθήσεις
2645 4567 3037 4638 τετράνωνται,
3080 4567 3176 4620 καὶ
3211 4566 3462 4634 ἀκριϐεῖς
3510 4564 3723 4634 μνῆμαι

2153 4663 2263 4715 τῶν
2299 4658 2679 4729 παρελθόντων
2706 4661 2763 4712 ὲν
2790 4659 2996 4720 αὐτοῖς.
3028 4654 3150 4711 Οἵδε
3172 4657 3272 4725 τὴν
3306 4658 3512 4726 συνήθη
3542 4654 3723 4724 φωνὴν

2154 4753 2182 4804 6
2215 4751 2353 4812 ὄνος,
2387 4746 2531 4813 οἶδεν
2559 4749 2675 4802 ὁδὸν
2695 4751 2759 4820 ἣν
2789 4749 3050 4809 πολλάκις
3084 4747 3322 4813 ἑϐάδισε,
3359 4748 3454 4800 καί
3483 4762 3587 4798 που
3625 4744 3716 4797 καὶ

2155 4841 2347 4910 ὀδηγδς
2381 4841 2550 4893 ἐνίοτε
2605 4840 2976 4909 ἀποσφαλέντι
3022 4839 3101 4910 τῷ
3149 4837 3425 4910 ἀνθρώπῳ
3469 4838 3720 4904 γίνεται·

2156 4933 2217 4984 τὸ
2249 4932 2303 4984 δὲ
2332 4931 2596 5003 ὀξυὴκοον
2619 4929 2728 5001 ζτοῦ
2761 4929 2900 4994 ζώου
2931 4929 3086 4984 οὐδὲν
3130 4929 3259 4982 ἄλλο
3284 4928 3583 4996 τιλέγεται
3618 4925 3721 4979 τῶν

2156 5025 2430 5094 χερσαίων
2479 5024 2643 5094 ἔχειν.
2681 5023 2754 5076 Τὸ
2803 5023 2859 5076 δὲ
2896 5023 3008 5075 τῶν
3067 5020 3332 5092 καμήλων
3381 5019 3720 5089 μνησίκακον
3771 5017 3783 5029 ’

2157 5115 2253 5168 καὶ
2277 5114 2552 5186 βαρύμηνι
2578 5114 2797 5184 διαρκὲς
2832 5113 2970 5183 πρὸς
3001 5111 3168 5182 ὀργὴν
3202 5111 3319 5173 πῶς
3344 5109 3410 5163 ἄν
3440 5127 3524 5172 τις
3555 5109 3716 5179 εἶπῃῖ

2153 5205 2328 5259 Πάλαι
2375 5204 2506 5269 ποτὲ
2558 5205 2828 5273 πληγεῖσα
2862 5194 3132 5274 κάμηλος,
3181 5201 3379 5272 μακρῷ
3414 5201 3594 5271 χρόνῳ
3628 5218 3721 5253 τα-

2154 5298 2495 5368 μιευσαμὲνη
2524 5297 2624 5367 τήν
2666 5298 2851 5367 μῆνιν,
2883 5295 3106 5351 ἐπειδὰν
3148 5294 3433 5364 εὐκαιρίας
3460 5293 3714 5362 λάϐηται,

2150 5388 2212 5442 τὸ
2271 5390 2442 5442 κακὸν
2500 5388 2830 5442 ἀντιδίδωσι.
2899 5386 3069 5441 Τοῦτο
3128 5387 3224 5439 καὶ
3279 5387 3373 5446 ἐπὶ
3425 5386 3717 5453 ἐλέφαντος

2157 5478 2545 5550 ἱστορούμενον
2590 5479 2848 5550 εὕρομεν.
2899 5477 3038 5532 ﬂore
3070 5477 3178 5547 γὰρ
3216 5477 3297 5540 είς
3350 5475 3717 5544 ἱπποδρομίαν

2153 5571 2351 5642 ἐλέφας
2398 5572 2752 5643 ἀπαγόμενος
2804 5570 3187 5640 καταλλάκτην
3232 5569 3355 5626 τινὰ
3405 5568 3716 5640 καθήμενον
