3968 6228
330 306 429 373 H3
1555 324 1897 390 ANNALlU

1998 331 2191 392 PARS
2234 334 2279 397 ῐ.
3456 327 3562 394 lli

317 426 377 478 ἐν
405 427 485 496 τῷ
513 429 677 500 μιλίῳ
716 430 879 502 φόνου
908 434 1179 506 πεποίηκε
1224 437 1605 510 παρανάλωμα
1648 442 1737 494 διὰ
1783 444 1884 497 τῶν

2001 447 2167 502 veluti
2213 463 2355 517 penu
2411 449 2647 519 quodam
2681 446 2998 513 recondita,
3047 444 3448 516 quamprimum
3505 457 3568 497 se

316 520 553 577 ὀδόντων
580 525 769 590 αὑτοῦ,
805 527 1036 593 ἀναιδῶς
1065 545 1183 593 πως
1224 530 1318 583 καὶ
1350 532 1603 595 ἀτάκτως
1637 534 1883 603 ὁρμήσας

1998 540 2371 608 opportunitas
2407 541 2688 607 obtulerit,
2725 542 2899 596 vicem
2937 536 3123 593 refert.
3162 535 3235 592 De
3269 536 3565 605 elephanto

315 612 656 707 atatiat'noﬁ.
694 616 769 668 T6
817 613 864 668 6’
914 617 1089 671 αἴτιον
1132 620 1215 672 ὅτι
1245 619 1352 686 πρδ
1386 621 1519 674 δέκα
1566 624 1828 675 ἐνιαυτῶν
1863 625 1882 676 ἑ

1996 632 2307 701 huiusmodi
2358 633 2618 702 quiddam
2692 632 2969 687 memoria
3019 612 3295 700 proditum
3349 627 3563 695 reperi-

309 702 561 768 τοιοῦτος
608 706 990 779 καταλλάκτης
1022 710 1226 781 σιδήρῳ
1277 711 1513 781 ἔπληξεν
1556 713 1719 767 αὐτὸν
1750 715 1876 767 ἀπα-

1997 741 2131 780 mus.
2169 724 2304 781 Cum
2340 724 2393 779 in
2446 724 2868 794 hippodromum
2914 722 3281 776 deduceretur
3319 719 3564 787 elephas,

309 796 555 865 γὸμενον
606 800 703 853 καὶ
732 800 853 853 τότε
898 805 978 865 εἰς
1024 802 1389 873 ἱπποδρομίαν
1443 803 1531 859 διὰ
1580 805 1677 859 τοῦ
1726 807 1876 860 αύτοί

1997 814 2288 884 quemdam
2338 814 2654 882 magistrum
2715 812 2953 865 ferarum
3000 818 3055 865 et
3109 810 3471 863 cicuratorem
3509 810 3564 859 in

305 891 510 948 τόπου.
540 894 653 957 Καὶ
703 895 771 949 τά
834 894 937 967 μέν
970 896 1063 951 τοῦ
1099 898 1393 967 ἐλέφαντος
1433 897 1694 954 τοιαῦτα·
1730 900 1787 953 ai
1837 899 1872 953 δί

2003 902 2244 959 miliario
2277 905 2559 959 sedentem
2595 901 2896 963 interfecit,
2956 899 3265 953 humaniter
3304 898 3570 951 adversus

304 980 620 1053 παρδάλεις
660 988 895 1056 φυσικήν
939 1006 1061 1043 τινα
1087 990 1272 1059 ἔχουσι
1304 991 1442 1059 πρὸς
1482 993 1575 1045 τὸν
1606 991 1871 1062 ἂνθρωποι

1999 996 2152 1051 illum
2186 1010 2310 1052 cum
2343 992 2603 1049 dentibus
2654 993 2772 1049 suis
2812 992 3054 1045 irruens.
3108 990 3240 1058 Ejus
3284 988 3361 1042 rei
3403 1002 3566 1042 causa

301 1073 510 1144 ὀργὴν,
546 1078 640 1131 καὶ
693 1079 973 1145 πεφύκασι
1026 1082 1229 1151 μᾶλλον
1279 1084 1395 1146 τοῖς
1434 1082 1735 1151 ὀφθαλμοῖς
1785 1084 1868 1135 τῶ⁴

2001 1098 2132 1153 erat,
2171 1087 2319 1158 quod
2352 1088 2398 1141 is
2428 1098 2554 1141 ante
2587 1093 2732 1139 totos
2781 1081 3176 1138 decem'annos
3214 1080 3568 1149 elephantum

304 1166 628 1237 ἀνθρώπων
657 1168 1003 1237 ἐφάλλεσθαι.
1050 1171 1211 1228 Ἀλλά
1257 1175 1352 1227 καὶ
1378 1175 1435 1225 ἐν
1469 1173 1647 1245 χάρτῃ
1680 1174 1867 1227 ἰδοῦσα

2004 1172 2149 1227 I'erro
2182 1181 2552 1243 percusserat,
2584 1187 2707 1226 cum
2763 1170 2817 1224 id
2880 1169 3141 1239 temporis
3174 1183 3272 1238 per
3317 1168 3571 1222 eumdem

300 1260 643 1314 τυπωθέντα
674 1262 984 1331 ἄνθρωπον,
1016 1263 1093 1325 ῶς
1123 1263 1227 1317 πού
1277 1279 1443 1335 φησιν
1472 1266 1499 1318 6
1529 1258 1704 1335 μέγας
1732 1256 1867 1318 Βασί

2005 1269 2170 1319 iocum
2200 1264 2267 1319 ad
2317 1264 2739 1333 hippodromum
2784 1263 3172 1318 deduceretur.
3189 1260 3444 1314 Pardales
3473 1274 3572 1312 na-

302 1347 364 1401 λε
376 1366 483 1414 ιος,
520 1352 614 1406 τὸν
644 1352 852 1424 χάρτην
880 1354 1301 1424 σπαράττουσιν.

2005 1357 2236 1411 turalem
2269 1357 2561 1427 quamdam
2593 1357 2856 1409 adversus
2899 1356 3157 1409 homines
3186 1355 3322 1408 iram
3364 1352 3572 1417 fovent,

194 1491 203 1499 .
302 1457 371 1497 ac
410 1443 739 1515 plerumque
790 1453 1197 1502 consueverunt
1255 1446 1313 1502 in
1357 1445 1548 1504 oculos
1598 1447 1883 1504 hominum
1925 1447 2161 1505 insilire.
2196 1448 2339 1515 Quin
2390 1448 2568 1519 pictos
2600 1448 2771 1503 etiam
2821 1448 2877 1502 in
2944 1447 3151 1502 chartis
3209 1446 3471 1511 lacerant,
3513 1440 3574 1498 ut

305 1534 526 1589 alicubi
556 1544 782 1591 sanctus
807 1538 935 1593 dicit
963 1537 1227 1596 Basilius.

395 1627 631 1693 Ἵκανῶς
659 1630 715 1683 δὲ
743 1631 1079 1701 θαυμάσειεν
1108 1633 1176 1688 ἀν
1200 1650 1283 1698 τις
1311 1636 1408 1689 καὶ
1431 1634 1499 1690 τά
1528 1635 1624 1690 τοῦ
1652 1635 1892 1700 λέοντος,

2074 1635 2274 1691 Leonis
2327 1650 2546 1705 quoque
2607 1649 2788 1690 mores
2835 1642 2886 1688 et
2940 1632 3178 1687 indolem
3225 1648 3331 1687 non
3379 1631 3477 1687 abs
3513 1645 3572 1685 re

305 1720 374 1775 τὸ
436 1723 765 1790 μοναστικδν
812 1724 979 1779 αὐτοῦ
1031 1726 1133 1795 τῆς
1182 1727 1352 1797 ζωῆς,
1405 1727 1466 1781 τὸ
1526 1728 1872 1797 ἀκοινώνητα

2007 1732 2130 1799 quis
2160 1727 2485 1791 admiretur,
2526 1725 2792 1781 nimirum
2831 1725 2995 1778 vitam
3029 1723 3148 1793 ejus
3191 1724 3487 1776 solitariam
3518 1731 3574 1775 et

308 1814 465 1882 πρδς
494 1816 558 1866 τὸ
590 1815 885 1884 ὁμόφυλον.
914 1810 1039 1870 Οἵον
1068 1817 1177 1888 γάρ
1214 1835 1299 1881 τις
1331 1817 1596 1889 τύραννος
1624 1817 1733 1872 τῶν
1758 1819 1875 1873 ἀλό-

2008 1820 2386 1875 abhorrentem
2414 1834 2443 1872 a
2475 1817 2556 1871 sui
2581 1816 2796 1887 generis
2821 1814 3135 1869 animalium
3170 1815 3430 1868 societate
3470 1828 3571 1866 na-

308 1919 436 1970 γων
468 1904 560 1958 διὰ
605 1906 704 1975 τὴν
737 1907 801 1959 ἐκ
835 1907 1052 1976 φύσεως
1099 1907 1407 1978 ὑπεροψίαν
1457 1909 1557 1980 τὴν
1604 1909 1741 1979 πρὸς
1773 1909 1875 1963 τοὺη

2007 1892 2204 1965 turam.
2253 1910 2388 1964 Nam
2426 1923 2549 1963 cum
2596 1909 2664 1961 sit
2705 1906 2861 1975 quasi
2899 1905 3118 1975 quidem
3154 1905 3441 1959 brutorum
3488 1913 3572 1973 ty«

309 1995 559 2060 πολλοὺς
586 1998 876 2068 ὁμοτιμίαν
914 2000 975 2051 οὐ
1018 2001 1401 2069 καταδέχεται,
1431 2001 1573 2056 ὥστε
1603 2001 1724 2054 ούδέ
1775 2001 1870 2070 χθε

2007 2017 2211 2057 rannus
2243 2010 2298 2055 et
2328 2016 2421 2056 rex
2445 2040 2459 2065 ,
2504 1998 2623 2068 pari
2656 2013 2778 2052 esse
2830 2013 2952 2050 cum
2989 1996 3202 2050 caeteris
3249 1994 3459 2055 honore
3488 1993 3574 2047 di-

311 2086 480 2157 ctth
517 2086 722 2158 τροφὴν
757 2090 1066 2159 προσίεται.
1099 2084 1171 2161 Ὦ
1214 2092 1311 2144 καὶ
1351 2090 1658 2163 τηλικαῦτα
1692 2092 1878 2163 ὅργανι

2005 2092 2322 2164 gnitateque
2372 2101 2592 2146 recusat
2622 2098 2847 2160 prepter
2876 2086 3166 2157 quamdam
3206 2085 3434 2139 inditam
3472 2083 3572 2152 ipsi

308 2182 345 2247 ὴ
382 2181 560 2247 φύσις
597 2180 854 2249 ἐνέθηκεν
891 2180 1033 2235 ὥστε
1069 2182 1241 2237 πολλά
1288 2184 1395 2237 τῶν
1440 2185 1595 2248 ζώων
1626 2185 1875 2255 ὑπερϐάλ

2008 2201 2034 2240 a
2067 2194 2262 2240 natura
2291 2182 2623 2249 superbiam.
2649 2180 3020 2236 Consimiliter
3043 2178 3227 2232 cibum
3257 2175 3575 2229 hesternum

308 2270 489 2322 λον-τα
548 2272 615 2340 τῇ
667 2270 929 2341 ταχύτητι
982 2274 1130 2343 μόνῳ
1187 2273 1449 2337 πολλάκις
1500 2275 1781 2329 ἁλίσκεται
1828 2275 1875 2327 τέ

2011 2294 2115 2331 non
2147 2277 2335 2333 sumit.
2368 2276 2556 2332 Eidem
2607 2276 2972 2330 instrumenta
3004 2274 3155 2328 vocis
3186 2280 3333 2325 tanta
3382 2278 3578 2323 natura

309 2360 503 2431 βρυχὴ
515 2378 669 2430 ματι.
698 2364 807 2418 Καὶ
842 2363 1007 2417 τοῦτο
1043 2365 1208 2421 Δαϐὶδ
1233 2368 1260 2419 6
1296 2356 1590 2439 προφήτης
1618 2369 1876 2439 ύπεμφαί

2013 2372 2189 2436 dedit,
2221 2380 2283 2425 ut
2318 2386 2443 2425 cum
2482 2369 2741 2425 animalia
2784 2369 3043 2438 pleraque
3088 2365 3377 2420 velocitate
3412 2374 3580 2429 supe-

307 2468 438 2505 νειν
472 2451 651 2520 λέγων
679 2469 695 2485 ⁶
739 2472 758 2507 ι
802 2454 863 2508 '0
895 2455 1033 2510 λέων
1094 2457 1365 2527 ἐνεδρεύει
1414 2460 1473 2512 ἐν
1520 2459 1842 2531 ἀποκρύφῳ.

2011 2468 2113 2527 ret,
2156 2462 2273 2516 solo
2306 2474 2684 2530 stupenumero
2743 2468 2915 2514 semet
2959 2456 3139 2525 rugitu
3202 2470 3303 2508 suo
3360 2452 3578 2523 prodat.

305 2544 535 2611 Αῐφνης
568 2544 675 2615 γάρ
707 2546 1023 2617 ἐκπηδήσας
1046 2549 1256 2602 ἐκεῖθεν
1290 2549 1386 2603 καὶ
1418 2552 1559 2619 μέγα
1596 2551 1866 2621 βοήσαςτ

2014 2554 2255 2609 lndicare
2308 2555 2416 2609 hoc
2472 2552 2653 2623 ipsum
2689 2560 2839 2607 vates
2884 2549 3051 2605 etiam
3115 2546 3353 2603 Davides
3406 2543 3581 2598 voluit

314 2633 703 2700 παροδεύοντα
755 2637 866 2689 τῶν
914 2636 1069 2702 ζώων
1116 2639 1371 2693 ἵστασθαι
1407 2643 1573 2708 ποιεῖ,
1611 2645 1706 2695 καὶ
1734 2640 1876 2695 οὕτω

2014 2646 2161 2701 hisce
2185 2645 2368 2700 verbis
2405 2662 2418 2698 :
2467 2662 2485 2695 ι
2514 2644 2795 2712 Tanquam
2840 2642 2927 2695 leo
2956 2639 3157 2695 abditis
3192 2638 3245 2691 in
3279 2635 3581 2690 locis-insi-

311 2726 503 2779 ἐσθίει
534 2728 973 2796 καταλαμϐάνων
1005 2732 1167 2785 αὐτά.
1196 2733 1393 2795 Καλῶς
1425 2732 1517 2785 οὖν
1548 2735 1575 2786 6
1614 2735 1875 2806 Προφήτη

2013 2738 2193 2793 diatur
2222 2737 2289 2793 δ’.
2333 2756 2351 2789 ι
2387 2736 2521 2791 Nam
2558 2752 2621 2791 ex
2662 2736 2726 2789 iis
2761 2742 2988 2803 repente
3034 2729 3346 2797 prosiliens,
3383 2741 3580 2795 magno

315 2818 515 2888 ἔλεγε·
553 2838 573 2871 ‹
602 2820 840 2892 Σκύμνοι
875 2822 1232 2894 ὠρυόμενοι,›
1266 2824 1357 2877 καὶ
1392 2823 1458 2878 τὰ
1479 2823 1660 2880 λοιπά.

2017 2829 2251 2883 clamore
2282 2824 2521 2889 sublato,
2550 2824 2802 2878 animalia
2834 2821 3219 2892 praetereuntia
3244 2817 3457 2872 sistitet
3478 2815 3584 2869 hoc

1003 2920 1007 2932 ’
2008 2919 2174 2973 modo
2228 2927 2383 2986 capta
2428 2918 2675 2971 devorat.
2722 2915 2911 2985 itaque
2967 2913 3223 2983 praeclare
3254 2909 3419 2964 Vates
3460 2909 3578 2961 ait:

2018 3029 2037 3062 ‹
2071 2988 2246 3066 catuli
2285 3009 2490 3063 leonini
2532 3007 2832 3077 rugientes.
2864 3017 2921 3059 ut
2953 3005 3190 3075 praedam
3227 3002 3428 3055 faciant
3453 3000 3518 3052 ".
3556 3018 3575 3049 ι

396 3086 483 3142 Οὐ
514 3088 770 3196 τοσοῦτον
798 3088 855 3141 δέ
886 3089 1045 3158 ἡμεῖς
1094 3089 1143 3143 οἱ
1190 3088 1333 3158 λόγῳ
1362 3089 1744 3160 τετιμημένοι,
1779 3091 1904 3144 ὅσον
1932 3137 1963 3196 c

2130 3113 2265 3168 eque
2296 3113 2426 3152 vero
2484 3112 2585 3151 nos
2646 3094 2937 3157 homines,
2996 3107 3307 3161 quanquam
3360 3089 3584 3143 rationis
3668 3100 3692 3121 ⁴

316 3181 477 3235 αὐτὰ
518 3181 689 3252 δήπου
739 3183 809 3235 τὰ
856 3181 1026 3250 ἄλογα
1060 3182 1174 3246 ζῶα
1209 3183 1309 3252 τὴν
1342 3184 1551 3236 οἰκείαν
1601 3182 1775 3236 οἴδασι
1803 3200 1883 3237 σω

2017 3189 2290 3247 beneﬁcio
2322 3190 2495 3244 simus
2518 3188 2718 3249 ornati,
2746 3195 2851 3240 tam
2876 3185 3090 3253 egregie
3114 3182 3269 3236 nobis
3299 3182 3584 3235 consulere

316 3271 555 3342 τηρίαν,
615 3272 709 3324 καὶ
760 3272 885 3325 ὅθεν
937 3271 1126 3333 αὐτοῖς
1177 3272 1598 3342 παθαινομένοις
1655 3275 1689 3343 ἡ
1743 3273 1883 3341 ύγείι

2017 3297 2314 3354 possumus
2343 3295 2507 3350 quam
2551 3264 2689 3349 ipsa
2727 3278 2885 3333 bruta
2931 3274 3184 3329 animalia
3230 3271 3472 3325 rationes
3525 3286 3584 3326 se

316 3361 718 3431 προσγίνεται.
772 3364 1009 3432 ’Ἄρκτος
1072 3363 1183 3435 γάρ
1235 3364 1499 3427 πολλάκις
1568 3363 1883 3435 βαρυτάταις

2018 3371 2371 3429 conservandi
2419 3380 2643 3427 norunt.
2674 3378 2730 3423 et
2772 3367 2918 3422 unde
2949 3369 3093 3421 male
3124 3367 3346 3419 allectis
3381 3362 3585 3417 sanitas

314 3451 759 3522 κατατρωθείσα
798 3452 1037 3523 πληγαῖς
1079 3452 1282 3523 ἑαυτὴν
1316 3454 1578 3523 ίατρεύει,
1609 3453 1687 3522 τῷ
1716 3453 1881 3523 φλόμι

2019 3472 2510 3534 reparetur.........
2550 3459 2732 3515 Ursus
2776 3458 2922 3513 enim
2973 3468 3345 3525 saepenumero
3376 3454 3586 3521 gravis-

317 3545 513 3614 τούτῳ
567 3544 740 3615 ξηρὰν
769 3545 866 3612 τὴν
896 3546 1061 3614 φύσιν
1107 3549 1284 3617 ἔχοντι
1333 3547 1434 3610 τὰς
1465 3548 1692 3610 ὠτειλάς
1731 3565 1884 3618 παρα

2018 3556 2164 3609 simis
2192 3552 2512 3608 vulneribus
2530 3550 2758 3605 allectus
2786 3549 2892 3603 sibi
2930 3548 3047 3617 ipse
3076 3544 3405 3600 medicinam
3434 3541 3585 3602 facit.

319 3637 569 3688 θύουσα.
610 3635 778 3698 Ἴδοις
814 3636 861 3689 δ’
908 3634 975 3688 ἂν
1029 3636 1124 3688 καὶ
1171 3635 1435 3689 ἀλώπεκα
1456 3636 1540 3707 τῷ
1563 3636 1784 3708 δακρύῳ
1811 3638 1886 3706 τῆη

2022 3644 2141 3699 dum
2166 3644 2425 3698 verbasco
2452 3642 2757 3697 naturalem
2779 3638 3080 3694 siccitatem
3106 3635 3341 3689 habente
3363 3633 3589 3687 vulnera

321 3728 531 3788 πίτυος
585 3726 782 3795 ἑαυτὴν
841 3725 1220 3797 ἰατρεύουσαν.
1266 3726 1492 3797 Χελώνη
1558 3727 1615 3780 δὲ
1681 3727 1888 3801 σαρκῶη

2023 3738 2273 3792 obstruit.
2315 3734 2494 3789 Etiam
2552 3733 2770 3801 vulpem
2823 3730 3063 3799 lacryma
3115 3727 3277 3794 pinus
3324 3739 3382 3778 se
3414 3723 3590 3792 ipsam

320 3818 556 3888 ἐχίδνης
585 3816 960 3886 ἐμφορηθεϊσα
1005 3816 1094 3869 διὰ
1122 3817 1223 3883 τῆς
1256 3815 1514 3886 ὀριγάνου
1542 3817 1887 3871 ἀντιπαθεία‹

2025 3835 2296 3884 curantem
2328 3824 2519 3877 videre
2558 3830 2663 3876 est.
2704 3819 2944 3874 Testudo
2982 3817 3172 3885 vipere
3206 3812 3463 3867 carnibus
3506 3826 3592 3864 sa-

320 3909 535 3978 φεύγει
590 3907 688 3975 τὴν
734 3908 939 3976 βλάϐην
986 3906 1077 3960 τοῦ
1126 3907 1356 3963 ίοϐὀλου.
1384 3909 1498 3963 Καὶ
1549 3906 1676 3977 ὄφις
1708 3909 1808 3977 τὴν
1854 3910 1887 3960 ἐ·

2026 3917 2148 3971 tiata
2182 3930 2281 3983 per
2330 3890 2673 3966 contrariam
2716 3906 2929 3977 origani
2971 3905 3101 3968 vim,
3142 3900 3435 3971 quominus
3465 3914 3495 3951 a
3533 3914 3593 3953 re

317 4004 444 4062 τοῖς
469 3998 767 4068 ὀφθαλμοῖς
803 3999 1006 4071 βλάϐην
1040 4000 1251 4064 ἐξιᾶται
1297 3999 1590 4069 βοσκηθεὶς
1638 4000 1884 4069 μάλαθρα

2024 4006 2122 4077 5o
2150 4018 2425 4059 venenosa
2456 4001 2706 4062 lzedatur,
2732 3996 2920 4051 edicit.
2957 3995 3196 4064 Serpens
3218 3989 3410 4045 oculos
3432 3988 3591 4047 laesos

323 4088 464 4145 Οἷδε
512 4090 574 4142 δὲ
610 4090 703 4142 καὶ⁵
749 4092 776 4142 6
819 4090 1040 4157 ἔλαφος,
1069 4088 1215 4141 καθά
1247 4106 1414 4158 φησιν
1448 4089 1716 4154 ᾼίλιανδς,
1752 4088 1890 4159 θεραι

2022 4097 2237 4154 sanitati
2265 4094 2529 4155 restituit,
2548 4090 2834 4145 malathris
2863 4095 3072 4157 pastus.
3103 4083 3341 4138 Novitet
3369 4095 3589 4145 cervus,

323 4182 534 4237 πεύειν
566 4180 757 4233 ἐαυτὸν
796 4181 947 4234 ἄνθει
981 4183 1112 4247 τινὶ,
1138 4181 1234 4233 ἐάν
1266 4197 1399 4233 ποτε
1446 4180 1551 4233 ὑπὸ
1598 4179 1695 4233 τοῦ
1729 4179 1890 4250 βέλουη

2028 4186 2480 4259 quemadmodum
2509 4183 2761 4239 Elianus
2791 4180 2992 4241 tradit,
3026 4179 3263 4245 seipsum
3291 4174 3423 4227 ﬂore
3452 4186 3595 4242 quo-

320 4273 548 4345 τρωθῇ.
578 4267 698 4325 Οίδε
745 4270 800 4323 δὲ
847 4270 942 4323 καὶ
986 4271 1231 4340 κάμηλος
1282 4273 1655 4339 κεκαυμένους
1708 4271 1883 4340 χυμοὶ)

2030 4281 2141 4335 lam
2195 4293 2433 4341 curare,
2482 4276 2527 4330 si
2577 4272 2800 4345 quando
2842 4271 2952 4325 telo
3002 4270 3162 4323 la'sus
3202 4276 3307 4321 est.
3340 4264 3597 4320 Camelus

322 4365 583 4435 ἐξεμεῖν,
627 4364 676 4415 εί
728 4363 940 4432 φύλλων
987 4362 1170 4432 ὑγρῶν
1210 4361 1473 4430 ἐφάψοιτο
1526 4362 1710 4430 δρυός.
1754 4361 1889 4414 ’Δλλ‹

2032 4378 2280 4427 humores
2314 4376 2570 4438 perustos
2613 4377 2873 4419 evomere
2911 4360 3083 4421 novit,
3117 4355 3387 4412 contactis
3416 4355 3599 4408 humi-

326 4460 429 4512 καὶ
466 4455 618 4508 κύων
642 4455 741 4507 οὐκ
767 4455 953 4521 ἀγνοεῖ
979 4453 1142 4522 χολῆς
1177 4452 1437 4523 μελαίνης
1476 4453 1690 4523 χλωρὰν
1726 4450 1893 4522 ἄγρω-

2027 4464 2106 4518 dis
2137 4475 2375 4531 quercus
2401 4452 2570 4514 foliis.
2602 4458 2715 4512 Nec
2743 4453 2894 4509 ranis
2919 4453 3136 4522 ignorat
3164 4447 3341 4503 viride
3368 4460 3594 4516 gramen

328 4568 460 4604 στιν
494 4544 639 4601 εἶναι
680 4546 998 4615 καθάρσιον.
1036 4545 1198 4598 Ἀλλὰ
1231 4546 1322 4598 καὶ
1355 4545 1564 4616 ,τράγοι
1612 4545 1713 4612 τὴν
1744 4545 1895 4596 ἁσκα

2031 4555 2199 4623 nigrae
2235 4552 2363 4606 bilis
2395 4548 2764 4619 expurgandzc
2793 4545 2903 4597 vim
2938 4542 3167 4595 habere.
3202 4538 3357 4592 Hirci
3388 4550 3598 4591 seamo-

331 4641 559 4710 μωνίαν
595 4639 690 4707 τῆς
721 4638 961 4706 ἀπεψίας
988 4636 1344 4707 ἀλεξητήριον
1393 4636 1588 4689 οἴδασι.
1628 4636 1737 4688 Kal.
1776 4638 1898 4703 πᾶιρ¹

2031 4646 2165 4699 tiam
2228 4641 2522 4699 cruditatis
2584 4637 2891 4693 remedium
2942 4649 3065 4688 esse
3107 4632 3309 4686 sciunt.
3353 4629 3598 4684 Pardalis

325 4735 492 4796 δαλις
544 4730 741 4798 λύθρον
790 4728 945 4795 αἰγὸς
997 4729 1190 4798 ἀγρίου
1240 4728 1512 4797 σωτήριον
1566 4729 1758 4781 οἴεται.
1805 4729 1892 4781 Κα

2026 4750 2266 4790 cruorem
2306 4748 2482 4802 caprae
2524 4729 2795 4785 silvestris
2824 4727 2929 4782 sibi
2962 4726 3256 4779 salutarem
3290 4721 3593 4775 existimat.

331 4824 553 4894 πτηνὸς
588 4820 741 4889 ἱέραξ
771 4821 861 4873 τὸν
881 4820 1012 4873 ὀπὸν
1045 4820 1153 4871 τῶν
1197 4819 1585 4889 πικροφύλλων
1620 4817 1898 4889 Οριδακίωη

2027 4824 2304 4893 Accipiter
2336 4820 2580 4876 volucris
2635 4830 2861 4872 succum
2920 4815 3302 4874 lactucarum,
3364 4823 3594 4879 quarum

329 4913 571 4968 ὀπτικὸν
618 4910 815 4980 ἀχλύος
872 4910 1159 4963 ἐπίσταται
1211 4910 1527 4979 φάρμακον.
1572 4912 1679 4962 Καὶ
1730 4909 1896 4962 κύκνο

2030 4912 2153 4967 iolla
2188 4921 2318 4964 sunt
2349 4921 2555 4970 amara,
2593 4903 2943 4973 caligantium
3001 4900 3287 4953 oculorum
3327 4896 3432 4950 scit
3474 4909 3597 4949 esse

330 5007 391 5059 δὲ
430 5002 741 5073 βατράχους
787 5000 1059 5061 ἐσθίοντες
1107 5000 1201 5051 τοῦ
1249 4999 1548 5062 λυποῦντος
1598 5000 1897 5069 ἀπαλλαγή

2031 5001 2343 5059 remedium.
2395 4997 2564 5068 Cygni
2630 5009 2790 5048 ranas
2843 4994 3209 5054 devorantes,
3307 4986 3598 5040 allectione

335 5098 693 5168 εὑρίσκουσι.
731 5094 996 5160 Φεύγουσι
1044 5093 1138 5145 καὶ
1178 5092 1351 5159 γῦπες
1396 5094 1492 5146 καὶ
1525 5092 1783 5159 κάνθαροι
1824 5092 1902 5163 rip

2087 5094 2263 5149 iadam
2316 5091 2421 5146 sibi
2486 5089 2715 5144 molesta
2769 5101 2889 5141 sese
2940 5083 3198 5139 liberant.
3246 5079 3506 5135 Vultures
3544 5086 3599 5133 et

333 5188 455 5240 τῶν
497 5186 668 5255 ῥόδων
711 5184 909 5253 ὀσμήν.
962 5183 1122 5237 Ἀλλὰ
1154 5185 1247 5237 καὶ
1296 5184 1417 5251 ὄφις
1455 5186 1482 5236 6
1509 5184 1743 5246 Λιϐυκὺς
1788 5185 1900 5237 ἀπο

2032 5182 2289 5241 scarabaei
2311 5197 2561 5237 rosarum
2592 5181 2813 5233 odorem
2835 5174 3068 5244 fugiunt.
3096 5171 3334 5239 Serpens
3365 5169 3599 5233 Libycus

337 5277 649 5347 στρέφεται
702 5278 983 5344 πήγανον·
1033 5274 1251 5345 ψυχρὰν
1298 5276 1407 5346 γὰρ
1456 5275 1550 5328 καὶ
1596 5277 1769 5345 ξηρὰν
1827 5278 1904 5329 κα¹

2033 5287 2199 5332 rutam
2225 5284 2508 5329 aversatur
2544 5290 2559 5327 :
2609 5286 2736 5326 nam
2800 5283 2925 5323 cum
2974 5275 3176 5319 natura
3207 5260 3459 5332 frigidus,
3491 5258 3600 5311 sic-

336 5344 595 5438 νεύρῶδη
624 5366 724 5437 τὴν
761 5367 921 5436 φύσιν
952 5344 1406 5438 κληρωσάμενος,
1437 5368 1542 5422 ὑπὸ
1570 5344 1903 5439 τοῦγξηροτάι

2032 5383 2145 5430 cus,
2174 5381 2445 5423 nervosus
2470 5366 2543 5421 sit
2577 5381 2590 5420 :
2620 5379 2718 5434 per
2743 5362 2888 5415 hanc
2916 5356 3165 5419 herbam,
3200 5367 3321 5422 quae
3355 5344 3599 5401 siccandi

335 5478 440 5513 του
501 5459 655 5522 ὄντος
711 5458 1064 5528 λειποψυχεῖν
1121 5460 1519 5526 ἀναγκάζεται.
1578 5458 1768 5529 ὥσπερ
1823 5461 1898 5513 ὑπ

2030 5460 2139 5514 vim
2169 5459 2336 5515 habet
2360 5458 2675 5521 maximam,
2709 5450 3021 5509 necessario
3052 5447 3202 5501 velut
3233 5439 3597 5498 exunimatur:

343 5551 677 5623 κραιπάλης
727 5525 893 5613 τινὸς-
924 5525 1020 5606 καὶ
1064 5525 1400 5616 σκοτοδινίας
1445 5553 1566 5614 ταῖς
1603 5525 1910 5622 ὑπερ-ϐολαῖς

2036 5559 2296 5619 tanquam
2344 5548 2387 5604 si
2425 5564 2524 5620 per
2551 5545 2830 5618 crapulam
2865 5537 3158 5612 quamdam
3186 5540 3243 5589 et
3271 5525 3599 5597 vertiginem

427 5737 480 5768 δ’
504 5734 646 5792 Psal.
684 5751 738 5799 κ,
776 5734 831 5787 9.
908 5733 951 5763 ³³
977 5731 1114 5787 Psal.
1148 5731 1370 5797 c1u,‘.’.|.
