3968 6228
429 246 544 312 ll?)~

1661 255 1718 315 Μ
1732 252 2084 316 lCHAELlS
2124 251 2382 312 GLYCzE

3587 253 3691 317 116

412 364 487 418 ob
523 363 791 420 siccitatis
827 366 936 420 vim
992 366 1218 424 nimiam
1251 365 1717 436 exstingueretur.
1768 365 1878 422 Hac
1920 365 1991 420 de

2109 365 2196 434 τῆς
2244 365 2551 438 ξηρότητος
2599 363 3101 436 ἀπονεκρούμενος.
3162 368 3359 435 Φευγει
3407 369 3606 421 τοίνυν
3661 368 3689 420 ὀ

414 472 580 510 causa
614 472 843 526 serpens
870 458 949 513 sic
998 465 1179 513 rutam
1231 457 1370 530 fugit
1423 472 1488 512 ac
1536 457 1708 524 vitat,
1758 457 1904 513 sicut
1930 466 1989 512 et

411 547 674 615 hiemem,
713 558 937 619 propter
971 549 1197 604 nimium
1233 549 1442 604 scilicet
1467 547 1660 618 frigus.

485 639 579 694 Sic
604 640 775 710 igitur
798 641 1054 695 animalia
1083 649 1278 696 cuncta
1309 632 1446 710 quid
1471 641 1711 698 salutare
1737 639 1808 694 sit
1830 639 1983 709 ipsis,

411 731 542 798 quid
609 733 829 788 exitiale
859 773 874 798 ,
930 733 1208 802 cognitum
1245 732 1472 786 habent.
1516 731 1633 786 1am
1687 745 1809 802 quae
1858 738 1989 785 sunt

412 824 560 894 apud
589 841 655 881 ea
688 842 872 881 rerum
907 824 1221 880 luturarum
1275 825 1559 896 praesagia,
1609 824 1762 878 verbi
1792 822 1986 893 gratia,

413 917 482 971 de
538 918 684 972 aeris
719 917 1022 972 mutatione
1089 918 1295 988 (quam
1347 917 1583 972 obsecro
1640 916 1985 985 prudentiam

411 1009 734 1066 rationalem
786 1026 1004 1080 quoque
1069 1026 1177 1066 non
1232 1009 1576 1065 obscurant?
1621 1011 1738 1064 ovis
1782 1007 1992 1063 adven-

415 1109 564 1160 tante
624 1099 805 1154 hieme
867 1116 1027 1170 parce
1107 1100 1442 1156 nutrimento
1515 1100 1774 1165 vescitur,
1833 1098 1988 1168 quasi

411 1193 706 1264 quamdam
761 1193 866 1249 sibi
917 1205 1256 1250 commeatus
1303 1193 1514 1262 copiam
1569 1209 1668 1262 pro
1731 1202 1987 1246 secutura

413 1283 598 1354 inapia
629 1284 1000 1355 comparans).
1041 1284 1188 1350 Quin
1236 1284 1400 1339 etiam
1445 1283 1697 1337 homines
1732 1280 1987 1339 industrii

413 1386 742 1434 terrestrem
796 1376 1055 1432 eehinum
1099 1375 1214 1431 sive
1249 1376 1565 1430 erinaceum
1605 1374 1994 1445 respirationes

415 1468 521 1523 s‘bi
557 1469 800 1538 geminas
829 1468 1135 1537 excogitare
1158 1468 1274 1522 suis
1297 1467 1352 1522 in
1386 1467 1574 1522 lustris
1597 1467 1989 1522 observarunt.

414 1559 572 1630 Quod
616 1561 660 1614 si
688 1559 996 1632 spiraturus
1021 1567 1107 1614 est
1149 1558 1356 1628 aquilo,
1384 1567 1596 1628 partem
1626 1557 1992 1629 aquilonalem

413 1648 689 1704 obstruit:
716 1647 861 1718 quod
893 1648 937 1704 si
965 1658 1128 1704 vento
1148 1656 1363 1704 mutato
1389 1647 1484 1706 ﬂat
1505 1656 1714 1714 auster,
1751 1647 1820 1704 ad
1851 1647 1996 1704 fora-

415 1765 540 1804 men
573 1749 871 1806 obversum
903 1747 1147 1819 aquiloni
1178 1765 1238 1804 se
1271 1748 1506 1805 confert.

487 1841 664 1897 Etiam
695 1840 973 1896 sentiendi
1005 1854 1339 1910 organorum
1373 1841 1430 1895 in
1452 1840 1784 1898 animalibus
1815 1843 2000 1900 excel-

415 1933 644 1989 lentiam
679 1930 972 2002 quamdam
993 1947 1226 1986 cernere
1257 1932 1421 1988 licet:
1457 1932 1668 2004 absque
1703 1948 1814 2005 quo
1834 1933 1994 2002 foret,

417 2039 591 2094 agnus
625 2023 772 2077 inter
824 2037 957 2077 oves
1005 2023 1326 2079 innumeras
1355 2024 1532 2079 caulis
1581 2024 1820 2080 inclusas
1857 2027 1998 2081 exsi-

416 2116 594 2180 liens,
628 2117 870 2172 colorem
904 2132 1206 2188 vocemque
1241 2119 1434 2173 matris
1477 2118 1622 2174 haud
1651 2127 1995 2190 agnosceret,

417 2220 525 2263 nec
557 2207 626 2260 ad
657 2223 779 2264 eam
813 2224 872 2264 se
902 2209 1148 2264 studiose
1191 2209 1496 2276 conferret,
1530 2211 1833 2281 praesertim
1873 2226 1996 2266 cum

419 2300 591 2354 ubera
625 2301 791 2357 multa
829 2302 991 2357 valde
1021 2301 1258 2358 distenta
1289 2311 1623 2374 gravataque
1684 2311 1994 2373 praetereat.

419 2389 691 2446 Nimirum
740 2399 824 2446 est
860 2392 914 2446 in
948 2393 1030 2448 eis
1061 2407 1256 2448 sensus
1300 2393 1500 2459 acrior,
1539 2407 1702 2463 quam
1738 2409 1838 2447 nos
1884 2393 1999 2448 exi-

405 2482 709 2538 stimemus
733 2500 748 2537 :
777 2499 886 2554 quo
920 2483 1040 2554 ipso
1069 2483 1328 2552 quaelibet
1357 2485 1425 2540 ab
1457 2485 1652 2539 alienis
1685 2499 1783 2538 sua
1808 2484 2000 2555 digno-

420 2583 602 2630 scunt.
621 2574 868 2630 Necdum
889 2576 1106 2632 catulus
1129 2575 1324 2632 dentes
1345 2577 1531 2641 habet,
1550 2592 1616 2636 ac
1639 2577 1999 2633 nihilominus

418 2679 479 2721 se
501 2663 788 2720 laedentem
807 2682 902 2722 ore
921 2667 1159 2724 vicissim
1182 2668 1487 2724 ulciscitur.
1519 2667 1767 2724 Necdum
1789 2684 2000 2725 cornua

418 2756 629 2810 vitulus
676 2758 862 2824 habet,
897 2774 960 2814 ac
994 2759 1359 2814 nihilominus
1401 2775 1510 2829 quo
1540 2759 1663 2814 loco
1701 2761 1803 2830 ipsi
1847 2778 1999 2818 arma

421 2849 535 2904 sint
569 2851 853 2921 proditura
905 2852 1083 2907 novit.
1144 2850 1510 2917 Quamobrem
1559 2851 1822 2921 praeclare
1862 2851 2002 2910 dixit

2091 454 2215 524 ὄφις
2238 455 2298 508 τὸ
2336 454 2579 524 πήγανον
2606 453 2892 522 ἐντεῦθεν,⁴
2910 454 3053 514 καθὰ
3101 455 3274 527 δήπου
3305 458 3399 511 καὶ
3436 458 3537 513 τὸν
3568 474 3689 528 χειο

2093 547 2247 616 μῶνα
2274 546 2361 600 διὰ
2384 545 2482 617 τὴν
2516 547 2820 619 ὑπερϐολὴν
2855 549 2954 618 τῆς
2987 548 3348 620 ψυχρότητος.

2162 636 2318 690 Οὕτω
2341 636 2443 706 μὲν
2473 633 2569 692 οὖν
2601 638 2668 692 τὰ
2699 639 2816 702 ζῷα
2863 639 3042 696 πάντα
3091 640 3338 708 φυσικῶς
3375 638 3490 693 οἶδε
3520 639 3590 693 τό
3621 633 3714 692 ἰε’

2093 730 2360 799 σωτήριον
2382 729 2442 782 τό
2468 745 2523 781 τε
2539 729 2802 799 ὀλέθριον.
2839 729 2905 786 Ai
2927 731 2985 784 δὲ
3030 733 3162 804 παρ’
3195 715 3379 796 αύτοίς
3412 730 3681 803 προγνώ-

2093 843 2206 890 σεις
2236 825 2337 893 τῆς
2365 826 2490 896 περὶ
2523 825 2614 878 τὸν
2656 826 2791 896 ἀέρα
2823 825 3131 896 μεταϐολῆς
3165 826 3328 882 ποίαν
3359 827 3483 896 οὐχὶ
3517 826 3685 878 σύνε-

2094 935 2178 971 σιν
2209 917 2433 991 λογικὴν
2477 919 2957 990 ἀποκρύπτουσιν;
3019 919 3154 972 ὅπου
3212 936 3278 987 γε
3312 919 3372 972 τὸ
3402 919 3510 989 μὲν
3536 919 3680 988 πρό-

2093 1010 2256 1063 ϐατον
2279 1010 2546 1081 χειμῶνος
2574 1010 2853 1080 προϊόντος
2882 1009 3099 1078 λάϐρως
3134 1009 3558 1078 έπεμϐἀλλεται
3607 1011 3677 1078 τῇ

2093 1105 2267 1173 τροφῇ
2313 1101 2500 1172 ὥσπερ
2547 1102 2983 1170 ὲπισιτιζόμενον
3027 1099 3164 1171 πρὸς
3217 1100 3318 1169 τὴν
3363 1100 3678 1170 μέλλουσαν

2094 1196 2320 1270 ἔνδειαν..
2357 1197 2498 1267 Ἤδη
2552 1195 2610 1251 δέ
2656 1214 2748 1276 εις
2794 1195 2903 1251 τῶν
2949 1195 3258 1264 φιλοπόνων
3299 1193 3410 1265 (Ιῖ)
3443 1195 3546 1247 καὶ
3580 1193 3678 1248 τὸν

2093 1290 2346 1359 χερσαῖον
2379 1291 2557 1360 ὲχτνον
2587 1288 2821 1362 ἐτήρησε
2844 1288 3040 1352 διπλᾶς
3067 1286 3346 1350 ἀναπνοὰς
3370 1291 3436 1358 τῇ
3467 1285 3677 1340 ἑαυτοῦ

2094 1379 2389 1436 καταδύσει
2437 1381 2922 1451 μηχανησάμενον,
2975 1379 3069 1434 καὶ
3118 1379 3408 1449 μέλλοντος
3464 1377 3676 1449 βορέου

2095 1473 2248 1526 πνεῖν
2282 1471 2706 1543 ἀποφράσσοντα
2752 1471 2851 1550 τὴν
2890 1469 3173 1542 ἀρκτῴαν,
3213 1471 3368 1526 νότου
3396 1469 3457 1524 δὲ
3504 1469 3680 1524 πάλιν

2098 1565 2525 1638 μεταϐάλλοντος
2553 1565 2632 1630 είς
2651 1563 2749 1637 τὴν
2777 1564 3144 1636 προσάρκτιον
3171 1562 3605 1634 μεταϐαίνοντα.

2179 1841 2340 1897 Ἀλλά
2371 1841 2466 1903 καὶ
2506 1840 2607 1914 τὴν
2639 1825 2753 1896 ’τῶν
2787 1840 3164 1913 αἰσθητηρίων
3198 1841 3530 1913 περιουσίαν
3573 1858 3681 1912 με·

2096 1932 2268 2004 γάλην
2296 1934 2446 2002 παρὰ
2473 1937 2581 1998 τοῖς
2615 1934 2776 2000 ζώοις
2808 1934 2906 1987 ἴδοι
2933 1950 3014 1998 τις
3039 1934 3130 1988 ἄν.
3164 1934 3223 1987 Et
3262 1933 3338 2006 μὴ
3372 1935 3483 2006 γὰρ
3512 1932 3684 1988 τοῦτο

2094 2017 2184 2096 ἦν,
2220 2025 2321 2079 οὐκ
2353 2026 2418 2080 ἂν
2440 2025 2655 2096 ἀρνειὸς
2681 2027 2740 2080 ὲν
2777 2026 2995 2097 μυρίοις
3023 2027 3317 2096 προὸάτοις
3345 2026 3456 2080 τῶν
3484 2027 3680 2098 σηκῶν

2096 2117 2454 2186 ἐξαλλόμενος
2524 2119 2627 2191 τήν
2681 2135 2742 2171 τε
2811 2118 3002 2189 χροιὰν
3049 2120 3143 2172 καὶ
3199 2120 3385 2190 φωνὴν
3435 2119 3542 2190 τὴν
3577 2119 3683 2188 τῆς

2100 2212 2307 2281 μητρὸς
2361 2210 2576 2278 ἐπέγνω
2631 2209 2729 2264 καὶ
2787 2211 2925 2280 πρὸς
2974 2211 3191 2280 ἐκείνην
3239 2210 3532 2282 ἠπείγετο,
3583 2212 3684 2268 καὶ

2096 2303 2272 2356 ταῦτα
2345 2300 2518 2355 πολλὰ
2585 2300 2964 2372 παραδραμὼν
3030 2301 3238 2354 οὔθατα
3298 2301 3678 2372 βαρυνόμενα.

2101 2396 2258 2448 Ἐστι
2285 2395 2382 2448 καὶ
2425 2393 2534 2465 γὰρ
2585 2395 2718 2466 παρ’
2749 2395 2938 2457 αὐτοῖς
2978 2393 3235 2464 αἴσθησις
3262 2396 3363 2470 τῆς
3395 2393 3682 2463 ἡμετέρας

2097 2486 2462 2556 καταλήψεως
2498 2485 2760 2557 ὀξυτέρα,
2787 2485 2911 2540 καθ’
2959 2485 3029 2558 ἢν
3062 2485 3278 2555 ἑκάστῳ
3310 2484 3550 2554 πάρεστι
3582 2483 3680 2535 τοῦ

2097 2579 2300 2633 οίκείου
2352 2579 2667 2647 διάγνωσις.
2700 2577 2868 2632 Οὔπω
2923 2579 2973 2630 οἱ
3033 2579 3247 2640 ὀδόντες
3296 2578 3375 2647 τῷ
3411 2577 3678 2643 σκύλακι,

2098 2672 2193 2725 καὶ
2249 2671 2400 2740 ὅμως
2447 2670 2537 2724 διὰ
2588 2669 2684 2722 τοῦ
2733 2671 3006 2741 στόματος
3051 2670 3321 2738 ἀμύνεται
3362 2670 3454 2723 τὸν
3501 2670 3680 2739 λυπή-

2101 2782 2290 2818 σαντα.
2317 2763 2486 2818 Οὔπω
2515 2764 2585 2817 τὰ
2614 2763 2820 2835 κέρατα
2855 2765 2932 2834 τῷ
2960 2765 3164 2835 μόσχῳ,
3205 2765 3300 2818 καὶ
3327 2760 3436 2818 οἶδε
3476 2763 3583 2818 ποῦ
3607 2765 3678 2816 τὰ

2100 2856 2243 2909 ὅπλα
2281 2855 2429 2924 αὐτῷ
2464 2856 2826 2924 ὲκφυήσεται.
2870 2853 3062 2917 Καλῶς
3109 2854 3202 2909 οὖν
3237 2856 3265 2909 ὁ
3302 2855 3678 2924 Ἱπποκράτης
3737 2903 3739 2906 ι

419 2945 823 3016 Hippocrates:
860 2965 877 2997 ι
901 2944 1234 3002 Animalium
1258 2954 1449 3000 natura
1474 2945 1609 2999 nihil
1646 2944 1806 3001 habet
1835 2956 1866 3002 a
1905 2945 2000 3001 do-

2109 2931 2258 3020 ἔλεγε
2283 2967 2298 2981 ο
2334 2969 2352 3004 ι
2391 2951 2588 3014 Φύσεις
2621 2947 2776 3012 ζώων
2807 2949 3104 3006 ἀδίδακτοι.
3154 2967 3173 3001 ι

420 3038 622 3104 ctrina,
658 3037 803 3092 velut
823 3037 1145 3092 ascilitium.

489 3129 652 3184 Canis
699 3137 879 3184 autem
914 3127 966 3182 in
1003 3129 1400 3185 reminiscendo
1441 3129 1690 3199 quemvis
1721 3128 1996 3185 hominem

417 3234 542 3291 erga
571 3214 706 3274 bene
728 3220 794 3276 de
819 3235 876 3274 se
913 3222 1136 3276 meritos
1166 3221 1436 3294 ingratum
1469 3222 1674 3292 pudore
1729 3236 1836 3276 non
1884 3220 2000 3276 alli-

415 3309 526 3367 cit?
554 3313 772 3382 quando
799 3310 901 3382 51
944 3327 1110 3367 canes
1153 3328 1264 3366 non
1293 3327 1494 3383 paucos
1544 3328 1648 3368 una
1695 3328 1818 3366 cum
1857 3311 2003 3366 lii-ris

415 3405 614 3474 suisin
645 3404 940 3460 solitudine
971 3405 1127 3459 exesis
1160 3403 1506 3467 occubuisse,
1541 3405 1846 3457 litterarum
1885 3419 2004 3456 mu-

419 3498 696 3553 mtmcntis
730 3495 998 3566 proditur.
1050 3495 1192 3560 Quin
1240 3495 1402 3551 etiam
1461 3495 1624 3566 aliqui
1660 3497 1862 3550 recenti
1897 3498 1996 3551 ad-

419 3591 532 3644 huc
595 3588 838 3642 facinore
915 3587 1286 3658 quaerentibus
1353 3589 1648 3645 homicidas
1711 3603 1771 3644 se
1834 3589 2000 3644 duces

418 3679 634 3734 itineris
673 3678 1040 3750 praebuerunt,
1089 3689 1258 3750 utque
1303 3681 1593 3736 facinorosi
1643 3681 1890 3736 homines
1946 3688 2002 3736 et

417 3773 648 3842 improbi
705 3773 772 3827 ad
819 3772 1083 3843 supplicia
1157 3774 1629 3844 pertraherentur.
1682 3772 2000 3830 cll‘ecerunt.

416 3865 626 3923 Accidit
676 3866 822 3921 enim
886 3865 1196 3937 aliquando,
1251 3875 1308 3922 ut
1368 3866 1520 3922 canis
1578 3866 1632 3921 in
1702 3865 2005 3921 diversorio

417 3960 650 4030 quodam
671 3975 738 4014 eo
767 3969 1085 4032 conspecto,
1125 3960 1218 4030 qui
1245 3961 1438 4014 herum
1476 3960 1650 4030 ipsius
1705 3959 2006 4014 intereme-

421 4063 520 4112 rat,
557 4053 820 4108 adversus
844 4053 1021 4120 ipsum
1053 4062 1320 4122 perpetuo
1356 4051 1581 4116 latrans,
1635 4051 2007 4121 suspicionem

2170 3133 2246 3186 Τὸ
2295 3132 2352 3186 δὲ
2396 3130 2491 3186 τοῦ
2539 3131 2698 3194 κυνὸς
2748 3131 3178 3202 μνημονευτικδν
3219 3131 3344 3186 τίνα
3387 3131 3496 3184 τῶν
3541 3133 3683 3203 πρὸς

2097 3227 2224 3289 τοὺς
2255 3223 2553 3294 εὐεργέτας
2583 3221 2898 3294 ἀχαρίστων
2924 3223 2986 3276 οὐ
3019 3221 3411 3292 καταισχύνεις
3440 3224 3582 3277 ὅπου
3613 3241 3680 3292 γε

2100 3319 2196 3374 καὶ
2234 3316 2540 3387 φονευθεῖσι
2579 3315 2872 3378 δεσπόταις
2912 3314 3035 3370 κατ’
3061 3315 3298 3385 ἐρημίαν
3329 3303 3528 3368 ’πολλοὶ
3571 3314 3682 3368 τῶν

2102 3409 2283 3464 κυνῶν
2315 3405 2752 3470 έπαποθανόντες
2790 3403 3247 3475 μνημονεύονται.
3276 3403 3416 3473 Ἤδη
3447 3403 3506 3456 δέ
3535 3421 3683 3467 τινες

2105 3503 2198 3558 ἐπὶ
2227 3497 2418 3572 θερμῷ
2445 3498 2525 3569 τῷ
2552 3498 2718 3554 πάθει
2750 3498 2845 3552 καὶ
2873 3497 3058 3567 ὁδηγοὶ
3087 3497 3201 3558 τοῖς
3231 3496 3525 3566 έκζητοῦσι
3555 3497 3684 3560 τοὺς

2106 3595 2302 3664 φονέας
2347 3594 2618 3662 ἐγένοντο,
2663 3592 2758 3646 καὶ
2798 3590 2902 3644 ὑπὸ
2942 3590 3103 3658 δίκην
3139 3589 3370 3660 ἀχθῆναι
3409 3590 3538 3650 τοὺς
3578 3607 3684 3643 κα-

2098 3688 2368 3757 κούργους
2397 3684 2683 3755 ἐποίησαν.
2715 3683 2876 3736 Κύων
2906 3685 3018 3754 γάρ
3047 3699 3133 3746 τις
3161 3684 3220 3736 ὲν
3249 3681 3556 3752 πανδοκείῳ
3589 3683 3684 3734 τὸν

2100 3781 2267 3849 φονέα
2315 3777 2442 3832 ίδὼν
2483 3778 2578 3832 τοῦ
2621 3787 2814 3849 κυρίου
2858 3776 3060 3844 αυτοῦ,
3108 3775 3408 3830 κάντεῦθεν
3452 3775 3687 3844 ἀκρατεῖ

2101 3872 2224 3925 κατ’
2249 3870 2419 3924 αὐτοῦ
2454 3870 2804 3941 χρησάμενος
2834 3869 3030 3938 ὑλακῇ,
3063 3867 3165 3920 οὐκ
3195 3865 3412 3935 ἀγαθὴν
3443 3864 3686 3932 ὑποψίαν

2102 3962 2272 4016 ἔδωκε
2307 3965 2420 4027 τοῖς
2460 3964 2589 4033 περὶ
2626 3961 2812 4028 αὐτοῦ,
2856 3959 2941 4030 ἐφ’
2965 3955 3009 4028 ᾧ
3047 3959 3142 4012 καὶ
3181 3959 3262 4022 είς
3295 3957 3488 4027 -κρῖσιν
3523 3955 3689 4012 αὐτὸν

2103 4052 2341 4122 ἀχθέντα
2371 4054 2448 4116 ὡς
2477 4051 2789 4122 κακοῦργον
2820 4050 3112 4102 ἐκόλασαν.

417 4146 489 4200 de
521 4145 742 4200 homine
776 4144 1069 4211 {sinistram
1129 4153 1396 4201 moveret.
1456 4144 1825 4210 Quamobrem
1853 4145 1898 4200 is
1932 4143 2002 4199 ad
2045 4145 2588 4216 tribunalﬁeductus,
2613 4145 2797 4199 habita
2826 4141 3126 4209 quiestione
3152 4156 3251 4197 ceu
3278 4153 3404 4193 reus
3434 4137 3647 4193 {acino-

421 4238 498 4292 ris
521 4248 696 4292 morte
725 4238 987 4294 multatus
1023 4246 1129 4293 est.

491 4334 690 4404 Aspice
719 4350 851 4390 vero
886 4334 1016 4389 mihi
1043 4333 1134 4389 Dei
1163 4332 1508 4402 sapientiam.
1540 4331 1857 4388 Catnivoris
1886 4331 2003 4388 ani-
2039 4340 2080 4393 ι)

421 4425 656 4480 malibns
682 4426 874 4480 dentes
906 4434 1092 4480 acutos
1129 4423 1297 4489 dedit,
1343 4422 1488 4492 quod
1535 4423 1732 4478 talibus
1760 4423 1842 4479 eis
1870 4437 2009 4492 opus

420 4526 587 4582 esset,
623 4532 718 4586 pro
753 4517 1068 4570 nutrimenti
1099 4517 1328 4582 ratione,
1365 4531 1476 4586 quo
1523 4515 1820 4570 alerentur.
1876 4513 2030 4581 Quaa‘

424 4625 556 4664 vero
579 4609 807 4664 dimidia
843 4625 912 4664 ex
968 4619 1118 4680 parte
1157 4609 1412 4664 dentibus
1439 4619 1648 4664 armata
1679 4617 1739 4663 et
1797 4608 2004 4662 instru-

421 4714 508 4756 eta
554 4713 704 4768 sunt,
767 4702 833 4758 iis
881 4703 1074 4758 multas
1108 4712 1271 4772 atque
1325 4702 1502 4757 varias
1549 4702 2004 4756 nutrimentorum

423 4791 572 4845 velut
596 4793 892 4861 apothecas
919 4800 974 4846 et
997 4792 1296 4847 conditoria
1327 4792 1558 4862 paravit.
1608 4791 1744 4846 Nam
1772 4807 1896 4846 cum
1938 4791 2008 4845 ab

424 4883 585 4938 initio
628 4885 1025 4940 nutrimentum
1089 4899 1200 4938 non
1235 4885 1364 4940 satis
1419 4884 1844 4952 comminuatur,
1904 4885 2008 4939 hoc

424 4976 507 5031 eis
532 4976 700 5040 dedit,
733 4986 795 5032 ut
838 4979 982 5048 quod
1016 4977 1436 5047 deglutiverunt,
1509 4993 1728 5032 rursum
1785 4986 2009 5048 agerent

429 5083 648 5123 sursum
706 5085 815 5140 quo
871 5083 972 5141 per
1028 5063 1453 5124 ruminatiouem
1497 5069 1891 5135 mollilicatum,
1953 5068 2007 5122 in

430 5175 592 5214 usum
635 5163 912 5217 nutriendi
958 5162 1211 5218 animalis
1239 5162 1415 5217 cedat.

504 5252 675 5308 Etiam
726 5255 892 5309 armis
939 5254 1070 5324 ipsis
1120 5255 1262 5309 inter
1309 5269 1366 5309 se
1424 5254 1685 5308 differunt
1733 5251 2009 5308 animalia.

2191 4329 2334 4385 Ἀλλ’
2363 4329 2471 4399 ὅρα
2515 4327 2710 4397 σοφίαν
2760 4324 2933 4391 Θεοῦ,
2981 4325 3100 4389 πῶς
3150 4326 3262 4388 τοῖς
3313 4324 3689 4394 σαρκοφάγοις

2107 4424 2269 4490 ζώοις
2305 4423 2448 4488 ὀξεῖς
2487 4421 2614 4485 τοὺς
2656 4420 2877 4483 ὀδόντας
2921 4419 3194 4490 ἐνήρμοσε
3222 4433 3236 4448 ·
3280 4418 3539 4471 τοιούτων
3576 4417 3689 4486 γὰρ

2106 4516 2261 4588 χρεία
2293 4511 2363 4587 ἦν
2396 4515 2580 4577 αὐτοῖς
2615 4512 2751 4582 πρὸς
2782 4510 2844 4565 τὸ
2875 4511 2972 4581 τῆς
3005 4510 3211 4580 τροφῆς
3245 4507 3403 4570 εἶδος.
3437 4508 3508 4562 ’Δ
3538 4508 3595 4559 δὲ
3620 4500 3688 4570 ἒξ

2108 4608 2360 4680 ἡμισείας
2385 4606 2664 4659 ὥπλισται
2676 4606 2788 4666 τοῖς
2812 4602 3016 4666 ὀδοῦσι,
3041 4599 3267 4662 ’πολλαῖς
3295 4601 3389 4652 καὶ
3415 4597 3688 4658 ποικίλαις

2105 4701 2413 4772 ἁποθήκαις
2456 4697 2564 4750 τῶν
2607 4695 2824 4766 τροφῶν
2870 4692 3289 4762 παρεσκεύασε·
3336 4690 3427 4743 διὰ
3473 4690 3583 4759 γὰρ
3628 4689 3688 4741 τὸ
3775 4754 3777 4757 ι

2111 4794 2262 4864 scapi
2303 4793 2402 4862 τὴν
2443 4788 2666 4859 πρώτην
2708 4788 2783 4860 μὴ
2827 4785 3141 4855 ἀρκούντως
3183 4781 3685 4837 καταλεπτύνεσθαι

2113 4886 2212 4954 τὴν
2239 4882 2469 4953 τροφὴν,
2498 4881 2700 4934 ἔδωκεν
2729 4879 2911 4942 αὐτοῖς
2938 4877 3005 4931 τὸ
3029 4877 3332 4930 καταποθὲν
3363 4874 3530 4928 πάλιν
3561 4876 3687 4926 ἁνα-

2115 4974 2537 5046 πεμπάζεσθαι,
2596 4970 2740 5024 ὥστε
2793 4968 3162 5022 καταλεανθὲν
3217 4965 3294 5036 τῷ
3349 4961 3686 5036 μηρυκισμῷ

2118 5084 2377 5141 προσοικε
2405 5065 2596 5119 οῦσοαι
2623 5062 2702 5135 τῷ
2732 5060 3070 5133 τρεφομένῳ.

2195 5247 2356 5303 Ἀλλὰ
2385 5247 2479 5300 καὶ
2507 5247 2618 5308 τοῖς
2649 5245 2831 5304 ὅπλοις
2862 5241 3044 5302 αὐτοῖς
3073 5239 3146 5292 τὰ
3173 5238 3286 5302 ζῶα
3314 5236 3451 5306 πρὸς
3481 5233 3685 5306 ἄλληλα

428 5345 564 5401 Nam
601 5364 698 5418 pro
726 5348 907 5402 indole
930 5363 994 5402 ac
1027 5348 1270 5403 moribus
1301 5347 1635 5413 animorum,
1663 5345 2000 5418 quemadmo

2109 5340 2404 5409 διενήνοχε.
2439 5335 2598 5418 Κατὰ
2619 5334 2689 5387 τὰ
2715 5333 2821 5402 ἤθη
2848 5332 2958 5401 γὰρ
2989 5331 3098 5384 τῶν
3125 5328 3312 5400 ψυχῶν
3329 5369 3344 5391 ,
3369 5325 3642 5418 καθὰλκαι
3661 5324 3686 5374 ὁ

429 5439 558 5490 dum
596 5440 646 5492 et
674 5436 996 5493 Aristoteles
1035 5439 1275 5508 scripsit,
1299 5439 1626 5510 corporibus
1650 5452 1866 5506 quoque
1896 5445 2010 5491 tum

403 5529 653 5597 'liguras,
699 5539 812 5584 tum
848 5532 1196 5601 Operationes
1239 5531 1384 5587 Deus
1434 5530 1705 5586 concedit.
1751 5528 1884 5600 Ejus
1935 5527 2010 5581 rei

2124 5429 2508 5501 Ἀριστοτέλης
2545 5416 2704 5496 φησὶ,
2737 5425 2953 5478 δίδωσιν
2982 5425 3009 5476 ὁ
3039 5422 3170 5484 Θεὸς
3203 5422 3294 5473 καὶ
3325 5419 3423 5480 τὰς
3453 5416 3548 5471 τοῦ
3581 5413 3686 5467 σώ-

2114 5542 2282 5595 ματος
2309 5522 2623 5584 διαπλάσεις
2647 5537 2705 5574 τε
2733 5519 2826 5573 καὶ
2855 5515 3154 5588 ἐνεργείας.
3183 5509 3308 5568 Οἷον
3332 5511 3383 5566 τί
3406 5510 3585 5578 Mra);
3609 5503 3686 5574 τῷ

431 5771 438 5779 _
511 5701 620 5772 (12)
669 5702 1002 5773 Ποίανοὺχί
1035 5742 1048 5760 .
1087 5745 1097 5759 .
1131 5741 1144 5758 .
1184 5749 1194 5760 .
1234 5704 1602 5774 φιλοπόνων.
1654 5699 1928 5753 itestituita
1973 5712 2038 5751 ex
2076 5695 2139 5757 γ.
2181 5704 2234 5750 et
2263 5693 2322 5747 ιτ.
