3968 6228
346 242 446 313 ii?

1616 247 2022 312 ANNALIUM
2064 251 2259 313 PARS
2303 256 2348 316 I.

3359 227 3594 329 “ns

337 365 543 435 λαγοδῷ
580 369 677 425 καὶ
709 367 788 437 τῷ
820 367 1005 439 ἐλάφῳ
1034 368 1226 432 δειλοῖς
1258 365 1378 423 οὖσι
1414 367 1565 422 κατὰ·
1588 369 1767 439 ψυχὴν
1799 369 1921 436 δρό-

2030 369 2145 426 ιιαιε
2170 372 2415 440 exempla
2437 382 2616 428 sunto.
2666 372 2861 444 Lepori
2917 387 2973 430 et
3032 390 3216 440 cervo,
3270 376 3366 449 qui
3417 380 3602 434 animo

339 475 440 526 μον
481 458 687 513 ἔδωκεν
712 502 729 527 ,
773 460 862 515 ἵνα
900 462 998 524 τὰς
1034 460 1143 515 τῶν
1183 460 1564 531 κυνηγοῦντων
1602 465 1790 533 χεῖρας
1828 464 1923 515 ὲκ·

336 551 611 627 φεᾶγωσι.
638 551 725 621 Τῷ
750 552 919 623 χοίρῲ
943 552 1179 623 θυμώδει
1208 553 1301 607 καὶ
1329 553 1628 625 πολεμιστῇ
1657 553 1768 608 ὄντι
1792 555 1922 617 τοὺς

332 642 744 717 χαυλιόδοντας,
791 644 869 715 τῷ
907 645 1093 716 ταύρῳ
1138 645 1309 715 κέρας
1352 645 1659 716 χαρίζεται,
1707 647 1801 699 καὶ
1845 646 1922 714 τῷ

333 733 514 786 λέοντι
551 735 772 799 ὀδόντας
804 736 896 789 καὶ
929 735 1145 805 ὄνυχας.
1180 736 1290 790 Καὶ
1326 736 1467 789 οὔτω
1504 738 1606 807 μὲν
1637 738 1705 790 τὰ
1743 737 1920 791 πάντα

336 827 674 897 προσφόρως
702 826 1016 881 καθώπλισε
1040 866 1055 895 ,
1086 828 1177 882 τὸν
1205 828 1260 882 δὲ
1291 828 1579 899 ἄνθρωπον
1606 830 1813 899 γυμνδν
1841 833 1922 894 είς

332 919 425 972 τὸν
464 919 587 988 βίον
620 920 959 989 παραγαγὼν
988 924 1056 992 τῇ
1096 921 1384 993 περιουσίᾳ
1416 920 1510 974 τοῦ
1552 923 1709 990 λόγου
1751 940 1922 993 παρε-

336 996 666 1079 μυθήσατον
703 1012 760 1066 ἔν
791 1011 899 1082 γὰρ
933 1012 1010 1080 τῷ
1044 1012 1188 1084 λόγῳ
1215 1013 1276 1065 τὸ
1311 1012 1526 1066 πάντων
1553 1012 1743 1084 ἄρχειν
1774 1014 1957 1085 αὐτῷ.

335 1101 630 1170 πρόσεστι.
676 1104 774 1156 Διά
816 1103 974 1172 λόγου
1016 1105 1086 1157 τὰ
1131 1104 1312 1175 πτηνὰ
1356 1106 1415 1172 ἐξ
1458 1107 1620 1174 ἀέρος
1667 1107 1919 1175 κατάγει,

330 1193 459 1253 τοὺς
494 1193 690 1261 ἰχθύας
722 1193 781 1259 ἐξ
811 1194 1019 1249 ὑδάτων
1048 1195 1287 1251 ἀνέλκει.
1322 1196 1421 1251 Διὰ
1452 1196 1610 1263 λόγου
1643 1199 1711 1251 τὰ
1744 1202 1920 1255 πάντα

335 1290 484 1341 ποιεί
511 1286 615 1338 ὅσα
645 1288 779 1354 πρὸς
808 1285 1067 1341 σύστασιν
1093 1290 1191 1357 τῆς
1218 1288 1366 1359 ζωῆς
1379 1290 1567 1354 αὐτοῦ,
1594 1291 1793 1356 οἰκίας,
1814 1291 1919 1360 ἄμ-

336 1394 459 1446 φια,
498 1377 819 1449 πριόολὴν,
851 1379 1148 1443 ὄπλον,καὶ
1168 1381 1269 1434 ὅσα
1297 1381 1542 1435 τοιαῦτα.
1577 1384 1734 1436 Κατὰ
1763 1383 1920 1437 τοῦτο

333 1469 430 1527 καὶ
458 1472 653 1538 χεῖρας
679 1469 830 1538 αύτῷ
855 1470 1085 1524 δέδωκεν
1109 1472 1136 1523 ό
1163 1470 1316 1535 Θεδς,
1339 1471 1413 1535 ὡς
1436 1472 1686 1527 ἐντεῦθεν
1710 1472 1920 1533 ἀκωλύ-

335 1572 445 1623 τως
480 1560 577 1613 τὸν
612 1562 883 1631 προσόντα
918 1563 1075 1631 λόγον
1108 1562 1257 1633 αύτῷ
1300 1563 1479 1621 πάντα
1523 1563 1782 1634 πράττειν
1815 1562 1917 1617 ὅσα

336 1650 431 1700 καὶ
460 1647 738 1718 βούλεται.
765 1651 948 1722 Ταύτῃ
970 1659 1054 1705 ’τοι
1084 1654 1179 1709 καὶ
1204 1656 1230 1707 ό
1259 1653 1434 1724 μέγας
1460 1654 1740 1717 Βασίλειος
1765 1655 1824 1706 ὲν
1849 1656 1913 1724 τῇ

336 1738 418 1802 είς
467 1739 566 1794 τὸν
612 1742 898 1811 προφήτην
935 1742 1167 1796 Ἡσαΐαν
1213 1744 1483 1815 ἑρμηνείᾳ
1536 1745 1664 1815 περὶ
1710 1744 1918 1805 τούτων

337 1830 486 1884 οὖτῶ
534 1834 691 1900 φησί’
722 1852 739 1884 ι
772 1833 896 1899 Τοῖς
938 1834 1036 1903 μὲν
1073 1835 1288 1904 ἀλόγοις
1326 1835 1551 1890 εὔκολον
1585 1836 1782 1891 δέδωκε
1820 1836 1919 1908 τὴν

343 1923 485 1993 πρὸς
514 1922 578 1975 τὸ
606 1922 707 1994 ζῇν
737 1924 1027 1994 ἀφορμὴν,
1060 1926 1268 1995 τροφὰς
1296 1927 1635 1996 αὐτομάτους
1656 1928 1759 1981 καὶ
1790 1929 1919 1984 σκέ-

340 2030 456 2087 πην
488 2014 757 2084 αὐτοφυᾶ,
792 2018 886 2070 καλ⁵
915 2017 983 2073 τὰ
1015 2017 1122 2073 τῶν
1156 2019 1359 2088 τριχῶν
1391 2021 1482 2074 καὶ
1516 2020 1735 2090 πτερῶν
1770 2019 1920 2075 ἐνδύ-

340 2123 497 2177 ματα
532 2108 566 2179 ὴ
604 2108 780 2162 πάντα
814 2108 1175 2181 οίκονομοῦσα
1203 2110 1437 2181 δύναμις
1469 2113 1758 2182 ἐχαρίσατο
1785 2128 1799 2143 ο
1829 2109 1919 2165 τόν

340 2198 398 2251 δὲ
424 2197 718 2269 ἄνθρωπον
741 2200 948 2269 γυμνὸν
972 2201 1374 2273 παραγαγοῦσα
1395 2203 1553 2272 λόγον
1578 2203 1776 2258 ἔδωκεν
1799 2205 1921 2259 ἀντϊ

342 2290 571 2345 πάντων
603 2290 773 2360 αὐτῷ,
802 2292 870 2345 δι’
892 2286 952 2348 οὗ
981 2294 1037 2346 at
1068 2297 1382 2364 ποριστικαὶ
1414 2299 1809 2367 συνεστήσαντο
1834 2298 1921 2350 τέ-

343 2399 494 2452 χναι,
526 2384 939 2455 οίκοδομητικὴ,
963 2386 1229 2457 ὑφαντικὴ
1254 2389 1349 2442 καὶ
1384 2388 1441 2443 αί
1476 2389 1682 2455 λοιπαὶ,
1715 2389 1778 2443 τὸ
1806 2392 1919 2455 τοῖς

340 2474 569 2544 σώμασι
600 2476 728 2531 δέον·
747 2478 1168 2551 ἀναπληρούσης
1196 2482 1294 2551 τῆς
1327 2482 1502 2553 ψυχῆς
1530 2485 1595 2555 τῇ
1630 2483 1921 2554 περιουσίᾳ

343 2564 437 2618 τοῦ
469 2564 657 2634 λόγου.
693 2586 714 2619 ι
750 2562 875 2638 Εἶχε
909 2571 1007 2637 μὲν
1032 2567 1124 2624 οὖν
1155 2573 1693 2643 συνυπογεννηθῆναι
1719 2573 1797 2644 τῷ
1826 2574 1920 2626 ἀν-

344 2653 554 2725 θρώπῳ
592 2658 660 2711 τὰ
698 2657 876 2711 πάντα
921 2658 1057 2726 μετὰ
1097 2661 1192 2713 καὶ
1227 2661 1319 2713 τοῦ
1360 2661 1520 2731 λόγου
1560 2663 1735 2716 ἀὑτοῦ
1776 2664 1920 2719 κατὰ

344 2746 571 2803 πλείονα
598 2748 926 2819 φιλοτιμίαν.
958 2750 1100 2807 Ἀλλ’
1118 2753 1380 2820 οὐμενοῦν
1404 2756 1435 2825 ή
1458 2753 1551 2809 τοῦ
1577 2756 1735 2823 λόγου
1760 2758 1919 2827 χάρις

346 2838 599 2895 ἐντεῦθεν
629 2840 925 2896 ἐδείκνυτο.
961 2842 1239 2915 Ἀνάγκης
1264 2845 1370 2916 γὰρ
1407 2845 1482 2918 μὴ
1516 2846 1683 2918 οὔσης
1716 2850 1820 2902 τίνι
1854 2850 1920 2903 ἂν

346 2929 377 2998 ἠ
423 2931 590 2984 αὐτοῦ
630 2932 882 3002 ἐνέργεια
922 2934 1168 3004 διάδηλος
1208 2937 1433 3005 γέγονες
1476 2940 1631 2993 Κατὰ
1668 2940 1825 2994 τοῦτο
1864 2942 1920 2995 δὲ

2023 461 2368 519 formidolosi
2434 475 2583 528 sunt,
2636 468 2890 521 currendi
2958 468 3275 524 facultatem
3321 468 3490 532 dedit,
3543 483 3604 528 ut

2021 560 2342 605 venatorum
2376 567 2571 626 maws
2597 552 2881 623 ell'ugiant.
2930 556 3096 623 Apro,
3152 557 3244 627 qui
3274 567 3330 613 et
3387 561 3603 616 animo-

2022 657 2118 697 sus
2156 651 2211 697 et
2257 643 2547 697 admodum
2594 652 2809 714 pugnax
2864 656 2969 712 est,
3009 647 3204 704 dentes
3253 646 3506 706 exsertos
3539 667 3604 705 ac.

2022 736 2397 801 prominentes
2430 735 2597 792 dedit.
2639 736 2857 792 Cornua
2891 748 3069 801 tauro,
3138 740 3279 795 leoni
3322 742 3516 797 dentes
3546 752 3602 798 et

2024 839 2233 896 ungues
2257 826 2502 897 largitur.
2553 825 2748 883 Omnia
2787 828 3023 899 denique
3055 832 3222 887 armis
3271 833 3482 889 idoneis
3516 834 3603 889 in-

2022 921 2242 974 struxit.
2274 919 2460 974 Solum
2504 920 2780 976 hominem
2828 923 3034 979 nudum
3065 924 3121 978 in
3183 925 3348 981 vitam
3400 927 3605 996 produ—

2023 1017 2172 1064 ctum
2199 1008 2426 1065 rationis
2470 1012 2791 1067 excellentia
2832 1014 3166 1068 consolatur.
3201 1014 3333 1073 Nam
3369 1032 3491 1078 cum
3517 1032 3605 1071 ra-

2024 1101 2170 1156 tione
2197 1102 2551 1171 conjunctum
2609 1112 2694 1158 est
2750 1104 2806 1161 in
2836 1119 2925 1159 res
2959 1106 3242 1159 universas
3292 1106 3604 1175 imperium.

2022 1188 2127 1245 Per
2156 1190 2422 1245 rationem
2454 1190 2617 1247 homo
2645 1194 2893 1249 volucres
2909 1210 2976 1249 ex
3000 1211 3128 1253 aere
3153 1196 3398 1262 deducit,
3430 1199 3608 1268 pisces

2020 1295 2086 1334 ex
2109 1280 2268 1349 aquis
2319 1283 2587 1349 extrahit;
2643 1300 2741 1354 per
2803 1286 3070 1343 rationem
3130 1288 3340 1358 reliqua
3395 1290 3609 1358 perﬁcit

2021 1373 2227 1437 omnia,
2285 1388 2629 1444 quaecunque
2690 1386 2818 1437 sunt
2853 1379 2918 1433 ad
2966 1380 3093 1439 vitae
3135 1383 3606 1440 conservationem

2024 1464 2125 1533 ipsi
2168 1452 2495 1533 necessaria,
2537 1478 2735 1533 vestes,
2798 1480 3133 1529 armaturam
3196 1474 3411 1544 aliaque
3460 1475 3607 1531 talia.

2023 1557 2319 1630 Propterea
2360 1577 2555 1617 manus
2598 1563 2764 1620 etiam
2797 1563 2947 1621 dedit
3004 1566 3056 1619 ei
3086 1564 3257 1630 Deus.
3309 1578 3367 1622 ut
3417 1584 3608 1623 earum

2023 1652 2270 1722 Operatio
2298 1653 2558 1723 quidquid
2593 1654 2749 1710 vellet
2792 1656 2997 1724 absque
3054 1658 3166 1712 ullo
3218 1658 3610 1729 impedimento

2026 1743 2297 1801 ediceret.
2334 1745 2566 1801 Disserit
2586 1745 2655 1801 de
2682 1746 2766 1801 bis
2794 1746 3026 1804 Basilius
3053 1749 3107 1804 in
3144 1751 3499 1808 enarratione
3513 1768 3610 1809 sua

2025 1837 2170 1892 vatis
2200 1836 2352 1891 Isaia:
2380 1836 2562 1892 verbis
2621 1839 2931 1907 huiusmodi
2962 1857 2976 1899 :
3014 1860 3034 1893 ι
3074 1840 3256 1899 Brutis
3320 1842 3496 1899 Deus'
3526 1845 3611 1899 vi-

2027 1927 2185 1983 vendi
2218 1928 2481 1983 rationem
2515 1927 2728 1983 facilem
2753 1928 2923 1994 dedit,
2948 1929 3206 1987 alimenta
3230 1932 3374 1987 ultro
3397 1933 3607 2000 oblata,

2025 2026 2229 2073 tectum
2268 2018 2535 2083 nativum,
2572 2018 2805 2088 pilorum
2863 2028 3026 2089 atque
3081 2034 3383 2090 pennarum
3442 2022 3608 2077 indu-

2026 2116 2210 2163 menta
2260 2107 2465 2163 eisdem
2526 2117 2764 2179 potestas
2788 2111 2899 2179 illa,
2920 2127 3042 2182 qua;
3062 2123 3383 2169 cunctorum
3409 2124 3493 2171 est
3515 2131 3613 2184 gu-

2025 2198 2610 2270 bernatrix,largltur.
2663 2201 2899 2269 llomini,
2922 2219 3083 2272 quem
3134 2204 3339 2259 nudum
3375 2205 3604 2269 creavit,

2026 2289 2272 2345 omnium
2305 2291 2421 2349 loco
2439 2291 2702 2348 rationem
2731 2293 2941 2357 tribuit,
2960 2310 2989 2349 ιι
3010 2310 3119 2364 qua
3147 2310 3329 2351 rerum
3351 2296 3615 2365 paranda-

2026 2399 2149 2439 rum
2186 2392 2331 2439 artes
2364 2392 2491 2437 sunt
2516 2385 2799 2454 profectae,
2832 2395 2892 2442 ut
2920 2402 2983 2441 ea
3012 2403 3135 2456 qua:
3181 2388 3417 2443 exstruit
3444 2390 3611 2453 aedes,

2028 2487 2087 2533 ut
2116 2485 2352 2540 textura,
2389 2487 2448 2531 ut
2473 2485 2705 2544 αιτιοι-α»,
2758 2478 3046 2547 supplente
3113 2479 3375 2537 nimirum
3428 2481 3615 2557 animo

2028 2583 2124 2640 per
2155 2569 2384 2631 rationis
2403 2569 2786 2624 excellentiam
2837 2570 2941 2639 52
2971 2571 3113 2639 quod
3160 2572 3482 2639 corporibus
3520 2574 3617 2626 de-

2027 2669 2183 2716 est.»
2243 2662 2519 2717 Potuisset
2570 2662 2793 2731 quidem
2876 2662 3081 2717 homini
3130 2662 3376 2717 nascenti
3451 2664 3614 2718 etiam

2025 2761 2225 2824 prmter
2252 2754 2355 2808 alia
2390 2754 2633 2810 tribuere
2664 2754 2871 2815 omnia,
2902 2770 3090 2809 verum
3132 2754 3236 2808 hoc
3268 2755 3430 2810 modo
3455 2756 3615 2810 ratio-

2027 2846 2115 2900 nis
2138 2849 2308 2917 gratia
2338 2848 2778 2917 beneﬁciumque
2806 2863 2915 2902 non
2939 2848 3222 2904 elusisset.
3258 2849 3393 2903 Nam
3435 2850 3480 2903 si
3531 2850 3614 2902 ni-

2028 2936 2105 2990 hil
2136 2938 2184 2993 ei
2212 2938 2586 2995 necessarium
2626 2937 2788 3003 foret,
2838 2953 3072 3006 quanam
3103 2954 3160 2993 re
3206 2940 3289 2993 vis
3339 2940 3459 3008 ejus
3511 2938 3613 2993 de-

348 3024 645 3093 παρλτοίς
680 3025 894 3099 ἀλόγοις
919 3014 1095 3093 ’ζώοις
1130 3030 1222 3083 καὶ
1257 3029 1540 3099 αἰσθήσεις
1565 3070 1581 3096 ,
1617 3031 1714 3084 ἆτε
1755 3032 1917 3101 λόγου

2029 3028 2229 3087 clarata
2261 3028 2483 3104 fuisset?
2531 3027 2732 3083 Eadem
2784 3032 2850 3083 de
2880 3045 3043 3085 causa
3085 3031 3259 3087 brutis
3288 3031 3617 3086 animalibus

350 3115 428 3186 μὴ
462 3116 645 3183 ὄντος,
679 3119 1043 3186 τετρὰνωνται
1065 3135 1082 3151 ⁸
1112 3122 1173 3175 τὺ
1210 3123 1317 3195 γὰρ
1349 3123 1596 3178 ἐλλεῖπον
1627 3126 1721 3179 τοῦ
1756 3125 1916 3195 λόγου

2029 3118 2129 3173 dati
2159 3127 2286 3173 sunt
2314 3132 2509 3173 sensus
2547 3118 2807 3182 acriores,
2837 3118 2914 3171 ιιιί
2933 3135 3052 3185 quae
3086 3120 3298 3174 ratione
3336 3130 3613 3175 carerent.

344 3212 412 3278 τῇ
445 3209 734 3280 περιουσίᾳ
764 3212 872 3264 τῶν
901 3212 1209 3283 αἰσθήσεων
1240 3217 1530 3285 πανσόφως
1558 3217 1584 3269 ό
1615 3219 1723 3278 τῶν
1747 3219 1918 3279 ἀπάν-

346 3316 457 3355 των
485 3294 917 3373 παρεμυθήσατο
948 3304 1235 3374 πρύτανις.

433 3479 572 3542 ’Δλλ⁴
599 3487 701 3557 ὅρα
737 3487 840 3541 κάν
877 3486 1088 3551 τούτοις
1124 3486 1222 3558 τὴν
1260 3487 1586 3557 κηδεμονίαν
1620 3488 1716 3542 τοῦ
1759 3488 1919 3551 Θεοῦ.

351 3581 577 3651 Μακρδς
613 3582 641 3633 ό
673 3579 942 3649 τράχηλος
972 3584 1069 3650 τῆς
1107 3580 1357 3651 καμήλου
1394 3582 1533 3643 τίνος
1575 3581 1795 3649 ’ἑνεκεν;
1835 3582 1923 3636 ἵνα

353 3676 459 3737 τοίς
486 3676 642 3741 ποσὶν
670 3672 1010 3743 ὲξισάξηται,
1038 3674 1129 3725 καὶ
1160 3675 1448 3744 ἐφικνῆται
1473 3674 1574 3743 τῆς
1605 3672 1835 3745 βοτάνης
1868 3675 1925 3739 ἐξ

354 3759 421 3835 ἧς
452 3765 650 3834 dinem.
680 3763 821 3817 Ὅσοι
853 3764 909 3816 δὲ
938 3764 1047 3815 τῶν
1079 3762 1235 3827 ζώων
1263 3764 1365 3816 οὐκ
1398 3764 1504 3817 ἀπὸ
1532 3764 1628 3834 τῆς
1658 3765 1794 3825 πόας
1827 3754 1953 3833 τῆν’

357 3857 497 3928 ζωὴν
525 3856 656 3926 ἔχει,
681 3856 802 3909 οὐδὲ
833 3855 966 3925 πρὸς
995 3856 1098 3924 γῆν
1125 3855 1420 3920 κυπτάζειν
1448 3856 1926 3927 καταναγκάζεται

358 3945 447 3997 ᾶτε
478 3945 543 4015 δὴ
574 3944 883 4014 σαρκοϐόρα
914 3945 1063 4008 ὄντα,
1094 3944 1301 4016 βραχὺν
1328 3948 1422 4000 καὶ
1448 3950 1557 4009 τοῖς
1580 3945 1757 4016 ὤμοις
1785 3947 1930 4000 ἑνδε-

358 4035 552 4089 δυκότα
589 4036 715 4105 ἔσχε
750 4038 841 4089 τὸν
874 4036 1170 4109 τράχηλον.
1207 4039 1304 4091 Διά
1338 4038 1495 4092 τοῦτο
1529 4038 1624 4092 καὶ
1657 4040 1690 4109 ἡ
1730 4055 1927 4108 προνο-

359 4128 491 4195 μαία
526 4126 828 4196 δεδώρηται
858 4127 937 4196 τῷ
970 4128 1248 4196 ἐλέφαντι,
1280 4128 1377 4198 τὴν
1409 4127 1611 4199 βρῶσιν
1648 4131 1740 4182 καὶ
1771 4129 1929 4181 πόσιν

355 4220 471 4272 ἀντὶ
500 4219 593 4272 τοῦ
624 4220 896 4289 τραχήλου
928 4219 1250 4289 κομίζουσα.
1285 4221 1441 4274 Ἐπεὶ
1468 4220 1526 4273 δὲ
1557 4222 1637 4284 είς
1669 4202 1931 4293 ἔκπληξιν

356 4312 458 4365 τῶν
480 4311 742 4382 ὁρώντων
763 4312 823 4364 τὸ
852 4310 1011 4382 σῶμα
1039 4312 1203 4365 αὐτοῦ
1233 4312 1327 4365 καὶ
1356 4313 1497 4366 πάνυ
1529 4313 1672 4382 μέγα
1698 4313 1928 4366 ἐσκεύασ-

2022 3209 2309 3278 Sapienter
2340 3209 2484 3264 enim
2514 3210 2847 3279 gubernator
2876 3208 2984 3273 lilie
3022 3210 3398 3266 universitatis
3453 3211 3617 3277 hujus

2020 3301 2300 3356 defectum
2333 3310 2389 3356 et
2430 3300 2668 3370 inopiam
2703 3299 2930 3357 rationis
2991 3314 3253 3355 sensuum
3315 3300 3613 3355 acrimonia

2020 3391 2448 3462 praestantiaque
2480 3390 2878 3461 eompeusavit.

2093 3481 2191 3537 llic
2208 3484 2370 3538 etiam
2413 3483 2468 3537 in
2497 3484 2661 3539 rebus
2723 3499 2908 3539 curam
2964 3482 3474 3553 providentiamque
3517 3482 3615 3538 Dei

2016 3575 2402 3639 considerato.
2433 3574 2676 3646 Longum
2696 3560 2935 3631 camclus
2967 3575 3168 3631 collum
3201 3575 3383 3629 habet.
3413 3574 3617 3642 Quam-

2024 3668 2251 3723 obrem?
2279 3678 2334 3722 ut
2368 3669 2539 3738 pedes
2597 3679 2860 3737 aequaret,
2915 3677 3078 3738 atque
3100 3668 3406 3739 pertingrre
3435 3676 3617 3737 posset
3693 3659 3697 3662 ’

2024 3759 2091 3815 ad
2126 3759 2318 3813 herbas
2349 3759 2547 3828 quibus
2568 3759 2801 3813 victitat.
2859 3759 3362 3831 Qnrecnnquelvero
3406 3758 3618 3813 anima-

2027 3852 2096 3907 lia
2129 3853 2330 3907 vicmm
2352 3865 2382 3905 e
2412 3858 2553 3904 terra
2578 3866 2682 3905 non
2713 3851 2934 3915 habent,
2978 3866 3080 3906 nec
3120 3852 3184 3904 ad
3230 3859 3428 3905 terram
3454 3842 3622 3920 caput

2028 3944 2318 3999 demittere
2362 3951 2637 4012 coguntur
2699 3944 2775 3997 uti
2813 3958 2934 4011 qua:
2991 3944 3252 3998 carnibus
3298 3954 3616 4010 vescuntur,

2030 4034 2195 4089 breve
2230 4034 2428 4089 collum
2458 4042 2513 4089 et
2551 4034 2695 4089 intra
2739 4034 3000 4091 humeros
3043 4036 3186 4089 velut
3243 4036 3485 4090 abdiunn
3518 4036 3618 4090 ha-

2031 4128 2183 4182 bent.
2207 4127 2505 4196 Propterea
2542 4126 2823 4196 prohoscis
2868 4128 3164 4197 elephanto
3194 4128 3319 4183 data
3347 4138 3454 4195 est,
3495 4144 3618 4198 qua:

2031 4218 2157 4273 eolli
2198 4218 2319 4273 loco
2392 4219 2574 4275 cibum
2643 4231 2802 4288 atque
2851 4230 3036 4291 polum
3096 4221 3146 4275 ei
3215 4221 3615 4276 subministrat.

2033 4310 2173 4377 Quia
2207 4326 2334 4365 vero
2384 4326 2582 4379 corpus
2643 4312 2764 4381 ejus
2807 4321 3181 4381 comparatum
3238 4312 3306 4366 ad
3350 4322 3620 4382 spectate—

359 4419 475 4464 στο,
510 4404 576 4454 δι’
603 4403 733 4456 αὐτὸ
763 4403 920 4457 τοῦτο
955 4405 1048 4456 καὶ
1081 4404 1445 4475 ἀδιάρθρωτοι
1480 4405 1645 4458 αὑτοῦ
1682 4406 1732 4456 oi
1769 4404 1924 4466 πόδες

2035 4417 2151 4457 rum
2177 4402 2599 4468 admirationem
2632 4414 2686 4455 et
2714 4403 2904 4472 ingens
2948 4402 3238 4457 admodum
3275 4412 3381 4468 est,
3413 4404 3616 4457 idcirco

357 4494 605 4565 καθάπερ
636 4494 782 4557 τινὲς
823 4496 999 4558 κίονες
1032 4496 1113 4548 τδ’
1135 4496 1300 4566 βάρος
1344 4497 1799 4568 ὑποστηρίζοντες
1825 4514 1838 4527 °
1878 4500 1925 4551 εί

357 4585 460 4653 γὰρ
488 4584 664 4654 χαῦνα
694 4586 841 4656 αὐτῷ
866 4589 963 4659 καὶ
989 4587 1185 4657 δίυγρα
1217 4589 1451 4659 ὑπετέθη
1480 4589 1547 4642 τὰ
1576 4589 1747 4653 κῶλα,
1778 4608 1928 4644 συνε-

356 4682 465 4747 xei;
494 4679 559 4731 ἂν
586 4680 833 4745 ἐγένοντο
860 4680 965 4731 τῶν
992 4680 1208 4749 ἄρθρων
1234 4684 1288 4734 αἱ
1321 4682 1607 4751 ἑκτροτιαί.
1645 4682 1806 4735 Ἀλλὰ
1834 4683 1927 4737 καὶ

356 4769 640 4839 τριακόσια
685 4770 779 4838 ἕτη
826 4770 1099 4840 ἱστοροῦσί
1134 4789 1279 4834 τινες
1323 4771 1472 4840 βιοῦν
1506 4773 1599 4826 τόν
1638 4775 1945 4843 ἐλέφανταί

357 4861 426 4911 Οὐ
456 4858 658 4927 μᾶλλον
682 4859 760 4922 δὲ,
786 4862 971 4929 φησὶν.
1000 4862 1214 4930 ἄγαμαι
1240 4863 1330 4916 τὸν
1358 4864 1621 4934 ἐλέφαντα
1648 4868 1737 4919 τοῦ
1768 4866 1932 4934 μεγέ-

356 4950 478 5013 θους
509 4951 728 5012 ἕνεκεν,
764 4952 856 5003 καὶ
885 4952 976 5004 τὸν
1011 4952 1147 5021 μῦν,
1178 4955 1259 5007 ὅτι
1291 4955 1519 5025 φορεόὁς
1552 4958 1666 5009 ἐστι
1700 4959 1778 5027 τῷ
1810 4958 1926 5010 ἐλέ-

358 5058 535 5111 φαντι,
586 5042 778 5114 ὥσπερ
827 5044 891 5114 δὴ
943 5047 1037 5099 καὶ
1084 5045 1145 5098 τὸ
1190 5045 1520 5100 λεπτότατον
1570 5048 1783 5119 ἄγαμαι
1832 5049 1927 5103 τοῦ

357 5137 616 5205 σκορπίου
650 5137 877 5207 κέντρον
909 5138 1026 5201 πῶς
1060 5138 1338 5191 ὲκοίλανεν
1366 5139 1556 5211 ὥσπερ
1591 5142 1750 5194 αὐλὸν
1781 5144 1807 5195 ό
1841 5160 1930 5197 τε·

356 5226 542 5297 χνίτης
565 5268 580 5291 ,
617 5226 761 5282 ὥστε
796 5228 864 5280 δι’
887 5229 1051 5282 αὐτοῦ
1086 5230 1177 5283 τὸν
1215 5230 1291 5285 ίὺν
1325 5235 1433 5295 τοῖς
1467 5235 1755 5302 τρωθείσιν
1790 5234 1928 5287 ἐνίε-

358 5318 498 5372 aiat.
535 5318 696 5371 Ἀλλὰ
738 5320 834 5371 καὶ
875 5320 965 5372 τὸν
1008 5320 1276 5389 ἐλέφαντα
1324 5322 1398 5392 μὴ
1444 5324 1707 5394 πρότερον
1751 5325 1928 5378 πίνειν

358 5401 624 5472 λέγουσιν,
660 5404 757 5457 ἐὰν
796 5406 869 5477 μὴ
903 5406 1113 5480 θολώσῃ
1148 5412 1212 5481 τῇ
1249 5411 1556 5485 προνομαίᾳ
1588 5414 1654 5467 τὰ
1688 5415 1925 5484 νάματα.

357 5494 511 5558 Τίνος
554 5496 778 5564 ἓνεκεν;
821 5498 902 5552 ὅτι
948 5502 1384 5571 μορμολύττεται
1428 5506 1586 5558 σκιὰν
1629 5506 1828 5574 ἐλέφας
1872 5510 1930 5561 ὲν

358 5582 507 5637 ὕδατι
531 5588 632 5657 τὴν
659 5587 859 5641 ἑαυτοῦ
887 5589 1177 5658 θεώμενος.
1210 5594 1299 5646 Διὸ
1328 5596 1417 5646 καὶ
1442 5596 1565 5657 τοὺς
1597 5597 1786 5660 Ἰνδοὺς
1812 5599 1931 5651 ἐπι-

358 5678 542 5746 τηρεῖν
592 5678 859 5749 ἀσέληνον
909 5679 1077 5735 νύκτα
1132 5686 1329 5753 φασὶν,
1383 5686 1614 5756 όπηνέκα
1668 5688 1926 5756 δαπορο-

2035 4492 2200 4562 pedes
2249 4493 2410 4546 etiam
2449 4492 2618 4561 ipsius
2648 4502 2836 4546 carent
2887 4491 3155 4556 articulis,
3210 4493 3366 4562 quasi
3403 4495 3617 4562 pondus

2034 4584 2308 4655 quoddam
2341 4584 2675 4638 sustinentes
2705 4600 2717 4636 :
2747 4599 2870 4635 nam
2926 4583 2970 4637 si
2998 4584 3252 4638 mollibus
3284 4592 3338 4637 et
3378 4585 3617 4638 humidis

2034 4675 2296 4730 membris
2331 4675 2687 4739 inniteretur,
2723 4690 3003 4743 nunquam
3035 4690 3143 4729 non
3193 4676 3409 4729 articuli
3466 4676 3617 4730 laxa-

2038 4779 2244 4821 rentur.
2291 4765 2540 4819 Tradunt
2586 4766 2748 4819 etiam
2777 4766 3050 4829 nonnulli,
3101 4781 3194 4820 ccc
3256 4775 3399 4822 totos
3443 4782 3617 4819 annos

2035 4858 2386 4927 elephantum
2446 4858 2648 4912 vivere.
2721 4856 2906 4927 Neque
2970 4874 3098 4913 vero
3164 4859 3382 4929 magis,
3444 4858 3619 4927 inquit

2037 4948 2178 5003 idem
2205 4948 2457 5011 Basilius,
2500 4949 2850 5017 elaphantum
2901 4949 2971 5003 ob
3000 4950 3120 5016 ejus
3188 4950 3618 5020 magnitudinem

2036 5043 2273 5098 admiror
2306 5058 2465 5111 quam
2498 5057 2707 5096 murem
2747 5057 2815 5097 ex
2845 5057 2930 5106 eo,
2967 5043 3109 5113 quod
3147 5044 3344 5098 terrori
3402 5043 3471 5098 sit
3505 5044 3620 5097 ele-

2035 5132 2278 5203 phanto?
2323 5131 2781 5200 quemadmodum
2831 5140 2886 5186 et
2930 5131 3359 5195 minutissimum
3416 5132 3618 5201 scorpii

2036 5225 2316 5280 stimulum
2348 5223 2533 5276 mirari
2560 5223 2729 5289 soleo,
2773 5239 2881 5293 quo
2938 5223 3148 5279 scilicet
3216 5236 3373 5293 pacto
3432 5235 3618 5274 rerum

2037 5314 2231 5369 artifex
2270 5329 2393 5367 eum
2423 5313 2825 5368 exenteraverit
2864 5313 3039 5367 instar
3089 5314 3371 5383 cujusdam
3447 5310 3613 5373 tibiae,

2038 5414 2096 5458 ut
2131 5421 2225 5474 per
2262 5403 2439 5475 ipsum
2478 5404 2772 5457 vulneratis
2794 5403 2935 5457 virus
2967 5403 3288 5456 immitatur.
3321 5399 3619 5454 Perhibent

2039 5496 2165 5550 item
2200 5511 2310 5548 non
2370 5494 2521 5563 prius
2580 5495 2933 5565 elephantum
2990 5495 3177 5547 bibere
3229 5507 3388 5558 quam
3447 5505 3616 5560 aquas

2038 5588 2363 5659 proboscide
2454 5585 3196 5651 turbavxrit.Quamobrem
3250 5581 3429 5635 istuc?
3486 5585 3622 5653 quia

2040 5697 2189 5739 suam
2238 5678 2407 5748 ipsius
2441 5684 2684 5747 umbram
2718 5680 2770 5734 in
2813 5694 2949 5746 aqua
2996 5671 3339 5742 conspiciens
3373 5690 3612 5744 expave-
