  <div class='ocr_page' id='page_1' title='image "/cluster/home/n/w/nwhite01/storage/ocr_20150623/158/mdp.39015078384701/098.png"; bbox 0 0 3968 6228; ppageno 0'>
   <div class='ocr_carea' id='block_1_1' title="bbox 282 381 392 450">
    <p class='ocr_par' dir='ltr' id='par_1_1' title="bbox 282 381 392 450">
     <span class='ocr_line' id='line_1_1' title="bbox 282 381 392 450; baseline -0.018 -1"><span class='ocrx_word' id='word_1_1' title='bbox 282 381 392 450; x_wconf 77' lang='lat'><strong>121</strong></span> 
     </span>
    </p>
   </div>
   <div class='ocr_carea' id='block_1_2' title="bbox 1576 381 2309 447">
    <p class='ocr_par' dir='ltr' id='par_1_2' title="bbox 1576 381 2309 447">
     <span class='ocr_line' id='line_1_2' title="bbox 1576 381 2309 447; baseline 0.004 -4"><span class='ocrx_word' id='word_1_2' title='bbox 1576 381 1990 446; x_wconf 78' lang='lat' dir='ltr'><strong>ANNALIUM</strong></span> <span class='ocrx_word' id='word_1_3' title='bbox 2027 382 2222 443; x_wconf 81' lang='lat' dir='ltr'><strong>PARS</strong></span> <span class='ocrx_word' id='word_1_4' title='bbox 2258 382 2309 447; x_wconf 88' lang='lat' dir='ltr'><strong>I.</strong></span> 
     </span>
    </p>
   </div>
   <div class='ocr_carea' id='block_1_3' title="bbox 3465 382 3568 448">
    <p class='ocr_par' dir='ltr' id='par_1_3' title="bbox 3465 382 3568 448">
     <span class='ocr_line' id='line_1_3' title="bbox 3465 382 3568 448; baseline -0.01 0"><span class='ocrx_word' id='word_1_5' title='bbox 3465 382 3568 448; x_wconf 78' lang='lat'><strong>122</strong></span> 
     </span>
    </p>
   </div>
   <div class='ocr_carea' id='block_1_4' title="bbox 278 493 1896 573">
    <p class='ocr_par' dir='ltr' id='par_1_4' title="bbox 278 493 1884 566">
     <span class='ocr_line' id='line_1_4' title="bbox 278 493 1884 566; baseline -0.001 -17"><span class='ocrx_word' id='word_1_6' title='bbox 278 495 511 565; x_wconf 78' lang='grc' dir='ltr'>λαγωδς</span> <span class='ocrx_word' id='word_1_7' title='bbox 534 495 646 549; x_wconf 85' lang='grc' dir='ltr'><strong>τῶν</strong></span> <span class='ocrx_word' id='word_1_8' title='bbox 671 494 931 566; x_wconf 72' lang='grc' dir='ltr'>ἐγγόνων,</span> <span class='ocrx_word' id='word_1_9' title='bbox 961 494 997 550; x_wconf 72' lang='grc' dir='ltr'>ἃ</span> <span class='ocrx_word' id='word_1_10' title='bbox 1022 494 1079 550; x_wconf 65' lang='grc' dir='ltr'>δὲ</span> <span class='ocrx_word' id='word_1_11' title='bbox 1106 493 1311 561; x_wconf 80' lang='grc' dir='ltr'>ώδίνει,</span> <span class='ocrx_word' id='word_1_12' title='bbox 1339 494 1376 549; x_wconf 70' lang='grc' dir='ltr'>ἃ</span> <span class='ocrx_word' id='word_1_13' title='bbox 1405 493 1462 549; x_wconf 72' lang='lat' dir='ltr'><strong>at</strong></span> <span class='ocrx_word' id='word_1_14' title='bbox 1492 495 1725 565; x_wconf 73' lang='grc' dir='ltr'>ἡμιτελῆ</span> <span class='ocrx_word' id='word_1_15' title='bbox 1759 497 1884 548; x_wconf 66' lang='lat' dir='ltr'><strong>tm-</strong></span> 
     </span>
    </p>
   </div>
   <div class='ocr_carea' id='block_1_5' title="bbox 2004 493 3568 573">
    <p class='ocr_par' dir='ltr' id='par_1_5' title="bbox 2004 496 3568 573">
     <span class='ocr_line' id='line_1_5' title="bbox 2004 496 3568 573; baseline 0.005 -24"><span class='ocrx_word' id='word_1_16' title='bbox 2004 496 2274 567; x_wconf 72' lang='lat' dir='ltr'><strong>sst-igitur</strong></span> <span class='ocrx_word' id='word_1_17' title='bbox 2327 497 2382 552; x_wconf 90' lang='lat' dir='ltr'><strong>in</strong></span> <span class='ocrx_word' id='word_1_18' title='bbox 2440 498 2720 569; x_wconf 76' lang='lat' dir='ltr'><strong>leporibus</strong></span> <span class='ocrx_word' id='word_1_19' title='bbox 2784 500 3074 573; x_wconf 88' lang='lat' dir='ltr'><strong>conceptio</strong></span> <span class='ocrx_word' id='word_1_20' title='bbox 3140 509 3292 558; x_wconf 88' lang='lat' dir='ltr'><strong>certo</strong></span> <span class='ocrx_word' id='word_1_21' title='bbox 3343 500 3568 559; x_wconf 84' lang='lat' dir='ltr'><strong>dcfinita</strong></span> 
     </span>
    </p>
   </div>
   <div class='ocr_carea' id='block_1_6' title="bbox 278 587 1885 661">
    <p class='ocr_par' dir='ltr' id='par_1_6' title="bbox 278 587 1885 661">
     <span class='ocr_line' id='line_1_6' title="bbox 278 587 1885 661; baseline 0 -20"><span class='ocrx_word' id='word_1_22' title='bbox 278 591 454 660; x_wconf 78' lang='grc' dir='ltr'>φέρει</span> <span class='ocrx_word' id='word_1_23' title='bbox 480 592 547 661; x_wconf 72' lang='grc' dir='ltr'>τῇ</span> <span class='ocrx_word' id='word_1_24' title='bbox 574 590 805 657; x_wconf 89' lang='grc' dir='ltr'>γαστρί·</span> <span class='ocrx_word' id='word_1_25' title='bbox 834 589 1004 643; x_wconf 88' lang='grc' dir='ltr'>ταῦτα</span> <span class='ocrx_word' id='word_1_26' title='bbox 1035 588 1143 659; x_wconf 74' lang='grc' dir='ltr'>γὰρ</span> <span class='ocrx_word' id='word_1_27' title='bbox 1174 589 1207 659; x_wconf 92' lang='grc' dir='ltr'><strong>ή</strong></span> <span class='ocrx_word' id='word_1_28' title='bbox 1242 587 1600 658; x_wconf 78' lang='grc' dir='ltr'>ὲπισύλληψις</span> <span class='ocrx_word' id='word_1_29' title='bbox 1626 587 1686 650; x_wconf 83' lang='grc' dir='ltr'><strong>ὲξ</strong></span> <span class='ocrx_word' id='word_1_30' title='bbox 1716 587 1885 655; x_wconf 81' lang='grc' dir='ltr'>ἀνάγ-</span> 
     </span>
    </p>
   </div>
   <div class='ocr_carea' id='block_1_7' title="bbox 278 679 1885 749">
    <p class='ocr_par' dir='ltr' id='par_1_7' title="bbox 278 679 1885 749">
     <span class='ocr_line' id='line_1_7' title="bbox 278 679 1885 749; baseline -0.001 -16"><span class='ocrx_word' id='word_1_31' title='bbox 278 697 401 749; x_wconf 82' lang='grc' dir='ltr'><strong>κης</strong></span> <span class='ocrx_word' id='word_1_32' title='bbox 446 682 610 733; x_wconf 81' lang='grc' dir='ltr'>ποιεῖ.</span> <span class='ocrx_word' id='word_1_33' title='bbox 648 681 805 734; x_wconf 76' lang='grc' dir='ltr'>Κατὰ</span> <span class='ocrx_word' id='word_1_34' title='bbox 836 679 993 734; x_wconf 90' lang='grc' dir='ltr'>τοῦτο</span> <span class='ocrx_word' id='word_1_35' title='bbox 1023 681 1087 734; x_wconf 75' lang='grc' dir='ltr'>δὲ</span> <span class='ocrx_word' id='word_1_36' title='bbox 1130 680 1241 748; x_wconf 65' lang='lat' dir='ltr'><strong>atat;</strong></span> <span class='ocrx_word' id='word_1_37' title='bbox 1263 679 1540 743; x_wconf 89' lang='grc' dir='ltr'>δασύπους</span> <span class='ocrx_word' id='word_1_38' title='bbox 1580 679 1609 731; x_wconf 83' lang='grc' dir='ltr'>ὁ</span> <span class='ocrx_word' id='word_1_39' title='bbox 1649 679 1885 747; x_wconf 78' lang='grc' dir='ltr'>λαγωδς,</span> 
     </span>
    </p>
   </div>
   <div class='ocr_carea' id='block_1_8' title="bbox 280 771 1887 843">
    <p class='ocr_par' dir='ltr' id='par_1_8' title="bbox 280 771 1887 843">
     <span class='ocr_line' id='line_1_8' title="bbox 280 771 1887 843; baseline -0.001 -17"><span class='ocrx_word' id='word_1_40' title='bbox 280 772 446 827; x_wconf 82' lang='grc' dir='ltr'>καθά</span> <span class='ocrx_word' id='word_1_41' title='bbox 477 788 643 841; x_wconf 78' lang='grc' dir='ltr'>φησιν</span> <span class='ocrx_word' id='word_1_42' title='bbox 670 773 699 825; x_wconf 85' lang='grc' dir='ltr'><strong>ὁ</strong></span> <span class='ocrx_word' id='word_1_43' title='bbox 731 771 1146 843; x_wconf 79' lang='grc' dir='ltr'><strong>Ἀριστοτέλης,</strong></span> <span class='ocrx_word' id='word_1_44' title='bbox 1176 772 1252 835; x_wconf 88' lang='grc' dir='ltr'><strong>ώς</strong></span> <span class='ocrx_word' id='word_1_45' title='bbox 1280 772 1499 842; x_wconf 85' lang='grc' dir='ltr'>πλήρης</span> <span class='ocrx_word' id='word_1_46' title='bbox 1531 772 1887 842; x_wconf 83' lang='grc' dir='ltr'>περιττωμά-</span> 
     </span>
    </p>
   </div>
   <div class='ocr_carea' id='block_1_9' title="bbox 278 861 1889 934">
    <p class='ocr_par' dir='ltr' id='par_1_9' title="bbox 278 861 1889 934">
     <span class='ocr_line' id='line_1_9' title="bbox 278 861 1889 934; baseline -0.001 -18"><span class='ocrx_word' id='word_1_47' title='bbox 278 880 408 917; x_wconf 86' lang='grc' dir='ltr'><strong>των</strong></span> <span class='ocrx_word' id='word_1_48' title='bbox 436 861 511 915; x_wconf 80' lang='grc' dir='ltr'><strong>ὢν</strong></span> <span class='ocrx_word' id='word_1_49' title='bbox 532 878 546 892; x_wconf 75' lang='grc' dir='ltr'><strong>ο</strong></span> <span class='ocrx_word' id='word_1_50' title='bbox 575 863 609 932; x_wconf 84' lang='grc' dir='ltr'><strong>ή</strong></span> <span class='ocrx_word' id='word_1_51' title='bbox 636 865 742 934; x_wconf 75' lang='grc' dir='ltr'><strong>γάρ</strong></span> <span class='ocrx_word' id='word_1_52' title='bbox 768 862 1001 931; x_wconf 79' lang='grc' dir='ltr'><strong>δασύτης</strong></span> <span class='ocrx_word' id='word_1_53' title='bbox 1028 866 1255 933; x_wconf 82' lang='grc' dir='ltr'>σημεῖον</span> <span class='ocrx_word' id='word_1_54' title='bbox 1278 862 1516 931; x_wconf 80' lang='grc' dir='ltr'><strong>πλήθους</strong></span> <span class='ocrx_word' id='word_1_55' title='bbox 1543 862 1889 933; x_wconf 87' lang='grc' dir='ltr'>περιττώμα-</span> 
     </span>
    </p>
   </div>
   <div class='ocr_carea' id='block_1_10' title="bbox 280 954 1888 1019">
    <p class='ocr_par' dir='ltr' id='par_1_10' title="bbox 280 954 1888 1019">
     <span class='ocr_line' id='line_1_10' title="bbox 280 954 1888 1019; baseline -0.001 -11"><span class='ocrx_word' id='word_1_56' title='bbox 280 972 413 1019; x_wconf 81' lang='grc' dir='ltr'>τος.</span> <span class='ocrx_word' id='word_1_57' title='bbox 446 956 612 1009; x_wconf 90' lang='grc' dir='ltr'>Ὀθεν</span> <span class='ocrx_word' id='word_1_58' title='bbox 648 958 738 1009; x_wconf 71' lang='grc' dir='ltr'><strong>καὶ</strong></span> <span class='ocrx_word' id='word_1_59' title='bbox 775 957 1157 1009; x_wconf 72' lang='grc' dir='ltr'><strong>ἐπικυΐσκεται</strong></span> <span class='ocrx_word' id='word_1_60' title='bbox 1190 955 1347 1009; x_wconf 89' lang='grc' dir='ltr'>τοῦτο</span> <span class='ocrx_word' id='word_1_61' title='bbox 1376 954 1439 1008; x_wconf 81' lang='grc' dir='ltr'>τὸ</span> <span class='ocrx_word' id='word_1_62' title='bbox 1472 954 1631 1019; x_wconf 76' lang='grc' dir='ltr'>ζῶον.</span> <span class='ocrx_word' id='word_1_63' title='bbox 1667 954 1760 1007; x_wconf 86' lang='grc' dir='ltr'><strong>Διδ</strong></span> <span class='ocrx_word' id='word_1_64' title='bbox 1795 956 1888 1007; x_wconf 83' lang='grc' dir='ltr'>καὶ</span> 
     </span>
    </p>
   </div>
   <div class='ocr_carea' id='block_1_11' title="bbox 280 1039 1885 1118">
    <p class='ocr_par' dir='ltr' id='par_1_11' title="bbox 280 1039 1885 1118">
     <span class='ocr_line' id='line_1_11' title="bbox 280 1039 1885 1118; baseline 0 -20"><span class='ocrx_word' id='word_1_65' title='bbox 280 1046 407 1099; x_wconf 84' lang='grc' dir='ltr'><strong>τῶν</strong></span> <span class='ocrx_word' id='word_1_66' title='bbox 446 1046 753 1118; x_wconf 82' lang='grc' dir='ltr'>ἀνθρώπων</span> <span class='ocrx_word' id='word_1_67' title='bbox 787 1039 1050 1109; x_wconf 73' lang='grc' dir='ltr'>οἷ’δασεϊς</span> <span class='ocrx_word' id='word_1_68' title='bbox 1087 1046 1562 1118; x_wconf 71' lang='grc' dir='ltr'>ἀφροδισιαστικώ.</span> <span class='ocrx_word' id='word_1_69' title='bbox 1596 1046 1688 1099; x_wconf 63' lang='grc' dir='ltr'><strong>καὶ⁵</strong></span> <span class='ocrx_word' id='word_1_70' title='bbox 1720 1045 1885 1099; x_wconf 89' lang='grc' dir='ltr'>πολύ-</span> 
     </span>
    </p>
   </div>
   <div class='ocr_carea' id='block_1_12' title="bbox 287 1130 1885 1211">
    <p class='ocr_par' dir='ltr' id='par_1_12' title="bbox 287 1130 1885 1211">
     <span class='ocr_line' id='line_1_12' title="bbox 287 1130 1885 1211; baseline -0.001 -20"><span class='ocrx_word' id='word_1_71' title='bbox 287 1156 554 1211; x_wconf 80' lang='grc' dir='ltr'>σπερμοι</span> <span class='ocrx_word' id='word_1_72' title='bbox 580 1140 779 1210; x_wconf 83' lang='grc' dir='ltr'>μᾶλλόν</span> <span class='ocrx_word' id='word_1_73' title='bbox 801 1140 906 1193; x_wconf 78' lang='grc' dir='ltr'>εἱσι</span> <span class='ocrx_word' id='word_1_74' title='bbox 930 1141 1037 1193; x_wconf 84' lang='grc' dir='ltr'><strong>τῶν</strong></span> <span class='ocrx_word' id='word_1_75' title='bbox 1061 1139 1237 1193; x_wconf 89' lang='grc' dir='ltr'>λείων.</span> <span class='ocrx_word' id='word_1_76' title='bbox 1263 1139 1373 1193; x_wconf 73' lang='grc' dir='ltr'><strong>Καὶ</strong></span> <span class='ocrx_word' id='word_1_77' title='bbox 1395 1130 1543 1192; x_wconf 75' lang='grc' dir='ltr'>οὗτοι</span> <span class='ocrx_word' id='word_1_78' title='bbox 1570 1137 1670 1207; x_wconf 74' lang='grc' dir='ltr'>μὶν</span> <span class='ocrx_word' id='word_1_79' title='bbox 1690 1135 1885 1200; x_wconf 75' lang='grc' dir='ltr'>οὕτως’</span> 
     </span>
    </p>
   </div>
   <div class='ocr_carea' id='block_1_13' title="bbox 286 1226 1887 1303">
    <p class='ocr_par' dir='ltr' id='par_1_13' title="bbox 286 1226 1887 1303">
     <span class='ocr_line' id='line_1_13' title="bbox 286 1226 1887 1303; baseline -0.002 -19"><span class='ocrx_word' id='word_1_80' title='bbox 286 1234 319 1284; x_wconf 80' lang='grc' dir='ltr'><strong>ὁ</strong></span> <span class='ocrx_word' id='word_1_81' title='bbox 349 1232 413 1285; x_wconf 78' lang='grc' dir='ltr'>δὲ</span> <span class='ocrx_word' id='word_1_82' title='bbox 444 1232 698 1295; x_wconf 78' lang='grc' dir='ltr'>Αίλιανδς</span> <span class='ocrx_word' id='word_1_83' title='bbox 726 1231 1025 1303; x_wconf 83' lang='grc' dir='ltr'>παράδοξόν</span> <span class='ocrx_word' id='word_1_84' title='bbox 1049 1249 1101 1285; x_wconf 91' lang='grc' dir='ltr'><strong>τι</strong></span> <span class='ocrx_word' id='word_1_85' title='bbox 1127 1232 1223 1285; x_wconf 75' lang='grc' dir='ltr'>καὶ</span> <span class='ocrx_word' id='word_1_86' title='bbox 1248 1231 1368 1285; x_wconf 94' lang='grc' dir='ltr'>λίαν</span> <span class='ocrx_word' id='word_1_87' title='bbox 1391 1230 1610 1297; x_wconf 77' lang='grc' dir='ltr'><strong>διέξεισι</strong></span> <span class='ocrx_word' id='word_1_88' title='bbox 1641 1230 1768 1299; x_wconf 77' lang='grc' dir='ltr'>περὶ</span> <span class='ocrx_word' id='word_1_89' title='bbox 1792 1226 1887 1281; x_wconf 89' lang='grc' dir='ltr'><strong>τοῦ</strong></span> 
     </span>
    </p>
   </div>
   <div class='ocr_carea' id='block_1_14' title="bbox 285 1322 1889 1395">
    <p class='ocr_par' dir='ltr' id='par_1_14' title="bbox 285 1322 1889 1395">
     <span class='ocr_line' id='line_1_14' title="bbox 285 1322 1889 1395; baseline 0.001 -22"><span class='ocrx_word' id='word_1_90' title='bbox 285 1323 526 1391; x_wconf 79' lang='grc' dir='ltr'><strong>λαγωοῦ</strong></span> <span class='ocrx_word' id='word_1_91' title='bbox 548 1339 563 1353; x_wconf 91' lang='grc'><strong>·</strong></span> <span class='ocrx_word' id='word_1_92' title='bbox 591 1323 651 1376; x_wconf 79' lang='grc' dir='ltr'>τὸ</span> <span class='ocrx_word' id='word_1_93' title='bbox 678 1324 787 1395; x_wconf 85' lang='grc' dir='ltr'>γὰρ</span> <span class='ocrx_word' id='word_1_94' title='bbox 812 1327 875 1377; x_wconf 71' lang='grc' dir='ltr'>ἐκ</span> <span class='ocrx_word' id='word_1_95' title='bbox 898 1323 1087 1378; x_wconf 88' lang='grc' dir='ltr'>τούτου</span> <span class='ocrx_word' id='word_1_96' title='bbox 1116 1323 1453 1393; x_wconf 73' lang='grc' dir='ltr'>γεννώμενον</span> <span class='ocrx_word' id='word_1_97' title='bbox 1478 1323 1717 1393; x_wconf 69' lang='grc' dir='ltr'>ἔμϐρυον</span> <span class='ocrx_word' id='word_1_98' title='bbox 1740 1322 1889 1383; x_wconf 69' lang='grc' dir='ltr'>ἐντὸς</span> 
     </span>
    </p>
   </div>
   <div class='ocr_carea' id='block_1_15' title="bbox 286 1415 1889 1485">
    <p class='ocr_par' dir='ltr' id='par_1_15' title="bbox 286 1415 1889 1485">
     <span class='ocr_line' id='line_1_15' title="bbox 286 1415 1889 1485; baseline 0 -19"><span class='ocrx_word' id='word_1_99' title='bbox 286 1415 566 1485; x_wconf 75' lang='grc' dir='ltr'><strong>ἐπιφέρει</strong></span> <span class='ocrx_word' id='word_1_100' title='bbox 604 1415 793 1484; x_wconf 74' lang='grc' dir='ltr'>ἕτερον</span> <span class='ocrx_word' id='word_1_101' title='bbox 831 1415 1087 1485; x_wconf 73' lang='grc' dir='ltr'>ἔμϐρυον.</span> <span class='ocrx_word' id='word_1_102' title='bbox 1125 1415 1402 1478; x_wconf 77' lang='grc' dir='ltr'>Ὡσαύτως</span> <span class='ocrx_word' id='word_1_103' title='bbox 1441 1416 1661 1482; x_wconf 81' lang='grc' dir='ltr'>λέγουσι</span> <span class='ocrx_word' id='word_1_104' title='bbox 1701 1416 1791 1467; x_wconf 86' lang='grc' dir='ltr'>τόν</span> <span class='ocrx_word' id='word_1_105' title='bbox 1829 1430 1889 1466; x_wconf 86' lang='grc' dir='ltr'><strong>τε</strong></span> 
     </span>
    </p>
   </div>
   <div class='ocr_carea' id='block_1_16' title="bbox 286 1504 1889 1578">
    <p class='ocr_par' dir='ltr' id='par_1_16' title="bbox 286 1504 1889 1578">
     <span class='ocr_line' id='line_1_16' title="bbox 286 1504 1889 1578; baseline -0.001 -20"><span class='ocrx_word' id='word_1_106' title='bbox 286 1506 525 1575; x_wconf 73' lang='grc' dir='ltr'>λαγωὸν</span> <span class='ocrx_word' id='word_1_107' title='bbox 558 1509 649 1561; x_wconf 66' lang='grc' dir='ltr'>καὶ</span> <span class='ocrx_word' id='word_1_108' title='bbox 676 1506 771 1577; x_wconf 78' lang='grc' dir='ltr'><strong>τὴν</strong></span> <span class='ocrx_word' id='word_1_109' title='bbox 805 1506 995 1561; x_wconf 85' lang='grc' dir='ltr'>ῦαιναν</span> <span class='ocrx_word' id='word_1_110' title='bbox 1027 1508 1394 1578; x_wconf 78' lang='grc' dir='ltr'>ἀρρενόθηλυν</span> <span class='ocrx_word' id='word_1_111' title='bbox 1422 1506 1687 1576; x_wconf 87' lang='grc' dir='ltr'>γίνεσθαι.</span> <span class='ocrx_word' id='word_1_112' title='bbox 1727 1504 1889 1558; x_wconf 83' lang='grc' dir='ltr'>’Λλλὰ</span> 
     </span>
    </p>
   </div>
   <div class='ocr_carea' id='block_1_17' title="bbox 286 1596 1889 1669">
    <p class='ocr_par' dir='ltr' id='par_1_17' title="bbox 286 1596 1889 1669">
     <span class='ocr_line' id='line_1_17' title="bbox 286 1596 1889 1669; baseline -0.002 -15"><span class='ocrx_word' id='word_1_113' title='bbox 286 1601 397 1654; x_wconf 77' lang='grc' dir='ltr'>καὶ</span> <span class='ocrx_word' id='word_1_114' title='bbox 428 1600 606 1663; x_wconf 78' lang='grc' dir='ltr'>δειλὸς</span> <span class='ocrx_word' id='word_1_115' title='bbox 633 1602 660 1652; x_wconf 87' lang='grc' dir='ltr'>ὁ</span> <span class='ocrx_word' id='word_1_116' title='bbox 686 1600 914 1667; x_wconf 77' lang='grc' dir='ltr'>λαγωός.</span> <span class='ocrx_word' id='word_1_117' title='bbox 943 1599 1097 1662; x_wconf 85' lang='grc' dir='ltr'>Τίνος</span> <span class='ocrx_word' id='word_1_118' title='bbox 1125 1598 1343 1663; x_wconf 80' lang='grc' dir='ltr'>ἒνεκεν;</span> <span class='ocrx_word' id='word_1_119' title='bbox 1374 1599 1456 1651; x_wconf 84' lang='grc' dir='ltr'>ὅτι</span> <span class='ocrx_word' id='word_1_120' title='bbox 1486 1597 1750 1669; x_wconf 74' lang='grc' dir='ltr'><strong>μεγίστην</strong></span> <span class='ocrx_word' id='word_1_121' title='bbox 1776 1596 1889 1666; x_wconf 70' lang='grc' dir='ltr'>ἔχει</span> 
     </span>
    </p>
   </div>
   <div class='ocr_carea' id='block_1_18' title="bbox 1992 589 3570 662">
    <p class='ocr_par' dir='ltr' id='par_1_18' title="bbox 1992 589 3570 662">
     <span class='ocr_line' id='line_1_18' title="bbox 1992 589 3570 662; baseline 0.005 -20"><span class='ocrx_word' id='word_1_122' title='bbox 1992 592 2260 658; x_wconf 85' lang='lat' dir='ltr'><strong>tempore,</strong></span> <span class='ocrx_word' id='word_1_123' title='bbox 2288 589 2383 645; x_wconf 90' lang='lat' dir='ltr'><strong>sed</strong></span> <span class='ocrx_word' id='word_1_124' title='bbox 2405 590 2533 645; x_wconf 90' lang='lat' dir='ltr'><strong>dum</strong></span> <span class='ocrx_word' id='word_1_125' title='bbox 2581 592 2760 647; x_wconf 83' lang='lat' dir='ltr'><strong>adhuc</strong></span> <span class='ocrx_word' id='word_1_126' title='bbox 2785 603 2997 647; x_wconf 87' lang='lat' dir='ltr'><strong>uterum</strong></span> <span class='ocrx_word' id='word_1_127' title='bbox 3058 602 3270 662; x_wconf 87' lang='lat' dir='ltr'><strong>gerunt,</strong></span> <span class='ocrx_word' id='word_1_128' title='bbox 3315 593 3481 649; x_wconf 87' lang='lat' dir='ltr'><strong>altera</strong></span> <span class='ocrx_word' id='word_1_129' title='bbox 3511 595 3570 650; x_wconf 87' lang='lat' dir='ltr'><strong>fit</strong></span> 
     </span>
    </p>
   </div>
   <div class='ocr_carea' id='block_1_19' title="bbox 1988 682 3663 755">
    <p class='ocr_par' dir='ltr' id='par_1_19' title="bbox 1988 682 3663 755">
     <span class='ocr_line' id='line_1_19' title="bbox 1988 682 3663 755; baseline 0.007 -22"><span class='ocrx_word' id='word_1_130' title='bbox 1988 695 2208 734; x_wconf 86' lang='lat' dir='ltr'><strong>rursum</strong></span> <span class='ocrx_word' id='word_1_131' title='bbox 2247 682 2556 751; x_wconf 85' lang='lat' dir='ltr'><strong>conceptio.</strong></span> <span class='ocrx_word' id='word_1_132' title='bbox 2587 682 2705 749; x_wconf 88' lang='lat' dir='ltr'><strong>Qua</strong></span> <span class='ocrx_word' id='word_1_133' title='bbox 2752 684 2820 738; x_wconf 89' lang='lat' dir='ltr'><strong>dc</strong></span> <span class='ocrx_word' id='word_1_134' title='bbox 2844 699 3011 739; x_wconf 88' lang='lat' dir='ltr'><strong>causa</strong></span> <span class='ocrx_word' id='word_1_135' title='bbox 3048 685 3224 755; x_wconf 88' lang='lat' dir='ltr'><strong>lepus,</strong></span> <span class='ocrx_word' id='word_1_136' title='bbox 3264 696 3324 740; x_wconf 92' lang='lat' dir='ltr'><strong>ut</strong></span> <span class='ocrx_word' id='word_1_137' title='bbox 3361 686 3569 743; x_wconf 89' lang='lat' dir='ltr'><strong>dictum</strong></span> <span class='ocrx_word' id='word_1_138' title='bbox 3646 718 3663 731; x_wconf 71' lang='grc' dir='ltr'><strong>ι</strong></span> 
     </span>
    </p>
   </div>
   <div class='ocr_carea' id='block_1_20' title="bbox 1988 772 3571 851">
    <p class='ocr_par' dir='ltr' id='par_1_20' title="bbox 1988 772 3571 851">
     <span class='ocr_line' id='line_1_20' title="bbox 1988 772 3571 851; baseline 0.006 -25"><span class='ocrx_word' id='word_1_139' title='bbox 1988 779 2094 849; x_wconf 68' lang='grc' dir='ltr'>εει,</span> <span class='ocrx_word' id='word_1_140' title='bbox 2135 772 2271 827; x_wconf 86' lang='lat' dir='ltr'><strong>alios</strong></span> <span class='ocrx_word' id='word_1_141' title='bbox 2314 773 2534 843; x_wconf 86' lang='lat' dir='ltr'><strong>quidem</strong></span> <span class='ocrx_word' id='word_1_142' title='bbox 2584 775 2725 831; x_wconf 90' lang='lat' dir='ltr'><strong>fetus</strong></span> <span class='ocrx_word' id='word_1_143' title='bbox 2773 776 2883 846; x_wconf 84' lang='lat' dir='ltr'><strong>jam</strong></span> <span class='ocrx_word' id='word_1_144' title='bbox 2940 778 3134 842; x_wconf 86' lang='lat' dir='ltr'><strong>edidit,</strong></span> <span class='ocrx_word' id='word_1_145' title='bbox 3183 779 3319 835; x_wconf 82' lang='lat' dir='ltr'><strong>alios</strong></span> <span class='ocrx_word' id='word_1_146' title='bbox 3376 789 3571 851; x_wconf 78' lang='lat' dir='ltr'><strong>partu-</strong></span> 
     </span>
    </p>
   </div>
   <div class='ocr_carea' id='block_1_21' title="bbox 1990 863 3565 941">
    <p class='ocr_par' dir='ltr' id='par_1_21' title="bbox 1990 863 3565 941">
     <span class='ocr_line' id='line_1_21' title="bbox 1990 863 3565 941; baseline 0.008 -24"><span class='ocrx_word' id='word_1_147' title='bbox 1990 863 2183 918; x_wconf 90' lang='lat' dir='ltr'><strong>riendo</strong></span> <span class='ocrx_word' id='word_1_148' title='bbox 2228 866 2456 934; x_wconf 90' lang='lat' dir='ltr'><strong>profert.</strong></span> <span class='ocrx_word' id='word_1_149' title='bbox 2508 868 2647 923; x_wconf 89' lang='lat' dir='ltr'><strong>alios</strong></span> <span class='ocrx_word' id='word_1_150' title='bbox 2708 881 2862 924; x_wconf 88' lang='lat' dir='ltr'><strong>utero</strong></span> <span class='ocrx_word' id='word_1_151' title='bbox 2906 870 3087 939; x_wconf 78' lang='lat' dir='ltr'><strong>gestat</strong></span> <span class='ocrx_word' id='word_1_152' title='bbox 3132 871 3565 941; x_wconf 85' lang='lat' dir='ltr'><strong>setniperfectos,</strong></span> 
     </span>
    </p>
   </div>
   <div class='ocr_carea' id='block_1_22' title="bbox 1990 956 3568 1030">
    <p class='ocr_par' dir='ltr' id='par_1_22' title="bbox 1990 956 3568 1030">
     <span class='ocr_line' id='line_1_22' title="bbox 1990 956 3568 1030; baseline 0.006 -20"><span class='ocrx_word' id='word_1_153' title='bbox 1990 956 2124 1011; x_wconf 85' lang='lat' dir='ltr'><strong>Nam</strong></span> <span class='ocrx_word' id='word_1_154' title='bbox 2162 956 2217 1013; x_wconf 87' lang='lat' dir='ltr'><strong>id</strong></span> <span class='ocrx_word' id='word_1_155' title='bbox 2248 960 2555 1015; x_wconf 90' lang='lat' dir='ltr'><strong>necessario</strong></span> <span class='ocrx_word' id='word_1_156' title='bbox 2594 961 3028 1029; x_wconf 83' lang='lat' dir='ltr'><strong>conceptionem,</strong></span> <span class='ocrx_word' id='word_1_157' title='bbox 3070 977 3191 1030; x_wconf 70' lang='lat' dir='ltr'><strong>qua:</strong></span> <span class='ocrx_word' id='word_1_158' title='bbox 3221 963 3323 1017; x_wconf 90' lang='lat' dir='ltr'><strong>alia</strong></span> <span class='ocrx_word' id='word_1_159' title='bbox 3360 964 3419 1019; x_wconf 86' lang='lat' dir='ltr'><strong>fit</strong></span> <span class='ocrx_word' id='word_1_160' title='bbox 3442 981 3568 1019; x_wconf 80' lang='lat' dir='ltr'><strong>mox</strong></span> 
     </span>
    </p>
   </div>
   <div class='ocr_carea' id='block_1_23' title="bbox 1991 1047 3570 1125">
    <p class='ocr_par' dir='ltr' id='par_1_23' title="bbox 1991 1047 3570 1125">
     <span class='ocr_line' id='line_1_23' title="bbox 1991 1047 3570 1125; baseline 0.008 -26"><span class='ocrx_word' id='word_1_161' title='bbox 1991 1054 2114 1116; x_wconf 88' lang='lat' dir='ltr'><strong>post</strong></span> <span class='ocrx_word' id='word_1_162' title='bbox 2163 1047 2346 1112; x_wconf 90' lang='lat' dir='ltr'><strong>aliam,</strong></span> <span class='ocrx_word' id='word_1_163' title='bbox 2392 1050 2658 1119; x_wconf 83' lang='lat' dir='ltr'><strong>sequitur.</strong></span> <span class='ocrx_word' id='word_1_164' title='bbox 2717 1050 2923 1105; x_wconf 91' lang='lat' dir='ltr'><strong>ldcirco</strong></span> <span class='ocrx_word' id='word_1_165' title='bbox 2975 1053 3128 1121; x_wconf 85' lang='lat' dir='ltr'><strong>lepus</strong></span> <span class='ocrx_word' id='word_1_166' title='bbox 3182 1054 3342 1108; x_wconf 89' lang='lat' dir='ltr'><strong>etiam</strong></span> <span class='ocrx_word' id='word_1_167' title='bbox 3400 1056 3570 1125; x_wconf 88' lang='lat' dir='ltr'><strong>pedes</strong></span> 
     </span>
    </p>
   </div>
   <div class='ocr_carea' id='block_1_24' title="bbox 1992 1137 3573 1211">
    <p class='ocr_par' dir='ltr' id='par_1_24' title="bbox 1992 1137 3573 1211">
     <span class='ocr_line' id='line_1_24' title="bbox 1992 1137 3573 1211; baseline 0.006 -20"><span class='ocrx_word' id='word_1_168' title='bbox 1992 1137 2235 1195; x_wconf 88' lang='lat' dir='ltr'><strong>hirsutos</strong></span> <span class='ocrx_word' id='word_1_169' title='bbox 2262 1141 2445 1207; x_wconf 81' lang='lat' dir='ltr'><strong>habet,</strong></span> <span class='ocrx_word' id='word_1_170' title='bbox 2492 1142 2971 1211; x_wconf 69' lang='lat' dir='ltr'><strong>quemadmodum</strong></span> <span class='ocrx_word' id='word_1_171' title='bbox 3007 1144 3330 1200; x_wconf 82' lang='lat' dir='ltr'><strong>Aristoteles</strong></span> <span class='ocrx_word' id='word_1_172' title='bbox 3369 1146 3464 1211; x_wconf 90' lang='lat' dir='ltr'><strong>ait,</strong></span> <span class='ocrx_word' id='word_1_173' title='bbox 3514 1155 3573 1201; x_wconf 93' lang='lat' dir='ltr'><strong>ut</strong></span> 
     </span>
    </p>
   </div>
   <div class='ocr_carea' id='block_1_25' title="bbox 1996 1230 3691 1303">
    <p class='ocr_par' dir='ltr' id='par_1_25' title="bbox 1996 1230 3691 1303">
     <span class='ocr_line' id='line_1_25' title="bbox 1996 1230 3691 1303; baseline 0.005 -19"><span class='ocrx_word' id='word_1_174' title='bbox 1996 1232 2090 1301; x_wconf 90' lang='lat' dir='ltr'><strong>qui</strong></span> <span class='ocrx_word' id='word_1_175' title='bbox 2132 1230 2394 1301; x_wconf 82' lang='lat' dir='ltr'><strong>superflui</strong></span> <span class='ocrx_word' id='word_1_176' title='bbox 2458 1232 2527 1287; x_wconf 86' lang='lat' dir='ltr'><strong>sit</strong></span> <span class='ocrx_word' id='word_1_177' title='bbox 2588 1233 2832 1287; x_wconf 91' lang='lat' dir='ltr'><strong>humoris</strong></span> <span class='ocrx_word' id='word_1_178' title='bbox 2880 1233 3266 1303; x_wconf 79' lang='lat' dir='ltr'><strong>plenusznam</strong></span> <span class='ocrx_word' id='word_1_179' title='bbox 3312 1236 3575 1292; x_wconf 84' lang='lat' dir='ltr'><strong>hirsuties</strong></span> <span class='ocrx_word' id='word_1_180' title='bbox 3680 1298 3691 1303; x_wconf 39' lang='lat'><strong>-</strong></span> 
     </span>
    </p>
   </div>
   <div class='ocr_carea' id='block_1_26' title="bbox 1994 1325 3574 1397">
    <p class='ocr_par' dir='ltr' id='par_1_26' title="bbox 1994 1325 3574 1397">
     <span class='ocr_line' id='line_1_26' title="bbox 1994 1325 3574 1397; baseline 0.002 -18"><span class='ocrx_word' id='word_1_181' title='bbox 1994 1327 2145 1379; x_wconf 70' lang='lat' dir='ltr'><strong>istzcc</strong></span> <span class='ocrx_word' id='word_1_182' title='bbox 2180 1326 2416 1395; x_wconf 79' lang='lat' dir='ltr'><strong>ingentis</strong></span> <span class='ocrx_word' id='word_1_183' title='bbox 2444 1325 2837 1395; x_wconf 82' lang='lat' dir='ltr'><strong>superfluitatis</strong></span> <span class='ocrx_word' id='word_1_184' title='bbox 2865 1336 2947 1381; x_wconf 87' lang='lat' dir='ltr'><strong>est</strong></span> <span class='ocrx_word' id='word_1_185' title='bbox 2972 1338 3380 1397; x_wconf 79' lang='lat' dir='ltr'><strong>argumentum.</strong></span> <span class='ocrx_word' id='word_1_186' title='bbox 3434 1329 3574 1383; x_wconf 86' lang='lat' dir='ltr'><strong>Hinc</strong></span> 
     </span>
    </p>
   </div>
   <div class='ocr_carea' id='block_1_27' title="bbox 1994 1417 3577 1494">
    <p class='ocr_par' dir='ltr' id='par_1_27' title="bbox 1994 1417 3577 1494">
     <span class='ocr_line' id='line_1_27' title="bbox 1994 1417 3577 1494; baseline 0.004 -25"><span class='ocrx_word' id='word_1_187' title='bbox 1994 1417 2247 1471; x_wconf 80' lang='lat' dir='ltr'><strong>animalis</strong></span> <span class='ocrx_word' id='word_1_188' title='bbox 2276 1417 2437 1487; x_wconf 85' lang='lat' dir='ltr'><strong>hujus</strong></span> <span class='ocrx_word' id='word_1_189' title='bbox 2470 1417 2844 1487; x_wconf 83' lang='lat' dir='ltr'><strong>superfctatio.</strong></span> <span class='ocrx_word' id='word_1_190' title='bbox 2886 1418 3087 1474; x_wconf 88' lang='lat' dir='ltr'><strong>Eadem</strong></span> <span class='ocrx_word' id='word_1_191' title='bbox 3123 1423 3191 1475; x_wconf 88' lang='lat' dir='ltr'><strong>de</strong></span> <span class='ocrx_word' id='word_1_192' title='bbox 3251 1436 3414 1475; x_wconf 85' lang='lat' dir='ltr'><strong>causa</strong></span> <span class='ocrx_word' id='word_1_193' title='bbox 3467 1421 3577 1494; x_wconf 63' lang='grc'>54</span> 
     </span>
    </p>
   </div>
   <div class='ocr_carea' id='block_1_28' title="bbox 1997 1509 3579 1583">
    <p class='ocr_par' dir='ltr' id='par_1_28' title="bbox 1997 1509 3579 1583">
     <span class='ocr_line' id='line_1_28' title="bbox 1997 1509 3579 1583; baseline 0.004 -22"><span class='ocrx_word' id='word_1_194' title='bbox 1997 1510 2053 1561; x_wconf 90' lang='lat' dir='ltr'><strong>fit</strong></span> <span class='ocrx_word' id='word_1_195' title='bbox 2091 1521 2148 1563; x_wconf 91' lang='lat' dir='ltr'><strong>ut</strong></span> <span class='ocrx_word' id='word_1_196' title='bbox 2190 1510 2440 1563; x_wconf 84' lang='lat' dir='ltr'><strong>homines</strong></span> <span class='ocrx_word' id='word_1_197' title='bbox 2472 1509 2665 1564; x_wconf 87' lang='lat' dir='ltr'><strong>hirsuti</strong></span> <span class='ocrx_word' id='word_1_198' title='bbox 2711 1520 2936 1565; x_wconf 47' lang='lat' dir='ltr'><strong>ca‘tcros</strong></span> <span class='ocrx_word' id='word_1_199' title='bbox 2960 1510 3209 1583; x_wconf 63' lang='lat' dir='ltr'><strong>laeviores</strong></span> <span class='ocrx_word' id='word_1_200' title='bbox 3238 1521 3348 1567; x_wconf 90' lang='lat' dir='ltr'><strong>tum</strong></span> <span class='ocrx_word' id='word_1_201' title='bbox 3378 1528 3579 1568; x_wconf 84' lang='lat' dir='ltr'><strong>venere</strong></span> 
     </span>
    </p>
   </div>
   <div class='ocr_carea' id='block_1_29' title="bbox 1996 1598 3576 1670">
    <p class='ocr_par' dir='ltr' id='par_1_29' title="bbox 1996 1598 3576 1670">
     <span class='ocr_line' id='line_1_29' title="bbox 1996 1598 3576 1670; baseline 0.004 -18"><span class='ocrx_word' id='word_1_202' title='bbox 1996 1609 2107 1653; x_wconf 85' lang='lat' dir='ltr'><strong>tum</strong></span> <span class='ocrx_word' id='word_1_203' title='bbox 2142 1598 2367 1653; x_wconf 88' lang='lat' dir='ltr'><strong>seminis</strong></span> <span class='ocrx_word' id='word_1_204' title='bbox 2414 1599 2569 1669; x_wconf 82' lang='lat' dir='ltr'><strong>capia</strong></span> <span class='ocrx_word' id='word_1_205' title='bbox 2624 1608 2906 1669; x_wconf 88' lang='lat' dir='ltr'><strong>superent.</strong></span> <span class='ocrx_word' id='word_1_206' title='bbox 2946 1600 3012 1653; x_wconf 87' lang='lat' dir='ltr'><strong>Et</strong></span> <span class='ocrx_word' id='word_1_207' title='bbox 3052 1600 3167 1654; x_wconf 71' lang='lat' dir='ltr'><strong>haec</strong></span> <span class='ocrx_word' id='word_1_208' title='bbox 3230 1601 3449 1670; x_wconf 89' lang='lat' dir='ltr'><strong>quidem</strong></span> <span class='ocrx_word' id='word_1_209' title='bbox 3507 1602 3576 1658; x_wconf 85' lang='lat' dir='ltr'><strong>ab</strong></span> 
     </span>
    </p>
   </div>
   <div class='ocr_carea' id='block_1_30' title="bbox 285 1687 1889 1762">
    <p class='ocr_par' dir='ltr' id='par_1_30' title="bbox 285 1687 1889 1762">
     <span class='ocr_line' id='line_1_30' title="bbox 285 1687 1889 1762; baseline -0.002 -19"><span class='ocrx_word' id='word_1_210' title='bbox 285 1692 566 1762; x_wconf 77' lang='grc' dir='ltr'><strong>καρδίαν,</strong></span> <span class='ocrx_word' id='word_1_211' title='bbox 584 1689 729 1742; x_wconf 80' lang='grc' dir='ltr'>ὥσπε</span> <span class='ocrx_word' id='word_1_212' title='bbox 741 1708 771 1761; x_wconf 90' lang='grc' dir='ltr'><strong>ρ</strong></span> <span class='ocrx_word' id='word_1_213' title='bbox 786 1690 849 1759; x_wconf 82' lang='grc' dir='ltr'>δὴ</span> <span class='ocrx_word' id='word_1_214' title='bbox 863 1690 1080 1759; x_wconf 70' lang='grc' dir='ltr'>ἔλαφος,</span> <span class='ocrx_word' id='word_1_215' title='bbox 1101 1691 1226 1760; x_wconf 87' lang='grc' dir='ltr'>μῦς,</span> <span class='ocrx_word' id='word_1_216' title='bbox 1248 1688 1429 1755; x_wconf 80' lang='grc' dir='ltr'>ὓαινα,</span> <span class='ocrx_word' id='word_1_217' title='bbox 1448 1690 1589 1754; x_wconf 74' lang='grc' dir='ltr'>ὄνος,</span> <span class='ocrx_word' id='word_1_218' title='bbox 1602 1687 1889 1757; x_wconf 79' lang='grc' dir='ltr'><strong>πάρδαλις,</strong></span> 
     </span>
    </p>
   </div>
   <div class='ocr_carea' id='block_1_31' title="bbox 285 1780 1891 1853">
    <p class='ocr_par' dir='ltr' id='par_1_31' title="bbox 285 1780 1891 1853">
     <span class='ocr_line' id='line_1_31' title="bbox 285 1780 1891 1853; baseline -0.002 -16"><span class='ocrx_word' id='word_1_219' title='bbox 285 1786 476 1853; x_wconf 80' lang='grc' dir='ltr'>γαλῆ,</span> <span class='ocrx_word' id='word_1_220' title='bbox 507 1782 604 1837; x_wconf 83' lang='grc' dir='ltr'><strong>καὶ</strong></span> <span class='ocrx_word' id='word_1_221' title='bbox 631 1782 816 1845; x_wconf 78' lang='grc' dir='ltr'>ἁπλῶς</span> <span class='ocrx_word' id='word_1_222' title='bbox 843 1782 1001 1839; x_wconf 81' lang='grc' dir='ltr'>πάνθ’</span> <span class='ocrx_word' id='word_1_223' title='bbox 1026 1783 1127 1836; x_wconf 82' lang='grc' dir='ltr'>ὅσα</span> <span class='ocrx_word' id='word_1_224' title='bbox 1158 1782 1406 1852; x_wconf 82' lang='grc' dir='ltr'>φανερῶς</span> <span class='ocrx_word' id='word_1_225' title='bbox 1433 1782 1538 1834; x_wconf 75' lang='grc' dir='ltr'>εισι</span> <span class='ocrx_word' id='word_1_226' title='bbox 1565 1781 1715 1835; x_wconf 75' lang='grc' dir='ltr'>δειλά</span> <span class='ocrx_word' id='word_1_227' title='bbox 1743 1780 1775 1852; x_wconf 76' lang='grc' dir='ltr'>ἢ</span> <span class='ocrx_word' id='word_1_228' title='bbox 1802 1781 1891 1833; x_wconf 79' lang='grc' dir='ltr'>διὰ</span> 
     </span>
    </p>
   </div>
   <div class='ocr_carea' id='block_1_32' title="bbox 1997 1688 3575 1751">
    <p class='ocr_par' dir='ltr' id='par_1_32' title="bbox 1997 1688 3575 1751">
     <span class='ocr_line' id='line_1_32' title="bbox 1997 1688 3575 1751; baseline 0 -6"><span class='ocrx_word' id='word_1_229' title='bbox 1997 1691 2079 1745; x_wconf 83' lang='lat' dir='ltr'><strong>bis</strong></span> <span class='ocrx_word' id='word_1_230' title='bbox 2102 1689 2295 1751; x_wconf 81' lang='lat' dir='ltr'><strong>tradita</strong></span> <span class='ocrx_word' id='word_1_231' title='bbox 2321 1701 2468 1744; x_wconf 90' lang='lat' dir='ltr'><strong>sunt.</strong></span> <span class='ocrx_word' id='word_1_232' title='bbox 2539 1688 2807 1744; x_wconf 66' lang='lat' dir='ltr'><strong>Cancrum</strong></span> <span class='ocrx_word' id='word_1_233' title='bbox 2868 1688 3117 1745; x_wconf 64' lang='lat' dir='ltr'><strong>Elianns</strong></span> <span class='ocrx_word' id='word_1_234' title='bbox 3152 1691 3310 1745; x_wconf 85' lang='lat' dir='ltr'><strong>valde</strong></span> <span class='ocrx_word' id='word_1_235' title='bbox 3373 1706 3575 1745; x_wconf 84' lang='lat' dir='ltr'><strong>novum</strong></span> 
     </span>
    </p>
   </div>
   <div class='ocr_carea' id='block_1_33' title="bbox 1996 1781 3577 1850">
    <p class='ocr_par' dir='ltr' id='par_1_33' title="bbox 1996 1781 3577 1850">
     <span class='ocr_line' id='line_1_33' title="bbox 1996 1781 3577 1850; baseline -0.001 -14"><span class='ocrx_word' id='word_1_236' title='bbox 1996 1792 2049 1837; x_wconf 89' lang='lat' dir='ltr'><strong>et</strong></span> <span class='ocrx_word' id='word_1_237' title='bbox 2079 1782 2411 1835; x_wconf 85' lang='lat' dir='ltr'><strong>inusitatum</strong></span> <span class='ocrx_word' id='word_1_238' title='bbox 2456 1781 2715 1850; x_wconf 87' lang='lat' dir='ltr'><strong>quiddam</strong></span> <span class='ocrx_word' id='word_1_239' title='bbox 2783 1781 2848 1836; x_wconf 91' lang='lat' dir='ltr'><strong>de</strong></span> <span class='ocrx_word' id='word_1_240' title='bbox 2902 1781 3088 1850; x_wconf 86' lang='lat' dir='ltr'><strong>lepore</strong></span> <span class='ocrx_word' id='word_1_241' title='bbox 3133 1790 3577 1836; x_wconf 87' lang='lat' dir='ltr'><strong>commemorat:</strong></span> 
     </span>
    </p>
   </div>
   <div class='ocr_carea' id='block_1_34' title="bbox 281 1872 1896 1947">
    <p class='ocr_par' dir='ltr' id='par_1_34' title="bbox 281 1874 1888 1947">
     <span class='ocr_line' id='line_1_34' title="bbox 281 1874 1888 1947; baseline 0 -21"><span class='ocrx_word' id='word_1_242' title='bbox 281 1875 478 1944; x_wconf 74' lang='grc' dir='ltr'>φόϐον</span> <span class='ocrx_word' id='word_1_243' title='bbox 511 1876 817 1947; x_wconf 84' lang='grc' dir='ltr'>κακοῦργα.</span> <span class='ocrx_word' id='word_1_244' title='bbox 851 1876 1142 1944; x_wconf 81' lang='grc' dir='ltr'>Μεγίστων</span> <span class='ocrx_word' id='word_1_245' title='bbox 1173 1877 1281 1945; x_wconf 75' lang='grc' dir='ltr'><strong>γὰρ</strong></span> <span class='ocrx_word' id='word_1_246' title='bbox 1314 1876 1372 1928; x_wconf 70' lang='grc' dir='ltr'><strong>εν</strong></span> <span class='ocrx_word' id='word_1_247' title='bbox 1403 1875 1581 1937; x_wconf 84' lang='grc' dir='ltr'>αὐτοῖς</span> <span class='ocrx_word' id='word_1_248' title='bbox 1611 1874 1719 1927; x_wconf 87' lang='grc' dir='ltr'><strong>τῶν</strong></span> <span class='ocrx_word' id='word_1_249' title='bbox 1752 1891 1888 1943; x_wconf 89' lang='grc' dir='ltr'>καρ-</span> 
     </span>
    </p>
   </div>
   <div class='ocr_carea' id='block_1_35' title="bbox 2004 1872 3578 1947">
    <p class='ocr_par' dir='ltr' id='par_1_35' title="bbox 2004 1872 3578 1943">
     <span class='ocr_line' id='line_1_35' title="bbox 2004 1872 3578 1943; baseline -0.001 -15"><span class='ocrx_word' id='word_1_250' title='bbox 2004 1890 2120 1928; x_wconf 89' lang='lat' dir='ltr'><strong>nam</strong></span> <span class='ocrx_word' id='word_1_251' title='bbox 2150 1874 2240 1943; x_wconf 92' lang='lat' dir='ltr'><strong>qui</strong></span> <span class='ocrx_word' id='word_1_252' title='bbox 2261 1888 2329 1927; x_wconf 79' lang='lat' dir='ltr'><strong>ex</strong></span> <span class='ocrx_word' id='word_1_253' title='bbox 2382 1888 2447 1928; x_wconf 92' lang='lat' dir='ltr'><strong>eo</strong></span> <span class='ocrx_word' id='word_1_254' title='bbox 2475 1873 2715 1927; x_wconf 89' lang='lat' dir='ltr'><strong>nascitur</strong></span> <span class='ocrx_word' id='word_1_255' title='bbox 2749 1872 2906 1939; x_wconf 88' lang='lat' dir='ltr'><strong>fetus,</strong></span> <span class='ocrx_word' id='word_1_256' title='bbox 2951 1888 3075 1927; x_wconf 91' lang='lat' dir='ltr'><strong>eum</strong></span> <span class='ocrx_word' id='word_1_257' title='bbox 3131 1872 3266 1926; x_wconf 88' lang='lat' dir='ltr'><strong>dicit</strong></span> <span class='ocrx_word' id='word_1_258' title='bbox 3329 1874 3469 1927; x_wconf 87' lang='lat' dir='ltr'><strong>intra</strong></span> <span class='ocrx_word' id='word_1_259' title='bbox 3519 1888 3578 1927; x_wconf 89' lang='lat' dir='ltr'><strong>se</strong></span> 
     </span>
    </p>
   </div>
   <div class='ocr_carea' id='block_1_36' title="bbox 280 1964 1896 2045">
    <p class='ocr_par' dir='ltr' id='par_1_36' title="bbox 280 1965 1887 2039">
     <span class='ocr_line' id='line_1_36' title="bbox 280 1965 1887 2039; baseline -0.001 -19"><span class='ocrx_word' id='word_1_260' title='bbox 280 1966 437 2020; x_wconf 81' lang='grc' dir='ltr'>διῶν</span> <span class='ocrx_word' id='word_1_261' title='bbox 469 1967 651 2021; x_wconf 82' lang='grc' dir='ltr'>οὐσῶν</span> <span class='ocrx_word' id='word_1_262' title='bbox 680 1968 950 2039; x_wconf 78' lang='grc' dir='ltr'><strong>διακέεται</strong></span> <span class='ocrx_word' id='word_1_263' title='bbox 981 1968 1042 2021; x_wconf 82' lang='grc' dir='ltr'>τὸ</span> <span class='ocrx_word' id='word_1_264' title='bbox 1079 1966 1189 2037; x_wconf 89' lang='grc' dir='ltr'><strong>πῦρ</strong></span> <span class='ocrx_word' id='word_1_265' title='bbox 1225 1968 1320 2021; x_wconf 73' lang='grc' dir='ltr'>καὶ</span> <span class='ocrx_word' id='word_1_266' title='bbox 1351 1967 1411 2021; x_wconf 90' lang='grc' dir='ltr'><strong>ού</strong></span> <span class='ocrx_word' id='word_1_267' title='bbox 1448 1967 1736 2035; x_wconf 78' lang='grc' dir='ltr'>συνῆκται.</span> <span class='ocrx_word' id='word_1_268' title='bbox 1772 1965 1887 2036; x_wconf 67' lang='grc' dir='ltr'><strong>Ἐφ’</strong></span> 
     </span>
    </p>
   </div>
   <div class='ocr_carea' id='block_1_37' title="bbox 2004 1964 3579 2045">
    <p class='ocr_par' dir='ltr' id='par_1_37' title="bbox 2004 1964 3579 2045">
     <span class='ocr_line' id='line_1_37' title="bbox 2004 1964 3579 2045; baseline -0.003 -24"><span class='ocrx_word' id='word_1_269' title='bbox 2004 1967 2161 2022; x_wconf 66' lang='lat' dir='ltr'><strong>ictum</strong></span> <span class='ocrx_word' id='word_1_270' title='bbox 2196 1966 2362 2019; x_wconf 90' lang='lat' dir='ltr'><strong>alium</strong></span> <span class='ocrx_word' id='word_1_271' title='bbox 2413 1980 2626 2036; x_wconf 86' lang='lat' dir='ltr'><strong>gerere.</strong></span> <span class='ocrx_word' id='word_1_272' title='bbox 2658 1965 2848 2020; x_wconf 83' lang='lat' dir='ltr'><strong>Itidem</strong></span> <span class='ocrx_word' id='word_1_273' title='bbox 2884 1964 3037 2018; x_wconf 87' lang='lat' dir='ltr'><strong>aiunt</strong></span> <span class='ocrx_word' id='word_1_274' title='bbox 3075 1965 3319 2045; x_wconf 79' lang='lat' dir='ltr'><strong>leporem</strong></span> <span class='ocrx_word' id='word_1_275' title='bbox 3348 1972 3403 2017; x_wconf 90' lang='lat' dir='ltr'><strong>et</strong></span> <span class='ocrx_word' id='word_1_276' title='bbox 3436 1965 3579 2033; x_wconf 73' lang='lat' dir='ltr'><strong>hyae-</strong></span> 
     </span>
    </p>
   </div>
   <div class='ocr_carea' id='block_1_38' title="bbox 280 2053 1896 2130">
    <p class='ocr_par' dir='ltr' id='par_1_38' title="bbox 280 2053 1890 2130">
     <span class='ocr_line' id='line_1_38' title="bbox 280 2053 1890 2130; baseline -0.001 -18"><span class='ocrx_word' id='word_1_277' title='bbox 280 2053 330 2125; x_wconf 83' lang='grc' dir='ltr'>ᾦ</span> <span class='ocrx_word' id='word_1_278' title='bbox 364 2059 480 2113; x_wconf 78' lang='grc' dir='ltr'>καὶ</span> <span class='ocrx_word' id='word_1_279' title='bbox 510 2060 772 2130; x_wconf 78' lang='grc' dir='ltr'>τυγχάνει</span> <span class='ocrx_word' id='word_1_280' title='bbox 803 2060 972 2115; x_wconf 83' lang='grc' dir='ltr'>δειλά.</span> <span class='ocrx_word' id='word_1_281' title='bbox 1005 2061 1086 2114; x_wconf 77' lang='grc' dir='ltr'><strong>Τὰ</strong></span> <span class='ocrx_word' id='word_1_282' title='bbox 1118 2060 1301 2130; x_wconf 84' lang='grc' dir='ltr'>μέντοι</span> <span class='ocrx_word' id='word_1_283' title='bbox 1332 2060 1538 2129; x_wconf 73' lang='grc' dir='ltr'>μικρὰν</span> <span class='ocrx_word' id='word_1_284' title='bbox 1566 2058 1760 2129; x_wconf 80' lang='grc' dir='ltr'>ἔχοντα</span> <span class='ocrx_word' id='word_1_285' title='bbox 1790 2058 1890 2129; x_wconf 83' lang='grc' dir='ltr'>τὴν</span> 
     </span>
    </p>
   </div>
   <div class='ocr_carea' id='block_1_39' title="bbox 2004 2053 3579 2130">
    <p class='ocr_par' dir='ltr' id='par_1_39' title="bbox 2004 2054 3579 2125">
     <span class='ocr_line' id='line_1_39' title="bbox 2004 2054 3579 2125; baseline -0.004 -12"><span class='ocrx_word' id='word_1_286' title='bbox 2004 2076 2115 2113; x_wconf 77' lang='lat' dir='ltr'><strong>tam</strong></span> <span class='ocrx_word' id='word_1_287' title='bbox 2147 2060 2370 2114; x_wconf 83' lang='lat' dir='ltr'><strong>alternis</strong></span> <span class='ocrx_word' id='word_1_288' title='bbox 2414 2058 2625 2114; x_wconf 85' lang='lat' dir='ltr'><strong>vicibus</strong></span> <span class='ocrx_word' id='word_1_289' title='bbox 2674 2068 2781 2113; x_wconf 89' lang='lat' dir='ltr'><strong>tam</strong></span> <span class='ocrx_word' id='word_1_290' title='bbox 2862 2072 3069 2112; x_wconf 91' lang='lat' dir='ltr'><strong>marem</strong></span> <span class='ocrx_word' id='word_1_291' title='bbox 3112 2070 3273 2125; x_wconf 89' lang='lat' dir='ltr'><strong>quam</strong></span> <span class='ocrx_word' id='word_1_292' title='bbox 3322 2054 3579 2109; x_wconf 79' lang='lat' dir='ltr'><strong>feminam</strong></span> 
     </span>
    </p>
   </div>
   <div class='ocr_carea' id='block_1_40' title="bbox 280 2145 1896 2220">
    <p class='ocr_par' dir='ltr' id='par_1_40' title="bbox 280 2148 1890 2220">
     <span class='ocr_line' id='line_1_40' title="bbox 280 2148 1890 2220; baseline -0.001 -17"><span class='ocrx_word' id='word_1_293' title='bbox 280 2149 543 2220; x_wconf 78' lang='grc' dir='ltr'>καρδίαν</span> <span class='ocrx_word' id='word_1_294' title='bbox 576 2151 913 2220; x_wconf 79' lang='grc' dir='ltr'>συνηγμένον</span> <span class='ocrx_word' id='word_1_295' title='bbox 948 2149 1007 2215; x_wconf 77' lang='grc' dir='ltr'><strong>ἐξ</strong></span> <span class='ocrx_word' id='word_1_296' title='bbox 1044 2151 1289 2220; x_wconf 82' lang='grc' dir='ltr'>ἀνάγκης</span> <span class='ocrx_word' id='word_1_297' title='bbox 1319 2150 1380 2202; x_wconf 81' lang='grc' dir='ltr'>τὸ</span> <span class='ocrx_word' id='word_1_298' title='bbox 1418 2150 1661 2220; x_wconf 73' lang='grc' dir='ltr'>ἔμφυτον</span> <span class='ocrx_word' id='word_1_299' title='bbox 1696 2148 1890 2217; x_wconf 75' lang='grc' dir='ltr'>ἔχοντα</span> 
     </span>
    </p>
   </div>
   <div class='ocr_carea' id='block_1_41' title="bbox 2004 2145 3582 2220">
    <p class='ocr_par' dir='ltr' id='par_1_41' title="bbox 2004 2145 3582 2218">
     <span class='ocr_line' id='line_1_41' title="bbox 2004 2145 3582 2218; baseline -0.004 -13"><span class='ocrx_word' id='word_1_300' title='bbox 2004 2166 2134 2205; x_wconf 70' lang='lat' dir='ltr'><strong>esse.</strong></span> <span class='ocrx_word' id='word_1_301' title='bbox 2161 2149 2573 2206; x_wconf 83' lang='lat' dir='ltr'><strong>Formidolosus</strong></span> <span class='ocrx_word' id='word_1_302' title='bbox 2616 2150 2784 2205; x_wconf 89' lang='lat' dir='ltr'><strong>etiam</strong></span> <span class='ocrx_word' id='word_1_303' title='bbox 2835 2150 2992 2218; x_wconf 88' lang='lat' dir='ltr'><strong>lepus</strong></span> <span class='ocrx_word' id='word_1_304' title='bbox 3018 2156 3122 2204; x_wconf 88' lang='lat' dir='ltr'><strong>est.</strong></span> <span class='ocrx_word' id='word_1_305' title='bbox 3176 2145 3582 2212; x_wconf 73' lang='lat' dir='ltr'><strong>Quamobrem?</strong></span> 
     </span>
    </p>
   </div>
   <div class='ocr_carea' id='block_1_42' title="bbox 281 2235 1896 2313">
    <p class='ocr_par' dir='ltr' id='par_1_42' title="bbox 281 2235 1894 2313">
     <span class='ocr_line' id='line_1_42' title="bbox 281 2235 1894 2313; baseline -0.001 -18"><span class='ocrx_word' id='word_1_306' title='bbox 281 2241 417 2313; x_wconf 79' lang='grc' dir='ltr'><strong>πῦρ</strong></span> <span class='ocrx_word' id='word_1_307' title='bbox 448 2256 465 2271; x_wconf 73' lang='grc'><strong>⁸</strong></span> <span class='ocrx_word' id='word_1_308' title='bbox 516 2235 673 2311; x_wconf 72' lang='grc' dir='ltr'><strong>ἑφίἷ)</strong></span> <span class='ocrx_word' id='word_1_309' title='bbox 717 2244 811 2296; x_wconf 79' lang='grc' dir='ltr'>καὶ</span> <span class='ocrx_word' id='word_1_310' title='bbox 857 2241 991 2311; x_wconf 80' lang='grc' dir='ltr'>πρὸς</span> <span class='ocrx_word' id='word_1_311' title='bbox 1041 2241 1224 2313; x_wconf 81' lang='grc' dir='ltr'>μάχην</span> <span class='ocrx_word' id='word_1_312' title='bbox 1268 2240 1506 2311; x_wconf 81' lang='grc' dir='ltr'>ὑπάρχει</span> <span class='ocrx_word' id='word_1_313' title='bbox 1552 2242 1622 2294; x_wconf 82' lang='grc' dir='ltr'>τὰ</span> <span class='ocrx_word' id='word_1_314' title='bbox 1668 2238 1894 2294; x_wconf 87' lang='grc' dir='ltr'>τοιαῦτα</span> 
     </span>
    </p>
   </div>
   <div class='ocr_carea' id='block_1_43' title="bbox 2004 2235 3583 2313">
    <p class='ocr_par' dir='ltr' id='par_1_43' title="bbox 2004 2238 3583 2309">
     <span class='ocr_line' id='line_1_43' title="bbox 2004 2238 3583 2309; baseline -0.002 -13"><span class='ocrx_word' id='word_1_315' title='bbox 2004 2242 2129 2309; x_wconf 77' lang='lat' dir='ltr'><strong>Quia</strong></span> <span class='ocrx_word' id='word_1_316' title='bbox 2153 2258 2249 2298; x_wconf 90' lang='lat' dir='ltr'><strong>cor</strong></span> <span class='ocrx_word' id='word_1_317' title='bbox 2275 2238 2568 2299; x_wconf 77' lang='lat' dir='ltr'><strong>niaximum</strong></span> <span class='ocrx_word' id='word_1_318' title='bbox 2612 2243 2793 2307; x_wconf 85' lang='lat' dir='ltr'><strong>habet,</strong></span> <span class='ocrx_word' id='word_1_319' title='bbox 2824 2242 2957 2298; x_wconf 87' lang='lat' dir='ltr'><strong>sicut</strong></span> <span class='ocrx_word' id='word_1_320' title='bbox 3009 2251 3067 2295; x_wconf 92' lang='lat' dir='ltr'><strong>et</strong></span> <span class='ocrx_word' id='word_1_321' title='bbox 3095 2255 3292 2295; x_wconf 85' lang='lat' dir='ltr'><strong>cervus</strong></span> <span class='ocrx_word' id='word_1_322' title='bbox 3350 2248 3406 2293; x_wconf 88' lang='lat' dir='ltr'><strong>et</strong></span> <span class='ocrx_word' id='word_1_323' title='bbox 3459 2253 3583 2293; x_wconf 81' lang='lat' dir='ltr'><strong>ntus</strong></span> 
     </span>
    </p>
   </div>
   <div class='ocr_carea' id='block_1_44' title="bbox 1921 1840 1968 1899">
    <p class='ocr_par' dir='ltr' id='par_1_44' title="bbox 1921 1840 1968 1899">
     <span class='ocr_line' id='line_1_44' title="bbox 1921 1840 1968 1899; baseline 0 0"><span class='ocrx_word' id='word_1_324' title='bbox 1921 1840 1968 1899; x_wconf 91' lang='grc' dir='ltr'><strong>Β</strong></span> 
     </span>
    </p>
   </div>
   <div class='ocr_carea' id='block_1_45' title="bbox 285 2332 3584 2408">
    <p class='ocr_par' dir='ltr' id='par_1_45' title="bbox 285 2332 3584 2408">
     <span class='ocr_line' id='line_1_45' title="bbox 285 2332 3584 2408; baseline -0.006 -5"><span class='ocrx_word' id='word_1_325' title='bbox 285 2336 630 2408; x_wconf 71' lang='grc' dir='ltr'><strong>ὖξύρῤοπα-</strong></span> <span class='ocrx_word' id='word_1_326' title='bbox 1999 2345 2055 2391; x_wconf 90' lang='lat' dir='ltr'><strong>et</strong></span> <span class='ocrx_word' id='word_1_327' title='bbox 2087 2337 2290 2408; x_wconf 58' lang='lat' dir='ltr'><strong>hya&#39;na:</strong></span> <span class='ocrx_word' id='word_1_328' title='bbox 2355 2344 2412 2390; x_wconf 90' lang='lat' dir='ltr'><strong>et</strong></span> <span class='ocrx_word' id='word_1_329' title='bbox 2438 2335 2627 2390; x_wconf 89' lang='lat' dir='ltr'><strong>asinus</strong></span> <span class='ocrx_word' id='word_1_330' title='bbox 2657 2344 2713 2390; x_wconf 90' lang='lat' dir='ltr'><strong>et</strong></span> <span class='ocrx_word' id='word_1_331' title='bbox 2738 2336 2975 2405; x_wconf 90' lang='lat' dir='ltr'><strong>pardalis</strong></span> <span class='ocrx_word' id='word_1_332' title='bbox 3001 2343 3054 2389; x_wconf 90' lang='lat' dir='ltr'><strong>et</strong></span> <span class='ocrx_word' id='word_1_333' title='bbox 3080 2335 3333 2397; x_wconf 87' lang='lat' dir='ltr'><strong>mustela,</strong></span> <span class='ocrx_word' id='word_1_334' title='bbox 3360 2342 3412 2387; x_wconf 92' lang='lat' dir='ltr'><strong>et</strong></span> <span class='ocrx_word' id='word_1_335' title='bbox 3449 2332 3584 2385; x_wconf 83' lang='lat' dir='ltr'><strong>sint-</strong></span> 
     </span>
    </p>
   </div>
   <div class='ocr_carea' id='block_1_46' title="bbox 283 2423 3583 2497">
    <p class='ocr_par' dir='ltr' id='par_1_46' title="bbox 283 2423 3583 2497">
     <span class='ocr_line' id='line_1_46' title="bbox 283 2423 3583 2497; baseline -0.001 -18"><span class='ocrx_word' id='word_1_336' title='bbox 283 2425 533 2497; x_wconf 81' lang='lat' dir='ltr'><strong>pliciter</strong></span> <span class='ocrx_word' id='word_1_337' title='bbox 562 2426 743 2481; x_wconf 87' lang='lat' dir='ltr'><strong>omnia</strong></span> <span class='ocrx_word' id='word_1_338' title='bbox 814 2441 1154 2497; x_wconf 59' lang='lat' dir='ltr'><strong>quaecunque</strong></span> <span class='ocrx_word' id='word_1_339' title='bbox 1194 2426 1369 2497; x_wconf 84' lang='lat' dir='ltr'><strong>palam</strong></span> <span class='ocrx_word' id='word_1_340' title='bbox 1426 2423 1621 2481; x_wconf 88' lang='lat' dir='ltr'><strong>timida</strong></span> <span class='ocrx_word' id='word_1_341' title='bbox 1670 2432 1799 2481; x_wconf 85' lang='lat' dir='ltr'><strong>sunt</strong></span> <span class='ocrx_word' id='word_1_342' title='bbox 1840 2427 1923 2482; x_wconf 89' lang='lat' dir='ltr'><strong>vel</strong></span> <span class='ocrx_word' id='word_1_343' title='bbox 1961 2428 2032 2483; x_wconf 90' lang='lat' dir='ltr'><strong>ob</strong></span> <span class='ocrx_word' id='word_1_344' title='bbox 2073 2438 2278 2483; x_wconf 88' lang='lat' dir='ltr'><strong>metum</strong></span> <span class='ocrx_word' id='word_1_345' title='bbox 2339 2430 2526 2483; x_wconf 77' lang='lat' dir='ltr'><strong>noxia.</strong></span> <span class='ocrx_word' id='word_1_346' title='bbox 2556 2427 2693 2482; x_wconf 80' lang='lat' dir='ltr'><strong>Nam</strong></span> <span class='ocrx_word' id='word_1_347' title='bbox 2721 2443 2846 2482; x_wconf 92' lang='lat' dir='ltr'><strong>cum</strong></span> <span class='ocrx_word' id='word_1_348' title='bbox 2887 2427 3052 2483; x_wconf 89' lang='lat' dir='ltr'><strong>corda</strong></span> <span class='ocrx_word' id='word_1_349' title='bbox 3077 2427 3187 2481; x_wconf 90' lang='lat' dir='ltr'><strong>sint</strong></span> <span class='ocrx_word' id='word_1_350' title='bbox 3233 2426 3288 2480; x_wconf 90' lang='lat' dir='ltr'><strong>in</strong></span> <span class='ocrx_word' id='word_1_351' title='bbox 3339 2424 3417 2479; x_wconf 82' lang='lat' dir='ltr'><strong>eis</strong></span> <span class='ocrx_word' id='word_1_352' title='bbox 3455 2438 3583 2493; x_wconf 88' lang='lat' dir='ltr'><strong>per-</strong></span> 
     </span>
    </p>
   </div>
   <div class='ocr_carea' id='block_1_47' title="bbox 287 2516 3582 2589">
    <p class='ocr_par' dir='ltr' id='par_1_47' title="bbox 287 2516 3582 2589">
     <span class='ocr_line' id='line_1_47' title="bbox 287 2516 3582 2589; baseline -0.001 -18"><span class='ocrx_word' id='word_1_353' title='bbox 287 2517 522 2587; x_wconf 84' lang='lat' dir='ltr'><strong>ampla,</strong></span> <span class='ocrx_word' id='word_1_354' title='bbox 544 2517 692 2571; x_wconf 85' lang='lat' dir='ltr'><strong>calor</strong></span> <span class='ocrx_word' id='word_1_355' title='bbox 717 2516 1061 2579; x_wconf 81' lang='lat' dir='ltr'><strong>diﬂunditur,</strong></span> <span class='ocrx_word' id='word_1_356' title='bbox 1117 2532 1225 2571; x_wconf 91' lang='lat' dir='ltr'><strong>non</strong></span> <span class='ocrx_word' id='word_1_357' title='bbox 1287 2517 1595 2586; x_wconf 80' lang='lat' dir='ltr'><strong>colligitur;</strong></span> <span class='ocrx_word' id='word_1_358' title='bbox 1656 2518 1887 2588; x_wconf 87' lang='lat' dir='ltr'><strong>ideoque</strong></span> <span class='ocrx_word' id='word_1_359' title='bbox 1927 2517 2280 2573; x_wconf 80' lang='lat' dir='ltr'><strong>formidolosa</strong></span> <span class='ocrx_word' id='word_1_360' title='bbox 2306 2528 2456 2573; x_wconf 88' lang='lat' dir='ltr'><strong>sunt.</strong></span> <span class='ocrx_word' id='word_1_361' title='bbox 2516 2516 2648 2585; x_wconf 84' lang='lat' dir='ltr'><strong>Quae</strong></span> <span class='ocrx_word' id='word_1_362' title='bbox 2709 2534 2839 2574; x_wconf 90' lang='lat' dir='ltr'><strong>vero</strong></span> <span class='ocrx_word' id='word_1_363' title='bbox 2876 2534 2972 2573; x_wconf 90' lang='lat' dir='ltr'><strong>cor</strong></span> <span class='ocrx_word' id='word_1_364' title='bbox 3027 2518 3284 2589; x_wconf 78' lang='lat' dir='ltr'><strong>exiguum</strong></span> <span class='ocrx_word' id='word_1_365' title='bbox 3353 2517 3582 2581; x_wconf 87' lang='lat' dir='ltr'><strong>habent,</strong></span> 
     </span>
    </p>
   </div>
   <div class='ocr_carea' id='block_1_48' title="bbox 286 2598 3583 2681">
    <p class='ocr_par' dir='ltr' id='par_1_48' title="bbox 286 2598 3583 2681">
     <span class='ocr_line' id='line_1_48' title="bbox 286 2598 3583 2681; baseline -0.002 -14"><span class='ocrx_word' id='word_1_366' title='bbox 286 2598 350 2667; x_wconf 81' lang='lat' dir='ltr'><strong>in</strong></span> <span class='ocrx_word' id='word_1_367' title='bbox 407 2610 502 2664; x_wconf 88' lang='lat' dir='ltr'><strong>eis</strong></span> <span class='ocrx_word' id='word_1_368' title='bbox 523 2610 690 2664; x_wconf 87' lang='lat' dir='ltr'><strong>etiam</strong></span> <span class='ocrx_word' id='word_1_369' title='bbox 725 2610 1037 2665; x_wconf 87' lang='lat' dir='ltr'><strong>necessario</strong></span> <span class='ocrx_word' id='word_1_370' title='bbox 1064 2608 1329 2665; x_wconf 86' lang='lat' dir='ltr'><strong>collectus</strong></span> <span class='ocrx_word' id='word_1_371' title='bbox 1360 2617 1445 2664; x_wconf 88' lang='lat' dir='ltr'><strong>est</strong></span> <span class='ocrx_word' id='word_1_372' title='bbox 1504 2609 1645 2681; x_wconf 89' lang='lat' dir='ltr'><strong>ignis</strong></span> <span class='ocrx_word' id='word_1_373' title='bbox 1707 2610 1795 2664; x_wconf 86' lang='lat' dir='ltr'><strong>ille</strong></span> <span class='ocrx_word' id='word_1_374' title='bbox 1825 2611 2045 2665; x_wconf 86' lang='lat' dir='ltr'><strong>nativus</strong></span> <span class='ocrx_word' id='word_1_375' title='bbox 2108 2618 2163 2664; x_wconf 91' lang='lat' dir='ltr'><strong>et</strong></span> <span class='ocrx_word' id='word_1_376' title='bbox 2200 2612 2435 2677; x_wconf 89' lang='lat' dir='ltr'><strong>insitus;</strong></span> <span class='ocrx_word' id='word_1_377' title='bbox 2465 2612 2697 2681; x_wconf 87' lang='lat' dir='ltr'><strong>ideoque</strong></span> <span class='ocrx_word' id='word_1_378' title='bbox 2743 2620 2873 2666; x_wconf 88' lang='lat' dir='ltr'><strong>sunt</strong></span> <span class='ocrx_word' id='word_1_379' title='bbox 2904 2611 2972 2665; x_wconf 88' lang='lat' dir='ltr'><strong>ad</strong></span> <span class='ocrx_word' id='word_1_380' title='bbox 3005 2609 3360 2679; x_wconf 88' lang='lat' dir='ltr'><strong>pugnandum</strong></span> <span class='ocrx_word' id='word_1_381' title='bbox 3390 2623 3583 2676; x_wconf 91' lang='lat' dir='ltr'><strong>prona.</strong></span> 
     </span>
    </p>
   </div>
   <div class='ocr_carea' id='block_1_49' title="bbox 286 2701 3585 2779">
    <p class='ocr_par' dir='ltr' id='par_1_49' title="bbox 286 2701 3585 2779">
     <span class='ocr_line' id='line_1_49' title="bbox 286 2701 3585 2779; baseline -0.001 -20"><span class='ocrx_word' id='word_1_382' title='bbox 286 2706 490 2761; x_wconf 79' lang='lat' dir='ltr'><strong>Debes</strong></span> <span class='ocrx_word' id='word_1_383' title='bbox 519 2704 624 2757; x_wconf 84' lang='lat' dir='ltr'><strong>hoc</strong></span> <span class='ocrx_word' id='word_1_384' title='bbox 648 2704 807 2757; x_wconf 90' lang='lat' dir='ltr'><strong>etiam</strong></span> <span class='ocrx_word' id='word_1_385' title='bbox 832 2702 994 2767; x_wconf 87' lang='lat' dir='ltr'><strong>scire,</strong></span> <span class='ocrx_word' id='word_1_386' title='bbox 1026 2712 1195 2757; x_wconf 89' lang='lat' dir='ltr'><strong>totum</strong></span> <span class='ocrx_word' id='word_1_387' title='bbox 1239 2703 1522 2757; x_wconf 87' lang='lat' dir='ltr'><strong>biennium</strong></span> <span class='ocrx_word' id='word_1_388' title='bbox 1577 2702 1898 2773; x_wconf 88' lang='lat' dir='ltr'><strong>elephantos</strong></span> <span class='ocrx_word' id='word_1_389' title='bbox 1941 2711 2158 2758; x_wconf 89' lang='lat' dir='ltr'><strong>uterum</strong></span> <span class='ocrx_word' id='word_1_390' title='bbox 2214 2718 2423 2776; x_wconf 89' lang='lat' dir='ltr'><strong>gerere.</strong></span> <span class='ocrx_word' id='word_1_391' title='bbox 2458 2703 2576 2771; x_wconf 88' lang='lat' dir='ltr'><strong>Qua</strong></span> <span class='ocrx_word' id='word_1_392' title='bbox 2615 2704 2683 2759; x_wconf 88' lang='lat' dir='ltr'><strong>de</strong></span> <span class='ocrx_word' id='word_1_393' title='bbox 2746 2702 2953 2759; x_wconf 82' lang='lat' dir='ltr'><strong>causa?</strong></span> <span class='ocrx_word' id='word_1_394' title='bbox 3006 2703 3138 2772; x_wconf 90' lang='lat' dir='ltr'><strong>quia</strong></span> <span class='ocrx_word' id='word_1_395' title='bbox 3192 2701 3381 2756; x_wconf 75' lang='lat' dir='ltr'><strong>fetura:</strong></span> <span class='ocrx_word' id='word_1_396' title='bbox 3411 2702 3585 2779; x_wconf 48' lang='lat' dir='ltr'><strong>mago-</strong></span> 
     </span>
    </p>
   </div>
   <div class='ocr_carea' id='block_1_50' title="bbox 192 2793 1678 2866">
    <p class='ocr_par' dir='ltr' id='par_1_50' title="bbox 192 2793 1678 2866">
     <span class='ocr_line' id='line_1_50' title="bbox 192 2793 1678 2866; baseline -0.004 -11"><span class='ocrx_word' id='word_1_397' title='bbox 192 2808 195 2811; x_wconf 86' lang='lat'>&#39;</span> <span class='ocrx_word' id='word_1_398' title='bbox 286 2815 391 2856; x_wconf 79' lang='lat' dir='ltr'><strong>res</strong></span> <span class='ocrx_word' id='word_1_399' title='bbox 438 2808 690 2866; x_wconf 89' lang='lat' dir='ltr'><strong>tempore</strong></span> <span class='ocrx_word' id='word_1_400' title='bbox 718 2796 948 2864; x_wconf 84' lang='lat' dir='ltr'><strong>longiori</strong></span> <span class='ocrx_word' id='word_1_401' title='bbox 972 2795 1038 2849; x_wconf 91' lang='lat' dir='ltr'><strong>ad</strong></span> <span class='ocrx_word' id='word_1_402' title='bbox 1070 2793 1460 2864; x_wconf 80' lang='lat' dir='ltr'><strong>perfectionem</strong></span> <span class='ocrx_word' id='word_1_403' title='bbox 1494 2804 1678 2863; x_wconf 85' lang='lat' dir='ltr'><strong>egent.</strong></span> 
     </span>
    </p>
   </div>
   <div class='ocr_carea' id='block_1_51' title="bbox 366 2882 1896 2957">
    <p class='ocr_par' dir='ltr' id='par_1_51' title="bbox 366 2885 1896 2957">
     <span class='ocr_line' id='line_1_51' title="bbox 366 2885 1896 2957; baseline -0.006 -9"><span class='ocrx_word' id='word_1_404' title='bbox 366 2895 634 2948; x_wconf 82' lang='grc' dir='ltr'>Γίνωσκε</span> <span class='ocrx_word' id='word_1_405' title='bbox 679 2892 736 2945; x_wconf 80' lang='grc' dir='ltr'>δὲ</span> <span class='ocrx_word' id='word_1_406' title='bbox 767 2891 863 2944; x_wconf 77' lang='grc' dir='ltr'>καὶ</span> <span class='ocrx_word' id='word_1_407' title='bbox 894 2888 1074 2957; x_wconf 85' lang='grc' dir='ltr'>τοῦτο,</span> <span class='ocrx_word' id='word_1_408' title='bbox 1107 2888 1190 2942; x_wconf 84' lang='grc' dir='ltr'>ὅτι</span> <span class='ocrx_word' id='word_1_409' title='bbox 1231 2888 1415 2957; x_wconf 78' lang='grc' dir='ltr'>διετὴς</span> <span class='ocrx_word' id='word_1_410' title='bbox 1466 2889 1494 2941; x_wconf 86' lang='grc' dir='ltr'>ὁ</span> <span class='ocrx_word' id='word_1_411' title='bbox 1524 2887 1632 2941; x_wconf 88' lang='grc' dir='ltr'><strong>τῶν</strong></span> <span class='ocrx_word' id='word_1_412' title='bbox 1672 2885 1896 2955; x_wconf 77' lang='grc' dir='ltr'>ἐλεφάν-</span> 
     </span>
    </p>
   </div>
   <div class='ocr_carea' id='block_1_52' title="bbox 2004 2882 3586 2957">
    <p class='ocr_par' dir='ltr' id='par_1_52' title="bbox 2076 2882 3586 2951">
     <span class='ocr_line' id='line_1_52' title="bbox 2076 2882 3586 2951; baseline 0.003 -12"><span class='ocrx_word' id='word_1_413' title='bbox 2076 2882 2210 2940; x_wconf 75' lang='lat' dir='ltr'><strong>Aliae</strong></span> <span class='ocrx_word' id='word_1_414' title='bbox 2241 2882 2433 2938; x_wconf 90' lang='lat' dir='ltr'><strong>decem</strong></span> <span class='ocrx_word' id='word_1_415' title='bbox 2464 2884 2745 2940; x_wconf 77' lang='lat' dir='ltr'><strong>mensibus</strong></span> <span class='ocrx_word' id='word_1_416' title='bbox 2774 2884 3161 2951; x_wconf 78' lang='lat' dir='ltr'><strong>absolvuntur,</strong></span> <span class='ocrx_word' id='word_1_417' title='bbox 3194 2886 3315 2942; x_wconf 81' lang='lat' dir='ltr'><strong>aliae</strong></span> <span class='ocrx_word' id='word_1_418' title='bbox 3346 2896 3461 2943; x_wconf 87' lang='lat' dir='ltr'><strong>toto</strong></span> <span class='ocrx_word' id='word_1_419' title='bbox 3490 2887 3586 2944; x_wconf 89' lang='lat' dir='ltr'><strong>de-</strong></span> 
     </span>
    </p>
   </div>
   <div class='ocr_carea' id='block_1_53' title="bbox 287 2976 1896 3049">
    <p class='ocr_par' dir='ltr' id='par_1_53' title="bbox 287 2979 1896 3049">
     <span class='ocr_line' id='line_1_53' title="bbox 287 2979 1896 3049; baseline -0.006 -8"><span class='ocrx_word' id='word_1_420' title='bbox 287 3005 418 3041; x_wconf 81' lang='grc' dir='ltr'><strong>των</strong></span> <span class='ocrx_word' id='word_1_421' title='bbox 462 2986 651 3047; x_wconf 81' lang='grc' dir='ltr'>τόκος.</span> <span class='ocrx_word' id='word_1_422' title='bbox 681 2982 840 3047; x_wconf 86' lang='grc' dir='ltr'>Τίνος</span> <span class='ocrx_word' id='word_1_423' title='bbox 867 2982 1094 3047; x_wconf 77' lang='grc' dir='ltr'>ἓνεκεν;</span> <span class='ocrx_word' id='word_1_424' title='bbox 1143 2981 1227 3034; x_wconf 86' lang='grc' dir='ltr'>ὅτι</span> <span class='ocrx_word' id='word_1_425' title='bbox 1256 2980 1326 3033; x_wconf 77' lang='grc' dir='ltr'><strong>τὰ</strong></span> <span class='ocrx_word' id='word_1_426' title='bbox 1371 2979 1595 3049; x_wconf 79' lang='grc' dir='ltr'>μείζονα</span> <span class='ocrx_word' id='word_1_427' title='bbox 1643 2981 1896 3048; x_wconf 80' lang='grc' dir='ltr'>κυήματα</span> 
     </span>
    </p>
   </div>
   <div class='ocr_carea' id='block_1_54' title="bbox 2004 2976 3587 3049">
    <p class='ocr_par' dir='ltr' id='par_1_54' title="bbox 2004 2976 3587 3047">
     <span class='ocr_line' id='line_1_54' title="bbox 2004 2976 3587 3047; baseline 0.004 -20"><span class='ocrx_word' id='word_1_428' title='bbox 2004 2990 2151 3028; x_wconf 88' lang='lat' dir='ltr'><strong>mum</strong></span> <span class='ocrx_word' id='word_1_429' title='bbox 2181 2990 2347 3040; x_wconf 90' lang='lat' dir='ltr'><strong>anno,</strong></span> <span class='ocrx_word' id='word_1_430' title='bbox 2373 2976 2511 3029; x_wconf 90' lang='lat' dir='ltr'><strong>utin</strong></span> <span class='ocrx_word' id='word_1_431' title='bbox 2551 2990 2695 3045; x_wconf 89' lang='lat' dir='ltr'><strong>equo</strong></span> <span class='ocrx_word' id='word_1_432' title='bbox 2724 2978 2975 3032; x_wconf 85' lang='lat' dir='ltr'><strong>videmus</strong></span> <span class='ocrx_word' id='word_1_433' title='bbox 3010 2977 3324 3034; x_wconf 86' lang='lat' dir='ltr'><strong>usuvenire.</strong></span> <span class='ocrx_word' id='word_1_434' title='bbox 3360 2979 3452 3034; x_wconf 89' lang='lat' dir='ltr'><strong>Sic</strong></span> <span class='ocrx_word' id='word_1_435' title='bbox 3485 2980 3587 3047; x_wconf 80' lang='lat' dir='ltr'><strong>igi-</strong></span> 
     </span>
    </p>
   </div>
   <div class='ocr_carea' id='block_1_55' title="bbox 289 3067 1896 3147">
    <p class='ocr_par' dir='ltr' id='par_1_55' title="bbox 289 3070 1896 3147">
     <span class='ocr_line' id='line_1_55' title="bbox 289 3070 1896 3147; baseline -0.004 -16"><span class='ocrx_word' id='word_1_436' title='bbox 289 3076 574 3138; x_wconf 77' lang='grc' dir='ltr'>πλείονος</span> <span class='ocrx_word' id='word_1_437' title='bbox 608 3074 802 3147; x_wconf 87' lang='grc' dir='ltr'>χρόνου</span> <span class='ocrx_word' id='word_1_438' title='bbox 829 3074 1001 3126; x_wconf 75' lang='grc' dir='ltr'>δεῖται</span> <span class='ocrx_word' id='word_1_439' title='bbox 1048 3072 1186 3143; x_wconf 74' lang='grc' dir='ltr'>πρὸς</span> <span class='ocrx_word' id='word_1_440' title='bbox 1215 3072 1496 3126; x_wconf 83' lang='grc' dir='ltr'>τελείωσιν</span> <span class='ocrx_word' id='word_1_441' title='bbox 1522 3086 1537 3101; x_wconf 80' lang='grc'><strong><em>⁸</em></strong></span> <span class='ocrx_word' id='word_1_442' title='bbox 1569 3071 1637 3124; x_wconf 72' lang='grc' dir='ltr'><strong>τὰ</strong></span> <span class='ocrx_word' id='word_1_443' title='bbox 1666 3072 1768 3139; x_wconf 75' lang='grc' dir='ltr'>μὲν</span> <span class='ocrx_word' id='word_1_444' title='bbox 1796 3070 1896 3140; x_wconf 74' lang='grc' dir='ltr'><strong>γὰρ</strong></span> 
     </span>
    </p>
   </div>
   <div class='ocr_carea' id='block_1_56' title="bbox 2004 3067 3581 3147">
    <p class='ocr_par' dir='ltr' id='par_1_56' title="bbox 2006 3067 3581 3141">
     <span class='ocr_line' id='line_1_56' title="bbox 2006 3067 3581 3141; baseline 0.001 -18"><span class='ocrx_word' id='word_1_445' title='bbox 2006 3074 2094 3123; x_wconf 80' lang='lat' dir='ltr'><strong>tur</strong></span> <span class='ocrx_word' id='word_1_446' title='bbox 2166 3068 2334 3121; x_wconf 90' lang='lat' dir='ltr'><strong>etiam</strong></span> <span class='ocrx_word' id='word_1_447' title='bbox 2397 3067 2817 3137; x_wconf 83' lang='lat' dir='ltr'><strong>elephantorum</strong></span> <span class='ocrx_word' id='word_1_448' title='bbox 2875 3078 3065 3141; x_wconf 79' lang='lat' dir='ltr'><strong>partus</strong></span> <span class='ocrx_word' id='word_1_449' title='bbox 3115 3071 3428 3126; x_wconf 87' lang='lat' dir='ltr'><strong>diuturnior</strong></span> <span class='ocrx_word' id='word_1_450' title='bbox 3475 3080 3581 3138; x_wconf 89' lang='lat' dir='ltr'><strong>est,</strong></span> 
     </span>
    </p>
   </div>
   <div class='ocr_carea' id='block_1_57' title="bbox 285 3152 1896 3237">
    <p class='ocr_par' dir='ltr' id='par_1_57' title="bbox 285 3160 1896 3237">
     <span class='ocr_line' id='line_1_57' title="bbox 285 3160 1896 3237; baseline -0.004 -15"><span class='ocrx_word' id='word_1_451' title='bbox 285 3168 631 3237; x_wconf 78' lang='grc' dir='ltr'>δεκάμηνα,</span> <span class='ocrx_word' id='word_1_452' title='bbox 684 3164 753 3218; x_wconf 80' lang='grc' dir='ltr'>τὰ</span> <span class='ocrx_word' id='word_1_453' title='bbox 810 3164 868 3217; x_wconf 65' lang='grc' dir='ltr'>δὲ</span> <span class='ocrx_word' id='word_1_454' title='bbox 921 3162 1173 3217; x_wconf 78' lang='grc' dir='ltr'>ἐνιαύσια</span> <span class='ocrx_word' id='word_1_455' title='bbox 1236 3162 1489 3231; x_wconf 84' lang='grc' dir='ltr'>καθάπερ</span> <span class='ocrx_word' id='word_1_456' title='bbox 1546 3161 1642 3215; x_wconf 75' lang='grc' dir='ltr'><strong>ἐπὶ</strong></span> <span class='ocrx_word' id='word_1_457' title='bbox 1707 3160 1896 3217; x_wconf 81' lang='grc' dir='ltr'><strong>ἵππου.</strong></span> 
     </span>
    </p>
   </div>
   <div class='ocr_carea' id='block_1_58' title="bbox 2004 3152 3585 3237">
    <p class='ocr_par' dir='ltr' id='par_1_58' title="bbox 2008 3152 3585 3232">
     <span class='ocr_line' id='line_1_58' title="bbox 2008 3152 3585 3232; baseline 0.004 -19"><span class='ocrx_word' id='word_1_458' title='bbox 2008 3152 2221 3213; x_wconf 83' lang='lat' dir='ltr'><strong>uterum</strong></span> <span class='ocrx_word' id='word_1_459' title='bbox 2252 3158 2476 3213; x_wconf 86' lang='lat' dir='ltr'><strong>biennio</strong></span> <span class='ocrx_word' id='word_1_460' title='bbox 2500 3160 2836 3230; x_wconf 89' lang='lat' dir='ltr'><strong>gestantium</strong></span> <span class='ocrx_word' id='word_1_461' title='bbox 2876 3162 2950 3218; x_wconf 78' lang='lat' dir='ltr'><strong>ob</strong></span> <span class='ocrx_word' id='word_1_462' title='bbox 2981 3162 3408 3232; x_wconf 83' lang='lat' dir='ltr'><strong>magnitudinem</strong></span> <span class='ocrx_word' id='word_1_463' title='bbox 3437 3162 3585 3219; x_wconf 85' lang='lat' dir='ltr'><strong>fetus</strong></span> 
     </span>
    </p>
   </div>
   <div class='ocr_carea' id='block_1_59' title="bbox 290 3251 1896 3325">
    <p class='ocr_par' dir='ltr' id='par_1_59' title="bbox 290 3251 1896 3325">
     <span class='ocr_line' id='line_1_59' title="bbox 290 3251 1896 3325; baseline -0.007 -11"><span class='ocrx_word' id='word_1_464' title='bbox 290 3260 483 3317; x_wconf 76' lang='grc' dir='ltr'>Κατὰ</span> <span class='ocrx_word' id='word_1_465' title='bbox 508 3258 671 3311; x_wconf 88' lang='grc' dir='ltr'>τοῦτο</span> <span class='ocrx_word' id='word_1_466' title='bbox 711 3256 891 3309; x_wconf 85' lang='grc' dir='ltr'>τοίνυν</span> <span class='ocrx_word' id='word_1_467' title='bbox 915 3254 1269 3325; x_wconf 80' lang='grc' dir='ltr'>πολυχρόνιός</span> <span class='ocrx_word' id='word_1_468' title='bbox 1306 3255 1421 3306; x_wconf 77' lang='grc' dir='ltr'>ἐστι</span> <span class='ocrx_word' id='word_1_469' title='bbox 1467 3253 1559 3306; x_wconf 75' lang='grc' dir='ltr'>καὶ</span> <span class='ocrx_word' id='word_1_470' title='bbox 1590 3253 1618 3305; x_wconf 83' lang='grc' dir='ltr'>ὁ</span> <span class='ocrx_word' id='word_1_471' title='bbox 1647 3251 1756 3305; x_wconf 84' lang='grc' dir='ltr'><strong>τῶν</strong></span> <span class='ocrx_word' id='word_1_472' title='bbox 1789 3253 1896 3303; x_wconf 79' lang='grc' dir='ltr'>ἐλε-</span> 
     </span>
    </p>
   </div>
   <div class='ocr_carea' id='block_1_60' title="bbox 2004 3251 3078 3325">
    <p class='ocr_par' dir='ltr' id='par_1_60' title="bbox 2007 3251 3078 3324">
     <span class='ocr_line' id='line_1_60' title="bbox 2007 3251 3078 3324; baseline 0.005 -20"><span class='ocrx_word' id='word_1_473' title='bbox 2007 3252 2254 3317; x_wconf 87' lang='lat' dir='ltr'><strong>nimiam,</strong></span> <span class='ocrx_word' id='word_1_474' title='bbox 2286 3252 2430 3309; x_wconf 88' lang='lat' dir='ltr'><strong>sicut</strong></span> <span class='ocrx_word' id='word_1_475' title='bbox 2459 3253 2784 3308; x_wconf 84' lang='lat' dir='ltr'><strong>Aristoteles</strong></span> <span class='ocrx_word' id='word_1_476' title='bbox 2814 3251 3078 3324; x_wconf 73' lang='lat' dir='ltr'><strong>loquitur.</strong></span> 
     </span>
    </p>
   </div>
   <div class='ocr_carea' id='block_1_61' title="bbox 293 3348 3587 3429">
    <p class='ocr_par' dir='ltr' id='par_1_61' title="bbox 293 3348 3587 3429">
     <span class='ocr_line' id='line_1_61' title="bbox 293 3348 3587 3429; baseline -0.002 -17"><span class='ocrx_word' id='word_1_477' title='bbox 293 3359 550 3429; x_wconf 68' lang='grc' dir='ltr'>φάντων</span> <span class='ocrx_word' id='word_1_478' title='bbox 587 3352 989 3423; x_wconf 46' lang='lat' dir='ltr'><strong>song-Arati};</strong></span> <span class='ocrx_word' id='word_1_479' title='bbox 1024 3353 1198 3426; x_wconf 80' lang='grc' dir='ltr'>γὰρή</span> <span class='ocrx_word' id='word_1_480' title='bbox 1247 3348 1441 3423; x_wconf 85' lang='grc' dir='ltr'>κύησις</span> <span class='ocrx_word' id='word_1_481' title='bbox 1473 3350 1653 3403; x_wconf 85' lang='grc' dir='ltr'>αὐτῶν</span> <span class='ocrx_word' id='word_1_482' title='bbox 1717 3349 1809 3403; x_wconf 78' lang='grc' dir='ltr'><strong>διὰ</strong></span> <span class='ocrx_word' id='word_1_483' title='bbox 1872 3348 1971 3420; x_wconf 77' lang='grc' dir='ltr'>τὴν</span> <span class='ocrx_word' id='word_1_484' title='bbox 2012 3350 2319 3421; x_wconf 79' lang='grc' dir='ltr'>ὑπερϐολὴν</span> <span class='ocrx_word' id='word_1_485' title='bbox 2386 3349 2481 3404; x_wconf 86' lang='grc' dir='ltr'><strong>τοῦ</strong></span> <span class='ocrx_word' id='word_1_486' title='bbox 2540 3352 2844 3422; x_wconf 86' lang='grc' dir='ltr'>μεγέθους,</span> <span class='ocrx_word' id='word_1_487' title='bbox 2896 3351 2972 3417; x_wconf 81' lang='grc' dir='ltr'><strong>ὡς</strong></span> <span class='ocrx_word' id='word_1_488' title='bbox 3035 3352 3422 3424; x_wconf 65' lang='grc' dir='ltr'>Ἀριστοτέλης</span> <span class='ocrx_word' id='word_1_489' title='bbox 3481 3370 3587 3423; x_wconf 83' lang='grc' dir='ltr'>φη-</span> 
     </span>
    </p>
   </div>
   <div class='ocr_carea' id='block_1_62' title="bbox 294 3454 3139 3509">
    <p class='ocr_par' dir='ltr' id='par_1_62' title="bbox 294 3454 3139 3509">
     <span class='ocr_line' id='line_1_62' title="bbox 294 3454 3139 3509; baseline -0.008 0"><span class='ocrx_word' id='word_1_490' title='bbox 294 3454 424 3509; x_wconf 81' lang='grc' dir='ltr'>σίν.</span> <span class='ocrx_word' id='word_1_491' title='bbox 3134 3482 3139 3487; x_wconf 85' lang='grc'><strong>.</strong></span> 
     </span>
    </p>
   </div>
   <div class='ocr_carea' id='block_1_63' title="bbox 392 3535 1896 3625">
    <p class='ocr_par' dir='ltr' id='par_1_63' title="bbox 392 3535 1896 3610">
     <span class='ocr_line' id='line_1_63' title="bbox 392 3535 1896 3610; baseline -0.005 -13"><span class='ocrx_word' id='word_1_492' title='bbox 392 3543 474 3597; x_wconf 85' lang='grc' dir='ltr'><strong><em>Ἥ</em></strong></span> <span class='ocrx_word' id='word_1_493' title='bbox 489 3542 694 3610; x_wconf 69' lang='grc' dir='ltr'>ἔλαφος</span> <span class='ocrx_word' id='word_1_494' title='bbox 710 3538 1060 3594; x_wconf 75' lang='grc' dir='ltr'>ἀποϐαλοῦσα</span> <span class='ocrx_word' id='word_1_495' title='bbox 1077 3537 1144 3593; x_wconf 81' lang='grc' dir='ltr'>τὰ</span> <span class='ocrx_word' id='word_1_496' title='bbox 1160 3537 1370 3610; x_wconf 86' lang='grc' dir='ltr'>κέρατα</span> <span class='ocrx_word' id='word_1_497' title='bbox 1389 3535 1713 3608; x_wconf 79' lang='grc' dir='ltr'>κρύπτεται,</span> <span class='ocrx_word' id='word_1_498' title='bbox 1730 3536 1896 3591; x_wconf 78' lang='grc' dir='ltr'>αίδου·</span> 
     </span>
    </p>
   </div>
   <div class='ocr_carea' id='block_1_64' title="bbox 2004 3535 3591 3625">
    <p class='ocr_par' dir='ltr' id='par_1_64' title="bbox 2079 3536 3591 3611">
     <span class='ocr_line' id='line_1_64' title="bbox 2079 3536 3591 3611; baseline 0.001 -18"><span class='ocrx_word' id='word_1_499' title='bbox 2079 3536 2347 3595; x_wconf 73' lang='lat' dir='ltr'><strong>Caeterum</strong></span> <span class='ocrx_word' id='word_1_500' title='bbox 2377 3538 2470 3593; x_wconf 89' lang='lat' dir='ltr'><strong>ubi</strong></span> <span class='ocrx_word' id='word_1_501' title='bbox 2504 3553 2710 3595; x_wconf 81' lang='lat' dir='ltr'><strong>cornua</strong></span> <span class='ocrx_word' id='word_1_502' title='bbox 2746 3554 2943 3595; x_wconf 87' lang='lat' dir='ltr'><strong>cervus</strong></span> <span class='ocrx_word' id='word_1_503' title='bbox 2969 3539 3191 3611; x_wconf 73' lang='lat' dir='ltr'><strong>abiecit,</strong></span> <span class='ocrx_word' id='word_1_504' title='bbox 3228 3547 3402 3596; x_wconf 89' lang='lat' dir='ltr'><strong>semet</strong></span> <span class='ocrx_word' id='word_1_505' title='bbox 3424 3555 3591 3596; x_wconf 87' lang='lat' dir='ltr'><strong>occu-</strong></span> 
     </span>
    </p>
   </div>
   <div class='ocr_carea' id='block_1_65' title="bbox 298 3629 1896 3709">
    <p class='ocr_par' dir='ltr' id='par_1_65' title="bbox 298 3629 1896 3709">
     <span class='ocr_line' id='line_1_65' title="bbox 298 3629 1896 3709; baseline -0.003 -21"><span class='ocrx_word' id='word_1_506' title='bbox 298 3637 473 3709; x_wconf 78' lang='grc' dir='ltr'>μένη</span> <span class='ocrx_word' id='word_1_507' title='bbox 512 3635 705 3703; x_wconf 83' lang='grc' dir='ltr'>ὥσπερ</span> <span class='ocrx_word' id='word_1_508' title='bbox 742 3633 831 3686; x_wconf 82' lang='grc' dir='ltr'>διὰ</span> <span class='ocrx_word' id='word_1_509' title='bbox 872 3630 969 3701; x_wconf 79' lang='grc' dir='ltr'><strong>τὴν</strong></span> <span class='ocrx_word' id='word_1_510' title='bbox 1014 3629 1240 3685; x_wconf 68' lang='grc' dir='ltr'>ἐκείνων</span> <span class='ocrx_word' id='word_1_511' title='bbox 1287 3631 1596 3699; x_wconf 86' lang='grc' dir='ltr'>γύμνωσιν.</span> <span class='ocrx_word' id='word_1_512' title='bbox 1626 3630 1797 3682; x_wconf 82' lang='grc' dir='ltr'>Ἐπάν</span> <span class='ocrx_word' id='word_1_513' title='bbox 1844 3629 1896 3683; x_wconf 74' lang='grc' dir='ltr'>δὲ</span> 
     </span>
    </p>
   </div>
   <div class='ocr_carea' id='block_1_66' title="bbox 2004 3629 3589 3709">
    <p class='ocr_par' dir='ltr' id='par_1_66' title="bbox 2013 3632 3589 3704">
     <span class='ocr_line' id='line_1_66' title="bbox 2013 3632 3589 3704; baseline 0.002 -19"><span class='ocrx_word' id='word_1_514' title='bbox 2013 3632 2075 3686; x_wconf 91' lang='lat' dir='ltr'><strong>lit</strong></span> <span class='ocrx_word' id='word_1_515' title='bbox 2104 3632 2314 3701; x_wconf 91' lang='lat' dir='ltr'><strong>pudore</strong></span> <span class='ocrx_word' id='word_1_516' title='bbox 2340 3636 2495 3701; x_wconf 89' lang='lat' dir='ltr'><strong>quasi</strong></span> <span class='ocrx_word' id='word_1_517' title='bbox 2532 3634 2767 3702; x_wconf 83' lang='lat' dir='ltr'><strong>quodam</strong></span> <span class='ocrx_word' id='word_1_518' title='bbox 2800 3632 3049 3697; x_wconf 68' lang='lat' dir='ltr'><strong>allectus,</strong></span> <span class='ocrx_word' id='word_1_519' title='bbox 3097 3633 3241 3704; x_wconf 92' lang='lat' dir='ltr'><strong>quod</strong></span> <span class='ocrx_word' id='word_1_520' title='bbox 3294 3633 3360 3689; x_wconf 91' lang='lat' dir='ltr'><strong>iis</strong></span> <span class='ocrx_word' id='word_1_521' title='bbox 3386 3634 3457 3688; x_wconf 92' lang='lat' dir='ltr'><strong>sit</strong></span> <span class='ocrx_word' id='word_1_522' title='bbox 3491 3633 3589 3688; x_wconf 84' lang='lat' dir='ltr'><strong>de-</strong></span> 
     </span>
    </p>
   </div>
   <div class='ocr_carea' id='block_1_67' title="bbox 299 3720 1896 3797">
    <p class='ocr_par' dir='ltr' id='par_1_67' title="bbox 299 3720 1896 3796">
     <span class='ocr_line' id='line_1_67' title="bbox 299 3720 1896 3796; baseline -0.009 -9"><span class='ocrx_word' id='word_1_523' title='bbox 299 3729 505 3787; x_wconf 84' lang='grc' dir='ltr'>ταῦτα</span> <span class='ocrx_word' id='word_1_524' title='bbox 526 3729 609 3789; x_wconf 86' lang='grc' dir='ltr'><strong>είς</strong></span> <span class='ocrx_word' id='word_1_525' title='bbox 639 3724 870 3795; x_wconf 75' lang='grc' dir='ltr'>αὔξησιν</span> <span class='ocrx_word' id='word_1_526' title='bbox 902 3722 1055 3796; x_wconf 70' lang='grc' dir='ltr'>ἔλθῃ,</span> <span class='ocrx_word' id='word_1_527' title='bbox 1104 3723 1547 3795; x_wconf 67' lang='grc' dir='ltr'>παρρησιάζεται</span> <span class='ocrx_word' id='word_1_528' title='bbox 1574 3721 1740 3774; x_wconf 87' lang='grc' dir='ltr'>πάλιν</span> <span class='ocrx_word' id='word_1_529' title='bbox 1762 3720 1896 3774; x_wconf 78' lang='grc' dir='ltr'>καθὰ</span> 
     </span>
    </p>
   </div>
   <div class='ocr_carea' id='block_1_68' title="bbox 2004 3720 3591 3797">
    <p class='ocr_par' dir='ltr' id='par_1_68' title="bbox 2012 3725 3591 3797">
     <span class='ocr_line' id='line_1_68' title="bbox 2012 3725 3591 3797; baseline 0.001 -18"><span class='ocrx_word' id='word_1_530' title='bbox 2012 3726 2273 3779; x_wconf 90' lang='lat' dir='ltr'><strong>nudatus.</strong></span> <span class='ocrx_word' id='word_1_531' title='bbox 2329 3725 2465 3779; x_wconf 83' lang='lat' dir='ltr'><strong>Cum</strong></span> <span class='ocrx_word' id='word_1_532' title='bbox 2495 3736 2676 3779; x_wconf 88' lang='lat' dir='ltr'><strong>autem</strong></span> <span class='ocrx_word' id='word_1_533' title='bbox 2711 3725 2798 3780; x_wconf 92' lang='lat' dir='ltr'><strong>illa</strong></span> <span class='ocrx_word' id='word_1_534' title='bbox 2835 3742 3050 3781; x_wconf 90' lang='lat' dir='ltr'><strong>rursum</strong></span> <span class='ocrx_word' id='word_1_535' title='bbox 3081 3740 3374 3797; x_wconf 84' lang='lat' dir='ltr'><strong>augescere</strong></span> <span class='ocrx_word' id='word_1_536' title='bbox 3403 3741 3591 3795; x_wconf 77' lang='lat' dir='ltr'><strong>cmpe-</strong></span> 
     </span>
    </p>
   </div>
   <div class='ocr_carea' id='block_1_69' title="bbox 303 3814 1896 3890">
    <p class='ocr_par' dir='ltr' id='par_1_69' title="bbox 303 3814 1896 3890">
     <span class='ocr_line' id='line_1_69' title="bbox 303 3814 1896 3890; baseline -0.006 -16"><span class='ocrx_word' id='word_1_537' title='bbox 303 3825 420 3880; x_wconf 71' lang='grc' dir='ltr'>καὶ</span> <span class='ocrx_word' id='word_1_538' title='bbox 460 3821 748 3890; x_wconf 73' lang='grc' dir='ltr'>πρότερον.</span> <span class='ocrx_word' id='word_1_539' title='bbox 788 3815 945 3869; x_wconf 86' lang='grc' dir='ltr'>υῦτω</span> <span class='ocrx_word' id='word_1_540' title='bbox 967 3817 1060 3869; x_wconf 79' lang='grc' dir='ltr'>καὶ</span> <span class='ocrx_word' id='word_1_541' title='bbox 1096 3814 1125 3869; x_wconf 82' lang='grc' dir='ltr'><strong>ὀ</strong></span> <span class='ocrx_word' id='word_1_542' title='bbox 1158 3815 1366 3878; x_wconf 85' lang='grc' dir='ltr'>δίκαιος</span> <span class='ocrx_word' id='word_1_543' title='bbox 1392 3814 1696 3884; x_wconf 73' lang='grc' dir='ltr'>ἐκτραπεὶς</span> <span class='ocrx_word' id='word_1_544' title='bbox 1725 3816 1896 3868; x_wconf 82' lang='grc' dir='ltr'>ὁπωσ-</span> 
     </span>
    </p>
   </div>
   <div class='ocr_carea' id='block_1_70' title="bbox 2004 3814 3589 3890">
    <p class='ocr_par' dir='ltr' id='par_1_70' title="bbox 2014 3819 3589 3890">
     <span class='ocr_line' id='line_1_70' title="bbox 2014 3819 3589 3890; baseline 0.001 -18"><span class='ocrx_word' id='word_1_545' title='bbox 2014 3828 2167 3883; x_wconf 90' lang='lat' dir='ltr'><strong>runt,</strong></span> <span class='ocrx_word' id='word_1_546' title='bbox 2218 3819 2463 3874; x_wconf 86' lang='lat' dir='ltr'><strong>vicissim</strong></span> <span class='ocrx_word' id='word_1_547' title='bbox 2510 3820 2737 3873; x_wconf 87' lang='lat' dir='ltr'><strong>liberius</strong></span> <span class='ocrx_word' id='word_1_548' title='bbox 2772 3821 3001 3887; x_wconf 80' lang='lat' dir='ltr'><strong>pristino</strong></span> <span class='ocrx_word' id='word_1_549' title='bbox 3035 3835 3183 3874; x_wconf 90' lang='lat' dir='ltr'><strong>more</strong></span> <span class='ocrx_word' id='word_1_550' title='bbox 3216 3820 3417 3890; x_wconf 89' lang='lat' dir='ltr'><strong>prodit.</strong></span> <span class='ocrx_word' id='word_1_551' title='bbox 3474 3819 3589 3874; x_wconf 84' lang='lat' dir='ltr'><strong>Hoc</strong></span> 
     </span>
    </p>
   </div>
   <div class='ocr_carea' id='block_1_71' title="bbox 300 3905 1896 3987">
    <p class='ocr_par' dir='ltr' id='par_1_71' title="bbox 300 3905 1896 3987">
     <span class='ocr_line' id='line_1_71' title="bbox 300 3905 1896 3987; baseline -0.008 -18"><span class='ocrx_word' id='word_1_552' title='bbox 300 3917 537 3987; x_wconf 73' lang='grc' dir='ltr'>δήποτε</span> <span class='ocrx_word' id='word_1_553' title='bbox 579 3910 673 3964; x_wconf 91' lang='grc' dir='ltr'><strong>τοῦ</strong></span> <span class='ocrx_word' id='word_1_554' title='bbox 721 3907 1063 3979; x_wconf 80' lang='grc' dir='ltr'>καθήκοντος</span> <span class='ocrx_word' id='word_1_555' title='bbox 1096 3907 1190 3961; x_wconf 77' lang='grc' dir='ltr'><strong>καὶ</strong></span> <span class='ocrx_word' id='word_1_556' title='bbox 1219 3907 1329 3961; x_wconf 86' lang='grc' dir='ltr'><strong>τῶν</strong></span> <span class='ocrx_word' id='word_1_557' title='bbox 1356 3905 1570 3977; x_wconf 81' lang='grc' dir='ltr'>ἀρετῶν</span> <span class='ocrx_word' id='word_1_558' title='bbox 1597 3905 1896 3975; x_wconf 73' lang='grc' dir='ltr'>γυμνωθεὶς</span> 
     </span>
    </p>
   </div>
   <div class='ocr_carea' id='block_1_72' title="bbox 2004 3905 3589 3987">
    <p class='ocr_par' dir='ltr' id='par_1_72' title="bbox 2008 3907 3589 3980">
     <span class='ocr_line' id='line_1_72' title="bbox 2008 3907 3589 3980; baseline -0.001 -17"><span class='ocrx_word' id='word_1_559' title='bbox 2008 3911 2147 3980; x_wconf 83' lang='lat' dir='ltr'><strong>justi</strong></span> <span class='ocrx_word' id='word_1_560' title='bbox 2182 3909 2423 3964; x_wconf 89' lang='lat' dir='ltr'><strong>hominis</strong></span> <span class='ocrx_word' id='word_1_561' title='bbox 2460 3918 2543 3963; x_wconf 89' lang='lat' dir='ltr'><strong>est</strong></span> <span class='ocrx_word' id='word_1_562' title='bbox 2583 3909 2955 3964; x_wconf 90' lang='lat' dir='ltr'><strong>simulacrum.</strong></span> <span class='ocrx_word' id='word_1_563' title='bbox 2990 3910 3124 3963; x_wconf 89' lang='lat' dir='ltr'><strong>Nam</strong></span> <span class='ocrx_word' id='word_1_564' title='bbox 3156 3925 3279 3963; x_wconf 90' lang='lat' dir='ltr'><strong>cum</strong></span> <span class='ocrx_word' id='word_1_565' title='bbox 3303 3911 3349 3964; x_wconf 89' lang='lat' dir='ltr'><strong>is</strong></span> <span class='ocrx_word' id='word_1_566' title='bbox 3370 3909 3440 3963; x_wconf 87' lang='lat' dir='ltr'><strong>ab</strong></span> <span class='ocrx_word' id='word_1_567' title='bbox 3469 3907 3589 3962; x_wconf 69' lang='lat' dir='ltr'><strong>oili—</strong></span> 
     </span>
    </p>
   </div>
   <div class='ocr_carea' id='block_1_73' title="bbox 302 3996 1896 4080">
    <p class='ocr_par' dir='ltr' id='par_1_73' title="bbox 302 3996 1896 4080">
     <span class='ocr_line' id='line_1_73' title="bbox 302 3996 1896 4080; baseline -0.006 -19"><span class='ocrx_word' id='word_1_568' title='bbox 302 4008 641 4080; x_wconf 81' lang='grc' dir='ltr'>κρύπτεται</span> <span class='ocrx_word' id='word_1_569' title='bbox 692 4003 798 4057; x_wconf 76' lang='grc' dir='ltr'><strong>ἀπὸ</strong></span> <span class='ocrx_word' id='word_1_570' title='bbox 836 4000 993 4067; x_wconf 85' lang='grc' dir='ltr'>Θεοῦ,</span> <span class='ocrx_word' id='word_1_571' title='bbox 1038 4000 1290 4070; x_wconf 85' lang='grc' dir='ltr'>καθάπερ</span> <span class='ocrx_word' id='word_1_572' title='bbox 1340 3999 1474 4052; x_wconf 83' lang='grc' dir='ltr'>ποτὲ</span> <span class='ocrx_word' id='word_1_573' title='bbox 1516 3997 1691 4068; x_wconf 77' lang='grc' dir='ltr'>’Δδὰμ</span> <span class='ocrx_word' id='word_1_574' title='bbox 1734 4000 1794 4052; x_wconf 79' lang='grc' dir='ltr'>ὲν</span> <span class='ocrx_word' id='word_1_575' title='bbox 1830 3996 1896 4068; x_wconf 73' lang='grc' dir='ltr'>τᾷ</span> 
     </span>
    </p>
   </div>
   <div class='ocr_carea' id='block_1_74' title="bbox 2004 3996 3589 4080">
    <p class='ocr_par' dir='ltr' id='par_1_74' title="bbox 2014 3999 3589 4071">
     <span class='ocr_line' id='line_1_74' title="bbox 2014 3999 3589 4071; baseline 0 -14"><span class='ocrx_word' id='word_1_576' title='bbox 2014 4002 2100 4058; x_wconf 91' lang='lat' dir='ltr'><strong>cio</strong></span> <span class='ocrx_word' id='word_1_577' title='bbox 2125 4015 2451 4071; x_wconf 90' lang='lat' dir='ltr'><strong>quocunque</strong></span> <span class='ocrx_word' id='word_1_578' title='bbox 2482 4002 2701 4055; x_wconf 90' lang='lat' dir='ltr'><strong>tandem</strong></span> <span class='ocrx_word' id='word_1_579' title='bbox 2737 4001 2898 4055; x_wconf 86' lang='lat' dir='ltr'><strong>modo</strong></span> <span class='ocrx_word' id='word_1_580' title='bbox 2929 3999 3149 4055; x_wconf 80' lang='lat' dir='ltr'><strong>deﬂexit</strong></span> <span class='ocrx_word' id='word_1_581' title='bbox 3186 4011 3244 4055; x_wconf 92' lang='lat' dir='ltr'><strong>et</strong></span> <span class='ocrx_word' id='word_1_582' title='bbox 3289 4002 3589 4057; x_wconf 87' lang='lat' dir='ltr'><strong>virtutibus</strong></span> 
     </span>
    </p>
   </div>
   <div class='ocr_carea' id='block_1_75' title="bbox 306 4092 1896 4170">
    <p class='ocr_par' dir='ltr' id='par_1_75' title="bbox 306 4092 1896 4170">
     <span class='ocr_line' id='line_1_75' title="bbox 306 4092 1896 4170; baseline -0.007 -15"><span class='ocrx_word' id='word_1_583' title='bbox 306 4096 659 4170; x_wconf 80' lang='grc' dir='ltr'>παραδείσῳ</span> <span class='ocrx_word' id='word_1_584' title='bbox 706 4095 998 4160; x_wconf 80' lang='grc' dir='ltr'>πέπονθεν,</span> <span class='ocrx_word' id='word_1_585' title='bbox 1049 4094 1216 4164; x_wconf 85' lang='grc' dir='ltr'>ήνίκα</span> <span class='ocrx_word' id='word_1_586' title='bbox 1272 4092 1482 4160; x_wconf 77' lang='grc' dir='ltr'>γυμνὸν</span> <span class='ocrx_word' id='word_1_587' title='bbox 1530 4093 1722 4146; x_wconf 75' lang='grc' dir='ltr'>ἑαυτὸν</span> <span class='ocrx_word' id='word_1_588' title='bbox 1762 4092 1896 4162; x_wconf 75' lang='grc' dir='ltr'>ἑώρα</span> 
     </span>
    </p>
   </div>
   <div class='ocr_carea' id='block_1_76' title="bbox 2004 4092 3594 4170">
    <p class='ocr_par' dir='ltr' id='par_1_76' title="bbox 2016 4093 3594 4158">
     <span class='ocr_line' id='line_1_76' title="bbox 2016 4093 3594 4158; baseline -0.001 -8"><span class='ocrx_word' id='word_1_589' title='bbox 2016 4096 2258 4151; x_wconf 88' lang='lat' dir='ltr'><strong>nudatus</strong></span> <span class='ocrx_word' id='word_1_590' title='bbox 2286 4105 2391 4158; x_wconf 86' lang='lat' dir='ltr'><strong>est.</strong></span> <span class='ocrx_word' id='word_1_591' title='bbox 2438 4110 2466 4149; x_wconf 90' lang='lat' dir='ltr'><strong>a</strong></span> <span class='ocrx_word' id='word_1_592' title='bbox 2503 4094 2615 4149; x_wconf 90' lang='lat' dir='ltr'><strong>Deo</strong></span> <span class='ocrx_word' id='word_1_593' title='bbox 2649 4102 2825 4148; x_wconf 89' lang='lat' dir='ltr'><strong>semet</strong></span> <span class='ocrx_word' id='word_1_594' title='bbox 2853 4093 3144 4147; x_wconf 88' lang='lat' dir='ltr'><strong>abscondit</strong></span> <span class='ocrx_word' id='word_1_595' title='bbox 3185 4094 3376 4148; x_wconf 82' lang='lat' dir='ltr'><strong>Adami</strong></span> <span class='ocrx_word' id='word_1_596' title='bbox 3405 4109 3594 4149; x_wconf 80' lang='lat' dir='ltr'><strong>exem-</strong></span> 
     </span>
    </p>
   </div>
   <div class='ocr_carea' id='block_1_77' title="bbox 304 4185 1910 4259">
    <p class='ocr_par' dir='ltr' id='par_1_77' title="bbox 304 4185 1910 4259">
     <span class='ocr_line' id='line_1_77' title="bbox 304 4185 1910 4259; baseline -0.002 -17"><span class='ocrx_word' id='word_1_597' title='bbox 304 4194 411 4247; x_wconf 72' lang='grc' dir='ltr'>διά</span> <span class='ocrx_word' id='word_1_598' title='bbox 442 4189 552 4259; x_wconf 76' lang='grc' dir='ltr'>τὴν</span> <span class='ocrx_word' id='word_1_599' title='bbox 585 4185 923 4256; x_wconf 75' lang='grc' dir='ltr'>παράϐασιν.</span> <span class='ocrx_word' id='word_1_600' title='bbox 959 4185 1129 4239; x_wconf 81' lang='grc' dir='ltr'>Ἑπάν</span> <span class='ocrx_word' id='word_1_601' title='bbox 1154 4186 1212 4238; x_wconf 85' lang='grc' dir='ltr'>δὲ</span> <span class='ocrx_word' id='word_1_602' title='bbox 1234 4186 1649 4256; x_wconf 79' lang='grc' dir='ltr'>ἀγωνισάμενος</span> <span class='ocrx_word' id='word_1_603' title='bbox 1680 4185 1910 4257; x_wconf 85' lang='grc' dir='ltr'>διορθώ-</span> 
     </span>
    </p>
   </div>
   <div class='ocr_carea' id='block_1_78' title="bbox 306 4278 1911 4355">
    <p class='ocr_par' dir='ltr' id='par_1_78' title="bbox 306 4278 1911 4355">
     <span class='ocr_line' id='line_1_78' title="bbox 306 4278 1911 4355; baseline -0.005 -17"><span class='ocrx_word' id='word_1_604' title='bbox 306 4300 497 4355; x_wconf 83' lang='grc' dir='ltr'>σηται</span> <span class='ocrx_word' id='word_1_605' title='bbox 528 4280 624 4333; x_wconf 73' lang='grc' dir='ltr'>καὶ</span> <span class='ocrx_word' id='word_1_606' title='bbox 651 4280 748 4342; x_wconf 82' lang='grc' dir='ltr'>τὰς</span> <span class='ocrx_word' id='word_1_607' title='bbox 792 4278 993 4348; x_wconf 60' lang='grc' dir='ltr'>ἀρετάς</span> <span class='ocrx_word' id='word_1_608' title='bbox 1039 4279 1439 4349; x_wconf 71' lang='grc' dir='ltr'>ιπαυξηθείσας</span> <span class='ocrx_word' id='word_1_609' title='bbox 1470 4278 1760 4348; x_wconf 84' lang='grc' dir='ltr'>θεάσηται,</span> <span class='ocrx_word' id='word_1_610' title='bbox 1788 4278 1911 4331; x_wconf 84' lang='grc' dir='ltr'>τότε</span> 
     </span>
    </p>
   </div>
   <div class='ocr_carea' id='block_1_79' title="bbox 304 4375 1911 4453">
    <p class='ocr_par' dir='ltr' id='par_1_79' title="bbox 304 4375 1911 4453">
     <span class='ocr_line' id='line_1_79' title="bbox 304 4375 1911 4453; baseline -0.002 -22"><span class='ocrx_word' id='word_1_611' title='bbox 304 4382 385 4453; x_wconf 75' lang='grc' dir='ltr'>δὴ</span> <span class='ocrx_word' id='word_1_612' title='bbox 422 4377 569 4447; x_wconf 81' lang='grc' dir='ltr'>πρὸς</span> <span class='ocrx_word' id='word_1_613' title='bbox 621 4375 756 4429; x_wconf 74' lang='grc' dir='ltr'>Θεὸν</span> <span class='ocrx_word' id='word_1_614' title='bbox 787 4376 1124 4443; x_wconf 78' lang='grc' dir='ltr'>ἐπανάγεται</span> <span class='ocrx_word' id='word_1_615' title='bbox 1158 4378 1255 4430; x_wconf 77' lang='grc' dir='ltr'>καὶ</span> <span class='ocrx_word' id='word_1_616' title='bbox 1314 4376 1622 4447; x_wconf 76' lang='grc' dir='ltr'>παρρησίας</span> <span class='ocrx_word' id='word_1_617' title='bbox 1652 4376 1752 4444; x_wconf 82' lang='grc' dir='ltr'>τῆς</span> <span class='ocrx_word' id='word_1_618' title='bbox 1781 4377 1911 4447; x_wconf 69' lang='grc' dir='ltr'>πρὶν</span> 
     </span>
    </p>
   </div>
   <div class='ocr_carea' id='block_1_80' title="bbox 309 4466 1907 4547">
    <p class='ocr_par' dir='ltr' id='par_1_80' title="bbox 309 4466 1907 4547">
     <span class='ocr_line' id='line_1_80' title="bbox 309 4466 1907 4547; baseline -0.004 -20"><span class='ocrx_word' id='word_1_619' title='bbox 309 4476 567 4547; x_wconf 78' lang='grc' dir='ltr'>μέτοχος</span> <span class='ocrx_word' id='word_1_620' title='bbox 595 4469 895 4523; x_wconf 84' lang='grc' dir='ltr'>δείκνυται.</span> <span class='ocrx_word' id='word_1_621' title='bbox 926 4470 1037 4522; x_wconf 74' lang='grc' dir='ltr'><strong>Καὶ</strong></span> <span class='ocrx_word' id='word_1_622' title='bbox 1061 4466 1221 4521; x_wconf 87' lang='grc' dir='ltr'>τοῦτο</span> <span class='ocrx_word' id='word_1_623' title='bbox 1257 4468 1434 4539; x_wconf 83' lang='grc' dir='ltr'>δηλῶν</span> <span class='ocrx_word' id='word_1_624' title='bbox 1460 4469 1489 4521; x_wconf 85' lang='grc' dir='ltr'>ὀ</span> <span class='ocrx_word' id='word_1_625' title='bbox 1520 4468 1685 4520; x_wconf 74' lang='grc' dir='ltr'><strong>Δαόὶδ</strong></span> <span class='ocrx_word' id='word_1_626' title='bbox 1716 4468 1871 4535; x_wconf 77' lang='grc' dir='ltr'>ἔλεγε</span> <span class='ocrx_word' id='word_1_627' title='bbox 1892 4482 1907 4497; x_wconf 75' lang='grc' dir='ltr'><strong><em>ο</em></strong></span> 
     </span>
    </p>
   </div>
   <div class='ocr_carea' id='block_1_81' title="bbox 312 4558 1915 4635">
    <p class='ocr_par' dir='ltr' id='par_1_81' title="bbox 312 4558 1915 4635">
     <span class='ocr_line' id='line_1_81' title="bbox 312 4558 1915 4635; baseline -0.006 -14"><span class='ocrx_word' id='word_1_628' title='bbox 312 4586 337 4621; x_wconf 74' lang='grc' dir='ltr'><strong>ε</strong></span> <span class='ocrx_word' id='word_1_629' title='bbox 383 4566 535 4619; x_wconf 81' lang='grc' dir='ltr'>Τότε</span> <span class='ocrx_word' id='word_1_630' title='bbox 578 4563 639 4616; x_wconf 88' lang='grc' dir='ltr'><strong>ού</strong></span> <span class='ocrx_word' id='word_1_631' title='bbox 684 4561 759 4632; x_wconf 80' lang='grc' dir='ltr'><strong>μὴ</strong></span> <span class='ocrx_word' id='word_1_632' title='bbox 805 4559 1080 4631; x_wconf 77' lang='grc' dir='ltr'>αἰσχυνθῶ</span> <span class='ocrx_word' id='word_1_633' title='bbox 1122 4561 1181 4613; x_wconf 70' lang='grc' dir='ltr'>ἐν</span> <span class='ocrx_word' id='word_1_634' title='bbox 1218 4560 1305 4635; x_wconf 43' lang='grc' dir='ltr'><strong>τῷ.</strong></span> <span class='ocrx_word' id='word_1_635' title='bbox 1336 4576 1405 4629; x_wconf 87' lang='grc' dir='ltr'><strong>με</strong></span> <span class='ocrx_word' id='word_1_636' title='bbox 1451 4560 1771 4613; x_wconf 76' lang='grc' dir='ltr'>ιπισλὲπειν</span> <span class='ocrx_word' id='word_1_637' title='bbox 1820 4558 1915 4611; x_wconf 76' lang='grc' dir='ltr'><strong>ἐπὶ</strong></span> 
     </span>
    </p>
   </div>
   <div class='ocr_carea' id='block_1_82' title="bbox 305 4643 1915 4721">
    <p class='ocr_par' dir='ltr' id='par_1_82' title="bbox 305 4643 1915 4721">
     <span class='ocr_line' id='line_1_82' title="bbox 305 4643 1915 4721; baseline -0.007 -10"><span class='ocrx_word' id='word_1_638' title='bbox 305 4657 516 4715; x_wconf 79' lang='grc' dir='ltr'>πάσας</span> <span class='ocrx_word' id='word_1_639' title='bbox 544 4656 644 4715; x_wconf 74' lang='grc' dir='ltr'>τὰς</span> <span class='ocrx_word' id='word_1_640' title='bbox 676 4651 896 4715; x_wconf 71' lang='grc' dir='ltr'>ἐντολάς</span> <span class='ocrx_word' id='word_1_641' title='bbox 924 4668 1041 4705; x_wconf 89' lang='grc' dir='ltr'>σου.</span> <span class='ocrx_word' id='word_1_642' title='bbox 1081 4668 1101 4702; x_wconf 72' lang='grc' dir='ltr'><strong>ι</strong></span> <span class='ocrx_word' id='word_1_643' title='bbox 1138 4650 1246 4703; x_wconf 79' lang='grc' dir='ltr'><strong>Καὶ</strong></span> <span class='ocrx_word' id='word_1_644' title='bbox 1273 4643 1419 4704; x_wconf 75' lang='grc' dir='ltr'>οὗτοι</span> <span class='ocrx_word' id='word_1_645' title='bbox 1452 4650 1553 4721; x_wconf 83' lang='grc' dir='ltr'>μὲν</span> <span class='ocrx_word' id='word_1_646' title='bbox 1575 4651 1772 4716; x_wconf 82' lang='grc' dir='ltr'>οὕτως,</span> <span class='ocrx_word' id='word_1_647' title='bbox 1796 4649 1915 4702; x_wconf 79' lang='grc' dir='ltr'>ἓτε-</span> 
     </span>
    </p>
   </div>
   <div class='ocr_carea' id='block_1_83' title="bbox 313 4722 1911 4820">
    <p class='ocr_par' dir='ltr' id='par_1_83' title="bbox 313 4722 1911 4820">
     <span class='ocr_line' id='line_1_83' title="bbox 313 4722 1911 4820; baseline -0.006 -20"><span class='ocrx_word' id='word_1_648' title='bbox 313 4766 409 4820; x_wconf 87' lang='grc' dir='ltr'><strong>ροι</strong></span> <span class='ocrx_word' id='word_1_649' title='bbox 443 4722 527 4799; x_wconf 55' lang='grc' dir='ltr'>δέ’</span> <span class='ocrx_word' id='word_1_650' title='bbox 547 4759 711 4811; x_wconf 83' lang='grc' dir='ltr'>φασιν</span> <span class='ocrx_word' id='word_1_651' title='bbox 752 4741 828 4806; x_wconf 90' lang='grc' dir='ltr'><strong>ώς</strong></span> <span class='ocrx_word' id='word_1_652' title='bbox 854 4741 915 4794; x_wconf 89' lang='grc' dir='ltr'><strong>ού</strong></span> <span class='ocrx_word' id='word_1_653' title='bbox 941 4741 1041 4812; x_wconf 75' lang='grc' dir='ltr'><strong>τήν</strong></span> <span class='ocrx_word' id='word_1_654' title='bbox 1074 4739 1349 4812; x_wconf 75' lang='grc' dir='ltr'>ἀποϐολήν</span> <span class='ocrx_word' id='word_1_655' title='bbox 1379 4741 1435 4793; x_wconf 88' lang='grc' dir='ltr'><strong>αί</strong></span> <span class='ocrx_word' id='word_1_656' title='bbox 1458 4741 1645 4810; x_wconf 76' lang='grc' dir='ltr'>ἔλαφοι</span> <span class='ocrx_word' id='word_1_657' title='bbox 1673 4743 1784 4796; x_wconf 87' lang='grc' dir='ltr'><strong>τῶν</strong></span> <span class='ocrx_word' id='word_1_658' title='bbox 1818 4754 1911 4792; x_wconf 80' lang='grc' dir='ltr'>κε-</span> 
     </span>
    </p>
   </div>
   <div class='ocr_carea' id='block_1_84' title="bbox 312 4832 1911 4911">
    <p class='ocr_par' dir='ltr' id='par_1_84' title="bbox 312 4832 1911 4911">
     <span class='ocr_line' id='line_1_84' title="bbox 312 4832 1911 4911; baseline -0.003 -17"><span class='ocrx_word' id='word_1_659' title='bbox 312 4842 519 4911; x_wconf 81' lang='grc' dir='ltr'>ράτων</span> <span class='ocrx_word' id='word_1_660' title='bbox 555 4836 943 4904; x_wconf 84' lang='grc' dir='ltr'>αίσχυνόμεναι</span> <span class='ocrx_word' id='word_1_661' title='bbox 972 4833 1071 4896; x_wconf 80' lang='grc' dir='ltr'><strong>τὰς</strong></span> <span class='ocrx_word' id='word_1_662' title='bbox 1103 4832 1354 4905; x_wconf 64' lang='grc' dir='ltr'>συνήθεις</span> <span class='ocrx_word' id='word_1_663' title='bbox 1380 4832 1774 4903; x_wconf 87' lang='grc' dir='ltr'>δραπετεύουσι</span> <span class='ocrx_word' id='word_1_664' title='bbox 1795 4835 1911 4890; x_wconf 87' lang='grc' dir='ltr'>δια·</span> 
     </span>
    </p>
   </div>
   <div class='ocr_carea' id='block_1_85' title="bbox 2017 4188 3594 4261">
    <p class='ocr_par' dir='ltr' id='par_1_85' title="bbox 2017 4188 3594 4261">
     <span class='ocr_line' id='line_1_85' title="bbox 2017 4188 3594 4261; baseline 0.001 -18"><span class='ocrx_word' id='word_1_665' title='bbox 2017 4190 2130 4261; x_wconf 89' lang='lat' dir='ltr'><strong>plo,</strong></span> <span class='ocrx_word' id='word_1_666' title='bbox 2161 4189 2247 4245; x_wconf 91' lang='lat' dir='ltr'><strong>cui</strong></span> <span class='ocrx_word' id='word_1_667' title='bbox 2278 4188 2408 4257; x_wconf 91' lang='lat' dir='ltr'><strong>quid</strong></span> <span class='ocrx_word' id='word_1_668' title='bbox 2442 4188 2713 4259; x_wconf 85' lang='lat' dir='ltr'><strong>ejusmodi</strong></span> <span class='ocrx_word' id='word_1_669' title='bbox 2743 4188 2945 4243; x_wconf 81' lang='lat' dir='ltr'><strong>accidit</strong></span> <span class='ocrx_word' id='word_1_670' title='bbox 2970 4188 3024 4242; x_wconf 90' lang='lat' dir='ltr'><strong>in</strong></span> <span class='ocrx_word' id='word_1_671' title='bbox 3058 4188 3339 4257; x_wconf 88' lang='lat' dir='ltr'><strong>paradiso,</strong></span> <span class='ocrx_word' id='word_1_672' title='bbox 3371 4205 3493 4243; x_wconf 89' lang='lat' dir='ltr'><strong>cum</strong></span> <span class='ocrx_word' id='word_1_673' title='bbox 3520 4192 3594 4245; x_wconf 91' lang='lat' dir='ltr'><strong>ob</strong></span> 
     </span>
    </p>
   </div>
   <div class='ocr_carea' id='block_1_86' title="bbox 2021 4280 3590 4353">
    <p class='ocr_par' dir='ltr' id='par_1_86' title="bbox 2021 4280 3590 4353">
     <span class='ocr_line' id='line_1_86' title="bbox 2021 4280 3590 4353; baseline -0.001 -16"><span class='ocrx_word' id='word_1_674' title='bbox 2021 4284 2510 4353; x_wconf 82' lang='lat' dir='ltr'><strong>transgressionem</strong></span> <span class='ocrx_word' id='word_1_675' title='bbox 2555 4295 2616 4336; x_wconf 91' lang='lat' dir='ltr'><strong>se</strong></span> <span class='ocrx_word' id='word_1_676' title='bbox 2642 4280 2852 4336; x_wconf 89' lang='lat' dir='ltr'><strong>nudum</strong></span> <span class='ocrx_word' id='word_1_677' title='bbox 2891 4294 3015 4335; x_wconf 88' lang='lat' dir='ltr'><strong>esse</strong></span> <span class='ocrx_word' id='word_1_678' title='bbox 3048 4282 3416 4350; x_wconf 89' lang='lat' dir='ltr'><strong>conspiceret.</strong></span> <span class='ocrx_word' id='word_1_679' title='bbox 3483 4280 3590 4336; x_wconf 82' lang='lat' dir='ltr'><strong>Vc-</strong></span> 
     </span>
    </p>
   </div>
   <div class='ocr_carea' id='block_1_87' title="bbox 2019 4371 3593 4442">
    <p class='ocr_par' dir='ltr' id='par_1_87' title="bbox 2019 4371 3593 4442">
     <span class='ocr_line' id='line_1_87' title="bbox 2019 4371 3593 4442; baseline -0.001 -11"><span class='ocrx_word' id='word_1_680' title='bbox 2019 4392 2142 4431; x_wconf 88' lang='lat' dir='ltr'><strong>rum</strong></span> <span class='ocrx_word' id='word_1_681' title='bbox 2177 4375 2267 4431; x_wconf 90' lang='lat' dir='ltr'><strong>ubi</strong></span> <span class='ocrx_word' id='word_1_682' title='bbox 2302 4374 2499 4430; x_wconf 89' lang='lat' dir='ltr'><strong>deinde</strong></span> <span class='ocrx_word' id='word_1_683' title='bbox 2522 4372 2796 4442; x_wconf 85' lang='lat' dir='ltr'><strong>susceptis</strong></span> <span class='ocrx_word' id='word_1_684' title='bbox 2820 4371 3219 4427; x_wconf 88' lang='lat' dir='ltr'><strong>certaminibus</strong></span> <span class='ocrx_word' id='word_1_685' title='bbox 3248 4373 3450 4428; x_wconf 88' lang='lat' dir='ltr'><strong>rectius</strong></span> <span class='ocrx_word' id='word_1_686' title='bbox 3474 4388 3593 4429; x_wconf 89' lang='lat' dir='ltr'><strong>sese</strong></span> 
     </span>
    </p>
   </div>
   <div class='ocr_carea' id='block_1_88' title="bbox 2022 4464 3590 4541">
    <p class='ocr_par' dir='ltr' id='par_1_88' title="bbox 2022 4464 3590 4541">
     <span class='ocr_line' id='line_1_88' title="bbox 2022 4464 3590 4541; baseline -0.003 -17"><span class='ocrx_word' id='word_1_687' title='bbox 2022 4469 2162 4541; x_wconf 81' lang='lat' dir='ltr'><strong>gerit</strong></span> <span class='ocrx_word' id='word_1_688' title='bbox 2183 4484 2248 4524; x_wconf 90' lang='lat' dir='ltr'><strong>ac</strong></span> <span class='ocrx_word' id='word_1_689' title='bbox 2272 4468 2502 4523; x_wconf 83' lang='lat' dir='ltr'><strong>virtutes</strong></span> <span class='ocrx_word' id='word_1_690' title='bbox 2520 4466 2760 4521; x_wconf 88' lang='lat' dir='ltr'><strong>crevisse</strong></span> <span class='ocrx_word' id='word_1_691' title='bbox 2779 4465 2950 4529; x_wconf 81' lang='lat' dir='ltr'><strong>videt,</strong></span> <span class='ocrx_word' id='word_1_692' title='bbox 2974 4474 3085 4518; x_wconf 88' lang='lat' dir='ltr'><strong>tum</strong></span> <span class='ocrx_word' id='word_1_693' title='bbox 3106 4464 3319 4519; x_wconf 91' lang='lat' dir='ltr'><strong>scilicet</strong></span> <span class='ocrx_word' id='word_1_694' title='bbox 3333 4466 3400 4520; x_wconf 87' lang='lat' dir='ltr'><strong>ad</strong></span> <span class='ocrx_word' id='word_1_695' title='bbox 3423 4465 3590 4522; x_wconf 89' lang='lat' dir='ltr'><strong>Deum</strong></span> 
     </span>
    </p>
   </div>
   <div class='ocr_carea' id='block_1_89' title="bbox 2024 4554 3595 4627">
    <p class='ocr_par' dir='ltr' id='par_1_89' title="bbox 2024 4554 3595 4627">
     <span class='ocr_line' id='line_1_89' title="bbox 2024 4554 3595 4627; baseline -0.003 -12"><span class='ocrx_word' id='word_1_696' title='bbox 2024 4560 2319 4615; x_wconf 87' lang='lat' dir='ltr'><strong>revertitur</strong></span> <span class='ocrx_word' id='word_1_697' title='bbox 2347 4567 2403 4612; x_wconf 91' lang='lat' dir='ltr'><strong>et</strong></span> <span class='ocrx_word' id='word_1_698' title='bbox 2429 4558 2671 4627; x_wconf 69' lang='lat' dir='ltr'><strong>pristinae</strong></span> <span class='ocrx_word' id='word_1_699' title='bbox 2696 4571 2754 4610; x_wconf 88' lang='lat' dir='ltr'><strong>se</strong></span> <span class='ocrx_word' id='word_1_700' title='bbox 2782 4555 3048 4610; x_wconf 91' lang='lat' dir='ltr'><strong>libertatis</strong></span> <span class='ocrx_word' id='word_1_701' title='bbox 3074 4554 3389 4625; x_wconf 87' lang='lat' dir='ltr'><strong>participem</strong></span> <span class='ocrx_word' id='word_1_702' title='bbox 3415 4556 3595 4611; x_wconf 84' lang='lat' dir='ltr'><strong>decla-</strong></span> 
     </span>
    </p>
   </div>
   <div class='ocr_carea' id='block_1_90' title="bbox 2023 4641 3594 4704">
    <p class='ocr_par' dir='ltr' id='par_1_90' title="bbox 2023 4641 3594 4704">
     <span class='ocr_line' id='line_1_90' title="bbox 2023 4641 3594 4704; baseline -0.004 0"><span class='ocrx_word' id='word_1_703' title='bbox 2023 4657 2130 4704; x_wconf 86' lang='lat' dir='ltr'><strong>rat.</strong></span> <span class='ocrx_word' id='word_1_704' title='bbox 2197 4647 2312 4703; x_wconf 79' lang='lat' dir='ltr'><strong>Hoc</strong></span> <span class='ocrx_word' id='word_1_705' title='bbox 2344 4648 2573 4702; x_wconf 88' lang='lat' dir='ltr'><strong>Davides</strong></span> <span class='ocrx_word' id='word_1_706' title='bbox 2614 4645 2856 4699; x_wconf 87' lang='lat' dir='ltr'><strong>indicare</strong></span> <span class='ocrx_word' id='word_1_707' title='bbox 2885 4643 3076 4697; x_wconf 89' lang='lat' dir='ltr'><strong>volens</strong></span> <span class='ocrx_word' id='word_1_708' title='bbox 3108 4643 3215 4699; x_wconf 91' lang='lat' dir='ltr'><strong>ait:</strong></span> <span class='ocrx_word' id='word_1_709' title='bbox 3259 4641 3442 4698; x_wconf 75' lang='lat' dir='ltr'><strong>t&#39;l‘unc</strong></span> <span class='ocrx_word' id='word_1_710' title='bbox 3483 4658 3594 4697; x_wconf 91' lang='lat' dir='ltr'><strong>non</strong></span> 
     </span>
    </p>
   </div>
   <div class='ocr_carea' id='block_1_91' title="bbox 2022 4731 3595 4814">
    <p class='ocr_par' dir='ltr' id='par_1_91' title="bbox 2022 4731 3595 4814">
     <span class='ocr_line' id='line_1_91' title="bbox 2022 4731 3595 4814; baseline -0.006 -17"><span class='ocrx_word' id='word_1_711' title='bbox 2022 4742 2316 4814; x_wconf 88' lang='lat' dir='ltr'><strong>pudeflam,</strong></span> <span class='ocrx_word' id='word_1_712' title='bbox 2358 4747 2556 4793; x_wconf 89' lang='lat' dir='ltr'><strong>cuncta</strong></span> <span class='ocrx_word' id='word_1_713' title='bbox 2597 4746 2684 4791; x_wconf 89' lang='lat' dir='ltr'><strong>tua</strong></span> <span class='ocrx_word' id='word_1_714' title='bbox 2724 4742 2994 4805; x_wconf 64' lang='lat' dir='ltr'><strong>praecepta</strong></span> <span class='ocrx_word' id='word_1_715' title='bbox 3033 4734 3253 4788; x_wconf 88' lang='lat' dir='ltr'><strong>intuens</strong></span> <span class='ocrx_word' id='word_1_716' title='bbox 3275 4731 3367 4787; x_wconf 76' lang='grc'><strong>⁸³⁸.</strong></span> <span class='ocrx_word' id='word_1_717' title='bbox 3400 4752 3418 4784; x_wconf 75' lang='grc' dir='ltr'>ι</span> <span class='ocrx_word' id='word_1_718' title='bbox 3466 4731 3595 4788; x_wconf 74' lang='lat' dir='ltr'><strong>Haec</strong></span> 
     </span>
    </p>
   </div>
   <div class='ocr_carea' id='block_1_92' title="bbox 2026 4826 3598 4904">
    <p class='ocr_par' dir='ltr' id='par_1_92' title="bbox 2026 4826 3598 4904">
     <span class='ocr_line' id='line_1_92' title="bbox 2026 4826 3598 4904; baseline -0.005 -15"><span class='ocrx_word' id='word_1_719' title='bbox 2026 4850 2058 4888; x_wconf 90' lang='lat' dir='ltr'><strong>a</strong></span> <span class='ocrx_word' id='word_1_720' title='bbox 2104 4832 2426 4904; x_wconf 84' lang='lat' dir='ltr'><strong>quibusdam</strong></span> <span class='ocrx_word' id='word_1_721' title='bbox 2475 4830 2672 4885; x_wconf 87' lang='lat' dir='ltr'><strong>tradita</strong></span> <span class='ocrx_word' id='word_1_722' title='bbox 2732 4839 2880 4883; x_wconf 88' lang='lat' dir='ltr'><strong>sunt.</strong></span> <span class='ocrx_word' id='word_1_723' title='bbox 2941 4826 3212 4881; x_wconf 65' lang='lat' dir='ltr'><strong>Caeterum</strong></span> <span class='ocrx_word' id='word_1_724' title='bbox 3264 4827 3358 4881; x_wconf 90' lang='lat' dir='ltr'><strong>alii</strong></span> <span class='ocrx_word' id='word_1_725' title='bbox 3410 4827 3598 4881; x_wconf 89' lang='lat' dir='ltr'><strong>dicunt</strong></span> 
     </span>
    </p>
   </div>
   <div class='ocr_carea' id='block_1_93' title="bbox 309 4919 1896 5004">
    <p class='ocr_par' dir='ltr' id='par_1_93' title="bbox 309 4925 1896 5004">
     <span class='ocr_line' id='line_1_93' title="bbox 309 4925 1896 5004; baseline 0.003 -27"><span class='ocrx_word' id='word_1_726' title='bbox 309 4930 560 5004; x_wconf 75' lang='grc' dir='ltr'>τριϐὰς,</span> <span class='ocrx_word' id='word_1_727' title='bbox 607 4926 723 4981; x_wconf 83' lang='grc' dir='ltr'>ἀλλ’</span> <span class='ocrx_word' id='word_1_728' title='bbox 763 4925 976 4980; x_wconf 80' lang='grc' dir='ltr'>ἑαυτῶν</span> <span class='ocrx_word' id='word_1_729' title='bbox 1019 4926 1256 4995; x_wconf 81' lang='grc' dir='ltr'>μάλιστα</span> <span class='ocrx_word' id='word_1_730' title='bbox 1302 4925 1721 4996; x_wconf 87' lang='grc' dir='ltr'>προνοούμεναι.</span> <span class='ocrx_word' id='word_1_731' title='bbox 1761 4927 1896 4983; x_wconf 83' lang='grc' dir='ltr'><strong>Ἐστ</strong></span> 
     </span>
    </p>
   </div>
   <div class='ocr_carea' id='block_1_94' title="bbox 2004 4919 3598 5004">
    <p class='ocr_par' dir='ltr' id='par_1_94' title="bbox 2027 4919 3598 5001">
     <span class='ocr_line' id='line_1_94' title="bbox 2027 4919 3598 5001; baseline -0.006 -20"><span class='ocrx_word' id='word_1_732' title='bbox 2027 4940 2220 4982; x_wconf 87' lang='lat' dir='ltr'><strong>cervos</strong></span> <span class='ocrx_word' id='word_1_733' title='bbox 2267 4939 2376 5001; x_wconf 84' lang='lat' dir='ltr'><strong>non</strong></span> <span class='ocrx_word' id='word_1_734' title='bbox 2423 4931 2641 4992; x_wconf 90' lang='lat' dir='ltr'><strong>propter</strong></span> <span class='ocrx_word' id='word_1_735' title='bbox 2682 4920 3047 4990; x_wconf 82' lang='lat' dir='ltr'><strong>abjcctionem</strong></span> <span class='ocrx_word' id='word_1_736' title='bbox 3089 4934 3357 4974; x_wconf 86' lang='lat' dir='ltr'><strong>cornuum</strong></span> <span class='ocrx_word' id='word_1_737' title='bbox 3388 4919 3598 4988; x_wconf 91' lang='lat' dir='ltr'><strong>pudore</strong></span> 
     </span>
    </p>
   </div>
   <div class='ocr_carea' id='block_1_95' title="bbox 313 5012 1896 5092">
    <p class='ocr_par' dir='ltr' id='par_1_95' title="bbox 313 5014 1896 5092">
     <span class='ocr_line' id='line_1_95' title="bbox 313 5014 1896 5092; baseline -0.006 -16"><span class='ocrx_word' id='word_1_738' title='bbox 313 5024 441 5092; x_wconf 76' lang='grc' dir='ltr'>γὰρ</span> <span class='ocrx_word' id='word_1_739' title='bbox 477 5018 736 5088; x_wconf 83' lang='grc' dir='ltr'>αίσθησις</span> <span class='ocrx_word' id='word_1_740' title='bbox 761 5018 855 5071; x_wconf 71' lang='grc' dir='ltr'>καὶ</span> <span class='ocrx_word' id='word_1_741' title='bbox 884 5018 944 5069; x_wconf 71' lang='grc' dir='ltr'><strong>ιν</strong></span> <span class='ocrx_word' id='word_1_742' title='bbox 972 5018 1088 5079; x_wconf 79' lang='grc' dir='ltr'>τοῖς</span> <span class='ocrx_word' id='word_1_743' title='bbox 1117 5014 1335 5085; x_wconf 80' lang='grc' dir='ltr'>ἀλόγοις</span> <span class='ocrx_word' id='word_1_744' title='bbox 1366 5014 1550 5081; x_wconf 82' lang='grc' dir='ltr'>ζώοις,</span> <span class='ocrx_word' id='word_1_745' title='bbox 1582 5015 1707 5069; x_wconf 85' lang='grc' dir='ltr'>καθ’</span> <span class='ocrx_word' id='word_1_746' title='bbox 1731 5018 1796 5086; x_wconf 78' lang='grc' dir='ltr'>ἢν</span> <span class='ocrx_word' id='word_1_747' title='bbox 1818 5018 1896 5087; x_wconf 68' lang='grc' dir='ltr'>τῆι</span> 
     </span>
    </p>
   </div>
   <div class='ocr_carea' id='block_1_96' title="bbox 2004 5012 3598 5092">
    <p class='ocr_par' dir='ltr' id='par_1_96' title="bbox 2020 5012 3598 5082">
     <span class='ocr_line' id='line_1_96' title="bbox 2020 5012 3598 5082; baseline -0.006 -8"><span class='ocrx_word' id='word_1_748' title='bbox 2020 5019 2248 5074; x_wconf 79' lang='lat' dir='ltr'><strong>allectos</strong></span> <span class='ocrx_word' id='word_1_749' title='bbox 2279 5017 2347 5071; x_wconf 91' lang='lat' dir='ltr'><strong>de</strong></span> <span class='ocrx_word' id='word_1_750' title='bbox 2378 5014 2512 5069; x_wconf 90' lang='lat' dir='ltr'><strong>locis</strong></span> <span class='ocrx_word' id='word_1_751' title='bbox 2544 5014 2824 5068; x_wconf 85' lang='lat' dir='ltr'><strong>consuetis</strong></span> <span class='ocrx_word' id='word_1_752' title='bbox 2853 5012 3115 5081; x_wconf 85' lang='lat' dir='ltr'><strong>aufugere</strong></span> <span class='ocrx_word' id='word_1_753' title='bbox 3142 5052 3157 5076; x_wconf 91' lang='lat'><strong>,</strong></span> <span class='ocrx_word' id='word_1_754' title='bbox 3214 5012 3307 5066; x_wconf 89' lang='lat' dir='ltr'><strong>sed</strong></span> <span class='ocrx_word' id='word_1_755' title='bbox 3335 5012 3436 5067; x_wconf 88' lang='lat' dir='ltr'><strong>hoc</strong></span> <span class='ocrx_word' id='word_1_756' title='bbox 3478 5013 3598 5082; x_wconf 91' lang='lat' dir='ltr'><strong>ipso</strong></span> 
     </span>
    </p>
   </div>
   <div class='ocr_carea' id='block_1_97' title="bbox 314 5094 1896 5179">
    <p class='ocr_par' dir='ltr' id='par_1_97' title="bbox 314 5104 1896 5179">
     <span class='ocr_line' id='line_1_97' title="bbox 314 5104 1896 5179; baseline -0.006 -10"><span class='ocrx_word' id='word_1_757' title='bbox 314 5111 550 5172; x_wconf 76' lang='grc' dir='ltr'>οἰκείας</span> <span class='ocrx_word' id='word_1_758' title='bbox 594 5108 869 5179; x_wconf 81' lang='grc' dir='ltr'>σωτηρίας</span> <span class='ocrx_word' id='word_1_759' title='bbox 902 5108 1242 5178; x_wconf 81' lang='grc' dir='ltr'>άπειλήφασι</span> <span class='ocrx_word' id='word_1_760' title='bbox 1274 5111 1374 5177; x_wconf 84' lang='grc' dir='ltr'>τὴν</span> <span class='ocrx_word' id='word_1_761' title='bbox 1417 5107 1731 5175; x_wconf 88' lang='grc' dir='ltr'>διάγνωσιν.</span> <span class='ocrx_word' id='word_1_762' title='bbox 1763 5104 1896 5161; x_wconf 64' lang='grc' dir='ltr'>Οῑδεπ</span> 
     </span>
    </p>
   </div>
   <div class='ocr_carea' id='block_1_98' title="bbox 2004 5094 3599 5179">
    <p class='ocr_par' dir='ltr' id='par_1_98' title="bbox 2019 5094 3599 5179">
     <span class='ocr_line' id='line_1_98' title="bbox 2019 5094 3599 5179; baseline -0.006 -12"><span class='ocrx_word' id='word_1_763' title='bbox 2019 5113 2252 5167; x_wconf 79' lang='lat' dir='ltr'><strong>maxima</strong></span> <span class='ocrx_word' id='word_1_764' title='bbox 2295 5094 2672 5179; x_wconf 75' lang='lat' dir='ltr'><strong>providentia&#39;</strong></span> <span class='ocrx_word' id='word_1_765' title='bbox 2708 5105 2813 5160; x_wconf 87' lang='lat' dir='ltr'><strong>sibi</strong></span> <span class='ocrx_word' id='word_1_766' title='bbox 2866 5107 3202 5175; x_wconf 85' lang='lat' dir='ltr'><strong>prospicere.</strong></span> <span class='ocrx_word' id='word_1_767' title='bbox 3271 5104 3404 5160; x_wconf 82' lang='lat' dir='ltr'><strong>Nam</strong></span> <span class='ocrx_word' id='word_1_768' title='bbox 3456 5106 3599 5159; x_wconf 89' lang='lat' dir='ltr'><strong>inest</strong></span> 
     </span>
    </p>
   </div>
   <div class='ocr_carea' id='block_1_99' title="bbox 316 5194 1896 5277">
    <p class='ocr_par' dir='ltr' id='par_1_99' title="bbox 316 5198 1896 5277">
     <span class='ocr_line' id='line_1_99' title="bbox 316 5198 1896 5277; baseline -0.002 -21"><span class='ocrx_word' id='word_1_769' title='bbox 316 5209 357 5277; x_wconf 76' lang='grc' dir='ltr'><strong>ἡ</strong></span> <span class='ocrx_word' id='word_1_770' title='bbox 429 5200 616 5272; x_wconf 82' lang='grc' dir='ltr'>σηπία</span> <span class='ocrx_word' id='word_1_771' title='bbox 640 5201 739 5270; x_wconf 82' lang='grc' dir='ltr'>τῆς</span> <span class='ocrx_word' id='word_1_772' title='bbox 770 5202 966 5271; x_wconf 76' lang='grc' dir='ltr'>ἀχλύος</span> <span class='ocrx_word' id='word_1_773' title='bbox 1025 5199 1087 5252; x_wconf 87' lang='grc' dir='ltr'><strong>τδ</strong></span> <span class='ocrx_word' id='word_1_774' title='bbox 1133 5200 1394 5269; x_wconf 82' lang='grc' dir='ltr'>σόφισμα,</span> <span class='ocrx_word' id='word_1_775' title='bbox 1457 5198 1549 5253; x_wconf 89' lang='grc' dir='ltr'><strong>καί</strong></span> <span class='ocrx_word' id='word_1_776' title='bbox 1591 5216 1694 5253; x_wconf 86' lang='grc' dir='ltr'><strong>που</strong></span> <span class='ocrx_word' id='word_1_777' title='bbox 1749 5199 1896 5270; x_wconf 61' lang='grc' dir='ltr'>θηραη</span> 
     </span>
    </p>
   </div>
   <div class='ocr_carea' id='block_1_100' title="bbox 2004 5194 3598 5277">
    <p class='ocr_par' dir='ltr' id='par_1_100' title="bbox 2019 5194 3598 5263">
     <span class='ocr_line' id='line_1_100' title="bbox 2019 5194 3598 5263; baseline -0.006 -7"><span class='ocrx_word' id='word_1_778' title='bbox 2019 5204 2182 5257; x_wconf 89' lang='lat' dir='ltr'><strong>etiam</strong></span> <span class='ocrx_word' id='word_1_779' title='bbox 2215 5199 2391 5255; x_wconf 88' lang='lat' dir='ltr'><strong>brutis</strong></span> <span class='ocrx_word' id='word_1_780' title='bbox 2421 5196 2796 5251; x_wconf 86' lang='lat' dir='ltr'><strong>animantibus</strong></span> <span class='ocrx_word' id='word_1_781' title='bbox 2824 5210 3022 5249; x_wconf 88' lang='lat' dir='ltr'><strong>sensus</strong></span> <span class='ocrx_word' id='word_1_782' title='bbox 3070 5194 3317 5263; x_wconf 88' lang='lat' dir='ltr'><strong>quidam,</strong></span> <span class='ocrx_word' id='word_1_783' title='bbox 3376 5195 3442 5248; x_wconf 89' lang='lat' dir='ltr'><strong>de</strong></span> <span class='ocrx_word' id='word_1_784' title='bbox 3488 5208 3598 5261; x_wconf 90' lang='lat' dir='ltr'><strong>quo</strong></span> 
     </span>
    </p>
   </div>
   <div class='ocr_carea' id='block_1_101' title="bbox 314 5286 1896 5369">
    <p class='ocr_par' dir='ltr' id='par_1_101' title="bbox 314 5289 1896 5366">
     <span class='ocr_line' id='line_1_101' title="bbox 314 5289 1896 5366; baseline -0.005 -13"><span class='ocrx_word' id='word_1_785' title='bbox 314 5300 455 5359; x_wconf 73' lang='grc' dir='ltr'>ταῖς</span> <span class='ocrx_word' id='word_1_786' title='bbox 519 5294 788 5366; x_wconf 86' lang='grc' dir='ltr'>άορασίαν</span> <span class='ocrx_word' id='word_1_787' title='bbox 842 5293 1021 5363; x_wconf 79' lang='grc' dir='ltr'>ἄγρας</span> <span class='ocrx_word' id='word_1_788' title='bbox 1060 5292 1319 5354; x_wconf 84' lang='grc' dir='ltr'>πολλάκις</span> <span class='ocrx_word' id='word_1_789' title='bbox 1385 5293 1663 5363; x_wconf 68' lang='grc' dir='ltr'>ἐνέθηκεν.</span> <span class='ocrx_word' id='word_1_790' title='bbox 1694 5289 1818 5348; x_wconf 70' lang='grc' dir='ltr'>Οἵδε</span> <span class='ocrx_word' id='word_1_791' title='bbox 1854 5297 1896 5346; x_wconf 69' lang='grc' dir='ltr'><strong>τε</strong></span> 
     </span>
    </p>
   </div>
   <div class='ocr_carea' id='block_1_102' title="bbox 2004 5286 3599 5369">
    <p class='ocr_par' dir='ltr' id='par_1_102' title="bbox 2019 5286 3599 5369">
     <span class='ocr_line' id='line_1_102' title="bbox 2019 5286 3599 5369; baseline -0.008 -19"><span class='ocrx_word' id='word_1_792' title='bbox 2019 5308 2131 5350; x_wconf 72' lang='lat' dir='ltr'><strong>sua:</strong></span> <span class='ocrx_word' id='word_1_793' title='bbox 2146 5292 2339 5347; x_wconf 89' lang='lat' dir='ltr'><strong>salutis</strong></span> <span class='ocrx_word' id='word_1_794' title='bbox 2358 5290 2727 5369; x_wconf 79' lang='lat' dir='ltr'><strong>cognitionem</strong></span> <span class='ocrx_word' id='word_1_795' title='bbox 2753 5288 3035 5343; x_wconf 87' lang='lat' dir='ltr'><strong>hauriunt.</strong></span> <span class='ocrx_word' id='word_1_796' title='bbox 3072 5286 3234 5342; x_wconf 82' lang='lat' dir='ltr'><strong>Novit</strong></span> <span class='ocrx_word' id='word_1_797' title='bbox 3251 5286 3401 5356; x_wconf 87' lang='lat' dir='ltr'><strong>sepia</strong></span> <span class='ocrx_word' id='word_1_798' title='bbox 3424 5291 3599 5341; x_wconf 85' lang='lat' dir='ltr'><strong>semet</strong></span> 
     </span>
    </p>
   </div>
   <div class='ocr_carea' id='block_1_103' title="bbox 319 5376 1896 5463">
    <p class='ocr_par' dir='ltr' id='par_1_103' title="bbox 319 5382 1896 5463">
     <span class='ocr_line' id='line_1_103' title="bbox 319 5382 1896 5463; baseline -0.003 -18"><span class='ocrx_word' id='word_1_799' title='bbox 319 5388 692 5463; x_wconf 78' lang='grc' dir='ltr'>γαμψώνυχα</span> <span class='ocrx_word' id='word_1_800' title='bbox 727 5390 828 5457; x_wconf 84' lang='grc' dir='ltr'>τὴν</span> <span class='ocrx_word' id='word_1_801' title='bbox 866 5387 950 5440; x_wconf 83' lang='grc' dir='ltr'><strong>διὰ</strong></span> <span class='ocrx_word' id='word_1_802' title='bbox 988 5386 1096 5440; x_wconf 85' lang='grc' dir='ltr'><strong>τῶν</strong></span> <span class='ocrx_word' id='word_1_803' title='bbox 1116 5386 1324 5456; x_wconf 82' lang='grc' dir='ltr'>ὀνύχων</span> <span class='ocrx_word' id='word_1_804' title='bbox 1367 5388 1529 5457; x_wconf 78' lang='grc' dir='ltr'>ἀκήν.</span> <span class='ocrx_word' id='word_1_805' title='bbox 1563 5382 1718 5440; x_wconf 79' lang='grc' dir='ltr'>Οἶδεν</span> <span class='ocrx_word' id='word_1_806' title='bbox 1761 5389 1789 5439; x_wconf 85' lang='grc' dir='ltr'>ὁ</span> <span class='ocrx_word' id='word_1_807' title='bbox 1821 5385 1896 5440; x_wconf 74' lang='grc' dir='ltr'><strong>λα</strong></span> 
     </span>
    </p>
   </div>
   <div class='ocr_carea' id='block_1_104' title="bbox 2004 5376 3595 5463">
    <p class='ocr_par' dir='ltr' id='par_1_104' title="bbox 2022 5376 3595 5451">
     <span class='ocr_line' id='line_1_104' title="bbox 2022 5376 3595 5451; baseline -0.011 -7"><span class='ocrx_word' id='word_1_808' title='bbox 2022 5384 2351 5443; x_wconf 86' lang='lat' dir='ltr'><strong>obscurandi</strong></span> <span class='ocrx_word' id='word_1_809' title='bbox 2377 5381 2694 5447; x_wconf 82' lang='lat' dir='ltr'><strong>artificium,</strong></span> <span class='ocrx_word' id='word_1_810' title='bbox 2715 5396 2779 5437; x_wconf 88' lang='lat' dir='ltr'><strong>ac</strong></span> <span class='ocrx_word' id='word_1_811' title='bbox 2807 5396 2952 5451; x_wconf 56' lang='lat' dir='ltr'><strong>saepe</strong></span> <span class='ocrx_word' id='word_1_812' title='bbox 2985 5395 3066 5435; x_wconf 83' lang='lat' dir='ltr'><strong>stc</strong></span> <span class='ocrx_word' id='word_1_813' title='bbox 3097 5379 3458 5449; x_wconf 87' lang='lat' dir='ltr'><strong>piscatoribus</strong></span> <span class='ocrx_word' id='word_1_814' title='bbox 3490 5376 3595 5428; x_wconf 84' lang='lat' dir='ltr'><strong>int-</strong></span> 
     </span>
    </p>
   </div>
   <div class='ocr_carea' id='block_1_105' title="bbox 322 5465 1896 5555">
    <p class='ocr_par' dir='ltr' id='par_1_105' title="bbox 322 5479 1896 5555">
     <span class='ocr_line' id='line_1_105' title="bbox 322 5479 1896 5555; baseline -0.006 -15"><span class='ocrx_word' id='word_1_815' title='bbox 322 5486 487 5555; x_wconf 81' lang='grc' dir='ltr'>γωδς</span> <span class='ocrx_word' id='word_1_816' title='bbox 510 5483 599 5536; x_wconf 77' lang='grc' dir='ltr'>διὰ</span> <span class='ocrx_word' id='word_1_817' title='bbox 627 5479 721 5534; x_wconf 87' lang='grc' dir='ltr'><strong>τοῦ</strong></span> <span class='ocrx_word' id='word_1_818' title='bbox 745 5480 947 5551; x_wconf 83' lang='grc' dir='ltr'>δρόμου</span> <span class='ocrx_word' id='word_1_819' title='bbox 971 5480 1066 5533; x_wconf 79' lang='grc' dir='ltr'>καὶ</span> <span class='ocrx_word' id='word_1_820' title='bbox 1095 5481 1195 5550; x_wconf 81' lang='grc' dir='ltr'>τῆς</span> <span class='ocrx_word' id='word_1_821' title='bbox 1219 5480 1329 5533; x_wconf 89' lang='grc' dir='ltr'><strong>τῶν</strong></span> <span class='ocrx_word' id='word_1_822' title='bbox 1350 5479 1527 5534; x_wconf 83' lang='grc' dir='ltr'>ποδῶν</span> <span class='ocrx_word' id='word_1_823' title='bbox 1548 5480 1807 5549; x_wconf 82' lang='grc' dir='ltr'>ὀξύτητος</span> <span class='ocrx_word' id='word_1_824' title='bbox 1829 5496 1896 5533; x_wconf 88' lang='grc' dir='ltr'><strong>κυ</strong></span> 
     </span>
    </p>
   </div>
   <div class='ocr_carea' id='block_1_106' title="bbox 2004 5465 3595 5555">
    <p class='ocr_par' dir='ltr' id='par_1_106' title="bbox 2024 5465 3595 5551">
     <span class='ocr_line' id='line_1_106' title="bbox 2024 5465 3595 5551; baseline -0.009 -18"><span class='ocrx_word' id='word_1_825' title='bbox 2024 5478 2183 5551; x_wconf 91' lang='lat' dir='ltr'><strong>ponit</strong></span> <span class='ocrx_word' id='word_1_826' title='bbox 2212 5485 2273 5531; x_wconf 89' lang='lat' dir='ltr'><strong>ut</strong></span> <span class='ocrx_word' id='word_1_827' title='bbox 2311 5475 2546 5546; x_wconf 89' lang='lat' dir='ltr'><strong>amplius</strong></span> <span class='ocrx_word' id='word_1_828' title='bbox 2574 5482 2790 5544; x_wconf 88' lang='lat' dir='ltr'><strong>captam</strong></span> <span class='ocrx_word' id='word_1_829' title='bbox 2821 5474 2890 5527; x_wconf 88' lang='lat' dir='ltr'><strong>ab</strong></span> <span class='ocrx_word' id='word_1_830' title='bbox 2919 5486 2978 5526; x_wconf 84' lang='lat' dir='ltr'><strong>se</strong></span> <span class='ocrx_word' id='word_1_831' title='bbox 3006 5471 3246 5541; x_wconf 72' lang='lat' dir='ltr'><strong>prasdam</strong></span> <span class='ocrx_word' id='word_1_832' title='bbox 3275 5465 3595 5535; x_wconf 86' lang='lat' dir='ltr'><strong>conspicere</strong></span> 
     </span>
    </p>
   </div>
   <div class='ocr_carea' id='block_1_107' title="bbox 322 5562 1896 5644">
    <p class='ocr_par' dir='ltr' id='par_1_107' title="bbox 322 5569 1896 5644">
     <span class='ocr_line' id='line_1_107' title="bbox 322 5569 1896 5644; baseline -0.003 -14"><span class='ocrx_word' id='word_1_833' title='bbox 322 5574 592 5644; x_wconf 70' lang='grc' dir='ltr'>νηγετῶν</span> <span class='ocrx_word' id='word_1_834' title='bbox 622 5572 917 5635; x_wconf 76' lang='grc' dir='ltr'>ἐπιϐουλὰς</span> <span class='ocrx_word' id='word_1_835' title='bbox 966 5571 1415 5641; x_wconf 80' lang='grc' dir='ltr'>ἀποπέμπεσθαι.</span> <span class='ocrx_word' id='word_1_836' title='bbox 1452 5569 1607 5624; x_wconf 83' lang='grc' dir='ltr'>Οἶδεν</span> <span class='ocrx_word' id='word_1_837' title='bbox 1647 5574 1680 5641; x_wconf 87' lang='grc' dir='ltr'><strong>ή</strong></span> <span class='ocrx_word' id='word_1_838' title='bbox 1725 5571 1896 5639; x_wconf 77' lang='grc' dir='ltr'>ελαφο</span> 
     </span>
    </p>
   </div>
   <div class='ocr_carea' id='block_1_108' title="bbox 2004 5562 3592 5644">
    <p class='ocr_par' dir='ltr' id='par_1_108' title="bbox 2026 5562 3592 5640">
     <span class='ocr_line' id='line_1_108' title="bbox 2026 5562 3592 5640; baseline -0.011 -15"><span class='ocrx_word' id='word_1_839' title='bbox 2026 5577 2321 5640; x_wconf 90' lang='lat' dir='ltr'><strong>nequeant.</strong></span> <span class='ocrx_word' id='word_1_840' title='bbox 2376 5568 2588 5621; x_wconf 72' lang='lat' dir='ltr'><strong>Norunt</strong></span> <span class='ocrx_word' id='word_1_841' title='bbox 2614 5580 2678 5620; x_wconf 92' lang='lat' dir='ltr'><strong>ea</strong></span> <span class='ocrx_word' id='word_1_842' title='bbox 2711 5565 2912 5634; x_wconf 91' lang='lat' dir='ltr'><strong>quibus</strong></span> <span class='ocrx_word' id='word_1_843' title='bbox 2947 5562 3150 5616; x_wconf 70' lang='lat' dir='ltr'><strong>auunei</strong></span> <span class='ocrx_word' id='word_1_844' title='bbox 3194 5566 3322 5613; x_wconf 89' lang='lat' dir='ltr'><strong>sunt</strong></span> <span class='ocrx_word' id='word_1_845' title='bbox 3360 5570 3592 5625; x_wconf 87' lang='lat' dir='ltr'><strong>ungues,</strong></span> 
     </span>
    </p>
   </div>
   <div class='ocr_carea' id='block_1_109' title="bbox 268 5647 1896 5737">
    <p class='ocr_par' dir='ltr' id='par_1_109' title="bbox 268 5662 1896 5737">
     <span class='ocr_line' id='line_1_109' title="bbox 268 5662 1896 5737; baseline -0.006 -13"><span class='ocrx_word' id='word_1_846' title='bbox 268 5670 277 5681; x_wconf 92' lang='grc'><em>’</em></span> <span class='ocrx_word' id='word_1_847' title='bbox 325 5667 769 5737; x_wconf 81' lang='grc' dir='ltr'>ἀποκειραμένη</span> <span class='ocrx_word' id='word_1_848' title='bbox 810 5665 879 5717; x_wconf 82' lang='grc' dir='ltr'><strong>τά</strong></span> <span class='ocrx_word' id='word_1_849' title='bbox 930 5665 1135 5736; x_wconf 86' lang='grc' dir='ltr'>κέρατα</span> <span class='ocrx_word' id='word_1_850' title='bbox 1184 5663 1581 5736; x_wconf 79' lang='grc' dir='ltr'>ἀσθενεστέραν</span> <span class='ocrx_word' id='word_1_851' title='bbox 1611 5665 1710 5736; x_wconf 78' lang='grc' dir='ltr'>τὴν</span> <span class='ocrx_word' id='word_1_852' title='bbox 1760 5662 1896 5733; x_wconf 82' lang='grc' dir='ltr'>φύσι</span> 
     </span>
    </p>
   </div>
   <div class='ocr_carea' id='block_1_110' title="bbox 2004 5647 3594 5737">
    <p class='ocr_par' dir='ltr' id='par_1_110' title="bbox 2025 5647 3594 5732">
     <span class='ocr_line' id='line_1_110' title="bbox 2025 5647 3594 5732; baseline -0.009 -13"><span class='ocrx_word' id='word_1_853' title='bbox 2025 5669 2092 5719; x_wconf 87' lang='lat' dir='ltr'><strong>ad</strong></span> <span class='ocrx_word' id='word_1_854' title='bbox 2142 5660 2274 5732; x_wconf 89' lang='lat' dir='ltr'><strong>quid</strong></span> <span class='ocrx_word' id='word_1_855' title='bbox 2322 5673 2512 5716; x_wconf 88' lang='lat' dir='ltr'><strong>eorum</strong></span> <span class='ocrx_word' id='word_1_856' title='bbox 2569 5672 2778 5728; x_wconf 86' lang='lat' dir='ltr'><strong>ungues</strong></span> <span class='ocrx_word' id='word_1_857' title='bbox 2824 5663 3085 5728; x_wconf 83' lang='lat' dir='ltr'><strong>prodesse</strong></span> <span class='ocrx_word' id='word_1_858' title='bbox 3140 5648 3367 5723; x_wconf 82' lang='lat' dir='ltr'><strong>possint.</strong></span> <span class='ocrx_word' id='word_1_859' title='bbox 3428 5647 3594 5705; x_wconf 83' lang='lat' dir='ltr'><strong>Novit</strong></span> 
     </span>
    </p>
   </div>
   <div class='ocr_carea' id='block_1_111' title="bbox 404 5819 974 5887">
    <p class='ocr_par' dir='ltr' id='par_1_111' title="bbox 404 5819 974 5887">
     <span class='ocr_line' id='line_1_111' title="bbox 404 5819 974 5887; baseline -0.005 -9"><span class='ocrx_word' id='word_1_860' title='bbox 404 5820 481 5854; x_wconf 69' lang='grc' dir='ltr'><strong>δ”</strong></span> <span class='ocrx_word' id='word_1_861' title='bbox 510 5821 653 5878; x_wconf 79' lang='lat' dir='ltr'><strong>Psal.</strong></span> <span class='ocrx_word' id='word_1_862' title='bbox 691 5834 886 5887; x_wconf 79' lang='lat' dir='ltr'><strong>cxvm,</strong></span> <span class='ocrx_word' id='word_1_863' title='bbox 921 5819 974 5875; x_wconf 85' lang='lat'><strong>6.</strong></span> 
     </span>
    </p>
   </div>
  </div>
