3862 6228
360 428 468 495 123
1306 490 1314 501 ,
1627 388 2045 479 MiCHAELts
2085 415 2343 479 oms:
3498 415 3603 505 tat

365 541 521 610 lepus
549 550 712 591 cursu
759 534 1071 605 pedumque
1123 531 1405 590 celeritate
1454 546 1772 586 venatorum
1806 528 1939 586 insi-

2086 526 2348 598 μύνεσθαι
2398 527 2520 590 τοὺς
2554 527 2893 600 λυπήσοντας
2915 542 2931 558 ·
2969 526 3165 580 οὐκοῦν
3190 527 3606 596 ἀποκρυπτετιι

368 632 484 685 dias
514 630 700 685 vitare.
740 627 831 681 Sic
863 628 1021 682 etiam
1058 642 1218 681 cerva
1241 625 1396 680 novit
1422 623 1638 677 amissis
1665 621 1928 676 cornibus

2086 616 2131 672 ἴα
2158 636 2241 679 τις
2273 619 2377 672 τῶν
2411 621 2758 687 στρατιωτῶν
2786 618 3015 696 ἄνοπλος
3043 616 3231 681 δεδιὼς
3262 620 3608 686 παρατάττε-

368 731 618 776 naturam
651 722 967 775 debiliorem
1023 719 1161 774 tueri
1197 735 1257 774 se
1308 727 1498 771 contra
1542 714 1798 770 ltedeutes
1829 712 1933 782 55

2086 711 2186 765 θαι.
2220 710 2372 782 Μόνη
2403 711 2457 765 δέ
2488 712 2517 782 ἡ
2548 712 2744 781 ἔλαφος
2773 710 3137 766 sacceum;
3168 712 3236 764 τὰ
3272 710 3480 781 κέρατα
3508 712 3608 779 χά-

369 808 516 866 haud
551 826 752 881 posse;
825 819 1159 881 quapropter
1212 808 1360 863 abdit
1395 823 1475 871 se,
1537 806 1711 861 instar
1752 804 1935 857 militis

2086 820 2127 853 ιν
2160 802 2445 871 ὠφελείας.
2475 804 2549 867 ὡς
2589 803 2967 874 Ἀριστοτέλης
2998 806 3164 873 φησί·
3210 802 3375 872 βάρος
3410 804 3519 871 γὰρ
3552 801 3611 865 ἐξ

366 903 655 971 Cuiusdam
688 901 938 968 inermis,
967 901 1058 970 qui
1083 900 1225 954 hosti
1258 915 1315 954 se
1342 900 1579 969 obiicere
1612 912 1717 950 non
1750 895 1934 950 audet.

2086 894 2287 965 νάγκης
2332 895 2671 965 κουφίζεται,
2703 896 2837 949 διότι
2868 896 2962 949 καὶ⁵
2988 896 3157 949 ναστὰ
3182 895 3353 947 ταῦτα
3387 896 3456 948 δι’
3483 897 3611 949 ὅλου

370 990 647 1047 Caeterum
677 994 823 1047 solus
858 1008 1056 1048 cervus
1092 990 1344 1046 utilitatis
1384 1005 1496 1043 suae
1522 1003 1684 1042 causa
1719 986 1939 1056 deponit

2086 986 2317 1055 δγχάνει.
2360 986 2482 1039 Τῶν
2542 986 2587 1040 δ’
2648 986 2823 1041 ἄλλων
2878 992 2947 1040 τὰ
2993 987 3197 1073 κέρατα
3246 990 3411 1058 μέχρι
3463 986 3617 1050 amb;

377 1095 604 1144 cornua,
660 1081 1113 1150 quemadmodam
1165 1079 1489 1133 Aristoteles
1533 1076 1731 1143 inquit.
1805 1074 1939 1129 Nam

2086 1074 2226 1153 οξλα,
2264 1076 2333 1129 τὰ
2357 1075 2405 1129 δ’
2434 1068 2580 1148 ᾶιῖρα
2614 1077 2810 1149 στερεὰ
2835 1076 3025 1145 διὰτὸ
3059 1068 3179 1140 ταῖς
3202 1077 3440 1148 πληγαῖς
3477 1093 3615 1147 χρη-

366 1184 543 1223 Ὅηετθ
597 1172 744 1243 gravi
798 1162 1111 1226 necessario
1165 1185 1222 1225 se
1275 1171 1437 1233 levat,
1479 1168 1695 1237 quando
1736 1182 1938 1221 cornua

2087 1166 2314 1236 ιμεύειν.

374 1280 658 1320 cervorqu
728 1283 952 1337 prorsus
1017 1282 1185 1321 vacua
1259 1282 1369 1320 non
1425 1264 1600 1335 sunt.f
1628 1264 1959 1318 Czeterorum
1996 1263 2212 1332 quidem
2279 1264 2595 1320 animalium
2635 1282 2839 1322 cornua
2874 1274 3001 1321 sunt
3045 1264 3397 1337 aliquousque
3458 1280 3617 1330 cava,

368 1369 502 1410 cum
532 1364 790 1412 extremae
822 1367 999 1427 partes
1032 1357 1296 1413 exsistant
1321 1356 1524 1426 solidae,
1553 1356 1751 1425 quibus
1782 1354 1992 1409 scilicet
2033 1355 2172 1410 ictus
2203 1358 2499 1427 excipiunt.
3486 1364 3507 1371 '

449 1445 564 1501 Hoc
592 1463 806 1516 quoque
833 1447 1164 1516 cognoscito,
1197 1448 1315 1517 ejus
1348 1447 1605 1501 aromatis
1630 1446 1773 1516 quod
1834 1461 1954 1500 mu-

2123 1448 2365 1501 Γίνωσκε
2397 1450 2452 1503 δὲ
2496 1444 2671 1515 τοῦτο,
2705 1452 2787 1505 ὅτι
2822 1452 3143 1521 γεννήτορες
3192 1450 3285 1505 τοῦ
3325 1450 3620 1520 ἁρὼματις

380 1555 536 1594 scum
558 1539 810 1602 dicimus,
830 1548 1077 1592 auctores
1099 1553 1217 1595 esse
1233 1553 1424 1593 cervos
1450 1538 1568 1593 illos
1590 1538 1681 1607 qui
1710 1547 1950 1591 montem

2086 1539 2255 1609 ,ὀσχου
2310 1542 2362 1593 of
2411 1542 2470 1594 ἐν
2509 1542 2666 1609 Ἰνδία
2699 1545 2988 1613 νεμόμενοι
3034 1543 3239 1612 ἔλαφοι.
3289 1542 3456 1598 Οὐδὲν
3512 1543 3619 1611 γὰρ

372 1628 549 1682 india:
574 1626 864 1697 quemdam
903 1627 1171 1682 incolunt.
1234 1628 1366 1681 Nam
1399 1627 1810 1683 celeberrimum
1844 1628 1949 1682 hoc

2086 1631 2235 1698 τερόν
2278 1632 2392 1685 ἐστι
2437 1633 2497 1687 τὸ
2523 1633 2960 1705 πολυθρύλλητον
2993 1636 3152 1688 τοῦτο
3182 1636 3380 1706 ἄρωμα
3407 1634 3439 1704 ἢ
3480 1630 3620 1702 αἷμα

381 1730 569 1770 aroma
603 1716 735 1769 nihil
769 1724 852 1771 est
887 1717 1034 1772 aliud
1066 1733 1227 1786 quam
1257 1732 1546 1772 cervorum
1580 1717 1820 1787 sanguis,
1856 1717 1949 1785 qui

2086 1720 2245 1787 λάφου
2269 1723 2766 1793 ἐσπαργανωμένον
2803 1728 2860 1777 ἐν
2887 1727 2963 1794 τῷ
2986 1726 3214 1797 ὀμφαλῷ
3236 1743 3249 1757 ·
3282 1729 3409 1795 περὶ
3434 1727 3623 1794 μέντοι

380 1809 447 1863 de
481 1808 738 1864 umbilico
792 1818 950 1878 rupto
977 1809 1253 1879 proﬂuxit.
1315 1808 1471 1864 Hunc
1501 1809 1575 1863 illi
1606 1810 1866 1864 extremis
1896 1810 1949 1862 in

2089 1812 2121 1863 ὰ
2164 1813 2290 1883 τέλη
2322 1813 2415 1866 τοῦ
2453 1814 2614 1887 ἔαρος
2655 1817 2903 1887 ῥίπτεται
2948 1817 3138 1890 ῶσπερ
3166 1836 3226 1871 ντι
3272 1819 3617 1887 περίττωμα.

379 1900 630 1970 partibus
645 1900 844 1954 montis
879 1901 1132 1970 rejiciunt
1157 1900 1308 1971 quasi
1336 1900 1605 1969 quoddam
1632 1915 1951 1955 excremen-

2086 1903 2264 1965 ἰῦῶδες
2304 1903 2457 1958 οὐδέν
2495 1923 2547 1958 τι
2604 1907 2773 1976 μέρος
2824 1908 2989 1961 αὑτοῦ
3028 1910 3455 1977 συλλεγόμενον
3508 1906 3622 1959 ἀλλ’

373 1998 521 2044 tum.
580 1987 826 2057 Cumque
846 1989 1150 2058 colligitur,
1208 1989 1352 2043 nulla
1388 2003 1511 2058 pars
1562 1987 1680 2057 ejus
1732 1986 1952 2042 odorem

2086 1995 2274 2048 πειδὰν
2305 1998 2481 2067 χρόνῳ
2514 1999 2783 2070 ταμιευθῇ
2818 2001 2911 2053 καὶ
2941 2003 3019 2063 είς
3046 2002 3239 2070 ἑτέραν
3270 1998 3502 2071 ἤπειρον
3532 2016 3625 2067 μεε-

385 2089 601 2149 gratum
647 2080 830 2133 habet.
893 2077 1090 2133 Verum
1130 2079 1220 2134 ubi
1273 2088 1396 2149 post
1447 2078 1707 2148 temporis
1735 2080 1955 2150 aliquod

2088 2087 2382 2156 ακομισθῆ,
2435 2089 2736 2157 τηνικαῦτα
2774 2092 2833 2145 τὸ
2887 2092 3085 2155 εὐῶδες
3141 2092 3358 2161 πνεῦμα
3406 2090 3625 2159 ἀφίησι.

382 2168 625 2238 spatium
672 2168 965 2238 inquiritur
1003 2178 1056 2223 et
1092 2170 1224 2224 alias
1264 2170 1329 2225 ad
1363 2180 1533 2241 terras
1568 2170 1804 2226 delatum
1852 2181 1953 2237 est,

2086 2178 2285 2244 λέγεται
2324 2178 2380 2232 δὲ
2421 2179 2500 2234 δτι
2530 2183 2562 2251 ἡ
2604 2182 2798 2251 ἔλαφος
2840 2183 3141 2253 θελγομένη
3171 2185 3287 2255 ἤχῳ
3321 2183 3503 2236 αὐλῶν
3536 2183 3628 2239 καὶ

376 2271 496 2315 tum
533 2260 731 2315 deinde
772 2260 1124 2330 fragrantiam
1167 2261 1312 2315 illam
1353 2262 1543 2331 spirat.
1606 2262 1775 2317 Aiunt
1818 2262 1946 2318 item

2086 2269 2341 2337 1901761101;
2368 2272 2455 2324 τὸν
2485 2274 2651 2340 ἐγγὺς
2678 2273 2900 2345 τοξότην
2932 2275 3028 2345 οὐχ
3058 2277 3280 2346 ὁρᾷκαὶ
3316 2274 3622 2338 τοξεύεται.

382 2364 620 2415 cervam,
656 2351 1072 2426 dum_tibiarum
1152 2367 1286 2407 sono
1315 2360 1371 2407 et
1417 2352 1757 2409 tintinabulis
1802 2346 1951 2409 dele-

2086 2362 2217 2415 li’mo
2251 2365 2342 2416 καὶ
2371 2366 2532 2434 ἡμεῖς
2568 2366 2671 2419 ὑπὸ
2704 2367 2813 2419 τῶν
2850 2366 2941 2419 τοῦ
2971 2369 3176 2436 κόσμου
3207 2367 3456 2436 τερπνῶν
3492 2382 3627 2416 κατ-

387 2451 589 2505 ctatur,
673 2450 941 2497 astantem
998 2458 1170 2512 prope
1219 2444 1556 2515 sagittarium
1581 2460 1688 2499 non
1736 2460 1961 2503 cernere

2086 2454 2379 2523 ιυλούμενοι
2445 2456 2681 2525 οὐδαμοῦ
2728 2456 3047 2527 συνορῶμεν
3079 2456 3168 2509 τὸν
3208 2455 3330 2510 καθ’
3358 2457 3508 2527 ἡμᾶς
3536 2454 3627 2506 ἀο-

389 2532 713 2603 sagittisque
744 2533 966 2603 conﬁgi.
1002 2532 1094 2589 Sic
1130 2549 1231 2591 nos
1259 2550 1496 2605 quoque,
1545 2536 1673 2591 dum
1712 2538 1961 2608 volupta-

2086 2546 2245 2608 ιάτοις
2304 2545 2479 2614 βέλεσι
2540 2545 2840 2617 χρώμενον.
2902 2547 3061 2600 Ἀλλὰ
3104 2548 3197 2600 καὶ
3246 2546 3483 2615 συνεχῶς
3543 2543 3634 2596 ἐπὶ

389 2623 537 2678 tibus
565 2625 727 2693 hujus
759 2625 948 2679 mundi
982 2626 1136 2695 quasi
1172 2626 1407 2681 modulis
1433 2625 1763 2696 quibusdam
1796 2627 1959 2683 tibia-

2092 2636 2241 2706 ρόμτρ
2272 2636 2373 2706 τὴν
2408 2636 2606 2705 ἔλαφον
2643 2636 2713 2691 τὰ
2733 2638 2903 2690 τέκνα
2928 2636 3226 2707 γυμνάζειν
3255 2635 3423 2705 αὐτῆς
3447 2635 3607 2699 λέγου

387 2719 509 2769 rum
539 2710 899 2777 oblectamur,
932 2711 1588 2768 adversarium’nostrum
1621 2715 1785 2784 plane
1822 2732 1956 2773 nus-

2086 2742 2131 2777 ἰ.
2170 2724 2339 2779 Τοῦτο
2368 2727 2425 2780 δὲ
2457 2727 2775 2798 ᾠκονόμησε
2811 2730 3027 2792 πάντως
3065 2730 3091 2781 ὁ
3114 2727 3243 2791 Θεὸς
3271 2728 3395 2788 τοὺς
3418 2727 3625 2797 νωθρο-

384 2815 549 2867 quam
583 2802 881 2868 cernimus,
957 2804 1432 2873 inaspectabilibus
1468 2813 1658 2859 contra
1701 2822 1801 2863 nos
1838 2809 1956 2865 telis

2087 2816 2243 2886 έρους
2279 2821 2564 2889 ἐντρέπειν
2593 2824 2793 2888 γονεῖς.
3286 2830 3289 2833 ’

312 2922 315 2925 η
385 2898 653 2947 utentem.
715 2893 983 2949 Praeterea
1020 2895 1247 2950 tradunt
1290 2911 1507 2951 cervam
1557 2897 1779 2952 assiduo
1815 2896 1960 2958 fetus
1996 2918 2127 2963 suos
2192 2924 2354 2964 cursu
2382 2926 2662 2967 exercere.
2722 2912 2903 2968 V'dluit
2950 2914 3073 2983 _boc
3139 2912 3363 2968 omnino
3395 2911 3473 2967 sic
3505 2907 3636 2981 ﬁeri

387 2987 553 3053 Deus,
584 2997 645 3043 ut
668 2989 990 3059 parentibus
1022 2990 1231 3062 ignavis
1260 2992 1525 3060 pudorem
1564 2992 1854 3049 incuteret.

459 3080 560 3135 llic
618 3096 836 3152 quoque
885 3080 977 3136 Dei
1022 3082 1423 3153 providentiam
1470 3096 1768 3152 curamque
1820 3083 1955 3138 mihi

384 3170 763 3227 considerato.
819 3171 957 3227 Cum
984 3172 1184 3227 animal
1218 3172 1324 3227 hoc
1353 3172 1601 3228 timidum
1637 3174 1709 3228 sit
1738 3189 1802 3229 ac
1830 3190 1958 3245 pro-

2142 3087 2285 3142 Ἀλλ’
2342 3090 2444 3161 δρα
2488 3092 2767 3152 κάνταῦθα
2818 3079 3146 3165 κηδεμονίαν
3194 3097 3352 3153 Θεοῦ.
3409 3085 3636 3159 Ἐπειδὴ

2060 3180 2169 3252 γὰρ
2202 3184 2352 3236 τουτὶ
2400 3184 2461 3236 τὸ
2491 3184 2648 3250 ζῶον,
2679 3187 2712 3257 ἠ
2743 3186 2935 3256 ἔλαφος
2989 3189 3253 3259 δηλονότι,
3278 3192 3451 3245 δειλόν
3486 3197 3626 3258 ἐστι,

402 3270 593 3330 pterea
626 3276 904 3331 nunquam
952 3272 1061 3316 non
1104 3268 1294 3315 utatur
1343 3275 1532 3329 cursu,
1572 3262 1734 3317 talem
1782 3279 1959 3320 cervae

2086 3250 2163 3326 cal
2195 3275 2284 3329 διὰ
2316 3277 2474 3329 τοῦτο
2505 3250 2711 3346 φυγαῖς.
2729 3280 2814 3331 ἀεί
2851 3250 2984 3332 ποτε
3014 3250 3297 3352 κέχρηται,
3362 3250 3637 3354 προκατεγ-

382 3361 726 3408 structuram
794 3353 938 3407 Deus
1001 3352 1205 3417 eﬂ'ecit,
1243 3361 1304 3405 ut
1354 3353 1497 3408 fetus
1539 3367 1669 3409 suos
1710 3355 1765 3409 in
1811 3363 1967 3409 utero

386 3443 529 3496 citra
582 3442 883 3510 periculum
926 3441 1094 3494 ullum
1143 3451 1320 3511 gestet
1366 3457 1431 3497 ac
1483 3444 1738 3499 retineat.
1815 3445 1969 3501 Patet

388 3531 500 3586 hoc
526 3531 595 3586 de
627 3531 732 3585 illis
760 3532 925 3587 etiam
959 3547 1079 3600 qua:
1104 3531 1227 3587 Jobi
1255 3532 1379 3587 libri
1408 3533 1784 3590 continentur.
1830 3536 1966 3592 Nam

387 3620 465 3675 ad
493 3620 669 3675 virum
705 3620 857 3675 illum
901 3621 1145 3689 beatum,
1197 3638 1320 3678 eum
1366 3624 1673 3695 disceptare
1702 3642 1826 3682 cum
1858 3626 1969 3684 Deo

386 3711 583 3777 «vellet,
616 3711 760 3766 inter
794 3711 898 3765 alia
928 3711 1076 3767 Deus
1107 3712 1213 3767 hoc
1254 3728 1469 3785 quoque
1513 3716 1755 3785 profert:
1818 3716 1966 3773 «Tun

378 3801 699 3858 .obsernsti
745 3813 937 3872 partus
982 3817 1290 3872 cervarum,
1331 3820 1620 3861 mensesve
1669 3809 1967 3865 numerasti

378 3892 597 3961 .quibus
629 3900 845 3948 uterum
876 3890 1058 3949 ferunt
1076 3892 1193 3948 “‘h
1240 3894 1373 3951 lira
1402 3906 1550 3952 certe
1595 3913 1684 3953 res
1722 3909 1829 3964 est,
1877 3900 1969 3971 qui

386 3981 494 4035 .tiat
545 3990 610 4036 ut
653 3997 816 4037 cerva
869 3981 1089 4054 fugiens
1148 3998 1214 4039 ac
1262 3994 1548 4056 tantopere
1600 3988 1803 4044 saliens
1859 4005 1968 4047 non

378 4070 654 4128 Jbortiat.

468 4184 583 4239 Hoc
617 4185 783 4239 etiam
817 4194 1011 4253 praeter
1038 4186 1144 4257 iam
1174 4186 1411 4243 indicata
1442 4187 1509 4244 de
1541 4203 1706 4246 cervo
1731 4206 1973 4248 comme-

384 4284 663 4341 snoratur,
693 4279 842 4345 quod
872 4276 1087 4332 narium
1123 4277 1316 4347 spiritu
1346 4289 1636 4349 serpentes
1678 4296 1709 4338 e
1741 4284 1972 4341 latebris

386 4366 517 4423 suis
540 4368 794 4422 extrahat
819 4378 985 4438 atque
1033 4370 1277 4425 devoret.
1337 4371 1547 4426 Veneni
1589 4385 1771 4429 autem
1819 4384 1971 4431 metu

384 4461 612 4516 cancris
662 4460 922 4529 vescitur,
980 4476 1153 4533 eaque
1197 4463 1408 4520 ratione
1450 4465 1764 4523 detrimenti
1826 4470 1967 4524 nihil

394 4551 625 4619 accipit.

474 4643 637 4697 Fiber
664 4658 785 4697 cum
822 4659 850 4697 a
884 4645 1239 4701 venatoribus
1271 4656 1498 4717 urgetur
1524 4652 1979 4719 persequentibus

395 4735 583 4803 ipsum
623 4734 939 4804 genitalium
994 4737 1364 4792 membrorum
1415 4753 1603 4804 causa,
1636 4755 1824 4809 .seque
1868 4758 1976 4796 non

392 4838 698 4878 evasurum
728 4826 1155 4893 animadvertit,
1201 4829 1450 4896 przecidit
1496 4843 1560 4883 ea
1584 4868 1599 4894 ,
1625 4832 1978 4901 venatorique

401 4916 621 4985 objicit.
665 4915 871 4981 Quodsi
912 4917 1213 4971 secundum
1244 4918 1349 4972 hoc
1377 4920 1519 4973 alius
1552 4921 1772 4989 quidam
1806 4938 1975 4976 vena-

399 5016 492 5061 ter
531 5007 1199 5076 eumdempersequatur,
1234 5008 1488 5077 supinum
1520 5021 1695 5065 semet
1741 5011 1970 5081 abjicit;

398 5100 475 5151 de
507 5113 614 5165 quo
636 5106 863 5151 venator
888 5098 1273 5152 animadverso
1299 5102 1622 5156 necessariis
1648 5118 1772 5157 eum
1802 5114 1977 5157 meme

404 5188 522 5245 bris
550 5187 797 5249 deStitui,
833 5190 1060 5243 missum
1097 5187 1251 5243 facit.

472 5278 590 5351 r58
616 5277 795 5343 Quieti
828 5288 883 5333 el
912 5279 1017 5341 hoc
1044 5281 1204 5347 solet,
1256 5282 1607 5350 quamobrem
1644 5284 1699 5337 in
1732 5284 1969 5353 quadru-

394 5369 638 5439 pedibus
671 5384 738 5424 ac
790 5369 1018 5438 reliquis
1051 5370 1381 5427 animalibus
1416 5372 1735 5442 simpliciter
1771 5390 1834 5429 ac
1860 5374 1977 5444 ple-

396 5473 639 5528 tumque
694 5457 839 5513 fetus
899 5469 1192 5529 parentum
1256 5460 1669 5519 similitudinem
1737 5465 1979 5518 referant

394 5551 581 5621 imagis
634 5566 797 5620 quam
830 5552 886 5605 in
919 5553 1277 5607 hominibus?
1333 5554 1601 5619 Quoniam
1636 5555 1799 5610 homo
1828 5557 1979 5610 varie

364 5645 691 5697 consuevit
732 5641 958 5699 allectus
989 5658 1113 5698 esse
1163 5644 1370 5710 animo,
1402 5645 1561 5701 etiam
1591 5648 1708 5714 ipso
1730 5660 1981 5701 venerea:

472 5807 518 5839 “
549 5806 665 5882 Job.
691 5824 876 5871 χχιιι,
914 5810 965 5863 1.

2070 3366 2344 3420 σκεύασεν
2375 3369 2543 3439 αὐτὴν
2572 3368 2747 3433 ὀΘεὸς
2773 3369 2913 3423 ὥστε
2950 3375 3348 3444 παρακαιέχειν
3371 3377 3634 3445 ἀσφαλῶς

2069 3457 2127 3508 ἔν
2178 3457 2246 3526 τῇ
2294 3457 2478 3529 μήτρᾳ
2526 3458 2593 3511 τὰ
2645 3458 2842 3526 ἔγγονα
2875 3460 3065 3531 αὐτῆς.
3102 3465 3211 3516 Καὶ
3246 3464 3403 3533 δῆλον
3435 3466 3497 3517 ἐν
3531 3468 3638 3527 τοῖς

2069 3546 2176 3600 τῶν
2208 3548 2612 3617 περιεχομένων
2635 3547 2711 3619 τῷ
2746 3548 2869 3603 Ἰὼϐ
2898 3552 2977 3621 τῷ
3024 3555 3278 3624 μακαρίῳ
3317 3557 3516 3627 ἐκείνῳ
3546 3560 3636 3610 ἀνα

2068 3640 2177 3711 δρί.
2231 3642 2547 3713 Τηνικαῦτα
2595 3645 2848 3715 κριθῆναι
2904 3649 3041 3716 μετὰ
3092 3648 3226 3701 Θεοῦ
3281 3650 3490 3718 ἐζήτει,
3552 3655 3643 3705 καὶ

2070 3733 2193 3786 τάδε
2226 3734 2359 3801 πρὸς
2391 3736 2500 3799 τοῖς
2545 3735 2724 3801 ἄλλοις
2764 3738 2949 3807 ἔλεγεν
2984 3740 3012 3792 ὁ
3058 3740 3223 3804 Θεόςο
3261 3760 3279 3793 ι
3333 3737 3641 3812 Ἐφύλαξας

2071 3825 2267 3888 ὠδῖνας
2306 3825 2541 3896 ἐλάφων,
2569 3829 2880 3900 ἠρίθμησας
2908 3830 2962 3884 δὲ
2988 3830 3163 3900 μῆνας
3188 3832 3367 3885 αὐτῶν
3407 3835 3643 3903 πλήρεις

2071 3913 2327 3979 τοκετοῦ;
2366 3934 2384 3967 ι
2420 3915 2613 3986 Θειῦμα
2651 3919 2742 3970 καὶ
2780 3920 2887 3988 γὰρ
2919 3920 3089 3989 πῶςη
3136 3919 3331 3990 ἔλαφος
3360 3920 3643 3991 φεύγουσα

2072 4009 2168 4064 καὶ
2188 4007 2280 4059 ἐπὶ
2299 4008 2556 4063 τοσοῦτον
2590 4008 2814 4079 πηδῶσα
2847 4011 2945 4064 οὐκ
2980 4010 3315 4081 ἀμσλώσκει.

2142 4186 2284 4255 Πρός
2328 4201 2392 4253 γε
2436 4188 2548 4250 τοῖς
2596 4188 2910 4258 εἰρημένοις
2946 4188 3040 4242 καὶ
3080 4189 3236 4243 τοῦτο
3280 4190 3408 4261 περὶ
3439 4192 3643 4261 ἐλάφου

2072 4276 2342 4344 λέγουσιν,
2389 4279 2481 4330 ’ὅτι
2536 4279 2647 4331 τῶν
2675 4280 2841 4349 ῥινῶν
2882 4281 3152 4350 πνεύματι
3199 4284 3463 4352 ἀναφέρει
3523 4288 3649 4349 τοὺς

2072 4368 2225 4437 δφεις
2269 4369 2376 4422 ἀπὸ
2406 4369 2502 4422 τοῦ
2542 4370 2749 4436 φωλεοῦ
2790 4373 2881 4425 καὶ
2938 4374 3235 4439 κατεσθίει,
3272 4375 3349 4445 τῷ
3389 4377 3546 4447 φόϐῳ
3593 4379 3647 4430 δέ

2074 4461 2164 4514 τοῦ
2194 4462 2275 4515 lat“:
2309 4462 2599 4533 καρκίνους
2640 4463 2808 4516 ἐσθίει
2838 4466 2933 4517 καὶ
2962 4464 3023 4518 οὐ
3055 4466 3371 4535 βλάπτεται.

2158 4640 2218 4693 '0
2246 4640 2305 4693 δέ
2357 4657 2421 4708 γε
2450 4643 2671 4711 κάστωρ
2702 4644 2833 4697 ὅταν
2877 4643 2983 4696 ὑπὸ
3030 4644 3346 4713 κυνηγετῶν
3374 4645 3648 4717 διώκηται

2073 4730 2162 4783 διὰ
2189 4731 2258 4783 τὰ
2299 4733 2591 4799 γεννητικὰ
2623 4732 2788 4785 αὑτοῦ
2829 4734 3015 4802 μόρια,
3070 4734 3165 4786 καὶ
3193 4732 3306 4803 γνῷ
3338 4735 3419 4786 ὅτι
3477 4753 3651 4787 κατα-

2073 4820 2431 4888 λαμϐάνεται,
2462 4822 2654 4874 κόπτει
2699 4822 2870 4875 ταῦτα
2908 4825 3001 4876 καὶ
3037 4825 3219 4891 ῥίπτει
3264 4823 3342 4890 τῷ
3394 4824 3643 4894 κυνηγῷ.

2075 4911 2139 4963 Ei
2167 4910 2221 4961 δὲ
2253 4910 2347 4961 καὶ
2384 4910 2523 4978 μετὰ
2570 4911 2747 4965 ταῦτα
2797 4912 2929 4981 παρ’
2964 4913 3153 4979 ἐτέρου
3193 4912 3449 4965 διώκεται
3478 4932 3650 4983 κυνη-

2075 5000 2198 5067 γοῦ,
2235 5000 2419 5070 ῥίπτει
2468 5003 2661 5054 ἑαυτὸν
2692 5001 2917 5054 ὕπτιον·
2968 5004 3062 5055 καὶ
3094 5004 3291 5071 νοήσας
3321 5004 3579 5057 ἐντεῦθεν
3618 5007 3644 5057 ὁ

2076 5091 2310 5159 κυνηγὸς
2338 5092 2421 5143 ὅτι
2463 5094 2740 5159 ἀναγκαῖα
2790 5093 2892 5144 οὐκ
2934 5093 3071 5161 ἔχει,
3111 5095 3387 5162 ἀναχωρεί
3418 5094 3520 5146 ἀπ’
3550 5098 3646 5148 αὺ-

2073 5181 2193 5236 τοῦ.

2150 5275 2271 5326 Ἔτι
2299 5274 2356 5327 δὲ
2387 5275 2480 5328 καὶ
2525 5274 2682 5328 τοῦτο
2719 5274 2925 5343 ζητεῖς,
2960 5276 3238 5345 ἀγαπητέ,
3266 5278 3412 5336 τίνος
3454 5278 3648 5330 ἔνεκεν

2074 5368 2167 5420 ἐπὶ
2204 5367 2311 5420 τῶν
2354 5367 2700 5436 τετραπόδων
2744 5368 2840 5420 καὶ
2878 5368 2984 5419 τῶν
3012 5368 3216 5420 λοιπῶν
3263 5368 3421 5431 ζώων
3457 5370 3650 5433 ἁπλῶς
3704 5404 3707 5411 ι

2028 5460 2142 5512 aa
2174 5460 2370 5527 ἔγγονα
2400 5460 2511 5520 τοῖς
2545 5457 2794 5525 γονεῦσιν
2826 5460 3123 5528 ὁμοιότητα
3149 5460 3432 5527 φέρουσιν,
3468 5460 3567 5513 ἐπὶ
3596 5461 3652 5511 δὲ

2074 5552 2184 5605 τῶν
2211 5550 2516 5620 ἀνθρώπων
2552 5549 2612 5601 οὗ
2660 5548 2953 5613 τοσοῦτον;
2981 5550 3123 5602 Διότι
3157 5550 3185 5601 ὁ
3217 5550 3317 5618 μὲν
3360 5550 3653 5620 ἅνθρωπος

2078 5641 2360 5715 πολλαχῶς
2386 5638 2683 5695 διατίθεται
2707 5640 2804 5711 τὴν
2828 5640 3003 5711 ψυχὴν
3031 5641 3255 5719 ἐναὺτῷ
3281 5640 3359 5715 τῷ
3396 5641 3498 5710 τῆς
3530 5656 3653 5693 συν⁶
