3862 6228
202 415 295 481 125

1466 428 1871 492 ANNALIUM
1914 429 2104 491 PARS
2124 423 2194 492 Ἰ.

3331 436 3431 501 1:26

191 538 382 607 αφείας
439 542 621 614 καιρῷ
640 560 653 575 ·
687 544 867 609 καθὼς
888 546 980 601 οὖν
1008 550 1036 601 ὅ
1084 564 1145 600 τε
1175 546 1357 619 πατὴρ
1398 547 1494 601 καὶ
1521 549 1563 620 η·
1587 548 1767 620 μήτηρ

1873 546 2285 601 consuetudinis
2304 551 2566 617 tempore.
2590 546 2756 619 Igitur
2777 554 2937 616 prout
2965 554 3075 603 tam
3101 555 3253 620 pater
3278 566 3439 622 quam

192 631 537 698 διατεθῶσιν,
569 636 713 690 οὓτω
739 637 1075 692 ποικίλλεται
1110 642 1205 693 καὶ⁵
1234 640 1302 693 τά
1341 640 1657 708 τικτόμενα.
1689 640 1771 693 Τά

190 720 244 775 δὲ
273 722 443 779 λοιπὰ
480 724 597 789 ζῶα
635 728 824 781 καθότι
854 728 1005 783 οὐδὲν
1035 730 1223 802 ἕτερον
1261 731 1768 785 διανοοῦνταικατά

190 833 247 884 γε
275 816 369 869 τὸν
398 819 511 887 τῆς
540 819 835 888 συναφείας
869 821 1084 891 καιρὸν,
1119 822 1258 876 κατὰ
1281 820 1438 875 τοῦτο
1463 823 1558 876 καὶ
1586 821 1655 875 τὰ
1683 821 1773 889 ἔγ-

193 926 316 975 γονα
349 913 708 965 παντάπασιν
746 914 909 983 ὃμοια
955 915 1252 968 τίκτουσιν.
1299 917 1391 986 Μή
1426 913 1671 985 θαύμαζε
1714 915 1771 969 δὲ

192 999 301 1065 εἴγε
336 1002 499 1071 παρὰ
539 1003 650 1064 τοῖς
701 1002 1012 1074 ἀνθρώποις
1046 1006 1228 1070 αὐτοῖς
1269 1007 1555 1076 ὁμοιώσεις
1586 1022 1645 1059 τε
1676 1004 1771 1057 καὶ

168 1088 557 1159 Δάνομιιιιῖισεις
593 1093 730 1163 πρὸς
777 1095 903 1158 τοὺς
960 1097 1296 1169 γεννήτορας
1339 1097 1408 1151 τά
1472 1098 1771 1166 τικτόμενα

194 1180 484 1250 φέρουσιν.
521 1181 645 1237 υἷον
685 1184 785 1255 μὲν
818 1186 928 1258 γάρ
962 1187 1073 1241 τῶν
1109 1188 1438 1259 σπερμάτων
1463 1190 1520 1241 ἐν
1542 1190 1608 1260 τῇ
1643 1190 1771 1243 ἀνα·-

190 1270 389 1341 φΰρσει
426 1275 525 1326 καὶ
553 1274 801 1345 ἀναμίξει
846 1277 1308 1350 ὲπικρατὲστερον
1338 1280 1587 1349 γένηται,
1629 1280 1771 1349 πρὸς

191 1364 367 1417 ἐκεῖνο
406 1367 507 1418 καὶ
541 1366 601 1418 τὸ
646 1366 738 1419 τοῦ
796 1367 1169 1440 πλαττομένου
1215 1369 1355 1435 εἶδος
1393 1372 1545 1442 φέρει
1591 1370 1691 1440 τὴν
1718 1373 1771 1423 ὁ-

195 1456 489 1526 μοιότητα.
525 1458 586 1511 Et
613 1459 667 1512 δὲ
694 1458 763 1513 τά
796 1461 1088 1531 σπέρματα
1119 1462 1492 1533 συγκραθέντα
1534 1462 1624 1515 ἐπ’
1648 1462 1769 1533 ἴσης

193 1547 299 1615 ἔχει
332 1550 481 1617 πρδς
515 1549 743 1621 ἄλληλα.
783 1552 902 1606 τότε
931 1553 991 1605 τδ
1020 1555 1313 1623 γενόμενον
1342 1554 1464 1625 ίσην
1492 1554 1607 1625 ἔχει
1632 1554 1770 1623 πρός

190 1655 243 1691 τε
275 1640 335 1691 τὸ
396 1640 535 1708 θῆλυ
575 1644 668 1697 καὶ
712 1644 771 1697 τὸ
805 1644 972 1715 ἆρῤεν
1026 1646 1126 1716 τήν
1158 1646 1474 1716 ὁμοιότητα,
1519 1647 1769 1699 τουτέστι

189 1733 689 1804 πατρομτ,τρόμοια
708 1734 776 1787 τὰ
794 1736 1111 1805 γεννώμενα
1137 1741 1403 1791 τίκτεται.
1427 1737 1696 1800 Πολλάκις
1712 1737 1768 1790 δὲ

188 1823 398 1893 καὶτῆς
425 1826 685 1891 γυναικὸς
708 1828 1009 1894 φαντασίαν
1033 1828 1090 1881 ὲν
1108 1830 1224 1892 ταῖς
1245 1828 1480 1898 ὁμιλίαις
1497 1828 1769 1899 λαϐούσης

188 1910 339 1964 τοῦδε
375 1912 411 1983 ἦ
463 1913 625 1982 τῆσδε
665 1916 799 1985 πρὸς
836 1917 895 1969 τὸ
942 1915 1248 1985 φαντασθὲν
1302 1915 1662 1981 ἀπεικάζεται
1709 1916 1768 1968 τὸ

190 2005 504 2074 γινόμενον.
530 2004 597 2060 '0
630 2006 693 2076 δὴ
737 2008 830 2059 καὶ
877 2008 1115 2077 άρῤητόν
1157 2026 1280 2061 τινα
1316 2009 1410 2062 καί⁸
1454 2008 1770 2085 θαυμαστὸν

189 2091 298 2161 ῐχει
362 2093 465 2146 τὸν
521 2094 698 2163 λόγον.
730 2096 842 2149 Καὶ
880 2098 1042 2151 ἄκουε
1098 2096 1150 2149 τί
1186 2114 1321 2166 φησι
1381 2097 1768 2167 Διοσκουρίδης

193 2183 317 2253 περί
348 2198 504 2248 τινος
533 2185 895 2255 Στρατονίκου
927 2186 1025 2254 τῆς
1061 2188 1310 2251 Σικελίας
1359 2186 1605 2259 ἀρχηγοῦ
1637 2205 1771 2259 χρη-

193 2275 540 2345 ματίσαντος.
584 2277 821 2341 Ἐκεῖνος
843 2277 949 2347 γάρ
990 2278 1084 2333 καὶ
1112 2280 1144 2349 ή
1172 2278 1338 2339 αὐτοῦ
1371 2279 1604 2348 σύζυγος
1630 2280 1766 2333 δυσ-

191 2367 345 2431 ειδεϊς
402 2368 508 2433 μὲν
560 2368 740 2432 ὄντες,
822 2368 1108 2440 ἐφιέμενοι
1142 2370 1199 2425 δὲ
1258 2371 1490 2425 παιδίων
1546 2371 1768 2425 εὐειδῶν

197 2457 537 2525 χρηματέσαι
582 2454 928 2529 γεννήτορες,
975 2461 1216 2514 τοιοῦτόν
1270 2479 1323 2515 τι
1377 2462 1764 2533 ἐμηχανῶντο·

209 2541 430 2616 Ἕὼρων
453 2548 519 2599 τὰ
553 2546 764 2615 εἴδωλα,
795 2549 964 2620 ήγουν
1004 2551 1144 2605 αὐτὰ
1180 2552 1249 2606 τά
1301 2553 1620 2622 ἀγάλματα,
1674 2554 1769 2608 καὶ

199 2633 337 2687 οὕτω
378 2634 733 2705 μιγνυμένων
772 2638 952 2692 αὐτῶν
989 2639 1122 2707 πρὸς
1164 2640 1264 2711 τήν
1296 2641 1403 2695 τῶν
1436 2643 1768 2713 ἀγαλμάτων

197 2725 458 2794 ὁμοίωσιν
511 2725 572 2778 τὺ
605 2726 805 2797 βρέφος
857 2731 1042 2794 αὐτοῖς
1091 2731 1459 2788 διεπλάττετο.
1513 2732 1682 2787 Τοῦτο
1713 2733 1769 2787 δὲ

196 2816 288 2868 καὶ
318 2816 417 2869 ἐπὶ
452 2817 631 2870 κυνῶν
676 2820 825 2871 ἐστιν
871 2820 998 2872 ίδείν
1024 2838 1041 2856 ο
1071 2820 1173 2890 τῆς
1224 2824 1334 2893 γὰρ
1375 2824 1559 2892 ὀχείας
1586 2823 1768 2887 αὐτοῖς

196 2909 492 2978 γινομένης
519 2910 656 2978 πρὸς
680 2910 709 2963 δ
736 2910 864 2974 τοὺς
888 2906 1045 2975 ὦπας
1069 2912 1347 2982 ἀπερείσει
1375 2916 1435 2969 τὸ
1456 2914 1609 2986 θῆλυ,
1631 2917 1769 2985 πρδς

195 3002 369 3053 ὲκεῖνο
397 3002 493 3053 καὶ
515 3002 550 3072 ή
577 3003 835 3077 ὁμοίωσις
865 3002 1096 3071 γίνεται.
1136 2995 1297 3059 Ἀλλά
1329 3006 1440 3078 γὰρ
1469 3007 1559 3062 τὸν
1590 3010 1768 3078 σοφὼδ

196 3107 357 3144 τατον
388 3092 632 3164 Γαληνδν
661 3094 991 3166 εὑρίσκομεν
1013 3096 1093 3167 τῷ
1126 3098 1406 3169 κεφαλαίῳ
1449 3100 1587 3170 τῷδε
1616 3118 1769 3155 συνο-

1799 1879 1843 1938 Β

1873 645 2047 691 mater
2104 636 2285 692 atl‘ccti
2335 638 2563 702 fuerint,
2610 638 2769 693 etiam
2803 652 2921 708 qua:
2949 639 3244 711 gignuntur
3292 647 3441 699 varia

1872 736 2001 784 Sunt
2031 744 2094 784 ac
2135 730 2371 783 diversa.
2428 729 2639 785 Caetera
2686 745 2819 785 vero
2865 730 3126 787 animalia
3171 738 3441 804 quatenus

1873 827 2124 890 tempore
2186 820 2446 875 cuitionis
2496 816 2640 875 aliud
2700 819 2837 874 nihil
2889 823 3151 893 cogitant,
3211 826 3440 882 eatenus

1871 909 2035 963 etiam
2070 907 2216 963 fetus
2248 910 2471 979 omnino
2499 910 2599 965 sibi
2632 910 2949 966 consimiles
2973 924 3286 982 procreant.
3345 916 3441 972 Est

1871 1008 1928 1054 et
1958 999 2060 1053 alia
2088 1014 2275 1065 causa,
2306 999 2659 1067 quamobrem
2714 999 2913 1053 mirum
2966 1001 3061 1055 tibi
3104 1003 3277 1057 videri
3326 1010 3438 1058 non

1872 1090 2065 1145 debeat
2106 1090 2387 1144 hominum
2442 1089 2687 1162 sobolem
2749 1093 2945 1161 partim
2996 1091 3200 1148 referre
3236 1096 3438 1165 partim

1872 1198 1977 1237 non
2036 1181 2242 1237 referre
2293 1191 2580 1252 parentum
2620 1182 3065 1237 similitudinem.
3120 1183 3255 1237 Nam
3318 1198 3439 1253 qua}

1872 1288 1999 1343 pars
2027 1274 2249 1329 seminis
2274 1274 2329 1327 in
2361 1274 2744 1328 commistione
2774 1273 2831 1327 fit
2864 1273 3151 1338 eﬁicacior,
3192 1275 3267 1330 ‘ad
3318 1280 3438 1331 eam

1870 1364 2044 1420 forma
2080 1379 2298 1435 quoque
2349 1364 2496 1418 illius
2528 1365 2669 1434 quod
2710 1365 2930 1432 fingitur
2961 1364 3258 1421 adsimilari
3280 1367 3439 1424 solet.

1871 1454 2074 1522 Quodsi
2141 1456 2345 1509 semina
2406 1464 2708 1525 temperata
2772 1456 3048 1526 mistaque
3124 1470 3308 1527 parem
3382 1459 3437 1512 in

1871 1558 2164 1613 utramque
2198 1557 2405 1615 partem
2439 1546 2548 1600 vim
2603 1546 2862 1613 habeant,
2907 1556 3018 1602 tum
3061 1547 3112 1603 id
3142 1550 3283 1618 quod
3317 1564 3443 1619 pro-

1871 1647 2089 1693 creatur
2117 1648 2183 1690 ex
2212 1652 2367 1706 aequo
2400 1646 2506 1690 tam
2541 1635 2706 1689 maris
2737 1651 2898 1704 quam
2939 1636 3156 1690 feminae
3187 1638 3440 1691 similitu-

1871 1729 2053 1783 dinem
2075 1726 2259 1789 refert,
2283 1728 2386 1781 hoc
2399 1737 2500 1791 est,
2524 1727 2760 1797 gignitur
2773 1727 2992 1782 soboles
3013 1727 3153 1796 patri
3171 1729 3440 1796 matrique

1871 1821 2072 1892 pariter
2113 1819 2326 1874 similis.
2394 1818 2785 1887 Saepenumero
2832 1818 2879 1872 si
2928 1819 3039 1873 sola
3092 1817 3294 1873 femina
3347 1817 3431 1872 vel

1874 1904 2039 1980 hujus
2082 1910 2168 1963 vel
2220 1909 2364 1963 illius
2416 1908 2861 1979 imaginationem
2912 1906 2966 1960 in
3020 1917 3142 1962 actu
3201 1918 3441 1962 venerea

1871 2001 2181 2072 concipiat,
2227 1998 2446 2054 soboles
2496 1998 2545 2053 ei
2603 1999 2662 2051 fit
2710 1998 2903 2053 similis
2940 1997 3098 2066 cujus
3150 1997 3437 2067 imaginem

1869 2093 2012 2163 apud
2046 2093 2291 2147 animum
2330 2091 2680 2145 informabat.
2730 2089 2860 2155 Quae
2889 2104 2973 2149 res
3002 2086 3439 2158 inexplicabilem

1870 2184 2158 2256 quamdam
2193 2183 2505 2252 miramque
2554 2181 2823 2236 rationem
2878 2180 3059 2237 habet.
3118 2180 3256 2234 Audi
3307 2174 3440 2250 quid

1868 2277 2218 2335 Dioscorides
2269 2277 2336 2332 de
2386 2276 2622 2346 quodam
2668 2256 2983 2332 Stratonico
3040 2274 3240 2331 Siciliae
3297 2277 3442 2331 duce

1871 2368 2068 2424 tradat.
2120 2367 2172 2422 Is
2201 2370 2323 2421 eum
2357 2367 2623 2422 deformis
2658 2380 2806 2422 esset
2849 2367 3144 2437 itidemque
3187 2367 3445 2437 uxoriip-

1870 2463 2005 2526 sius,
2040 2476 2101 2515 ac
2133 2460 2491 2515 nihilominus
2519 2460 2741 2532 gignere
2792 2460 2998 2515 liberos
3044 2460 3313 2515 formosos
3347 2473 3446 2513 cu-

1868 2560 2081 2622 perent,
2103 2549 2417 2621 huiusmodi
2451 2549 2704 2619 quiddam
2756 2550 3138 2606 moliebantur.
3160 2550 3441 2619 Inspecta‘

1871 2639 2003 2695 bant
2036 2641 2304 2711 imagines
2337 2648 2393 2695 et
2426 2640 2573 2710 picta
2610 2638 2925 2705 simulacra,
2958 2653 3193 2708 cumque
3239 2637 3437 2692 deinde

1869 2732 2059 2789 liberis
2094 2746 2313 2802 operam
2346 2730 2652 2794 dedissent,
2692 2729 2870 2783 infans
2899 2729 2968 2784 ad
3014 2729 3308 2800 imaginum
3359 2729 3438 2783 si-

1869 2826 2233 2881 militudinem
2270 2824 2646 2878 conformatus
2682 2821 2803 2876 fuit.
2848 2820 2961 2875 Hoc
2989 2831 3043 2875 et
3074 2821 3334 2875 canicula:
3360 2820 3442 2874 vi-

1870 2915 2000 2969 dere
2024 2924 2106 2969 est
2134 2914 2463 2967 usuvenire:
2511 2924 2635 2967 cum
2678 2912 2823 2965 enim
2865 2919 3068 2966 coeunt
3105 2924 3289 2974 canes,
3326 2918 3441 2963 tum

1869 3006 2014 3074 quod
2048 3003 2242 3058 deﬁxis
2275 3003 2447 3057 oculis
2481 3002 2735 3057 canicula
2777 3011 3091 3065 contuetur,
3125 3002 3244 3069 ejus
3288 3001 3443 3055 Simi-

1868 3095 2157 3150 litudinem
2200 3092 2342 3149 fetus
2376 3092 2561 3146 refert.
2610 3091 2899 3145 Consentit
2928 3090 3031 3144 hac
3073 3090 3127 3143 in
3153 3098 3307 3159 parte
3335 3105 3439 3143 no-

203 3184 559 3253 μολογοῦντα,
599 3186 696 3239 καὶ
719 3186 863 3239 οὕτω
888 3186 1030 3240 κατὰ
1068 3188 1221 3257 ῥῆμα
1257 3188 1487 3258 λέγοντα
1511 3205 1527 3221 ·
1557 3209 1575 3241 ι
1612 3190 1767 3259 Ἐμοὶ

1870 3187 2079 3241 hiscum
2114 3183 2464 3239 doctissimus
2513 3180 2606 3236 ille
2650 3181 2910 3245 Galenus,
2937 3179 3114 3249 cujus
3158 3181 3273 3233 haec
3322 3180 3440 3247 ipsa

198 3276 249 3329 δὲ
277 3278 377 3331 καὶ
398 3276 557 3344 λόγος
584 3290 673 3339 τις
697 3279 922 3349 ἀρχαῖος
945 3281 1216 3351 ιμήνυσεν
1240 3281 1321 3335 ὅτι
1356 3281 1464 3336 τῶν
1500 3283 1766 3354 ἀμόρφων

1870 3276 2033 3332 verba
2064 3285 2224 3331 sunt:
2268 3274 2473 3328 «Etiam
2507 3272 2575 3328 de
2605 3272 2917 3326 narratione
2964 3271 3144 3341 prisca
3191 3270 3438 3324 intellexi

196 3387 278 3432 τις
346 3367 631 3422 δυναστῶν
699 3367 975 3441 εὔμορφον
1021 3372 1282 3441 γεννῆσαι
1345 3373 1512 3426 θέλων
1554 3374 1764 3427 παιδίον

197 3460 417 3531 ἐποίησε
454 3460 664 3531 γράψαι
705 3462 762 3515 ἐν
808 3461 1015 3516 πλατεῖ
1062 3463 1201 3533 ξύὲῳ
1246 3465 1445 3527 εὐειδὲς
1471 3466 1598 3519 ἄλλο
1633 3483 1765 3520 παι-

196 3549 325 3613 δίον,
392 3551 483 3601 καὶ
515 3549 669 3617 ἔλεγε
721 3551 788 3621 τῇ
838 3550 1062 3618 γυναικὶ
1117 3552 1281 3604 αὐτοῦ
1315 3555 1764 3623 συμπλεκόμενος

202 3640 332 3708 πρὸς
362 3640 572 3691 ἐκεῖνον
600 3638 693 3692 τὸν
741 3641 911 3693 τύπον
973 3643 1074 3712 τῆς
1131 3643 1356 3713 γραφῆς
1395 3645 1549 3715 ὀρᾷν.
1591 3644 1654 3698 Ἦ
1709 3645 1766 3700 δὲ

199 3728 384 3790 ἀτενὲς
413 3727 708 3797 βλέπουσα,
747 3730 843 3782 καὶ
873 3730 949 3794 ὡς
984 3729 1131 3784 ἔστιν
1162 3733 1337 3787 εἰπεῖν
1372 3734 1491 3786 ὅλον
1516 3735 1608 3787 τὸν
1638 3735 1765 3790 νοῦν

198 3820 375 3873 ἐκεῖσε
398 3821 901 3891 προσεπιφέρουτα,
925 3822 1047 3892 οὐχὶ
1062 3822 1141 3893 τῷ
1178 3826 1498 3895 γεννήσαντι
1527 3825 1663 3880 άλλὰ
1687 3827 1765 3897 τῷ

197 3910 566 3980 γεγραμμένῳ
581 3911 764 3981 ὅμοιον
781 3912 1015 3965 άπέτεκε
1031 3913 1090 3967 τὸ
1106 3915 1315 3968 παιδίον
1333 3917 1473 3969 κατὰ
1488 3916 1758 3988 τὴνδψινδ

270 4003 333 4055 Εἰ
372 4000 429 4055 δὲ
457 4002 553 4056 καὶ
594 4002 725 4073 περὶ
759 4003 976 4072 φύσεως
1012 4004 1192 4075 δφεων
1229 4006 1409 4077 βούλει
1451 4011 1647 4079 μαθείν
1677 4027 1765 4063 τι·

201 4111 329 4158 νων,
363 4095 394 4146 ὁ
422 4093 720 4163 Νίκανδρος
746 4096 853 4166 πρὸ
880 4097 987 4152 τῶν
1010 4096 1187 4152 ἄλλων
1212 4100 1413 4165 διδάξει
1453 4116 1537 4155 σε.
1559 4101 1765 4156 Αὐτίκα

198 4187 311 4256 γάρ
344 4185 407 4237 ἐν
420 4187 531 4249 τοῖς
562 4184 751 4238 ἔπεσιν
780 4185 946 4240 αὐτοῦ
976 4188 1072 4241 καὶ
1099 4188 1223 4242 τάδε
1246 4191 1376 4261 περὶ
1405 4191 1512 4245 τῶν
1541 4190 1766 4261 ἐχιδνῶν

205 4278 431 4343 ἱστορεῖ.
470 4275 535 4329 Ἦ
563 4275 758 4347 θήλεια
788 4276 903 4347 ἔχις
937 4278 1024 4333 διὰ
1054 4278 1149 4332 τοῦ
1175 4282 1443 4350 στόματος
1483 4282 1653 4353 αὐτῆς
1682 4281 1768 4337 δι·

203 4368 409 4438 χομένη
439 4368 538 4438 τήν
570 4366 815 4439 κεφαλὴν
853 4368 947 4422 τοῦ
988 4370 1243 4441 άρῤενος,
1271 4373 1364 4425 καὶ
1401 4373 1545 4426 οὕτω
1580 4390 1767 4427 συνευ-

204 4459 474 4531 ναζομινη
497 4463 715 4532 ἀναιρεῖ
730 4464 915 4520 αὐτόν.
944 4463 1037 4530 Et;
1053 4466 1332 4535 ἐκδίκησιν
1354 4463 1468 4535 οὖν,
1499 4469 1574 4534 ὡς
1594 4469 1760 4535 ἔοικε,

1866 3369 2043 3423 virum
2097 3366 2384 3437 quemdam
2441 3364 2780 3435 principem,
2832 3362 2922 3433 qui
2974 3362 3129 3416 vultu
3178 3362 3440 3418 deformis

1866 3467 2030 3523 esset,
2067 3470 2190 3513 cum
2220 3456 2389 3511 filium
2421 3468 2712 3525 procreare
2746 3453 3043 3508 formosum
3068 3451 3250 3518 vellet,
3281 3452 3437 3506 uxori

1867 3552 2175 3612 mandasse,
2232 3548 2445 3602 medios
2493 3547 2640 3601 inter
2686 3545 2991 3616 amplexus.
3053 3544 3332 3615 eleganter
3376 3549 3439 3598 ut

1866 3654 2183 3711 exprcham
2212 3639 2422 3710 pictura
2457 3638 2686 3694 formam
2724 3638 2877 3708 pueri
2922 3637 3211 3708 dil‘genter
3249 3636 3440 3690 intue-

1867 3743 2049 3798 retur;
2079 3733 2223 3801 quod
2262 3747 2385 3787 cum
2419 3730 2509 3785 illa
2533 3730 2727 3785 deﬁxis
2754 3730 2812 3783 in
2841 3729 2983 3784 hanc
3006 3729 3179 3784 oculis
3205 3727 3439 3793 faceret,

1866 3835 2216 3893 mentemque
2264 3831 2455 3887 totam,
2492 3832 2549 3875 ut
2582 3821 2660 3877 sic
2720 3821 2932 3890 loquar,
2978 3834 3046 3874 eo
3073 3829 3433 3882 converteret,

1866 3930 1974 3969 non
2002 3912 2140 3983 patri
2164 3908 2262 3967 sed
2286 3909 2510 3982 imagini
2538 3910 2694 3980 pictae
2716 3907 3054 3964 consimilem
3082 3910 3228 3969 vultu
3261 3908 3434 3962 tilium

1867 4007 1920 4061 in
1955 4005 2129 4059 lucem
2167 4003 2236 4057 ab
2265 4004 2378 4073 ipsa
2405 4001 2613 4056 editum
2648 4017 2822 4056 esse.»

1933 4094 2138 4164 Quodsi
2170 4095 2237 4150 de
2277 4104 2597 4165 serpentum
2640 4092 3002 4163 quorumdam
3044 4098 3237 4146 natura
3279 4088 3436 4160 cupis

1862 4188 2065 4262 aliquid
2098 4201 2453 4258 cognoscere,
2483 4184 2754 4239 Nicander
2787 4199 2949 4253 supra
2977 4196 3208 4238 caeteros
3241 4190 3295 4235 te
3336 4180 3437 4234 do-

1864 4281 2026 4338 cebit.
2059 4278 2248 4334 Tradit
2289 4279 2336 4333 is
2367 4277 2421 4332 in
2451 4277 2562 4331 suis
2595 4275 2936 4347 poematibus
2957 4274 3188 4344 primum
3225 4272 3342 4326 haec
3370 4271 3436 4325 de

1865 4371 2121 4443 viperis.
2167 4366 2405 4424 Femella
2450 4367 2619 4423 maris
2668 4376 2831 4437 caput
2889 4365 3155 4418 insertum
3204 4362 3287 4416 ori
3336 4376 3436 4417 suo
3476 4398 3496 4421 .

1865 4462 2161 4533 recipiens,
2193 4474 2362 4531 eoque
2391 4468 2552 4530 pacto
2589 4474 2649 4513 re
2688 4472 2810 4511 cum
2841 4455 2957 4525 ipso
2986 4453 3193 4519 habita,
3226 4463 3436 4508 marem

205 4554 298 4607 τοῦ
343 4554 548 4623 πατρὸς
577 4548 862 4626 ἀναιροῦσι
908 4542 1008 4628 τήν
1053 4559 1268 4629 μητέρα
1315 4560 1385 4613 τὰ
1438 4560 1675 4630 ἔγγοναο
1705 4563 1763 4617 ἒν

1870 4564 2048 4611 necat.
2103 4551 2289 4624 Itaque
2317 4550 2649 4610 vindicandi.
2681 4547 3140 4619 quemadmodum
3172 4560 3304 4600 sane
3346 4548 3433 4600 vis

206 4646 313 4716 γάρ
353 4645 425 4715 τῷ
454 4648 547 4700 τοῦ
595 4648 823 4702 τοκετοῦ
861 4650 1038 4720 καιρῷ
1081 4651 1181 4722 τὴν
1212 4646 1476 4725 μητρῴαν
1504 4654 1768 4727 suppae-

206 4750 361 4793 σουσι
398 4740 559 4810 νηδὺν
594 4742 688 4794 καὶ
728 4740 900 4804 οὕτως
934 4743 1270 4815 ἐξέρχονται.
1306 4744 1464 4800 Κατὰ
1488 4747 1648 4801 τοῦτο
1674 4748 1767 4804 καὶ

204 4832 231 4883 ὁ
259 4830 355 4883 τοῦ
387 4830 585 4901 Κυρίου
650 4832 962 4911 Προδρομος
1013 4835 1330 4903 γεννήματα
1378 4835 1601 4905 ἐχιδνῶν
1639 4839 1766 4899 τοὺς

218 4921 501 4986 Ἰουδαίους
538 4921 742 4989 ἐκάλει,
776 4925 869 4978 ἆτε
900 4925 965 4994 δή
984 4928 1109 4989 τοὺς
1148 4928 1432 4998 προφήτας
1471 4929 1564 4981 καὶ
1595 4929 1765 4982 πατέ-

210 5028 313 5083 ρας
354 5015 525 5069 αὺτῶν
576 5017 1029 5079 ἀποκτείναντας.
1075 5018 1136 5071 Ei
1194 5018 1250 5071 δὲ
1288 5020 1414 5089 περὶ
1443 5020 1567 5083 τοὺς
1610 5019 1763 5089 ὄφεις

208 5104 384 5168 οὕτως
424 5104 556 5177 ἔχει,
596 5107 716 5170 πῶς
754 5109 971 5176 νοητέον
1005 5109 1065 5162 τὸ
1100 5111 1451 5177 εὐαγγελικδν
1498 5113 1659 5182 ῥητὸν
1702 5113 1763 5167 τὸ

205 5196 368 5264 λέγον
390 5209 405 5229 ⁸
439 5215 458 5249 ι
489 5199 709 5251 Γίνεσθε
745 5196 994 5269 φρόνιμοι
1025 5200 1097 5263 ὡς
1127 5201 1175 5253 οἱ
1197 5202 1367 5271 ὄφεις,
1396 5204 1487 5254 καὶ
1517 5204 1764 5274 ἀκέραιοι

206 5285 281 5346 ὡς
325 5284 382 5336 αἱ
431 5288 792 5357 περιστεραί;
831 5306 850 5340 ι
887 5291 1125 5358 πονηρὸς
1182 5290 1279 5359 μὲν
1321 5290 1466 5346 οὖνὸ
1519 5282 1641 5360 ὄφις
1672 5298 1767 5348 καὶ
1835 5341 1851 5354 ,

206 5375 461 5439 κάκιστος
509 5376 747 5444 άληθῶς,
805 5376 942 5432 ἀλλὰ
990 5380 1082 5433 καί
1137 5398 1260 5433 τινα
1314 5383 1576 5452 κέκτηται
1618 5385 1695 5446 είς
1734 5381 1770 5437 ἃ

1867 4647 2049 4707 detur,
2082 4644 2251 4715 patris
2286 4657 2447 4698 causa
2474 4640 2619 4695 fetus
2649 4637 2845 4693 deinde
2874 4644 3102 4690 matrem
3136 4634 3241 4705 57
3270 4633 3444 4688 vicis-

1866 4739 1969 4795 sim
1994 4736 2291 4797 occidunt;
2342 4747 2468 4788 nam
2502 4742 2748 4801 tempore
2773 4739 2967 4800 partus
3007 4727 3185 4781 alvum
3233 4736 3437 4779 mater-

1865 4846 1991 4885 nam
2027 4835 2387 4900 perrumpunt
2417 4833 2576 4895 atque
2610 4823 2687 4900 ita
2719 4821 2773 4875 in
2805 4822 2981 4875 lucem
3010 4818 3301 4889 prodeunt.
3359 4816 3434 4869 Ea

1865 4922 1933 4977 de
1964 4894 2131 4975 causa
2168 4894 3088 4973 Praecursorille'DominiJudaeos
3134 4908 3438 4979 viperinam

1866 5012 2107 5068 sobolem
2147 5008 2453 5079 appellabat
2475 5004 2542 5073 ⁸³,
2579 5014 2638 5060 ιιι
2664 5004 2756 5075 qui
2789 5012 2938 5058 vates
2991 5008 3283 5071 patresque
3309 5012 3439 5051 suos

1869 5103 2221 5159 occidissent.
2265 5098 2467 5164 Quodsi
2498 5110 2584 5149 res
2611 5095 2692 5150 sic
2723 5100 3033 5163 comparata
3061 5099 3162 5154 est,
3196 5102 3435 5158 quonam

1871 5204 2027 5267 pacto
2055 5195 2279 5249 verbum
2323 5189 2452 5243 illud
2498 5186 2873 5258 evangelicum
2922 5192 3008 5240 est
3056 5181 3438 5252 accipiendum

1870 5303 1978 5358 quo
2007 5283 2247 5341 dicitur:
2303 5282 2468 5337 «Sitis
2502 5280 2669 5336 astuti
2704 5288 2762 5333 ut
2809 5283 3116 5346 serpentes.
3155 5283 3210 5329 et
3236 5271 3439 5328 sinceri

1866 5390 1929 5436 ut
1957 5380 2223 5436 columbae
2242 5378 2355 5431 “li
2411 5376 2694 5447 improbus
2721 5371 2939 5443 quidem
2967 5384 3032 5423 ac
3070 5367 3442 5437 nequissimus

209 5464 426 5534 βλέπειν
459 5470 866 5538 ἐγκελευόμεθα
920 5473 1013 5524 καὶ
1058 5472 1232 5526 ταῦτα
1276 5475 1589 5545 μιμεῖσθαι,
1648 5472 1767 5530 ἐπεὶ

1870 5482 1955 5529 est
1982 5485 2171 5526 revera
2204 5484 2467 5540 serpens:
2519 5467 2613 5522 sed
2663 5475 2843 5519 tamen
2879 5462 3124 5533 quaedam
3171 5457 3334 5511 habet
3384 5454 3439 5508 in

209 5555 302 5608 καὶ
336 5555 615 5625 ήμέλιττα
662 5559 1024 5631 θανατηφόρῳ
1058 5562 1416 5631 ὲφιξάνουσα,
1447 5562 1474 5615 ὃ
1506 5561 1604 5631 μὲν
1633 5564 1772 5633 χρή·

1869 5579 1993 5635 quae
2027 5562 2285 5632 iubemur
2324 5561 2525 5615 intueri
2564 5573 2737 5625 eaque
2777 5555 2998 5619 imitari.
3059 5551 3192 5606 Nam
3222 5557 3278 5599 et
3315 5545 3438 5613 apis

210 5656 372 5713 σιμον
403 5646 604 5700 ἐκεῖθεν
691 5648 1000 5716 ἐκλέγεται,
1046 5649 1075 5701 ὃ
1141 5650 1197 5703 δὲ
1271 5650 1546 5721 χείριστον
1596 5652 1767 5706 ἐκεῖσε

1872 5654 1918 5710 si
1952 5652 2137 5710 frutici
2160 5653 2375 5709 cuidam
2397 5651 2630 5708 insideat
2651 5648 2886 5705 letaliter
2912 5643 3101 5708 noxio,
3126 5636 3269 5696 ouod
3300 5636 3439 5692 utile

276 5795 332 5834 “
381 5800 499 5857 Luc.
535 5821 618 5869 ιιι,
653 5806 708 5858 7.
784 5804 831 5893 δέ
861 5803 1050 5858 Matth.
1084 5822 1139 5871 κ,
1172 5806 1257 5862 16.
