3862 6228
393 383 498 452 127

1659 381 2082 446 MlCHAELlS
2121 381 2382 444 GLYCIE

3527 379 3637 442 l28

391 510 481 557 est
518 500 644 558 inde
672 501 878 573 seligit,
920 515 1064 570 quoa
1100 499 1302 556 malum
1331 498 1559 555 missum
1591 496 1743 554 facit.
1797 487 1960 567 Igitur

2071 495 2287 567 ἀφίησι.
2358 494 2601 569 Πρόσιχε
2635 490 2751 552 οῦν.
2824 495 2882 549 Ὀ
2915 495 3037 563 ὄφις
3073 493 3412 561 τυπτόμενος
3447 490 3510 544 τὸ
3545 493 3650 560 μὲν

392 593 637 648 animum
661 593 795 648 mibi
820 593 980 647 velim
997 593 1272 648 advertas.
1295 586 1550 662 Serpens
1567 604 1691 644 cum
1714 587 1963 654 creditur,

374 688 597 753 corpus
624 685 843 754 quidem
874 684 1144 754 reliquum
1187 685 1359 754 plagis
1397 682 1642 752 exponit,
1688 689 1746 735 at
1785 680 1961 735 solum

282 837 284 839 ς
390 785 556 846 caput
598 776 750 847 tegit,
780 777 935 846 quasi
983 777 1150 832 sciret
1190 791 1258 832 eo
1287 775 1451 830 vitam
1481 789 1634 830 suam
1667 771 1962 828 contineri.

391 863 485 920 Sic
513 865 677 920 etiam
713 881 810 921 nos
836 875 1078 936 tempore
1135 865 1531 935 persecutionis
1576 867 1756 919 facere
1796 864 1966 920 debeo

392 970 556 1010 ntus:
589 956 962 1026 relinquemus
983 956 1188 1011 scilicet.
1213 956 1424 1020 omnia,
1447 954 1610 1010 modo
1641 964 1802 1025 caput
1836 953 1968 1010 reti-

393 1060 622 1100 neamus
659 1055 822 1116 atque
847 1061 1150 1110 servemus,
1178 1048 1326 1116 quod
1357 1046 1614 1102 Christus
1642 1055 1728 1101 est
1757 1045 1816 1101 et’
1845 1046 1965 1116 ipsa

393 1137 552 1190 ﬁdes.
607 1136 756 1191 Idem
789 1151 1015 1206 serpens
1056 1137 1150 1192 ubi
1177 1137 1469 1192 consenuit
1489 1146 1544 1191 et
1565 1136 1846 1192 oculorum
1873 1137 1968 1192 lie-

394 1226 655 1283 betndine
690 1227 934 1283 laborare
961 1227 1150 1297 coepit,
1190 1229 1423 1298 primum
1456 1236 1822 1296 temperanter
1852 1229 1967 1282 vic-

399 1319 525 1374 titat
550 1328 605 1374 et
625 1319 846 1390 jejunus
871 1319 1185 1388 aliquandiu
1201 1329 1421 1385 .manet,
1451 1319 1649 1374 deinde
1669 1335 1766 1389 per
1787 1330 1963 1375 artum

401 1411 697 1478 quemdam
729 1419 967 1464 meatum
1005 1411 1302 1482 in_terram
1339 1417 1652 1480 penetrans,
1707 1420 1762 1466 et
1805 1412 1967 1467 modo

399 1501 634 1571 quodam
659 1500 920 1554 inusitato
942 1509 1122 1554 cutem
1151 1509 1317 1554 totam
1338 1515 1565 1565 exuens,
1598 1500 1816 1569 juvenis
1840 1501 1968 1559 inde

400 1592 649 1650 discedit.
717 1591 807 1647 Sic
839 1587 942 1647 n'os
971 1605 1210 1662 quoque,
1236 1607 1360 1647 cum
1391 1607 1455 1647 ex
1486 1593 1727 1663 peccatis
1757 1609 1960 1650 conse-

397 1684 640 1750 nuimus,
675 1695 771 1749 per
795 1689 966 1737 artam
993 1684 1137 1738 viam
1169 1683 1435 1738 incedere
1460 1684 1744 1751 debemus,
1772 1693 1834 1739 ut
1864 1685 1968 1742 hoc

2069 589 2218 643 ἆπαν
2245 587 2410 642 αὐτοῦ
2447 587 2607 658 σῶμα
2635 586 2946 659 προδίδωσι,
2983 587 3083 651 τὴν
3106 585 3164 639 δὲ
3197 585 3446 657 κεφαλὴν
3473 584 3649 640 αὑτοῦ

2067 681 2322 750 κρύπτει,
2353 680 2543 756 έπειδὴ
2569 681 2668 753 τὴν
2701 679 2899 736 ἑαυτοῦ
2939 679 3084 752 ζωὴν
3125 679 3279 743 είδὼς
3318 679 3502 749 ἑαυτῷ
3542 697 3649 732 πεο

2069 772 2366 844 ριέχεσθαι.
2403 773 2561 826 Οὕτω
2590 774 2682 826 καὶ
2706 774 2866 843 ἡμεῖς
2905 773 2966 825 έν
2998 771 3178 842 καιρῷ
3202 771 3448 841 διωγμοῦ
3489 771 3649 839 ὀφεί-

2067 865 2232 933 λομεν
2264 868 2460 930 ποιεῖν,
2503 865 2681 919 πάντα
2717 865 2816 936 μὲν
2856 864 3130 934 προϊέναι,
3173 863 3273 934 τὴν
3301 863 3550 934 κεφαλὴν
3589 864 3650 916 δὲ

2067 955 2388 1026 φυλάσσειν,
2415 955 2538 1026 ἥτις
2570 954 2718 1008 ἐστὶν
2738 955 2766 1008 ὁ
2795 953 3029 1024 Χριστὸς
3056 954 3153 1006 καὶ
3186 954 3218 1024 ή
3250 954 3433 1018 πίστις
3460 953 3646 1023 ἡμῶν.

2069 1046 2233 1113 Ὄφις
2271 1045 2524 1116 γηράσας
2553 1044 2627 1108 ὡς
2657 1044 2726 1098 τὰ
2761 1043 2930 1098 πολλὰ
2955 1046 3050 1097 καὶ
3081 1043 3445 1112 ἀμϐλυωπίαν
3482 1044 3653 1113 νοσή-

2069 1154 2191 1201 σας,
2232 1136 2446 1206 πρῶτον
2474 1136 2570 1205 μὲν
2599 1135 2995 1207 ἐγκρατεύεται
3025 1136 3121 1188 καὶ
3153 1135 3340 1203 νῆστις
3366 1135 3647 1204 διαμένει,

2066 1224 2168 1283 εἷθ’
2219 1227 2392 1292 οὕτως
2440 1228 2528 1281 διὰ
2572 1227 2847 1282 στενωποῦ
2900 1244 3044 1290 τινος
3095 1226 3499 1296 καταδυόμενος
3552 1225 3649 1277 καὶ

2066 1320 2246 1390 δέρμα
2268 1317 2598 1387 ,παραδόξως
2627 1318 2770 1371 ἅπαν
2801 1317 3202 1384 ἀπεκδυόμενος
3229 1317 3348 1378 νέος
3372 1314 3533 1376 αὖθις
3560 1316 3650 1381 γί-

2067 1425 2239 1462 νεται.
2277 1407 2432 1460 Οῦτω
2461 1407 2558 1461 καὶ⁵
2582 1408 2741 1478 ἡμεῖς
2765 1409 2830 1476 τῇ
2869 1406 3114 1475 ἁμαρτίᾳ
3148 1405 3648 1474 καταγηράσαντες

2067 1501 2154 1554 διὰ
2183 1499 2281 1570 τῆς
2322 1499 2514 1570 στενῆς
2557 1502 2651 1552 καὶ
2691 1499 3061 1568 τεθλιμμένης
3096 1497 3216 1551 ὁδοῦ
3244 1495 3502 1565 βαδίζειν,
3546 1495 3649 1548 καὶ

2067 1592 2238 1656 οῦτως
2269 1592 2658 1664 ἀνανεούμενοι
2691 1593 2772 1654 είς
2808 1591 2908 1660 τὴν
2951 1590 3185 1661 ἀρχαίαν
3222 1587 3387 1643 πάλιν
3425 1591 3647 1643 ἀποκα-

2067 1685 2330 1758 τάστασιν
2389 1683 2669 1756 ἔρχεσθαι.
2739 1683 2900 1748 Ὄφις
2960 1681 3197 1752 διψήσας
3251 1680 3384 1734 ποτὲ
3435 1681 3534 1732 καὶ
3587 1680 3648 1733 ὲν

395 1784 553 1844 pacto
577 1773 824 1828 innovati
847 1773 915 1828 ad
945 1782 1149 1829 statum
1175 1775 1654 1844 conditionemque
1679 1774 1960 1845 pristinam

2071 1776 2268 1848 φρέατι
2300 1776 2512 1847 μέλλων
2550 1776 2741 1838 ὓδατος
2772 1775 3014 1844 ἅψασθαι
3037 1814 3054 1841 ,
3083 1775 3277 1844 πρῶτα
3313 1773 3413 1843 μὲν
3452 1772 3650 1839 ἐξεμεῖ

393 1874 760 1919 revertamur.
816 1864 1022 1929 Quodsi
1063 1864 1358 1934 aliquando
1390 1864 1539 1919 sitiat
1586 1865 1750 1934 inque
1795 1875 1964 1936 puteo

394 1967 748 2012 contacturus
779 1965 864 2012 est
895 1971 1114 2026 aquam,
1151 1955 1330 2026 primo
1363 1956 1512 2011 virus
1544 1952 1704 2011 suum
1735 1959 1962 2027 evomit,

393 2064 460 2104 ac
496 2049 701 2108 deinde
724 2050 789 2102 ad
824 2047 1029 2102 fontem
1069 2048 1305 2103 accedit.
1360 2047 1452 2103 Sic
1476 2049 1642 2103 etiam
1678 2064 1801 2115 nos,
1837 2065 1966 2105 cum

392 2137 464 2191 ad
488 2137 727 2191 divinum
759 2136 887 2191 illud
908 2136 1162 2205 poculum
1187 2137 1464 2191 accessuri
1484 2152 1700 2202 sumus,
1725 2146 1781 2192 et
1807 2154 1970 2194 uren-

395 2228 472 2281 tia
501 2243 603 2283 nos
660 2235 885 2298 peccata
927 2242 1212 2294 sanemus,
1257 2243 1474 2282 omnem
1526 2227 1678 2298 prius
1703 2229 1970 2285 vitiosita-

395 2326 510 2373 tem
563 2318 828 2373 debemus
876 2317 1135 2387 abjicere,
1191 2326 1355 2386 atque
1403 2317 1479 2371 ita
1525 2333 1628 2373 nos
1664 2319 1733 2374 ad
1783 2335 1966 2376 sacro-

393 2418 580 2462 sancta
603 2407 857 2479 mysteria
879 2408 1152 2463 conferre.
1178 2409 1580 2476 Quamobrema
1600 2411 1830 2468 Domino
1841 2429 1970 2485 prte-

393 2498 541 2552 clare
575 2499 777 2553 dictum
797 2499 882 2554 vel
901 2499 968 2554 de
985 2502 1427 2572 commemoratis
1445 2485 1820 2572 intelligimus:
1867 2503 2031 2562 «Sitis

465 2588 639 2642 Debes
659 2598 838 2643 autem
867 2599 1132 2658 praeterea
1158 2592 1299 2647 scire
1325 2603 1642 2664 serpentum
1665 2611 1786 2651 esse
1812 2598 1963 2652 varia

393 2679 716 2749 diversaque
741 2695 966 2750 genera.
1018 2681 1153 2736 Nam
1207 2682 1297 2738 alii
1332 2685 1626 2746 celerrime
1660 2687 1962 2758 perimunt,

394 2769 485 2823 alii
518 2769 744 2826 tardius.
805 2771 940 2826 Item
975 2772 1064 2828 alii
1101 2787 1287 2828 morsu
1333 2775 1630 2844 perniciem
1704 2777 1961 2844 all‘erunt,

397 2859 488 2913 alii
518 2860 753 2928 quodam
805 2862 911 2917 alio
945 2862 1130 2918 modo.
1194 2864 1436 2935 Serpens
1474 2865 1522 2920 is
1564 2882 1724 2936 quem
1776 2868 1964 2925 basili-

401 2964 556 3004 scnm
600 2960 815 3017 vocant,
845 2954 1003 3023 cujus
1035 2954 1199 3009 etiam
1232 2959 1450 3025 sapiens
1480 2957 1568 3010 ille
1594 2957 1828 3014 Galenus
1852 2975 1966 3016 me-

395 3042 552 3095 minit
585 3043 652 3098 ad
692 3044 945 3099 Pisonem
990 3046 1055 3102 de
1094 3047 1333 3102 theriaca
1369 3048 1670 3116 disserens,
1707 3052 1824 3108 solo
1867 3053 1956 3107 in-

395 3133 537 3188 tuitu
566 3144 727 3189 necat
765 3151 886 3190 eum
923 3137 1019 3207 qui
1052 3139 1226 3208 ipsum
1261 3140 1493 3209 aspexit.
1527 3139 1644 3208 Quo
1674 3143 1734 3198 ﬁt
1765 3154 1824 3199 ut
1848 3145 1962 3202 Lit—

394 3232 524 3280 teras
553 3240 724 3281 sacrae
756 3227 888 3283 nihil
915 3229 1132 3302 oculum
1171 3231 1411 3285 invidum
1442 3232 1511 3286 ab
1541 3233 1813 3303 ejusmodi
1846 3251 1962 3291 ser-

391 3304 555 3385 pente
580 3316 800 3373 diﬂ'erre
833 3319 1068 3374 tradant.
1101 3319 1568 3385 Quemadmodum
1594 3325 1738 3378 enim
1766 3326 1834 3382 ab
1861 3328 1963 3384 hac

391 3403 564 3463 bestia
602 3407 861 3475 quiddam
906 3408 1125 3462 exitiale
1176 3417 1464 3478 promanat
1511 3411 1653 3481 quod
1687 3413 1960 3471 hominem

393 3494 668 3562 perimere
719 3505 922 3562 potest,
975 3495 1053 3550 sic
1105 3495 1270 3550 etiam
1305 3497 1373 3552 de
1422 3497 1596 3555 invidi
1620 3503 1792 3558 oculis
1830 3519 1962 3558 con-

394 3583 577 3637 simile
614 3584 868 3652 quiddam
895 3584 1026 3639 exit.
1057 3583 1124 3639 Et
1144 3585 1337 3641 mirum
1367 3587 1470 3642 hoc
1494 3589 1549 3642 in
1575 3590 1787 3659 primis,
1816 3596 1959 3663 quod

394 3673 511 3732 suis
533 3688 926 3744 nonnunquam
958 3675 1257 3746 perniciem
1280 3675 1530 3733 all'erant.
1570 3677 1756 3752 Neque
1781 3693 1960 3739 tamen

395 3763 502 3820 hoc
554 3779 758 3822 novum
805 3765 1060 3836 cuiquam
1104 3767 1394 3825 videatur:
1449 3769 1655 3827 iaciunt
1705 3773 1848 3829 enim
1904 3775 1961 3831 id

398 3853 510 3926 58
533 3854 599 3910 ad
639 3855 783 3922 quod
813 3869 842 3909 a
883 3866 1074 3912 natura
1107 3869 1235 3914 sunt
1284 3861 1605 3931 comparati,
1654 3877 1763 3917 non
1812 3864 1959 3935 quod

392 3943 602 3999 volunt.
639 3942 840 4010 Quodsi
875 3942 1173 4012 Eutelidas.
1207 3954 1266 4001 ut
1287 3957 1372 4006 est
1411 3950 1556 4019 apud
1587 3949 1956 4018 Plutarchum,

393 4051 519 4091 suos
572 4035 742 4104 ipsius
783 4035 974 4091 oculos
1030 4037 1088 4092 in
1135 4053 1276 4106 aqua
1304 4050 1626 4106 conSpectos
1649 4041 1957 4111 fascinavit,

393 4140 518 4179 cum
572 4125 758 4180 forma:
803 4136 1146 4183 venustatem
1194 4143 1346 4183 suam
1397 4128 1590 4186 fuisset
1636 4133 1955 4201 admiratus.

394 4216 568 4270 multo
595 4217 768 4285 magis
805 4215 1022 4272 invidus
1070 4219 1264 4273 oculus
1313 4219 1405 4274 alii
1463 4222 1761 4290 perniciem
1795 4223 1953 4292 feret,

393 4307 552 4376 quasi
599 4309 766 4361 telum
824 4308 1095 4376 quoddam
1135 4319 1466 4366 venenatum
1519 4315 1843 4384 corporibus
1888 4316 1956 4371 iis

393 4414 515 4468 quae
547 4408 839 4454 contuetur
867 4399 1189 4457 immittens.
1223 4401 1291 4456 Et
1326 4403 1438 4457 hac
1464 4404 1683 4474 quidem
1711 4415 1823 4462 tum
1859 4423 1953 4462 ex-

392 4491 665 4562 perientia
697 4499 814 4545 tum
846 4493 1130 4562 superiora
1157 4501 1401 4564 tempora
1439 4495 1765 4553 docuerunt.
1816 4499 1953 4554 Nam

392 4580 536 4634 oculi
568 4581 761 4649 partim
790 4592 958 4653 agunt
991 4584 1184 4652 partim
1217 4586 1517 4654 patiuntur,
1566 4602 1712 4644 nunc
1751 4589 1954 4657 aliquid

391 4667 700 4722 emittentes
731 4684 878 4723 nunc
908 4671 1258 4742 recipientes,
1284 4673 1742 4741 quemadmodum
1771 4691 1958 4733 aman-

391 4758 536 4813 tibus
561 4769 615 4813 et
643 4759 835 4813 amatis
859 4762 1149 4816 usuvenire
1185 4761 1450 4818 videmus.
1487 4761 1712 4834 Magnus
1734 4765 1826 4819 ille
1852 4765 1956 4821 Ba-

392 4847 548 4902 silius
578 4848 987 4916 inscriptionem
1014 4848 1392 4906 Psaltnixxxnl
1419 4866 1718 4908 enarrans:
1756 4855 1955 4926 «Equi—

392 4938 538 5003 dem,
591 4939 687 5002 ait,
735 4938 788 4992 id
833 4939 976 5008 quod
1021 4940 1214 5007 fertur,
1245 4943 1433 4999 oculos
1485 4944 1652 4999 telum
1683 4946 1952 5014 quoddam

394 5039 722 5083 venenatum
755 5030 1033 5100 ejaculari,
1065 5041 1324 5102 tanquam
1379 5039 1600 5107 vulgare
1649 5053 1714 5093 ac
1742 5056 1772 5094 a
1804 5051 1955 5095 vetu-

391 5120 459 5175 lis
513 5122 872 5192 excogitatum
928 5123 981 5177 in
1028 5125 1318 5180 mulierum
1347 5129 1695 5185 conclavibus
1746 5132 1952 5204 rejicio.

393 5207 522 5261 Dico
553 5218 734 5262 autem
767 5210 936 5264 malos
965 5212 1154 5280 genios
1175 5251 1190 5276 ,
1246 5213 1340 5281 qui
1384 5213 1510 5268 odio
1545 5215 1672 5269 boni
1701 5216 1950 5288 ﬂagrant,

391 5299 434 5354 si
462 5316 597 5381 quas
630 5303 907 5371 reperiant
934 5314 1328 5359 consentaneas
1363 5305 1495 5376 ipsis
1523 5316 1578 5362 et
1594 5309 1837 5366 addictas
1859 5326 1953 5366 vo-

391 5393 649 5458 luntates,
702 5394 769 5449 iis
821 5395 1046 5451 omnino
1101 5412 1200 5467 pro
1252 5397 1404 5452 libitu
1454 5407 1510 5453 et
1560 5401 1822 5458 arbitratu
1852 5419 1952 5460 suo

390 5484 559 5539 abuti.
628 5483 748 5551 Quo
804 5487 862 5542 ﬁt
910 5497 967 5542 ut
1015 5491 1180 5542 etiam
1231 5487 1627 5547 fascinatorum
1672 5495 1846 5552 oculis
1882 5495 1951 5553 ad

390 5591 502 5630 sua:
529 5577 825 5633 voluntatis
853 5578 1216 5634 ministerium
1254 5590 1527 5636 utantur.z

463 5670 752 5725 Basiliscus
782 5671 1024 5740 quidem,
1056 5673 1124 5726 de
1164 5687 1272 5743 quo
1303 5689 1448 5730 nunc
1491 5675 1786 5746 loquimur,
1838 5693 1948 5734 non

391 5759 494 5817 hoc
523 5769 732 5819 tantum
771 5761 956 5831 modo,
987 5778 1173 5820 verum
1199 5765 1361 5821 etiam
1382 5761 1744 5826 sibilo'laedit
1789 5784 1950 5827 aures

2065 1870 2157 1923 τὸν
2194 1869 2292 1934 ίδν,
2333 1864 2434 1921 εἷθ’
2462 1867 2636 1930 οὕτως
2655 1869 2722 1937 τῇ
2754 1868 2905 1938 πηγῇ
2932 1865 3318 1935 προσέρχεται.
3352 1863 3513 1917 Οὕτω
3546 1865 3647 1915 καὶ

2066 1962 2230 2032 ἡμεῖς
2261 1959 2340 2032 τῷ
2386 1960 2515 2030 θείῳ
2543 1960 2831 2030 μέλλοντες
2887 1959 3207 2030 προσελθεῖν
3242 1958 3508 2029 ποτηρίῳ,
3545 1957 3647 2012 ἆτσ

2065 2050 2132 2122 δὴ
2157 2051 2254 2121 τὴν
2291 2051 2620 2105 ἐκκαίουσαν
2651 2053 2801 2121 ἡμᾶς
2832 2050 3108 2120 ἁμαρτίαν
3140 2050 3420 2116 ἰάσασθαι,
3451 2050 3648 2105 πᾶσαν

2067 2144 2270 2199 κακίαν
2319 2144 2588 2214 πρότερον
2615 2143 2980 2215 ἀπορρίπτειν
3019 2143 3330 2214 ὀφείλομεν,
3364 2145 3460 2196 καὶ
3491 2143 3646 2198 οὕτω

2067 2237 2181 2299 τοῖς
2213 2235 2542 2306 μυστηρίοις
2584 2236 3008 2308 προσέρχεσθαι.
3036 2234 3232 2299 Καλῶς
3261 2233 3356 2288 οὖν
3383 2235 3479 2289 ἐπὶ
3513 2237 3646 2290 τού-

2067 2339 2182 2386 τοις
2237 2323 2266 2375 ὁ
2288 2323 2491 2392 Κύριος
2521 2322 2711 2391 ἔλεγε·
2748 2341 2766 2375 ι
2818 2323 3041 2378 Γίνεσθε
3070 2325 3325 2395 φρόνιμοι
3369 2325 3448 2390 ὡς
3481 2325 3535 2379 οἰ
3585 2325 3646 2379 ὅ·

2070 2431 2212 2483 φεις.
2257 2435 2276 2469 ›
2303 2416 2418 2471 Καὶ
2448 2418 2578 2486 περὶ
2609 2416 2709 2487 μὲν
2736 2417 2939 2470 τούτων
2965 2416 3159 2481 οὕτως.
3364 2410 3366 2412 ’

2064 2508 2233 2562 astuti
2269 2516 2329 2562 ut
2363 2519 2666 2579 serpentes.
2702 2527 2722 2562 z
2751 2509 2829 2563 Ac
2859 2508 2928 2564 de
2954 2509 3040 2565 his
3072 2509 3293 2580 quidem
3341 2511 3643 2568 hactenus.

2136 2600 2381 2654 Γίνωσκε
2421 2601 2502 2667 δὲ,
2554 2600 2826 2669 ἅγαπητὲ,
2861 2601 2944 2654 ὅτι
2977 2602 3210 2672 διάφορά
3241 2605 3349 2656 είσι
3391 2605 3486 2657 καὶ
3515 2622 3645 2657 ποι-

2066 2691 2190 2746 κίλα
2253 2691 2386 2762 γένη
2420 2692 2530 2746 τῶν
2595 2693 2793 2761 δφεων.
2835 2694 2900 2747 Ol
2959 2693 3059 2764 μὲν
3095 2695 3203 2765 γὰρ
3233 2694 3411 2749 αὐτῶν
3439 2695 3645 2750 θᾶττον

2063 2785 2399 2856 ἀναιροῦσιν,
2440 2786 2492 2839 oi
2519 2785 2576 2840 δὲ
2609 2786 2799 2857 βραδὺ,
2829 2787 2923 2840 καὶ
2960 2787 3112 2842 ἄλλοι
3141 2787 3241 2858 μὲν
3275 2788 3515 2858 δήγμασι
3548 2788 3645 2842 τὸν

2063 2876 2285 2948 ὄλεθρον
2307 2878 2584 2947 φέρουσιν,
2620 2877 2798 2947 ἕτεροι
2829 2878 2887 2931 δὲ
2915 2877 3039 2932 καθ’
3060 2879 3247 2950 ἕτερον
3275 2880 3500 2949 τρόπον.
3526 2881 3642 2934 Δύ-

2063 2969 2192 3024 τίκα
2219 2971 2245 3022 6
2273 2968 2396 3038 δφις
2427 2968 2765 3038 καλούμενος
2807 2967 3144 3039 βασιλίσκος,
3180 2963 3240 3023 οῦ
3276 2971 3372 3023 καὶ
3399 2972 3426 3021 6
3469 2972 3642 3040 σοφὸς

2067 3061 2343 3132 μέμνηται
2375 3061 2612 3131 Γαληνὸς
2648 3063 2776 3134 περὶ
2819 3061 3086 3133 θηριακῆς
3127 3063 3261 3133 πρὸς
3285 3062 3508 3117 Πίσωνα
3547 3065 3643 3118 τὸν

2062 3152 2220 3220 λόγον
2281 3151 2626 3222 ποιούμενος,
2659 3153 2755 3206 καὶ
2807 3154 2915 3208 ἀπὸ
2973 3154 3140 3224 μόνης
3189 3155 3364 3224 ὅψεως
3417 3157 3644 3228 ἀναιρεῖ

2061 3241 2190 3303 τοὺς
2250 3241 2564 3311 ἑωρακότας
2621 3241 2803 3296 αὐτόν.
2844 3241 3038 3295 Ἔνθεν
3081 3259 3163 3296 τοι
3214 3243 3306 3298 τὸν
3358 3243 3638 3314 βάσκαιον

2061 3331 2341 3402 ὀφθαλμὸν
2361 3331 2452 3385 τοῦ
2482 3332 2722 3387 τοιούτου
2751 3332 2928 3402 ὕφεως
2973 3334 3340 3404 διενηνοχέναι
3388 3341 3560 3408 φησὶν
3601 3341 3636 3410 ἡ

2063 3423 2259 3492 Γραφή
2280 3437 2293 3453 ·
2326 3424 2578 3495 καθάπερ
2612 3426 2723 3497 γὰρ
2749 3425 2858 3480 ἀπὸ
2885 3426 3039 3482 τοῦδε
3063 3418 3155 3482 τοῦ
3187 3427 3349 3499 θηρὸς
3380 3431 3636 3503 ὀλέθριόν

2060 3529 2113 3565 τι
2151 3512 2332 3584 ῥεῦμα
2367 3515 2657 3584 ἐκφέρεται
2705 3516 3052 3586 παραχρῆμα
3093 3517 3428 3588 διαφθείρειν
3466 3521 3633 3576 δυνά-

2066 3621 2245 3674 μενον,
2284 3593 2425 3658 οὕτω
2454 3610 2553 3661 καὶ
2573 3606 2633 3670 ἐξ
2663 3607 2838 3660 αὐτῶν
2864 3607 2972 3661 τῶν
2996 3607 3087 3676 τοῦ
3105 3624 3108 3627 ·
3119 3610 3392 3690 βασκάνου
3422 3613 3634 3680 690a}.-

2065 3698 2202 3767 μῶν.
2240 3698 2352 3752 Καὶ
2389 3697 2452 3752 τὸ
2509 3697 2576 3770 δὴ
2616 3697 2950 3769 θαυμαστὸν,
2977 3700 3059 3754 δτι
3114 3705 3209 3757 καὶ
3236 3705 3420 3769 αὐτοῖς
3455 3708 3634 3761 ἐνίοτε

2062 3790 2174 3852 τοῖς
2202 3789 2424 3854 οἰκείοις
2454 3791 2547 3845 καὶ
2576 3791 2832 3861 συνήθεσι
2854 3793 2944 3847 τὸν
2976 3793 3199 3864 ὄλεθρον
3235 3796 3483 3867 φέρουσι.
3519 3802 3634 3858 Καὶ

2061 3881 2247 3934 καινὸν
2284 3882 2379 3934 ἐπὶ
2419 3881 2630 3944 τούτοις
2662 3883 2849 3938 ούδένο
2878 3884 2906 3936 δ
2939 3885 3048 3955 γὰρ
3096 3886 3429 3955 πεφύκασιν,
3469 3893 3575 3962 οὐχ
3604 3894 3634 3950 ὃ

2061 3967 2342 4038 βούλονται
2382 3969 2618 4025 ποιοῦσι.
2647 3968 2760 4027 Kal.
2795 3973 2871 4044 μὴ
2893 3972 3140 4043 θαύμαζε
3178 3977 3366 4032 τούτου
3400 3979 3630 4034 ῐνεκενο

2059 4062 2108 4116 εἰ
2132 4063 2242 4131 γὰρ
2275 4063 2479 4135 ἑαυτῷ,
2521 4063 2668 4120 καθὰ
2700 4081 2833 4135 φησι
2868 4066 3236 4137 Πλούταρχος,
3274 4069 3304 4121 6
3331 4069 3632 4137 Εὐτελίδας

2059 4149 2330 4217 ἔϐάσκηνε
2361 4150 2460 4218 τὴν
2488 4149 2610 4219 ὄψιν
2658 4152 2823 4208 αὑτοῦ
2861 4149 3100 4206 κατιδὼν’
3119 4156 3177 4208 ὲν
3209 4155 3362 4209 ὕδατι
3393 4160 3494 4212 καὶ
3526 4162 3628 4230 τῆς

2059 4239 2207 4312 ὥρας
2232 4242 2551 4311 ἐκπλαγεὶς,
2598 4242 2780 4313 πολλῷ
2808 4243 3008 4314 μᾶλλον
3039 4246 3250 4317 ἑτέροις
3280 4247 3485 4312 ἐπάξει
3535 4253 3629 4304 τὸν

2056 4331 2277 4399 ὄλεθρον
2305 4333 2333 4386 ὁ
2384 4332 2660 4404 βάσκανος
2707 4333 3005 4404 ὀφθαλμὸς,
3038 4334 3192 4405 βέλος
3211 4393 3219 4398 _,
3247 4335 3392 4390 ὥσπε
3404 4353 3438 4407 ρ
3474 4340 3632 4404 ἰῶδες

2057 4424 2170 4486 τοῖς
2198 4422 2505 4493 δρωμένοις
2534 4424 2692 4477 τοῦτο
2721 4425 2905 4488 ὲνιείς.
2933 4427 3044 4478 Καὶ
3074 4425 3249 4480 ταῦτα
3276 4427 3372 4496 μὲν
3402 4429 3438 4496 ἡ
3461 4433 3633 4500 πεῖρα

2057 4514 2150 4566 καὶ
2180 4515 2209 4567 6
2237 4514 2426 4584 χρόνος
2491 4513 2759 4571 ἀνέκαθεν
2803 4515 3037 4578 ἔδειξενο
3104 4518 3154 4569 οἱ
3211 4518 3317 4588 γὰρ
3350 4517 3633 4590 ὀφθαλμοὶ

2055 4604 2150 4657 καὶ
2173 4603 2342 4675 δρῶσι
2379 4603 2475 4656 καὶ
2508 4608 2802 4674 πάσχουσι,
2843 4605 2972 4658 ποτὲ
2989 4606 3087 4671 μὲν
3116 4607 3450 4676 πέμποντες,
3492 4610 3631 4662 ποτὲ

2054 4692 2111 4745 δὲ
2148 4692 2449 4763 δεχόμενοι,
2481 4691 2556 4755 ὡς
2591 4693 2812 4744 ἐπὶτῶν
2848 4694 3143 4764 ἐρωμένων
3170 4689 3320 4748 ἐστιν
3351 4695 3514 4751 ἰδεῖν.
3567 4699 3628 4751 ’0

2054 4784 2110 4837 δὲ
2138 4784 2313 4853 μέγας
2342 4784 2625 4847 Βασίλειος
2657 4787 2714 4838 ὲν
2729 4779 2810 4848 οἷς
2837 4785 3189 4856 έπεξηγεῖται
3220 4787 3318 4856 τὴν
3346 4787 3445 4841 τοῦ
3471 4806 3634 4860 τρια-

2055 4874 2248 4928 κοστοῦ
2280 4876 2465 4946 τρίτου
2505 4875 2725 4946 ψαλμοῦ
2780 4878 3120 4948 ἐπιγραφὴν,
3149 4879 3244 4934 καὶ
3269 4879 3393 4942 τάδε
3432 4881 3629 4950 φησιν’

2060 4983 2081 5016 ι
2131 4965 2267 5020 Ἀλλ’
2306 4967 2417 5036 ἐγὼ
2450 4968 2608 5023 τοῦτο
2638 4970 2842 5037 μέντοι,
2883 4972 2946 5024 τὸ
3006 4970 3157 5040 βέλος
3209 4972 3362 5035 ίῶδες
3411 4974 3634 5045 ἐκπέμ-

2055 5070 2179 5108 πειν
2233 5059 2360 5120 τοὺς
2397 5057 2734 5129 ὀφθαλμοὺς,
2787 5047 3190 5132 ἀποπέμπομαι
3249 5063 3324 5126 ὡς
3369 5063 3631 5132 δηιιῶδες

2054 5147 2150 5201 καὶ
2176 5150 2240 5218 τῇ
2285 5151 2688 5216 γυναικωνίτιδι
2752 5155 3124 5225 παρεισαχθὲν
3185 5157 3290 5213 ὑπὸ
3341 5164 3627 5231 γραῖδων·

2054 5240 2230 5292 ἐκεῖνο
2272 5239 2329 5292 δέ
2357 5257 2524 5311 φημι,
2567 5243 2648 5295 ὅτι
2685 5244 2736 5297 οί
2763 5247 3049 5314 μισόκαλοι
3088 5249 3365 5320 δαίμονες,
3393 5254 3628 5310 ἐπειδὰν

2052 5327 2256 5390 οἰκείας
2285 5328 2495 5392 ἑαυτοῖς
2518 5328 2720 5400 εὕρωσι
2749 5337 3125 5405 προαιρέσεις,
3166 5341 3438 5406 παντοίως
3478 5343 3628 5401 ὥστε

2057 5423 2295 5487 καὶτοῖς
2332 5423 2637 5494 ὀφθαλμοῖς
2671 5425 2779 5480 τῶν
2803 5427 3111 5498 βασκάνων.
3148 5450 3169 5485 z

2132 5682 2460 5753 Διαληφθεὶς
2483 5683 2578 5738 οὖν
2607 5685 2636 5737 δ
2661 5684 2806 5754 ὄφις,
2837 5689 3119 5742 τουτέστιν
3143 5691 3170 5742 ὁ
3193 5688 3536 5760 βασιλίσκος,
3558 5695 3622 5749 ού

2053 5770 2214 5842 μόνον
2253 5770 2332 5842 τῷ
2383 5771 2656 5846 βλέμματι
2701 5777 2827 5842 τοὺς
2871 5779 3181 5849 ὲνορῶντας
3241 5782 3410 5850 αὑτὸν
3442 5798 3623 5840 κατα-
