3862 6228
402 319 502 385 131
1675 318 2096 388 MICHAELIS
2134 327 2391 389 GLYC/E
3538 324 3652 396 Ἰ.Ῐῖ

403 448 671 501 veterem,
703 449 825 491 eum
859 435 1048 490 aestivo
1084 442 1331 503 tempore
1360 435 1536 504 spicas
1567 438 1850 504 vellerent,
1885 439 1972 495 siti

2089 438 2201 508 Βρες
2232 442 2373 504 τινὲς
2405 443 2643 509 στάχυας
2712 440 2939 495 ἔτιλλον.
2990 442 3102 495 Καὶ
3152 443 3309 498 τοῦτο
3360 445 3652 508 ποιοῦντες

400 529 577 585 fuisse
635 536 937 596 correptos.
1001 525 1189 595 Itaque
1250 526 1528 582 vasculum
1578 529 1646 584 ad
1699 530 1969 600 quoddam

2089 530 2217 600 Ξίψει
2254 531 2494 598 γίνονται
2524 533 2769 602 κάτοχοι.
2795 534 2981 605 Ταύτῃ
3004 551 3084 588 τοι
3114 538 3211 589 καὶ
3263 538 3398 606 πρὸς
3425 539 3655 604 ἀγγεῖον

402 623 534 675 vino
570 621 791 690 plenum
826 619 1156 683 cucurrisse,
1200 619 1348 687 quod
1387 634 1453 674 eo
1490 634 1549 675 se
1588 622 1733 675 sitim
1765 623 1973 676 BXSIln-o

2089 619 2302 690 ἔτρεχον
2334 624 2478 676 οῐνου
2516 625 2739 694 μεστὸν,
2767 623 3083 689 ἐλπίζοντες
3139 628 3351 680 ἐκεῖθεν
3397 627 3655 680 ἀπαλλα-

407 721 592 767 cturos
622 719 926 779 sperarent.
1013 708 1216 764 Verum
1253 725 1315 765 ea
1360 726 1457 781 spe
1486 712 1792 777 excidisse;
1849 726 1973 765 nam

2089 712 2179 782 γὴν
2206 713 2307 782 τῆς
2333 713 2494 785 δίψης
2525 716 2726 784 εὑρεῖν.
2765 717 2907 770 Ἀλλ’
2939 718 3255 787 ἐσφάλησαν
3280 718 3376 771 τοῦ
3400 719 3613 772 σκοποῦ
3634 733 3654 750 ⁸

404 806 593 875 vipera
627 804 810 858 subito
847 804 971 859 inde
1004 806 1292 873 prosiliens
1328 806 1577 860 homines
1620 807 1687 859 al»
1725 805 1974 860 instituto

2089 801 2192 872 ἔχις
2231 803 2341 874 γὰρ
2368 805 2580 859 ἐκεῖθεν
2623 807 2879 877 αίφνηδδν
2929 809 3289 880 ἐκπηδήσασα
3319 810 3420 879 τῆς
3465 812 3653 880 ὁρμῆς

405 894 716 948 revocabat.
781 893 918 958 Quid
966 897 1265 948 secundum
1301 894 1418 949 haec
1468 894 1692 947 evenit?
1742 893 1976 947 Sutuunt

2089 894 2276 956 ιύτοὺς
2308 896 2642 965 ἀνεχαίτισε,
2691 897 2758 950 Τί
2781 898 2840 951 τὸ
2878 900 2973 951 ἐπὶ
3012 898 3253 966 τούτοις;
3286 900 3654 969 Λαμὸάνουσι

404 987 619 1049 vinum,
654 987 814 1055 idque
845 987 1061 1040 cuidam
1092 985 1301 1039 homini
1335 985 1532 1039 misere
1559 984 1754 1039 allecto
1796 982 1975 1050 porri-

406 1090 563 1151 gunt,
623 1088 683 1134 ut
729 1078 834 1133 hoc
886 1087 1050 1147 epoto
1080 1081 1246 1132 citius
1284 1077 1447 1133 tantis
1473 1076 1751 1131 doloribus
1780 1076 1978 1130 libera-

406 1182 579 1233 retur,
614 1186 719 1224 nec
752 1185 922 1239 usque
952 1170 1088 1225 adeo
1120 1172 1331 1235 tristem
1381 1168 1614 1238 amplius
1653 1168 1819 1221 vitam
1852 1181 1979 1236 age-

317 1315 323 1323 ,
405 1272 508 1316 rel.
553 1262 761 1331 Accipit
801 1263 1041 1316 oblatum
1082 1260 1171 1315 ille
1204 1259 1414 1322 vinum,
1460 1266 1666 1312 etcum
1705 1258 1979 1325 voluptate

405 1352 683 1406 exhaurit.
743 1351 865 1406 Mox
900 1368 1020 1407 sese
1070 1352 1262 1404 morbo
1302 1349 1525 1405 liberari
1572 1348 1978 1403 animadvertit.

407 1442 770 1506 Quamobrem
816 1443 884 1495 ab
928 1441 1020 1495 illo
1056 1447 1300 1508 tempore
1326 1452 1524 1492 carnes
1565 1436 1823 1507 viperina:
1854 1437 1983 1492 huic

407 1534 701 1602 pharmaco
750 1531 970 1585 misceri
1016 1526 1445 1593 consueverunt,
1473 1526 1562 1582 cui
1596 1526 1850 1581 theriaeae
1876 1541 1980 1581 no-

408 1639 532 1689 men
563 1624 749 1676 datum
777 1632 860 1675 est
882 1637 910 1674 a
941 1620 1073 1674 feris
1099 1629 1263 1688 atque
1290 1617 1504 1681 bestiis,
1532 1616 1731 1685 quibus
1762 1615 1830 1669 ad
1859 1629 1979 1669 eam

408 1713 804 1769 conﬁciendam
845 1712 1074 1766 utimur.
1137 1710 1206 1763 Et
1258 1707 1517 1762 conducit
1572 1705 1624 1758 iu
1676 1705 1865 1775 primis
1913 1706 1981 1760 ad

408 1807 683 1859 sanandos
711 1812 1033 1872 serpentum
1070 1815 1319 1855 morsus.
1353 1800 1559 1853 Auctor
1593 1796 1803 1852 inventi
1837 1797 1988 1865 prin—
2013 1773 2060 1834 Β

407 1913 537 1968 ceps
581 1898 750 1950 fuisse
799 1895 972 1951 fertur
1006 1889 1427 1948 Andromachus
1457 1889 1704 1958 quidam,
1738 1896 1801 1941 ut
1827 1886 1987 1945 Gale-

406 1994 521 2043 nus'
540 1987 781 2055 scripsit,
817 1987 911 2054 qui
938 1982 1175 2038 Neronis
1204 1989 1362 2036 aetate
1391 1981 1546 2035 vixit.

475 2081 741 2135 Caeterum
794 2085 989 2145 praeter
1048 2075 1313 2127 hactenus
1360 2071 1595 2126 indicata
1635 2073 1775 2126 sciIe
1820 2072 1986 2128 debes

407 2171 729 2225 convolutos
755 2175 1039 2236 serpentes
1064 2165 1235 2230 coire,
1258 2162 1714 2232 quemadmodum
1743 2163 1985 2218 erinacei

408 2272 673 2318 coeuntes
702 2261 769 2315 oh
803 2259 986 2328 spinas
1018 2256 1152 2311 recti
1190 2264 1337 2309 stare
1365 2255 1563 2309 solent.
1604 2254 1807 2320 Quodsi
1849 2271 1982 2310 cau-

409 2370 525 2409 sam
556 2354 692 2406 libet
722 2363 1077 2420 cognoscere,
1109 2340 1462 2415 quamobrem
1491 2354 1774 2414 serpentes
1796 2346 1984 2420 hieme

410 2458 609 2501 terram
646 2443 898 2504 subeant,
931 2450 1118 2493 testate
1151 2452 1370 2491 rursum
1421 2437 1487 2491 ad
1531 2438 1648 2491 loca
1698 2437 1983 2506 superiora

408 2536 698 2607 prodeant,
723 2530 1066 2602 perspicuum
1093 2537 1174 2582 est
1193 2528 1336 2580 illam
1363 2526 1669 2597 hujusmodi
1694 2528 1983 2596 quamdam

410 2643 555 2683 esse.
585 2625 694 2695 60
727 2623 930 2677 Natura
961 2634 1190 2691 serpens
1217 2617 1444 2689 frigidus
1474 2626 1580 2680 est,
1608 2620 1805 2682 siccus,
1844 2633 1977 2672 ner-

407 2736 596 2786 vosus,
642 2716 823 2787 exigui
871 2713 1175 2783 sanguinis,
1208 2726 1316 2780 quo
1346 2709 1407 2763 fit
1431 2719 1493 2763 ut
1519 2709 1834 2763 necessario
1866 2710 1986 2763 loea

409 2827 623 2882 semper
654 2809 824 2865 calida
855 2815 1083 2877 quaerat.
1137 2804 1384 2873 Cumque
1423 2816 1522 2871 per
1552 2801 1789 2855 hiemem
1825 2801 1974 2854 calor

408 2906 475 2960 ad
498 2905 605 2957 ima
628 2900 849 2956 tendere
869 2899 1062 2961 soleat,
1092 2910 1190 2965 per
1218 2902 1464 2948 aestatem
1486 2895 1769 2946 sursumin
1796 2907 1987 2961 super-

409 2997 532 3053 ficie
584 3005 739 3050 terra:
788 2994 944 3060 quasi
985 2989 1350 3058 dispergatur,
1411 2995 1698 3054 propterea
1752 2998 1985 3053 serpens

409 3091 572 3143 etiam
603 3086 855 3155 regiones
898 3082 1126 3149 locaque
1156 3092 1256 3132 sua
1296 3090 1396 3146 pro
1422 3077 1565 3131 aeris
1597 3076 1983 3130 constitutione

409 3191 622 3237 mutare
648 3175 954 3232 consuevit.
988 3170 1124 3224 Nam
1159 3178 1215 3224 et
1244 3184 1396 3238 aquae
1424 3167 1672 3237 puteales
1696 3181 1793 3235 per
1822 3177 1983 3221 aesta—

410 3281 516 3326 tem
556 3268 765 3339 frigida:
794 3275 940 3331 sunt,
994 3278 1091 3332 per
1141 3260 1379 3315 hiemem
1410 3257 1620 3311 calidae.
1653 3256 1809 3310 Tunc
1835 3259 1982 3309 enim

408 3365 609 3433 frigore
644 3368 827 3430 partes
873 3364 1154 3425 puteorum
1187 3365 1472 3419 supremas
1497 3357 1801 3417 occupante
1837 3348 1986 3402 calor

407 3457 480 3512 ad
519 3457 628 3509 ima
662 3452 856 3507 tendit.
908 3450 1039 3514 Quae
1067 3461 1229 3502 causa
1264 3455 1368 3508 est,
1402 3459 1502 3496 cur
1538 3439 1800 3511 ejusmodi
1833 3454 1989 3509 aqua:

414 3561 511 3616 per
568 3544 806 3596 hiemem
840 3540 1069 3594 caleant.
1134 3535 1350 3605 Quippe
1401 3540 1594 3586 natura
1641 3543 1984 3598 nequaquam

414 3633 660 3690 instituit
687 3640 747 3685 ut
775 3631 942 3699 frigus
974 3636 1136 3695 atque
1155 3626 1302 3679 calor
1318 3621 1510 3678 eodem
1539 3620 1593 3673 in
1620 3619 1741 3673 loco
1769 3618 1988 3674 eodem.

413 3742 519 3802 que
544 3735 788 3795 tempore
825 3721 989 3777 simul
1018 3720 1305 3775 exsistant.

484 3915 701 3971 Volote
741 3913 844 3968 hoc
888 3925 1107 3981 quoque
1148 3913 1344 3978 praeter
1377 3903 1621 3975 exposita
1653 3900 1815 3967 scire,
1846 3916 1979 3956 con-

410 4026 601 4067 suesse
635 4006 819 4064 sacras
844 4006 1078 4062 Litteras
1109 4007 1393 4069 serpentes
1416 3999 1684 4052 maximos
1712 3996 1985 4065 appellare

413 4107 699 4167 dracones,
732 4100 1030 4170 praesertim
1064 4109 1186 4149 cum
1210 4093 1276 4147 de
1302 4091 1464 4145 Mosis
1488 4091 1637 4160 virga
1662 4089 1980 4157 loquuntur,

415 4197 587 4252 fuisse
627 4196 847 4264 quidem
880 4192 1022 4245 illam
1055 4187 1209 4257 prius
1240 4185 1294 4239 in
1335 4191 1648 4252 serpentem
1677 4192 1984 4235 commuta-

415 4299 549 4355 tam,
590 4300 778 4340 verum
823 4282 1082 4347 deinceps
1115 4277 1167 4330 in
1221 4275 1538 4339 draconem,
1566 4287 1630 4326 ac
1681 4270 1982 4325 secundum

415 4381 530 4434 haec
575 4381 754 4447 virgas
796 4371 1253 4445 praestigiatorum
1314 4365 1612 4419 Pharaonis
1663 4365 1978 4427 devorasse,

2080 984 2171 1035 τὸν
2195 981 2338 1038 οῐνον
2367 987 2464 1039 καὶ
2492 988 2766 1058 ἀνθρώπῳ
2802 993 2911 1041 τινὶ
2965 990 3335 1061 λελωϐημένῳ
3391 991 3659 1055 διδόασιν,

2080 1072 2155 1137 ὡς
2185 1076 2438 1131 ἐντεῦθεν
2495 1080 2660 1133 αὐτὸν
2712 1081 2907 1133 θᾶττον
2952 1081 3219 1151 ἐκστῆναι
3275 1083 3385 1135 τῶν
3422 1076 3525 1135 ὦδε
3561 1084 3663 1135 καὶ

2082 1166 2158 1237 μὴ
2189 1169 2247 1220 τὸ
2274 1168 2373 1239 ζῇν
2402 1168 2575 1233 οὕτως
2602 1170 2747 1240 ἔχειν
2788 1172 3087 1227 ἐπώδυνον.
3122 1174 3349 1243 Δέχεται
3384 1173 3478 1227 τὸν
3509 1170 3661 1228 οἶνον

2057 1258 2317 1331 ἐκεῖνος,
2351 1259 2471 1328 μεθ’
2524 1260 2718 1332 ἡδονῆς
2754 1263 2988 1332 ἐκροφᾷ,
3021 1265 3117 1317 καὶ
3170 1264 3519 1334 παραχρῆμα
3556 1262 3664 1332 τῆς

2081 1350 2237 1404 νόσου
2279 1350 2552 1418 λύτρωσιν
2580 1350 2799 1421 εὕρατο.
2834 1352 3060 1405 Ἐκτοτε
3110 1348 3202 1406 οὖν
3232 1354 3288 1407 αἱ
3316 1355 3412 1422 τῆς
3440 1354 3663 1423 ἐχίδνης

2086 1440 2287 1508 σάρκες
2321 1439 2684 1509 ἐμϐάλλονται
2710 1441 2787 1510 τῷ
2832 1442 3135 1514 φαρμάκῳ.
3177 1442 3339 1497 Ἀλλὰ
3400 1445 3498 1497 καὶ
3568 1427 3689 1513 θη(

2086 1528 2282 1598 ριακὴν
2312 1529 2374 1581 τὸ
2405 1527 2650 1583 τοιοῦτον
2713 1529 2804 1584 διὰ
2852 1530 2955 1594 τὰς
3012 1530 3124 1584 τῶν
3182 1531 3388 1603 θηρίων
3446 1533 3663 1603 σάρκας

2080 1619 2510 1688 ἐπονομάζουσι,
2576 1620 2672 1672 καὶ
2730 1621 2813 1674 ὅτι
2859 1623 2974 1685 τοῖς
3011 1621 3120 1676 άπὸ
3154 1621 3265 1676 τῶν
3315 1623 3497 1692 ὄφεων
3526 1624 3660 1692 δήγ-

2089 1723 2251 1776 μασιο
2293 1709 2388 1761 καὶ
2438 1705 2584 1777 μάλα
2663 1707 2726 1760 τὸ
2778 1707 3023 1763 τοιοῦτον
3073 1711 3364 1780 ἁρμόττει.
3421 1711 3536 1781 Τῆς
3606 1710 3664 1763 δὲ

2088 1797 2347 1869 τοιαύτης
2423 1799 2763 1868 ἐπινοήσεως
2835 1799 3207 1871 Ἀνδρόμαχός
3279 1819 3365 1864 τις
3424 1804 3661 1871 γέγονεν

2088 1890 2287 1953 αἴτιος,
2340 1887 2484 1943 καθά
2533 1904 2668 1958 φησι
2721 1888 2981 1960 Γαληνὸς,
3042 1892 3398 1962 συνακμάσας
3444 1891 3523 1963 τῷ
3553 1893 3666 1945 Νέ-

2089 2002 2243 2050 ρωνι.

2159 2074 2303 2144 Πρὸς
2330 2074 2387 2126 δέ
2419 2090 2479 2142 γε
2511 2075 2621 2137 τοῖς
2678 2073 3014 2144 εἰρημένοις,
3064 2074 3443 2147 ἑλιττομένους
3490 2077 3666 2146 ἀλλή-

2086 2164 2198 2229 λοις
2229 2166 2467 2232 γίνωσκε
2510 2167 2633 2229 τοὺς
2680 2165 2835 2235 ὄφεις
2892 2165 3201 2238 ὀχεύεσθαι,
3249 2167 3393 2222 καθά
3453 2168 3523 2238 δὴ
3568 2169 3667 2222 καὶ

2086 2257 2213 2319 τοὺς
2239 2257 2451 2325 ἐχίνους
2500 2256 2719 2326 ὀρθίους
2763 2235 3091 2328 ἱσταμένοιῆ
3143 2258 3226 2313 διὰ
3263 2257 3360 2330 τὴν
3392 2235 3663 2313 ἄκανθαν.

2086 2348 2151 2402 El
2179 2348 2346 2401 δὲκαὶ
2391 2349 2489 2419 τὴν
2520 2348 2701 2403 αἰτίαν
2733 2348 2915 2420 βούλει
2961 2350 3157 2418 μαθεῖν
3206 2351 3274 2404 δι’
3307 2352 3375 2423 ἠν
3419 2354 3470 2404 oi.
3497 2353 3665 2422 ὄφεις

2086 2439 2355 2509 χειμῶνος
2407 2439 2507 2508 μέν
2540 2444 2607 2512 τῇ
2643 2443 2712 2511 γῇ
2750 2443 3132 2508 καταδύονται,
3198 2441 3386 2513 θέρους
3418 2443 3476 2497 δέ
3533 2446 3669 2507 τοὺς

2085 2531 2199 2585 άνω
2224 2535 2423 2594 τόπους
2457 2532 2805 2601 ἐπιζητοῦσι,
2844 2533 3024 2602 σαφὴς
3052 2533 3134 2588 ὅτι
3164 2536 3257 2588 καὶ
3306 2534 3447 2605 αῦτη
3518 2537 3663 2591 ἐστι.

2087 2620 2308 2692 Ψυχρδς
2344 2623 2520 2695 όόφις
2550 2625 2667 2675 ἐστὶ
2721 2625 2817 2677 καὶ
2870 2623 3034 2696 ξηρὸς
3088 2626 3184 2678 καὶ
3243 2625 3519 2695 νευρώδης
3566 2629 3667 2681 καὶ

2086 2712 2425 2783 όλιγόαιμος,
2456 2716 2543 2783 ἐφ’
2573 2710 2616 2784 ᾧ
2646 2716 2744 2767 καὶ
2775 2717 2904 2779 τοὺς
2937 2715 3179 2786 θερμοὺς
3227 2718 3313 2770 ἀεὶ
3334 2719 3539 2782 τόπους
3605 2719 3667 2783 ἐξ

2087 2805 2333 2875 ἀνάγκης
2362 2805 2615 2877 ἐπιζητεῖ
2638 2824 2654 2841 ο
2691 2809 2787 2860 καὶ
2816 2808 3008 2877 ἐπειδὴ
3040 2809 3311 2880 χειμῶνος
3346 2810 3499 2880 μὲνὴ
3528 2811 3662 2878 θερ-

2090 2896 2260 2967 μότης
2293 2896 2443 2950 κάτω
2478 2899 2676 2966 χωρεῖν
2716 2896 2897 2964 εῐωθεζ
2959 2899 3149 2970 θέρους
3181 2901 3238 2954 δέ
3291 2901 3501 2955 ἄνωθεν
3532 2902 3662 2955 ἐπι-

2088 2987 2342 3054 πολάζει,
2373 2988 2463 3041 διὰ
2487 2988 2645 3042 τοῦτο
2699 2990 2794 3044 καὶ
2825 2989 2924 3054 τὰς
2952 2991 3151 3044 ἐαυτοῦ
3206 2992 3378 3063 νομάς
3405 2996 3549 3064 πρός
3597 3010 3662 3062 γε

2086 3079 2185 3147 τὴν
2211 3078 2305 3131 τοῦ
2336 3079 2499 3150 ἀέρος
2534 3080 2867 3135 κατάστασιν
2902 3080 3232 3136 ὑπαλλάττει
3261 3083 3288 3134 ὁ
3322 3082 3472 3151 ὄφις.
3507 3083 3659 3153 Ὅρα

2086 3160 2305 3243 γὰρ’ὅτι
2338 3172 2523 3226 καὶτὰ
2551 3175 2845 3243 φρεατιαῖα
2875 3173 3042 3228 ὕδατα
3073 3174 3263 3244 θέρους
3299 3175 3397 3243 μὲν
3447 3179 3660 3247 τυγχά-

2085 3281 2166 3319 νει
2186 3265 2394 3336 ψυχρὰ,
2431 3268 2700 3339 χειμῶνος
2723 3268 2778 3321 δέ
2807 3267 3009 3339 θερμά.
3041 3270 3356 3338 Τηνικαῦτα
3407 3271 3505 3324 καὶ
3545 3271 3658 3341 γάρ

2084 3358 2182 3427 τῆς
2203 3358 2543 3430 ψυχρότητος
2591 3360 2796 3414 ἄνωθεν
2852 3361 3294 3432 ἐπιπολαζούσης
3331 3365 3412 3426 εἰς
3454 3365 3518 3417 τὸ
3563 3365 3665 3434 βά-

2085 3447 2176 3513 θος
2206 3450 2240 3518 ὴ
2292 3451 2562 3523 θερμότης
2591 3455 2781 3522 χωρεῖ⁹
2838 3453 2960 3506 ὅθεν
3024 3454 3120 3507 καὶ
3172 3454 3350 3524 θερμὰ
3390 3457 3661 3526 τυγχάνει

2085 3540 2228 3595 κατά
2248 3557 2312 3609 γε
2347 3542 2436 3594 τὸν
2468 3544 2716 3614 χειμῶνα
2778 3544 2846 3598 τὰ
2894 3545 3085 3601 ὕδατα.
3139 3545 3251 3617 Τήν
3293 3564 3351 3600 τε
3406 3550 3522 3620 γὰρ
3547 3549 3655 3619 ψυ-

2086 3630 2326 3703 χρότητα
2350 3634 2446 3686 καὶ
2476 3633 2793 3704 θερμότητα
2860 3637 3002 3691 κατά
3041 3653 3106 3706 γε
3137 3638 3228 3692 τὸν
3278 3638 3443 3692 αὐτὸν
3484 3640 3658 3694 τόπον

2083 3725 2177 3776 καὶ
2249 3724 2442 3794 χρόνον
2499 3724 2617 3795 ἅμα
2679 3726 2863 3795 μένειν
2929 3730 2962 3799 ἡ
3024 3728 3189 3798 φύσις
3249 3729 3348 3783 οὐκ
3401 3731 3663 3801 ἐνομοθέ-

2083 3830 2269 3882 τησεν.

2167 3903 2330 3957 Ἀλλά
2358 3904 2452 3957 καὶ
2479 3904 2638 3958 τοῦτο
2669 3907 2805 3978 πρὸς
2848 3911 2960 3972 τοῖς
2993 3908 3175 3974 ἄλλοις
3202 3911 3399 3966 εἰδέναι
3431 3928 3495 3965 σε
3530 3911 3665 3982 βού-

2081 3998 2265 4068 λομαι.
2290 4000 2426 4061 Τοὺς
2459 4001 2747 4070 μεγίστους
2781 4000 2933 4071 ὄφεις
2951 4002 3248 4072 δράκοντας
3277 4005 3436 4058 εἴωθε
3466 4007 3661 4059 καλεῖν

2089 4092 2122 4161 ἡ
2160 4091 2374 4160 Γραφὴ,
2416 4095 2508 4144 καί
2548 4092 2748 4162 μᾶλλον
2785 4094 2944 4163 ήνίκα
2989 4097 3121 4167 περὶ
3154 4097 3254 4165 τῆς
3281 4096 3482 4167 ῥάϐδου
3505 4099 3661 4166 λέγει

2082 4177 2178 4230 τοῦ
2210 4180 2475 4246 Μωσέως,
2518 4180 2929 4250 μεταϐληθῆναι
2961 4183 3059 4252 μὲν
3109 4184 3187 4245 εἰς
3218 4184 3341 4250 ὄφιν
3370 4183 3431 4235 τὸ
3460 4183 3663 4254 πρότε-

2088 4283 2198 4335 ρον,
2235 4260 2338 4318 εἷθ’
2364 4264 2535 4330 οὕτως
2590 4270 2665 4328 είς
2712 4268 3004 4337 δράκοντα,
3045 4269 3341 4326 κάντεῦθεν
3378 4271 3480 4335 τὰς
3521 4273 3662 4342 ράδ-
3700 4339 3708 4347 _

2083 4356 2206 4420 δους
2237 4356 2348 4410 τῶν
2392 4359 2662 4412 ἐπαοιδῶν
2694 4359 2790 4412 τοῦ
2823 4360 3024 4430 Φαραὼ
3062 4364 3374 4424 καταπιεῖν,
3409 4363 3510 4416 καὶ
3555 4365 3663 4417 αὖ·

412 4484 532 4539 qua:
559 4477 613 4522 et
644 4469 775 4531 ipsae
805 4465 858 4517 in
886 4466 1169 4530 serpentes
1199 4465 1356 4511 erant
1390 4462 1754 4510 commutatae.
1786 4452 1979 4508 Itidem

2094 4447 2191 4511 τὰς
2231 4447 2392 4519 δῆθεν
2448 4449 2527 4512 είς
2583 4449 2737 4519 ὄφεις
2794 4452 3247 4523 μεταὸληθείσας.
3287 4452 3448 4507 Ἀλλὰ
3500 4455 3601 4508 καὶ
3636 4456 3664 4509 ὁ

411 4571 566 4616 vates
621 4559 710 4612 ille
769 4553 999 4609 Davides
1054 4550 1121 4604 de
1172 4558 1393 4605 eetaceo
1455 4560 1657 4615 genere
1717 4546 1976 4614 loquens,

419 4653 641 4709 «Draco.
671 4645 866 4716 inquit,
916 4644 1019 4697 iste
1059 4655 1220 4711 quem
1261 4636 1581 4699 condidisti,
1632 4644 1693 4689 ut
1743 4636 1800 4689 in
1838 4636 1979 4689 mari

418 4742 691 4796 luderet.)
752 4735 1021 4790 Caeterum
1096 4744 1268 4799 genus
1326 4726 1598 4798 ejusmodi
1657 4727 1977 4792 draconum,

414 4834 574 4904 quale
611 4828 882 4899 quoddam
933 4825 1198 4879 exsistere
1229 4820 1392 4890 vulgo
1426 4818 1764 4889 perhibetur,
1795 4818 1982 4873 hacte-

414 4937 520 4978 nus
576 4917 912 4987 descriptum
983 4927 1115 4968 sane
1167 4927 1439 4980 nusquam
1498 4907 1977 4979 deprehendimus.

417 5015 530 5070 Nec
558 5019 847 5083 propterea
875 5007 1171 5077 fulgureus.
1217 5003 1358 5073 ignis
1405 5001 1661 5055 deorsum
1717 5000 1890 5053 fertur
1925 5004 1982 5050 ut

415 5102 725 5177 huiusmodi
751 5102 1015 5157 dracones
1053 5103 1264 5151 exurat.
1307 5094 1428 5164 lpsa
1460 5095 1760 5148 draconum
1788 5100 1979 5143 natura

413 5198 554 5252 sicea
585 5201 746 5247 estet
771 5187 1073 5245 substantia
1099 5185 1331 5253 quadam
1368 5184 1519 5252 ignea
1549 5188 1782 5236 constat.
1810 5178 1980 5246 Quipe

416 5302 483 5357 pe
516 5284 585 5338 de
620 5284 863 5353 ipsorum
900 5277 1074 5332 oculis
1100 5276 1264 5328 etiam
1301 5271 1442 5342 ignis
1470 5270 1695 5333 emicat,
1736 5276 1791 5321 et
1821 5278 1984 5318 vene-

413 5392 544 5432 num
604 5374 756 5444 quod'
811 5377 1075 5425 evomunt
1143 5366 1419 5421 fumosum
1474 5372 1580 5427 est,
1640 5370 1983 5429 corporaque

414 5476 663 5524 contacta
699 5463 937 5519 dissilire
966 5461 1118 5516 facit.
1151 5459 1283 5513 ln’de
1316 5456 1373 5510 ﬁt
1405 5464 1463 5510 ut
1495 5455 1563 5509 ad
1595 5450 1983 5506 inﬂammatio-

416 5581 540 5620 nem
595 5563 895 5634 dispositus
944 5560 1015 5615 sit
1072 5558 1257 5620 draco,
1318 5552 1581 5609 siccitatis
1634 5564 1745 5606 sum
1795 5561 1980 5602 causa.

414 5656 780 5722 Quamobrem
813 5653 914 5708 sibi
943 5668 973 5708 a
1004 5651 1230 5705 fulmine
1260 5647 1474 5712 metuit,
1503 5656 1559 5700 et
1589 5653 1981 5708 nonnunquam

415 5748 677 5804 exsilieus
722 5759 818 5814 per
845 5760 1023 5802 aerem
1064 5745 1256 5800 fertur.
1306 5738 1511 5805 Qua-rit
1576 5737 1704 5790 item
1763 5729 1982 5787 humida

2089 4541 2380 4611 προφήτης
2403 4540 2568 4595 Δαυῖδ
2601 4542 2677 4596 τὸΔ
2694 4544 2918 4611 κηταῖον
2949 4544 3310 4615 ὑπεμφαίνων
3335 4548 3492 4613 γένος
3516 4546 3663 4601 οὕτω

2089 4633 2254 4700 φησί·
2291 4651 2309 4682 ι
2338 4632 2565 4701 Δράκων
2588 4627 2742 4695 οὗτος
2763 4632 2822 4685 ὃν
2847 4633 3088 4697 ἔπλασας
3118 4632 3411 4703 ἐμπαίζειν
3437 4637 3607 4709 αὐτῇ.
3633 4656 3650 4690 ι

2089 4725 2344 4779 Τοιοῦτον
2370 4725 2425 4777 δὲ
2456 4725 2609 4792 γένος
2637 4725 2816 4777 ὁποῖον
2849 4722 2959 4794 ἄρα
2988 4725 3314 4795 φημίζουσιν
3351 4712 3401 4780 oi
3443 4728 3661 4793 πολλοὶ,

2090 4818 2251 4888 μέχρι
2287 4817 2380 4868 καὶ
2434 4816 2670 4885 τήμερον
2722 4816 3107 4884 γεγραμμένον
3144 4818 3242 4886 οὐχ
3286 4817 3559 4888 εὕρομεν·
3599 4821 3662 4874 οὐ

2086 4906 2195 4974 γὰρ
2219 4907 2310 4957 ἐπὶ
2335 4901 2511 4973 τούτῳ
2530 4903 2589 4956 τὸ
2618 4905 2958 4973 άστραπαῖον
2982 4904 3188 4959 ἄνωθεν
3206 4906 3665 4976 καταρρήγνυται

2086 4994 2218 5063 πῦρ,
2274 4992 2367 5045 ἐπὶ
2415 4992 2494 5061 τῷ
2534 4994 2660 5056 τοὺς
2691 4996 2967 5055 τοιούτους
3004 4993 3303 5061 δράκοντας
3343 4997 3662 5069 ἐμπιπρᾷν.

2088 5084 2161 5138 Τὸ
2199 5084 2298 5154 μὲν
2350 5081 2444 5138 οὖν
2501 5086 2847 5152 δρακόντειον
2901 5088 3058 5153 γένος
3094 5086 3257 5157 ξηρόν
3285 5105 3345 5139 τε
3367 5088 3466 5156 τὴν
3498 5090 3665 5159 φύσιν

2086 5178 2203 5231 ἐστὶ
2232 5178 2328 5232 καί
2353 5176 2475 5249 [τὴν
2510 5174 2694 5247 φύσιν]
2721 5176 3018 5246 διάπυρον’
3050 5178 3160 5245 πῦρ
3206 5176 3314 5248 γὰρ
3356 5182 3453 5231 καὶ
3486 5182 3536 5232 οἱ
3569 5181 3665 5249 όφο

2087 5271 2283 5341 θαλμοὶ
2310 5272 2488 5325 αὐτῶν
2520 5270 2908 5323 ἀποϐλέπουσι.
2935 5270 3042 5322 Καὶ
3064 5268 3124 5323 δν
3156 5270 3212 5322 δὲ
3235 5270 3529 5339 ἐξεμοῦσιν
3561 5275 3662 5338 ίδν,

2087 5361 2375 5432 καπνώδης
2405 5362 2540 5426 ἐστὶ,
2574 5361 2671 5414 καὶ
2704 5363 2901 5429 διαιρεί
2926 5360 2997 5414 τὰ
3036 5360 3266 5430 σώματα
3309 5361 3532 5431 ψαύσας
3564 5367 3663 5419 αύ-

2084 5455 2213 5509 τῶν.
2248 5452 2442 5507 Ἔνθεν
2471 5470 2553 5506 τοι
2587 5455 2680 5507 καὶ
2722 5452 3031 5525 εύπρηστός
3061 5454 3210 5506 ἐστιν
3248 5455 3277 5507 ὁ
3311 5453 3561 5523 δράκων,
3594 5458 3663 5511 δι’

2082 5547 2154 5617 ἢν
2184 5547 2298 5618 ἔχει
2328 5546 2624 5616 ξηρότητα,
2657 5546 2754 5599 καὶ
2792 5547 2928 5616 πρὸς
2957 5544 3294 5614 κατάφλεξιν
3315 5546 3662 5617 ἐπιτήδειος.

2087 5639 2402 5709 Πεφόσηται
2444 5632 2537 5690 οὖν
2566 5637 2652 5690 διὰ
2691 5636 2863 5691 ταῦτα
2896 5638 2987 5690 τὸν
3027 5636 3313 5708 κεραυνὸν,
3350 5637 3447 5691 καὶ
3498 5639 3661 5691 ἁλλό-

2091 5730 2248 5797 μενός
2282 5729 2429 5780 ἐστιν
2457 5726 2544 5779 ὅτε
2576 5726 2645 5778 δι’
2690 5728 2851 5799 ἀέρος
2887 5727 3139 5798 φέρεται,
3164 5726 3365 5791 τόπους
3402 5744 3461 5781 τε
3486 5728 3659 5784 καθύ-
