3862 6228
538 252 644 263 αν-
666 252 709 273 Ἀ

134 352 141 360 ·
204 318 284 383 133
538 252 644 263 “~—
666 252 709 273 ΗΑ
1406 298 1730 367 ΑΝΝΑιιι

1854 297 2048 358 PARS
2089 297 2137 353 Ι.

3272 284 3375 339 ιδι

200 445 334 497 γριυς
353 423 579 493 ἐπιζητεῖ
608 424 703 477 καὶ
725 425 817 477 ἐπὶ
840 424 1034 494 λίμνας
1066 416 1407 490 καταφεύγει
1432 437 1443 449 ·
1479 416 1585 471 οἶδε
1611 416 1716 482 γὰρ

1840 424 1935 464 oca
1977 418 2030 462 et
2063 407 2127 460 ad
2162 413 2351 473 stagna
2386 399 2650 470 confugit.
2694 399 2854 453 Novit
2892 397 3037 451 enim
3070 410 3125 448 se
3158 403 3381 465 propter

198 525 264 573 ὅτι
288 518 363 571 διὰ
386 518 474 585 τὴν
498 516 725 567 ἐνοῦσαν
759 516 910 587 αὐτῷ
943 515 1216 585 ξηρότητα
1243 514 1336 566 καὶ
1365 512 1471 563 ἀπὸ
1494 508 1715 574 διαστή-

102 588 105 589 ν
209 626 349 679 ματος
378 606 446 674 τῷ
472 606 743 675 κεραυνίῳ
779 607 911 676 πυρὶ
941 604 1363 671 καταφλέγεται.
1399 601 1567 654 Ἔνθα
1614 615 1715 650 που

201 699 329 767 τύχοι
358 697 524 749 λοιπὸν
554 700 581 749 6
609 697 826 766 δράκων
858 697 1125 767 συρίττων
1171 697 1265 749 καὶ
1296 694 1466 754 διιὼν,
1502 690 1719 744 ἐπειδὰν

202 790 286 843 ὑπὸ
312 789 393 841 τοῦ
420 788 585 856 πυρὸς
613 788 919 853 ἐλαύνεται,
950 788 1071 840 τότε
1117 787 1180 855 δὴ
1238 788 1306 839 τὰ
1343 782 1717 853 παρακείμενα

201 882 317 950 μέρη
354 879 871 946 συγκαταφλέγεται.
907 878 1172 936 Πολλάκις
1203 877 1311 944 γὰρ
1352 877 1448 928 καὶ
1485 874 1712 940 δράκον·

197 989 270 1033 τος
299 971 415 1039 ἄτερ
443 966 563 1038 ἦχοί
594 986 743 1030 τινες
770 968 1124 1032 ἐξακούονται
1160 968 1388 1035 ἄσημοι,
1425 963 1521 1017 τοῦ
1548 964 1719 1029 πυρὸς

194 1059 367 1113 ἀνωθεν
419 1059 943 1127 καταρῤηγνυμένου
984 1059 1077 1110 καὶ
1132 1056 1349 1124 σώμασι
1404 1054 1629 1107 τοιοῖσδε
1684 1054 1717 1122 ἢ

195 1149 387 1202 τοιοῖσδε
416 1149 867 1215 προσπίπτοντος.
905 1148 1063 1199 Ὅσοι
1095 1148 1150 1199 δέ
1184 1164 1315 1214 φασι
1359 1146 1464 1199 τῶν
1510 1147 1724 1197 ἐντετυ-

196 1240 408 1311 χηκόταῖν
430 1241 547 1300 ταῖς
581 1238 863 1299 τοιαύταις
894 1238 1157 1290 καύσεσιν
1194 1239 1275 1291 ὅτι
1306 1236 1589 1289 τεΘέανται
1614 1237 1723 1303 χοῖ-

196 1350 271 1402 ρον
289 1330 630 1398 γρυλλίζοντα
661 1328 694 1394 ἢ
734 1328 983 1396 μηκάιζον
1026 1328 1273 1380 αἰπόλιον
1308 1328 1341 1394 ἢ
1377 1327 1505 1396 βοῦν
1536 1325 1726 1393 μυκώ-

196 1436 348 1490 μενον,
373 1418 574 1470 ἑαυτῶν
603 1434 663 1470 τε
692 1416 787 1470 καὶ
816 1417 924 1470 τῶν
951 1417 1239 1487 ἀκροατῶν
1261 1416 1688 1485 καταψεύδονται
1708 1430 1720 1444 ⁸

193 1509 321 1562 οὐδὲν
358 1508 457 1578 γὰρ
486 1507 801 1571 τεθέανται,
851 1507 969 1559 ἀλλ’
1012 1509 1041 1560 6
1072 1507 1236 1575 φόϐος
1269 1507 1453 1570 αὐτοῖς
1489 1505 1587 1569 τάς
1616 1520 1725 1559 τοι·

194 1594 298 1650 άσδι
328 1592 627 1665 μορφώσεις
653 1593 1093 1663 είδωλοποίησεν.
1128 1595 1192 1647 El
1233 1595 1279 1648 δ’
1314 1595 1444 1657 ίσως
1484 1596 1579 1648 καὶ
1623 1594 1717 1665 βάς

194 1699 360 1747 um;
382 1684 588 1753 δαίμων
615 1685 675 1737 τὸ
696 1684 857 1753 σῶμα
894 1684 989 1737 τοῦ
1036 1686 1329 1755 δράκοντος
1358 1686 1725 1755 ἐνδυσάμενος

192 1776 257 1838 είς
278 1777 440 1828 ἐκεῖνα
462 1774 574 1828 τῶν
609 1776 795 1847 μερῶν
824 1776 950 1844 ἄγει
971 1776 1066 1829 τὸν
1102 1776 1244 1845 θῆρα
1286 1776 1392 1829 ὑπὸ
1423 1776 1518 1830 τοῦ
1555 1777 1725 1847 πυρὸς

191 1865 350 1935 ὥσπερ
380 1866 726 1935 διωκόμενον,
756 1860 836 1930 οἷς
862 1867 927 1936 δὴ
959 1866 1276 1935 βασκαίνειν
1298 1866 1360 1931 ἐξ
1390 1867 1567 1940 ἀρχῆς
1598 1866 1725 1921 εἴω-

193 1955 285 2017 θεν,
336 1955 436 2008 οὐδ’
468 1949 630 2019 οὗτος
674 1958 701 2009 6
731 1956 891 2024 λόγος
927 1956 1261 2026 ἀπόϐλητος.
1315 1956 1566 2025 Ἀρχαίον
1618 1958 1728 2025 γὰρ

190 2045 316 2114 αὑτῷ
344 2045 662 2116 ἐνδιαίτημα
690 2047 753 2099 τὺ
781 2047 1025 2101 τοιοῦτον
1057 2048 1236 2114 γένος,
1269 2046 1432 2118 ἡνίκα
1465 2047 1559 2100 καὶ
1587 2049 1725 2117 μᾶλ-

191 2135 266 2189 λον
292 2138 424 2207 ἡμᾶς
452 2137 769 2207 ἐξορίστους
814 2138 881 2192 δι’
935 2139 1104 2193 αὑτοῦ
1135 2139 1229 2193 τοῦ
1269 2139 1600 2210 παραδείσου
1630 2156 1731 2192 πε-

193 2227 409 2296 ποίηκεν,
431 2230 557 2283 ὅθεν
585 2230 770 2284 καινὸν
801 2232 975 2298 οὐδὲν,
1000 2230 1118 2299 εἴγε
1142 2231 1239 2285 καὶ
1269 2231 1369 2295 τῆς
1399 2235 1500 2303 γῆς
1528 2232 1731 2300 ταύτης

192 2318 477 2373 ἀπώσασθαι
508 2322 809 2390 φιλονεικεί
836 2322 922 2377 διὰ
950 2324 1144 2391 φθόνον
1170 2325 1339 2393 ἡμᾶς.

246 2413 340 2465 Καὶ
383 2414 508 2482 περὶ
562 2415 664 2482 μὲν
720 2414 930 2467 τούτων
980 2415 1174 2478 οὕτως.
1221 2417 1283 2469 El
1329 2415 1515 2489 δὲτὴν
1554 2418 1731 2471 αἰτίαν

191 2499 433 2569 ἐπιζητεῖς
467 2500 537 2554 δι’
568 2501 635 2571 ἢν
666 2501 912 2572 αἴλουροι
958 2503 1053 2555 καὶ
1099 2503 1409 2574 νυκτερίδες
1440 2509 1610 2560 νύκτα
1641 2509 1734 2560 καὶ

192 2592 338 2661 μόνην
387 2593 634 2661 ἀκριϐῶς
690 2593 919 2663 ὁρῶσιν,
977 2593 1113 2663 αὕτη
1182 2596 1319 2646 ἐστί.
1382 2595 1456 2648 T6
1510 2597 1734 2650 ὁπτικὸν

194 2682 382 2750 πνεῦμα
424 2689 643 2747 πάντως
681 2684 1013 2739 λεπτότατον
1052 2687 1289 2756 ἔχουσιν.
1336 2688 1423 2741 Ἐν
1468 2692 1533 2759 τῇ
1577 2692 1733 2742 νυκτὶ

192 2768 269 2825 οὖν
320 2776 545 2845 μετρίως
611 2777 980 2847 παχυνόμενον
1036 2780 1101 2848 τῇ
1149 2778 1385 2846 ἀπουσίᾳ
1440 2782 1532 2830 τοῦ
1582 2780 1733 2849 ἡλίου

195 2864 307 2933 πρὸς
326 2865 416 2934 τὴν
444 2868 553 2919 τῶν
587 2868 801 2936 ὁρατῶν
831 2868 1118 2937 ἀντίληψιν
1140 2869 1449 2938 ἐπιτήδειον
1480 2871 1690 2937 γίνεται
1716 2886 1730 2901 ο

194 2957 322 3008 κατὰ.
348 2958 450 3025 γὰρ
488 2957 595 3029 τὴν
638 2958 853 3028 ἡμέραν
898 2958 975 3021 ὡς
1027 2960 1356 3012 λεπτότατον
1394 2960 1735 3031 διαφορεῖται

193 3062 241 3097 τε
279 3049 362 3099 καὶ
406 3050 784 3104 σκεδάννυται.
822 3051 993 3105 Τοῦτο
1033 3053 1091 3104 δὲ
1141 3052 1236 3106 καὶ
1277 3054 1337 3107 ἐν
1375 3053 1556 3117 ἄλλοις
1586 3054 1732 3106 ἔστιν
1758 3073 1808 3132 c

102 3192 107 3196 ,
191 3135 298 3190 ιδείν
323 3141 411 3193 καὶ
438 3141 495 3194 ἐν
522 3141 712 3204 αὐτοῖς
740 3143 851 3205 τοῖς
883 3142 1117 3198 λέουσιν.
1154 3144 1348 3197 Ἔνθεν
1381 3159 1463 3197 τοι
1512 3145 1608 3198 καὶ
1636 3147 1734 3207 τὰς

191 3228 393 3297 ἡλιακὰς
432 3232 813 3302 μαρμαρυγὰς
843 3233 892 3285 el
936 3231 1151 3295 λέοντες
1182 3234 1481 3301 φεύγοντες
1504 3234 1575 3287 δι’
1605 3235 1735 3303 ὅλης
1760 3244 1763 3245 ⁷

189 3318 373 3390 ἡμέρας
407 3326 498 3374 καὶ
529 3324 767 3383 ἄκοντες
811 3320 1147 3391 κρύπτονται
1177 3339 1191 3355 ο
1226 3326 1275 3376 εἰ
1320 3324 1397 3394 μὴ
1434 3324 1545 3396 γὰρ
1576 3326 1736 3379 τοῦτο

189 3404 262 3478 ἦν,
290 3412 419 3481 τάχα
450 3413 516 3466 ἂν
559 3412 856 3475 ἀκωλύτως
884 3414 943 3467 ἐν
982 3414 1167 3485 ἡμέρᾳ
1209 3418 1640 3486 περιπατοῦντες
1673 3420 1735 3471 οὐ

191 3502 375 3571 μικρῶς
403 3504 674 3558 ἔϐλαπτον
700 3508 825 3571 τοὺς
850 3506 1035 3569 αὐτοῖς
1069 3508 1520 3577 ἐντυγχάνοντας.

242 3680 464 3737 Γίνωσκε
492 3685 592 3738 καὶ
623 3684 804 3750 τοῦτο,
832 3684 917 3737 ὅτι
947 3685 976 3737 δ
996 3684 1131 3738 λέων
1153 3684 1486 3754 διωκόμενος
1516 3687 1735 3740 συστέλιδ

183 3768 253 3822 λιι
284 3771 347 3824 τὰ
383 3772 501 3842 ἴχνη
559 3773 728 3826 αὐτοῦ
770 3774 908 3843 (ﬂ).
937 3772 1095 3826 Οὕτω
1136 3774 1164 3825 6
1208 3772 1414 3843 Κύριος
1466 3776 1734 3846 κατερχό-

189 3878 331 3929 μενος
364 3865 454 3919 ἐπὶ
480 3866 582 3935 τῆς
604 3865 708 3935 γῆς
738 3865 829 3918 τὸν
858 3867 958 3934 τῆς
990 3865 1295 3935 παρουσίας
1335 3866 1525 3937 καιρὸν
1555 3867 1733 3938 πάντη

186 3955 466 4011 συνέστειλε
509 3958 601 4012 διὰ
647 3958 739 4011 τὸν
781 3958 1028 4011 διάϐολον
1067 3957 1235 4011 πάλαι
1279 3958 1378 4022 τὰς
1430 3957 1737 4028 παρθένους

183 4043 550 4117 ἐπιτηροῦντα.
610 4048 669 4102 '0
714 4047 809 4101 τοῦ
866 4047 1078 4111 λέοντος
1124 4046 1366 4117 σκύμνος
1416 4049 1603 4119 νεκρὸς
1639 4048 1737 4116 μὲν

182 4139 435 4202 γεννᾶται,
468 4138 869 4211 ἐμφυσώμινος
895 4137 954 4190 δέ
994 4140 1149 4209 παρὰ
1186 4140 1281 4192 τοῦ
1314 4138 1522 4209 πατρὸς
1567 4139 1735 4191 αὐτοῦ

180 4219 526 4291 ζωογονεῖται.
579 4226 738 4280 Οὕτω
780 4226 876 4281 καὶ
908 4228 937 4279 6
966 4225 1100 4289 Θεὸς
1138 4227 1330 4295 πρῶτα.
1379 4227 1479 4296 μὲν
1526 4228 1618 4280 ἐπὶ
1658 4227 1738 4298 τῷ

189 4310 341 4384 ’Δδάμ
387 4318 669 4387 ἐποίησεν,
700 4318 927 4387 ὕστερον
971 4317 1030 4371 δέ
1060 4317 1155 4370 καὶ
1203 4317 1289 4368 ἐπ’
1335 4316 1484 4387 αὐτῷ
1518 4318 1595 4389 τῷ
1624 4318 1737 4388 Υίῷ

1823 499 2039 552 insitam
2072 497 2172 549 sibi
2198 495 2501 548 siccitatem
2534 492 2700 545 etiam
2730 506 2792 545 ex
2827 487 3113 544 intervallo
3145 488 3379 557 quodam

1822 596 2091 642 remotum
2151 588 2219 640 ab
2282 586 2404 656 igne
2453 584 2701 638 lulminis
2754 584 2928 637 exuri.
2994 582 3382 651 Smpenumero

1822 679 2040 748 quidem
2074 678 2192 730 soni
2235 676 2601 730 exaudiuntur
2623 674 2863 738 obscuri,
2900 684 3157 742 tanquam
3188 673 3381 727 draco-

1824 770 1933 833 nis,
1964 784 2087 822 eum
2139 767 2316 837 fulgur
2352 766 2607 819 deorsum
2654 765 2826 820 fertur
2855 780 2919 818 ac
2956 765 3040 819 vel
3072 766 3125 818 in
3158 766 3271 818 haec
3300 764 3385 818 vel

1827 863 1917 916 illa
1953 872 2181 929 cerpora
2218 860 2395 913 irruit.
2455 858 2560 923 Qui
2610 869 2791 910 autem
2847 856 3136 924 perhibent
3188 858 3276 924 (de
3323 858 3390 909 iis

1825 953 2020 1020 loquor
2051 953 2251 1021 quibus
2281 950 2547 1020 ejusmodi
2576 966 2637 1003 se
2662 949 2984 1003 obtulerunt
3009 949 3392 1003 inflammatio-

1826 1043 1967 1111 nes),
2003 1057 2062 1096 se
2089 1057 2313 1111 porcum
2348 1039 2725 1111 grunnientcm
2757 1040 3126 1109 conspexisse,
3178 1049 3236 1093 ut
3270 1057 3392 1109 grc-

1827 1147 1949 1201 gem
2004 1148 2294 1202 caprarum
2358 1135 2630 1187 balantem
2682 1132 2765 1184 vel
2802 1134 3131 1199 mugientem
3175 1133 3391 1197 bovem,

1828 1231 1936 1275 tam
1969 1223 2177 1291 seipsos
2209 1239 2372 1292 quam
2417 1225 2552 1279 alios
2606 1227 2719 1279 haec
2776 1226 3058 1280 audientes
3111 1226 3395 1280 mendacio

1827 1312 2127 1382 decipiunt.
2172 1314 2315 1368 Nihil
2345 1316 2489 1369 enim
2530 1317 2799 1386 ejusmodi
2827 1318 3102 1381 viderunt,
3134 1318 3229 1373 sed
3261 1318 3397 1372 ima-

1826 1403 2133 1473 ginationes
2184 1419 2372 1459 earum
2422 1421 2607 1460 rerum
2659 1422 2689 1459 α
2752 1417 2900 1462 metu
2957 1408 3395 1477 proficiscuntur.

1827 1491 2035 1558 Quodsi
2069 1493 2300 1548 fortasse
2331 1495 2540 1550 daemon
2575 1496 2662 1551 ille
2688 1499 3047 1569 praastigiator
3081 1510 3134 1555 et
3158 1500 3398 1567 invidus,

1827 1584 2098 1652 serpentis
2151 1584 2379 1640 indutus
2410 1602 2659 1657 corpore,
2689 1588 2861 1644 feram
2897 1590 3057 1657 banc,
3089 1593 3236 1647 velut
3276 1594 3401 1665 igne

1828 1672 2001 1742 ipsam
2034 1686 2279 1745 urgente,
2312 1677 2368 1730 in
2399 1678 2653 1733 animalia
2684 1690 2969 1737 mansueta
3003 1682 3213 1738 irruere
3244 1684 3397 1750 facit,

1829 1780 1951 1819 cum
2005 1766 2131 1821 inde
2184 1784 2355 1836 usque
2401 1770 2471 1825 ab
2513 1771 2669 1826 initio
2702 1772 2906 1829 invidia
2946 1777 3179 1844 quadam
3207 1790 3399 1847 prose-

1829 1865 2048 1925 quatur,
2083 1873 2191 1913 non
2219 1860 2323 1930 61
2367 1861 2472 1917 huc
2501 1862 2575 1916 ita
2607 1862 2839 1933 proferri
2870 1867 3170 1935 putabitur,
3197 1878 3258 1923 ut
3284 1885 3403 1923 om-

1830 1946 1961 2002 nino
1989 1948 2060 2003 sit
2091 1950 2479 2020 rejieiendum;
2539 1967 2663 2007 nam
2696 1969 2867 2024 genus
2892 1957 2996 2012 hoc
3020 1955 3261 2013 ferarum
3296 1958 3397 2014 sibi

1833 2053 1931 2107 pro
1960 2040 2239 2095 domicilio
2264 2040 2377 2111 jam
2406 2043 2535 2097 olim
2568 2048 2880 2115 usurpavit,
2937 2062 3060 2102 eum
3090 2060 3187 2119 per
3222 2050 3272 2120 id
3303 2066 3403 2105 nos

1836 2130 2072 2199 paradisi
2104 2130 2305 2186 ﬁnibus
2334 2133 2531 2202 ejecit;
2565 2134 2748 2205 itaque
2777 2138 2914 2192 nihil
2949 2154 3169 2204 novum,
3205 2140 3250 2194 si
3285 2157 3401 2195 mo-

1835 2230 1922 2275 lus
1953 2221 2156 2277 invidia
2193 2223 2342 2293 cupit
2371 2224 2474 2279 bac
2503 2228 2665 2281 etiam
2696 2238 2838 2283 terra
2879 2245 2978 2285 nos
3011 2232 3299 2301 expellere.

1905 2401 1981 2455 Ae
2013 2401 2079 2456 de
2130 2402 2216 2457 his
2245 2404 2459 2473 quidem
2507 2405 2794 2462 hactenus.
2825 2406 3029 2474 Quodsi
3060 2423 3279 2466 causam
3320 2411 3405 2467 vis

1835 2505 2184 2562 cognoscere,
2216 2496 2569 2563 quamobrem
2602 2497 2731 2551 feles
2764 2505 2820 2551 et
2852 2500 3262 2566 vespertiliones
3291 2508 3409 2556 tan-

1836 2591 1950 2636 tum
1984 2593 2146 2639 noctu
2177 2596 2398 2640 acutum
2433 2587 2672 2653 videant,
2716 2589 2858 2643 hanc
2908 2591 3053 2645 illam
3089 2604 3208 2648 esse
3243 2595 3405 2649 scito.

1838 2671 1979 2729 Sunt
2007 2674 2122 2731 haec
2150 2677 2408 2732 animalia
2442 2680 2659 2749 spiritu,
2694 2696 2803 2750 quo
2831 2684 3089 2738 cernendi
3125 2686 3203 2741 vis
3231 2688 3411 2739 contio

1835 2773 2019 2831 natur,
2050 2782 2181 2821 sane
2218 2770 2468 2837 pertenui
2504 2772 2750 2840 praedita.
2793 2772 3138 2845 Quapropter
3170 2779 3214 2831 is
3238 2788 3407 2833 noctu

1837 2856 2185 2910 mediocriter
2231 2859 2301 2913 ob
2341 2860 2472 2914 solis
2520 2861 2819 2917 absentiam
2857 2866 3223 2937 condensatur
3249 2878 3303 2923 et
3342 2868 3410 2923 ad

1838 2948 2243 3016 perceptionem
2294 2966 2477 3005 rerum
2534 2954 2944 3022 aspectabilium
2996 2958 3056 3013 fit
3116 2960 3343 3015 idoneus
3392 2979 3408 3016 :

1838 3038 2038 3107 quippe
2060 3038 2299 3095 interdiu
2326 3050 2582 3112 tanquam
2611 3045 2999 3103 subtilissimus
3024 3048 3316 3120 dissipatur
3345 3068 3411 3107 ac

1838 3129 2188 3200 dispergitur.
2225 3131 2374 3186 Idem
2412 3143 2468 3188 et
2500 3134 2554 3188 in
2588 3136 2712 3190 aliis
2749 3146 2833 3191 est
2867 3137 3067 3203 videre,
3106 3143 3409 3209 praesertim

1838 3220 1972 3289 ipsis
1998 3222 2053 3275 in
2092 3223 2363 3279 leonibus.
2396 3224 2514 3291 Quo
2559 3227 2620 3281 lit
2652 3238 2711 3282 ut
2758 3229 3106 3298 splendorem
3137 3228 3409 3287 radiorum

1838 3311 2097 3367 solarium
2144 3315 2416 3386 fugientes
2458 3318 2624 3373 etiam
2665 3319 2819 3374 inviti
2870 3330 2987 3375 toto
3039 3322 3129 3377 die
3175 3319 3409 3380 latitent.

1836 3403 1971 3459 Nam
2006 3405 2051 3459 si
2095 3407 2304 3476 absque
2347 3408 2453 3463 hoc
2488 3417 2652 3475 esset,
2684 3410 2852 3466 libere
2891 3414 3078 3483 utique
3123 3431 3221 3485 per
3264 3406 3408 3472 diem

1838 3494 2159 3552 aberrantes
2192 3499 2336 3553 haud
2369 3499 2619 3572 exiguam
2648 3502 2964 3561 hominibus
2996 3509 3413 3566 occurrentibus

1840 3600 2034 3640 noxam
2063 3587 2343 3644 afferrent.

1912 3674 2026 3731 Hoc
2055 3678 2216 3749 etiam
2247 3680 2418 3747 disce,
2444 3681 2662 3739 leonem
2689 3686 2915 3757 vestigia
2943 3703 3039 3743 sua
3067 3693 3411 3757 contrahere,

1842 3768 2060 3836 quoties
2113 3771 2289 3839 ipsum
2339 3772 2503 3841 aliqui
2554 3788 2980 3845 persequuntur.
3014 3780 3104 3835 Sic
3153 3780 3413 3838 Dominus

1840 3873 2055 3928 quoque
2084 3870 2269 3915 noster
2300 3862 2355 3916 in
2390 3872 2590 3919 terram
2635 3865 2975 3923 descendens
3015 3864 3280 3927 adventus
3326 3877 3412 3927 sui

1842 3956 2056 4018 tempus
2108 3952 2378 4007 contraxit
2443 3955 2643 4011 diaboli
2691 3971 2875 4023 causa,
2931 3958 3021 4029 qui
3092 3960 3409 4031 jamdudum

1838 4043 2076 4114 virgines
2134 4045 2479 4103 observabat.
2531 4048 2756 4107 Catulus
2803 4052 3057 4109 leoninus
3121 4053 3174 4108 in
3239 4055 3411 4112 lucem

1841 4144 2090 4191 mortuus
2124 4136 2345 4206 quidem
2395 4138 2597 4206 editur,
2650 4156 2837 4196 verum
2881 4139 3062 4198 amata
3109 4147 3278 4214 patris
3339 4149 3416 4200 vi-

1842 4234 1952 4279 tam
1981 4225 2203 4296 accipit.
2261 4226 2410 4283 ldcm
2450 4228 2596 4285 Deus
2636 4231 2793 4285 initio
2821 4227 2951 4287 fecit
3002 4235 3055 4288 in
3091 4235 3318 4303 Adamn,
3353 4252 3418 4293 ac

1841 4317 2098 4387 deinceps
2124 4319 2241 4388 ipso
2263 4321 2427 4374 etiam
2447 4320 2505 4375 in
2526 4322 2662 4377 Filio
2689 4338 2788 4378 suo
2805 4333 3035 4379 mortem
3060 4329 3231 4381 nostri
3253 4344 3418 4385 causa

181 4406 327 4460 αὑτοῦ
354 4408 422 4461 δι’
448 4411 597 4480 ἡμᾶς
620 4408 945 4480 νεκρωθέντι
977 4409 1140 4461 ποιεῖ.
1167 4407 1331 4461 Ὅθεν
1355 4409 1445 4461 κα)⁸
1469 4410 1498 4462 6
1534 4409 1730 4463 Ἰακὼϐ

1840 4423 2122 4479 perpesso.
2169 4412 2536 4477 Quamobrem
2568 4410 2807 4469 Jacobus
2857 4412 3036 4469 dixit:
3086 4434 3103 4467 ι
3140 4412 3416 4473 Corruens

182 4494 372 4564 ἐλεγενο
403 4518 422 4551 ι
450 4498 769 4553 Ἀναπεσὼν
820 4498 1093 4566 ἐκοιμήθη
1139 4499 1215 4559 ὡς
1270 4497 1406 4551 λέων
1460 4500 1555 4551 καὶ
1606 4499 1740 4552 ὡσεὶ

180 4588 400 4657 σκύμνος
427 4605 440 4619 ·
487 4591 575 4653 τίς
606 4591 791 4660 ἐγερεῖ
841 4589 1045 4653 αύτόν;
1082 4607 1101 4639 ι
1137 4589 1203 4642 El
1247 4589 1303 4641 δὲ
1336 4589 1431 4643 καὶ
1475 4588 1623 4673 λέων·
1645 4592 1739 4644 καὶ

181 4682 395 4750 σκύμνος
449 4687 475 4737 ὁ
520 4685 686 4745 αὐτὸς
721 4684 957 4752 λέγεται,
1006 4683 1067 4734 οὐ
1120 4683 1332 4735 καινόν·
1382 4678 1451 4753 ἦν
1492 4685 1598 4753 γὰρ
1645 4684 1740 4736 καὶ

180 4772 415 4842 βασιλεὺς
437 4779 465 4830 6
494 4777 733 4847 Χριστὸς
764 4778 856 4828 καὶ
884 4775 1146 4844 βασιλέως
1169 4776 1301 4837 υἱός.

247 4861 302 4913 '0
336 4863 500 4926 λύκος
537 4863 789 4931 φοϐεῖται
840 4864 901 4914 τὸ
946 4864 1112 4931 φυτὸν
1159 4864 1258 4931 τὴν
1292 4862 1535 4917 σκίλλαν.
1568 4863 1737 4917 Τοῦτο

175 4950 330 5005 εἰδυῖα
355 4956 387 5024 ἡ
416 4954 647 5023 ἀλώπηξ
683 4957 833 5027 παρὰ
874 4956 951 5024 τῷ
1001 4956 1226 5026 τοιούτῳ
1258 4956 1526 5009 ὑπνώττει
1558 4956 1733 5026 φυτῷ,

174 5046 221 5095 εί
254 5064 375 5100 ποτε
429 5049 527 5101 τοῦ
562 5049 773 5118 φωλεοῦ
825 5048 997 5117 αὐτῆς
1027 5047 1131 5112 ἐξω
1174 5049 1313 5117 τύχῃ
1346 5038 1733 5118 διατρίϐουσα,

176 5135 255 5191 lla
305 5144 379 5210 μὴ
428 5141 537 5193 ὑπὸ
587 5141 767 5195 λύκων
824 5141 1026 5211 βρωθῇ.
1065 5141 1213 5194 Είδέ
1249 5142 1283 5210 ἡ
1335 5142 1564 5211 ἀλώπηξ
1589 5140 1733 5195 οὕτω

173 5312 177 5316 ~
235 5277 276 5309 "
298 5279 435 5335 Gen.
468 5296 621 5345 xmx,
652 5282 706 5335 9.

238 5424 345 5493 (Η)
389 5425 762 5481 Leunclavius
790 5423 973 5476 minus
1012 5423 1262 5493 apposite
1308 5419 1616 5493 συστέλλειν
1664 5420 1734 5472 τὰ

174 5490 282 5565 ῐχνη
309 5490 375 5550 de
411 5498 574 5550 leone
595 5496 835 5565 fugiente
869 5490 1218 5565 interpretari
1247 5490 1470 5565 videtur
1522 5497 1738 5543 contra-

176 5560 286 5637 here
319 5566 569 5637 vestigia,
594 5560 940 5637 cuiudelere,
973 5560 1211 5637 abolere,
1234 5560 1591 5637 abscondere.
1643 5572 1735 5612 ce-

174 5632 278 5689 lare
314 5645 407 5689 aut
431 5628 774 5689 confundere
801 5636 1001 5688 rectius
1049 5633 1155 5687 diei
1207 5632 1491 5701 potuisset.
1551 5628 1737 5701 Neque

172 5702 309 5755 enim
338 5706 615 5755 coritraxit
640 5704 898 5755 fibristns
915 5703 1184 5754 adventus
1205 5698 1285 5752 sui
1314 5701 1431 5751 sive
1460 5698 1735 5750 ἐνανθοω-

1842 4500 2053 4566 sepitus
2079 4509 2163 4553 est
2189 4507 2247 4553 ut
2279 4499 2387 4566 leo,
2421 4502 2687 4571 quasique
2720 4501 2934 4556 catulus
2963 4502 3216 4559 leoninus
3244 4522 3257 4559 :
3292 4506 3417 4575 quis

1844 4590 2102 4645 excitabit
2131 4590 2353 4645 eum"?
2381 4608 2399 4642 ι
2439 4589 2551 4646 Nec
2579 4591 2875 4661 quidquam
2908 4591 3132 4649 absurdi
3165 4598 3416 4653 eumdem

1846 4688 1960 4734 tum
1984 4682 2199 4734 leonem
2246 4688 2358 4734 tum
2388 4679 2627 4734 catulum
2650 4680 2932 4735 leoninum
2957 4683 3216 4752 appellari
3246 4702 3260 4741 :
3293 4702 3419 4741 nam

1849 4772 2105 4828 Christus
2132 4782 2185 4827 et
2218 4788 2313 4826 rex
2344 4780 2398 4826 et
2430 4773 2569 4842 regis
2596 4770 2742 4827 ﬁlius
2771 4783 2907 4827 erat.

1916 4864 2099 4933 Lupus
2151 4863 2394 4933 scyllam,
2445 4861 2641 4931 plantae
2674 4864 2934 4932 speciem,
2976 4865 3130 4921 vitat.
3184 4866 3243 4921 ld
3291 4882 3419 4923 cum

1846 4954 2129 5024 vulpecula
2155 4953 2320 5017 norit,
2339 4954 2477 5020 apud
2502 4952 2642 5007 hanc
2668 4954 2906 5023 plantam
2928 4956 3208 5013 dormiens
3232 4959 3420 5026 cubat,

1844 5047 1888 5102 si
1918 5045 2058 5100 forte
2102 5060 2229 5100 suas
2259 5052 2415 5098 extra
2452 5044 2688 5099 latebras
2716 5045 2883 5116 degit,
2911 5061 2978 5102 ne
3022 5063 3051 5102 a
3088 5049 3230 5120 lupis
3259 5051 3425 5107 devo—

1844 5146 2018 5204 retur.
2051 5134 2255 5201 Quodsi
2284 5134 2385 5189 hoc
2413 5135 2698 5204 vulpecula
2727 5135 2879 5199 facit,
2909 5137 3082 5192 multo
3118 5140 3289 5210 magis
3324 5156 3424 5197 nos

1855 5418 2075 5487 πήσεως
2093 5426 2328 5486 tempus,
2353 5416 2444 5487 sed
2468 5414 2758 5472 abscondit
2783 5416 3088 5487 celavitque
3110 5430 3177 5487 ne
3200 5415 3423 5471 diabolo

1851 5490 2017 5565 news
2041 5500 2205 5540 esset.
2248 5486 2745 5565 Quadamnquoque
2776 5486 2856 5565 _a_b
2885 5488 3079 5565 eodem
3120 5486 3423 5565 interprete

1854 5557 2039 5633 minus
2069 5558 2355 5633 commode
2380 5555 2591 5612 reddita
2649 5555 2864 5610 videbis
2912 5558 2965 5610 iu
3012 5555 3267 5633 versione
3319 5568 3423 5607 suo

1855 5626 2021 5679 nitori
2056 5627 2325 5694 restituta,
2368 5640 2486 5696 qua:
2522 5641 2633 5681 non
2665 5633 2750 5680 est
2791 5640 2930 5693 opus
2984 5621 3229 5692 putidius
3293 5637 3425 5677 ven-

1851 5704 2007 5748 Itare.
