3862 6228
451 321 554 378 133

1707 318 2130 380 MICHAELIS
2171 314 2430 376 GLYCFE

3553 306 3657 372 136

450 428 635 480 adesse
675 405 938 480 debemus
983 425 1051 479 iis
1099 424 1296 494 quibus
1332 427 1664 483 mtellectilis
1715 428 1804 482 ille
1858 429 2007 496 lupus

2124 427 2301 487 ποιεῖ,
2359 423 2536 493 πολλῷ
2602 423 2803 493 μᾶλλον
2869 423 3033 493 ἡμεῖς
3099 423 3332 485 ἐκείνοις
3402 421 3680 492 ὀφείλομεν

449 516 694 585 abigitur.
733 514 988 580 Quaenam
1025 516 1153 571 illa?
1181 517 1376 572 Preces
1397 525 1451 571 et
1477 517 1744 588 jejunium
1775 536 1787 572 :
1825 537 1843 569 ‹
1875 518 2008 571 Nam

448 621 617 675 genus
647 606 813 671 istud,
846 605 1021 675 inquit
1046 606 1316 671 Christus,
1355 621 1464 661 non
1516 607 1623 661 nisi
1662 607 1915 674 precibus
1956 616 2012 660 et

449 697 649 766 jejunio
674 697 889 766 eiicitur
911 698 975 750 ⁸⁸.
1010 716 1029 750 ι

513 869 972 937 Camelopardalis
1003 869 1055 923 in
1095 869 1261 940 Libya
1304 870 1542 939 conspici
1593 869 1839 924 traditur.
1880 868 2011 937 Ejus

448 963 672 1015 duorum
716 960 1030 1014 animalium
1070 962 1338 1016 mistionis
1384 976 1549 1016 causa
1573 971 1656 1016 est
1686 961 1804 1030 ejus
1833 959 2012 1028 regio-

448 1055 528 1106 nis
583 1052 799 1106 siccitas
850 1061 904 1104 et
952 1067 1106 1120 aqua:
1156 1051 1382 1120 penuria
1423 1069 1439 1109 :
1499 1052 1700 1121 quippe
1753 1050 2010 1105 animalia

447 1147 654 1199 diversa
697 1144 1080 1212 variarumque
1116 1143 1420 1213 specierum
1473 1143 1539 1197 ad
1584 1158 1753 1211 aquas
1785 1156 2013 1212 congre-

446 1251 659 1307 gantur,
700 1250 821 1304 qum
865 1235 920 1288 in
976 1234 1139 1306 Libya
1188 1251 1324 1289 rarae
1371 1243 1514 1288 sunt.
1550 1235 1627 1288 Ita
1673 1236 1734 1288 fit
1773 1242 1832 1287 ut
1877 1233 2010 1302 ipsis

440 1330 585 1393 inter
619 1342 679 1382 se
711 1327 1033 1380 coeuntibus
1068 1325 1195 1379 fera:
1219 1327 1463 1395 quazdam
1493 1323 1856 1378 multiformes
1880 1339 2009 1394 pro-

445 1424 720 1472 creentur.

515 1507 582 1561 Et
615 1507 1053 1570 animadvertito,
1091 1505 1289 1560 dilecte
1326 1505 1422 1571 ﬁli,
1454 1503 1719 1573 ejusmodi
1752 1504 2010 1558 animalia

443 1599 764 1666 composita,
790 1597 948 1665 cujus
978 1597 1194 1666 generis
1225 1606 1354 1651 sunt
1376 1599 1540 1651 etiam
1567 1598 1719 1661 muli,
1747 1612 1858 1651 non
1885 1613 2010 1652 esse

443 1686 522 1740 vel
570 1688 640 1740 ad
691 1686 1104 1755 conceptionem
1162 1688 1246 1741 vel
1303 1688 1738 1756 procreationem
1790 1689 2007 1742 idonea.

2121 519 2359 569 συνεῖναι
2404 515 2472 574 διῗ
2514 508 2590 570 ὧν
2626 517 2654 568 6
2683 514 2870 584 νοητὸς
2914 514 3075 575 λύκος
3131 512 3412 567 διώκεται.
3446 513 3583 565 Τίνα
3631 515 3680 566 δὲ

2117 605 2290 658 ταῦτα
2315 623 2330 670 ;
2358 606 2640 676 Προσευχὴ
2669 605 2763 658 καὶ
2788 605 3013 674 νηστεία
3039 620 3055 636 ο
3091 602 3152 656 τδ
3191 605 3345 672 γένος
3371 602 3504 672 7&9,
3529 604 3677 672 φησὶ,

2113 695 2271 750 τοῦτο
2323 697 2424 748 οὐκ
2470 696 2791 750 ἐκϐάλλεται
2847 697 2897 748 εί
2949 695 3027 766 μὴ
3056 695 3116 748 ὲν
3160 696 3440 764 προσευχῇ
3473 693 3570 751 καὶ
3597 709 3679 764 νη-

2115 804 2204 839 στε
2217 789 2289 856 ίᾳ.

2191 876 2256 928 Ἦ
2301 875 2357 930 δέ
2388 891 2451 943 γε
2496 875 2978 944 καμηλοπάρδαλις
3021 875 3080 927 ἑν
3125 875 3302 944 Λιϐύῃ
3347 873 3679 942 καθορᾶσθαι

2113 967 2415 1035 ἱστόρηται.
2449 966 2613 1019 Αἰτίαι
2644 966 2702 1018 δὲ
2751 967 2846 1034 τῆς
2897 964 3156 1034 τοιαύτης
3199 963 3485 1034 ἐπιμιξίας
3518 965 3550 1032 ἡ
3587 966 3674 1032 τῆς

2111 1055 2298 1125 χώρας
2325 1054 2578 1124 ἀνυδρίαι·
2616 1054 2746 1124 περὶ
2778 1054 2886 1122 7&9
2911 1054 2979 1105 τὰ
3011 1055 3190 1106 ἐκεῖσε
3222 1053 3394 1106 ὕδατα
3423 1052 3674 1119 ὀλιγοστά

2109 1145 2240 1198 ὄντα
2276 1144 2590 1213 ἁθροίζεται
2625 1143 2884 1212 πολυειδῆ
2919 1141 3057 1207 ζῶα,
3099 1141 3397 1194 κάντεῦθεν
3435 1140 3673 1204 ἀλλήλοις

2109 1237 2556 1306 ὲπιμιγνυμὲνων
2579 1234 2757 1288 αὐτῶν
2785 1233 2948 1303 θηρία
2983 1232 3312 1303 πολύμορφα
3344 1232 3608 1285 τίκτεται.

2180 1495 2421 1548 Γίνωσκε
2473 1493 2550 1559 δὲ,
2584 1492 2860 1562 ἀγαπητὲ,
2912 1491 2994 1546 ὅτι
3049 1493 3118 1546 τὰ
3168 1490 3400 1552 τοιαῦτα
3433 1492 3674 1547 .σύνθετα
3741 1531 3743 1533 ι

2111 1585 2247 1652 ζῶα,
2276 1585 2422 1638 καθά
2460 1583 2523 1654 δὴ
2552 1585 2646 1636 καὶ
2691 1585 2742 1636 ei
2770 1583 3006 1652 ἡμίονοι,
3037 1583 3138 1636 ούκ
3164 1582 3362 1636 εύθετά
3396 1585 3508 1636 είσι
3552 1585 3676 1654 πρὸς

2113 1676 2377 1744 σύλληψίν
2425 1691 2486 1727 τε
2537 1675 2630 1726 καὶ
2693 1675 2970 1743 γέννησιν.
3011 1673 3168 1735 Τίνος
3216 1673 3443 1739 ἐνεκεν;
3480 1675 3678 1740 ὀτιὲξ

441 1773 799 1838 Quamobrem
825 1774 1000 1830 istuc?
1027 1773 1183 1840 Quod
1210 1790 1276 1828 ex
1308 1755 1541 1829 diversis
1563 1777 1855 1846 generibus
1883 1793 2007 1830 con-

2124 1765 2411 1835 Ξιλλοτρίων
2441 1765 2812 1834 συνεστηκότα
2862 1762 3035 1816 ταῦτα
3067 1763 3241 1831 γενῶν
3280 1765 3676 1835 διεφθαρμένην

441 1875 600 1932 stent,
633 1882 697 1920 ac
745 1876 1036 1936 propterea
1076 1866 1158 1920 vis
1202 1865 1455 1935 gignendi
1489 1867 1542 1922 in
1573 1868 1657 1920 cis
1696 1866 1881 1922 vitiata
1915 1867 2007 1932 sit,

439 1964 805 2010 consentanea
846 1957 899 2010 id
944 1957 1162 2024 quidem
1201 1957 1434 2010 ratione.
1465 1955 1674 2025 Quippe
1713 1971 1815 2011 nec
1866 1966 2010 2012 terra

441 2047 593 2102 initio
635 2063 816 2101 rerntn
851 2061 913 2100 ea
955 2045 1211 2115 produxit
1242 2054 1298 2099 ut
1325 2046 1580 2100 animalia
1627 2055 1821 2101 caetera
1863 2049 2006 2116 (nam

441 2138 698 2207 deinceps
735 2139 970 2191 humana
1011 2137 1249 2192 sollertia
1281 2137 1512 2205 quadam
1552 2145 1607 2190 et
1639 2138 1867 2191 artillcio
1899 2139 2007 2207 62

441 2229 711 2282 asinorum
765 2237 819 2282 et
861 2242 1122 2296 equorum
1171 2226 1475 2296 excogitata
1515 2237 1599 2280 est
1644 2226 2006 2297 conjunctio),

441 2337 540 2375 nec
577 2335 762 2374 vocem
813 2319 959 2372 illam
1007 2318 1245 2372 divinam
1295 2319 1623 2370 audiverunt
1653 2334 1756 2386 qua
1806 2319 2007 2371 dictum

441 2421 523 2465 est
563 2411 721 2464 aliis:
770 2408 1111 2481 t_Attgescite
1159 2423 1224 2461 ac
1276 2407 1794 2476 multiplicamini“.
1837 2427 1855 2458 ι
1891 2410 2010 2476 Quo

441 2502 496 2556 lit
527 2515 584 2554 ut
609 2500 932 2570 procreandi
967 2499 1046 2552 vis
1079 2500 1130 2551 in
1169 2498 1300 2568 ipsis
1337 2499 1523 2552 vitiata
1550 2500 1642 2552 sit.

508 2593 788 2648 Lnicornu
831 2589 1030 2643 animal
1076 2599 1154 2642 est
1205 2588 1358 2642 valde
1405 2587 1604 2654 ferum,
1654 2591 1798 2658 quod
1831 2605 2010 2658 neque

442 2700 536 2755 per
581 2693 868 2737 venatores
916 2697 1094 2750 neque
1133 2681 1295 2736 modo
1340 2681 1450 2735 ullo
1496 2681 1602 2735 alio
1648 2683 1766 2750 capi
1809 2693 2007 2750 potest.

442 2775 803 2828 [\ihilominus
848 2774 957 2827 fera
1003 2783 1109 2826 tam
1143 2773 1398 2827 immanis
1445 2773 1513 2827 ad
1551 2772 1808 2826 feminum
1847 2775 2010 2844 virgi-

442 2880 589 2929 nem,
621 2879 739 2932 quze
774 2861 1073 2930 splendidis
1125 2861 1312 2914 induta
1343 2861 1414 2914 sit
1446 2859 1687 2913 vestibus
1716 2869 1770 2912 et
1813 2871 2010 2912 ornatu

443 2956 586 3006 vario
620 2952 848 3015 exculta,
879 2967 985 3004 non
1021 2960 1226 3004 tantum
1255 2949 1486 3013 accedit,
1512 2949 1607 3004 sed
1637 2949 1801 3004 etiam
1839 2949 2010 3017 ipsius

443 3044 505 3099 ad
537 3059 710 3113 genua
749 3043 1113 3112 procumbens
1149 3041 1402 3108 quiescit.
1440 3040 1586 3094 [dem
1623 3048 1736 3094 tum
1774 3040 1828 3092 in
1869 3041 2009 3094 divi-

442 3133 609 3186 nitate
641 3133 727 3184 illa
757 3131 1133 3200 innspeclahili
1159 3139 1210 3184 et
1237 3133 1718 3200 incomprehensili
1745 3143 1857 3184 tum
1881 3147 2010 3186 vera

439 3224 661 3291 solaque
692 3220 912 3291 Virgine
946 3222 1128 3275 videre
1159 3232 1272 3286 est;
1304 3222 1410 3274 nisi
1436 3222 1580 3274 enim
1615 3222 1873 3291 templum
1907 3223 2013 3276 hoc

442 3323 716 3382 repertum
782 3325 928 3366 esset
976 3312 1354 3382 puriSsimum,
1419 3311 1558 3364 Deus
1599 3311 1654 3364 in
1709 3314 1869 3367 terris
1904 3329 2010 3368 non

439 3415 767 3472 censpectus
795 3419 896 3454 nec
930 3417 1054 3454 cum
1090 3401 1402 3454 hominibus
1438 3411 1688 3456 versatus
1717 3401 1938 3458 fuisset.

510 3489 758 3544 Formica
787 3490 991 3557 spicam
1035 3489 1412 3542 conscendens
1437 3489 1670 3544 olfacere
1705 3494 2008 3561 consuevit,

440 3599 504 3637 ac
535 3584 804 3650 siquidem
839 3581 1102 3634 hordeum
1149 3582 1370 3650 reperit,
1407 3582 1545 3651 fugit
1578 3584 1705 3639 inde
1749 3601 1916 3655 seque
1945 3588 2013 3643 ad

443 3672 606 3726 tritici
644 3672 847 3740 spicam
897 3669 1132 3724 confert.
1177 3671 1290 3724 lloc
1321 3672 1366 3724 si
1397 3671 1623 3727 formica
1657 3675 1810 3742 facit,
1841 3678 2012 3732 multo

441 3766 611 3832 madis
638 3779 737 3816 nos
761 3763 1147 3816 abhorrentem
1175 3778 1206 3816 a
1233 3765 1459 3818 veritate
1485 3765 1790 3820 doctrinam
1821 3783 2013 3825 cavere

439 3855 720 3920 debemus,
755 3861 810 3906 et
853 3853 920 3906 ad
963 3853 1226 3918 triticum,
1275 3853 1577 3908 doctrinam
1627 3857 1880 3912 videlicet
1925 3875 2013 3915 re-

439 3946 761 4011 ctissimam,
792 3946 1075 4000 accedere.
1104 3944 1234 4010 Quae
1259 3945 1387 4014 lupo
1421 3955 1547 3999 sunt
1582 3948 1847 4002 adversus
1885 3965 2014 4006 oves

440 4037 758 4100 inimiciiim,
796 4045 1027 4104 possunt
1055 4035 1182 4089 hinc
1219 4036 1380 4088 etiam
1418 4038 1678 4104 perspici.
1719 4037 1776 4090 Si
1809 4039 2012 4093 chorda

439 4127 624 4193 lupina
655 4127 704 4177 in
737 4127 942 4178 cithara
969 4127 1287 4193 reperiatur,
1313 4125 1533 4194 reliquae
1564 4127 1630 4180 de
1658 4127 1850 4182 ovibus
1876 4145 2005 4182 con-

441 4217 589 4270 fecta:
632 4217 851 4268 chorda:
885 4215 1046 4268 silent
1076 4229 1138 4268 ac
1169 4230 1366 4268 sonum
1399 4217 1610 4269 nullum
1643 4219 1831 4273 edunt.
1865 4217 2012 4274 Idem

2115 1858 2212 1926 τὴν
2242 1856 2378 1927 πρὸς
2407 1857 2468 1909 τὸ
2496 1856 2704 1908 τίκτειν
2729 1854 3063 1923 ἀπειλήχασι
3110 1854 3362 1923 δύναμιν.
3397 1857 3511 1908 Καὶ
3541 1857 3678 1908 είκόο

2113 1967 2256 2014 τως·
2284 1949 2409 2003 οὔτε
2465 1949 2574 2020 7&9
2633 1951 2666 2019 ἡ
2721 1950 2792 2018 γῆ
2852 1947 2974 2002 κατ’
3002 1949 3178 2020 ἀρχὰς
3223 1949 3459 2020 ἐξήγαγε
3495 1950 3676 2016 ταῦτα,

2114 2045 2258 2098 καθὰ
2309 2044 2374 2113 δὴ
2422 2044 2518 2096 καὶ
2571 2041 2640 2096 τὰ
2687 2042 2850 2096 λοιπὰ
2901 2043 3018 2105 ζῶα
3065 2043 3321 2114 (καὶγὰρ
3351 2045 3412 2108 ἐξ
3441 2046 3678 2108 ἑπινοίας

2115 2135 2339 2206 ὕστερον
2396 2133 2741 2204 ἀνθρωπίνης
2804 2137 2831 2205 η
2884 2135 2992 2187 τῶν
3054 2135 3194 2189 δνων
3242 2151 3300 2188 τε
3354 2136 3448 2189 καὶ
3507 2136 3677 2190 ἵππων

2114 2223 2390 2294 ἐπενοήθη
2431 2225 2726 2293 σύζευξις),
2758 2225 2884 2277 οὔτε
2919 2225 3018 2290 τῆς
3068 2225 3217 2286 θείας
3253 2225 3470 2295 ἐκείνης
3499 2227 3678 2296 φωνῆς

2115 2316 2352 2384 ἡκουσαν
2399 2317 2496 2384 τῆς
2524 2314 2667 2368 οὕτω
2695 2315 2982 2386 λεγούσης,
3023 2332 3042 2367 t
3076 2316 3382 2380 Δὺξάνεσθε
3429 2320 3527 2370 καὶ
3553 2319 3679 2387 πλη-

2116 2404 2364 2458 θύνεσθε.
2402 2424 2422 2456 ι
2459 2406 2650 2458 Ἔνθεν
2699 2423 2779 2458 τοι
2811 2406 2904 2458 καὶ
2938 2406 3036 2475 τὴν
3074 2406 3208 2474 πρὸς
3252 2408 3314 2458 τὸ
3351 2408 3558 2461 τίκτειν
3588 2410 3676 2463 δύ-

2115 2512 2276 2564 ναμιν
2301 2495 2700 2564 διεφθαρμένην
2734 2497 3056 2565 ἐσχήκασιν.

2200 2586 2257 2638 '0
2289 2587 2596 2655 μονόκερως
2641 2585 2779 2650 ζῶόν
2829 2588 2945 2641 ἐστι
2982 2588 3077 2640 καὶ
3126 2589 3267 2642 πάνυ
3295 2589 3512 2658 ἄγριον,
3546 2589 3678 2658 μήτε

2115 2682 2379 2750 θηραταῖς
2431 2684 2569 2749 μήτε
2619 2679 2794 2742 ἄλλως
2843 2695 2961 2742 πως
3007 2680 3395 2749 άγρευόμενον.
3429 2681 3681 2752 Παρθένῳ

2114 2773 2170 2826 δὲ
2197 2774 2439 2840 γυναικὶ,
2472 2771 2566 2824 καὶ
2595 2769 2768 2823 ταῦτα
2791 2770 3279 2841 λαμπρειμονούσῃ
3301 2774 3396 2824 καὶ
3420 2773 3679 2834 ποικίλως

2116 2863 2497 2931 ἐστολισμένη,
2529 2861 2626 2914 καὶ
2668 2861 3022 2931 περιέρχεται
3075 2861 3137 2914 τὸ
3179 2861 3519 2932 δυσθήρατον
3548 2861 3679 2924 ζῶον

2115 2953 2207 3004 καὶ
2242 2952 2390 3022 παρὰ
2419 2955 2530 3014 τοῖς
2577 2953 2798 3018 γόνασιν
2825 2952 2998 3020 αὐτῆς
3023 2952 3386 3006 ἀναπαύεται.
3426 2951 3598 3005 Τοῦτο
3625 2952 3678 3004 δὲ

2115 3046 2209 3098 καὶ
2254 3046 2344 3097 ἐπὶ
2387 3046 2484 3113 τῆς
2535 3044 2770 3114 ἀοράτου
2824 3043 2916 3096 καὶ
2967 3043 3242 3112 άθηράτου
3289 3044 3549 3114 θεότητος
3589 3047 3681 3097 καὶ

2113 3137 2210 3204 τῆς
2251 3136 2415 3200 ὅντως
2458 3137 2551 3188 καὶ
2597 3137 2766 3205 μόνης
2811 3135 3091 3204 Παρθένου
3129 3136 3275 3188 ἐστιν
3311 3135 3438 3187 ίδείν
3467 3152 3481 3165 ·
3525 3138 3577 3189 εί
3609 3137 3678 3206 μὴ

2114 3227 2224 3298 7&9
2271 3229 2298 3279 6
2346 3225 2732 3298 καθαρώτατος
2775 3222 2932 3289 οὗτος
2981 3226 3179 3296 εὑρέθη
3227 3228 3372 3290 ναὸς,
3403 3227 3505 3280 οὐκ
3550 3227 3616 3280 ἂν
3652 3229 3678 3280 6

2114 3317 2248 3379 Θεὸς
2279 3318 2374 3370 ἐπὶ
2420 3319 2518 3388 τῆς
2551 3319 2654 3388 γῆς
2686 3316 2844 3388 ὤφθη
2881 3317 2975 3372 καὶ
3009 3321 3121 3382 τοῖς
3159 3317 3467 3389 ἀνθρώποις
3493 3335 3681 3376 συναν-

2115 3409 2385 3480 εστράφη.

2197 3500 2256 3550 '0
2290 3491 2516 3570 μύρμηξ
2562 3500 2655 3554 ἐπὶ
2694 3500 2787 3556 τὸν
2821 3503 3023 3571 στάχυν
3066 3502 3432 3575 ἀνερχόμενος
3461 3508 3685 3580 ὀσφραί-

2115 3591 2402 3655 νεται,καὶ
2428 3589 2523 3641 ἐὰν
2549 3589 2734 3660 κριθὴ,
2779 3590 2970 3658 φεύγει
3002 3591 3098 3644 ἀπ’
3139 3593 3304 3646 αὑτοῦ
3337 3598 3431 3649 καὶ
3465 3597 3562 3652 ἐπὶ
3599 3598 3684 3649 τὸν

2115 3677 2208 3739 τοῦ
2259 3679 2412 3730 σίτου
2468 3679 2671 3747 στάχυν
2707 3679 2947 3751 ἔρχεται.
2986 3681 3048 3734 Εί
3093 3682 3152 3736 δὲ
3201 3686 3230 3737 6
3277 3685 3501 3756 μύρμηξ
3549 3685 3684 3739 οὕτω

2117 3773 2278 3834 ποιεῖ,
2315 3770 2492 3841 πολλῷ
2541 3771 2745 3840 μᾶλλον
2797 3774 2958 3842 ἡμεῖς
3005 3773 3104 3846 τὴν
3151 3775 3572 3846 ἑτεροδοξοῦσαν
3606 3780 3680 3833 δι-

2115 3857 2411 3912 δασκαλίαν
2467 3858 2692 3928 φεύγειν
2745 3861 3058 3932 ὀφείλομεν,
3122 3866 3217 3919 ἐπὶ
3273 3865 3331 3918 δὲ
3386 3866 3477 3920 τὸν
3538 3871 3679 3922 σῖτον

2117 3951 2395 4022 ἔρχεσθαι,
2426 3955 2520 4010 τὸν
2569 3955 2862 4026 ὀρθότατον
2885 3958 3091 4028 δηλαδὴ
3119 3959 3296 4028 λόγον.
3329 3961 3394 4016 Ei
3422 3965 3532 4035 γὰρ
3564 3967 3629 4034 ἢν
3658 3967 3683 4018 6

2117 4044 2276 4108 λύκος
2305 4046 2508 4115 ἔχθραν
2539 4052 2674 4118 πρὸς
2707 4048 2774 4100 τὰ
2803 4049 3056 4118 πρόϐατα
3083 4069 3368 4122 κεκτηται,
3392 4056 3690 4110 κάντεῦθεν

2117 4135 2263 4190 ἐστιν
2298 4137 2425 4190 ἰδεῖν
2447 4154 2462 4170 ο
2495 4138 2892 4209 εὐρισκομένης
2930 4141 3040 4210 7&9
3063 4143 3162 4212 τῆς
3194 4145 3394 4213 χορδῆς
3415 4147 3586 4200 αὑτοῦ
3622 4149 3681 4200 ὲν

2119 4228 2344 4299 κιθάρᾳ,
2379 4231 2437 4282 αί
2464 4229 2655 4282 λοιπαὶ
2691 4231 2800 4284 τῶν
2833 4232 3122 4302 προϐάτων
3153 4237 3341 4306 χορδαὶ
3368 4240 3568 4306 σιγῶσι
3598 4241 3688 4292 καὶ

441 4307 626 4360 videre
652 4315 733 4360 est
762 4307 817 4357 in
851 4307 1143 4376 tympanis.
1169 4305 1533 4370 Quamobrem
1565 4308 1710 4362 Deus
1739 4326 1848 4364 rem
1879 4313 2007 4367 adeo

2124 4321 2177 4373 ού
2226 4322 2572 4389 φθέγγονται.
2602 4321 2773 4375 Τοῦτο
2822 4323 2880 4376 δὲ
2933 4327 3029 4380 καὶ
3081 4323 3176 4379 {rei
3207 4305 3514 4397 τυμπάνιυν
3541 4331 3689 4382 ἔστιν

440 4413 634 4451 novam
662 4405 716 4452 et
747 4396 1058 4450 inusitatam
1095 4396 1248 4449 initio
1280 4412 1463 4450 rerum
1497 4398 1768 4454 inStituit?
1791 4400 1857 4454 Ut
1886 4403 2007 4459 inde

2124 4411 2266 4468 ίδεϊν.
2300 4412 2459 4474 Τίνος
2499 4413 2556 4465 δὲ
2595 4414 2754 4484 χάριν
2797 4417 2858 4469 τὸ
2893 4418 3196 4488 παράδοξον
3237 4396 3396 4474 τοῦτο
3442 4423 3689 4490 γίνεσθαι

441 4491 641 4543 clarius
676 4491 1116 4558 perspicerentur
1151 4487 1476 4554 inimicitiﬁ,
1509 4505 1644 4558 quas
1678 4489 2007 4552 intellectilis

2124 4503 2240 4558 κατ’
2287 4502 2462 4573 ἀρχὰς
2513 4508 2929 4577 συγκεχώρηται
2955 4487 2983 4573 ;ί
3013 4509 3100 4572 Ὠς
3141 4512 3396 4566 ἐντεῦθεν
3443 4487 3691 4585 άριδηλό-

440 4584 526 4634 ille
559 4584 719 4648 lupus
749 4579 1008 4633 adversus
1043 4593 1172 4634 oves
1207 4577 1410 4632 Christi
1433 4580 1574 4650 gerit
1601 4595 1667 4634 ac
1698 4593 1940 4638 exercet.

466 4765 471 4772 '
509 4761 694 4814 Tradit
720 4758 967 4814 [Elianus
993 4760 1442 4816 cliamazleontem
1472 4762 1639 4816 variis
1665 4762 1853 4818 formis
1887 4779 2016 4819 con-

439 4854 594 4923 spici,
633 4864 689 4906 ut
718 4852 808 4921 qui
843 4853 1030 4904 oculos
1053 4866 1110 4904 se
1145 4851 1476 4906 intuentium
1509 4852 1692 4920 elidat,
1726 4855 1790 4907 ad
1827 4869 2015 4909 exem-

441 4946 586 5014 plum
627 4945 860 5008 Satanae,
888 4943 980 5012 qni
1011 4956 1067 4995 se
1100 4941 1156 4994 in
1185 4941 1323 4996 lueis
1353 4939 1602 5013 angelum
1641 4945 2010 5000 transformat.

445 5037 638 5090 Verum
671 5034 992 5088 Aristoteles
1037 5033 1114 5086 ait
1163 5034 1399 5086 maxime
1437 5049 1681 5090 macrum
1716 5045 1768 5088 et
1815 5037 2012 5091 exilem

443 5141 561 5180 esse
601 5125 1044 5179 clianaeleontem
1099 5124 1244 5178 inter
1282 5125 1562 5190 animalia,
1612 5143 1732 5196 quae
1769 5141 1868 5180 ova
1915 5143 2012 5197 pa-

444 5219 591 5272 riunt
643 5228 697 5272 et
751 5218 1034 5272 terrestria
1084 5227 1248 5284 sunt;
1310 5218 1471 5287 idque
1532 5230 1817 5288 propterea
1867 5221 2015 5290 quod

448 5313 724 5388 sanguinis
758 5327 1049 5382 perparnm
1090 5310 1307 5366 habeat.
1356 5310 1507 5367 Hanc
1549 5313 1721 5382 ipsam
1753 5313 1867 5367 vult
1895 5329 2016 5369 esse

445 5421 662 5462 causam
694 5406 893 5460 indolis
917 5409 1114 5459 animm
1139 5405 1195 5459 in
1227 5407 1329 5459 hoc
1357 5405 1599 5458 animali.
1643 5404 1824 5459 Varias
1853 5407 2015 5460 nimi-

447 5517 563 5556 rum
593 5499 791 5555 formas
820 5501 1018 5570 accipit
1052 5499 1358 5554 formidinis
1393 5512 1564 5552 causa
1597 5515 1610 5551 :
1650 5509 1830 5554 metus
1869 5502 2014 5554 enim

444 5608 509 5647 ex
548 5593 728 5662 inapia
760 5592 955 5646 caloris
994 5593 1226 5646 exsistit.

512 5685 558 5718 “
580 5685 771 5740 Matth.
809 5701 937 5746 xvn.
973 5687 1063 5741 20.
1141 5689 1186 5718 ’θ
1220 5685 1358 5738 Gen.
1395 5701 1432 5740 ι.
1462 5683 1557 5737 2:2.

2119 4611 2276 4665 τερον
2305 4595 2596 4663 φαίνεσθαι
2620 4600 2718 4666 τὴν
2747 4599 2950 4668 ἔχθραν
2984 4601 3052 4670 ἢν
3081 4604 3108 4655 6
3137 4604 3324 4672 νοητὸς
3352 4604 3518 4668 λύκος
3551 4606 3684 4673 πρὸς

2120 4686 2188 4739 τὰ
2225 4687 2314 4738 τοῦ
2346 4687 2585 4754 Χριστοῦ
2619 4687 2910 4758 θρέμματα
2939 4693 3223 4761 κέκτηται.
3354 4692 3357 4694 ’

2206 4777 2263 4828 'U
2295 4777 2394 4846 μὲν
2438 4775 2532 4831 οὖν
2578 4779 2831 4841 Αίλιανὸς
2871 4780 3016 4849 λέγει
3040 4783 3131 4835 τὸν
3159 4783 3532 4852 χαμαιλέοντα
3574 4802 3692 4838 ποι·

2123 4867 2271 4922 κίλον
2325 4867 2612 4936 φαίνεσθαι
2665 4873 2731 4940 τῇ
2785 4877 2966 4944 μορφῇ
3019 4871 3118 4926 ἅτε
3151 4875 3245 4935 τὰς
3293 4875 3404 4927 τῶν
3434 4875 3691 4945 ὁρώντων

2120 4960 2271 5030 ὄψεις
2299 4961 2720 5032 ἐκκρουόμενον,
2759 4953 2902 5016 κατὰ
2940 4963 3174 5034 μίμησιν
3217 4965 3312 5018 τοῦ
3342 4969 3421 5028 είς
3455 4967 3691 5036 ἄγγελον

2122 5053 2296 5121 φωτὸς
2343 5052 2954 5122 μετασχηματιζομένου
2992 5055 3190 5108 Σατάν.
3227 5056 3286 5108 Ὀ
3329 5056 3386 5109 δὲ
3444 5058 3693 5124 Ἀριστο-

2121 5143 2280 5213 τέλης
2319 5145 2486 5212 φησὶν
2513 5145 2595 5197 δτι
2623 5146 2938 5214 ἰσχνότατος
2963 5147 2992 5199 6
3026 5147 3344 5216 χαμαιλέων
3383 5148 3495 5202 τῶν
3525 5149 3692 5202 ὦοτό-

2121 5251 2232 5288 κων
2274 5236 2367 5286 καὶ
2395 5234 2598 5298 πεζῶν,
2627 5234 2763 5290 διότι
2805 5215 3233 5306 ὀλιγαιμότατός
3253 5237 3394 5294 ἐστι.
3425 5239 3608 5292 Τοῦτο
3642 5238 3694 5290 δὲ

2122 5325 2293 5378 αἴτιον
2325 5326 2421 5377 καὶ
2468 5324 2562 5377 τοῦ
2608 5325 2706 5395 τῆς
2749 5325 2929 5395 ψυχῆς
2979 5326 3140 5397 ἡθους
3181 5327 3275 5380 τοῦ
3309 5327 3450 5392 ζώου
3477 5342 3490 5354 ·
3533 5329 3692 5381 πολύ-

2128 5433 2333 5485 μορφον
2365 5416 2472 5486 7&9
2497 5417 2705 5483 γίνεται
2733 5415 2820 5477 διὰ
2862 5418 2954 5470 τὸν
2990 5417 3189 5487 φόϐον·
3213 5421 3242 5472 ὁ
3277 5419 3384 5489 7&9
3421 5421 3599 5489 φόϐος
3634 5417 3694 5472 δί’

2129 5506 2337 5559 ἔνδειαν
2371 5506 2725 5577 θερμότητος.
