3862 6228
247 329 351 393 1'37

1521 332 1925 393 ANNAIJUM
1968 334 2057 394 ΡΛ
2071 337 2160 395 RS
2199 337 2245 395 Ισ

3397 347 3525 408 1238'-

323 446 385 501 ’0
417 444 597 518 ἄρρην
626 437 688 511 ὗς
720 448 1103 516 χαυλιόδοντας
1128 447 1240 518 ἔχει
1277 447 1352 509 ὡς
1377 448 1632 520 ὀξύτερος
1655 450 1734 512 είς
1766 450 1826 501 τὸ

2001 452 2152 522 Aper
2205 453 2399 509 dentes
2455 463 2705 510 exsertos
2761 471 2826 511 ac
2885 455 3260 526 prominentes
3322 458 3508 524 habet,

230 535 532 608 πλήσσειν,
561 537 620 589 τὸ
660 539 715 590 δὲ
768 539 904 607 θῆλυ
945 539 1043 592 οὑκ
1095 540 1230 609 ἔχει,
1263 538 1348 606 é'p‘
1398 532 1442 605 ᾧ
1488 542 1584 594 καὶ
1614 539 1823 608 ἀμυνόο

234 645 408 696 μενον
449 627 658 684 δάκνει.
699 630 861 684 Οὕτω
895 631 993 700 μὲν
1036 631 1129 685 οῦν
1155 632 1244 686 καὶ
1284 632 1380 684 ἐπὶ
1428 633 1536 685 τῶν
1570 632 1820 700 ἐλάφωνο

229 718 260 768 ό
294 718 400 784 μὲν
429 721 538 788 γὰρ
568 718 747 790 ἄρρην
777 720 932 790 φέρει
968 719 1195 789 κέρατα,
1236 723 1268 791 ἡ
1301 721 1357 774 δέ
1389 721 1579 790 θήλεια
1609 722 1821 775 οὑκέτι.

243 810 419 864 Ἀλλὰ
475 813 570 864 καὶ
624 813 673 863 oi
727 812 1116 881 ἐκτεμνόμενοι
1169 811 1262 876 iis;
1306 813 1689 882 χαυλιόδοντας
1725 814 1826 867 οὑκ

229 902 451 970 ἔχουσι,
488 903 623 956 διότι
652 903 751 974 τὴν
778 903 938 972 φύσιν
989 905 1126 974 πρὸς
1163 905 1224 958 τὸ
1270 905 1625 975 θηλυπρεπές
1655 923 1830 974 μετα-

234 994 502 1062 μείόουσι
525 1012 538 1025 ·
576 997 669 1049 καὶ
702 997 810 1067 γὰρ
834 996 889 1050 αἱ
918 995 1135 1066 θήλειαι
1167 996 1376 1051 τούτων
1403 997 1752 1066 ἐστέρηνται.

306 1170 562 1226 Γίνωσκε
613 1171 672 1226 δέ
726 1173 819 1228 καὶ
869 1173 1047 1241 τοῦτο,
1081 1174 1162 1228 ὅτι
1217 1177 1272 1230 at
1316 1175 1506 1246 ἄγριαι
1547 1173 1639 1241 ὕες
1679 1177 1828 1247 ἁπλῇ

232 1266 424 1333 τροφῇ
470 1263 754 1334 χρώμεναι
789 1263 900 1335 (l5)
939 1264 1086 1329 ἅπαξ
1116 1264 1210 1317 τοῦ
1245 1265 1496 1320 ἐνιαυτοῦ
1530 1267 1827 1332 τίκτουσιν,

233 1355 289 1406 αἱ
334 1355 396 1407 δὲ
431 1354 638 1424 ἧμεραι
670 1355 750 1416 δὶς
778 1355 867 1409 διὰ
909 1356 1009 1424 τὴν
1041 1357 1274 1424 παχεῖαν
1299 1354 1532 1410 δίαιταν.
1565 1359 1630 1410 Δί
1665 1375 1829 1412 πιαν-

235 1446 428 1498 θεῖσαι
486 1446 579 1510 ὕες
625 1446 1063 1518 λειποτριχοῦσι·
1124 1448 1480 1517 πιαινόμεναι
1533 1449 1642 1520 γὰρ
1691 1467 1828 1520 σαρ-

233 1538 499 1604 κοῦνται,
533 1540 738 1608 μᾶλλον
767 1541 824 1594 δέ
854 1540 1104 1594 τοιαῦται
1131 1540 1188 1594 αῑ
1219 1531 1552 1603 πέπτουσαι,
1587 1541 1830 1596 πέπτου-

235 1645 331 1680 σαι
364 1629 426 1682 δὲ
449 1628 732 1683 λείπονται
776 1628 870 1683 τοῦ
903 1631 1342 1703 περιττώματος,
1374 1633 1428 1688 αἱ
1469 1631 1527 1686 δὲ
1551 1631 1737 1702 τρίχες
1763 1634 1828 1686 ἐκ

235 1719 351 1772 τῶν
387 1721 846 1792 περιττωμάτων.

276 1943 297 1962 ,
319 1901 400 1955 Ἦ
433 1900 490 1954 δὲ
525 1901 670 1954 αἰτία
695 1901 763 1955 δι’
792 1903 857 1973 ἧν
878 1905 905 1958 ό
933 1896 996 1967 ῦς
1025 1921 1083 1958 τε
1110 1907 1204 1959 καὶ
1229 1906 1258 1957 ό
1283 1907 1449 1966 ἵππος
1477 1907 1652 1975 ἀφρὸν
1684 1907 1834 1978 παρὰ

236 1992 319 2062 τῷ
352 1994 590 2063 στόματι
617 1993 901 2064 φέρουσιν,
937 1995 1099 2066 αῦτη.
1153 1997 1216 2051 'll
1255 1998 1531 2068 θερμότης
1566 1998 1834 2063 ὡσαύτως

237 2083 340 2135 καὶ
391 2083 425 2150 ὴ
461 2082 677 2152 κίνησις
722 2083 1028 2140 λευκαίνειν
1069 2087 1228 2140 εἴωθε
1262 2090 1332 2141 τὰ
1376 2089 1517 2159 ὑγρά
1552 2090 1688 2158 (l6).
1722 2091 1835 2143 Kal

237 2176 346 2241 δρα
405 2177 510 2244 τὴν
567 2175 842 2230 θάλασσαν
874 2192 890 2209 ⁸
943 2179 1236 2249 κινουμένη
1303 2180 1412 2249 γὰρ
1471 2180 1561 2232 ὑπ’
1618 2180 1834 2249 ἀνέμων

238 2267 620 2322 λευκαίνεται.
691 2269 831 2338 Ὅρα
882 2272 1010 2333 τοὺς
1075 2272 1507 2340 ὑποκαιομένους
1575 2272 1830 2342 λέϐητας.

241 2356 402 2427 Ὅρα
425 2357 530 2428 τὴν
561 2360 617 2413 ἐν
663 2357 738 2426 τῷ
765 2359 885 2428 ἀέρι
926 2360 1203 2430 ὑγρότητα
1223 2377 1240 2394 ο
1292 2362 1559 2430 χειμῶνος
1590 2363 1697 2432 γὰρ
1741 2363 1836 2416 ὑπ’

241 2448 476 2518 ἀνέμων
505 2451 795 2522 κινουμένη
818 2451 1189 2516 λευκαίνεται,
1220 2453 1615 2524 λευκαινομένη
1659 2455 1714 2506 δὲ
1745 2455 1833 2507 διὰ

242 2539 346 2609 τὴν
385 2541 698 2607 τηνικαῦτα
742 2542 904 2610 ψῦξιν
962 2544 1260 2611 πήγνυται,
1300 2545 1394 2596 καὶ
1431 2543 1604 2608 οὕτως
1642 2546 1674 2612 ἡ
1703 2544 1836 2612 χιὼν

243 2631 635 2698 καταφέρεται
663 2646 678 2661 ο
707 2633 737 2702 ἡ
781 2633 891 2703 γὰρ
924 2633 1057 2701 χιὼν
1102 2633 1253 2686 οὐδὲν
1292 2634 1422 2685 ἄλλο
1449 2635 1659 2703 ἐστὶνῆ
1691 2633 1834 2700 ὕδωρ

244 2722 564 2789 ἡμιπαγές.
592 2722 747 2776 Οῦτω
776 2723 874 2792 μὲν
901 2719 995 2775 οὖν
1027 2725 1122 2777 καὶ
1149 2724 1301 2794 παρὰ
1332 2724 1407 2795 τῷ
1441 2727 1529 2779 eis".
1554 2727 1650 2778 καὶ
1681 2726 1836 2796 ἵππῳ

245 2813 407 2884 ὑγρὰ
454 2814 833 2886 λεπτυνόμενα
873 2818 952 2878 εἰς
998 2817 1356 2885 πομφόλυγας
1400 2817 1490 2870 διὰ
1526 2817 1838 2889 θερμότητα

247 2908 348 2960 καὶ
381 2907 602 2972 κίνησιν
633 2909 713 2969 εἰς
739 2908 913 2976 ἀφρὸν
955 2908 1407 2977 μεταϐάλλονται.

326 2998 397 3050 Εἰ
451 2998 511 3050 δὲ
566 2997 660 3051 καὶ
703 2998 795 3052 τὸν
847 2999 1004 3066 λόγον
1035 2999 1241 3061 ἐθέλεις
1273 3002 1466 3068 μαθεῖν
1501 2993 1563 3052 οὑ
1599 3001 1761 3070 χάριν
1788 3002 1836 3054 oi

249 3088 428 3151 κύνες
473 3091 628 3157 μόνοι
669 3089 899 3142 λυττῶσι
935 3089 1075 3142 κατά
1119 3107 1181 3156 γε
1207 3089 1267 3141 τὸ
1304 3088 1480 3157 θέρος,
1512 3068 1689 3158 σαφὴς
1731 3091 1840 3143 ί,δοὺ
1868 3068 1910 3127 C

249 3186 352 3236 καὶ
415 3175 573 3245 οὗτός
628 3199 712 3235 σοι
753 3181 1067 3252 πρόκειται.
1103 3181 1388 3234 Λυττίέὶσιν
1444 3183 1494 3234 οἱ
1549 3181 1708 3247 κύνες
1753 3183 1843 3236 διὰ

251 3276 356 3344 τὴν
405 3275 675 3344 πρόληψιν
728 3275 828 3344 τῆς
882 3273 1053 3342 ξηρᾶς
1102 3273 1376 3344 κράσεως.
1408 3273 1573 3341 Φύσει
1621 3273 1678 3327 δέ
1735 3277 1843 3328 εἰσι

254 3365 449 3435 ξηροὶ,
477 3365 573 3418 καὶ
627 3365 788 3419 πλέον
841 3368 953 3428 τοῖς
993 3364 1264 3434 καύμασι.
1297 3365 1716 3434 Θερμαινόμενα
1749 3365 1844 3418 οῦν

255 3462 358 3512 καὶ
391 3458 907 3528 καταξηραινόμενα
929 3456 1261 3526 ἐκπυροῦται
1292 3456 1360 3510 τὰ
1383 3459 1441 3509 ἐν
1468 3458 1653 3521 αὑτοῖς
1679 3459 1844 3528 ὑγρὰ,

256 3549 570 3603 κάντεῦθεν
599 3549 688 3602 διὰ
717 3550 815 3618 τὴν
840 3548 980 3616 ἄγαν
1014 3547 1290 3618 ξηρότητα
1318 3547 1631 3617 μαίνονται,
1665 3548 1842 3601 mea.

258 3659 373 3712 περ
425 3641 478 3693 οἱ
525 3641 944 3712 φρενητιῶντες.
977 3639 1141 3693 Ὅθεν
1189 3639 1283 3693 καὶ
1337 3639 1397 3694 τὸ
1452 3641 1631 3693 σίελον
1663 3640 1848 3704 αὐτοῖς

262 3735 426 3797 ἰῶδες
449 3733 657 3804 γίνεται
706 3733 802 3788 καὶ
829 3731 1144 3803 ξηρότερον.
1191 3733 1316 3785 Ὀτι
1367 3731 1424 3785 δὲ
1458 3732 1845 3801 ἐκπυροῦνται,

256 3827 428 3895 δῆλον
467 3826 532 3878 ἐκ
585 3824 678 3879 τοῦ
736 3824 1060 3894 ἀσθμαίνειν
1100 3824 1321 3886 πυκνῶς
1349 3823 1442 3876 καὶ
1499 3822 1726 3893 πυρώδη
1779 3825 1847 3878 τὰ

259 3919 500 3989 ὄμματα
529 3917 673 3986 ἔχειν
719 3920 814 3971 καὶ
861 3915 1207 3985 ἠνεῳγμένον
1255 3915 1318 3966 τὸ
1362 3913 1538 3982 στόμα
1567 3912 1703 3982 πρὸς
1744 3911 1845 3982 εμ-

259 4011 431 4080 ψυξιν
471 4009 652 4078 ἀέρος.
684 4008 931 4062 Λυττῶσι
973 3994 1031 4062 δέ
1079 4008 1140 4062 οὑ
1191 4008 1396 4070 πάντες
1436 4007 1486 4060 οἱ
1518 4005 1702 4071 κύνες,
1733 4006 1849 4060 ἀλλ,

262 4105 501 4172 ὅσοιπερ
523 4102 580 4154 ἐν
604 4100 811 4163 τούτοις
845 4100 1150 4170 ξηρότεροι.
1185 4099 1342 4164 Τινὲς
1372 4099 1429 4152 δέ
1462 4117 1596 4168 φασι
1630 4100 1726 4152 καὶ
1756 4100 1848 4154 τὸν

264 4193 430 4246 Κύνα
459 4191 519 4244 τὸ
553 4190 750 4260 ἄστρον
781 4189 1190 4260 συμϐάλλεσθαι
1225 4189 1365 4243 κατά
1393 4206 1517 4242 τινα
1545 4189 1848 4259 ἀπόρροιαν

266 4284 494 4347 τούτοις
537 4284 671 4353 πρὸς
700 4284 800 4353 τὴν
831 4281 1057 4335 λύσσαν.
1095 4282 1498 4351 Λυττήσαντες,
1535 4280 1678 4336 καθά
1714 4298 1849 4350 φησι

267 4373 492 4435 Παῦλος
547 4374 575 4425 ὁ
625 4371 887 4440 Σινόπτης
939 4369 1074 4440 (Π),
1131 4369 1226 4422 καὶ
1284 4367 1483 4439 βρῶσιν
1534 4369 1628 4420 καὶ
1689 4367 1845 4420 πόσιν

271 4442 742 4534 ἀποστρέφονταις
777 4461 952 4513 σίελον
987 4460 1046 4513 δὲ
1072 4460 1168 4512 καὶ
1212 4458 1434 4527 δαψιλὲς
1461 4458 1556 4511 καὶ
1600 4457 1848 4525 ἀφρῶδες

273 4556 496 4623 ἀφιᾶσι,
534 4554 629 4607 καὶ
680 4553 885 4616 ἄφωνοι
932 4549 1202 4604 τοὺπίπαν
1253 4549 1416 4613 εἰσιν,
1465 4549 1602 4618 πρὸς
1654 4547 1712 4600 δὲ
1761 4548 1858 4601 καὶ

276 4645 541 4712 ἄφρονες,
574 4641 648 4702 ὡς
681 4641 814 4710 μηδέ
857 4639 985 4700 τοὺς
1019 4638 1253 4700 οἰκείους
1301 4637 1620 4706 γνωρίζειν.
1663 4636 1858 4707 Ἐφορα

281 4734 428 4803 μῶσι
469 4734 526 4784 δὲ
555 4731 696 4784 κατὰ.
728 4729 930 4792 παντὸς
976 4729 1146 4800 χωρἰς
1187 4727 1391 4794 ὑλακῆς
1436 4727 1528 4779 καὶ
1579 4726 1856 4791 δάκνουσι,

281 4826 378 4880 καὶ
399 4823 690 4884 δάκνοντες
733 4821 886 4874 οὑδέν
926 4819 1158 4890 ὀχληρὸν
1211 4819 1552 4888 παραχρῆμα
1603 4817 1859 4887 φέρουσι,

283 4915 428 4987 πλὴν
460 4916 585 4969 ὅσον
613 4912 804 4984 ὀδύνην
836 4911 933 4982 τὴν
980 4913 1044 4963 ἐκ
1077 4907 1170 4961 τοῦ
1221 4907 1561 4978 τραύματος.
1592 4907 1860 4979 ’Υστερον

283 5013 341 5064 δὲ
397 5010 568 5070 πάθος
630 5005 917 5075 ἐμποιοῦσι
987 5002 1048 5056 τὸ
1110 4999 1448 5070 καλούμενον
1511 4999 1858 5070 ὑδροφόόιονο

288 5101 558 5170 φεύγουσι
601 5098 711 5166 γὰρ
760 5096 821 5149 τὸ
855 5095 999 5164 ὕδωρ
1029 5093 1080 5146 oi
1120 5091 1476 5159 λυσσόδηκτοι
1504 5089 1595 5141 καὶ
1623 5089 1862 5159 ὁρῶντες

288 5194 422 5248 αὑτὸ
446 5195 540 5246 καὶ
563 5188 1024 5262 προσφερόμενοι.
1050 5185 1223 5238 Ἔνιοι
1249 5184 1306 5237 δὲ
1333 5182 1513 5237 αὑτῶν
1543 5183 1639 5235 καὶ
1671 5181 1858 5252 ὥσπερ

364 5375 480 5444 (l5)
517 5375 704 5444 Ἀλλὰ
736 5373 834 5429 καί
860 5412 874 5428 .
917 5414 930 5428 .
974 5413 989 5428 .
1028 5413 1044 5426 .
1077 5370 1390 5444 χρώμεναι,
1420 5370 1499 5424 Ex

511 5423 831 5515 ζῦἓὶὶῦέῶξ
852 5423 874 5496 ,⁷
1028 5423 1673 5515 ξτξιτὺνῦράίΕὶίεοόεηι..
1809 5503 1822 5515 ,

370 5505 483 5586 (17)
509 5514 568 5568 In
601 5515 676 5586 V._
698 5505 908 5586 Παῦλος
932 5505 1244 5586 ῥΣινὼπηξ,
1304 5512 1491 5586 sicque
1531 5505 1748 5586 videtur
1801 5505 1860 5586 in

303 5571 400 5640 suo
428 5571 626 5652 legisse
653 5571 1034 5652 Letinclavi_us
1053 5571 1197 5652 :Aat"
1217 5581 1271 5633 in
1297 5571 1535 5634 Claram.
1577 5583 1635 5652 et
1653 5571 1868 5652 _Fonti-

307 5653 452 5708 sebr.
483 5641 777 5721 Ἐινόπτης.
820 5649 965 5716 Quid
994 5649 1366 5721 εἰηΣυγόπτης,
1411 5653 1505 5700 aut
1540 5643 1670 5721 quid
1722 5641 1867 5721 ejus-

309 5723 491 5778 modi?
516 5711 772 5778 Nondum
796 5711 945 5776 enim
978 5719 1108 5773 mihi
1135 5717 1203 5773 de
1241 5711 1514 5787 scriptore
1560 5711 1661 5767 illo
1707 5711 1866 5782 plane

1937 545 2170 613 ideoque
2197 546 2378 601 acrius
2404 547 2676 614 vulnerat;
2696 563 2789 603 eos
2820 548 3013 604 dentes
3047 549 3258 602 femella
3291 551 3505 604 deside-

1934 645 2044 700 rat,
2071 646 2126 690 et
2163 648 2452 706 propterea
2492 641 2709 708 quoties
2755 655 2814 694 se
2855 649 3038 694 tuetur
3079 641 3329 696 mordere
3380 659 3502 695 con-

1937 730 2136 784 suevit.
2171 729 2363 785 Itidem
2395 733 2447 785 in
2495 731 2674 787 cervis
2708 748 2914 786 marem
2948 747 3152 786 cornua
3187 744 3398 800 gestare
3430 734 3507 786 vi.

1936 821 2148 886 demus,
2204 837 2326 890 quae
2386 823 2442 876 in
2508 822 2708 877 femina
2765 823 2914 876 nulla
2970 833 3118 876 sunt.
3170 823 3344 876 Etiam
3391 823 3507 892 apri

1899 913 2156 988 “castrati
2182 914 2378 969 dentes
2413 923 2660 969 exsertos
2695 929 2803 968 non
2845 913 3066 976 habent,
3096 914 3238 982 quod
3268 915 3506 982 ipsorum

1871 1067 1880 1077 _
1936 1015 2130 1060 natura
2164 1005 2230 1059 de
2259 1005 2398 1060 virili
2430 1006 2486 1059 in
2511 1006 2806 1060 femineam
2833 1005 3267 1074 degeneraverit,
3294 1019 3414 1073 quae
3441 1003 3510 1058 ab

1936 1095 2150 1159 iisdem,
2180 1111 2278 1150 ceu
2313 1096 2518 1150 dictum
2550 1104 2652 1160 est,
2681 1095 3015 1150 destituitur.

2007 1183 2276 1240 Praeterea
2311 1187 2451 1242 scito
2481 1201 2606 1241 sues
2633 1188 2930 1252 silvestres,
2953 1201 3072 1256 quae
3094 1187 3356 1241 alimento
3382 1186 3511 1240 sim-

1935 1274 2064 1344 plici
2117 1285 2364 1343 utuntur,
2399 1278 2566 1331 semel
2607 1277 2662 1330 in
2693 1292 2838 1332 anno
2897 1273 3107 1347 parere,
3144 1292 3267 1331 cum
3299 1279 3510 1331 cicures

1935 1364 2007 1419 ob
2030 1366 2427 1420 nutrimentum
2468 1367 2727 1437 pinguius
2774 1369 3088 1437 largiusque
3141 1369 3224 1422 bis
3273 1368 3507 1436 pariant.

1936 1455 2151 1512 Eaadem
2181 1457 2271 1512 ubi
2300 1460 2530 1527 pingues
2560 1459 2718 1513 facta
2746 1469 2896 1523 sunt,
2925 1469 3071 1514 setas
3100 1474 3161 1512 ac
3194 1461 3331 1528 pilos
3357 1460 3510 1511 amit-

1936 1557 2076 1603 tunt.
2112 1547 2325 1618 Quippe
2357 1565 2478 1604 cum
2513 1551 2899 1620 pinguescunt,
2931 1559 2986 1604 et
3025 1550 3137 1619 jam
3174 1549 3342 1618 magis
3387 1564 3510 1600 car-

1937 1652 2085 1694 nosa:
2112 1617 2451 1704 redduntur;
2489 1617 2732 1693 carnosa:
2771 1637 2976 1692 rectius
3015 1617 3178 1690 etiam
3215 1617 3505 1706 digerunt;
3601 1617 3612 1627 ’

1858 1737 1904 1798 Β
1933 1743 2056 1796 quae
2082 1727 2336 1797 digerunt
2359 1728 2663 1789 commode,
2687 1742 2875 1796 parum
2897 1726 3006 1796 63
3048 1727 3380 1780 excrementi
3423 1727 3512 1778 ha-

1934 1819 2096 1881 bent;
2127 1817 2193 1871 de
2220 1817 2584 1872 excrementis
2628 1825 2808 1870 autem
2842 1826 2972 1871 seta:
3003 1832 3065 1870 ac
3093 1816 3184 1884 pili
3218 1817 3506 1869 exsistunt.

2004 1909 2114 1964 Cur
2144 1924 2277 1976 aper
2312 1917 2368 1962 et
2390 1925 2560 1978 equus
2586 1924 2834 1978 spumam
2867 1908 3013 1962 circa
3040 1923 3102 1960 os
3149 1917 3358 1976 gerant,
3397 1909 3510 1959 hanc

1935 2015 2100 2054 causa
2129 2008 2236 2056 est.
2268 2000 2430 2055 Calor
2457 2008 2512 2056 et
2537 2008 2718 2054 motus
2743 2015 2808 2054 ex
2831 2014 2987 2069 :equo
3014 2014 3104 2052 res
3127 1997 3381 2051 bumidas
3402 1996 3515 2049 elli—

1936 2093 2091 2147 ciunt
2123 2093 2298 2148 albas.
2335 2091 2471 2146 Vide
2501 2093 2632 2159 quid
2663 2092 2798 2146 mari
2834 2092 3088 2145 accidat:
3119 2104 3243 2142 cum
3271 2104 3298 2141 a
3339 2087 3518 2141 ventis

1936 2192 2330 2249 commovetur,
2364 2183 2612 2238 albescit.
2667 2183 2880 2252 inspice
2925 2182 3083 2244 ullas,
3131 2181 3330 2248 quibus
3380 2179 3517 2247 ignis

1937 2275 2243 2345 subjicitur.
2301 2275 2520 2330 intuere
2571 2276 2883 2337 humorem,
2943 2273 3035 2340 qui
3092 2279 3176 2326 est
3228 2271 3283 2324 in
3339 2286 3513 2324 acre:

1937 2370 2171 2438 agitatus
2201 2384 2230 2422 a
2261 2368 2443 2422 ventis
2475 2368 2709 2421 hiberno
2753 2376 2998 2434 tempore
3046 2363 3283 2417 colorem
3335 2364 3529 2415 album

1938 2458 2164 2528 accipit;
2201 2467 2487 2527 postquam
2532 2458 2728 2520 albuit,
2781 2458 2852 2511 ob
2893 2456 3091 2524 frigus,
3130 2455 3276 2521 quod
3326 2459 3414 2506 est
3467 2453 3524 2503 in

1937 2566 2088 2613 aere,
2137 2550 2479 2618 congelatur.
2517 2549 2592 2602 [ta
2643 2554 2735 2601 nil
2770 2547 3078 2609 delabitur;
3130 2560 3252 2598 nam
3285 2559 3346 2597 ea
3382 2542 3524 2595 nihil

1939 2649 2026 2694 est
2055 2629 2202 2692 aliud
2233 2653 2396 2706 quam
2428 2652 2567 2705 aqua
2596 2635 3043 2704 semicongelata.
3077 2635 3169 2687 Sic
3198 2633 3360 2701 igitur
3385 2640 3440 2684 et
3467 2631 3520 2682 in

1940 2743 2072 2798 apro
2102 2743 2164 2783 ac
2183 2742 2325 2797 equo
2356 2729 2615 2781 humores
2641 2725 2879 2778 minutas
2907 2724 2962 2777 in
2992 2723 3167 2778 bullas
3193 2721 3396 2775 redacti
3427 2734 3526 2788 per

1939 2821 2174 2876 calorem
2201 2827 2256 2873 et
2284 2828 2490 2872 motum
2526 2819 2580 2870 in
2597 2831 2849 2886 Spumam
2887 2823 3310 2871 convertuntur.

2014 2992 2219 3059 Quodsi
2249 2992 2519 3046 rationem
2543 2992 2660 3058 ejus
2682 3004 2904 3058 quoque
2928 2988 3004 3041 rei
3029 3000 3193 3040 nosse
3217 2983 3522 3043 desideras,

1944 3084 2297 3156 quamobrem
2331 3096 2496 3136 canes
2531 3081 2629 3134 soli
2661 3081 2852 3133 restire
2887 3088 3132 3145 tempore
3161 3079 3268 3129 sint
3299 3075 3520 3139 rabiosi,

1945 3176 2220 3230 luculente
2267 3171 2323 3226 id
2355 3172 2541 3241 ipsum
2591 3171 2679 3224 hic
2716 3170 2810 3222 tibi
2857 3168 3169 3223 declarabo.
3202 3167 3401 3220 Rabies
3441 3168 3526 3218 in-

1945 3267 2106 3321 festat
2132 3277 2301 3319 canes
2341 3270 2565 3332 propter
2599 3261 2758 3314 siccat
2790 3270 3170 3328 temperaturae
3211 3258 3524 3311 incremen-

1950 3365 2086 3408 tum.
2123 3353 2263 3407 Sunt
2295 3353 2440 3406 enim
2477 3367 2507 3405 a
2541 3360 2736 3406 natura
2779 3350 2932 3415 sicci,
2963 3364 3135 3418 eaque
3167 3349 3384 3402 siccitas
3417 3363 3518 3415 per

1946 3457 2110 3501 aestus
2139 3454 2389 3516 augetur.
2426 3443 2615 3512 Itaque
2638 3443 2897 3496 humores
2926 3442 2979 3494 in
3020 3443 3100 3496 eis
3131 3441 3540 3494 incales:-entes.

1948 3547 2005 3593 et
2046 3537 2302 3604 paulatim
2345 3536 2604 3591 exsiccati
2644 3535 2795 3589 velut
2839 3533 3264 3588 inﬂammantur.
3299 3530 3434 3584 llinc
3467 3532 3526 3584 lit

1950 3639 2010 3686 It
2034 3630 2215 3695 nimia:
2237 3629 2503 3684 siccitatis
2521 3643 2685 3683 causa
2715 3627 2767 3680 in
2796 3626 3001 3680 rabiem
3027 3632 3277 3698 agantur,
3300 3622 3535 3693 perinde,

1949 3733 2113 3792 atque
2147 3721 2218 3774 illi
2269 3721 2359 3789 qui
2395 3721 2613 3774 cxivere
2655 3720 2729 3773 de
2768 3727 3058 3787 potestate.
3095 3716 3213 3781 Quo
3260 3716 3317 3770 fit
3369 3724 3426 3768 ut
3469 3722 3530 3766 et,

1950 3814 2172 3866 salivam
2223 3811 2508 3868 sicciorem
2560 3820 2616 3865 et
2662 3819 2986 3865 venenatam
3033 3808 3286 3864 habeant.
3326 3807 3390 3858 Et
3437 3805 3524 3856 in-

1950 3903 2213 3960 ﬂammari
2241 3917 2334 3956 eos
2359 3902 2442 3956 vel
2473 3902 2598 3956 inde
2623 3910 2789 3970 patet.
2819 3901 2957 3969 quod
2985 3899 3326 3967 frequentius
3354 3897 3536 3958 anhes

1951 3996 2085 4059 lant,
2115 3994 2302 4048 oculos
2333 3993 2536 4047 habent
2561 3991 2840 4045 ﬂammeos
2863 4000 3002 4045 etos
3033 3999 3278 4058 apertum
3308 3998 3528 4057 propter

1952 4090 2092 4140 aeris
2135 4084 2621 4154 refrigerationem.
2655 4082 2764 4137 Nec
2796 4083 2974 4137 rabies
2999 4083 3111 4135 hmc
3135 4097 3302 4136 canes
3336 4097 3550 4137 omnes.

1953 4182 2135 4236 vetat,
2169 4174 2260 4228 sed
2303 4187 2396 4227 eos
2427 4172 2518 4241 qui
2559 4171 2812 4230 sicciores
2853 4180 3007 4230 sunt.
3044 4171 3296 4227 Nonnulli
3340 4174 3530 4226 volunt

1955 4267 2108 4321 sidus
2149 4265 2304 4331 illud,
2337 4263 2479 4332 quod
2519 4262 2727 4319 Canem
2779 4265 3032 4326 dicimus,
3085 4264 3336 4318 nonnihil
3373 4265 3530 4332 quasi

1963 4357 2179 4413 deﬂuxu
2207 4355 2442 4424 quodam
2475 4355 2539 4408 ad
2574 4354 2766 4407 horum
2800 4353 3064 4409 insaniam
3109 4355 3383 4410 conferre.
3418 4356 3535 4408 Cae-

1966 4461 2137 4502 terum
2169 4455 2452 4516 postquam
2490 4447 2590 4498 hac
2625 4443 2776 4499 rabie
2807 4445 3040 4514 correpti
3079 4453 3228 4508 sunt,
3270 4447 3535 4514 quemad-

1955 4539 2176 4594 modum
2230 4537 2430 4590 Paulus
2480 4535 2801 4603 Sinopensis
2841 4535 2938 4600 ait,
2994 4544 3102 4588 tam
3139 4537 3320 4592 cibum
3370 4552 3530 4604 quam

1955 4641 2143 4703 potum
2180 4637 2526 4682 aversantur.
2558 4626 2733 4678 Simul
2768 4625 2972 4694 largam
3018 4641 3411 4696 spumeamque
3449 4645 3534 4680 sa-

1955 4725 2118 4777 livam
2145 4722 2421 4783 emittunt,
2450 4728 2505 4773 et
2536 4719 2590 4773 in
2627 4717 2941 4772 universum
2975 4718 3110 4770 muti
3138 4727 3286 4781 sunt,
3315 4735 3378 4772 ac
3411 4728 3534 4774 tau-
3594 4716 3601 4721 ’

1966 4826 2148 4880 tepere
2169 4813 2447 4881 desipiunt
2471 4820 2528 4864 ut
2557 4825 2624 4864 ne
2651 4809 2943 4864 familiares
2965 4809 3185 4877 quidem
3213 4822 3530 4878 agmiscant.

1965 4905 2061 4962 sed
2108 4904 2162 4957 in
2211 4901 2437 4971 quosvis
2482 4899 2685 4968 absque
2721 4899 2920 4952 latratu
2968 4899 3176 4952 irruant
3224 4909 3278 4952 et
3315 4902 3559 4968 quosvis.

1967 4995 2275 5050 mordeant.
2308 4989 2405 5045 Hic
2432 5006 2648 5045 morsus
2676 5005 2782 5045 non
2827 4989 3088 5044 continuo
3127 4990 3421 5059 quidquam
3451 5008 3536 5045 se-

1965 5101 2089 5142 cum
2124 5084 2280 5138 aﬂert
2313 5081 2656 5151 aegritudinis
2704 5090 2797 5136 aut
2849 5081 3126 5144 molestia,
3169 5089 3364 5150 praeter
3409 5099 3536 5138 eum

1963 5177 2055 5249 qui
2086 5191 2152 5231 ex
2201 5176 2315 5245 ipsa
2356 5189 2414 5228 re
2459 5172 2692 5227 sentitur
2735 5171 3001 5226 dolorem.
3031 5170 3233 5226 Verum
3278 5174 3562 5244 deinceps.

1963 5371 2198 5436 constat.
2225 5382 2333 5436 qua
2356 5375 2512 5422 :etatc
2557 5365 2827 5436 ﬂoruerit.
2860 5364 3194 5436 Suspicabar
3216 5359 3351 5416 alias
3368 5371 3532 5436 eum.

1965 5428 2384 5504 demesse'cum
2417 5437 2584 5490 Paulo
2623 5428 3144 5504 Silentiariofcujus
3167 5434 3382 5504 exstant
3409 5428 3554 5492 ἧμαι--

1964 5501 2192 5570 ῖαμὸεῖα
2231 5505 2297 5558 de
2323 5505 2575 5558 Thermis
2597 5505 2824 5573 Pythiis,
2876 5513 2931 5558 et
2956 5501 3202 5572 quaedam
3261 5501 3538 5572 emeras"-

1967 5579 2112 5626 mata
2147 5573 2201 5626 in
2232 5574 2522 5642 Florilegio
2553 5573 2767 5627 Maximi
2795 5573 3053 5642 Planudiﬁs
3096 5580 3262 5642 opera
3276 5577 3536 5642 _conc|_n-

1968 5649 2129 5705 nato;
2167 5657 2358 5696 verum
2392 5632 2566 5698 donec
2595 5643 2814 5698 uberior
2845 5643 2940 5696 lux
2983 5632 3202 5694 aliunde
3235 5632 3532 5698 affulserit,

1967 5711 2140 5766 satius
2167 5720 2250 5766 est
2277 5713 2512 5781 ἐπέχειν.
