3862 6228
1191 224 1275 231 -.-ς

373 273 473 338 139

1623 278 2041 354 MICHAELIS
2080 297 2343 358 δινσιε

3501 301 3614 368 HO

367 385 596 439 morbus
645 388 877 457 accedit,
927 408 1089 462 quem
1143 395 1604 468 hydrOphobium.
1658 404 1727 458 ab
1781 419 1917 473 aqua

2039 407 2202 472 κύνες
2253 409 2550 465 ὑλακτοῦσι
2586 412 2680 464 καὶ
2712 413 3001 466 δάκνουσιν
3047 413 3316 479 ἐπιόντες,
3350 416 3443 468 καὶ
3477 415 3617 468 δάκ-

367 487 536 539 metu,
576 491 791 534 vocant.
831 481 963 538 Nam
995 485 1087 554 qui
1134 502 1163 541 a
1218 491 1447 546 canibus
1495 494 1722 548 rabiosis
1766 495 1931 550 morsl

2037 515 2218 564 νοντες
2248 500 2412 555 αῐτιοι
2446 501 2540 555 τοῦ
2579 503 2743 556 αὐτοῦ
2785 504 2991 568 πάθους
3033 507 3404 577 κατέστησαν.
3452 507 3520 559 Ἦ
3551 506 3614 562 δὲ

365 577 519 668 δυηιῖ
538 582 735 637 aquam
765 571 1140 642 reformidant,
1162 578 1276 634 sive
1303 581 1449 636 illam
1477 584 1793 640 intueantur
1820 586 1917 640 sive

2033 592 2142 644 τῶν
2177 595 2603 663 συμπτωμάτων
2654 595 2806 650 αἰτία
2834 595 2942 651 τῶν
2993 596 3093 665 μὲν
3122 571 3297 652 ἄλλων
3343 598 3614 669 εὖδηλοςή

369 657 592 726 propius
621 663 904 718 accedam.
939 664 1195 724 Nonnulli
1229 673 1392 726 etiam
1429 689 1624 728 canum
1661 691 1812 729 more
1851 678 1930 731 la-

2032 683 2374 750 κατειληφὼς
2405 684 2515 754 γὰρ
2550 685 2625 747 ἰὸς
2653 685 2720 737 τά
2743 678 2755 687 ’
2767 685 2933 756 μόρια
2983 685 3160 740 πάντα
3194 686 3283 738 καὶ
3313 685 3480 739 αὐτὸν
3515 686 3616 738 τὸν

363 758 512 848 traut
541 761 594 806 et
628 755 766 810 alios
794 761 1032 829 aggressi
1063 765 1332 829 mordenl,
1369 781 1477 834 quo
1515 781 1697 822 morsu
1729 767 1917 823 malum

2031 775 2335 844 ἐγκέφαλον
2383 775 2609 830 τοιαῦτα
2655 778 2808 846 φέρει
2850 779 3254 848 συμπτώματα.
3284 777 3392 830 Τοῦ
3419 779 3478 830 δὲ
3513 795 3616 846 φο-

364 840 538 909 i-psum
572 860 892 917 propagant.
935 851 1203 907 Caeterum
1250 871 1370 924 qua:
1400 857 1734 926 reliquorum
1786 843 1960 927 sym-,

362 943 668 1002 ptomntum
721 956 881 996 causa
937 943 1008 997 sit
1060 955 1227 1014 patet.
1279 946 1413 1001 Nam
1473 964 1598 1003 cum
1658 963 1926 1002 venenum

362 1025 544 1078 omnia
572 1029 816 1097 membra
857 1041 910 1087 et
943 1032 1120 1100 ipsum
1150 1037 1284 1090 adeo
1309 1038 1594 1092 cerebrum
1621 1038 1924 1106 occupavit,

362 1114 673 1183 huiusmodi
713 1132 1074 1191 symptomata
1116 1140 1302 1180 secum
1331 1128 1526 1182 adfert.
1560 1131 1628 1182 At
1671 1130 1789 1198 ejus
1824 1130 1923 1192 rei,

355 1207 500 1273 quod
549 1225 746 1278 aquam
795 1223 1061 1279 metuant,
1107 1231 1325 1271 causam
1370 1218 1534 1287 aliqui
1585 1219 1808 1272 nimiam
1857 1219 1925 1273 ad

353 1297 656 1354 siccitatem
691 1301 956 1369 referunt,
993 1307 1145 1374 quasi
1181 1323 1406 1376 prorsus
1451 1311 1519 1362 ab
1558 1310 1786 1363 humore
1816 1309 1925 1365 sint

352 1389 667 1446 abal'enati.
703 1393 878 1450 Rufus
926 1405 1106 1451 autem
1145 1399 1395 1468 perbibet
1427 1401 1662 1469 speciem
1711 1402 1922 1456 melan-

350 1481 545 1537 cholize
592 1486 884 1552 quamdam
935 1488 1015 1542 eis
1055 1489 1336 1556 accidere,
1389 1491 1651 1548 nimirum
1705 1507 1923 1547 veneno

245 1559 270 1582 ⁸
349 1569 631 1645 humorem
657 1574 806 1628 illum
835 1575 1086 1632 imitante
1108 1578 1179 1633 ob
1208 1594 1368 1650 quem
1397 1581 1483 1635 alii
1517 1583 1620 1636 alia
1652 1592 1919 1640 metuunt.

2031 867 2241 919 δεῖσθαι
2271 867 2328 918 τὸ
2361 865 2507 937 ὕδωρ
2535 867 2682 931 τινὲς
2723 868 2822 937 μὲν
2869 869 3082 938 ἔφησαν
3109 868 3197 922 διά
3231 869 3331 937 τὴν
3361 869 3616 938 ἄμετρον

1977 1001 1990 1015 η
2028 958 2274 1026 γίνεσθαι
2327 959 2620 1029 ξηρότητα,
2679 956 2767 1012 οἷα
2823 959 3108 1022 παντελῶς
3156 959 3613 1030 ὴλλοτριωμένης

2025 1048 2124 1116 τῆς
2158 1049 2331 1118 ὑγρᾶς
2379 1049 2564 1112 οὐσίας
2595 1066 2607 1081 ·
2657 1050 2686 1102 ό
2730 1049 2787 1102 δέ
2838 1065 2902 1116 γε
2945 1050 3174 1115 Ῥοῦφος
3236 1050 3607 1120 μελαγχολίας

2025 1141 2208 1203 αὐτοῖς
2253 1136 2392 1203 εἶδος
2426 1142 2486 1194 τὸ
2527 1141 2769 1199 τοιοῦτον
2819 1141 3142 1211 ἀπεφήνατο
3194 1141 3469 1210 γίνεσθαι,
3505 1139 3608 1194 τοῦ

2027 1229 2106 1282 ίοῦ
2141 1231 2234 1282 τὸν
2272 1230 2444 1301 χυμὸν
2488 1232 2694 1284 ἐκεῖνον
2749 1232 3136 1302 μιμησαμένου
3190 1232 3313 1286 καθ’
3358 1233 3418 1286 δν
3461 1231 3606 1286 ἄλλα

2023 1321 2384 1390 πεφόϐηνται.
2417 1321 2530 1375 Καὶ
2561 1323 2614 1374 τί
2647 1323 2750 1392 χρὴ
2777 1324 2947 1378 πολλά
2975 1324 3184 1391 λέγειν;
3215 1326 3311 1378 Ὃν
3334 1324 3444 1394 γὰρ
3475 1325 3608 1394 τρύ-

2021 1423 2123 1459 πον
2165 1406 2397 1461 ἐπὶτῶν
2433 1409 2844 1478 μελαγχολικῶν
2894 1414 2945 1466 οἱ
3004 1413 3102 1482 μὲν
3142 1411 3314 1479 ἄλογα
3361 1410 3480 1474 ζῶα
3514 1413 3604 1465 δο-

2021 1496 2207 1550 κοῦσιν
2238 1494 2377 1552 εἶναι
2406 1499 2702 1554 κάντεῦθεν
2734 1502 2833 1564 τὰς
2876 1502 3102 1555 ἐκείνων
3133 1501 3434 1570 μιμοῦνται
3482 1517 3602 1568 φωο

2021 1585 2138 1648 νὰς,
2181 1587 2230 1640 οἱ
2286 1587 2342 1640 δὲ
2387 1589 2559 1658 σκεύη
2614 1588 2873 1642 δοκοῦσιν
2922 1587 3064 1643 εἶναι
3119 1589 3423 1659 ὀστράκινα
3484 1591 3601 1642 κάκ

345 1661 457 1732 64
493 1663 555 1716 Et
586 1664 716 1733 quid
746 1667 930 1724 multis
965 1669 1055 1725 hic
1099 1673 1282 1727 verbis
1331 1688 1468 1742 opus
1498 1674 1620 1728 est?
1647 1672 1917 1740 Quemad-

2028 1677 2210 1730 τούτου
2259 1679 2596 1748 κατεαγῆναι
2643 1679 2741 1735 καὶ
2785 1681 2928 1736 πάνυ
2980 1680 3359 1746 δειλαίνονται,
3411 1681 3599 1751 ἕτεροι

346 1751 571 1805 modum
612 1755 760 1808 enim
793 1756 846 1810 in
893 1759 1304 1816 melancholicis
1351 1765 1641 1816 usuvenire
1669 1765 1917 1819 videmus

2028 1769 2110 1822 τὸν
2143 1769 2414 1824 Ἄτλαντα
2447 1747 2762 1840 νομίζουσιν
2791 1773 2978 1826 ἐπάνω
3018 1771 3242 1826 πίπτειν
3273 1773 3456 1827 αὐτῶν
3499 1747 3599 1826 καὶ

348 1851 406 1895 ut
437 1844 530 1898 alii
563 1846 785 1915 quidem
835 1851 1092 1905 animalia
1139 1852 1298 1907 bruta
1343 1853 1446 1908 sibi
1482 1854 1770 1910 videantur
1799 1871 1920 1911 esse

342 1950 409 1990 ac
439 1949 727 2007 propterea
768 1955 931 1997 voces
979 1958 1171 1998 eorum
1210 1944 1518 2012 imitentur,
1551 1947 1645 2001 alii
1695 1962 1754 2003 se
1789 1963 1916 2003 vasa

343 2042 464 2082 esse
513 2038 750 2087 testacea
794 2033 1024 2090 credant
1069 2046 1124 2091 et
1172 2037 1376 2093 idcirco
1409 2038 1762 2094 vehementer
1799 2057 1918 2096 me-

345 2129 498 2174 tuant
529 2137 597 2176 ne
624 2124 1061 2196 confringantur,
1101 2129 1192 2182 alii
1225 2145 1388 2200 supra
1421 2146 1480 2186 se
1513 2131 1690 2186 delabi
1725 2132 1914 2187 Atlan-

341 2221 452 2265 tem
485 2214 801 2271 existiment
833 2218 1065 2288 ideoque
1095 2220 1294 2275 mirum
1329 2221 1383 2276 in
1410 2222 1628 2278 modum
1651 2225 1909 2290 clament,

341 2304 419 2358 ita
462 2308 750 2362 consimile
774 2309 1054 2380 quidpiam
1089 2326 1318 2367 cernere
1349 2313 1479 2368 licet.
1514 2315 1680 2368 etiam
1718 2315 1786 2370 iis
1821 2329 1914 2370 ac-

342 2398 528 2454 cidere
578 2417 714 2470 quos
758 2417 923 2458 canes
972 2403 1176 2459 rabiosi
1222 2407 1652 2461 momorderu‘nt.
1701 2406 1913 2476 Quippe

343 2506 616 2547 venenum
644 2494 819 2561 canis,
847 2511 943 2550 ceu
967 2496 1164 2550 noxius
1188 2497 1404 2561 humor,
1423 2513 1612 2552 eorum
1649 2506 1923 2567 occupato.

342 2584 573 2639 cerebro
609 2584 738 2640 facit
771 2595 828 2640 ut
860 2603 1053 2656 aquam
1101 2597 1379 2655 metuant;
1416 2589 1466 2640 in
1501 2603 1610 2658 quo
1653 2599 1799 2642 metu
1826 2605 1914 2643 ca-

343 2676 452 2741 nis,
505 2693 539 2732 a
590 2693 697 2747 quo
741 2680 907 2734 morsi
958 2691 1105 2744 sunt,
1162 2682 1479 2752 imaginatio
1523 2682 1700 2746 subit;
1739 2696 1914 2749 eoque

2015 1861 2104 1915 διὰ
2135 1861 2296 1914 τοῦτο
2331 1862 2474 1931 μέγα
2520 1861 2651 1934 βοᾷν
2703 1865 3126 1932 ἀναγκάζονται,
3163 1864 3306 1918 οὕτω
3355 1867 3450 1918 καὶ
3503 1864 3600 1916 ἐπὶ

2014 1952 2124 2005 τῶν
2161 1951 2544 2022 λυσσοδήκτων
2569 1953 2716 2007 ἔστιν
2747 1954 2896 2009 ίδεῖν.
2931 1955 2990 2008 '0
3023 1955 3134 2026 γὰρ
3159 1955 3253 2009 τοῦ
3289 1956 3452 2016 κυνὸς
3493 1955 3597 2018 ἰὸς,

2013 2043 2264 2113 καθάπερ
2292 2059 2374 2106 τις
2401 2045 2576 2113 χυμὸς
2629 2045 2924 2116 μοχθηρὸς,
2951 2046 3044 2100 τὸν
3073 2047 3374 2114 ἐγκέφαλον
3406 2045 3598 2100 αὐτῶν

2014 2133 2308 2203 κατασχὼν
2339 2134 2626 2202 φοϐεῖσθαι
2661 2137 2806 2189 ποιεῖ
2846 2136 2909 2189 τὸ
2953 2136 3098 2206 ὕδωρ
3135 2137 3355 2200 αὐτοὺς,
3389 2136 3598 2204 φοϐου-

2019 2227 2212 2295 μένους
2245 2225 2301 2278 δὲ
2334 2225 2424 2278 τὸν
2452 2226 2689 2280 δακόντα
2720 2228 2860 2281 κύνα
2895 2227 3286 2298 φαντάζεσθαι,
3321 2227 3418 2282 καὶ
3448 2227 3596 2280 οὕτω

2015 2317 2260 2371 σπᾶσθαι
2299 2318 2393 2372 καὶ
2423 2319 2709 2388 τελευτᾷν.
2741 2319 2927 2390 Ταύτῃ
2969 2337 3054 2372 τοι
3101 2327 3197 2373 καὶ
3249 2319 3417 2384 σοφόν
3465 2335 3592 2372 τινα

2014 2408 2380 2478 λυσσόδηκτον
2438 2407 2705 2460 εἰσελθεῖν
2761 2409 2820 2461 ὲν
2875 2408 3144 2478 βαλανείῳ
3193 2409 3437 2476 λέγουσι,
3497 2409 3590 2460 καὶ

2017 2501 2193 2554 ἰδόντα
2225 2500 2316 2553 τὸν
2357 2500 2495 2554 κύνα
2547 2503 2608 2555 ὲν
2652 2503 2719 2572 τῇ
2767 2501 2973 2572 λεκάνῃ
3022 2503 3119 2555 καὶ
3163 2502 3237 2568 μὴ
3274 2515 3594 2566 καταπτοη-

2015 2591 2176 2642 θέντα
2202 2591 2399 2643 εἰπεῖν.
2436 2608 2455 2642 ι
2495 2591 2563 2642 Τί
2591 2589 2715 2643 κυνὶ
2749 2593 2930 2644 κοινόν
2951 2591 3065 2643 ἐστι
3093 2590 3188 2642 καὶ
3215 2587 3482 2658 βαλανείῳ
3508 2605 3522 2652 ;
3564 2605 3586 2638 ι

2019 2684 2127 2735 Καὶ
2155 2683 2284 2751 περὶ
2317 2682 2416 2748 μὲν
2447 2680 2654 2735 τούτων
2681 2681 2876 2747 οὕτως.

338 2779 500 2839 pacto
530 2769 817 2842 ringuntur
843 2781 896 2827 et
933 2775 1147 2828 tandem
1181 2789 1303 2828 eum
1341 2781 1516 2826 morte
1564 2774 1726 2829 vitam
1794 2781 2158 2829 commutant.
2220 2773 2549 2828 I’erhibetur
2585 2774 2804 2844 quidem
2874 2775 3168 2843 aliquando
3235 2774 3591 2843 philosophus

336 2863 632 2936 quispiam,
663 2864 753 2934 qui
786 2875 931 2920 esset
965 2867 1251 2922 admorsus
1286 2884 1314 2922 a
1341 2884 1477 2922 cane
1512 2868 1749 2933 rabioso,
1825 2867 2076 2922 balneum
2135 2868 2432 2938 ingressus,
2494 2876 2787 2937 conspecto
2813 2869 2866 2922 in
2907 2869 3044 2937 pelvi
3070 2881 3228 2932 cane,
3254 2868 3387 2921 nihil
3410 2877 3591 2921 exter-

336 2955 476 3010 ritus
505 2955 706 3009 dixisse
732 2975 744 3010 :
787 2975 804 3007 ι
834 2956 974 3023 Quid
1006 2958 1124 3011 cani
1150 2973 1438 3014 commune
1469 2976 1594 3014 cum
1626 2960 1853 3015 balneo?
1882 2978 1900 3010 ι
1948 2957 2053 3014 Sed
2080 2957 2147 3012 de
2177 2957 2266 3012 his
2299 2957 2450 3012 satis.

409 3047 580 3104 Ursus
620 3063 838 3104 carnem
871 3050 1061 3120 gignit,
1099 3066 1222 3120 qum.
1269 3065 1445 3120 neque.
1479 3050 1704 3122 ﬁguram
1735 3065 1911 3120 neque
1939 3053 1983 3109 ϐ

337 3141 565 3196 formam
610 3141 792 3197 habet.
826 3140 1023 3196 Verum
1056 3143 1315 3214 deinceps
1346 3157 1441 3198 ore
1486 3142 1730 3197 lambens
1773 3132 1907 3195 arfi-

338 3235 492 3288 culos
540 3235 594 3288 in
626 3249 688 3289 ea
733 3233 914 3289 cﬁicit.
965 3235 1223 3304 Ejusdem
1275 3235 1439 3289 catuli
1485 3249 1596 3289 non
1641 3234 1908 3288 Iactantur

337 3326 620 3390 uberibus,
667 3327 761 3381 sed
814 3327 1061 3397 sugendo
1105 3326 1273 3396 pedes
1316 3341 1443 3381 suos
1492 3335 1810 3396 augescunt.
1843 3323 1910 3376 Et

333 3418 480 3489 parit
521 3426 646 3471 ante
681 3427 898 3485 tempus
927 3431 1074 3482 ursa,
1103 3431 1214 3486 quo
1250 3431 1373 3471 cum
1412 3429 1563 3470 mare
1590 3413 1911 3484 congredia-

333 3508 594 3584 tur.'_lpso
616 3508 670 3562 in
698 3516 854 3577 partu
883 3509 1129 3579 periculo
1151 3523 1258 3562 non
1284 3517 1454 3573 caret,
1480 3507 1717 3577 ideoque
1741 3514 1908 3560 noctu

333 3582 652 3671 parturiens
681 3615 826 3656 uraze
856 3601 1012 3656 sidus
1044 3601 1398 3675 inspectando
1428 3601 1703 3666 observat,
1734 3612 1910 3667 eoque

337 3700 498 3769 pacto
527 3688 900 3746 diﬂicultatem
937 3701 1126 3760 partus
1156 3691 1389 3759 mitigat.
1411 3689 1586 3744 Vorax
1617 3697 1702 3742 est
1726 3689 1910 3742 admo-

339 3781 498 3847 dum,»
527 3796 764 3853 cumque
805 3797 904 3852 per
945 3781 1182 3838 hiemem
1220 3781 1276 3836 in
1307 3780 1480 3837 lustro
1522 3795 1622 3835 suo
1662 3779 1815 3835 sedet
1844 3782 1940 3835 ac’

337 3874 532 3938 esurit,
564 3878 752 3943 pedem
783 3874 1075 3931 lambendo
1107 3889 1166 3931 se
1198 3873 1404 3941 nutrit;
1431 3873 1576 3944 quod
1606 3873 1825 3942 quidem
1855 3873 1911 3926 ei

336 3966 438 4022 soli
495 3967 772 4035 peculiare
817 3976 901 4021 est
940 3966 1087 4023 inter
1127 3967 1384 4022 animalia
1421 3965 1721 4029 terrestria,
1768 3965 1910 4020 sicut

338 4059 486 4112 inter
523 4058 734 4111 marina
762 4059 979 4128 polypo.

411 4149 546 4203 Cum
582 4148 773 4217 onagri
806 4163 984 4203 mares
1019 4149 1267 4219 gignunt,
1307 4155 1569 4203 exsecant
1605 4161 1794 4202 eorum
1824 4146 1910 4201 vi-

335 4237 480 4302 rilia,
514 4252 582 4292 ne
612 4244 922 4306 procreent.
947 4235 1011 4292 Et
1039 4237 1245 4292 animal
1279 4237 1383 4292 hoc
1411 4236 1770 4292 siccissimum
1803 4244 1909 4303 est,

339 4330 571 4399 ideoque
626 4327 986 4384 sitibundum.
1041 4327 1165 4394 Qua
1223 4328 1290 4383 de
1347 4341 1512 4382 causa
1566 4326 1798 4382 Davides
1841 4327 1910 4384 de

2092 3049 2160 3100 Ἦ
2185 3047 2241 3100 δέ
2273 3063 2337 3114 γε
2383 3047 2584 3116 ἄρκτος
2619 3048 2801 3117 σάρκα
2846 3049 3021 3103 τίκτει
3072 3049 3210 3118 μήτε
3241 3049 3410 3102 τύπον
3447 3050 3586 3118 μήτε

2021 3137 2239 3207 μορφὴν
2291 3137 2541 3206 ἔχουσαν,
2599 3137 2676 3207 τῷ
2729 3137 2785 3191 δὲ
2837 3139 3064 3208 στόματι
3107 3139 3360 3207 λείχουσα
3406 3140 3587 3208 ἄρθρα

2017 3227 2291 3282 ἀποτελεῖ.
2322 3228 2482 3281 Ἀλλὰ
2513 3229 2606 3280 καὶ
2639 3229 2689 3280 οἱ
2726 3227 2957 3297 σκύμνοι
2989 3230 3162 3299 αὐτῆς
3181 3231 3242 3282 ού
3269 3228 3584 3298 θηλάζουσι,

2020 3314 2298 3383 μυζῶντες
2333 3315 2390 3375 δὲ
2425 3316 2552 3379 τοὺς
2585 3317 2752 3381 πόδας
2774 3319 2954 3371 αὐτῶν
2987 3319 3238 3371 ἐντεῦθεν
3267 3317 3584 3382 αύξάνουσι.

2017 3406 2204 3460 Τίκτει
2237 3407 2294 3460 δὲ
2333 3407 2438 3477 πρὸ
2473 3408 2567 3460 τοῦ
2613 3408 2828 3478 καιροῦ,
2862 3409 2946 3463 ἵνα
2991 3410 3068 3480 τῷ
3102 3410 3293 3481 ἄρρενι
3323 3410 3586 3478 συνέρχη-

2017 3515 2128 3552 ται.
2169 3497 2332 3551 Ἀλλά
2358 3499 2450 3551 καὶ
2483 3499 2541 3550 ἐν
2586 3498 2664 3568 τῷ
2707 3499 2916 3552 τίκτειν
2949 3500 3249 3554 κινδυνεύει
3290 3502 3321 3568 ή
3361 3502 3585 3568 ἄρκτος.

2032 3590 2121 3642 Ἐν
2165 3589 2221 3642 δὲ
2272 3590 2427 3643 νυκτὶ
2481 3587 2748 3642 ὠδίνουσα
2809 3591 3070 3662 προσέχει
3117 3591 3199 3658 τῷ
3251 3590 3348 3658 τῆς
3384 3579 3587 3661 ἄρκτου

2019 3681 2226 3751 ἄστρῳ,
2270 3681 2368 3734 καὶ
2409 3679 2551 3734 οὕτω
2585 3682 2762 3734 τίκτει
2811 3682 3071 3751 εὐχερῶς.
3113 3683 3434 3751 Πολυφάγος
3488 3683 3588 3750 μὲν

2019 3771 2220 3841 ἄρκτος
2263 3771 2430 3838 ἐστὶν,
2495 3773 2556 3825 ὲν
2607 3770 2665 3824 δὲ
2718 3771 2950 3842 χειμῶνι
3008 3773 3450 3842 παρακαθημένη
3513 3771 3585 3841 τῷ

2020 3861 2214 3931 φωλεῷ
2255 3860 2350 3914 καὶ
2387 3860 2633 3914 πεινῶσα
2668 3861 2836 3932 λείχει
2865 3862 2957 3914 τὸν
3007 3863 3142 3915 πόδα
3175 3862 3271 3916 καὶ
3302 3866 3585 3932 τρέφεται.

2019 3951 2172 4022 Μόνη
2204 3952 2262 4006 δὲ
2293 3949 2434 4024 αῦτη
2467 3953 2526 4006 έν
2574 3956 2646 4025 γῇ
2679 3956 2877 4026 πάσχει
2920 3953 3101 4023 τοῦτο,
3140 3958 3234 4010 καὶ
3258 3958 3315 4010 ὲν
3341 3957 3584 4025 θαλάσσῃ

2017 4046 2047 4098 ὁ
2076 4044 2372 4110 πολύπους.

2103 4137 2265 4191 Ἀλλὰ
2294 4139 2388 4192 καὶ
2425 4138 2536 4192 τῶν
2583 4139 2834 4211 ὀνάγρων
2867 4141 2926 4196 al
2975 4142 3206 4210 νομάδες
3243 4145 3468 4197 ἐπειδάν
3493 4144 3584 4196 τέ-

2019 4244 2190 4282 κωσιν
2237 4229 2464 4302 ἄρρενα,
2491 4233 2748 4302 τέμνουσι
2799 4233 2867 4287 τὰ
2922 4233 3100 4287 αἰδοῖα
3155 4235 3356 4299 αὐτῶν,
3387 4235 3476 4287 ἵνα
3511 4234 3584 4304 μὴ

2021 4321 2452 4393 σπερματίζωσι.
2483 4323 2804 4395 Κατάξηρον
2829 4324 2884 4376 δὲ
2927 4323 3065 4388 ζῶον
3091 4328 3118 4379 ό
3143 4325 3397 4395 δναγρος,
3429 4329 3516 4395 ἐφ’
3544 4320 3585 4393 ᾧ

338 4419 496 4490 aquis
547 4420 848 4483 disserens,
895 4418 1018 4474 ait:
1061 4435 1083 4471 ι
1115 4417 1348 4474 Sument
1413 4431 1504 4472 eas
1553 4417 1741 4488 onagri
1789 4417 1910 4474 sitis

2028 4412 2106 4465 ιαὶ
2144 4412 2437 4482 διψαλέον·
2469 4415 2612 4468 κατὰ
2656 4415 2766 4485 γὰρ
2814 4414 2971 4468 τοῦτο
3020 4416 3112 4469 καὶ
3163 4418 3190 4468 δ
3239 4416 3402 4468 Δαὸὶδ
3460 4418 3584 4486 περὶ

338 4529 452 4569 suae
479 4511 881 4582 restinguenda:
913 4527 1078 4569 causa
1105 4512 1175 4568 ⁸ο.
1218 4532 1238 4565 ι

410 4692 758 4764 Vulpeculam
786 4693 1107 4748 nutrimenti
1159 4693 1499 4748 laborantem
1528 4689 1710 4760 inopia
1755 4689 1909 4758 supi~

337 4802 465 4841 nam
500 4787 678 4855 iacere
705 4785 945 4848 tradunt,
981 4785 1139 4854 quasi
1176 4785 1222 4838 si
1270 4783 1409 4839 foret
1455 4790 1688 4848 mortua,
1722 4780 1910 4835 simul-

337 4894 445 4949 que
469 4877 771 4934 anhelitum
823 4877 1082 4932 retinere.
1133 4876 1498 4942 Quamobrem
1552 4875 1654 4929 bac
1698 4875 1809 4944 ipsa
1842 4874 1910 4928 de

339 4987 504 5025 causa
541 4971 834 5025 distentam
887 4968 1215 5039 conspicatae.
1259 4969 1530 5031 volucres,
1579 4969 1635 5022 in
1686 4982 1804 5020 eam
1855 4981 1913 5020 se

339 5062 632 5118 demittunt
677 5061 950 5130 velutiqne
997 5069 1265 5114 mortuam
1317 5060 1605 5130 attingunt.
1642 5056 1782 5112 Tum
1816 5056 1907 5110 illa

337 5155 518 5210 subito
577 5155 868 5216 cxsiliens,
924 5168 1044 5222 quae
1111 5161 1323 5207 mortua
1376 5153 1732 5216 credebatur,
1783 5163 1911 5203 aves

336 5247 748 5318 comprehendit
775 5256 938 5316 atque
963 5246 1206 5301 devorat.

407 5339 582 5410 Capra
625 5339 891 5394 silvestris
941 5338 1341 5393 velocissimum
1380 5337 1582 5392 animal
1632 5343 1716 5389 est
1768 5333 1909 5388 etin

335 5429 565 5498 rupibus
589 5428 754 5500 degit.
778 5427 988 5494 Quodsi
1015 5427 1137 5496 quis
1180 5429 1317 5483 hanc
1359 5436 1680 5482 venatorum
1727 5440 1912 5494 perse—

331 5529 553 5586 quatur,
581 5519 634 5574 in
663 5535 866 5575 cornua
897 5520 1077 5575 desilit
1128 5534 1227 5574 nec
1261 5518 1568 5574 detrimenti
1615 5517 1909 5586 quidquam

334 5609 555 5678 accipit.

408 5701 453 5734 θ’
491 5699 633 5757 Ρε.ι1.
677 5689 786 5765 cui,
820 5701 903 5759 ll.

2021 4500 2233 4554 ὑδάτων
2260 4501 2472 4566 διεξιὼν
2501 4501 2646 4556 οὕτω
2675 4505 2810 4573 φησι
2838 4520 2851 4534 °
2900 4523 2918 4557 ι
2945 4505 3335 4577 Προσδέξονται
3363 4507 3585 4575 δναγροι

2020 4595 2100 4656 είς
2130 4595 2290 4662 δίψαν
2323 4595 2522 4650 αὐτῶν.
2568 4615 2588 4646 ι

2086 4688 2321 4756 Λέγεται
2355 4687 2415 4739 δὲ
2449 4691 2542 4741 καλ
2571 4689 2670 4758 τὴν
2703 4689 2964 4743 ἀλώπεκα
3001 4690 3308 4762 βρωμάτων
3343 4690 3582 4761 ἀποροῦ-

2023 4795 2125 4832 σαν
2174 4779 2368 4832 ὑπτίαν
2425 4782 2646 4833 πίπτειν
2700 4780 2835 4834 timet
2887 4783 3089 4854 νεκράν
3142 4786 3236 4838 καὶ
3291 4785 3581 4854 φυσᾶσθαι.

2023 4871 2315 4924 κάντεῦθεν
2344 4870 2738 4942 διογκουμένην
2784 4873 2953 4942 αὐτὴν
2994 4876 3208 4944 δρῶντα
3257 4877 3323 4928 τά
3367 4875 3582 4928 πετεινᾶ

2019 4965 2396 5018 ἐπιϐαίνουσιν
2467 4965 2637 5034 αὐτῆς
2694 4965 2789 5018 καὶ
2855 4965 2987 5017 ὡσεὶ
3043 4969 3244 5034 νεκρᾶς
3300 4966 3580 5019 ἅπτονται.

2027 5058 2421 5128 Ἐκπηδήσασα
2451 5057 2542 5111 οὖν
2586 5056 2785 5128 αἴφνης
2818 5059 3044 5132 ήνεκρὰ
3093 5058 3460 5131 συλλαμϐάνει
3491 5060 3581 5111 καὶ

2019 5153 2294 5206 κατεσθίει
2327 5153 2486 5204 αὐτά.

2105 5330 2266 5384 Ἀλλὰ
2313 5330 2580 5402 αἶγαγρος
2625 5331 2928 5401 ταχύτατόν
2975 5333 3092 5386 ἐστι
3121 5333 3261 5399 ζῶον
3304 5337 3398 5389 καλ⁵
3438 5334 3579 5407 παρὰ

2019 5425 2132 5486 τοῖς
2179 5426 2444 5495 κρημνοῖς
2488 5424 2694 5490 διάγον,
2733 5424 3064 5496 διωκόμενον
3104 5427 3161 5480 δὲ
3200 5427 3420 5482 ἅλλεται
3446 5427 3579 5481 κατὰ

2020 5515 2288 5584 κεράτων,
2313 5514 2404 5568 καὶ
2429 5516 2488 5568 ού
2511 5514 2808 5569 διαθλᾶται.
