3862 6228
232 370 289 438 Μ
303 369 335 434 Ῑ·

1487 330 1892 427 ANI‘IALIUM
1934 365 2128 425 rans
2170 367 2217 425 Ι.

3354 343 3471 408 “‘2‘

295 489 332 539 Γ
338 489 528 540 ίνωσκε
561 487 620 540 δὲ
653 487 733 539 ὅτι
770 485 980 554 ἑκάστῳ
1003 483 1109 536 τῶν
1153 482 1486 548 ζὼων,καθὰ
1518 480 1583 551 δὴ
1617 479 1709 532 καὶ⁸
1747 477 1774 528 6
1805 479 1838 534 Α

1950 477 2100 531 Scias
2122 482 2303 529 autem
2350 472 2578 543 singulis
2615 469 2964 528 animalibus,
2997 456 3453 533 quemadmodum
3531 500 3533 505 .

229 578 492 646 Νεμέσιός
522 595 679 646 φησι,
709 577 943 647 φυσικήν
966 575 1024 628 οὐ
1054 575 1281 642 λογικὴν
1315 574 1538 641 ἐνέθηκε
1569 571 1785 625 σύνεσιν

228 671 253 722 6
284 669 433 730 Θεός.
471 669 594 720 Τισὶ
620 668 676 720 δὲ
710 669 802 720 καὶ
843 667 1184 736 πανουργίας
1217 665 1470 718 ἐνέϐαλεν
1517 662 1657 732 ὑπὲρ
1692 663 1785 716 τοῦ

231 760 322 810 καὶ
365 759 464 821 τὰς
508 759 814 821 ὲνεστώσας
870 758 1163 819 ἐπιϐουλὰς
1207 756 1478 809 ἐκκλίνειν
1545 756 1656 808 καὶ.
1691 753 1791 815 τὰς

235 849 529 918 μελλούσας
580 849 1077 920 προφυλάττεσθαι.
1129 849 1270 906 Ὅτι
1307 847 1362 900 δὲ
1425 845 1672 916 φυσικῶς
1727 843 1794 897 τὰ

232 941 450 995 τοιαῦτα
490 942 584 995 καὶ
610 943 668 994 οὐ
705 942 940 1009 λογικῶς
967 940 1253 1009 ἐνεργοῦσι
1281 941 1348 993 τὰ
1375 940 1509 1004 ζῶα,
1541 938 1700 1006 δῆλον
1731 939 1795 989 ἑκ

237 1034 324 1085 τοῦ
367 1033 484 1087 κατ’
523 1030 660 1097 εἶδος
696 1035 928 1086 ἕκαστον
967 1034 1108 1096 ζῶον
1146 1032 1348 1101 ὁμοίως
1394 1030 1566 1084 ταῦτα
1599 1029 1796 1092 ποιεῖν,

241 1128 329 1176 καὶ
364 1125 439 1193 μὴ
470 1125 804 1178 διαλλάττειν
840 1123 1020 1177 αὐτῶν
1059 1128 1116 1178 ὲν
1149 1125 1228 1192 τῷ
1273 1123 1466 1192 πλήθει
1506 1121 1604 1183 τὰς
1646 1123 1801 1189 ἐνερ-

244 1218 413 1286 γείας,
449 1219 585 1270 ἀλλά
632 1219 723 1269 καὶ
785 1218 926 1270 κατὰ
983 1217 1113 1285 μίαν
1168 1218 1344 1285 ὁρμὴν
1384 1217 1506 1268 ὅλον
1560 1216 1620 1266 τὺ
1664 1212 1804 1274 εἶδος

245 1309 550 1363 κινεῖσθαι·
614 1312 723 1372 πᾶς
779 1311 890 1380 γὰρ
943 1311 1152 1377 λαγωὸς
1208 1309 1406 1378 ὁμοίως
1459 1307 1804 1375 τεχνάζεται,

243 1403 332 1453 καὶ
366 1403 473 1465 πᾶς
514 1402 677 1464 λύκος
708 1402 910 1470 ὁμοίως
950 1403 1278 1468 πανουργεῖ,
1308 1401 1404 1454 καὶ
1441 1401 1550 1460 πᾶς
1573 1399 1808 1464 πίθηκος

242 1493 438 1562 ὁμοίως
477 1496 750 1560 μιμεῖται.
788 1493 965 1560 Ὅπερ
1004 1494 1104 1545 οὐκ
1140 1493 1288 1545 ἔστιν
1347 1492 1434 1543 ἐπ’
1471 1490 1806 1560 ἀνθρώπωνο

247 1587 431 1654 μυρίαι
464 1589 571 1657 γάρ
598 1587 710 1639 τῶν
731 1587 1090 1654 ἀνθρωπίνων
1113 1587 1368 1656 πράξεων
1390 1585 1445 1637 αἱ
1472 1583 1600 1637 ὁδοί.
1631 1581 1814 1635 Ἐλεύ-

246 1678 399 1745 θερον
443 1678 550 1746 γάρ
575 1695 628 1730 τι
662 1678 756 1730 καὶ
791 1676 1143 1740 αὐτεξούσιον
1180 1677 1240 1729 τὸ
1280 1677 1520 1743 λογικὸν,
1553 1674 1674 1727 ὅθεν
1715 1674 1816 1742 οὐχ

248 1769 301 1820 ἒν
336 1769 433 1821 καὶ
465 1769 524 1820 τὸ
563 1769 695 1822 αὐτὸ
735 1771 900 1822 πᾶσιν
938 1769 1098 1836 ἔργον
1139 1765 1472 1838 ἀνθρώποις,
1496 1766 1571 1827 ὡς
1601 1764 1816 1833 ἑκάστῳ

248 1859 372 1911 εῖδει
409 1859 523 1910 τῶν
553 1859 766 1925 ἀλόγων
802 1857 980 1922 ζώων.
1013 1857 1176 1909 Φύσει
1221 1855 1331 1924 γὰρ
1366 1856 1505 1924 μόνῃ
1533 1853 1704 1906 ταῦτα
1735 1871 1820 1906 κι-

252 1954 442 2016 νεῖται,
477 1953 546 2004 τὰ
593 1953 649 2004 δὲ
683 1951 844 2018 φύσει
881 1951 1182 2018 κινούμενα
1229 1949 1431 2018 ὁμοίως
1468 1949 1618 2016 παρά
1652 1948 1819 2001 πᾶσιν

251 2042 431 2095 ἐστίν·
468 2044 524 2096 αἱ
578 2043 634 2095 δὲ
692 2041 910 2111 λογικαὶ
955 2041 1180 2112 πράξεις
1227 2040 1385 2096 ἄλλαι
1433 2040 1564 2108 παρ’
1615 2041 1820 2101 ἀλλοις,

254 2135 344 2186 καὶ
379 2135 484 2187 οὐκ
509 2134 567 2197 ὲξ
593 2133 841 2200 ἀνάγκης
872 2133 928 2184 αι
958 2133 1124 2185 αὐταὶ
1156 2133 1308 2200 παρὰ
1341 2131 1497 2183 πᾶσι.
1534 2130 1605 2182 Τὸ
1640 2130 1824 2198 μέντοι

255 2226 528 2296 πρόϐατον
567 2225 658 2277 διὰ
704 2223 864 2276 τοῦτο
899 2223 1121 2288 λέγεται
1177 2223 1270 2274 καὶ
1325 2223 1477 2289 παρά
1525 2224 1592 2291 τῇ
1633 2221 1824 2290 Γραφῇ

257 2319 483 2383 ἄκακον,
519 2319 600 2371 ὅτι
663 2317 882 2370 σύνεσιν
932 2315 1070 2370 ἰδίαν
1126 2317 1228 2368 οὐκ
1287 2315 1403 2384 ἔχει
1455 2314 1599 2367 ὥστε
1658 2315 1829 2382 νομὰς

257 2412 538 2480 εὑρίσκειν
568 2410 661 2462 καὶ
703 2409 887 2474 ποτδν,
919 2407 985 2462 ἂν
1039 2409 1112 2477 μή
1158 2423 1244 2468 τις
1273 2409 1300 2459 6
1332 2406 1637 2474 ποιμαίνων
1667 2405 1826 2459 αὐτά.

260 2505 437 2558 Πολλὰ
471 2503 526 2556 δὲ
551 2502 658 2556 τῶν
681 2502 833 2566 ζώων
857 2504 952 2555 καὶ
983 2501 1252 2563 συνέσεως
1281 2499 1631 2570 ἀνθρωπίνης
1667 2497 1833 2566 ἐγγύς

263 2595 395 2650 ἐστι.
433 2597 544 2647 Καὶ
574 2595 676 2662 ὅρα
717 2593 808 2646 τὸν
848 2594 1100 2661 χερσαῖον
1149 2593 1326 2662 ἐχῖνον
1361 2590 1453 2643 δύο
1496 2589 1838 2643 κατασκευά-

265 2687 425 2751 ζοντα
454 2687 545 2738 ἐπὶ
583 2684 678 2740 τοῦ
717 2684 924 2754 φωλεοῦ
956 2684 1253 2746 ἀναπνοὰς,
1298 2683 1433 2752 πρός
1463 2699 1523 2734 τε
1561 2681 1653 2734 τὸν
1687 2681 1838 2734 νότον

264 2781 746 2850 άντιφραττούσας
798 2779 892 2830 καὶ
937 2776 1029 2828 τὸν
1089 2776 1333 2846 βοῤῥᾶν,
1371 2776 1419 2827 εί
1477 2774 1572 2826 καὶ
1623 2773 1840 2841 φυσικῷ

266 2873 411 2940 λόγῳ
441 2872 577 2942 πρὸς
609 2870 678 2924 τά
723 2868 946 2922 τοιαῦτα
975 2867 1085 2920 τῶν
1116 2867 1328 2934 ἀλόγων
1374 2869 1504 2936 γένη
1534 2863 1838 2932 κεκίνηται.

269 2964 404 3018 Οὐδὲ
431 2966 542 3034 γὰρ
575 2961 900 3026 αὐτεξούσια
949 2960 1016 3011 τά
1073 2958 1212 3024 ζῶα,
1249 2958 1390 3011 καθά
1437 2957 1500 3026 δὴ
1559 2957 1651 3010 καὶ
1683 2959 1710 3008 ὁ
1740 2959 1845 3008 Δα-

276 3059 556 3128 μασκηνὸς
604 3056 858 3123 Ἰωάννης
888 3054 1074 3123 φησιν,
1107 3056 1187 3105 ὅτι
1229 3051 1364 3121 μηδὲ
1390 3050 1609 3118 λογικά.
1639 3050 1844 3118 Λογικῇ

274 3154 385 3222 γὰρ
421 3151 572 3220 πάσῃ
601 3147 761 3216 φύσει
809 3148 902 3199 καὶ
930 3145 989 3198 τδ
1016 3143 1365 3208 αὐτεξούσιον
1407 3143 1624 3203 πάντως
1661 3141 1847 3209 ἐμπε-

278 3262 417 3311 ςυκε
452 3244 703 3312 θέλημα·
750 3242 829 3303 είς
869 3238 924 3290 τί
969 3237 1076 3306 γὰρ
1104 3236 1214 3300 ἔξει
1261 3235 1322 3287 τὸ
1353 3233 1591 3301 λογικὸν,
1638 3233 1711 3302 μὴ
1758 3233 1852 3287 αὐ-

280 3337 577 3403 τεξουσίως
607 3331 966 3401 λογιζομένης
993 3331 1106 3396 Τὴν
1139 3333 1240 3398 μὲν
1269 3330 1376 3397 γὰρ
1407 3325 1640 3394 φυσικὴν
1670 3323 1852 3394 ὄρεξιν

278 3432 374 3485 καὶ
399 3431 512 3490 τοῖς
539 3427 756 3494 ἀλόγοις
795 3424 951 3489 ζώοις
977 3425 1004 3475 6
1031 3419 1371 3490 Δημιουργὸς
1397 3417 1700 3486 ὲνέσπειρε,
1719 3415 1857 3485 πρὸς

284 3528 547 3580 σὶστασιν
576 3523 677 3585 τῆς
708 3520 917 3582 οἰκείας
950 3517 1168 3586 φύσεως
1206 3515 1450 3582 ἄγουσαν
1495 3507 1856 3581 ἠναγκασμέ-

287 3634 394 3680 νως
455 3614 612 3668 αὐτά.
669 3614 846 3680 Λόγου
906 3609 1018 3680 γάρ
1077 3606 1416 3678 ἀμοιροῦντα
1478 3604 1539 3656 οὐ
1601 3600 1858 3654 δύνανται

289 3713 466 3779 ἄγειν,
497 3707 612 3761 ἀλλ’
667 3705 890 3770 ἄγονται
926 3701 1032 3755 ὑπὸ
1070 3701 1168 3767 τῆς
1211 3696 1448 3766 φυσικῆς
1477 3691 1734 3761 ὀρέξεως,
1770 3691 1860 3743 ὅτε

291 3804 406 3872 ἅμα
462 3803 496 3870 ἠ
553 3797 735 3869 ὄρεξις
793 3797 1036 3864 γένηται,
1087 3790 1292 3849 εὐθέως
1330 3787 1425 3840 καὶ
1475 3788 1508 3855 ἡ
1566 3783 1704 3855 πρὸς
1764 3781 1862 3849 τὴν

294 3895 492 3965 πρᾶξιν
515 3893 682 3963 ὁρμή.
713 3891 787 3943 Οὐ
817 3891 925 3957 γὰρ
952 3882 1150 3954 λόγῳῆ
1182 3881 1343 3952 βουλῇ
1369 3881 1402 3950 ἢ
1438 3876 1627 3944 σκέψει
1669 3874 1702 3943 ἢ
1741 3873 1863 3940 κρί-

296 4006 377 4042 σει
433 3986 754 4056 κέχρηνται.
814 3978 982 4032 Ὀθεν
1035 3974 1159 4028 οὗτε
1217 3975 1292 4037 ὡς
1347 3971 1549 4041 ἀρετὴν
1607 3965 1866 4036 μετιόντα

299 4076 646 4133 ἐπαινοῦνται
702 4072 792 4125 καὶ
861 4066 1292 4140 μακαρίζονται,
1345 4061 1470 4116 οὕτε
1533 4059 1608 4120 ὡς
1669 4057 1868 4110 κακίαν

301 4169 613 4241 πράττοντα
643 4161 985 4226 κολάζονται.
1016 4157 1081 4209 Ἦ
1111 4154 1168 4208 δὲ
1198 4151 1392 4222 λογικὴ
1421 4151 1584 4220 φύσις
1614 4147 1726 4217 ἔχει
1769 4145 1870 4214 μὲν

302 4239 397 4330 τήν
432 4258 670 4330 φυσικὴν
701 4253 882 4325 ὄρεξιν
933 4248 1285 4318 κινουμένην,
1314 4244 1422 4298 ὑπὸ
1464 4242 1521 4294 δὲ
1563 4239 1659 4292 τοῦ
1707 4239 1869 4305 λόγου

305 4329 580 4422 ἀγομένην
614 4367 675 4403 τε
722 4346 817 4400 καὶ
855 4341 1280 4414 ρυθμιζομὲνην.
1324 4335 1431 4389 Τοῦ
1471 4333 1580 4402 γὰρ
1623 4331 1781 4400 λόγου
1813 4329 1875 4382 τὸ

307 4443 688 4516 προτέρημαή
716 4433 1060 4500 αὐτεξούσιός
1091 4433 1208 4484 ἐστι
1244 4428 1482 4498 θέλησις,
1513 4425 1579 4495 ἢν
1615 4423 1680 4492 δὴ
1718 4439 1878 4491 φυσι-

308 4513 406 4608 κην
436 4539 494 4589 ὲν
520 4534 600 4604 τῷ
629 4529 833 4601 λογικῷ
864 4527 1044 4598 φαμὲν
1069 4526 1305 4593 κίνησιν.
1330 4519 1421 4572 Διὸ
1450 4518 1544 4572 κα¹ι
1566 4516 1641 4579 ὡς
1672 4513 1874 4584 ἀρετὴν

316 4628 572 4698 μετιοῦσα
597 4626 896 4678 ἐπαινεῖται
929 4620 1022 4673 καὶ
1061 4617 1443 4688 μακαρίζεται,
1468 4612 1560 4664 καὶ
1585 4610 1660 4670 ὼς
1685 4608 1879 4661 κακίαν

321 4717 579 4788 μετιοῦσα
616 4713 929 4778 κολάζεται.

1891 576 1945 623 et
1973 567 2257 621 Nemcsius
2303 565 2540 632 scripsit,
2594 562 2850 616 indidisse
2903 557 3069 611 Deum
3114 549 3456 623 prudentiam

1893 658 2180 727 quamdam
2207 630 2528 718 natural—cm,
2556 669 2664 706 non
2696 648 2954 705 discendo
2971 630 3286 716 paraﬁlem.
3316 637 3459 692 Non-

1896 750 2061 805 nullis
2110 748 2372 804 versutias
2414 747 2575 800 etiam
2628 742 2796 803 dedit,
2840 739 3037 808 quibus
3079 744 3131 789 et
3169 738 3462 802 pra-‘scntes

1899 842 2122 896 insidias
2171 840 2444 894 declinare
2501 846 2556 890 et
2607 846 2911 903 praecavere
2965 829 3175 881 futuras
3231 823 3462 894 possint.

1899 931 2136 996 Quarum
2172 943 2354 982 rerum
2390 923 2704 979 ellectiones
2750 921 2802 972 in
2836 917 3008 972 brutis
3051 931 3079 968 a
3114 923 3327 975 natura,
3356 925 3466 963 non

1903 1023 2112 1076 ratione
2143 1018 2434 1089 proﬁcisci,
2491 1015 2575 1069 vel
2615 1012 2740 1065 inde
2786 1016 2952 1077 patet,
2988 1005 3130 1074 quod
3165 1004 3464 1071 specierum

1905 1111 2220 1185 quarumvis
2257 1108 2509 1164 animalia
2552 1102 2908 1159 consimiliter
2959 1100 3071 1152 lucc
3111 1097 3334 1155 faciant,
3370 1107 3470 1144 nec

1908 1184 1962 1263 in
1997 1215 2145 1260 tanta
2197 1217 2384 1258 eorum
2430 1199 2537 1269 65
2588 1194 2931 1251 multitudine
2978 1187 3357 1259 Operationum
3404 1184 3475 1236 sit

1907 1298 2211 1352 diversitas.
2257 1293 2456 1346 Eodem
2485 1290 2642 1343 modo
2680 1287 2937 1340 nimirum
2987 1293 3040 1334 et
3075 1281 3323 1333 instituto
3349 1291 3475 1340 spe-

1910 1390 2024 1444 cies
2074 1387 2325 1440 universa
2409 1391 2674 1436 movetur.
2737 1375 2965 1431 Solerlia
3019 1373 3230 1440 lepores
3287 1382 3478 1421 omnes

1913 1477 2183 1534 consimili
2213 1482 2460 1531 utuntur.
2493 1474 2731 1537 itemque
2777 1465 2888 1534 lupi
2925 1462 3194 1517 consimili
3239 1458 3476 1520 vafritiu,

1915 1568 2183 1624 consimili
2238 1565 2472 1632 denique
2530 1563 2692 1615 modo
2737 1557 2965 1626 quilibet
3019 1553 3209 1608 simius
3282 1547 3483 1603 imitari
3551 1608 3562 1618 .

1917 1661 2088 1724 solet;
2142 1658 2194 1712 id
2249 1655 2392 1724 quod
2448 1654 2502 1706 in
2536 1649 2847 1705 hominibus
2891 1647 3069 1699 locum
3125 1657 3234 1696 non
3299 1639 3482 1693 habet.

1923 1754 2060 1809 Sunt
2114 1750 2258 1805 enim
2296 1749 2653 1801 humanarum
2710 1741 2981 1794 actionum
3037 1736 3274 1788 rationes
3326 1740 3492 1799 atque

1921 1846 2020 1898 viae
2041 1838 2435 1912 propemodum
2469 1833 2712 1888 inﬁnitae.
2739 1830 2950 1898 Quippe
2969 1825 3193 1880 rationis
3218 1823 3489 1893 particeps

1922 1945 2115 1990 natura
2142 1932 2309 1987 libera
2337 1929 2532 1995 suique
2577 1921 2715 1994 juris
2762 1930 2819 1976 et
2867 1918 3077 1988 spontis
3124 1924 3228 1970 est.
3280 1915 3401 1978 Quo
3435 1913 3492 1965 lit

1925 2023 2256 2080 uthomincs
2284 2015 2524 2072 universi
2549 2014 2739 2069 eodem
2791 2024 2956 2078 opere
3002 2022 3110 2060 non
3155 2012 3493 2073 occupentur

1927 2133 2030 2174 nec
2059 2115 2200 2170 idem
2230 2119 2410 2182 agant,
2445 2093 2899 2176 quemadmodum
2938 2099 2992 2152 in
3040 2095 3265 2164 singulis
3309 2095 3498 2148 bruto-

1929 2225 2049 2265 rum
2082 2205 2364 2276 speciebus
2388 2196 2683 2254 nsuvenire
2714 2193 2980 2247 videmus.
3015 2186 3280 2241 Nimirum
3323 2185 3438 2238 haec
3469 2197 3497 2235 a

1932 2303 2048 2358 sola
2075 2308 2266 2353 natura
2297 2299 2587 2350 moventur
2623 2307 2636 2343 :
2670 2303 2790 2357 quas
2837 2293 3017 2338 autem
3064 2296 3094 2334 a
3144 2288 3336 2332 natura
3387 2292 3503 2328 mo-

1932 2404 2150 2456 ventur,
2176 2386 2480 2446 consimilia
2511 2392 2637 2440 sunt
2666 2379 2808 2450 apud
2837 2390 3046 2430 omnes.
3076 2372 3116 2426 E
3146 2371 3361 2425 diverso
3383 2383 3504 2437 quae

1936 2504 1966 2543 a
1993 2487 2206 2542 ratione
2252 2477 2673 2552 proliciscuntur
2714 2471 2981 2530 actiones,
3031 2465 3150 2519 alia:
3193 2473 3320 2518 sunt
3362 2459 3506 2529 apud

2107 2615 2121 2639 ,
2204 2584 2380 2637 neque
2453 2561 2764 2620 necessario
2825 2557 2970 2626 apud
3029 2550 3222 2609 om'nes
3277 2548 3505 2604 eutdcm.

1942 2758 2170 2827 simplex
2259 2752 2586 2819 minimeque
2675 2743 2990 2800 subdolum'
3056 2736 3288 2794 dicitur,

1949 2848 2294 2920 prudentiam
2350 2842 2645 2913 quamdam
2707 2833 3038 2906 peculiarem
3107 2843 3214 2882 non
3281 2825 3511 2884 habeat,

1947 2941 2102 3009 cuius
2191 2933 2521 2992 adminiculo
2617 2926 2858 2997 reperire
2941 2930 3153 2992 pastum
3215 2925 3516 2987 potumque

1948 3006 2138 3103 possit,
2170 3030 2212 3084 si
2246 3025 2453 3080 nullum
2500 3021 2694 3075 haheat
2739 3016 2830 3086 qui
2877 3030 2994 3069 eam
3045 3010 3274 3081 saginet.
3313 3006 3521 3059 Rursus

1874 3126 2055 3210 Calia
2120 3119 2365 3192 quaatiam
2427 3110 2678 3169 animalia
2737 3122 2844 3160 non
2906 3117 3076 3170 pauca
3131 3114 3297 3169 prope
3355 3097 3518 3151 etiam

2653 3201 2667 3210 .
2751 3199 2781 3210 _.
2883 3196 2920 3210 η
2979 3209 2985 3210 γ
3258 3204 3340 3210 Η,
3387 3187 3516 3210 ωτι,

1955 3218 2190 3272 humana
2239 3211 2435 3265 absunt
2467 3221 2496 3258 a
2531 3199 2842 3273 prudentia.
2879 3196 2998 3262 Quo
3055 3193 3110 3245 ir:
3146 3204 3346 3261 genere
3387 3187 3519 3239 mihi

1957 3315 2270 3366 terrestrem
2301 3299 2581 3361 echinum,
2613 3307 2774 3363 quem
2807 3290 3120 3343 crinaceum
3157 3281 3408 3342 dicimus,
3444 3278 3524 3332 fe-

1958 3408 2172 3457 nestras
2209 3391 2492 3452 hauriendi
2533 3388 2674 3443 aeris
2699 3398 2861 3439 causa
2908 3379 3022 3432 suis
3066 3377 3119 3428 in
3166 3372 3394 3427 latebris
3431 3384 3526 3439 ger

1960 3495 2136 3550 minas
2192 3488 2506 3544 molientem
2557 3479 2756 3549 aspice,
2787 3486 3042 3543 quarum
3107 3466 3278 3520 altera
3324 3463 3525 3520 boreae,

1963 3585 2133 3641 austri
2167 3582 2331 3636 altera
2364 3577 2524 3630 ﬂatus
2579 3571 2852 3631 obstruat,
2887 3560 3098 3616 tametsi
3148 3556 3214 3612 ad
3259 3551 3531 3624 eiusmodi

1963 3674 2418 3734 machinationes,
2457 3676 2516 3722 ut
2549 3673 2745 3719 caetera
2776 3670 2991 3728 quoque
3049 3649 3300 3705 animalia
3347 3648 3530 3708 bruta,

1965 3773 2081 3828 solo
2108 3777 2314 3822 naturae
2337 3763 2501 3817 ductu
2532 3759 2754 3812 feratur.
2786 3749 2896 3804 Nec
2913 3747 3060 3800 enim
3089 3745 3247 3796 bruta
3275 3754 3374 3793 suo
3402 3752 3538 3804 quo-

1967 3865 2088 3919 dam
2121 3859 2384 3914 arbitratu
2424 3856 2609 3920 agunt,
2639 3845 2780 3899 sicut
2812 3848 2867 3894 et
2895 3838 3136 3892 Joannes
3166 3834 3535 3885 Damascenus

1969 3952 2154 4014 tradit,
2175 3962 2300 4003 cum
2333 3960 2363 3998 a
2405 3917 2616 3995 ratione
2639 3933 3025 3989 destituantur,
3060 3924 3216 3991 cujus
3243 3917 3536 3989 participes
3577 3955 3580 3958 .

1971 4008 2179 4099 natura:
2237 4036 2572 4092 voluntatem
2638 4025 2839 4080 habent
2897 4019 3122 4072 liberam
3193 4008 3534 4065 naturaliter.

1971 4137 2106 4193 Nam
2132 4149 2250 4195 cur,
2297 4130 2546 4188 obsecro,
2586 4121 2638 4174 vi
2684 4112 2910 4170 rationis
2956 4106 3198 4178 praaditae
3247 4103 3445 4161 forent,
3496 4098 3540 4149 si

1975 4245 2074 4302 pro
2123 4220 2422 4282 voluntatis
2479 4211 2707 4269 arbitrio
2766 4205 2982 4260 ratione
3048 4213 3161 4253 non
3221 4189 3583 4248 uterentur?‘

1976 4282 2185 4390 auippe
2216 4310 2514 4370 naturalem
2559 4300 2860 4373 appetitum
2902 4291 3094 4362 Opifex
3143 4299 3327 4340 rerum
3378 4282 3544 4336 etiam

1978 4385 2152 4466 brutis
2175 4401 2500 4460 animalibus
2529 4393 2742 4451 indidit,
2778 4388 2868 4457 qui
2924 4385 2990 4438 ad
3030 4391 3236 4434 naturae.
3268 4390 3378 4428 suae
3410 4387 3548 4425 con-
3582 4410 3592 4413 -

1987 4498 2348 4556 servationem
2395 4504 2461 4544 ea
2493 4481 2802 4540 necessario
2838 4478 3020 4532 ducat.
3073 4471 3204 4536 Quae
3255 4466 3399 4520 enim
3452 4477 3550 4515 ex.

1992 4592 2163 4664 pertia
2191 4596 2319 4643 sunt
2365 4578 2592 4637 rationis
2635 4574 2838 4628 ducere
2886 4581 2992 4620 non
3045 4569 3295 4632 possunt,
3339 4556 3432 4610 sed
3473 4553 3552 4605 'a'u
3587 4583 3592 4590 ι

1983 4653 2213 4744 naturali
2278 4671 2610 4746 appetitione
2653 4665 2951 4718 ducuntur.
3014 4657 3132 4721 Quo
3188 4653 3247 4706 ﬁt
3307 4660 3368 4702 ut
3428 4662 3550 4700 cum

321 4737 579 4788 μετιουσα
616 4737 929 4778 κοΛαςεται.
2315 4737 2364 4746 .-

316 4814 582 4881 appetitus
620 4806 852 4862 exsistit.
891 4816 1014 4855 mox
1037 4808 1094 4852 et
1146 4798 1382 4866 impetus
1427 4792 1491 4846 ad
1535 4791 1801 4861 agendum
1859 4799 1984 4841 cum
2038 4795 2104 4835 eo
2151 4774 2474 4842 conjunctus
2535 4761 2620 4814 sit.
2670 4756 2783 4810 Nec
2838 4749 2986 4806 enim
3030 4747 3115 4881 vel
3201 4744 3410 4881 raltionle
3471 4737 3552 4790 vel

1869 4879 1885 4881 _
2000 4878 2010 4881 _
2155 4871 2170 4881 .
2307 4876 2390 4881 η--
2433 4870 2530 4881 -.λη
2559 4862 2615 4881 ..ι
2659 4850 2912 4881 “tun-mm
2972 4855 3036 4881 nn
3061 4837 3204 4881 entia
3286 4851 3369 4881 nm
3395 4843 3552 4881 antur

318 4902 542 4956 consilio
580 4898 665 4953 vel
691 4894 1124 4952 consideratione
1185 4891 1269 4944 vel
1332 4885 1536 4957 judicio
1564 4893 1812 4938 utuntur.

1854 4879 1970 4944 Qua
2000 4878 2116 4935 ipsa
2141 4871 2206 4924 de
2237 4833 2399 4919 causa
2433 4870 2532 4910 nec
2559 4862 2619 4907 ut
2659 4850 2914 4904 virtutem
2972 4837 3206 4895 colentia
3264 4833 3554 4888 laudantur

321 4923 542 4956 COIISIIIU
580 4923 665 4953 νει
691 4923 1124 4952 υυΙΙδΙυειὶιιιυιιῦ
1193 4923 1269 4944 νω
1332 4923 1535 4957 δνυιυιυ
1565 4923 1812 4938 υ.....-υ..
1859 4923 1970 4944 κη..
2003 4923 2116 4935 ,νηί
2150 4923 2158 4924 ,

321 5002 375 5046 et
437 4989 614 5044 felicia
653 4985 1044 5056 praedicantur,
1079 4994 1186 5034 nec
1261 4986 1322 5032 ut
1365 4973 1602 5030 obnoxia
1656 4971 1800 5024 vitiis
1854 4967 2173 5038 puniuntur.
2220 4957 2288 5010 At
2354 4960 2550 5005 natura
2612 4939 2906 5011 particeps.
2941 4931 3188 4991 rationis,
3251 4923 3560 5056 habetNilla

2329 5047 2340 5056 -
2533 5035 2735 5056 |,s_!._-_
2807 5039 3038 5056 Annam-nn
3093 5022 3344 5056 ιιῖιν-ἶηίίιη·

323 5086 540 5155 quidem
572 5081 877 5151 appetitum
939 5073 1267 5134 naturalem,
1303 5085 1410 5139 quo
1474 5067 1796 5136 impellitur,
1837 5060 1933 5117 sed
1988 5057 2083 5127 qui

325 5182 466 5235 enim
522 5177 662 5232 ratio
709 5171 1057 5244 praestantius
1119 5169 1284 5222 habet
1347 5180 1510 5233 quam
1573 5161 1715 5230 quod
1780 5157 2062 5211 voluntate

328 5268 588 5340 participe
651 5265 946 5318 motionem
983 5257 1286 5312 naturalem
1338 5254 1592 5308 dicimus.
1645 5250 1849 5306 Idcirco
1891 5245 2145 5298 virtutem
2199 5251 2261 5291 co

329 5359 686 5418 consimiliter
714 5355 950 5412 obnoxia
991 5352 1137 5408 vitiis
1167 5351 1411 5420 punitur.

400 5502 461 5554 Ei
490 5500 545 5552 δὲ
583 5499 678 5553 καὶ
726 5495 883 5550 τοῦτο
931 5493 1134 5562 ζητεῖς,
1174 5491 1316 5552 τίνος
1346 5487 1532 5539 ἕνεκεν
1565 5481 1705 5536 αὐτὰ
1733 5495 1793 5530 τε
1821 5476 1891 5529 τὰ

333 5593 445 5653 ζῶα
478 5593 575 5643 καὶ
607 5592 634 5643 ὁ
664 5587 950 5655 ἄνθρωπος
980 5584 1144 5645 πόδας
1181 5581 1401 5651 ἀρτίους
1425 5577 1628 5645 ἔχουσι,
1656 5573 1894 5640 γίνωσκε

335 5687 411 5738 ὅτι
437 5686 526 5738 διὰ
559 5683 620 5736 τὸ
655 5681 730 5752 μὴ
766 5678 1017 5739 ἀτάκτως
1045 5674 1322 5729 ἅλλεσθαι.
1357 5669 1513 5723 Οὕτω
1548 5667 1642 5720 καὶ
1677 5665 1783 5732 γὰρ
1813 5662 1900 5714 διὰ

341 5779 436 5838 μὲν
477 5776 570 5842 τοῦ
619 5773 737 5828 ἐνὸς
789 5770 1076 5824 ἱστάαενος
1121 5768 1148 5820 6
1188 5763 1494 5822 ἄνθρωπος.
1523 5755 1711 5814 ὥσπεο
1745 5751 1903 5805 πάλιν

2144 5069 2176 5108 a
2241 5047 2452 5104 ratione
2518 5035 2735 5093 ducitur
2807 5039 3039 5098 apteque
3093 5022 3365 5088 dirigitur.
3417 5015 3561 5070 Nihil

2112 5150 2284 5203 libera
2343 5141 2415 5197 sit
2469 5132 2717 5206 praedita.
2749 5141 2910 5198 quam
2974 5121 3028 5175 in
3091 5127 3286 5172 natura
3336 5111 3567 5167 rationis
3603 5153 3617 5163 .

2267 5236 2382 5288 lens
2426 5228 2678 5283 laudatur
2725 5237 2789 5276 ac
2841 5232 2940 5289 pro
2998 5215 3157 5268 beata
3211 5207 3447 5270 ducitur,
3483 5209 3612 5271 et».

2070 5472 2180 5543 66
2211 5465 2415 5536 Quodsi
2467 5463 2629 5518 etiam
2679 5458 2816 5512 seire
2865 5451 3020 5520 cupis
3062 5443 3409 5516 quamobrem
3461 5447 3607 5490 tam-

2007 5563 2260 5618 animalia
2297 5573 2457 5629 quam
2495 5555 2660 5608 homo
2697 5547 2808 5618 pari
2850 5552 3078 5598 numero
3126 5535 3289 5605 pedes
3315 5531 3572 5591 habeant,

2009 5656 2060 5709 id
2088 5665 2371 5725 propterea
2399 5648 2598 5702 lactant
2639 5636 2970 5709 cognoscito,
3011 5646 3076 5682 ne
3113 5625 3416 5692 inordinate
3444 5637 3577 5674 con-

2013 5715 2240 5807 luscuue
2289 5739 2592 5798 exsilirent.
2654 5730 2785 5784 Nam
2845 5727 2949 5778 hoc
2997 5717 3157 5775 modo
3212 5715 3292 5779 (it,
3337 5722 3395 5766 ut
3449 5723 3604 5765 dum...
