3862 6228
372 319 381 335 ’
453 347 555 441 in

1726 351 2146 412 MICHAELIS
2182 353 2440 414 GLYCIE

2762 279 2830 290 -ηνο

3585 345 3687 410 1'48

452 463 612 517 etiam
664 463 980 533 profercbat
1032 483 1046 520 :
1095 466 1376 521 hominem
1428 481 1561 523 vero
1616 467 1876 534 formans,
1907 471 2014 539 pri-

2134 474 2219 527 καὶ
2251 472 2345 535 τὰς
2371 471 2549 542 ψυχάς
2577 469 2899 540 παρήγαγε,
2922 468 3011 524 τὸν
3038 467 3094 522 δέ
3124 465 3408 540 ἄνθρωπον
3441 464 3684 518 πλάττων

451 571 600 610 mum
635 571 834 626 corpus
869 566 927 609 ut
962 556 1387 614 instrumentum
1430 559 1681 625 fabricat,
1717 564 1912 618 deinde
1948 563 2022 619 illi

450 648 686 701 animam
721 648 998 703 conditam
1029 650 1192 704 indit.
1222 649 1335 706 Nec
1360 652 1505 706 enim
1541 662 1790 708 creatura
1816 655 2026 724 perlicit

449 739 708 806 animam,
760 756 832 796 ne
897 740 991 795 Dei
1046 757 1105 797 se
1158 742 1484 813 adjutricem
1517 743 1732 815 gloriari
1776 747 1970 815 possit.
2000 765 2018 799 ι

450 829 617 898 Igitur
645 831 888 885 animum
922 832 1164 888 adverte.
1199 833 1509 902 lnspiravit,
1542 835 1739 905 inquit,
1786 837 1889 891 hoc
1916 844 2022 904 est,

455 934 656 988 corpus
687 921 819 976 illud
844 937 874 974 e
901 924 1124 992 pulvere
1172 923 1376 978 factum
1400 924 1503 979 hoc
1547 926 1778 995 amplius
1808 942 2027 982 assecu-

451 1018 563 1062 tum
589 1021 697 1072 est.
746 1021 806 1066 ut
844 1014 953 1067 vim
1003 1015 1290 1081 quamdam
1349 1016 1564 1069 vitalem
1618 1017 1863 1083 haberet,
1905 1035 2026 1090 quae

448 1101 534 1152 vis
572 1103 698 1157 huic
728 1104 948 1158 animali
987 1105 1127 1160 facta
1182 1114 1264 1159 est
1298 1105 1352 1159 in
1386 1106 1621 1161 animam
1670 1108 1873 1176 vivam,
1921 1110 2025 1166 hoc

448 1200 532 1245 est
555 1191 849 1249 etlicaciter
877 1204 1127 1264 agentem
1167 1212 1228 1249 ac
1278 1212 1377 1265 per
1415 1198 1781 1253 membrorum
1818 1210 2023 1255 motum

452 1295 622 1339 artem
653 1302 807 1340 suam
836 1287 1331 1342 demonstrantem.
1359 1292 1533 1358 Atque
1560 1290 1677 1345 haec
1710 1293 1872 1345 verba
1899 1308 2027 1362 pro-

452 1373 706 1430 feruntur
731 1393 760 1430 a
795 1375 906 1431 Deo
937 1388 1190 1432 nostrum
1222 1379 1291 1434 ad
1322 1388 1543 1449 captum
1591 1395 1649 1436 se
1679 1383 2022 1452 demittente,

449 1466 593 1518 sicut
630 1476 684 1519 et
733 1466 819 1520 illa
857 1485 870 1520 :
912 1486 931 1518 ι
966 1465 1252 1522 Faciamus
1291 1469 1591 1525 hominem.
1633 1489 1652 1523 ι
1719 1471 1836 1528 Non
1879 1473 2022 1529 enim

450 1554 560 1608 ulla
639 1556 725 1610 vel
791 1557 1189 1614 deliberatione
1241 1560 1327 1614 vel
1380 1562 1817 1617 consideratione
1882 1563 2026 1620 Deus

452 1647 657 1715 indiget
699 1651 840 1703 :sed
890 1653 989 1704 hac
1032 1651 1248 1706 illorum
1302 1654 1592 1708 verborum
1638 1654 1812 1710 forma
1871 1657 2026 1712 nobis

453 1739 698 1794 indicare
748 1742 867 1796 vult
907 1743 1238 1799 immensum
1291 1745 1575 1813 honorem,
1613 1763 1725 1817 quo
1773 1749 2026 1819 dignatur

451 1827 792 1899 illumquem
824 1832 1115 1890 formabat.
1146 1836 1334 1902 Itaque
1378 1847 1528 1893 creat
1578 1838 1876 1905 hominem,
1926 1858 2018 1896 re-

453 1929 647 1987 spectu
693 1922 945 1994 imaginis
978 1935 1227 1991 mortuae,
1284 1928 1743 1996 quemadmodum
1783 1931 2019 2002 Chryso-

453 2018 663 2067 stoums
689 2013 963 2081 loquitur;
1007 2031 1205 2086 corpus
1232 2018 1378 2072 enim
1420 2019 1638 2088 jacebat
1678 2024 1833 2091 quasi
1868 2039 2022 2079 mor-

451 2109 628 2166 tuum,
679 2120 845 2174 egens
905 2117 1143 2164 motore.
1201 2108 1411 2166 Deinde
1466 2113 1542 2167 ait
1583 2116 1618 2168 .-':
1679 2132 1697 2165 ε
1756 2115 2021 2186 Spiritum

452 2195 670 2250 vitalem
716 2195 770 2250 in
806 2196 998 2253 faciem
1031 2201 1150 2271 ejus
1184 2202 1490 2271 inspiravit.
1534 2224 1554 2258 ι
1606 2205 1732 2262 Haec
1763 2222 1795 2262 a
1839 2210 2024 2266 divino

451 2284 573 2339 viro
607 2302 867 2356 perquam
904 2298 1053 2346 recte
1082 2291 1387 2362 ordineque
1431 2295 1710 2362 dicuntur,
1753 2298 2025 2357 refutante

450 2380 714 2447 quosdam
746 2384 840 2451 qui
874 2399 998 2438 eum
1044 2383 1362 2457 Origenicas
1387 2390 1675 2459 opiniones
1721 2395 1920 2450 sectari
1950 2396 2027 2452 di-

451 2483 661 2526 cerent.
695 2471 829 2527 Nam
861 2476 1044 2530 verbis
1090 2477 1347 2533 indicatis
1375 2482 1528 2550 quasi
1561 2482 1819 2541 radicitus
1860 2502 2028 2557 pecu-

452 2561 640 2618 liarem
678 2565 824 2619 illam
849 2568 1157 2623 animarum
1189 2571 1566 2629 exsistentiam
1598 2584 1847 2633 evertere
1874 2579 2027 2636 vide-

453 2662 565 2718 tur,
604 2671 766 2725 quam
801 2658 1009 2715 delirus
1039 2660 1305 2733 Origenes
1338 2666 1606 2723 tradebat.

523 2745 790 2802 Caeterum
818 2749 875 2803 in
904 2751 1051 2806 hisce
1086 2753 1273 2809 verbis
1304 2772 1320 2809 :
1362 2774 1381 2807 ι
1419 2756 1680 2831 Spiritum
1713 2762 1934 2817 vitalem
1972 2764 2030 2819 in

457 2835 654 2891 faciem
686 2839 807 2908 ejus
847 2842 1152 2911 inspiravit,
1188 2864 1207 2897 ι
1242 2847 1459 2916 quidam
1499 2852 1681 2906 audita
1714 2852 2029 2923 inspiratio-

453 2929 539 2983 nis
565 2946 717 2995 voce,
752 2948 853 2989 nec
885 2937 1266 2994 vocabulorum
1294 2955 1535 3011 expensa
1560 2945 1828 3012 crassitie,
1856 2950 2031 3015 quod-

452 3038 561 3093 que
587 3025 707 3082 aliis
738 3027 839 3082 alia
852 3027 1070 3086 Littera:
1096 3047 1263 3089 sacrae
1290 3035 1595 3105 signiﬁcare
1623 3041 2028 3105 consueverint,

2128 563 2344 634 πρῶτον
2370 563 2770 627 κατασκευάζει
2792 561 2851 616 τὸ
2871 559 3029 630 σῶμα
3057 559 3131 623 ὡς
3157 559 3410 629 ϐργανον,
3445 557 3540 611 xal
3567 558 3687 610 τότε

2124 655 2226 725 τὴν
2265 654 2445 725 ψυχὴν
2478 654 2893 726 δημιουργήσας
2937 651 3154 723 ἑθηκενο
3187 651 3246 705 ού
3276 650 3384 720 γὰρ
3422 649 3565 702 θέλει
3591 649 3688 718 τὴν

2124 746 2305 818 ψυχὴν
2344 739 2597 816 παρεῖναι
2647 749 2712 816 τῇ
2760 744 3107 816 δημιουργίᾳ.
3128 744 3213 797 ἵνα
3245 742 3320 812 μὴ
3347 741 3690 812 καυχήσηται

2125 839 2200 900 ὡς
2231 840 2494 908 συνεργὸς
2523 839 2616 892 τοῦ
2649 837 2810 892 Θεοῦ.
2846 855 2866 890 ι
2904 834 3148 909 Πρόσεχε
3198 833 3310 888 οὖν.
3359 833 3689 903 Ἐνεφύσηοε

2126 932 2236 1003 γάρ
2271 947 2426 1002 φησιο
2463 933 2707 987 τουτέστι
2737 930 2798 985 rb
2835 928 2995 998 σῶμα
3023 926 3183 981 τοῦτο
3225 927 3285 980 rb
3313 926 3421 980 ἀπὺ
3449 925 3539 978 τοῦ
3572 924 3690 995 χοὸς

2126 1021 2403 1092 ἠϐουλήθη
2448 1024 2541 1076 καὶ
2600 1018 2905 1090 προσέταξε
2961 1015 3199 1086 ζωτικὴν
3250 1014 3394 1085 ἔχειν
3425 1013 3686 1081 δύναμιν,

2124 1113 2248 1182 ἣτις
2276 1111 2495 1179 ἐγένετο
2527 1111 2589 1164 rb
2622 1110 2762 1175 ζῶον
2792 1112 2871 1172 είς
2894 1107 3076 1178 ψυχὴν
3099 1107 3302 1171 ζῶσαν,
3339 1106 3508 1175 ἡγουν
3540 1106 3691 1171 ἐνερ-

2126 1202 2331 1271 γοῦσαν
2361 1205 2458 1257 ’καὶ⁹
2489 1201 2591 1271 τὴν
2619 1201 2788 1271 αὐτὴν
2812 1199 3009 1270 τέχνην
3042 1197 3400 1251 δεικνύουσαν
3452 1195 3541 1247 διὰ
3590 1194 3691 1261 τῆς

2126 1291 2238 1345 τῶν
2277 1291 2458 1362 μελῶν
2496 1293 2784 1360 κινήσεως.
2839 1289 3070 1352 Οὐκοῦν,
3113 1287 3385 1357 ἀγαπητέ,
3421 1303 3692 1354 συγκατα-

2129 1384 2344 1447 ϐάσεως
2370 1384 2546 1438 ταῦτα
2579 1386 2647 1437 τά
2678 1383 2919 1453 ῥήματα,
2949 1382 3141 1450 ὥσπερ
3165 1376 3267 1435 οῦν
3287 1379 3381 1433 καὶ
3411 1381 3470 1433 rb
3490 1398 3509 1430 ε
3543 1379 3692 1447 ποιή-

2130 1491 2316 1541 σωμεν
2351 1474 2661 1546 ἄνθρωπον.
2707 1493 2727 1526 ›
2764 1474 2856 1542 Μὴ
2887 1475 2996 1543 γὰρ
3029 1470 3317 1543 βουληθεὶς
3363 1471 3391 1524 6
3423 1469 3556 1532 Θεὸς
3587 1470 3691 1522 δεῖ·

2126 1582 2218 1617 ται
2254 1567 2350 1619 καὶ
2391 1568 2660 1635 σκέψεως,
2689 1564 2825 1618 ἀλλὰ
2868 1564 2947 1634 τῷ
2987 1565 3336 1634 προσχήματι
3383 1560 3476 1614 τοῦ
3522 1562 3692 1630 ῥήμα-

2126 1671 2222 1719 τος
2260 1655 2601 1720 ἐνδείξασθαι
2649 1654 2897 1725 βούλεται
2932 1655 3067 1723 ἡμῖν
3114 1651 3214 1722 τὴν
3251 1650 3688 1721 ὑπερϐάλλουσαν

2126 1746 2315 1816 τιμὴν,
2343 1743 2411 1818 ἦς
2447 1746 2689 1813 ἀξιοῦται
2715 1745 2844 1816 παρ’
2877 1744 3043 1798 αὐτοῦ
3076 1747 3102 1797 6
3127 1740 3688 1813 πλαστουργούμενος.

2132 1824 2284 1891 Ποιεῖ
2318 1838 2496 1891 τοίνυν
2519 1837 2610 1890 τὸν
2639 1835 2933 1906 ἄνθρωπον
2959 1833 3101 1888 κατὰ
3130 1835 3230 1902 τὴν
3258 1833 3461 1903 νεκρὰν
3493 1833 3689 1891 είκόνα.

2121 1932 2197 1994 ὡς
2243 1933 2273 1985 6
2329 1932 2729 2001 χρυσορρήμων
2785 1928 2973 1999 φησίν.
3011 1928 3230 1980 Ἐκειτο
3265 1927 3373 1996 γάρ
3424 1927 3485 1980 rb
3542 1925 3692 1995 σῶμα

2122 2020 2423 2089 τηνικαῦτα
2456 2020 2691 2092 νεκρὸν,
2750 2019 2847 2073 τοῦ
2902 2017 3183 2080 κινοῦντος
3238 2016 3372 2069 αὐτὸ
3419 2016 3687 2086 δεόμενον.

2127 2113 2361 2167 Ἐπειτά
2398 2129 2553 2183 φησι,
2595 2131 2614 2162 ‹
2645 2111 2756 2165 Kal
2800 2109 3132 2179 ἐνεφύσησεν
3181 2109 3263 2171 είς
3311 2107 3371 2159 τὸ
3403 2107 3689 2176 πρόσωπον

2125 2203 2291 2256 αὐτοῦ
2342 2204 2514 2272 πνοὴν
2550 2202 2714 2265 ζωῆς.
2757 2220 2776 2254 ι
2817 2200 3003 2254 Ταῦτα
3060 2199 3158 2270 μὲν
3203 2197 3294 2251 οὖν
3351 2198 3379 2251 6
3417 2198 3689 2260 θειότατος

2138 2295 2389 2367 Ἰωάννης
2416 2294 2573 2363 ἔλεγε
2597 2295 2693 2348 καὶ
2739 2295 2861 2347 λίαν
2891 2291 3223 2362 εύμεθόδως,
3252 2289 3536 2361 ἐντρέπων
3573 2290 3691 2350 τοὺς

2125 2386 2388 2454 λέγοντας
2409 2387 2573 2441 αὐτὸν
2606 2387 2687 2439 ὅτι
2717 2385 2785 2439 τὰ
2828 2385 3139 2455 Ὠριγένους
3166 2384 3372 2452 φρονεῖ.
3426 2381 3565 2434 Ἀπὸ
3591 2379 3691 2450 γάρ

2126 2477 2235 2542 τῶν
2276 2477 2678 2547 διαληφθέντων
2731 2477 2993 2546 ῥημάτων
3041 2473 3294 2544 άνασπᾷν
3346 2473 3492 2526 ἔοικε
3530 2471 3690 2543 πρόρ-

2132 2566 2282 2638 ριζον
2306 2566 2403 2637 τὴν
2426 2566 2769 2637 προῦπαρξιν
2798 2565 2907 2621 τῶν
2940 2564 3152 2637 ψυχῶν,
3189 2564 3253 2635 ἢν
3284 2564 3312 2617 ὁ
3347 2562 3688 2633 ματαιόφρων

2148 2658 2433 2728 Ὠριγένης
2460 2657 2701 2723 ἐδόξαζε.

2199 2749 2310 2802 Καὶ
2358 2749 2694 2818 ἐνεφύσησεν
2725 2750 2805 2812 είς
2846 2748 2909 2802 rb
2961 2747 3252 2819 πρόσωπον
3309 2745 3477 2800 αὐτοῦ
3528 2746 3689 2816 πνοὴν

2133 2839 2298 2911 ζωῆς.
2344 2841 2486 2894 Ἀλλ’
2518 2840 2754 2894 ἐνταῦθα
2800 2841 2862 2893 rb
2916 2838 3219 2908 ἐνεφύσησέ
3267 2854 3410 2900 τινες
3435 2836 3696 2890 ἀκούσαν-

2133 2948 2248 2995 τες.
2282 2931 2378 2986 καὶ
2417 2931 2492 3002 μὴ
2532 2931 2889 3002 λογισάμενοι
2918 2932 3019 3000 τὴν
3046 2929 3157 2983 τῶν
3189 2929 3387 2995 λέξεων
3415 2927 3714 2997 παχύτητα-

2133 3024 2227 3078 καὶ
2258 3024 2339 3077 ὅτι
2373 3024 2440 3078 δι’
2466 3025 2668 3096 ἐτέρων
2708 3024 2873 3095 ἔτερα
2905 3023 3236 3092 παρίστησιν
3266 3023 3300 3089 ἡ
3338 3021 3553 3093 Γραφῇ,
3586 3020 3694 3072 ἐνὸ-

451 3111 690 3172 animam
727 3130 849 3171 esse
876 3117 1077 3174 divinae
1109 3121 1425 3191 participem
1453 3128 1707 3182 essentia:
1743 3137 2026 3198 putarunt.

2135 3130 2301 3181 μισαν
2360 3115 2462 3183 τὴν
2512 3115 2693 3186 ψυχὴν
2753 3113 2942 3197 ούσίαςξ
2999 3113 3249 3185 μετέχειν
3277 3112 3375 3183 τῆς
3425 3112 3597 3182 αὐτῆς
3623 3111 3697 3179 τῷ

454 3200 561 3258 Sed
595 3205 883 3274 plurimum
931 3225 960 3263 a
990 3225 1156 3280 ερορο
1185 3214 1463 3272 aberrant.
1499 3214 1633 3271 Nam
1668 3219 1720 3274 id
1752 3221 1797 3275 si
1833 3221 2025 3291 largia-

452 3310 601 3360 mur,
638 3297 782 3354 Deus
829 3301 989 3369 ignea
1024 3305 1379 3373 semetipsum
1420 3307 1665 3377 gehenna
1697 3312 1889 3380 punire
1927 3314 2024 3367 de-

450 3387 847 3456 prebendetur,
905 3407 1029 3447 cum
1065 3394 1133 3449 de
1167 3398 1438 3452 sententia
1473 3413 1746 3456 sacrarum
1790 3402 2023 3460 Littera-

453 3491 574 3529 rum
609 3478 847 3534 animam
873 3498 981 3535 una
1010 3497 1133 3538 cum
1170 3499 1400 3555 corpore
1432 3494 1715 3559 perpetuis
1744 3492 1868 3549 istic
1894 3511 2025 3566 sup-

453 3568 638 3637 pliciis
671 3570 1004 3648 multandam
1035 3568 1231 3630 tradat.
1275 3576 1366 3633 Sic
1405 3580 1551 3635 enim
1585 3584 1662 3645 ait
1696 3596 1713 3636 ξ
1751 3604 1768 3636 ι
1800 3585 1876 3641 Ne
1912 3587 2025 3642 for-

455 3658 796 3715 midaveritis
864 3678 961 3719 eos
1029 3665 1125 3736 qui
1196 3681 1396 3739 corpus
1455 3668 1828 3743 interﬁciunt,
1899 3692 2022 3733 cum

457 3750 692 3805 animum
750 3748 862 3825 69
911 3765 1145 3811 vestram
1209 3756 1521 3818 interﬁcere
1569 3775 1891 3835 nequeant:
1928 3771 2024 3826 sed

397 3877 401 3881 -
456 3856 580 3896 eum
609 3844 792 3913 potius
818 3845 1131 3917 formidate,
1177 3850 1271 3923 qui
1304 3862 1361 3907 et
1391 3855 1625 3911 animam
1657 3866 1714 3913 et
1742 3873 1940 3930 corpus
1967 3860 2022 3915 in

453 3936 703 4003 gehenna
771 3938 1000 4007 perdere
1059 3952 1243 4012 potest
1268 3945 1337 3998 ⁸⁸.
1381 3965 1402 3999 ι
1451 3940 2024 4021 Ιιαίιυοερίτεουιυω

454 4032 588 4087 illud
618 4033 671 4088 in
695 4034 934 4090 animam
966 4052 1078 4092 non
1104 4049 1497 4096 commutatum
1531 4043 1737 4097 creavit
1763 4044 2023 4112 animam,

455 4121 601 4176 sicut
628 4133 681 4177 et
725 4138 920 4180 manus
948 4127 1158 4182 litteras
1213 4130 1446 4197 scribit,
1483 4147 1607 4200 cum
1663 4134 2026 4192 nihilominus

457 4227 655 4268 manus
682 4224 898 4270 maneat
925 4231 1139 4286 manus,
1164 4228 1219 4274 et
1241 4219 1434 4275 litterae
1461 4222 1571 4277 sint
1595 4223 1813 4280 litterae.

528 4394 608 4449 Ac
645 4394 945 4465 prudenter
990 4396 1078 4453 hic
1114 4395 1243 4459 mihi
1269 4440 1285 4466 ,
1326 4414 1446 4470 quae
1482 4400 1768 4471 dicamur,“
1793 4406 2025 4476 respice.

2132 3205 2272 3275 Θεῷ.
2325 3204 2464 3260 Ἀλλ’
2512 3208 2827 3277 ἐσφάλησαν
2879 3205 2973 3259 τοῦ
3025 3203 3251 3260 σκοποῦ.
3284 3205 3346 3257 El
3389 3204 3498 3274 γὰρ
3543 3203 3696 3256 τοῦτο

2130 3295 2415 3366 δώσωμεν,
2455 3298 2705 3367 εὑρεθείη
2734 3297 2807 3351 ἂν
2848 3299 2876 3350 6
2924 3284 3085 3359 Oebc'
3113 3295 3277 3358 αὐτὸς
3320 3295 3513 3349 ἐαυτὸν
3547 3295 3604 3349 ἐν
3631 3295 3692 3363 τῇ

2130 3389 2334 3463 γεέννῃ
2374 3389 2618 3454 κολάζων
2658 3388 2756 3443 τοῦ
2812 3387 3006 3461 πυρὸς,
3069 3387 3122 3440 ετ
3173 3403 3238 3455 γε
3295 3385 3435 3441 κατὰ
3467 3384 3526 3438 rb
3558 3385 3698 3454 is.pr

2135 3481 2380 3552 Γράμμα
2411 3481 2508 3535 σὺν
2549 3481 2630 3552 τῷ
2683 3479 3026 3550 σώματιτὴν
3054 3478 3234 3549 ψυχὴν
3269 3478 3448 3531 ἐκεῖσε
3478 3476 3701 3547 παραδί-

2129 3573 2292 3627 δωσιν
2349 3571 2584 3637 αἰωνίως
2635 3569 2990 3636 κολάζεσθαι’
3028 3585 3049 3623 t
3080 3570 3173 3641 Μὴ
3223 3568 3496 3639 φοϐηθῆτε
3526 3585 3544 3618 ι
3572 3567 3698 3634 γὰρ.

2132 3662 2317 3732 φησὶν,
2347 3679 2366 3712 ι
2414 3661 2523 3715 ἀπὸ
2575 3660 2685 3714 τῶν
2742 3659 3187 3714 ἀποκτεινόντων
3222 3658 3281 3712 τὸ
3314 3658 3491 3728 σῶμα,
3519 3657 3619 3721 τὴν
3648 3656 3701 3706 δὲ

2129 3751 2309 3822 ψυχὴν
2342 3750 2497 3821 ὑμῶν
2536 3750 2611 3821 μὴ
2642 3748 2961 3819 δυναμένων
2990 3748 3338 3812 ἀποκτεῖναι,
3368 3745 3506 3799 ἀλλὰ
3528 3742 3701 3813 φοϐή-

2132 3846 2260 3916 θητε
2291 3845 2383 3898 τὸν
2432 3843 2733 3914 δυνάμενον
2776 3843 2873 3895 καὶ
2926 3843 3087 3913 σῶμα
3122 3840 3219 3893 καὶ
3252 3839 3428 3910 ψυχὴν
3460 3839 3516 3891 ἐν
3559 3836 3705 3903 γεέν-

2131 3955 2196 4009 νῃ
2228 3933 2515 3991 ἀπολέσαι.
2558 3953 2578 3986 ι
2608 3936 2682 3987 Τὸ
2723 3933 2823 4004 μὲν
2855 3931 2949 3988 οὖν
2985 3932 3292 4005 ἐμφύσημα
3331 3930 3405 4000 μὴ
3433 3928 3703 3998 μεταϐλη-

2133 4028 2223 4082 θέν
2278 4030 2357 4092 είς
2403 4025 2588 4097 ψυχὴν
2634 4023 3041 4096 ἐδημιούργησε
3098 4021 3320 4092 ψυχὴν,
3369 4018 3557 4087 ὥσπερ
3616 4016 3703 4068 οῦν

2132 4121 2230 4173 καὶ
2256 4120 2288 4189 ἡ
2323 4119 2445 4190 χεὶρ
2475 4117 2675 4187 γράφει
2704 4117 2803 4187 μὲν
2830 4114 3092 4186 γράμμα,
3125 4113 3187 4165 ού
3228 4109 3626 4182 μεταϐάλλεται
3652 4104 3711 4157 δὲ

2133 4214 2281 4283 ὅμως
2306 4212 2389 4274 εἰς
2426 4210 2759 4281 γράμματα,
2785 4208 2900 4263 ἀλλ’
2933 4208 2967 4280 ἡ
3003 4207 3101 4279 μὲν
3131 4205 3256 4277 χεὶρ
3289 4204 3439 4275 μένει
3469 4201 3614 4274 χεὶρ,
3644 4198 3711 4250 τὰ

2133 4304 2189 4358 δέ
2232 4304 2538 4374 γράμματα
2565 4303 2891 4373 γράμματα.

2205 4395 2349 4464 Ὅρα
2401 4393 2591 4447 λοιπὸν
2644 4389 2936 4460 νουνεχῶς.
2970 4389 3047 4443 Τὸ
3100 4387 3212 4457 γάρ
3260 4386 3600 4456 ἐνεφύσησεν
3631 4387 3709 4436 ἐν-

462 4487 702 4544 Positum
735 4496 819 4543 est
844 4488 991 4544 enim
1023 4488 1129 4544 hoc
1164 4490 1217 4545 in
1251 4468 1372 4546 locis
1412 4491 1640 4547 verbum
1682 4468 1986 4564 inspira-udi
2013 4538 2027 4564 ,

2134 4486 2307 4540 ταῦθα
2329 4482 2505 4553 εἶπεν,
2539 4485 2625 4538 ἵνα
2643 4484 2741 4538 σὺν
2768 4482 2847 4552 τῷ
2879 4481 3055 4553 Πατρὶ
3072 4480 3167 4535 καὶ
3198 4478 3278 4551 τῷ
3306 4479 3422 4549 Υίῷ
3450 4480 3712 4548 δημιουρ-

457 4589 522 4635 ut
545 4592 669 4634 cum
694 4578 853 4635 Patre
872 4594 936 4636 ac
964 4579 1106 4635 Filio
1139 4579 1381 4651 Spiritus
1413 4581 1577 4637 etiam
1602 4592 1824 4640 sanctus
1852 4587 2032 4642 homi-

460 4672 548 4727 nis
578 4671 757 4742 opifex
787 4686 908 4728 esse
959 4672 1448 4730 demonstraretur.
1489 4674 1579 4730 Sic
1613 4675 1756 4730 enim
1796 4679 2036 4747 perscri-

465 4772 615 4834 ptum
642 4772 728 4818 est
766 4779 781 4817 :
820 4782 839 4817 ι
879 4764 1023 4819 Dixit
1051 4764 1214 4834 Deus,
1248 4765 1514 4823 faciamus
1543 4767 1857 4836 hominem;
1887 4785 2035 4826 sum-

462 4867 665 4929 ptoque
694 4859 762 4915 de
797 4868 941 4915 terra
974 4861 1199 4929 pulvere
1225 4860 1368 4917 Deus
1398 4862 1671 4918 hominem
1698 4863 1967 4920 formavit.
2009 4884 2029 4918 ι

463 4949 599 5021 Quis
640 4960 720 5006 est
752 4950 843 5005 ille
873 4950 967 5021 qui
1001 4951 1183 5006 dixit?
1212 4951 1391 5007 Pater.
1451 4953 1521 5008 Et
1576 4953 1700 5023 quis
1752 4955 2033 5024 pulverem

466 5041 746 5110 sumpsit?
784 5039 974 5095 Filius.
1007 5040 1197 5108 itaque
1226 5055 1297 5095 ne
1318 5039 1556 5110 Spiritus
1589 5052 1810 5097 sanctus
1847 5043 1916 5096 ab
1943 5041 2038 5096 ho-

466 5128 632 5184 minis
663 5129 941 5184 creatione
973 5136 1351 5183 removeretur
1371 5137 1427 5184 et
1450 5130 1851 5196 excluderetur,
1873 5132 2040 5185 verbo

469 5220 775 5290 inspirandi
802 5221 1063 5291 prmclare
1098 5235 1228 5276 usus
1256 5229 1341 5276 est
1363 5263 1378 5288 ,
1409 5238 1509 5293 per
1547 5222 1679 5278 illud
1727 5222 1926 5293 ipsum,
1960 5222 2038 5278 uti

470 5311 746 5377 diximus,
804 5311 1069 5380 Spiritum
1120 5321 1369 5367 sanctum
1404 5321 1843 5368 commonstrans
1876 5321 2039 5384 atque

473 5404 767 5465 denotans,
802 5403 1051 5474 quodque
1079 5404 1267 5476 gratiae
1293 5404 1526 5476 Spiritus
1557 5407 1731 5462 sancti
1764 5404 2041 5476 particeps

474 5497 638 5552 homo
667 5505 781 5551 tum
809 5496 1163 5564 conderetur,
1195 5499 1651 5568 quemadmodum
1697 5498 1932 5570 Cyrillus
1957 5498 2039 5553 lo-

473 5589 680 5656 quitur,
714 5589 930 5645 tametsi
971 5589 1228 5661 deinceps
1258 5590 1497 5648 mandati
1534 5590 1705 5647 divini
1730 5602 2037 5660 transgres-

544 5750 591 5783 ⁸³
634 5749 823 5807 Matth.
857 5767 912 5819 ι,
947 5750 1038 5808 28.

2132 4577 2229 4645 γὸν
2271 4576 2534 4649 ἀποδείξῃ
2589 4575 2683 4630 τοῦ
2752 4572 3050 4645 ἀνθρώπου
3106 4571 3205 4624 καὶ
3260 4571 3322 4623 rb
3371 4569 3598 4639 Πνεῦμα
3654 4567 3711 4619 rb

2131 4668 2305 4736 ἅγιον.
2351 4668 2489 4740 Φησὶ
2524 4667 2656 4738 γὰρ,
2713 4684 2733 4718 ι
2767 4666 2880 4720 Καὶ
2935 4659 3090 4717 εἶπεν
3143 4663 3172 4715 6
3205 4661 3341 4724 Θεὸς
3383 4663 3704 4729 ποιήσωμεν

2132 4757 2440 4827 ἄνθρωπον.
2485 4777 2504 4810 ι
2542 4757 2652 4812 Kal
2716 4755 2900 4812 λαϐὼν
2947 4753 3136 4825 ϐίΘεδς
3166 4752 3297 4824 χοῦν
3326 4752 3436 4806 ἀπὸ
3464 4751 3566 4818 τῆς
3608 4748 3712 4817 γῆς

2134 4848 2335 4901 ἔπλασε
2373 4849 2464 4902 τδν
2521 4848 2833 4919 ἄνθρωπον.
2881 4846 2978 4908 Τίς
3026 4846 3053 4898 6
3103 4843 3320 4911 εἰπώνς
3376 4842 3440 4899 '0
3497 4842 3711 4911 Πατήρ.

2140 4944 2247 4996 Kal
2274 4941 2356 5005 τίς
2384 4944 2412 4996 6
2436 4940 2651 5008 λαϐώνς
2701 4941 2760 4994 '0
2792 4941 2943 5003 Υἱός.
2980 4939 3101 4992 Ἵνα
3126 4936 3259 5006 γοῦν
3291 4938 3366 5008 μὴ
3391 4935 3451 4990 rb
3488 4935 3714 5003 Πνεῦμα

2136 5036 2197 5089 rb
2226 5035 2379 5104 ᾶ-γιον
2416 5036 2698 5104 ἀλλότριον
2729 5033 2989 5104 φαίνηται
3017 5032 3117 5103 τῆς
3145 5029 3242 5083 τοῦ
3291 5027 3586 5099 ἀνθρώπου
3620 5027 3715 5095 δη·

2143 5128 2454 5199 μιουργίας,
2486 5129 2585 5196 τὴν
2643 5127 2949 5195 ἐνεφύσησε
2987 5123 3136 5188 λέξιν
3182 5122 3276 5175 καὶ
3319 5122 3459 5174 πάνυ
3504 5118 3717 5187 θαυμα-

2143 5219 2273 5282 σίως
2303 5219 2635 5290 παρείληφε,
2663 5217 2732 5271 δι’
2759 5217 2931 5286 αὐτῆς
2956 5213 3346 5282 ὑπεμφαίνων,
3375 5212 3449 5274 ὡς
3472 5211 3711 5280 εῐρηται,

2143 5312 2205 5364 τ’)
2240 5310 2462 5371 Πνεῦμα
2517 5311 2578 5364 τὸ
2617 5309 2809 5375 ἅγιον,
2864 5309 2963 5361 καὶ
3010 5307 3094 5360 ὅτι
3145 5306 3244 5374 τῆς
3294 5302 3388 5356 τοῦ
3445 5300 3712 5367 παναγίου

2147 5401 2460 5474 Πνεύματος
2491 5402 2735 5471 χάριτος,
2767 5398 2841 5461 ὼς
2876 5401 2904 5452 6
2942 5397 3223 5458 θειότατος
3250 5392 3385 5464 φησὶ
3422 5389 3711 5460 Κύριλλος.

2149 5495 2377 5567 μέτοχος
2432 5495 2460 5546 6
2513 5493 2801 5562 ἄνθρωπος
2854 5488 3158 5562 τηνικαῦτα
3208 5486 3503 5556 παρήγετο,
3550 5481 3715 5548 κεινή

2147 5586 2461 5659 παράϐασις
2493 5583 2721 5658 ὕστερον
2756 5584 2854 5650 τὴν
2892 5581 3149 5652 τοιαύτην
3180 5577 3474 5650 ἠμαύρωσε
3504 5572 3721 5644 δωρεὰν
