3862 6228
182 410 269 468 H9
1396 404 1790 464 ANNA'LIUM
1834 406 2023 467 PARS
2071 408 2112 470 Ι.

3281 403 3385 465 150

177 521 258 571 καὶ
294 518 559 587 συνέχεεν.
608 519 791 593 Ταύτῃ
824 537 905 572 τοι
952 519 1045 572 καὶ
1078 518 1314 577 ἀναστάς
1353 518 1382 570 6
1417 516 1618 586 Κύριος
1651 518 1706 568 ἐκ

1820 518 1901 572 sio
1951 520 2147 574 donum
2216 521 2317 575 hoc
2352 521 2665 576 obscurat-it
2711 532 2872 593 atque
2919 518 3184 576 confudit.
3234 516 3384 572 lianc

174 610 367 681 νεκρῶν
394 609 692 680 ἐνεφύσησε
720 612 831 672 τοῖς
864 609 1133 677 μαθηταῖς
1161 607 1249 659 καὶ
1281 601 1399 659 εἷπε
1422 622 1436 635 ·
1474 606 1709 658 (Λάϐετε

174 701 377 767 ῐΙ-ἐεῦμα
406 700 585 769 ἅγιον.
623 720 639 752 ι
667 701 799 753 Οὐδὲ
829 700 937 768 γὰρ
967 700 1227 768 ἠνέσχετο
1258 698 1355 750 καὶ
1382 696 1536 760 αὖθις
1565 698 1711 767 ἡμᾶς

170 794 429 858 ἀποδεῖξαι
469 797 560 847 τοῦ
598 797 863 861 παναγίου
896 795 1223 862 μετέχοντας
1261 792 1606 861 Πνεῦματος.
1643 793 1709 845 Ὀ

168 887 223 955 δὴ
267 888 355 939 καὶ
403 888 641 957 τήμερον
676 887 897 956 ἑμφυσᾷ
918 884 993 955 τῷ
1027 884 1412 954 βαπτιζομένῳ
1451 886 1480 935 6
1506 884 1706 953 ἱερεὺς,

168 979 429 1045 ζωογονῶν
468 978 655 1044 ὥσπερ
718 979 820 1048 τὴν
860 977 1022 1031 αὑτοῦ
1078 976 1258 1046 ψυχὴν
1295 975 1710 1045 νενεκρωμένην

166 1071 252 1139 ἤδη
283 1070 357 1141 τῷ
381 1071 475 1123 τοῦ
510 1072 679 1141 ’Δδὰμ
712 1071 1143 1141 παραπτώματι.

227 1249 357 1301 Ἀλλ’
394 1250 487 1303 ἐπὶ
517 1250 613 1318 τὴν
647 1250 970 1304 ἀκολουθίαν
1024 1250 1120 1304 τοῦ
1174 1251 1334 1319 λόγου
1402 1252 1496 1305 καὶ
1549 1249 1711 1313 αὖθις

167 1341 446 1394 ἐπανιτέον.
496 1342 864 1413 Ἕνεφύσησεν
925 1344 1005 1406 είς
1066 1344 1129 1398 τδ
1191 1344 1483 1414 πρόσωπον
1543 1341 1707 1395 αὐτοῦ

167 1433 321 1500 πνοὴν
361 1431 528 1499 ζωῆς.
566 1432 630 1485 Ἦ
661 1432 759 1502 μὲν
793 1432 890 1487 οὖν
930 1434 1175 1503 ἡμετέρα
1210 1432 1304 1486 καὶ
1346 1432 1709 1501 ἀληθεστέρα

165 1523 275 1587 δόξα
330 1523 577 1593 περὶτῆς
636 1525 715 1587 είς
780 1526 844 1578 τὸ
901 1526 1061 1594 σῶμα
1109 1525 1208 1593 τῆς
1236 1524 1416 1592 ψυχῆς
1463 1522 1709 1583 ἑνὼσεως

164 1613 290 1682 ἁπλῆ
322 1614 403 1677 τίς
454 1616 572 1667 ἐστι
617 1616 711 1667 καὶ
753 1616 950 1684 σαφής.
1002 1615 1077 1667 Τὸ
1128 1614 1227 1683 μιν
1275 1615 1383 1684 γὰρ
1424 1613 1586 1681 σῶμα
1641 1614 1706 1665 ὲκ

162 1705 300 1772 χοὸς,
331 1706 364 1773 ἡ
394 1704 451 1758 δὲ
476 1705 627 1775 ψυχὴ
655 1705 879 1775 άμέσως
912 1708 975 1757 ὲκ
1027 1704 1168 1759 θεοῦ
1201 1706 1537 1775 παράγεται.
1590 1705 1710 1758 Κάν

161 1794 335 1848 τιῦθεν
360 1797 453 1848 καὶ
487 1796 739 1867 ἀλλήλων
764 1797 1196 1866 συναπτομένων
1240 1796 1382 1861 ζῶον
1425 1796 1484 1847 ἓν
1520 1795 1710 1847 σύνθεο

161 1904 242 1939 τον
270 1888 493 1953 γίνεται.
530 1890 626 1941 καὶ
660 1887 819 1941 τοῦτὸ
849 1890 999 1942 ἐστιν
1030 1890 1063 1958 ἡ
1095 1889 1215 1943 καθ’
1247 1888 1545 1941 ὑπόστασιν
1578 1870 1711 1938 tvm.-

162 1993 253 2040 σιξ,
298 1978 329 2046 ὴ
374 1978 783 2048 ἀμφὸπαρκτος
841 1979 949 2033 τῶν
996 1980 1326 2047 ἑτερουσιῶν
1375 1979 1498 2031 κατ’
1544 1979 1709 2030 αὑτὸν

164 2066 435 2136 συνδρομή.
468 2069 536 2120 Ὃ
560 2068 627 2138 δὴ
654 2071 749 2123 καὶ
779 2069 1077 2138 θαυμάζων
1108 2072 1137 2122 6
1169 2069 1267 2139 τὴν
1300 2070 1549 2137 γλῶτταν
1582 2086 1710 2137 χρυ·

163 2156 268 2219 σοῦς
302 2158 471 2226 ἔλεγε,
510 2178 527 2210 ι
561 2158 688 2221 Πῶς
740 2161 798 2212 ὲν
842 2160 1025 2230 μήτρᾳ
1052 2162 1081 2212 6
1132 2160 1416 2229 ἄνθρωπος
1446 2159 1709 2212 διαπλάτ-

161 2265 326 2312 esset;
380 2250 472 2302 καὶ
517 2251 637 2312 πῶς
667 2251 864 2319 ἀθρόον
895 2253 929 2320 ἠ
979 2250 1284 2311 θεοείκελος
1317 2250 1466 2320 ψυχὴ
1500 2252 1577 2319 τῷ
1608 2250 1712 2301 σώ-

164 2356 275 2409 ματι
302 2344 863 2411 συμπαρυφίσταταις
914 2361 931 2393 ι
986 2345 1050 2395 Οῑ
1094 2343 1150 2395 δέ
1190 2359 1255 2411 γε
1287 2343 1449 2410 σοφία
1477 2345 1542 2411 τῇ
1575 2342 1709 2406 ἐξω-

163 2429 239 2481 θεν
264 2430 697 2499 ὶγκαυχώμενοι,
728 2432 917 2498 ἐπειδὴ
945 2431 1036 2483 τὸν
1080 2431 1177 2483 τοῦ
1226 2429 1517 2498 ἀνθρώπου
1570 2431 1709 2483 πλά-

164 2536 277 2586 στην
320 2522 599 2589 ἠγνόησαν
628 2559 644 2585 ,
702 2521 793 2574 καὶ
838 2520 969 2589 περὶ
1026 2520 1123 2590 τὴν
1185 2518 1383 2571 πλάσιν
1428 2521 1602 2589 αὐτὴν
1650 2520 1711 2585 ἐξ

164 2608 381 2677 ἀνάγκης
409 2609 750 2675 ἐσφάλησαν.
782 2608 915 2665 Ἀπὸ
943 2608 1045 2677 γῆς
1084 2608 1181 2675 μὲν
1219 2602 1336 2670 οὖν,
1363 2608 1438 2669 ὼς
1469 2608 1709 2677 είρηται,

162 2698 340 2767 ὁχοῦς,
363 2701 425 2753 ἐκ
455 2699 599 2753 Θεοῦ
624 2700 680 2752 δὲ
721 2701 752 2769 ὴ
780 2700 949 2768 ψυχή.
977 2700 1086 2751 Καὶ
1115 2700 1274 2752 τοῦτό
1304 2701 1453 2751 ἐστιν
1482 2700 1510 2752 6
1546 2716 1709 2767 φησιν

162 2788 406 2859 ἠΓραφὴ,
447 2807 465 2840 ι
500 2791 617 2842 Καὶ
643 2787 981 2859 ἐνεφύσησεν
1012 2791 1091 2851 εἰς
1120 2790 1180 2841 τὸ
1212 2789 1503 2858 πρόσωπον
1542 2786 1708 2841 αὑτοῦ

161 2880 305 2948 πνοὴν
334 2879 498 2949 ζωῆς,
554 2880 651 2932 καὶ
700 2879 923 2948 ἐγένετο
986 2882 1011 2931 6
1060 2879 1347 2948 ἄνθρωπος
1405 2880 1485 2941 είς
1534 2877 1709 2947 ψυχὴν

140 2970 331 3034 ζῶσαν.
384 2990 403 3023 ι
448 2971 699 3042 ῐιρόσεχε
749 2970 865 3023 οὖν.
909 2968 1144 3038 Εῦδη).ον
1179 2970 1287 3039 γὰρ
1338 2967 1589 3023 ἐντεῦθεν
1624 2971 1706 3021 ὅτι

163 3060 244 3127 μία
268 3061 343 3123 τίς
372 3062 529 3115 ἐστιν
562 3064 595 3131 η
644 3060 789 3131 ψυχὴ
833 3061 1093 3130 δυνάμεις
1137 3060 1340 3129 ἔχουσα
1395 3060 1703 3129 διαφόρους.

1814 613 1884 667 Ob
1914 628 2129 668 causam
2164 614 2427 669 Dominus
2472 630 2594 668 cum
2663 630 2728 668 ex
2779 614 3006 668 mortuis
3056 613 3386 666 τθδυτῐθιὶε·

1813 715 1915 771 set,
1964 720 2181 759 rursum
2215 706 2505 774 discipulos
2530 704 2757 771 amavit,
2797 716 2849 760 et
2883 706 3013 759 dixit
3045 723 3057 758 :
3094 722 3112 755 ι
3146 702 3385 771 Accipite

1814 794 2080 864 Spiritum
2131 805 2407 851 sanctum.
2447 818 2465 849 ι
2528 796 2639 851 Nec
2689 798 2834 851 enim
2886 797 3026 850 ferre
3062 803 3275 865 poterat
3324 800 3385 846 ut

1814 901 1923 941 non
1954 888 2020 941 de
2048 889 2262 956 integro
2302 888 2475 942 sancti
2508 888 2745 957 Spiritus
2794 886 3086 957 participes
3118 901 3238 940 esse
3288 884 3383 939 de-

1813 977 2171 1043 clararcmur,
2229 994 2387 1047 quem
2428 979 2592 1033 etiam
2652 979 2815 1032 hodie
2884 979 3139 1032 sacerdos
3184 980 3231 1031 ei
3287 978 3380 1045 qui

1811 1070 2118 1139 baptizatur
2144 1070 2307 1134 amnt,
2338 1071 2491 1138 quasi
2525 1072 2648 1125 vita:
2672 1071 2967 1125 restituens
2996 1070 3114 1139 ejus
3146 1070 3380 1123 animam

1811 1178 1873 1217 ex
1905 1163 2095 1216 Adami
2130 1165 2567 1233 transgressione
2604 1174 2893 1218 mortuam.

1883 1251 2088 1307 Verum
2120 1255 2400 1307 enimvero
2431 1256 2496 1307 ad
2550 1255 2748 1308 seriem
2784 1253 3053 1307 orationis
3082 1253 3381 1306 institutam

1813 1353 2168 1397 revertamur.
2217 1343 2429 1403 Nostra.
2462 1338 2710 1411 inquam,
2770 1359 2943 1409 eaque
2986 1345 3169 1398 verior
3202 1344 3384 1410 opinio

1810 1433 1876 1487 de
1907 1434 2151 1502 corporis
2186 1448 2311 1487 cum
2363 1438 2545 1488 anima
2592 1435 2979 1503 conjunctione
3027 1434 3255 1505 simplex
3304 1442 3385 1486 est

1809 1531 1972 1590 atque
2010 1522 2319 1587 perspicua.
2370 1522 2583 1589 Corpus
2632 1524 2777 1576 enim
2825 1538 2889 1576 ex
2928 1523 3173 1589 pulvere.
3204 1524 3385 1573 anima

1811 1620 1991 1665 autem
2030 1614 2167 1666 citra
2194 1613 2429 1666 medium
2456 1614 2624 1665 ullum
2657 1628 2685 1665 a
2726 1612 2835 1665 Deo
2868 1612 3206 1681 producitur.
3234 1611 3385 1664 Ideo—

1813 1715 1917 1769 que
1954 1701 2186 1754 dicimus
2218 1701 2301 1756 his
2345 1702 2486 1755 inter
2522 1718 2579 1755 se
2615 1703 2916 1770 copulatis,
2964 1702 3163 1754 animal
3215 1716 3381 1753 tmum

1812 1793 2066 1859 idemque
2123 1794 2483 1859 compositum
2534 1796 2842 1857 exstitisse;
2884 1808 3004 1859 qua:
3052 1792 3270 1859 quidem
3299 1799 3383 1843 est

1815 1884 1903 1937 illa
1932 1883 2236 1948 personalis
2274 1884 2471 1947 unitio,
2506 1884 2763 1937 nimirum
2816 1884 3091 1938 exsistens
3123 1882 3382 1948 utrinque

1815 1983 2137 2028 naturarum
2168 1974 2508 2027 diversarum
2548 1975 2602 2026 in
2652 1990 2819 2029 unum
2852 1988 3168 2026 concursus.
3207 1972 3381 2035 Quam

1814 2082 1924 2120 rem
1960 2066 2377 2129 Chrysostomus
2422 2065 2723 2129 admirans,
2763 2083 2780 2114 ι
2814 2064 3099 2128 Quonam.
3161 2064 3379 2128 inquit,

1812 2167 1970 2226 pacto
2007 2157 2058 2210 in
2092 2158 2212 2211 alvo
2243 2167 2500 2211 materna
2536 2157 2800 2209 formatur
2840 2156 3022 2217 homo,
3063 2154 3153 2220 qui
3200 2153 3384 2206 subito

1813 2249 1994 2302 anima
2038 2248 2279 2301 divinam
2316 2247 2732 2302 similitudinem
2763 2244 3004 2299 referens
3034 2244 3243 2297 exsistit
3277 2256 3383 2295 una

1812 2353 1935 2390 cum
1967 2336 2246 2406 corpore?
2285 2355 2303 2387 ι
2363 2335 2464 2401 Qui
2516 2335 2752 2389 extraria
2804 2342 2976 2388 semet
3025 2332 3263 2386 eﬂ'erunt
3293 2347 3384 2384 sa-

1813 2428 2018 2498 pientia
2054 2468 2068 2491 ,
2126 2443 2249 2481 cum
2306 2426 2657 2480 formatorem
2697 2424 2936 2478 hominis
2977 2422 3382 2491 ignoraverint,

1816 2520 1982 2572 etiam
2016 2518 2327 2572 necessario
2380 2517 2433 2569 in
2476 2517 2592 2585 ipsa
2646 2515 2765 2582 ejus
2801 2512 3123 2565 formatione
3168 2511 3387 2562 aberra-

1812 2616 1960 2662 runt.
1981 2607 2075 2660 Est
2104 2606 2265 2676 igitur
2293 2621 2323 2660 e
2354 2615 2491 2660 terra
2526 2606 2720 2675 pulvis,
2758 2618 2879 2657 cum
2910 2603 3088 2655 anima
3119 2601 3188 2653 sit
3220 2614 3249 2651 a
3276 2601 3384 2653 Deo

1811 2703 2073 2775 profecta.
2106 2700 2261 2766 Quod
2300 2701 2519 2770 quidem
2552 2701 2792 2754 indicare
2835 2698 3016 2753 verbis
3049 2696 3133 2749 his
3165 2694 3383 2748 Littera:

1811 2810 1978 2848 sacra!
2010 2794 2200 2847 volunt
2248 2810 2261 2845 :
2304 2811 2321 2843 ‹
2378 2792 2642 2861 Spiritum
2682 2790 2897 2844 vitalem
2942 2789 2994 2842 in
3036 2786 3227 2839 faciem
3264 2785 3383 2853 ejus

1813 2885 2118 2955 inspiravit,
2157 2898 2223 2938 ex
2262 2898 2371 2952 quo
2412 2884 2663 2937 animans
2707 2880 2937 2935 effectus
2967 2888 3071 2933 est.
3126 2897 3143 2929 ι
3175 2875 3383 2940 Quibus

1810 2999 1874 3037 ex
1905 2982 2107 3047 verbis,
2139 2982 2182 3035 si
2213 2982 2454 3033 animum
2486 2981 2760 3042 advertas,
2794 2980 3085 3047 perspicue
3110 2976 3383 3044 colligitur

1810 3089 1970 3128 uuam
2003 3088 2123 3127 esse
2151 3072 2405 3135 animam,
2438 3072 2670 3125 diversis
2710 3068 3379 3136 facultatibuspraeditam.

160 3152 300 3207 Ὅθεν
353 3156 445 3209 καὶ
500 3155 598 3208 διὰ
656 3156 857 3217 παντὸς
907 3156 1007 3223 μὲν
1062 3156 1095 3224 ή
1148 3153 1274 3223 δίκη
1306 3153 1401 3208 τοῦ
1433 3155 1706 3224 σώματος,

1814 3164 1934 3229 Quo
1975 3162 2035 3215 fit
2062 3169 2121 3214 ut
2156 3176 2253 3229 per
2285 3161 2599 3214 universum
2649 3175 2709 3214 se
2736 3174 2933 3227 corpus
2976 3158 3125 3212 didat
3149 3196 3163 3219 ,
3213 3166 3267 3209 et
3298 3171 3383 3208 ra-

160 3243 362 3298 ῑκάστου
414 3246 471 3299 δὲ
528 3246 717 3315 μορίου
752 3244 1105 3315 καταλλήλως
1132 3244 1458 3313 ἐφάπτεται.
1498 3243 1713 3297 Αὐτίκα

158 3335 250 3407 γὰρ
285 3337 340 3389 τὸ
386 3339 485 3406 μὲν
539 3336 773 3406 θυμικὸν
817 3338 987 3405 αὐτῆς
1033 3337 1094 3390 ὲν
1132 3339 1200 3407 τῇ
1246 3336 1447 3406 καρδίᾳ
1492 3334 1711 3403 λέγουσι

159 3430 407 3481 ποιεῖσθαι
452 3429 560 3497 τὴν
618 3428 855 3497 οῐκησιν,
886 3427 947 3481 τὸ
991 3427 1049 3481 δὲ
1081 3427 1481 3497 ἐπιθυμητικὸν
1511 3425 1711 3496 ὁμοίως

159 3520 207 3574 ὲν
248 3518 319 3588 τῷ
369 3521 571 3590 ἥπατι.
616 3520 679 3573 Ἦ
722 3518 779 3572 δὲ
825 3518 1018 3590 λογικὴ
1066 3518 1236 3588 αὐτῆς
1284 3518 1513 3587 δύναμις
1544 3517 1708 3572 αὐτοῦ

159 3610 534 3682 καθαπτομένη
567 3608 662 3663 τοῦ
693 3609 1001 3678 ἐγκεφάλου
1053 3608 1122 3661 δι’
1168 3607 1335 3662 αὑτοῦ
1382 3611 1493 3670 τοῖς
1542 3611 1710 3663 πᾶσιν

157 3702 432 3771 ἐπιλάμπει
460 3703 561 3754 καὶ
590 3700 885 3754 δείκνυται.
917 3699 1027 3753 Καί
1052 3716 1199 3761 τινες
1228 3699 1348 3767 μὲν,
1376 3692 1449 3751 ὧν
1485 3694 1562 3761 εἷς
1592 3701 1707 3752 ἔστι

156 3792 237 3844 καὶ
269 3790 681 3859 ’Δπολλινάριος
708 3792 739 3843 6
764 3790 863 3858 τῆς
894 3790 1215 3852 Λαοδικείας
1248 3791 1581 3854 ἐπίσκοπος,
1615 3792 1708 3845 δύο

153 3882 447 3948 δοξάζουσιν
482 3883 583 3937 ἐπὶ
614 3882 708 3937 τοῦ
760 3882 1048 3952 ἀνθρώπου
1100 3882 1299 3951 ψυχάς.
1331 3883 1468 3937 Καθ’
1507 3884 1707 3955 ἑαυτὴν

156 3974 252 4041 γὰρ
278 3970 414 4028 εἶναι
445 3974 675 4043 λᾶγουσι
702 3974 801 4044 τὴν
826 3973 1071 4041 ἀλογίαν,
1110 3974 1243 4026 αὐτὸ
1268 3973 1471 4044 δηλαδὴ
1498 3975 1556 4026 τὸ
1584 3975 1708 4029 ἁλο-

154 4064 372 4135 γώτερον
403 4066 576 4137 μέρος
621 4064 719 4134 τῆς
768 4064 947 4135 ψυχῆς
979 4065 1157 4134 ἡμῶν,
1187 4064 1263 4128 ὡς
1302 4065 1497 4134 ἄλογον
1528 4066 1705 4138 ψυχὴν

153 4154 298 4209 οὖσαν
322 4159 417 4211 καὶ
469 4156 538 4211 οὐ
585 4156 749 4227 μέρος
803 4158 901 4225 τῆς
946 4156 1196 4227 λογικῆς,
1233 4157 1447 4227 πρῶτον
1490 4159 1590 4227 μὲν
1621 4159 1704 4211 ὅτι

155 4248 239 4300 καὶ
273 4249 393 4302 καθ’
439 4248 648 4318 ἑαυτὴν
694 4248 753 4302 ἑν
779 4249 893 4309 τοῖς
925 4245 1142 4315 ἀλόγοις
1173 4246 1338 4311 ζώοις
1361 4247 1699 4319 εὑρίσκεται,

154 4336 207 4400 ἐξ
225 4331 282 4391 οὗ
306 4338 465 4405 δῆλον
489 4340 576 4393 ὅτι
607 4338 792 4391 τελεία
833 4339 916 4400 τίς
947 4342 1063 4390 ἐστι
1091 4338 1186 4390 καὶ
1216 4338 1277 4392 οὐ
1311 4338 1476 4409 μέρος
1511 4338 1701 4408 ἄλλης,

154 4422 242 4481 εἷθ’
273 4429 495 4489 ὅτιτῶν
543 4428 911 4482 ἀτοπωτάτων
958 4430 1075 4480 ἐστὶ
1128 4428 1228 4497 τῆς
1270 4428 1497 4499 λογικῆς
1522 4430 1702 4499 ψυχῆς

156 4519 304 4588 μέρος
349 4516 491 4574 εἶναι
538 4520 599 4573 τὸ
656 4519 872 4587 ἄλογον.
918 4518 1059 4571 Ἀλλ’
1102 4512 1245 4572 οὗτοι
1282 4522 1380 4590 μὲν
1411 4520 1581 4583 οὕτως
1611 4521 1705 4574 δύο

151 4606 449 4671 δοξάζουσιν
516 4609 608 4661 ἐπὶ
660 4606 753 4661 τοῦ
796 4607 1088 4677 ἀνθρώπου
1138 4609 1338 4679 ψυχὰς,
1384 4611 1703 4681 ἐλέγχονται

151 4698 200 4749 δὲ
234 4702 295 4769 τῇ
323 4700 560 4771 λεγούσῃ
582 4700 702 4770 θείᾳ
732 4701 945 4771 Γραφῇ’
984 4719 1001 4752 ι
1039 4702 1148 4755 Καὶ
1194 4703 1408 4768 ἐγένετο
1437 4704 1464 4754 6
1490 4703 1701 4772 ἄνθρω-

152 4803 242 4851 πος
282 4794 361 4853 είς
407 4791 589 4861 ψυχὴν
621 4790 821 4855 ζῶσαν·
864 4810 880 4843 ι
915 4792 1038 4845 οὐδὲ
1068 4793 1174 4862 γὰρ
1212 4789 1363 4845 εἶπεν
1393 4795 1470 4857 είς
1503 4793 1703 4863 ψυχὰς.

151 4878 251 4931 ἀλλ’
282 4882 359 4944 εἰς
398 4881 583 4952 ψυχὴν
615 4882 814 4946 ζῶσαν.
853 4883 1013 4936 Ἀλλὰ
1036 4886 1129 4936 καὶ
1161 4884 1432 4946 Πλωτῖνος
1460 4886 1488 4936 6
1517 4886 1701 4953 σοφὸς,

150 4961 268 5042 ᾧδὴ
300 4974 394 5025 καὶ
435 4972 846 5043 ’Δπολλινάριος
898 4977 926 5028 6
972 4976 1269 5038 Λαοδικεὺς
1303 4976 1700 5045 ἠκολούθησεν,

150 5060 207 5111 ὲκ
254 5062 419 5132 τριῶν
456 5063 607 5131 λέγει
657 5066 1047 5135 συνεστηκέναι
1076 5065 1167 5118 τὸν
1214 5065 1522 5135 ἄνθρωπον,
1555 5068 1618 5119 ἐκ
1642 5084 1700 5120 τε

150 5150 255 5212 νοὸς
282 5153 377 5205 καὶ
423 5154 602 5223 ψυχῆς
644 5154 737 5206 καὶ
778 5157 1054 5224 σώματος.
1091 5156 1251 5208 Ἀλλὰ
1298 5158 1574 5211 κάνταῦθα
1603 5172 1701 5210 πε·

153 5239 429 5310 πλάνηται·
464 5246 491 5296 ὁ
530 5243 640 5313 γὰρ
663 5242 809 5307 νοῦς,
854 5245 1000 5298 καθά
1046 5263 1210 5314 φησιν
1258 5247 1284 5299 6
1333 5246 1505 5314 μέγας
1542 5248 1703 5300 Βασί-

150 5329 304 5396 λειος,
332 5338 645 5405 ταυτοφυής
670 5338 783 5388 ἐστι
810 5339 873 5406 τῇ
903 5337 1071 5407 ῲυχῇ,
1099 5338 1192 5390 καὶ
1222 5338 1476 5406 καθάπερ
1502 5340 1702 5407 ὀφθαλ-

154 5420 241 5488 μὸς
287 5426 343 5475 ὲν
385 5425 620 5494 σώματι,
652 5426 794 5479 οὕτω
828 5429 921 5481 καὶ
956 5430 984 5481 ὁ
1014 5429 1137 5493 νοῦς
1176 5432 1235 5483 ἐν
1267 5432 1402 5502 αὐτῇ
1434 5434 1499 5501 τῇ
1528 5430 1697 5499 ψυχῇ.

154 5512 217 5565 ῒδ
243 5515 346 5586 γὰρ
371 5518 783 5587 καθαριὼτεριν
816 5523 907 5574 καὶ
937 5523 1267 5592 κυριώτερον
1320 5528 1484 5595 μέρος
1529 5526 1700 5593 αὐτῆς

159 5603 265 5667 νοῦς
316 5610 720 5678 ἐπονομάζεται
745 5626 760 5641 ο
803 5612 934 5665 καθὸ
984 5612 1047 5682 δὴ
1079 5615 1176 5666 καὶ
1220 5616 1382 5685 νοερὰ
1411 5616 1629 5683 λέγεται
1664 5620 1694 5686 ἡ

156 5694 234 5835 to:
281 5698 568 5769 ἀνθρώπου
601 5700 774 5771 ψυχὴ,
810 5706 873 5773 τῇ
914 5704 1127 5773 μεθέξει
1163 5707 1380 5771 πάντως
1412 5708 1576 5762 αὐτοῦ
1603 5708 1695 5761 τοῦ

156 5800 202 5835 νο
234 5802 275 5835 c.

154 5800 275 5847 νοος.

1735 4489 1782 4549 ο

1817 3254 1966 3307 tione
2013 3253 2283 3321 modoque
2314 3261 2679 3305 consentaneo
2718 3249 2976 3302 membris
3031 3245 3258 3315 singulis
3287 3259 3383 3312 ap-

1812 3344 2068 3414 plicetur.
2124 3343 2203 3396 Ac
2257 3357 2383 3412 pars
2412 3341 2632 3409 quidem
2682 3341 2801 3408 ejus
2848 3340 2934 3391 illa
2966 3352 3084 3406 quae
3115 3338 3221 3389 vim
3275 3336 3381 3389 ira-

1814 3434 1999 3489 scendi
2035 3432 2301 3496 continet,
2346 3433 2528 3487 sedem
2575 3447 2726 3485 suam
2758 3431 2809 3483 in
2836 3430 3000 3484 corde
3029 3429 3198 3482 fertur
3233 3426 3376 3479 obti~

1812 3521 2171 3585 nere,-altera
2213 3535 2341 3573 vero
2369 3535 2474 3588 qua
2514 3518 2980 3588 concupiscimus,
3014 3518 3067 3569 in
3092 3515 3337 3584 jecinore
3364 3553 3379 3574 ,

1812 3614 1921 3683 70
1952 3613 2110 3667 tertia
2137 3651 2151 3674 ,
2213 3628 2334 3682 quas
2390 3612 2618 3666 rationis
2658 3611 2887 3666 facultas
2920 3618 3036 3671 est,
3070 3609 3121 3662 in
3154 3607 3380 3661 cerebro

1811 3707 1913 3761 sita
1938 3722 2033 3773 per
2065 3704 2117 3758 id
2144 3704 2401 3758 omnibus
2432 3718 2553 3758 sese
2583 3704 2843 3758 declarat.
2882 3702 3021 3755 Sunt
3056 3701 3217 3753 etiam
3243 3715 3383 3752 non-

1808 3798 1966 3853 nulli.
2000 3813 2233 3867 quorum
2268 3805 2351 3851 est
2401 3797 2455 3850 in
2489 3812 2716 3851 numero
2755 3794 3121 3865 Apollinarius
3151 3792 3379 3845 antistes

1808 3888 2112 3953 Laodiceae,
2137 3887 2229 3956 qui
2252 3887 2464 3941 animas
2483 3887 2535 3939 in
2567 3887 2788 3940 homine
2814 3885 2950 3939 duas
2982 3898 3101 3938 esse
3131 3882 3375 3936 tradunt.

1808 3978 2011 4034 Volunt
2067 3978 2213 4032 enim
2260 3976 2614 4046 peculiariter
2642 3985 2698 4030 et
2723 3988 2966 4029 seorsum
2998 3987 3119 4027 esse
3162 3978 3374 4041 partem

1809 4071 1935 4126 vita:
1986 4070 2187 4125 nestrze
2216 4069 2438 4123 brutam
2484 4082 2549 4121 ac
2598 4066 2829 4121 rationis
2888 4073 3191 4134 expertem,
3228 4061 3417 4135 velut,

1806 4164 2042 4219 animam
2094 4161 2383 4232 quamdam
2418 4158 2645 4214 minime
2682 4156 3021 4219 rationalem,
3056 4168 3280 4223 quaeque
3308 4166 3379 4205 ne

1804 4270 1932 4326 pars
1961 4253 2180 4323 quidem
2219 4252 2292 4307 sit
2317 4250 2601 4305 rationalis
2622 4250 2836 4303 animae.
2867 4245 2922 4301 Id
2956 4245 3190 4315 primum
3216 4258 3281 4298 ex
3310 4257 3378 4297 eo

1805 4355 2100 4409 statuunt,
2166 4343 2312 4414 quod
2367 4342 2483 4417 haec
2534 4340 2881 4411 peculiariter
2930 4352 2993 4391 ac
3040 4350 3285 4389 seorsum
3322 4334 3376 4388 in

1804 4435 1985 4491 brutis
2018 4434 2181 4489 etiam
2242 4432 2572 4502 reperiatur.
2628 4430 2701 4485 De
2738 4444 2845 4499 quo
2881 4425 3143 4494 consequi
3188 4423 3377 4478 volunt

1808 4540 1933 4580 esse
1959 4527 2136 4595 ipsam
2172 4523 2491 4594 perfectam,
2523 4536 2633 4575 non
2665 4527 2873 4589 partem
2905 4518 3143 4571 alterius.
3172 4514 3376 4568 Deinde

1805 4625 2094 4685 propterea
2139 4612 2283 4683 quod
2321 4611 2554 4666 maxime
2577 4611 2647 4665 sit
2668 4610 2957 4663 absurdum
2987 4607 3179 4659 animae
3210 4604 3379 4658 ratio-

1805 4706 1941 4760 nalis
1978 4715 2187 4775 partem
2224 4718 2343 4760 esse
2370 4704 2423 4757 id
2456 4702 2599 4772 quod
2645 4699 2873 4754 rationis
2898 4712 3094 4767 expers
3118 4698 3188 4751 sit
3216 4705 3379 4765 atque

1806 4798 2047 4853 brutum.
2078 4798 2169 4852 Sic
2196 4796 2249 4851 hi
2306 4797 2440 4850 duas
2495 4796 2549 4847 in
2608 4792 2830 4847 homine
2874 4792 3081 4845 animas
3102 4804 3195 4844 sua
3259 4789 3379 4857 qui-

1803 4892 1925 4946 dem
1993 4889 2250 4959 opinione
2307 4885 2669 4941 constituunt.
2712 4881 2913 4937 Verum
2989 4896 3086 4951 per
3144 4879 3376 4935 Litteras

1805 4996 1989 5036 sacras
2015 4980 2345 5042 refutantur,
2368 4992 2594 5046 quarum
2627 4976 2743 5030 haec
2771 4975 2932 5029 verba
2959 4981 3121 5028 sunt:
3152 4989 3169 5023 ι
3203 4971 3375 5025 Homo

1806 5073 1978 5127 factus
2005 5081 2090 5125 est
2118 5070 2172 5123 in
2227 5069 2462 5122 animam
2491 5068 2720 5121 vivam.»
2754 5065 2871 5120 Non
2902 5066 3047 5119 enim
3080 5064 3235 5119 aiunt
3262 5083 3276 5119 :
3308 5065 3369 5119 In

1805 5164 2036 5228 animas,
2080 5161 2196 5226 sed,
2240 5178 2258 5210 ι
2300 5160 2352 5214 in
2409 5159 2645 5212 animam
2702 5158 2899 5211 vivam.
2946 5175 2963 5207 ι
3021 5155 3375 5210 Doctissimus

1807 5255 1971 5308 etiam
2007 5253 2256 5307 Plotinus
2290 5251 2403 5315 ille,
2441 5264 2603 5318 quem
2637 5246 2984 5302 Laodicensis
3010 5247 3375 5316 Apollinarius

1803 5355 2025 5401 secutus
2055 5352 2158 5405 est,
2211 5342 2487 5396 hominem
2540 5341 2606 5394 de
2634 5341 2806 5395 tribus
2834 5338 2985 5393 hisce
3020 5336 3183 5391 tradit
3228 5335 3374 5389 exsi-

1803 5448 1971 5499 stere,
2022 5436 2282 5489 nimirum
2317 5444 2523 5500 mente,
2548 5433 2777 5509 \anima,
2812 5446 3061 5500 corpore.
3110 5427 3223 5491 Qua
3256 5426 3371 5493 ipsa

1804 5528 1857 5580 in
1902 5528 2162 5596 Opinione
2193 5526 2549 5580 consimiliter
2595 5524 2822 5577 fallitur.
2879 5523 3032 5577 Mens
3078 5520 3260 5577 enim,
3313 5526 3373 5569 ut

1802 5634 2032 5688 magnus
2062 5619 2151 5672 ille
2182 5617 2415 5672 Basilius
2441 5617 2638 5686 inquit,
2671 5615 2914 5685 ejusdem
2933 5621 3013 5667 cst
3042 5624 3162 5665 cum
3188 5607 3369 5660 anima

1802 5719 2009 5763 naturae
2037 5729 2047 5774 ;
2074 5710 2330 5779 quodque
2374 5706 2588 5776 corpori
2619 5707 2809 5760 oculus
2841 5712 2947 5769 est,
2975 5704 3075 5757 hoc
3111 5711 3264 5752 mons
3286 5705 3371 5755 cat

1802 5802 2013 5860 animm.

3368 5888 3421 5903 ..Α
