3862 6228
443 344 533 410 151

1685 351 1734 410 Μ
1753 347 2106 411 lClIAELlS
2145 352 2408 412 GLYCE

3574 349 3668 414 1'52

515 460 647 514 Nam
681 476 800 529 qua:
835 475 960 530 pars
993 461 1189 515 animae
1229 461 1418 532 purior
1449 472 1534 516 est
1561 478 1622 517 ac
1654 465 2028 534 principalior,

2213 469 2323 522 Καὶ
2355 465 2573 534 ἐγένετο
2622 467 2650 520 6
2696 465 2984 536 ἄνθρωπος
3013 465 3094 531 εἰς
3127 464 3306 538 ψυχὴν
3337 465 3536 531 ζῶσαν.
3573 463 3681 518 Ἐν-

439 568 501 606 ea
541 569 693 606 mens
719 553 1044 620 appellatur,
1087 553 1226 606 sicut
1261 553 1499 607 hominis
1533 555 1715 608 anima
1744 557 1942 610 mentis
1967 556 2015 610 vi

439 645 665 714 pru‘tlila
699 645 918 710 dicitur,
957 644 1100 698 haud
1137 645 1300 699 dubie
1352 654 1639 714 propterea
1683 647 1826 716 quod
1862 662 2017 701 men—

443 737 511 787 tis
544 737 610 788 sit
646 735 940 802 particeps.
988 735 1130 788 Hinc
1159 750 1388 790 exorsus
1414 736 1634 800 divinus
1669 737 1760 792 ille
1793 738 2021 793 Basilius

442 837 632 880 uoster
659 828 772 881 haec
801 843 965 896 porro
995 828 1061 882 de
1093 829 1274 882 anima
1314 839 1747 883 commemorat:
1785 847 1804 880 ι
1833 829 2020 899 Dupli-

441 936 558 970 ccm
588 935 688 986 ego
721 919 1034 974 facultatem
1072 920 1266 973 animae
1299 929 1501 985 statuo,
1529 935 1651 972 cum
1679 919 1792 988 ipsa
1818 921 1886 974 sit
1915 935 2020 974 una

448 1023 500 1063 et
529 1015 742 1064 eadem.
777 1012 976 1066 Harum
1011 1012 1179 1067 altera
1223 1012 1472 1082 corporis
1501 1023 1604 1074 est,
1644 1013 1898 1066 nimirum
1939 1013 2022 1066 vi-

442 1100 586 1162 talis,
645 1100 812 1154 altera
860 1101 1281 1170 contemplatrix
1330 1116 1533 1165 rerum,
1576 1116 1736 1170 quam
1773 1111 1827 1154 et
1859 1101 2025 1154 intel-

443 1192 701 1260 figentem
759 1207 1039 1246 vocamus.
1103 1191 1372 1258 Vitaiem,
1438 1192 1680 1260 quandiu
1732 1193 2025 1262 conjuncta

444 1285 661 1350 corpori
704 1293 790 1338 est
818 1285 997 1338 anima
1026 1324 1040 1348 ,
1107 1295 1329 1354 propter
1369 1285 1540 1354 ipsam
1599 1295 2024 1355 temperaturam

446 1375 644 1427 horum
703 1377 1046 1439 naturaliter,
1092 1391 1201 1428 non
1257 1392 1322 1430 ex
1382 1376 1654 1430 electione
1694 1376 2024 1444 suppeditat.

445 1463 881 1534 Contemplatrix
913 1465 1142 1519 facultas
1174 1465 1226 1518 in
1261 1466 1530 1520 electione
1565 1466 1902 1534 consilioque
1931 1482 2027 1535 po-

443 1553 607 1609 situm
643 1566 846 1609 motum
882 1557 1062 1611 habet.
1096 1576 1114 1608 ι
1155 1555 1276 1611 ihec
1307 1557 1524 1612 divinus
1567 1557 1728 1612 etiam
1765 1557 2028 1611 Maximus

446 1647 537 1699 ille
570 1647 882 1710 declarans,
915 1647 1059 1702 illam
1085 1650 1282 1702 animae
1303 1657 1532 1717 partem,
1561 1663 1681 1718 quas
1713 1649 1897 1718 purior
1924 1657 2024 1712 est,

443 1738 791 1792 affectionum
842 1750 1122 1808 expertem
1157 1755 1220 1794 ac
1281 1739 1662 1794 indivisibilern
1687 1754 1811 1794 esse
1852 1739 2024 1804 dicit,

2120 560 2313 614 τεῦθεν
2343 554 2437 612 οῦν
2466 556 2786 626 ὁρμώμενος
2816 557 2844 610 6
2873 555 3190 626 διαληφθεὶς
3221 555 3364 618 θεῖος
3392 553 3530 625 ἀνὴρ
3565 553 3682 622 περὶ

2120 652 2297 723 ψυχῆς
2324 651 2419 704 καὶ
2450 649 2575 703 τάδε
2625 647 2888 714 διέξεισιο
2928 668 2947 701 ι
2983 648 3180 717 Διττὴν
3213 647 3394 714 ἔγωγε
3416 642 3570 716 οἶμαι
3593 645 3682 716 τὴν

2121 743 2354 810 δύναμιν
2377 741 2475 808 τῆς
2504 738 2688 809 ψυχῆς
2717 739 2859 793 εἶναι
2897 739 3027 808 μιᾶς
3056 738 3154 792 καὶ
3185 740 3285 805 τῆς
3317 737 3485 805 αὐτῆς
3522 737 3684 805 ὑπαρ-

2121 836 2346 908 χούσης,
2378 834 2478 904 τὴν
2509 833 2607 902 μὲν
2637 831 2730 886 τοῦ
2766 832 3021 902 σώματος
3061 831 3322 900 ζωτικὴν,
3361 830 3460 900 τὴν
3489 831 3546 883 δὲ
3575 831 3684 884 ἐτέ-

2126 950 2227 1001 ραν
2261 931 2370 985 τῶν
2424 929 2593 982 ὄντων
2631 927 3000 999 θεωρητικὴν,
3039 927 3107 998 ἢν
3147 927 3211 997 δὴ
3239 927 3333 980 καὶ
3359 924 3550 997 νοερὰν
3578 925 3685 978 ὀνο-

2129 1023 2398 1090 μάζομεν.
2463 1018 2628 1072 ’Δλλὰ
2677 1019 2778 1089 τὴν
2824 1018 2922 1088 μὲν
2974 1018 3214 1087 ζωτικὴν
3261 1017 3530 1087 δύναμιν,
3575 1018 3685 1070 ἐπεὶ

2128 1111 2508 1180 συγκέκραται
2539 1109 2617 1179 τῷ
2651 1109 2890 1177 σώματι,
2925 1110 2958 1178 ὴ
2991 1108 3140 1179 ψυχὴ
3191 1109 3439 1176 φυσικῶς
3476 1109 3566 1162 διὰ
3598 1108 3686 1175 τὴν

2127 1199 2432 1269 σύγκρασιν
2462 1201 2562 1252 οὐκ
2597 1201 2662 1253 ἐκ
2716 1200 3090 1270 προαιρέσεως
3137 1202 3384 1270 χορηγεῖ’
3418 1201 3450 1270 ἡ
3480 1200 3537 1252 δέ
3567 1200 3687 1251 θεω-

2128 1288 2328 1358 ρητικὴ
2379 1288 2610 1356 δύναμις
2655 1290 2714 1340 ἐν
2756 1290 3082 1359 προαιρέσει
3110 1289 3210 1360 τὴν
3249 1289 3463 1358 κίνησιν
3491 1288 3623 1358 ἔχει.
3666 1306 3682 1339 ι

2128 1376 2316 1432 Ταῦτα
2353 1377 2452 1447 μὲν
2483 1371 2577 1430 οὖν
2610 1376 2708 1430 καὶ
2739 1379 2764 1428 6
2793 1376 3067 1439 θειότατος
3112 1376 3556 1446 ἐπεξηγούμενος
3583 1377 3688 1428 Mi-

2129 1469 2284 1538 ξιμος
2332 1468 2394 1522 τὸ
2443 1467 2544 1537 μὲν
2581 1470 2683 1539 τῆς
2730 1467 2932 1538 ψυχῆς,
2969 1468 3090 1537 δδὴ
3141 1469 3236 1521 καὶ
3281 1467 3680 1536 καθαρώτερον,

2128 1560 2339 1622 ἀπαθές
2379 1576 2512 1628 φησι
2548 1561 2642 1612 καὶ
2674 1559 2994 1628 ἀμέριστον,
3024 1559 3234 1626 νοητῶς
3277 1559 3344 1610 τὰ
3377 1558 3544 1629 νοητὰ
3572 1559 3683 1610 δια-

2128 1651 2440 1721 νοούμενον,
2469 1652 2530 1703 τὸ
2564 1650 2632 1716 ςδὲ
2671 1651 2770 1720 τῆς
2803 1649 2986 1720 ψυχῆς
3019 1650 3263 1719 παθητὸν
3291 1651 3388 1703 καὶ
3425 1650 3686 1719 μεριστόν·

2128 1744 2156 1797 δ
2184 1744 2247 1812 δὴ
2279 1745 2373 1797 καὶ
2401 1746 2520 1806 ταῖς
2573 1743 2872 1812 αἰσθήσεσι
2924 1742 3282 1813 μεριζόμενον
3315 1743 3574 1808 συναλγεῖ
3603 1741 3688 1808 μὲν

445 1846 644 1899 resque
687 1831 887 1884 mentis
921 1821 1276 1900 intelligentia
1309 1839 1523 1884 tantum
1557 1831 2025 1899 comprehensiles

2135 1805 2480 1900 ἀλγυνομένῳ
2520 1829 2596 1899 τῷ
2645 1805 2886 1900 σώματι,
2919 1805 3235 1900 ηδύνομένῳ
3289 1831 3334 1882 δ’
3366 1825 3430 1882 αὖ
3484 1805 3690 1897 συνηδύ-

446 1920 608 1974 modo
641 1923 808 1974 menti
836 1933 1211 1975 consentaneo
1233 1918 1543 1989 percipere.
1560 1934 1682 1973 eum
1707 1919 1875 1972 allata
1899 1933 2025 1987 pars

441 2013 657 2076 auium,
690 2011 1067 2066 aﬂ‘ectionibus
1096 2013 1329 2064 obnoxia
1354 2021 1401 2065 et
1437 2010 1749 2074 divisibilis,
1786 2025 1906 2079 qua:
1943 2009 2026 2062 ni-

445 2108 648 2158 mirum
704 2105 757 2158 in
794 2119 988 2160 sensus
1017 2103 1296 2168 dividitur,
1324 2104 1542 2174 corpori
1581 2103 1789 2158 dolenti
1817 2103 2023 2157 condo-

447 2199 578 2263 leat,
603 2207 656 2251 et
680 2199 870 2252 eodem
910 2198 1243 2268 voluptatem
1280 2196 1530 2266 capiente
1564 2195 1859 2264 voluptatis
1880 2195 2026 2262 ejus-

447 2291 571 2344 dem
606 2292 884 2360 partieeps
926 2289 1038 2342 ﬁat.
1083 2289 1297 2343 Etenim
1343 2288 1546 2352 anima,
1577 2287 1719 2342 sicut
1751 2295 1806 2340 et
1833 2284 2030 2356 Nysse-

448 2397 554 2435 nus
591 2382 818 2434 antistes
848 2381 1092 2449 scripsit,
1131 2395 1227 2449 per
1259 2394 1456 2434 sensus
1486 2393 1782 2448 corporeus
1812 2394 1938 2432 cum
1964 2379 2027 2433 iis

445 2489 568 2543 quae
598 2474 650 2526 in
688 2472 970 2549 hominum
1014 2473 1123 2526 vita
1151 2472 1389 2541 jucunda
1430 2485 1556 2526 sunt
1582 2471 1738 2540 quasi
1772 2471 2030 2526 coalescit

450 2577 503 2620 ct
535 2565 912 2634 coniungitur.
941 2565 1140 2618 Rerum
1170 2576 1473 2620 exterarum
1507 2574 1562 2619 et
1591 2580 1896 2618 crassarum
1918 2565 2030 2617 ele-

449 2658 629 2723 gantia
682 2673 779 2726 per
817 2657 1000 2712 oculos
1044 2659 1364 2716 oblectatur,
1404 2673 1498 2724 per
1537 2673 1694 2711 aures
1739 2655 1792 2709 in
1835 2655 2029 2709 auditu

446 2749 690 2818 jucunda
727 2749 1075 2818 propendet,
1130 2749 1428 2817 itidemque
1484 2749 1538 2800 in
1586 2748 1812 2816 reliquis
1864 2763 2026 2801 sensu

449 2841 694 2910 qu.=libet
722 2841 972 2895 aiiicitur.
1015 2842 1115 2910 71
1159 2840 1266 2894 llac
1297 2841 1363 2894 de
1391 2855 1556 2893 causa
1584 2839 1823 2893 Joannes
1865 2839 2028 2893 etiam

457 2932 826 2985 Damascenus
862 2941 1070 3000 partem
1107 2932 1300 2986 anima:
1338 2931 1563 2985 rationis
1595 2940 1876 3001 expertem
1909 2944 2027 2985 ma-

451 3022 700 3086 ximeque
724 3022 934 3075 brutam
969 3022 1346 3076 affectionibus
1377 3035 1499 3074 esse
1541 3020 1707 3074 tradit
1736 3020 2028 3074 obnoxiam

452 3123 506 3166 cl
539 3113 965 3182 concupiscendi
1001 3113 1108 3166 vim
1160 3113 1382 3168 habere.
1431 3112 1570 3167 Sunt
1614 3113 1857 3183 ejusdem
1915 3113 2028 3166 haec
2055 3135 2102 3199 ρ

452 3221 671 3274 quoque
704 3206 866 3260 verba
904 3221 918 3258 :
965 3225 983 3258 ι
1019 3206 1155 3259 Cum
1191 3204 1425 3260 afﬁcitur
1460 3205 1639 3260 anima
1684 3204 1736 3258 in
1779 3204 2027 3260 sectione

453 3299 722 3366 corporis,
777 3298 892 3368 ipsa
933 3299 1153 3366 quidem
1193 3314 1302 3351 non
1337 3309 1554 3353 secatur
1586 3299 1663 3352 uti
1693 3313 1909 3370 corpus,
1939 3296 2032 3351 sed
2076 3355 2080 3362 _

451 3388 814 3442 nihilominus
844 3389 894 3443 ei
929 3387 1184 3442 condolet
1211 3403 1274 3442 ac
1303 3404 1426 3443 cum
1475 3387 1718 3458 patiente
1750 3387 1976 3456 patitur.
2009 3405 2028 3437 ι

457 3481 587 3534 Inde
639 3481 697 3534 fit
729 3491 788 3533 ut
835 3494 1156 3534 communes
1204 3480 1314 3533 sint
1357 3480 1550 3534 animae
1580 3481 1904 3549 corporique
1938 3493 2036 3534 v0-

456 3572 721 3640 luptates,
751 3586 872 3640 quae
906 3571 974 3626 de
1011 3572 1386 3642 complexibus
1415 3581 1472 3626 et
1506 3573 1752 3628 ciborum
1780 3571 2039 3628 fruitione

457 3663 860 3731 percipiuntur,
897 3663 1039 3717 sicut
1089 3663 1233 3718 idem
1287 3664 1466 3734 inquit
1493 3681 1508 3717 :
1540 3673 1597 3719 at
1628 3680 1747 3734 qua:
1776 3665 1845 3720 de
1873 3664 2039 3720 disci-

461 3755 633 3824 plinis
664 3756 980 3810 liberalibus
1028 3757 1426 3813 oblectationes
1465 3758 1810 3826 proveniunt,
1841 3758 2040 3816 anima:

459 3843 560 3896 soli
598 3843 902 3913 peculiares
951 3856 1119 3912 sunt,
1162 3862 1284 3902 cum
1335 3848 1640 3918 voluptates
1688 3849 1904 3918 corpori
1939 3849 2040 3904 soli

457 3933 764 4002 peculiares
793 3936 954 3991 nulla:
985 3939 1348 4007 reperiantur.
1386 3937 1521 3994 Esse
1552 3949 1734 3995 autem
1769 3939 1825 3995 in
1857 3940 2039 3996 anima

459 4033 668 4092 partem
705 4028 1038 4095 quamdam,
1105 4046 1227 4099 quae
1275 4028 1413 4086 aﬂici
1470 4032 1691 4102 patique
1730 4033 1945 4101 possit,
1988 4041 2044 4090 et

460 4131 560 4183 per
609 4131 770 4184 quam
804 4122 1022 4187 corpori
1072 4121 1302 4190 patienti
1353 4123 1434 4176 sic
1477 4123 1860 4191 compatiatur,
1893 4132 1954 4177 ut
1990 4131 2044 4177 et

462 4217 694 4276 angatur
723 4217 778 4262 et
810 4219 1039 4264 mmreat
1084 4220 1138 4265 et
1168 4212 1408 4282 reliquas
1447 4213 1760 4272 afﬁctiones
1788 4214 2041 4284 experia-

2126 1937 2296 1975 νεται·
2347 1920 2666 1990 συμφύεται
2718 1922 2851 1990 γὰρ.
2881 1921 2957 1984 ὡς
3005 1922 3305 1992 εἴρηται,ὴ
3358 1920 3528 1989 ψυχὴ,
3563 1921 3691 1973 καθὰ

2127 2013 2190 2084 δὴ
2227 2014 2322 2066 καὶ
2353 2015 2381 2066 ὁ
2415 2013 2638 2082 Νύσσης
2671 2014 2827 2082 φησι,
2865 2011 2956 2068 διὰ
2994 2013 3104 2066 τῶν
3156 2012 3488 2081 σωματικῶν
3518 2012 3692 2081 αἰσθή-

2128 2122 2268 2159 σεων
2306 2105 2444 2175 πρὸς
2479 2106 2548 2159 τὰ
2593 2107 2725 2176 ἡδέα
2780 2105 2875 2159 τοῦ
2903 2105 3040 2176 βίου.
3074 2106 3153 2174 Τῇ
3193 2105 3304 2175 γὰρ
3351 2105 3578 2174 εύχροίᾳ
3604 2108 3690 2172 τῆς

2132 2196 2265 2264 ὕλης
2302 2197 2394 2250 διὰ.
2429 2196 2536 2250 τῶν
2591 2196 2890 2264 ὀφθαλμῶν
2924 2195 3305 2266 ἐπιτέρπεται,
3335 2196 3431 2250 καὶ
3463 2200 3530 2267 τῇ
3567 2199 3689 2265 ἀκοῇ

2129 2290 2267 2364 πρὸς
2309 2289 2376 2344 τὰ
2429 2288 2563 2358 ἡδέα
2607 2288 2718 2340 τῶν
2772 2287 3134 2358 ἀκουσμάτων
3179 2289 3280 2358 τὴν
3337 2287 3510 2358 ῥοπὴν
3565 2287 3688 2357 ἔχει,

2133 2383 2238 2434 κὰν
2289 2382 2404 2440 τοῖς
2455 2380 2669 2440 λοιποῖς
2716 2379 2919 2448 ὁμοίως
2975 2380 3183 2453 ἑκάστῃ
3231 2381 3340 2434 τῶν
3399 2381 3692 2450 αἰσθήσεων

2131 2470 2564 2526 συνδιατίθεται.
2589 2471 2741 2525 Κατὰ
2765 2473 2924 2526 τοῦτο
2947 2472 3039 2525 καὶ
3063 2475 3094 2526 6
3123 2474 3482 2542 Δαμασκηνὸς
3521 2473 3692 2528 Ἰωάνα

2131 2581 2229 2632 νης
2261 2563 2416 2630 ἔλεγε
2443 2563 2503 2614 τὸ
2539 2563 2884 2632 ἀλογώτερον
2933 2564 3099 2634 μέρος
3137 2564 3234 2631 τῆς
3261 2564 3435 2635 ψυχῆς
3465 2565 3692 2633 παθητὸν

2132 2651 2274 2708 εἶναι
2307 2655 2400 2707 καὶ
2420 2655 2725 2722 ὀρεκτικόν.
2757 2656 2872 2710 Καὶ
2901 2652 3058 2720 αὖθις
3093 2659 3126 2727 ἡ
3157 2658 3302 2727 ψυχὴ
3326 2657 3543 2728 παθητὴ
3574 2653 3694 2710 οιῖδσα

2131 2747 2225 2800 τοῦ
2279 2745 2532 2814 σώματος
2582 2747 2922 2816 τεμνομένου
2975 2749 3114 2818 αὑτὴ
3157 2749 3256 2817 μὲν
3311 2749 3372 2802 οὐ
3421 2751 3690 2816 τέμνεται,

2132 2837 2275 2891 καθὰ
2305 2837 2368 2907 δὴ
2402 2839 2498 2890 καὶ
2542 2837 2602 2890 τὸ
2652 2838 2833 2906 σῶμα,
2869 2839 3129 2903 συναλγεί
3171 2839 3227 2892 δέ
3263 2841 3407 2908 ὅμως
3446 2839 3540 2893 καὶ
3569 2854 3695 2905 συμ-

2135 2929 2344 2996 πάσχει
2397 2927 2477 2995 τῷ
2533 2927 2820 2994 πάσχοντι.
2878 2927 3072 2982 Ἔνθεν
3128 2946 3210 2981 τοι
3251 2930 3346 2982 καὶ
3399 2928 3575 2982 κοιναὶ
3607 2927 3696 2997 μὲν

2133 3018 2324 3088 ἡδοναὶ
2359 3017 2538 3087 ψυχῆς
2583 3019 2675 3072 καὶ
2719 3016 2972 3086 σώματος
3022 3021 3078 3072 αἱ
3125 3019 3233 3072 ἀπὸ
3262 3020 3370 3074 τῶν
3403 3018 3697 3087 συναφειῶν

2133 3111 2227 3163 καλ⁹
2267 3108 2374 3161 τῶν
2417 3109 2697 3179 ἐδωδίμων
2743 3109 3048 3178 γινόμεναι,
3089 3109 3163 3173 ὡς
3212 3113 3237 3162 6
3262 3109 3576 3180 διαληφθεὶς
3603 3109 3696 3178 ἔφη

2140 3200 2286 3262 θεῖος
2323 3199 2481 3268 ἀνήρ’
2519 3198 2577 3252 αι
2624 3199 2683 3252 δὲ
2727 3199 2835 3252 ἀπὸ
2864 3199 2972 3252 τῶν
3006 3199 3352 3269 μαθημάτων
3388 3201 3496 3270 ἰδίᾳ
3539 3201 3696 3269 μόνης

2135 3291 2243 3344 εἰσὶ
2273 3291 2373 3360 τῆς
2404 3289 2607 3360 ψυχῆς,
2649 3289 2812 3358 μόνου
2865 3289 2921 3342 δέ
2982 3291 3232 3360 σώματος
3277 3291 3472 3359 ἡδονὰς
3521 3291 3616 3344 οὐκ
3641 3290 3699 3343 ἄν

2141 3399 2227 3446 τις
2257 3381 2394 3452 εὕρῃ
2425 3380 2578 3436 ποτέ.
2618 3381 2741 3433 Ὅτι
2773 3381 2829 3434 δέ
2853 3381 2949 3434 καὶ
2973 3381 3217 3454 παθητὸν
3257 3382 3420 3452 μέρος
3447 3383 3700 3452 κέκτηται

2136 3478 2169 3545 ἡ
2226 3474 2396 3544 ψυχὴ,
2442 3474 2510 3526 δι’
2543 3466 2604 3527 οὗ
2648 3474 2965 3544 συμπάσχει
3019 3474 3097 3543 τῷ
3145 3473 3358 3542 σώματι
3401 3476 3696 3544 πάσχοντι,

2137 3567 2436 3622 κάντεῦθεν
2491 3566 2845 3635 ἀδημονεῖται
2891 3567 2986 3620 καὶ
3037 3565 3289 3620 λυπεῖται
3320 3567 3417 3622 καὶ
3452 3569 3519 3621 τὰ
3549 3567 3701 3620 λοιπά

2137 3658 2287 3728 πάθη
2343 3657 2557 3727 δέχεται
2591 3652 2671 3719 οἷς
2726 3659 2866 3727 μετὰ
2916 3657 3014 3726 τὴν
3054 3659 3332 3726 ἁμαρτίαν
3383 3659 3697 3728 περιέπεσε,

2138 3750 2296 3817 δῆλον
2353 3749 2412 3812 ἐξ
2465 3741 2542 3802 ὧν
2583 3751 2610 3801 6
2659 3748 2870 3818 Κύριος
2922 3748 3108 3817 ἔλεγε·
3148 3767 3165 3799 ι
3205 3748 3319 3804 Νῦν
3365 3749 3578 3820 ἡψυχὴ
3615 3766 3705 3819 μου

2141 3843 2504 3911 τετάρακται.
2560 3860 2578 3893 ›
2618 3839 3048 3910 Συγκεχώρηται
3094 3840 3202 3907 γὰρ
3253 3843 3318 3910 τῇ
3373 3841 3502 3908 ἁγία
3550 3839 3704 3895 αὐτοῦ

2141 3933 2310 4003 ψυχῇ,
2353 3932 2498 3986 καθὰ
2540 3932 2606 4002 δὴ
2641 3932 2734 3986 καὶ
2768 3932 2847 4000 τῷ
2886 3931 3119 4000 σώματι,
3153 3930 3387 3999 πάσχειν
3443 3931 3593 3984 ἔστιν
3626 3931 3707 3985 ὅτε

2143 4027 2210 4080 τὰ
2253 4025 2380 4089 ἴδια,
2411 4025 2505 4079 καὶ
2535 4025 2639 4094 τῆς
2667 4021 2950 4085 κενώσεως
2981 4022 3182 4093 μέτρον
3209 4024 3513 4094 τετήρηκεν
3541 4024 3706 4078 ἁπαν-

2145 4115 2335 4186 ταχοῦ,
2365 4117 2441 4180 ὡς
2476 4120 2504 4169 6
2538 4116 2814 4179 θειότατος
2863 4115 3032 4185 ἔφησε
3083 4115 3375 4186 Κύριλλος.
3437 4117 3520 4169 Τὰ
3571 4115 3707 4185 πάθη

2150 4212 2246 4260 καὶ
2277 4208 2385 4277 γὰρ
2427 4207 2623 4267 ταῦτα.
2667 4208 2838 4277 ἤγουν
2867 4209 3030 4278 ἡδονὴ
3061 4207 3154 4261 καὶ
3196 4207 3344 4277 λύπη
3373 4208 3470 4262 καὶ
3510 4207 3709 4275 ἀθυμία

463 4301 572 4358 tur,
628 4295 830 4364 quibus
887 4297 1126 4352 obnoxia
1182 4308 1308 4368 post
1361 4299 1569 4369 lapsum
1602 4316 1724 4357 esse
1757 4300 1942 4370 cmpit,
1974 4301 2032 4357 de

2151 4300 2600 4369 προηγουμένως,
2631 4297 2896 4368 οὐμενοῦν
2942 4301 3008 4368 τῇ
3044 4300 3151 4352 τῶν
3191 4297 3498 4367 ἀνθρώπων
3559 4298 3709 4366 φύσει

462 4384 638 4456 ipsius
659 4385 876 4442 Domini
911 4388 1096 4444 verbis
1128 4389 1356 4458 intelligi
1389 4399 1568 4460 potest
1600 4409 1613 4445 :
1649 4410 1666 4442 ι
1697 4393 1892 4448 Anima
1917 4407 2032 4446 mea

2151 4392 2271 4442 κατ’
2330 4391 2508 4460 ἀρχὰς
2565 4389 3015 4461 συνεκτίσθησαν,
3059 4390 3176 4444 ἀλλ’
3224 4391 3300 4454 ὡς
3355 4393 3384 4444 6
3443 4389 3711 4450 θειότατός

464 4479 626 4534 modo
669 4481 987 4550 perturbata
1029 4491 1114 4536 est
1144 4482 1210 4534 ".
1251 4501 1267 4533 ι
1303 4483 1438 4538 Nam
1469 4494 1674 4540 sancta:
1718 4483 1894 4553 ipsius
1931 4483 2032 4540 ani‘

2158 4501 2292 4551 φησι
2326 4481 2593 4550 Μάξιμος,
2653 4481 2880 4552 ὕστερον
2928 4482 3226 4551 ἐπεισήχθη
3264 4481 3438 4535 ταῦτα
3484 4482 3576 4536 διὰ
3622 4481 3712 4546 τὴν

465 4583 586 4635 mae,
622 4569 767 4624 sicut
809 4578 864 4626 et
885 4573 1124 4642 corpori,
1156 4588 1479 4629 concessum
1514 4574 1616 4630 hoc
1649 4583 1788 4638 erat,
1828 4584 2032 4630 utnon

2155 4572 2494 4636 τελειότητος
2542 4572 2838 4636 ἔκπτωσιν,
2875 4571 2951 4640 τῷ
2998 4573 3326 4641 ἁλογωτέρῳ
3365 4573 3520 4640 μέρει
3550 4587 3710 4640 προσ·

467 4677 744 4731 nunquam
790 4678 852 4718 ea
911 4674 1314 4734 perpeteretur,
1372 4681 1492 4736 quae
1555 4665 1773 4734 utrique
1830 4667 2032 4735 propri:

2152 4667 2356 4733 φυέντα
2395 4665 2760 4732 τῆςφύσεως.
2795 4662 3019 4726 Τούτοις
3042 4665 3139 4732 μὲν
3169 4661 3264 4716 οὖν
3293 4663 3606 4726 ἀκολούθως
3630 4663 3714 4714 καὶ

467 4761 620 4806 sunt.
650 4753 910 4824 Adeoque
939 4757 1158 4812 modum
1210 4757 1532 4812 inauitionis
1559 4756 1762 4825 ubique
1787 4759 2025 4812 servavit

2152 4759 2180 4809 6
2223 4757 2394 4826 μέγας
2429 4755 2652 4820 διέξεισι
2685 4755 2988 4819 Βασίλειος,
3025 4755 3198 4823 λέγων
3221 4772 3234 4786 ·
3274 4774 3293 4806 ι
3333 4757 3533 4808 Σκόπει
3574 4754 3713 4822 τὲςή

465 4845 922 4913 quemadmodum
961 4848 1043 4902 vir
1075 4849 1453 4904 divinissimus
1502 4847 1733 4918 Cyrillus
1781 4849 2025 4918 loquitur

2135 4837 2264 4902 ’ἀπὸ
2298 4849 2497 4919 σαρκὸς
2533 4849 2670 4918 πρὸς
2699 4847 2876 4919 ψυχὴν
2905 4850 3203 4902 ἐπανιοῦσα
3233 4847 3573 4917 συμπάθεια,
3611 4845 3715 4906 πῶς

468 4936 579 4990 Nec
616 4945 798 4992 tamen
834 4938 1154 4996 aﬂ‘ectiones
1189 4940 1306 4995 istae
1333 4941 1401 4996 ab
1435 4940 1592 4994 initio
1617 4955 1743 4996 cum
1768 4939 2032 4995 hominun

2149 4941 2364 5011 δέχεται
2399 4943 2496 5011 μὲν
2537 4941 2636 5012 τὴν
2665 4940 2808 5012 ζωὴν
2847 4942 2913 4994 ἐκ
2939 4941 3040 5008 τῆς
3069 4940 3246 5010 ψυχῆς
3277 4939 3338 4992 τδ
3369 4940 3554 5008 σῶμα,
3580 4937 3719 5006 δέχε-

470 5035 664 5082 uatura
697 5029 929 5084 condita:
963 5041 1114 5096 sunt,
1165 5031 1260 5088 sed
1315 5031 1626 5100 posterius,
1678 5042 1738 5086 ut
1777 5030 2047 5086 Maximus

469 5119 730 5188 loquitur,
763 5123 1126 5192 irrepserunt,
1162 5141 1227 5178 ac
1269 5134 1492 5194 propter
1534 5125 1884 5180 amissionem
1920 5139 2046 5194 per-

472 5209 725 5266 fectionis
781 5212 858 5266 illi
915 5221 1126 5269 natura:
1160 5215 1298 5283 parti
1358 5215 1706 5270 adhaeserunt
1739 5230 1861 5284 qua:
1892 5215 2055 5271 bruta

470 5312 554 5358 est
591 5319 656 5359 ac
707 5305 935 5360 rationis
963 5322 1180 5376 expers.
1215 5306 1404 5361 Tradit
1433 5307 1516 5362 his
1556 5317 1926 5362 consentanea
1955 5307 2055 5362 Ba-

473 5396 625 5449 silius
645 5412 882 5466 quoque,
904 5412 1027 5454 cum
1052 5398 1130 5452 ait
1161 5415 1177 5452 :
1216 5397 1538 5454 «Considera
1575 5399 1708 5453 mihi
1727 5415 1848 5470 qua:
1865 5411 2052 5454 mutua

475 5487 548 5540 sit
584 5487 803 5542 affectio
828 5489 896 5543 de
921 5503 1086 5545 carne
1106 5489 1172 5544 ad
1195 5490 1433 5543 animam
1464 5498 1777 5559 penetrans,
1805 5490 1898 5559 qui
1929 5505 2052 5546 cor-

476 5592 575 5646 pus
605 5578 674 5634 ab
719 5580 904 5636 anima
950 5581 1117 5637 vitam
1157 5581 1434 5652 accipiat,
1483 5590 1538 5637 et
1593 5582 1833 5639 vicissim
1868 5583 2045 5640 anima

557 5769 601 5800 “
627 5770 782 5826 .loan.
818 5737 916 5836 xii,
952 5772 1032 5827 f7.

2146 5049 2239 5086 ται
2292 5033 2350 5086 δὲ
2393 5033 2692 5102 ἀλγηδόνας
2732 5033 2840 5086 ἀπὸ
2867 5030 2964 5086 τοῦ
2989 5030 3243 5101 σώματος
3280 5032 3313 5100 ἡ
3341 5029 3514 5099 ψυχή.
3557 5047 3577 5080 ι
3616 5028 3718 5080 Καὶ

2144 5115 2294 5174 οὗτοι
2328 5123 2428 5192 μὲν
2463 5120 2659 5184 οὕτως·
2715 5122 2743 5174 6
2791 5119 2847 5173 δὲ
2906 5119 3291 5188 Ἀριστοτέλης
3351 5117 3718 5186 ἀνθρωπίνοις

2157 5213 2442 5283 λογισμοῖς
2463 5212 2805 5282 ἐρειδόμενος
2831 5212 2890 5263 ἐν
2911 5211 3048 5280 αὐτῇ
3075 5209 3465 5280 διισχυρίζεται
3497 5213 3563 5280 τῇ
3597 5225 3721 5279 καρυ

2158 5305 2249 5374 δίᾳ
2306 5305 2398 5357 τὸν
2450 5305 2696 5373 ἡγεμόνα
2744 5302 2870 5357 νοῦν
2927 5301 3205 5356 ποιεῖσθαι
3241 5301 3339 5370 τὴν
3385 5300 3620 5371 οἴκησιν,
3651 5301 3720 5362 ὡς

2157 5394 2413 5448 ἐντεῦθεν
2452 5395 2552 5464 τὴν
2584 5393 2988 5466 προαιρετικὴν
3020 5391 3188 5446 αὐτοῦ
3217 5391 3450 5458 δύναμιν
3485 5390 3720 5452 εὐπετῶς

2157 5487 2244 5558 ἐφ’
2273 5488 2420 5542 ἅπαν
2478 5488 2540 5540 τὸ
2579 5490 2738 5558 σῶμα
2785 5484 3222 5558 διαμεριζεσθαι.
3281 5483 3505 5552 Ἕτεροι
3560 5483 3606 5536 δ’
3658 5482 3718 5536 αὖ

2158 5582 2349 5650 ῶσπερ
2405 5581 2704 5651 ἀκρόπολιν
2761 5596 2884 5634 τινα
2945 5578 3044 5647 τὴν
3092 5574 3334 5646 κεφαλὴν
3388 5573 3717 5644 δεὼμῆσθαι
