3862 6228
261 329 390 386 Ἰξιδ

1529 313 1936 374 ANNALIUM
1973 313 2166 373 PARS
2207 313 2256 373 ῐ.

3434 312 3539 373 154

267 435 445 506 παρὰ
477 435 583 504 τῆς
610 431 827 504 φύσεως
863 429 1136 500 λέγουσιν,
1170 429 1246 494 ὡς
1280 427 1338 483 ἓν
1369 426 1506 500 αὐτῇ
1538 425 1630 483 τὸν
1661 429 1868 501 ἡγεμό-

1981 429 2218 484 lolorum
2241 421 2496 497 corporis
2536 427 2809 498 particeps
2856 426 2970 483 tiat.
3010 447 3028 480 ι
3070 427 3137 482 Ει
3165 426 3281 481 haec
3323 427 3542 495 quidem

270 547 352 583 να
405 527 540 583 νοῦν
581 524 993 590 ἐνδιαιτᾶσθαι,
1033 522 1287 594 καθάπερ
1325 521 1450 576 τινὰ
1497 521 1722 592 βασιλέα
1768 521 1867 574 τοῦ

267 619 499 682 παντὸς
521 616 1006 687 οὐπερκαθήμενον
1055 613 1334 684 σώματος.
1371 615 1434 667 01.
1480 613 1538 666 δέ
1569 629 1634 681 γε
1663 612 1724 666 τδ
1767 612 1870 681 τῆς

282 708 638 778 Ἐκκλησίας
669 706 1068 778 πρεσϐεύοντες
1122 701 1403 774 ὀρθόδοξον
1458 703 1718 773 φρόνημα
1767 702 1870 769 τὴν

264 801 410 854 κατ’
447 801 638 853 εἰκόνα
680 798 815 851 Θεοῦ
851 798 1160 851 κτισθεῖσαν
1188 800 1384 864 νοεράν
1413 795 1571 865 ἡμῶν
1603 795 1781 864 ψυχὴν
1814 795 1871 846 ἔν

263 905 391 940 τινι
433 889 589 958 τόπῳ
619 886 713 940 τοῦ
745 886 1020 956 σώματος,
1075 883 1370 953 ἀσώματον
1407 883 1594 947 οὖσαν,
1635 883 1870 946 τοπικῶς

263 978 642 1049 περιορίζειν
668 977 767 1029 ούκ
799 979 1002 1030 ῖσασινο
1028 975 1124 1044 ὅλη
1165 977 1260 1026 καὶ
1287 975 1395 1045 γάρ
1426 975 1493 1026 δι’
1531 975 1653 1027 ὅλου
1691 975 1869 1042 διήκει

260 1071 375 1124 τοῦ
433 1069 714 1140 σώματος,
749 1069 870 1121 ὅλον
904 1065 1039 1119 αὐτὸ
1071 1066 1318 1134 ψυχοῦσα
1365 1065 1461 1119 καὶ
1498 1066 1618 1118 ὅλον
1652 1066 1747 1134 ὅλη
1779 1083 1874 1118 κα-

265 1159 710 1226 ταφωτίζουσα.
752 1156 858 1209 Καὶ
886 1155 1136 1224 καθάπερ
1166 1157 1193 1207 6
1219 1155 1350 1217 Θεὸς
1379 1146 1438 1207 οὗ
1466 1155 1559 1205 καὶ
1579 1157 1700 1208 κατ’
1731 1155 1874 1206 εἰκό-

267 1266 348 1302 να
409 1246 885 1317 δεδημιούργηται
934 1245 1094 1315 αὕτη,
1146 1246 1206 1298 ού
1251 1246 1414 1317 μέρος
1449 1247 1506 1297 ὲν
1540 1247 1720 1315 μέρει,
1753 1245 1867 1298 ἀλλ’

268 1343 413 1407 ὅλος
460 1344 570 1411 ὅλῳ
627 1343 704 1411 τῷ
764 1342 954 1410 κόσμῳ
1003 1341 1126 1393 κατ’
1156 1341 1347 1394 οὐσίαν
1391 1340 1690 1407 περίεστιν,
1723 1339 1866 1393 οὕτω

269 1434 387 1484 καὶ
447 1433 479 1502 ἡ
530 1431 626 1484 τοῦ
686 1429 1050 1500 πρωτοτύπου
1109 1428 1273 1480 εἰκὼν
1332 1428 1549 1499 ἀμερὴς
1594 1425 1728 1479 οὖσα
1780 1427 1875 1478 καὶ

263 1521 630 1581 satana“;
688 1517 911 1588 άμερῶς
973 1522 1068 1571 καὶ
1108 1517 1444 1578 άδιαστάτως
1503 1518 1602 1585 ὅλη
1633 1516 1741 1586 ὅλῳ
1794 1514 1874 1583 τῷ

264 1611 516 1681 σώματι
556 1617 847 1679 πρόσεστι.
885 1611 998 1662 Καὶ
1031 1609 1226 1662 τούτου
1279 1609 1442 1679 χάριν
1473 1609 1547 1678 μὴ
1598 1607 1872 1677 Θαύμαζεο

273 1701 531 1754 ἴστασαι
572 1704 670 1770 μὲν
698 1701 806 1767 γὰρ
839 1698 977 1769 αὕτη
1025 1700 1112 1766 ἐφ’
1147 1700 1347 1768 ἑαυτῆς
1387 1699 1641 1769 καθάπερ
1675 1700 1871 1768 ἡλιακή

1971 519 2159 574 abhis
2196 518 2392 571 tradita
2445 527 2596 572 sunt.
2647 517 2970 573 Aristoteles
3009 526 3189 570 autem
3243 515 3546 568 rationibus

1972 609 2228 665 humanis
2261 609 2484 663 innixus
2522 617 2784 673 mentem,
2815 623 2934 677 qua:
2989 607 3043 660 in
3078 607 3296 661 homine
3341 608 3544 674 princi—

1973 710 2156 771 patum
2185 700 2418 764 obtinet,
2447 701 2626 754 sedem
2677 699 2730 753 in
2772 699 2937 753 corde
2974 714 3126 752 suam
3175 698 3376 752 habere
3412 712 3545 749 con-

1973 792 2173 858 ﬁrmat,
2211 792 2358 846 unde
2389 791 2468 845 vis
2497 791 2616 856 ejus
2642 789 2709 844 ab
2735 789 3004 844 electioae
3038 789 3378 855 consilioque
3407 803 3543 856 peu-

1973 887 2111 938 dens
2138 885 2451 950 universum
2497 883 2551 936 in
2580 899 2778 951 corpus
2825 882 2982 936 facile
3013 882 3390 935 distribuatur.
3440 881 3545 934 Alii

1973 987 2134 1044 Caput
2167 976 2340 1029 instar
2379 973 2656 1042 cujusdam
2691 973 2835 1027 areis
2882 990 2908 1025 a
2961 983 3154 1026 natura
3211 973 3403 1025 dit-unt
3451 988 3548 1023 ex-

1973 1075 2262 1129 structum,
2300 1075 2359 1118 ut
2395 1066 2646 1132 princeps
2679 1063 2730 1116 in
2763 1063 2981 1116 homine
3023 1077 3176 1115 mens
3206 1062 3363 1130 degat
3393 1061 3445 1112 in
3483 1076 3548 1114 eo

1973 1157 2237 1225 quasique
2277 1172 2367 1208 rex
2408 1157 2588 1209 sedem
2637 1170 2800 1222 supra
2841 1169 3042 1220 corpus
3069 1154 3380 1206 universum
3410 1154 3552 1219 posi-

1979 1259 2084 1300 tam
2142 1248 2358 1300 habeat.
2392 1245 2590 1301 Verum
2634 1248 2724 1315 qui
2776 1245 3033 1298 Ecclesite
3091 1246 3416 1297 sententiam
3466 1259 3552 1296 se-

1973 1348 2240 1406 quuntur,
2277 1335 2514 1388 animam
2548 1347 2789 1388 nostram
2847 1333 3217 1401 intelligentiae
3259 1333 3308 1383 vi
3352 1332 3549 1399 przedi-

1977 1437 2109 1492 tam,
2141 1444 2259 1495 qua:
2291 1427 2356 1478 ad
2394 1425 2681 1495 imaginem
2722 1425 2817 1478 Dei
2849 1426 3066 1477 condita
3100 1433 3180 1477 est
3215 1433 3267 1477 ct
3304 1426 3548 1492 corporis

1975 1529 2059 1573 est
2084 1535 2298 1588 expers,
2328 1518 2380 1570 in
2417 1527 2564 1570 certo
2599 1516 2830 1583 quodam
2863 1517 3111 1582 corporis
3150 1515 3270 1567 loco
3317 1516 3548 1568 circnm-

1978 1609 2213 1661 scribere
2244 1608 2492 1660 localiter
2527 1608 2742 1660 nolunt.
2781 1606 2915 1658 Nam
2956 1616 3061 1658 tota
3097 1623 3194 1674 per
3233 1617 3400 1659 totum
3433 1622 3552 1656 eor-

1979 1717 2078 1770 pus
2126 1715 2247 1753 sese
2311 1699 2468 1764 didit,
2504 1709 2556 1750 et
2604 1699 2775 1766 ipsum
2829 1699 3068 1760 anini‘at,
3123 1706 3405 1760 totumque
3440 1699 3551 1749 tota

258 1807 360 1851 τις
399 1793 621 1860 σφαῖρα
674 1790 771 1841 ούκ
819 1789 924 1853 ἔξω
959 1788 1052 1841 τοῦ
1106 1788 1388 1857 σώματος,
1429 1789 1544 1841 ἀλλ’
1575 1788 1869 1859 ὑπερφυῶς

1983 1793 2286 1845 collustrat.
2328 1792 2390 1842 Et
2414 1789 2871 1858 quemadmodum
2901 1787 3063 1851 Dens,
3091 1789 3244 1857 cujus
3275 1787 3340 1840 ad
3364 1789 3551 1855 imagi-

260 1883 328 1933 ἐν
362 1881 557 1950 αὐτῷ,
594 1880 967 1950 συμπλέκεται
1025 1880 1079 1932 δὲ
1141 1880 1316 1950 τούτῳ
1377 1882 1499 1940 ταῖς
1549 1881 1639 1948 ἀφ’
1674 1882 1874 1949 ἑαυτῆς

258 1971 622 2040 προῖούσαις
683 1970 907 2037 αὐγαῖς,
967 1970 1171 2064 mitiga;
1226 1972 1322 2024 καὶ
1381 1973 1725 2041 τεμνομένου
1779 1971 1874 2024 τοῦ

261 2063 556 2131 σώματος
605 2063 835 2125 ἀπαθεῖς
877 2063 972 2114 καὶ
1005 2062 1334 2134 άδῐάτμητοι
1371 2066 1646 2134 μένουσιν,
1689 2066 1877 2136 ὥσπερ

256 2154 332 2221 δὴ
371 2155 483 2206 καὶ
525 2151 625 2203 τοῦ
654 2153 812 2222 ἀέρος
843 2156 962 2216 ταῖς
989 2153 1099 2206 τῶν
1132 2155 1350 2223 ἀνέμων
1385 2158 1573 2218 πνοαῖς
1624 2158 1879 2226 κινουμέ-

261 2260 368 2297 νου
403 2244 511 2294 καὶ
546 2245 984 2314 μεταπίπτοντος
1034 2246 1094 2296 τὸ
1156 2246 1375 2314 ἡλιακὸν
1409 2246 1523 2314 φῶς
1550 2249 1694 2311 ἅπαξ
1724 2249 1872 2317 αὐτῷ

259 2333 622 2402 ωμπλακέν
653 2332 772 2386 οὕτε
803 2333 978 2404 τομὴν
1007 2333 1129 2387 οὔτε
1173 2335 1359 2406 ρεῦσιν
1382 2334 1506 2388 οὔτε
1537 2338 1874 2406 μετάστασιν

258 2425 616 2493 ὑρίσταταμ

1984 1901 2102 1936 nem
2124 1883 2352 1946 condita
2380 1890 2464 1935 est
2491 1897 2600 1934 non
2632 1897 2758 1948 pars
2793 1881 2844 1932 in
2883 1892 3053 1948 parte,
3083 1881 3177 1933 sed
3212 1889 3352 1932 totus
3379 1890 3549 1932 totum

1984 1975 2243 2026 mundum
2275 1971 2658 2039 complectitur
2691 1971 2926 2022 essentia
2955 1985 3071 2034 sua,
3106 1968 3182 2020 sic
3217 1965 3377 2020 etiam
3405 1965 3554 2034 prin~

1983 2065 2122 2132 cipis
2156 2064 2300 2114 illius
2351 2060 2678 2130 exemplaris
2721 2061 3114 2119 Simulacrum,
3147 2072 3270 2110 cum
3320 2056 3552 2123 partium

1983 2157 2054 2208 sit
2104 2169 2300 2222 σιμοῖς
2345 2164 2400 2207 et
2439 2154 2782 2207 dimensione
2813 2162 3026 2217 careat,
3067 2153 3201 2205 citra
3232 2151 3553 2205 divisionem

1983 2262 2044 2298 ac
2111 2244 2506 2298 dimensionem
2575 2245 2679 2313 72
2742 2244 2905 2297 ullam
2974 2252 3145 2297 totum
3193 2243 3287 2295 toti
3340 2241 3554 2309 corpori

1979 2337 2155 2388 adt-st.
2189 2335 2359 2398 Quam
2389 2335 2609 2403 quidem
2636 2350 2748 2387 rem
2781 2334 3037 2387 admirari
3063 2333 3266 2386 desine.
3296 2331 3560 2386 Consistit

1981 2429 2127 2480 enim
2158 2427 2508 2496 peculiariter
2541 2426 2721 2479 anima
2743 2425 2897 2493 quasi
2933 2425 3123 2494 globus
3155 2425 3374 2493 quidam
3422 2425 3560 2476 sola-

259 2519 357 2572 ris
393 2533 522 2572 non
557 2529 707 2573 extra
736 2535 952 2589 corpus,
982 2521 1074 2576 sed
1120 2522 1174 2574 in
1209 2521 1349 2590 ipso,
1376 2518 1538 2590 idque
1567 2522 1726 2577 modo
1749 2521 1981 2586 quodam
2017 2523 2153 2574 ultra
2194 2519 2456 2574 naturali.
2523 2519 2699 2572 Simul
2759 2518 2976 2586 corpori
3049 2533 3295 2571 connexa
3335 2526 3421 2570 est
3467 2531 3561 2584 per

266 2611 588 2664 derivatos
624 2625 689 2664 ex
739 2612 854 2682 ipsa
904 2613 1084 2666 radios
1111 2653 1124 2676 ,
1164 2614 1255 2679 qui
1292 2613 1336 2665 si
1383 2629 1585 2683 corpus
1638 2615 1878 2668 sectione
1918 2613 2168 2679 laedatur,
2202 2623 2383 2666 tamen
2419 2610 2559 2664 haud
2605 2610 2915 2663 atliciuntur
2963 2619 3018 2664 et
3095 2613 3392 2664 sectionem
3437 2613 3562 2666 nul-

259 2701 383 2756 lam
419 2703 815 2773 experiuntur.
848 2702 1078 2757 Prorsus
1110 2712 1166 2757 ut
1210 2719 1335 2758 aere
1380 2720 1478 2774 per
1508 2707 1666 2758 tlatus
1698 2717 1982 2759 ventorum
2021 2714 2168 2760 moto
2198 2713 2253 2758 et
2313 2705 2516 2773 agitato
2589 2702 2682 2756 lux
2732 2703 2927 2758 solaris
3006 2703 3055 2758 ei
3101 2704 3269 2758 semel
3315 2721 3558 2760 connexa

263 2811 479 2865 neque
511 2795 812 2850 sectionem
845 2810 1023 2863 neque
1061 2794 1263 2850 [luxum
1305 2813 1484 2866 neque
1515 2798 1872 2852 mutationem
1917 2798 2144 2866 patitur.

357 2887 493 2940 Kal.
557 2887 586 2936 6
639 2886 738 2953 μὲν
789 2885 911 2946 νοῦς
975 2885 1264 2954 άσώματός
1320 2888 1468 2939 ἐστιν
1519 2888 1734 2954 άληθῶς
1785 2891 1875 2939 καὶ

263 2979 558 3050 ἀόρατος,
609 2976 724 3029 ἀλλ’
764 2975 912 3045 ὅμως
945 2976 1018 3038 ὡς
1069 2979 1124 3028 ὲν
1159 2978 1376 3048 ὀργάνῳ
1407 2979 1484 3048 τῷ
1520 2980 1732 3048 σώματι
1777 2980 1874 3047 τὴν

2060 2891 2260 2956 Estque
2311 2905 2464 2943 mens
2511 2905 2701 2960 reapse
2741 2889 2960 2959 quidem
2990 2905 3189 2958 expers
3231 2890 3475 2958 corporis
3507 2901 3561 2945 et

1985 2981 2426 3050 inaspectabilis,
2467 2998 2650 3034 rerum
2689 2982 3049 3036 nihilominus
3093 2983 3144 3034 in
3175 2999 3401 3052 corpore
3438 2993 3558 3036 tan-

263 3069 514 3123 οξκεῖαν
549 3069 834 3137 ἐνέργειαν
866 3068 1128 3122 δείκνυσι.
1165 3070 1275 3121 Καὶ
1324 3070 1483 3122 εἴωθε
1528 3070 1650 3152 μὲνι
1684 3071 1712 3123 6
1759 3069 1869 3132 νοῦς

1989 3090 2153 3141 quam
2189 3075 2556 3127 instrumento
2595 3089 2745 3127 suam
2776 3073 3149 3126 eﬂieaeitatem
3179 3075 3434 3129 declarat.
3465 3076 3562 3128 Ea-

267 3163 560 3232 ὲνεργεῖν
615 3162 674 3212 ὲν
717 3155 798 3222 οἷς
831 3159 1000 3226 ὑγιῶς
1045 3161 1106 3211 τὸ
1164 3161 1321 3230 σῶμα
1372 3161 1662 3226 διάκειται,
1695 3161 1783 3214 ἐπὶ
1818 3161 1874 3212 δὲ

264 3255 389 3308 τῶν
451 3251 706 3314 ἀσθενῶς
741 3252 971 3322 ἑχόντων
1009 3252 1107 3320 τὴν
1139 3252 1395 3323 τεχνικὴν
1442 3253 1605 3305 αὑτοῦ
1645 3253 1875 3322 δύναμιν

265 3343 563 3410 δέξασθαι
596 3344 872 3412 ἄπρακτος
925 3341 1112 3411 πάντη
1170 3345 1262 3395 καὶ
1306 3343 1661 3412 ἀνενέργητος
1694 3341 1878 3409 φαίνε-

265 3456 390 3492 ται.
465 3435 618 3504 Πλὴν
659 3435 718 3486 οὐ
761 3433 884 3486 καθ’
918 3434 1111 3486 ἑαυτὸν
1173 3434 1336 3496 αὐτὸς
1393 3434 1874 3502 παραϐλάπτεται,

269 3529 566 3595 καθάπερ
624 3526 735 3577 τισὶ
773 3525 880 3577 τῶν
926 3522 1124 3589 ἔξωθεν
1157 3524 1374 3589 ἔδοξεν·
1412 3525 1530 3577 οὐδὲ
1567 3525 1674 3593 γὰρ
1707 3525 1878 3594 ἁρμο-

262 3620 401 3681 νίας
445 3615 691 3685 ὀργάνου
719 3614 863 3678 τινὸς
899 3614 1256 3684 ὁπωσδήποτε
1287 3613 1637 3683 διεφθορυίας
1665 3615 1878 3682 ἀνάγκη

259 3714 484 3766 πᾶσαν
535 3709 633 3760 καὶ
693 3707 861 3776 αὐτὴν
915 3705 1010 3758 τοῦ
1066 3707 1313 3775 τεχνίτου
1359 3705 1458 3771 τὴν
1512 3706 1709 3775 τέχνην
1760 3723 1882 3760 συν-

255 3799 734 3872 διαφθείρεσοαι.
770 3799 878 3850 Καὶ
910 3798 990 3850 ὅτι
1047 3797 1263 3867 μὲν·τῷ
1313 3797 1524 3867 σώματι
1555 3798 1806 3850 σύνεστιν
1842 3799 1876 3868 ἡ

255 3896 460 3965 ψυχὴ,
485 3887 629 3956 οἶδα,
671 3891 730 3943 τὸ
765 3890 819 3942 δὲ
851 3889 965 3952 πῶς
995 3891 1052 3942 ὲν
1084 3889 1295 3958 σώματι
1338 3889 1399 3941 τὸ
1451 3889 1738 3957 ἀσώματον
1779 3890 1880 3942 οὐκ

259 3985 421 4042 οἶδα·
467 3983 596 4035 οὐδὲ
636 3984 742 4052 γὰρ
775 3982 1164 4052 αἰδεσοὴσομαι
1185 3981 1284 4050 τὴν
1300 3981 1522 4048 ἄγνοιαν
1552 3981 1644 4032 ἐπὶ
1671 3980 1882 4043 τούτοις

255 4072 602 4147 ὁμολογῶν.
641 4072 701 4123 Εἰ
740 4072 849 4140 γὰρ
896 4070 1245 4140 ὲξηπλῶσθαι
1276 4069 1481 4138 ταύτην
1511 4070 1641 4140 εῐπῃ
1668 4086 1748 4129 τις
1777 4068 1882 4138 ὅλῳ

251 4171 340 4239 τῷ
371 4169 549 4234 ὄγκῳ
575 4162 668 4215 τοῦ
705 4162 973 4232 σώματος,
999 4161 1247 4233 καθάπερ
1273 4163 1337 4232 δὴ
1366 4163 1460 4213 καὶ
1501 4163 1529 4213 6
1571 4161 1884 4231 χρυσοῤῥή-

260 4278 392 4330 μων
423 4256 599 4326 φησι,
617 4255 709 4306 καὶ
733 4255 832 4306 οὐκ
853 4255 962 4322 ἔχει
991 4253 1146 4319 λόγον
1172 4253 1231 4305 τὸ
1259 4252 1573 4323 λεγόμενον·
1605 4254 1761 4304 τοῦτο
1792 4249 1884 4304 καὶ

257 4351 381 4418 γὰρ
420 4345 573 4397 ἴδιον
603 4343 710 4395 τῶν
738 4343 1005 4410 σωμάτων
1026 4343 1193 4394 ἐστίν.
1220 4341 1426 4404 ’Ἄλλως
1453 4358 1512 4393 τε
1546 4341 1594 4393 εί
1615 4339 1882 4411 ἐξηπλοῦ-

254 4457 323 4493 το
379 4436 480 4505 τῷ
530 4433 628 4486 τοῦ
661 4434 908 4503 σώματος
935 4432 1105 4502 ὄγκῳ,
1132 4432 1226 4484 καὶ
1255 4431 1612 4502 συνετέμνετο
1646 4434 1732 4495 ἂν,
1768 4430 1875 4482 τῶν
1911 4414 1952 4466 υ

256 4529 497 4600 χειρῶν
529 4525 791 4586 πολλάκις
823 4525 918 4576 καὶ
951 4523 1058 4576 τῶν
1102 4523 1278 4575 ποδῶν
1328 4524 1690 4576 ὲκκοπὲντων.
1737 4522 1874 4574 Ἀλλ’

255 4624 368 4674 οὐκ
414 4619 586 4671 ἐστιν
610 4617 665 4668 ὲν
690 4616 796 4685 ὅλῳ
823 4614 902 4683 τῷ
962 4614 1203 4683 σώματι,
1242 4613 1300 4664 ἕν
1340 4629 1444 4664 τινι
1497 4613 1552 4665 δὲ
1585 4617 1747 4683 μέρει
1776 4613 1874 4664 αύ-

254 4710 359 4762 τοῦ
431 4704 806 4760 συνείλεκται.
860 4702 1069 4756 Οὐκοῦν
1117 4703 1329 4773 ἀνάγκη
1391 4704 1560 4769 νεκρά
1612 4704 1680 4756 τὰ
1712 4703 1877 4756 λοιπὰ

241 4799 540 4870 ’γίνεσθαι
610 4795 792 4865 μέρη’
845 4795 906 4847 τὸ
958 4793 1067 4863 γάρ
1120 4792 1328 4874 ἄψυχον
1384 4795 1604 4859 πάντως
1654 4797 1868 4866 νεκρόν.

269 4891 435 4946 Ἀλλ’
488 4886 616 4938 οὐδὲ
651 4885 806 4937 τοῦτο
840 4885 988 4937 ἐστιν
1021 4885 1219 4937 εἰπεῖν.
1255 4885 1378 4937 Ὀτι
1414 4887 1516 4956 μὲν
1563 4887 1672 4956 γὰρ
1712 4889 1770 4937 ὲν
1795 4886 1872 4954 τῷ

257 4977 511 5049 σώματί
563 4977 716 5027 ἐστιν
749 4977 927 5045 ἡμῶν,
964 4977 1210 5046 οἴδαμεν,
1242 4977 1302 5029 τὸ
1348 4977 1402 5031 δὲ
1444 4977 1563 5039 πῶς
1596 4979 1697 5030 οὐκ
1726 4978 1872 5030 οἴδα-

258 5092 396 5145 μεν.
442 5071 564 5123 Καὶ
601 5069 682 5121 ὅτι
714 5069 810 5138 μὲν
839 5069 998 5131 άῦὶός
1028 5072 1146 5123 ἐστι
1183 5072 1276 5122 καὶ
1320 5069 1608 5138 ἀσώματος
1635 5071 1668 5140 ἡ
1700 5069 1868 5140 ψυχὴ,

252 5163 390 5217 οἶδα
435 5161 684 5230 (ἡκουσα
718 5159 870 5227 γὰρ),
912 5158 984 5225 τίξ
1020 5159 1076 5210 δὲ
1128 5160 1187 5211 1:6
1232 5153 1372 5221 εἶδος
1425 5158 1594 5227 αὐτῆς
1649 5161 1743 5210 καὶ
1771 5174 1870 5210 πο-

253 5254 431 5323 ταπὴ
489 5252 597 5320 τὴν
633 5250 843 5312 οὐσίαν,
889 5250 988 5302 ούκ
1036 5246 1176 5313 οἶδα,
1221 5249 1304 5302 ὄτι
1350 5250 1440 5302 καὶ
1468 5248 1873 5316 άνερμήνευτον

251 5347 441 5398 τοῦτο
492 5341 804 5410 μεμένηκε.
865 5340 988 5403 Πῶς
1037 5341 1146 5410 γὰρ
1196 5341 1262 5393 ἂν
1309 5340 1405 5393 καὶ
1464 5341 1629 5408 εἰδείη
1660 5355 1744 5400 τις
1774 5338 1872 5407 τὴν

254 5439 394 5493 κατ’
450 5434 646 5488 εἰκόνα
707 5435 1018 5487 κτισθεῖσαν
1057 5433 1148 5488 τοῦ
1192 5433 1553 5504 άπερινοήτου
1592 5432 1686 5484 καὶ
1731 5433 1872 5484 ἀκα-

251 5531 576 5598 ταλήπτου
610 5525 786 5590 Θεοῦς
833 5526 956 5576 Ἐὰν
1001 5527 1035 5595 ἡ
1071 5526 1170 5596 τῆς
1200 5526 1380 5595 ψυχῆς
1410 5523 1567 5578 ούσία
1591 5523 1870 5589 κατελαμο

255 5625 504 5683 ὁάνετο,
544 5617 992 5686 κατελαμϐάνετο
1041 5619 1105 5670 ἂν
1150 5621 1244 5672 καὶ
1277 5617 1411 5671 αὐτὸ
1441 5617 1501 5670 τὸ
1539 5616 1636 5685 τῆς
1664 5615 1871 5676 εἰκόνος

259 5715 682 5771 οιτοιινιςότυπον⁹
739 5714 788 5762 εί
831 5711 888 5761 δὲ
940 5711 998 5764 τὸ
1053 5712 1408 5773 πρωτότυπον
1459 5709 1864 5773 ἀκατάὶηπτον,

1978 3166 2099 3219 dem
2141 3167 2193 3216 in
2226 3165 2293 3218 iis
2328 3180 2556 3232 quorum
2595 3179 2725 3218 sana
2762 3174 3016 3232 recteque
3049 3165 3242 3218 atl‘ecta
3271 3175 3400 3220 sunt
3433 3182 3558 3218 cor-

1977 3271 2109 3326 pora
2139 3255 2432 3309 etIit-aciter
2468 3255 2615 3325 agit,
2667 3271 2790 3310 eum
2827 3257 2882 3310 in
2939 3256 3098 3321 aliis,
3145 3258 3238 3324 qui
3287 3257 3558 3310 iaculantis

1979 3350 2099 3419 ejus
2127 3349 2432 3402 artiﬁciosa:
2454 3364 2561 3402 non
2601 3357 2729 3402 sunt
2755 3365 3004 3417 capaces,
3031 3350 3202 3404 otiosa
3240 3351 3306 3403 sit
3331 3365 3392 3402 ac
3419 3350 3556 3402 nilnil

1979 3439 2202 3492 omnino
2239 3436 2507 3507 perﬁciat.
2545 3435 2663 3491 Non
2697 3447 2876 3490 tamen
2912 3440 3027 3505 ipsa
3067 3447 3319 3505 respectu
3351 3437 3432 3489 sui
3465 3437 3558 3490 lae-

1987 3530 2156 3592 ditur,
2193 3528 2648 3598 quemadmodum
2681 3529 2938 3582 extrariis
2959 3527 3279 3596 quibusdam
3319 3528 3556 3596 philoso-

1979 3619 2105 3689 phis
2135 3622 2313 3675 visum
2363 3619 2485 3673 fuit.
2522 3618 2656 3674 Nam
2689 3619 2731 3672 si
2784 3621 3022 3675 maxime
3049 3621 3328 3688 cujusdam
3361 3621 3564 3673 instru-

1984 3713 2150 3765 menti
2207 3713 2488 3768 harmonia
2525 3727 2744 3781 quoquo
2789 3715 2951 3766 modo
3007 3723 3410 3781 corrumpatur,
3453 3729 3560 3764 non

1987 3815 2168 3858 tamen
2196 3806 2423 3858 omnino
2448 3804 2601 3872 sequi
2623 3819 2846 3858 necesse
2869 3813 2955 3858 est
2982 3813 3043 3858 ut
3073 3819 3164 3859 ars
3207 3805 3374 3872 ipsius
3400 3805 3562 3857 etiam

1984 3896 2212 3949 artilicis
2239 3904 2528 3963 propterea
2562 3895 2788 3962 periisse
2809 3904 3103 3949 statuatur.
3121 3895 3321 3947 Adesse
3343 3895 3562 3961 quidem

1987 3989 2041 4040 in
2076 4001 2304 4054 corpore
2332 3985 2568 4039 animam
2622 3987 2747 4040 novi
2785 3995 2882 4040 :at
2923 3985 3014 4055 qui
3059 4001 3146 4038 res
3193 3986 3441 4052 corporis
3471 4001 3561 4037 ex-

1985 4093 2113 4144 pers
2153 4076 2205 4131 in
2237 4092 2468 4143 corpore
2503 4077 2595 4140 sit,
2641 4079 2852 4144 ignoro.
2887 4067 3000 4130 Non
3041 4078 3185 4132 enim
3239 4077 3562 4146 imperitiam

1986 4169 2087 4224 hac
2115 4171 2165 4223 in
2196 4177 2348 4239 parte
2379 4185 2552 4222 meam
2589 4170 2740 4223 fateri
2774 4185 2859 4222 nte
2898 4171 3082 4238 pudet.
3121 4170 3332 4238 Quippe
3363 4172 3406 4223 si
3441 4171 3562 4237 quis

1985 4276 2104 4314 eam
2132 4261 2280 4314 dicat
2316 4275 2615 4329 expansam
2666 4276 2787 4314 esse
2821 4276 2915 4327 per
2951 4270 3120 4315 totam
3169 4261 3410 4328 corporis
3443 4277 3563 4314 mo-

1985 4351 2112 4414 lem,
2143 4350 2284 4404 sicut
2313 4351 2737 4420 Chrysostomus
2754 4351 2849 4415 ait,
2880 4354 2932 4404 id
2962 4352 3137 4420 ipsum
3166 4351 3372 4405 ratione
3393 4365 3561 4408 cauet.

1983 4444 2114 4498 Nam
2171 4443 2275 4498 tale
2313 4444 2574 4513 quiddam
2631 4446 2955 4514 corporibus
2996 4455 3079 4498 est
3137 4446 3446 4514 proprium;
3499 4464 3563 4500 ac

1983 4533 2288 4602 praesertim
2343 4534 2390 4587 si
2425 4535 2644 4588 extendi
2679 4550 2803 4604 cum
2855 4535 2998 4590 mole
3037 4537 3282 4604 corporis
3326 4537 3560 4598 dicatur,

1983 4625 2145 4677 etiam
2181 4634 2506 4694 sequeretur
2539 4641 2658 4679 eam
2692 4642 2794 4679 una
2837 4627 3094 4697 resecari,
3126 4631 3340 4695 quoties
3370 4646 3561 4682 manus

1984 4725 2148 4784 atque
2182 4716 2349 4786 pedes
2377 4726 2752 4784 amputantur.
2802 4718 2872 4770 At
2921 4717 3065 4770 enim
3100 4729 3403 4772 statuamus
3438 4735 3559 4772 eam

1982 4821 2083 4874 per
2118 4822 2318 4875 corpus
2353 4807 2670 4860 universum
2717 4822 2824 4858 non
2875 4822 2996 4860 esse
3031 4823 3300 4873 sparsam,
3329 4811 3422 4864 sed
3453 4827 3558 4863 una

1982 4897 2215 4964 quadam
2252 4897 2423 4965 ipsius
2455 4895 2512 4948 in
2563 4906 2716 4964 parte
2765 4897 3073 4952 collectam.
3111 4897 3190 4953 Ita
3230 4915 3357 4953 vero
3405 4902 3556 4969 sequi

1980 5000 2207 5039 necesse
2258 4997 2342 5039 est
2389 4994 2446 5038 ut
2496 4985 2737 5037 membra
2774 4986 2982 5055 reliqua
3024 4986 3135 5039 sint
3163 5002 3393 5044 mortua.
3421 4986 3557 5041 Nam

1981 5077 2125 5145 quod
2159 5090 2358 5143 expers
2389 5082 2472 5128 est
2503 5074 2727 5136 animae,
2767 5091 2989 5145 prorsus
3035 5089 3309 5132 mortuum
3341 5088 3459 5141 est;
3505 5078 3560 5132 id

1981 5167 2124 5234 quod
2156 5167 2245 5220 hic
2292 5165 2396 5220 dici
2427 5165 2636 5234 nequit.
2669 5164 3034 5232 Quamobrem
3087 5184 3211 5223 esse
3241 5169 3458 5238 quidem
3497 5171 3560 5221 il-

1981 5260 2086 5312 lam
2142 5260 2194 5311 in
2245 5271 2473 5325 corpore
2509 5269 2697 5313 nostro
2749 5261 2985 5326 scimus,
3041 5271 3094 5314 at
3137 5279 3247 5330 quo
3279 5273 3440 5330 pacto
3488 5262 3561 5313 sit

1982 5348 2317 5419 ignoramus.
2355 5347 2543 5401 Itidem
2574 5349 2806 5406 animam
2843 5362 3122 5418 expertem
3156 5367 3279 5406 esse
3314 5350 3556 5404 materiai

1981 5454 2267 5502 crassatum;
2301 5441 2680 5508 incorpoream
2711 5441 2846 5507 seio,
2873 5443 3092 5507 quando
3121 5445 3190 5495 ita
3227 5457 3284 5495 se
3314 5457 3424 5496 rem
3457 5441 3523 5492 ha
3545 5469 3558 5480 -

1982 5530 2112 5582 here
2145 5529 2328 5598 accepi
2357 5547 2368 5581 :
2400 5546 2586 5583 verum
2616 5546 2734 5599 quae
2768 5531 2838 5584 sit
2863 5531 2979 5598 ejus
3005 5533 3215 5601 species
3244 5531 3359 5584 sive
3384 5529 3556 5582 forma

1985 5620 2068 5671 vel
2095 5619 2271 5686 qualis
2305 5621 2540 5674 essentia
2563 5663 2576 5687 ,
2610 5623 2750 5677 scire
2781 5639 3022 5690 nequeo.
3058 5624 3267 5689 Quippe
3307 5637 3415 5673 non
3462 5630 3559 5688 po-

1983 5718 2085 5762 test
2131 5710 2231 5763 hoc
2279 5713 2525 5766 oratione
2577 5714 2894 5770 cuiusquam
2943 5716 3221 5773 e\pli(".tt‘i.
3275 5712 3407 5764 Nam
3461 5715 3552 5768 «tui

2985 5905 3035 5949 ο
