3862 6228
382 321 484 387 155
803 305 806 307 ⁷
1608 310 1969 375 MICIIAELI

2074 312 2317 373 SLYC/E
3517 305 3612 377 156

375 449 604 491 cernere
634 433 758 503 quis
793 448 911 487 eam
964 433 1159 502 possit,
1192 446 1311 500 quae
1354 430 1570 485 condita
1600 440 1683 485 cst
1713 431 1777 485 ad
1814 430 1950 484 ima-

2074 430 2439 499 ικατάληπτος
2489 420 2548 491 ἒξ
2597 426 2839 497 ἀνάγκης
2890 428 2987 483 καὶ
3042 428 3074 498 ἡ
3102 424 3212 499 τοῦ
3259 427 3615 498 πρωτοτύπιυ

377 531 560 600 ginem
590 527 705 591 Dei,
734 540 893 594 quem
926 539 1029 578 nec
1062 522 1436 589 intelligentia
1478 522 1527 575 vi
1573 537 1676 576 nec
1702 523 1809 577 ulla
1833 538 1957 593 per-

2074 523 2246 575 είκών.
2286 518 2481 572 Ἔνθεν
2529 535 2613 572 τοι
2647 520 2741 572 καὶ⁵
2771 518 2940 572 πολλά
2975 518 3072 587 μιν
3096 518 3466 589 ὲφιλοσοφήθη
3496 521 3619 600 περὶ

377 598 631 691 ceptione
660 616 1126 685 comprehendere
1144 614 1478 685 possumus?
1506 613 1723 684 Quippe
1755 615 1800 669 si
1829 615 1952 668 ani—

2074 610 2256 681 ιὺτῆς,
2284 610 2457 673 οὐδεὶς
2511 606 2568 663 δὲ
2602 610 2703 679 τὴν
2733 609 2936 678 ταύτης
2963 609 3152 662 οὐσίαν
3181 608 3422 680 ἠδυνήθη
3454 598 3616 663 κατα-

377 726 482 765 ιηω
527 707 922 777 comprehendi
976 714 1159 775 posset
1214 706 1491 770 essentia,
1537 713 1720 774 posset
1769 705 1956 760 itidem

2074 700 2323 755 λαϐέσθαι
2380 703 2533 768 ποτε,
2578 700 2700 755 κατ’
2756 701 2962 766 εἰκόνα,
2995 701 3069 764 ὡς
3104 702 3344 769 εἴρηται,
3384 703 3616 755 κτισθεῖ-

379 800 637 871 imaginis
671 813 892 868 quoque
942 798 1193 867 princeps
1226 800 1504 866 exemplar
1538 796 1955 865 comprehendi.

2074 809 2167 846 raw
2197 791 2291 844 τοῦ
2325 792 2710 861 ἀκαταλήπτου
2737 794 2832 845 καὶ
2865 795 3226 863 ἀπερινοήτου
3262 793 3429 850 Θεοῦ.
3468 794 3623 847 ’Δὶλά

378 893 448 945 At
477 893 522 945 si
560 890 755 960 nequit
782 890 1065 958 exemplar
1090 887 1222 941 illud
1262 887 1516 956 princeps
1543 874 1959 956 comprehendi,

2074 886 2157 937 καὶ
2209 883 2484 937 παιδεύων
2518 884 2665 951 ἡμᾶς
2718 884 2747 935 ὁ
2804 882 2938 946 Θεὸς
2985 882 3127 937 ὥστε
3181 885 3436 939 ταπεινὸν
3482 883 3622 955 ἔχειν

376 982 544 1037 etiam
608 980 919 1035 necessario
953 988 1214 1047 sequetur
1242 978 1527 1046 imaginem
1557 978 1675 1046 ejus
1704 977 1965 1031 consimi-

2074 975 2320 1044 φρόνημα
2370 976 2464 1029 καὶ
2501 977 2577 1044 μὴ
2620 973 2688 1026 τά
2721 974 2851 1042 περὶ
2880 974 3028 1044 ἡμᾶς
3072 975 3206 1036 ὅλως
3237 973 3623 1043 φαντάζεσθαι,

378 1070 505 1123 liter
550 1070 946 1138 comprehendi
990 1082 1097 1121 non
1129 1082 1310 1135 posse.
1348 1067 1461 1131 Qua
1500 1066 1569 1121 de
1616 1080 1781 1121 causa
1818 1067 1878 1121 ﬁt
1909 1075 1966 1121 ut

2074 1067 2324 1137 τοιαύτην
2357 1067 2737 1136 ἀκαταληψίαν
2771 1066 2995 1137 ἐνέθηκε
3039 1069 3104 1135 τῇ
3138 1066 3308 1136 ψυχῇ.

381 1163 599 1216 tametsi
634 1162 798 1215 multa
834 1161 988 1215 multi
1027 1161 1093 1214 de
1140 1175 1201 1213 ca
1268 1159 1617 1213 commentati
1660 1160 1807 1222 sint,
1873 1172 2034 1213 nemo
2073 1167 2253 1213 tamen
2281 1160 2576 1215 essentiam
2622 1159 2795 1229 ipsius
2819 1173 3054 1227 unquam
3080 1158 3184 1228 73
3217 1160 3499 1228 percipere
3531 1174 3629 1228 po-

382 1256 573 1319 tuerit,
605 1253 903 1313 conditam.
959 1260 1018 1306 ut
1049 1252 1253 1305 dictum
1290 1260 1376 1305 est
1399 1291 1415 1314 ,
1453 1250 1520 1303 ad
1549 1249 1842 1319 imaginem
1874 1250 1970 1304 Dei
2008 1250 2250 1306 neminis
2311 1250 2641 1320 cogitatione
2686 1265 2749 1304 ac
2826 1250 3177 1322 intelligentia
3218 1252 3629 1321 comprehensi-

382 1345 536 1400 bilis.
591 1344 737 1399 Deus
766 1343 987 1414 quidem
1022 1351 1171 1397 certe
1236 1356 1338 1395 nos
1375 1343 1651 1410 castigans
1681 1350 1735 1395 et
1769 1342 2042 1405 erudiens,
2087 1351 2147 1396 ut
2174 1343 2355 1397 animo
2389 1342 2624 1397 demisso
2650 1343 2821 1398 simus
2867 1358 2971 1397 nec
3020 1344 3498 1416 imaginationibus
3536 1360 3633 1398 no-

384 1438 514 1492 stris
544 1437 732 1492 omnia
767 1451 885 1505 quze
914 1436 970 1490 in
1017 1435 1175 1489 nobis
1221 1444 1349 1489 sunt
1380 1433 1668 1503 complecti
1715 1433 1967 1500 velimus,
2005 1432 2313 1505 huiusmodi
2347 1435 2636 1505 quamdam
2676 1434 3062 1494 obscuritatem
3120 1434 3491 1506 perceptionis
3516 1432 3631 1488 ani-

385 1546 488 1585 ma:
516 1530 729 1584 indidit.
2208 1569 2213 1573 -
3126 1561 3131 1567 ~
3660 1549 3678 1605 ι,

456 1622 556 1697 llic
592 1632 772 1676 autem
798 1619 1039 1680 animum
1066 1618 1223 1683 mihi,
1274 1619 1471 1675 dilecte
1515 1619 1612 1684 liii,
1660 1617 1956 1674 advertito.

2135 1621 2375 1691 Πρόσεχε
2421 1621 2499 1684 δὲ,
2530 1620 2809 1690 ἀγαπητέ.
2844 1617 3061 1682 Φθάσας
3106 1617 3209 1688 μὲν
3253 1618 3362 1691 γὰρ
3390 1620 3418 1674 δ
3475 1619 3630 1688 λόγος

388 1713 606 1769 Dictum
650 1721 737 1767 est
765 1726 928 1781 supra
962 1711 1017 1765 in
1051 1711 1175 1765 alvo
1214 1720 1459 1766 materna
1488 1710 1667 1765 subito
1700 1711 1958 1775 animam,

2074 1713 2268 1780 ίδειξεν
2306 1716 2389 1768 ὅτι
2424 1714 2619 1785 ἀθρόον
2667 1715 2728 1768 ἐν
2778 1715 2855 1784 τῇ
2917 1713 3101 1785 μήτρᾳ
3126 1713 3160 1783 ἠ
3198 1713 3498 1776 θεοείκελος
3556 1712 3629 1783 τῷ

385 1822 506 1875 quae
537 1805 631 1860 Dei
663 1805 830 1859 refert
859 1804 1174 1875 imaginem,
1212 1820 1319 1858 una
1372 1819 1496 1859 cum
1547 1817 1776 1873 corpore
1820 1803 1962 1856 exsi-

385 1905 552 1961 stere.
582 1906 743 1965 atque
781 1896 886 1950 hoc
923 1904 1082 1965 pacto
1112 1895 1313 1949 animal
1339 1910 1505 1949 unum
1548 1895 1711 1965 idque
1737 1907 1961 1964 compo—

387 1989 552 2044 situm
583 1987 818 2051 absolvi,
858 2001 1019 2055 quem
1051 1987 1333 2041 hominem
1365 1986 1624 2042 dicimus.
1672 1986 1804 2043 Esse
1831 1987 1962 2041 item

388 2080 532 2132 hanc
564 2077 868 2131 unitiouern
899 2075 1269 2144 personalem,
1300 2074 1560 2129 nimirum
1597 2075 1961 2130 exsistentem

388 2170 645 2238 utrinque
678 2178 998 2222 naturarum
1029 2166 1369 2221 diversarum
1424 2169 1477 2221 in
1504 2183 1698 2222 .unum
1734 2181 1964 2223 concur-

388 2260 620 2313 sionem.
648 2258 817 2328 lgitur
855 2273 962 2328 quo
991 2267 1149 2325 pacto
1183 2273 1380 2328 corpus
1412 2268 1467 2313 et
1487 2259 1667 2313 anima
1697 2260 1878 2314 subito
1904 2259 1962 2315 in

388 2350 511 2403 alvo
548 2359 790 2403 materna
814 2356 1175 2410 concurrunt,
1227 2348 1419 2402 eodem
1453 2364 1671 2418 quoque
1715 2364 1902 2404 rursus
1932 2365 1963 2403 a

390 2454 449 2493 se
473 2438 705 2491 invicem
733 2436 913 2491 subito
936 2437 1127 2491 mortis
1149 2448 1391 2504 tempore
1413 2437 1760 2492 dirimuntur.
1786 2438 1963 2503 Quare

389 2527 434 2583 si
467 2527 589 2595 quis
613 2526 890 2582 existimat
922 2526 1156 2579 animam
1211 2539 1242 2579 e
1272 2540 1498 2596 corpore
1531 2527 1785 2595 paulatim
1827 2538 1963 2581 tem-

391 2633 520 2687 pore
553 2618 746 2673 mortis
768 2619 1033 2672 excedere
1059 2625 1367 2686 propterea,
1416 2619 1561 2686 quod
1595 2618 1962 2672 membrorum

389 2719 650 2764 extremae
678 2719 862 2779 partes
894 2708 947 2762 in
981 2709 1048 2763 iis
1094 2709 1186 2778 qui
1246 2709 1427 2763 subito
1479 2724 1589 2763 non
1619 2710 1963 2765 emoriuntur

391 2800 552 2870 plane
583 2799 821 2867 {rigeant
847 2813 911 2853 ac
960 2813 1181 2853 sensum
1237 2800 1514 2861 amittant,
1565 2808 1821 2867 tanquam
1857 2799 1963 2854 sia

396 2891 640 2959 corporis
665 2890 1109 2945 extremitatibus
1139 2889 1405 2959 inciperet
1456 2906 1578 2946 sese
1636 2890 1963 2947 contrahere

393 2983 769 3053 paulatimque
800 2983 967 3038 veluti
995 2984 1341 3047 convolvere,
1402 2994 1463 3037 ut
1515 2993 1865 3053 posteaquam
1895 2983 1963 3037 ad

2070 1808 2283 1879 σώματι
2315 1806 2808 1880 συμπαρυφίστατο
2856 1805 3022 1878 ψυχὴ,
3060 1802 3358 1860 κάντεῦθεν
3402 1804 3462 1859 ἒν
3494 1806 3629 1869 ζῶιν

2070 1899 2324 1955 σύνθετον
2371 1898 2718 1953 ἀποτελεῖται
2749 1896 3111 1968 ὁίάνθρωπος.
3154 1897 3264 1950 Καὶ
3303 1895 3448 1953 τοῦτ’
3481 1895 3630 1951 ἔστιν

2068 1991 2249 2065 ἠκαθ’
2284 1992 2582 2047 ὑπόστασιν
2610 1991 2829 2056 ἓνωσις,
2852 1988 3027 2043 *τοῦτ’
3078 1989 3225 2044 ἐστιν
3258 1989 3292 2059 ἡ
3326 1987 3631 2058 ἀμφύπαρ-

2068 2103 2196 2149 κτος
2222 2084 2331 2138 τῶν
2353 2083 2681 2154 ἐτερουσίων
2710 2083 2833 2135 κατ’
2860 2080 3022 2134 αὐτὸν
3050 2077 3346 2150 συνδρομή.
3377 2078 3515 2134 Καθ’
3569 2081 3628 2134 δν

2068 2173 2252 2226 τοίνυν
2278 2172 2487 2240 τρόπον
2513 2168 2709 2239 ἀθρόον
2768 2166 3023 2238 ἀλλήλοις
3056 2169 3113 2222 ὲν
3147 2164 3213 2238 τῇ
3280 2167 3466 2238 μήτρᾳ
3507 2168 3632 2222 σύν-

2066 2252 2323 2335 τρέίουσι
2355 2262 2414 2314 τό
2442 2278 2504 2313 τε
2545 2260 2704 2329 σῶμα
2739 2260 2892 2329 καὶὴ
2930 2258 3096 2329 ψυχὴ,
3154 2260 3297 2315 κατὰ
3346 2256 3436 2313 τδν
3468 2260 3631 2313 αὐτὸν

2070 2355 2226 2416 αὖθις
2254 2353 2447 2425 ἀθρόον
2494 2350 2739 2421 ἀλλήλων
2766 2350 3063 2405 διίστανται
3099 2350 3238 2406 κατά
3288 2367 3353 2419 γε
3380 2348 3481 2403 τὸν
3514 2350 3630 2403 ’τοῦ

2071 2444 2302 2499 θανάτου
2334 2442 2548 2512 καιρόν.
2587 2441 2647 2494 '0
2681 2439 2862 2493 τοίνυν
2887 2439 3135 2509 οἰόμενος
3163 2439 3262 2510 τὴν
3291 2439 3469 2509 ψυχὴν
3489 2440 3630 2493 κατά

2073 2536 2245 2609 βραχὺ
2281 2534 2376 2588 τοῦ
2426 2533 2675 2603 σώματος
2705 2532 3087 2601 ὑπαναχωρείν
3140 2532 3198 2585 ὲν
3234 2531 3311 2601 τῷ
3340 2532 3432 2584 τοῦ
3467 2530 3630 2584 θανά-

2070 2646 2166 2683 του
2203 2627 2380 2697 καιρῷ
2408 2625 2497 2679 διὰ
2524 2625 2586 2678 τὸ
2632 2623 2973 2693 κατεψῦχθαι
3011 2640 3074 2676 τε
3127 2623 3223 2677 καὶ
3281 2622 3631 2677 παντάπασιν

2072 2720 2417 2791 ἀναισθητεῖν
2454 2718 2524 2771 τά
2551 2717 2693 2788 ἀκρα
2717 2717 2825 2770 τῶν
2863 2716 2938 2788 μὴ
2966 2716 3202 2783 ιξάπινα
3230 2714 3623 2779 τελευτώντων,

2070 2812 2260 2884 ὥσπερ
2306 2809 2413 2866 ἀπὸ
2449 2809 2559 2863 τῶν
2590 2807 2845 2879 περάτων
2893 2807 2987 2861 τοῦ
3037 2807 3288 2876 σώματος
3322 2808 3630 2879 ἀρχομένης

2070 2905 2244 2976 αὐτῆς
2272 2902 2658 2957 συστέλλεσθαι
2689 2902 2783 2956 καὶ⁵
2808 2903 2952 2955 κατά
2989 2901 3153 2970 μέρος
3187 2900 3512 2966 ἑλίττεσθαι,
3542 2900 3630 2953 ινα

2071 2995 2293 3049 ἐπειδὰν
2326 2994 2425 3065 ὅλη
2457 2992 2592 3065 πρὸς
2618 2991 2718 3061 τὴν
2783 2990 3017 3062 καρδίαν
3064 2989 3425 3062 συσπειραθῇ,
3463 2992 3491 3044 ὀ
3516 3006 3630 3043 τοι·

393 3088 491 3128 eor
523 3082 628 3127 tota
652 3073 878 3128 collecta
918 3072 1102 3136 fuerit,
1156 3072 1340 3128 subito
1393 3073 1521 3129 inde
1551 3066 1812 3138 ellietur,’
1838 3089 1961 3128 om-

2074 3086 2220 3150 οὗτος
2250 3086 2567 3157 ἡπάτηταν
2613 3086 2677 3139 οὐ
2713 3084 2822 3156 γὰρ
2880 3081 3056 3147 οὓτως
3098 3082 3233 3153 ἔχει,
3276 3077 3390 3137 ἀλλ’
3438 3078 3631 3151 ὥσπερ

394 3164 528 3217 nino
558 3163 606 3219 is
639 3165 901 3234 opinione
943 3178 1042 3219 sua
1099 3165 1332 3223 fallitur.
1387 3164 1600 3233 Quippe
1655 3180 1746 3220 res
1788 3179 1856 3219 eo
1905 3179 1966 3220 se

392 3265 554 3325 pacto
578 3270 689 3310 non
724 3256 909 3323 habet,
938 3258 1034 3311 sed
1059 3257 1516 3326 quemadmodum
1539 3257 1676 3311 citra
1704 3256 1967 3326 temporis

394 3348 745 3402 intervallum
764 3349 956 3404 elucet
982 3349 1165 3403 anima
1203 3348 1260 3402 in
1311 3362 1562 3417 corpore,
1612 3348 1745 3401 solis
1793 3347 1968 3401 instar

394 3452 521 3492 aera
558 3439 741 3493 subito
765 3436 1162 3504 collustrantis,
1213 3437 1408 3492 eodem
1458 3437 1620 3492 modo
1646 3438 1810 3491 etiam
1844 3437 1969 3491 inde

396 3528 597 3583 avolat.
626 3529 994 3593 Quamobrem
1026 3543 1127 3583 nec
1153 3529 1486 3591 extenditur,
1522 3541 1581 3582 ut
1605 3528 1860 3599 superius
1882 3529 1969 3582 in-

399 3621 738 3687 tlicabamus,
801 3635 903 3676 nec
932 3620 1339 3675 dimensioncm
1397 3619 1680 3675 admittit:
1732 3620 1827 3675 sed
1859 3627 1971 3676 tota

401 3718 574 3765 totum
602 3726 802 3781 corpus
831 3712 1081 3767 animans
1107 3712 1470 3768 nihilominus
1521 3712 1871 3782 peculiariter
1902 3728 1969 3768 ex

400 3817 461 3856 se
493 3803 765 3859 consistit.
807 3802 946 3868 Quid
982 3811 1068 3858 est
1092 3813 1276 3859 autem
1298 3804 1441 3873 quod
1471 3805 1782 3859 extenditur
1809 3804 1967 3858 simul

400 3910 524 3949 cum
553 3910 785 3961 corpore
815 3905 870 3950 et
904 3896 1082 3967 ipsum
1110 3896 1365 3951 animat?
1424 3897 1630 3951 Natura
1667 3904 1722 3951 et
1746 3895 1857 3951 vita
1892 3911 1971 3950 ra-

403 3986 568 4041 tionis
601 4001 815 4056 expcrs.
850 3986 1037 4057 Neque
1069 3988 1296 4044 decebat
1321 3987 1375 4042 in
1402 4001 1588 4042 crasso
1614 3987 1817 4041 versari
1848 4003 1971 4043 cor-

402 4092 535 4145 pore
586 4079 843 4144 animam,
902 4079 1107 4148 absque
1168 4080 1348 4132 medio
1408 4079 1645 4148 quodam
1706 4080 1971 4135 extremis

405 4179 656 4240 cognato.
689 4170 806 4240 Ipsa
844 4172 1063 4240 quidem
1124 4181 1252 4226 ante
1305 4173 1730 4241 exspirationem
1761 4182 1975 4243 postre-

407 4278 552 4317 mam
585 4277 690 4316 una
743 4277 865 4317 eum
927 4263 1362 4318 extremitatibus
1422 4266 1806 4334 exstinguitur,
1862 4280 1973 4321 non

2068 3177 2310 3251 ἀχρόνως
2340 3176 2639 3245 ἐπιλάμπει
2667 3174 2743 3242 τῷ
2786 3175 2999 3243 σώματι
3036 3174 3190 3244 δίκην
3217 3172 3370 3245 ἡλίου
3400 3170 3633 3238 ἐξάπινα

2067 3269 2158 3322 τὸν
2180 3268 2320 3341 ἀέρα
2348 3267 2845 3335 καταφωτίζοντος,
2880 3264 3022 3320 κατά
3044 3265 3136 3319 τὸν
3169 3264 3337 3319 αὐτὸν
3364 3264 3635 3333 λόγονκαὶ

2070 3361 2281 3414 ἐκεῖθεν
2306 3361 2634 3429 ἀφίπταται.
2681 3358 2892 3413 Οὗκουν
2920 3359 3224 3412 ἐκτείνεται
3278 3359 3457 3421 τοῦτο,
3485 3359 3632 3412 καθά

2069 3451 2276 3506 ἄνωθεν
2305 3453 2554 3520 εἴπομεν,
2586 3449 2707 3504 οὐδὲ
2739 3449 3034 3514 διίσταται,
3068 3449 3206 3503 ἀλλά
3261 3450 3357 3502 καὶ
3392 3450 3515 3503 ὅλον
3560 3447 3632 3503 δι’

2068 3543 2189 3597 ὅλου
2216 3544 2462 3615 ψυχοῦσα
2493 3543 2645 3598 οὐδὲν
2674 3537 2836 3615 ἦττον
2868 3542 2957 3612 ἐφ’
2983 3542 3179 3611 ἑαυτῆς
3220 3541 3443 3610 ἔστηκε.
3473 3542 3539 3596 Τί
3569 3543 3627 3597 δι

2070 3633 2267 3687 ἔστιτὸ
2299 3633 2762 3703 συνεκτεταμένον
2789 3630 2868 3700 τῷ
2894 3627 3106 3701 σώματι
3133 3630 3229 3685 καὶ
3255 3628 3428 3694 ζωοῦν
3456 3630 3629 3699 adeo;

2083 3721 2144 3777 Ἢ
2180 3724 2341 3795 φύσις
2369 3723 2463 3776 καὶ
2492 3724 2525 3795 η
2555 3722 2748 3790 ἄλογος
2777 3720 2916 3792 ζωή.
2945 3721 3081 3775 Οὐδὲ
3113 3722 3221 3791 γάρ
3256 3716 3324 3792 ἦν
3357 3720 3635 3792 εὐπρεπὲς

2068 3813 2148 3885 τῷ
2172 3815 2339 3883 παχεῖ
2367 3812 2770 3882 προσομιλῆσαι
2806 3811 3023 3882 σώματι
3054 3811 3153 3882 τὴν
3186 3811 3365 3883 ψυχὴν
3391 3811 3525 3865 ἄνευ
3551 3829 3633 3866 τι·

2070 3906 2158 3971 νδς
2192 3905 2507 3977 προσφυοῦς
2564 3907 2674 3968 τοῖς
2708 3904 2898 3975 ἄκροις
2948 3904 3265 3975 μεσότητος.
3318 3904 3429 3957 Καὶ
3490 3904 3631 3968 αὕτη

2073 3999 2176 4068 μὲν
2204 4000 2311 4068 πρὸ
2339 3997 2439 4068 τῆς
2474 3996 2770 4060 παντελοῦς
2827 3994 3222 4058 ἀποπνεύσεως
3273 3998 3387 4059 τοῖς
3449 3997 3636 4067 ἀκρω-

2071 4091 2279 4160 τηρίοις
2315 4089 2835 4152 συναποσὸέννυται,
2867 4088 2928 4139 ού
2964 4086 3072 4159 μὴν
3100 4086 3305 4140 ἐκεῖθεν
3340 4087 3634 4158 ὑποχωρεῖ.

2073 4176 2182 4236 Ἦν
2217 4183 2326 4254 γὰρ
2361 4182 2427 4236 ἂν
2461 4180 2727 4244 ἀθάνατος
2780 4180 3189 4250 ἐπανερχομένη
3228 4178 3367 4250 πρὸς
3413 4181 3636 4252 ἑαυτήν.

2089 4272 2153 4325 Ἦ
2177 4272 2233 4325 δέ
2264 4289 2325 4339 γε
2355 4272 2503 4342 ψυχὴ
2536 4270 2633 4324 τοῦ
2669 4270 2835 4341 μέσου
2860 4270 3054 4323 τούτου
3108 4269 3309 4340 δεσμοῦ
3357 4270 3638 4325 διαλυθέν·

403 4355 530 4410 inde
555 4354 753 4426 migrat
782 4375 794 4409 :
824 4356 965 4408 foret
993 4356 1138 4409 enim
1180 4356 1520 4423 immortalis,
1542 4357 1586 4410 si
1616 4357 1681 4411 ad
1712 4372 1769 4411 se
1797 4357 1969 4427 ipsam

2074 4380 2186 4428 τος,
2226 4363 2415 4431 ὥσπερ
2440 4366 2497 4417 ὲν
2529 4362 2786 4434 ἀτόμφῆ
2835 4364 2972 4434 ῥιπῇ
3019 4359 3327 4431 ὀφθαλμοῦ,
3385 4364 3414 4416 ὅ
3472 4381 3641 4434 φησιν

402 4446 778 4516 colligeretur.
810 4448 880 4501 At
907 4447 1010 4501 hoc
1044 4447 1371 4501 intermedio
1405 4447 1623 4500 vinculo
1678 4446 1964 4513 dissoluto,

2074 4452 2425 4518 Ἀπόστολος,
2492 4452 2587 4507 τοῦ
2636 4431 2898 4523 σωματος
2945 4431 3147 4519 leuat.
3222 4454 3330 4507 Καὶ
3400 4431 3640 4508 τοσαύτα

407 4546 661 4606 tanquam
704 4537 756 4591 in
788 4537 969 4605 spatio
1005 4537 1264 4604 temporis
1322 4535 1642 4605 impartihili
1697 4536 1781 4590 vel
1826 4536 1968 4590 oculi

405 4637 707 4691 momento,
767 4629 907 4684 sicut
932 4629 1225 4699 Apostolus
1280 4628 1543 4697 loquitur,
1569 4629 1751 4681 anima
1791 4643 1822 4681 e
1848 4642 1970 4683 cor-

406 4734 538 4789 pore
564 4719 816 4774 disccdit.
848 4719 909 4772 Et
939 4721 1202 4774 hactenus
1220 4721 1437 4787 quidem
1458 4719 1525 4773 de
1555 4719 1734 4773 anima
1763 4720 1970 4773 dictum

403 4821 544 4866 θειο.
1227 4860 1233 4865 .

475 4899 663 4955 Fuerit
694 4909 878 4956 autem
913 4901 1146 4966 pretium
1207 4915 1390 4970 opera:
1450 4901 1700 4954 nonnihil
1754 4917 1855 4957 nos
1906 4902 1973 4958 iis

406 4992 578 5047 etiam
608 4993 884 5047 immorari
911 5007 1034 5061 qua
1059 4993 1127 5047 de
1153 5006 1383 5062 corpore
1411 4993 1628 5062 quidam
1681 4994 1809 5048 olim
1863 4994 1974 5049 dis-

408 5094 737 5149 seruerunt;
780 5084 940 5152 idque
971 5083 1039 5137 de
1086 5098 1249 5137 causa
1294 5084 1635 5152 potissimum
1686 5100 1771 5148 ea,
1832 5085 1972 5153 quod

407 5187 506 5242 pro
528 5173 885 5243 dispositione
909 5173 1154 5243 corporis
1182 5182 1239 5227 et
1262 5173 1551 5228 affectione
1601 5176 1781 5227 anima
1838 5189 1975 5241 quo-

405 5279 513 5334 que
559 5265 909 5319 consueverit
965 5278 1149 5335 agere.
1213 5262 1347 5319 Nam
1390 5265 1845 5334 quemadmodum
1894 5252 2005 5319 sol!

409 5374 508 5429 pro
560 5359 706 5414 aeris
766 5360 883 5412 sive
948 5359 1199 5413 crassitie
1266 5357 1385 5413 sive
1442 5357 1743 5412 subtilitate
1795 5357 1976 5412 radius

408 5450 572 5504 etiam
598 5452 663 5504 ad
695 5465 796 5505 nos
825 5450 1070 5505 diversos
1101 5449 1325 5516 emittit,
1352 5450 1433 5504 sic
1460 5457 1516 5503 et
1542 5450 1722 5503 anima
1757 5449 1808 5502 vi
1837 5465 1975 5519 pra:-

408 5535 520 5589 dita
552 5535 929 5607 intelligentia:
961 5552 1058 5606 pro
1108 5537 1457 5592 instrumenti
1492 5538 1786 5593 ali'ectione
1820 5553 1975 5592 suam

410 5623 786 5680 ellicacitatem
818 5626 1081 5682 declarat.
1147 5627 1289 5682 llinc
1316 5629 1585 5697 quasdam
1633 5642 1754 5681 csse
1796 5627 1974 5680 fatuos

414 5713 679 5779 videmus,
705 5718 963 5783 quosdam
991 5736 1097 5776 non
1122 5721 1249 5776 item
1276 5737 1290 5787 ;
1338 5719 1465 5774 hinc
1499 5719 1632 5772 alios
1663 5717 1977 5772 somnolen-

2073 4546 2173 4615 μὲν
2224 4547 2253 4598 ὁ
2303 4544 2460 4614 λόγος
2510 4545 2614 4617 ἤδη
2670 4545 2913 4616 διείληφε
2975 4545 3105 4616 περὶ
3162 4544 3332 4616 αὐτῆς
3388 4545 3486 4615 τῆς
3535 4547 3638 4615 ψυ-

2069 4639 2191 4708 χῆς·
3386 4632 3394 4638 ’

2144 4900 2471 4965 Ἀναγκαῖον
2543 4895 2599 4949 δὲ
2646 4894 3063 4966 προσδιατριψαι
3116 4894 3312 4964 μικρὶν
3374 4896 3469 4949 καὶ⁸
3533 4900 3641 4959 τοῖς

2074 4990 2309 5043 ἔκπαλαι
2364 4989 2493 5061 περὶ
2545 4988 2711 5042 αὐτοῦ
2745 4986 3187 5057 φυσιολογηθεῖσι
3221 4986 3316 5039 τοῦ
3363 4988 3641 5057 σώματος.

2073 5082 2229 5143 Τίνος
2267 5067 2453 5133 ἕνεκεν
2481 5099 2496 5146 ;
2531 5080 2654 5134 Ὅτι
2677 5079 2819 5133 κατά
2846 5078 2951 5149 τὴν
2982 5077 3147 5132 αὐτοῦ
3178 5077 3420 5131 διάθεσιν
3447 5078 3640 5131 είωθεν

2075 5173 2279 5243 ἡψυχὴ
2308 5175 2577 5243 ἐνεργεῖν.
2633 5171 2902 5240 Καθάπερ
2935 5172 3044 5239 γὰρ
3093 5170 3122 5221 ὁ
3175 5168 3429 5239 λαμπρὸς
3480 5163 3641 5234 οὗτος

2074 5265 2224 5337 ἥλιος
2246 5264 2387 5318 κατά
2410 5264 2509 5335 τὴν
2542 5261 2636 5316 τοῦ
2683 5262 2843 5331 ἀέρος
2882 5261 2993 5314 εἴτε
3047 5260 3339 5331 παχύτητα
3389 5261 3500 5313 εἶτε
3557 5261 3642 5313 λε-

2080 5358 2319 5428 πτότητα
2352 5356 2488 5426 πρὸς
2522 5354 2675 5426 ἡμᾶς
2704 5353 2804 5416 τὰς
2836 5353 3061 5414 ἀκτῖνας
3091 5351 3342 5421 ἀφίησιν,
3373 5350 3519 5406 οὕτω
3548 5351 3641 5405 καὶ

2076 5449 2237 5517 νοερά
2259 5446 2406 5517 ψυχὴ
2437 5446 2579 5499 κατά
2606 5445 2706 5513 τὴν
2753 5442 2983 5513 ὀργάνου
3020 5441 3261 5495 διάθεσιν
3309 5442 3408 5513 τὴν
3437 5442 3642 5509 ἑαυτῆς

2075 5541 2358 5610 ἐνέργειαν
2413 5537 2710 5589 δείκνυσιν.
2779 5533 3057 5587 Ἐντεῦθεν
3096 5535 3191 5588 καὶ
3242 5536 3424 5604 μωρὸν
3494 5533 3639 5587 ἐστιν

2078 5631 2205 5684 ίδείν
2241 5629 2335 5682 καὶ
2376 5628 2450 5699 μὴ
2479 5623 2744 5690 τοιοῦτον,
2780 5622 3021 5694 ὑπνηλὸν
3073 5622 3169 5675 καὶ⁵
3201 5621 3497 5693 γρηγορον,
3546 5622 3642 5673 θυ-

2083 5716 2231 5786 μώδη
2284 5717 2378 5769 καὶ
2430 5715 2626 5786 πρᾶον,
2701 5711 2945 5783 ἀνδρεῖον
2993 5710 3084 5765 καὶ
3139 5709 3334 5781 δειλὸν,
3386 5714 3484 5766 καὶ
3544 5711 3643 5764 ὅπα
