3862 6228
199 341 294 408 157

1414 333 1507 392 AN
1526 332 1823 392 NALlUM
1865 335 2058 389 PARS
2100 336 2143 391 Ι.

3314 337 3414 392 1Ῑῶ

200 461 434 515 τοιαῦτα.
483 457 594 511 Καὶ
630 456 700 526 μὴ
756 454 918 524 μῦθον
970 451 1104 523 ἡγοῦ
1141 450 1210 502 τὰ
1262 451 1532 517 λεγόμενα
1559 465 1570 477 ·
1609 446 1749 516 ἔχεις

1871 460 1961 508 .os,
1992 443 2127 497 alios
2163 441 2485 511 vigilantes;
2514 442 2650 496 alios
2688 443 3002 502 iracundos,
3057 443 3193 496 alios
3222 442 3417 507 mites;

202 561 300 623 γὰρ
328 552 414 604 τὸν
437 551 686 620 Σιναϊτην
710 549 849 600 θετον
888 545 1238 597 ’Δναστάτιον
1268 542 1495 608 λέγοντα
1535 541 1611 608 μὴ
1657 539 1748 590 τὸν

204 646 325 697 Θεὸν
353 640 495 695 εἶναι
548 642 655 694 τῶν
683 638 935 693 τοιούτων
964 638 1157 698 αἴτιον,
1211 635 1382 704 αὐτὴν
1425 633 1482 685 δὲ
1549 633 1750 701 μᾶλλον

203 737 290 804 τὴν
321 733 482 801 φύσιν
507 735 603 785 καὶ
633 731 728 802 τὴν
766 730 873 782 τῶν
904 727 1188 796 τεσσάρων
1224 724 1504 793 στοιχείων
1532 724 1751 792 συνδρο-

206 827 303 894 μὴν
334 823 428 876 καὶ
451 823 789 876 συνέλευσιν.
824 821 923 873 ’Ἂν
956 821 1067 889 γὰρ
1098 818 1297 889 εὐρεθῇ
1332 816 1638 886 πλημμύρα
1658 815 1750 867 τοῦ

205 916 392 986 θερμοῦ
424 915 776 983 στοιχείουλὲν
799 916 865 982 τῇ
900 912 1019 982 ὥρα
1045 911 1146 978 τῆς
1198 909 1290 962 τοῦ
1347 907 1582 978 βρέφους
1625 906 1752 959 συλ-

204 1004 425 1070 λήψεως,
457 1002 667 1073 θερμῆς
727 1001 978 1071 κράσεως
1023 1001 1083 1053 τὸ
1133 1000 1453 1068 τικτόμενον
1504 999 1748 1066 γίνεται·

203 1098 285 1150 ἐὰν
310 1096 363 1147 δὲ
391 1095 451 1148 τὸ
481 1093 691 1164 ψυχρὸν
725 1093 1188 1163 καθυπερτερήσῃ
1228 1091 1514 1160 στοιχεῖον,
1546 1090 1754 1158 ψυχρο-

203 1187 352 1251 τέρας
386 1183 554 1246 ἕξεως
599 1182 914 1252 εὑρίσκεται
977 1182 1038 1233 τὸ
1081 1180 1421 1249 τικτόμενον.
1473 1178 1754 1233 Ἐντεῦθεν

203 1274 374 1325 λοιπὸν
402 1275 428 1326 ὃ
468 1291 529 1325 τε
564 1271 820 1339 θυμώδης
859 1271 952 1324 καὶ
987 1273 1014 1324 ό
1048 1273 1240 1339 πρᾶος,
1288 1271 1316 1321 ό
1363 1269 1608 1337 ἀνδρεῖος
1660 1271 1754 1323 καὶ

203 1364 377 1424 δειλός.
408 1365 518 1416 Καὶ
545 1366 644 1431 ὅρα
685 1363 778 1417 τὸν
845 1362 940 1416 σῦν
979 1364 1074 1416 καὶ
1121 1362 1212 1415 τὸν
1263 1361 1482 1429 ἔλαφον,
1517 1361 1608 1414 τὸν
1657 1363 1755 1430 μὲν

206 1456 328 1524 πρὸς
361 1455 598 1523 πόλεμον
620 1454 844 1524 ἕτοιμον
875 1454 963 1506 διὰ
997 1452 1332 1524 θερμότητα,
1391 1452 1485 1505 τὸν
1537 1451 1595 1503 δὲ
1657 1451 1756 1518 τὴν

206 1546 372 1613 μὰχην
432 1544 708 1610 φεύγοντα
786 1543 874 1596 διὰ
933 1543 1033 1613 τὴν
1095 1545 1159 1595 ὲκ
1217 1541 1554 1612 ψυχρότητος
1605 1539 1756 1607 αὒτῷ

206 1632 500 1700 προσοῦσαν
533 1631 762 1684 δειλίαν.
815 1632 942 1684 Ἐάν
971 1631 1025 1684 δὲ
1084 1632 1143 1684 τδ
1196 1631 1358 1701 ξηρὸν
1403 1629 1757 1701 ὐπερτερήσῃ

206 1726 479 1791 στοιχεῖον,
525 1725 794 1793 νηφάλιόν
819 1741 943 1777 τινα
999 1723 1096 1778 καὶ
1136 1724 1412 1794 γρὴγορον
1474 1722 1755 1776 ἀποτίκτει

203 1810 492 1880 ἄνθρωπον.
530 1813 652 1882 Ἐφ’
675 1807 718 1880 ᾧ
752 1815 844 1866 καί
875 1831 956 1876 τις
980 1813 1159 1880 σοφὸς,
1192 1809 1235 1880 ᾧ
1257 1812 1430 1882 ὄνομα
1467 1811 1755 1880 Ἠράκλει-

203 1918 298 1962 τος,
336 1902 506 1969 ἔλεγε,
550 1921 568 1953 «
598 1903 745 1974 ψυχὴ
775 1904 1040 1973 ξηροτέρη
1068 1904 1372 1974 σοφωτέρη,
1413 1923 1431 1956 ι
1465 1902 1642 1973 ψυχὴν
1665 1903 1753 1954 ὲν-

201 1993 360 2044 ταῦθα
394 1995 492 2062 τὴν
528 1993 628 2046 τοῦ
664 1994 968 2062 ἐγκεφάλου
1017 1995 1253 2058 καλέσας
1294 1996 1501 2048 οὐσίαν.
1541 1995 1668 2048 Ἐάν
1701 1993 1757 2046 δὲ

204 2083 255 2132 τὸ
291 2081 448 2150 ὑγρὸν
488 2083 763 2153 πλεονάσῃ
795 2085 1076 2153 στοιχεῖον.
1113 2083 1318 2154 νωθρόν
1346 2101 1466 2136 τινα
1495 2086 1637 2135 ποιεῖ
1665 2084 1759 2136 καὶ

205 2171 526 2241 δυσκίνητον.
575 2173 734 2224 Κατὰ
766 2173 936 2226 ταῦτα
981 2173 1220 2244 λοιπὸνή
1251 2176 1314 2226 ὲκ
1345 2175 1559 2242 φύσεως
1592 2173 1762 2243 πραό-

206 2277 292 2327 της
339 2262 605 2332 φρόνησίς
645 2280 702 2316 τε
754 2265 847 2317 καὶ
891 2266 1208 2334 σωφροσύνη
1255 2266 1354 2316 οὐκ
1405 2267 1596 2332 ἀρεταὶ
1649 2265 1760 2326 τοῖς

209 2352 355 2414 θείοις
375 2353 628 2427 Πατράσι
649 2354 946 2425 κρίνονται,
976 2357 1182 2423 φυσικὰ
1211 2355 1265 2407 δὲ
1289 2355 1758 2422 πλεονεκτήματα.

211 2444 304 2493 Καὶ
335 2445 609 2513 πρόσσχες
640 2445 789 2514 αύτῷ
840 2445 915 2516 τῷ
963 2445 1181 2515 μεγάλῳ
1220 2446 1481 2515 Βασιλείῳ
1515 2445 1757 2512 λέγοντι·

217 2552 232 2584 «
267 2536 491 2594 Πολλοὺς
526 2537 704 2603 ἔγνων
737 2536 895 2606 φύσει
935 2536 1228 2606 μισοῦντας
1249 2537 1307 2588 τὸ
1341 2536 1631 2605 μίγνυσθαι
1662 2552 1761 2603 γυ-

211 2629 361 2679 ναικί.
388 2622 512 2696 Ἆρ’
543 2623 643 2681 οῦν
689 2627 971 2698 σὼερρονας
1006 2630 1202 2690 αὐτοὺς
1241 2629 1621 2698 όνομάσομεν;
1656 2629 1762 2682 Οὑ-

211 2715 408 2784 δαμῶς·
453 2718 785 2788 σωφροσύνη
812 2718 920 2786 γάρ
946 2719 1092 2771 ὲστιν
1117 2719 1253 2786 αὑτὴ
1290 2721 1320 2788 ἡ
1351 2719 1642 2787 ἐγκράτεια
1671 2718 1764 2772 καὶ

212 2807 262 2858 τὸ
291 2809 597 2878 μαχόμενον
627 2809 1008 2878 περιγενέσθαι
1038 2811 1145 2862 τῶν
1168 2809 1388 2880 ἡδονῶν.
1433 2829 1450 2862 ι
1494 2811 1602 2864 Καὶ
1636 2812 1764 2883 περὶ

215 2898 300 2966 μὲν
322 2900 523 2955 τούτων
546 2901 744 2966 οὕτως.

372 3256 510 3324 Περὶ
545 3257 690 3312 τοῦ*
734 3275 752 3309 «
807 3260 1156 3331 Ποιήσωμεν
1191 3263 1526 3332 ἄνθρωπον.
1568 3284 1586 3316 ο

278 3345 367 3398 Διά
394 3349 445 3399 τί
473 3349 529 3400 δὲ
554 3350 810 3405 πλάττων
834 3353 862 3405 ό
889 3352 1019 3416 Θεὸς
1051 3355 1142 3408 τὸν
1171 3354 1456 3424 ἄνθρωπον
1482 3358 1581 3410 οὐκ
1611 3355 1768 3409 ἔλαϐε

219 3435 392 3506 βῶλον,
424 3440 560 3498 ἀλλά
617 3443 744 3514 χοῦν
784 3444 844 3497 τὸ
867 3445 1228 3510 λεπτότατον;
1265 3449 1399 3517 ὁμοῦ
1444 3449 1542 3517 μὲν
1564 3450 1626 3502 ὲκ
1650 3451 1771 3501 τού-

216 3547 297 3582 του
322 3535 410 3585 καὶ
444 3535 504 3588 τὸ
539 3535 774 3605 φύσημα
801 3537 1184 3590 καταστέλλων
1211 3537 1388 3606 ἡμῶν,
1418 3538 1551 3607 ὁμοῦ
1581 3539 1633 3591 δὲ
1679 3540 1772 3591 καὶ

215 3621 371 3686 διδοὺς
423 3625 682 3679 ἐντεῦθεν
731 3626 921 3679 ἐλπίδα
982 3628 1082 3696 τῆς
1133 3629 1505 3692 ἀναστάσεως.
1556 3631 1772 3701 Ἐπῖιδὴ

220 3715 423 3783 προῄδει
478 3717 561 3768 ὅτι
612 3717 797 3785 μέλλει
841 3718 1103 3789 τελευτᾷν
1150 3721 1208 3771 τὸ
1242 3719 1380 3782 ζῶον
1413 3721 1506 3772 καὶ
1538 3721 1612 3783 είς
1645 3723 1772 3789 χοῦν

223 3807 496 3874 καταντᾷν,
535 3807 827 3876 προλαϐὼν
876 3810 933 3861 ὲν
977 3812 1043 3878 τῇ
1098 3809 1432 3879 δημιουργίᾳ
1454 3811 1552 3880 τὴν
1583 3812 1774 3865 ἐλπίδι

217 3893 305 3961 τῆς
330 3898 680 3960 ἀναστάσεως
708 3898 910 3953 δίδωσι.
933 3900 1215 3969 Λαμὸάνει
1244 3901 1370 3971 χοῦν
1397 3901 1503 3953 άπὸ
1529 3904 1626 3972 τῆς
1647 3904 1772 3973 γῆς,

221 3983 279 4035 ἶν’
299 3986 422 4040 ὅταν
453 3987 571 4058 ῐδῃς
603 3989 660 4039 ὲν
689 3989 847 4058 τάφῳ
878 3990 1026 4059 χοῦν,
1063 3991 1206 4061 γνῷς
1243 3993 1326 4045 ὃτι
1352 3993 1378 4044 ό
1403 3995 1612 4046 ἐκεῖνον
1644 3993 1775 4046 πλά-

221 4090 306 4138 σας
335 4079 422 4131 καὶ
453 4081 647 4132 τοῦτον
691 4081 994 4150 ἀνίστησιν.
1038 4082 1198 4135 Ἀλλὰ
1251 4085 1344 4137 καὶ
1389 4083 1534 4146 τίνος
1567 4085 1771 4151 ἕνεκεν,

222 4165 505 4237 ἐπιζητεῖς,
539 4171 766 4224 διπλοῦν
810 4173 1034 4227 πλάττει
1058 4175 1148 4227 τὸν
1179 4175 1464 4244 ἄνθρωπον
1486 4176 1549 4229 ἔκ
1581 4194 1639 4230 τε
1671 4177 1775 4246 ψυ-

222 4256 310 4326 χῆς
338 4265 526 4331 νοερᾶς
551 4265 648 4316 καὶ
682 4264 963 4334 σώματος;
993 4267 1154 4318 Ὠστε
1187 4266 1481 4336 σύνδεσμον
1507 4265 1648 4322 εἶναι
1682 4269 1774 4322 τοῦ

225 4365 275 4401 τε
304 4355 490 4422 νοητοῦ
533 4355 744 4424 κόσμου
777 4359 870 4410 καὶ
907 4357 1000 4412 τοῦ
1025 4358 1308 4426 αἰσθητοῦ.
1349 4361 1570 4432 Ἐπειδὴ
1593 4362 1700 4432 γὰρ
1727 4363 1775 4415 οἱ

222 4437 304 4493 δύο
330 4446 520 4516 κόσμοι
546 4441 697 4500 οὗτοι
721 4451 786 4516 τῇ
829 4449 989 4518 οὐσία
1025 4451 1393 4522 διεστήκασιν,
1431 4453 1516 4504 ἵνα
1550 4454 1625 4523 μὴ
1656 4454 1774 4505 δια-

1848 536 1984 588 alios
2008 533 2196 596 fortes,
2216 535 2350 588 alios
2376 534 2592 588 timidos
2615 553 2626 588 :
2645 535 2845 604 quibus
2873 534 2980 604 74
2998 533 3132 587 adde
3155 548 3276 600 qua!
3295 545 3422 588 sunt

1851 626 1968 695 ejus
2003 628 2218 695 generis
2250 627 2378 679 alia.
2407 625 2518 680 Nec
2548 643 2651 695 pro
2683 627 2882 680 fabulis
2912 628 3026 680 haec
3047 627 3142 681 tibi
3170 626 3420 680 ducenda

1851 727 1999 771 sunt.
2031 717 2245 786 Quippe
2278 718 2359 771 vir
2395 719 2652 786 eximius,
2697 719 3015 772 Anastasius
3049 720 3310 784 Sinaites,
3347 720 3423 771 ait

1855 808 2021 862 Deum
2047 825 2156 863 non
2187 825 2306 864 esse
2339 810 2527 863 talium
2565 817 2866 874 auctorem,
2906 812 2998 864 sed
3043 811 3212 880 ipsam
3242 811 3421 880 potius

1852 909 2098 954 naturam
2129 909 2181 954 et
2215 901 2609 956 elementorum
2635 911 2872 970 quatuor
2901 916 3250 956 concursum.
3287 903 3418 955 Nam

1854 993 1898 1047 si
1935 992 2188 1045 elementi
2217 993 2375 1047 calidi
2408 993 2741 1047 abundantia
2774 1002 3017 1062 tempore
3045 994 3422 1062 conceptionis

1855 1084 2181 1149 inveniatur,
2234 1095 2721 1154 temperamentum
2755 1100 2972 1153 quoque
3005 1085 3238 1139 calidum
3296 1101 3427 1139 con-

1855 1176 2099 1243 sequitur
2131 1177 2182 1229 id
2215 1177 2358 1245 quod
2391 1187 2502 1231 tum
2535 1177 2794 1246 gignitur.
2829 1176 2922 1230 Sin
2957 1176 3213 1232 elementi
3249 1177 3426 1243 frigidi

1855 1266 1938 1320 vis
1980 1268 2150 1337 major
2203 1267 2388 1332 fuerit,
2423 1268 2563 1322 fetus
2595 1269 2757 1322 etiam
2812 1268 3041 1338 frigidus
3090 1276 3426 1338 procreatur.

1860 1355 2062 1411 Eade‘m
2093 1359 2160 1424 de
2195 1375 2358 1412 causa
2387 1360 2471 1414 vel
2507 1359 2755 1414 iracundi
2789 1360 2870 1413 vel
2904 1345 3087 1426 mites,
3144 1361 3229 1414 vel
3264 1360 3430 1413 fortes

1856 1448 1941 1502 vel
1999 1448 2341 1505 formidolosi
2394 1451 2646 1506 homines
2698 1455 3015 1521 gignuntur.
3075 1454 3279 1520 Aprum
3345 1453 3430 1506 hic

1857 1539 1991 1591 mihi
2027 1555 2150 1592 cum
2186 1556 2350 1595 cervo
2386 1542 2621 1606 intuere,
2659 1557 2890 1608 quorum
2952 1543 3043 1596 ille
3099 1553 3317 1610 paratus
3341 1551 3426 1596 est

1855 1628 1924 1681 ad
1959 1642 2194 1698 pugnam
2230 1629 2300 1683 ob
2333 1630 2593 1691 calorem,
2626 1631 2714 1684 hic
2745 1645 2982 1699 pugnam
3017 1630 3338 1684 reformidat
3373 1639 3431 1684 ct

1860 1719 1997 1787 fugit
2027 1720 2097 1772 ob
2127 1735 2245 1773 eam
2292 1735 2452 1788 quam
2489 1721 2650 1774 habet
2694 1736 2760 1775 ex
2808 1721 3009 1786 frigore
3063 1721 3429 1775 timiditatem.

1859 1809 2058 1874 Quodsi
2089 1809 2449 1865 abundaverit
2477 1811 2606 1865 sicci
2654 1813 2735 1866 vis
2781 1812 3060 1874 elementi,
3118 1811 3283 1866 homo
3331 1829 3433 1867 so-

1860 1901 2012 1955 brius
2047 1912 2210 1970 atque
2245 1903 2370 1971 vigil
2410 1912 2758 1971 procreatur.
2814 1903 2886 1955 De
2923 1917 3031 1971 quo
3059 1904 3273 1970 priscus
3306 1901 3432 1971 qui-

1860 1991 1982 2044 dam
2037 1992 2398 2060 philosophus
2449 1991 2752 2047 Heraclitus
2803 1993 2962 2057 dixit,
3017 1993 3278 2055 animam,
3321 2008 3433 2061 quo

1859 2083 2059 2138 siccior
2072 2083 2164 2149 sit,
2179 2100 2246 2138 eo
2263 2085 2651 2153 sapientiorem
2674 2101 2688 2148 ;
2703 2084 2906 2154 quibus
2923 2085 2976 2137 in
3003 2084 3182 2138 verbis
3197 2084 3428 2138 animam

1862 2184 2016 2229 vocat
2043 2175 2336 2229 essentiam
2366 2177 2596 2230 cerebri.
2646 2177 2703 2230 Si
2758 2177 2993 2246 denique
3043 2177 3200 2244 copia
3253 2173 3427 2245 frigidi

1862 2265 2113 2318 elementi
2133 2267 2492 2334 superaverit,
2509 2266 2743 2336 gignitur
2759 2266 2986 2334 ignavus
3007 2267 3222 2334 quidam
3247 2266 3428 2326 homo,

1861 2357 2062 2425 quique
2091 2357 2377 2411 dilliculter
2400 2358 2467 2411 ad
2504 2355 2770 2427 agendum
2805 2357 3121 2425 impellitur.
3153 2357 3269 2420 Quo
3297 2357 3353 2409 iit
3379 2365 3430 2408 at

1864 2449 2157 2502 naturalem
2190 2449 2684 2514 mansuetudinem,
2718 2450 3085 2517 prudentiam,
3127 2460 3432 2517 temperan-

1865 2539 1994 2592 liam
2025 2555 2132 2592 non
2164 2540 2425 2594 virtutum
2482 2531 2601 2594 loco
2626 2539 2796 2593 divini
2832 2541 3018 2593 Patres
3053 2540 3307 2598 habeant,
3342 2537 3432 2590 sed

1864 2647 1983 2685 esse
2022 2633 2289 2686 naturalia
2316 2633 2561 2701 illimdam
2598 2632 2891 2697 beneficia,
2943 2633 3141 2700 quibus
3170 2631 3435 2682 excellant

1865 2723 2001 2777 alios
2026 2724 2138 2787 alii,
2164 2733 2426 2781 statuant.
2467 2723 2699 2804 Basilius
2730 2725 2858 2793 quid
2910 2724 3077 2780 dicat.
3131 2720 3429 2775 advertito:

1871 2813 2096 2868 «Multos
2154 2815 2281 2868 novi
2326 2815 2418 2885 qui
2479 2830 2507 2868 a
2566 2825 2759 2868 natura
2817 2817 3130 2882 complexus
3170 2824 3436 2866 venereos

1864 2891 2050 2960 odere.
2107 2904 2243 2957 Num
2285 2920 2381 2959 eos
2420 2915 2787 2974 temperantes
2840 2905 3192 2958 vocabimus?
3221 2901 3435 2969 Nequa-

1866 3010 2064 3064 quam;
2101 3010 2226 3047 nam
2265 2997 2626 3064 temperantia
2657 3005 2741 3050 est
2775 2997 3116 3050 continentia
3163 2995 3436 3064 qua-dam,

1868 3101 1972 3154 qua
2003 3086 2306 3155 voluptates
2342 3087 2627 3140 nobiscum
2667 3094 2974 3156 pugnantes
3003 3087 3322 3142 vincimus.»
3359 3084 3436 3138 Ac

1795 3195 1841 3256 ο
1869 3174 1935 3229 de
1961 3173 2045 3228 his
2069 3175 2282 3243 quidem
2315 3174 2417 3229 hoc
2445 3175 2608 3228 modo
2641 3175 2844 3228 dictum
2874 3184 3014 3228 esto.

2144 3269 2204 3319 In
2232 3266 2386 3329 illud,
2426 3264 2750 3318 «Faciamus
2771 3265 3032 3319 hominem
3052 3266 3150 3316 ⁸⁵.»

1947 3361 2056 3415 Cur
2089 3370 2270 3414 autem
2314 3359 2454 3413 Deus
2481 3359 2760 3412 hominem
2809 3372 3002 3411 creans
3056 3371 3164 3410 non
3199 3355 3432 3424 glebam,

1873 3451 1967 3506 sed
2003 3452 2303 3521 pulverem,
2336 3451 2426 3520 qui
2478 3459 2563 3504 est
2619 3450 2909 3504 admodum
2967 3458 3126 3502 tenue
3158 3448 3434 3518 quiddam,

1874 3540 2444 3612 sumpsit?vNimirum
2477 3542 2581 3596 hoc
2605 3541 2765 3595 modo
2799 3540 2974 3594 voluit
2996 3539 3154 3592 simul
3212 3549 3321 3592 tum
3355 3538 3440 3591 in-

1873 3634 2145 3689 ﬂationem
2170 3645 2412 3690 nostram
2448 3634 2841 3704 comprimere,
2882 3643 2994 3686 tum
3027 3630 3442 3685 resurrectionis

1875 3740 2027 3795 spem
2054 3725 2253 3779 facere.
2281 3725 2415 3779 Nam
2443 3725 2570 3794 quia
2594 3733 2750 3778 norat
2778 3722 2981 3776 animal
3014 3722 3116 3776 hoc
3171 3721 3438 3776 emoritu-

1877 3834 1996 3872 rum
2031 3829 2086 3872 et
2113 3818 2165 3870 in
2200 3818 2478 3886 pulverem
2503 3829 2873 3878 reversurum,
2928 3814 3041 3882 ipsa
3081 3815 3132 3864 in
3162 3814 3440 3865 creatione

1876 3910 2026 3964 velut
2049 3917 2400 3962 antevertens
2428 3913 2579 3976 spem
2620 3906 2782 3960 nobis
2830 3905 2896 3959 de
2933 3903 3330 3956 resurrectione
3365 3901 3443 3955 fa-

1875 4015 2000 4056 cere
2027 4001 2219 4054 voluit.
2287 3999 2472 4067 Itaque
2523 3997 2802 4066 pulverem
2862 3997 2930 4050 de
2965 4005 3102 4050 terra
3157 3995 3344 4058 sumit,
3382 4003 3440 4045 ut

1876 4108 2000 4148 cum
2036 4093 2313 4162 pulverem
2372 4093 2424 4143 in
2481 4090 2728 4159 sepulcro
2766 4086 3057 4158 conspiu's,
3112 4086 3250 4139 scias
3312 4101 3438 4138 cum

1876 4183 1967 4252 qui
2007 4183 2278 4236 hominem
2307 4181 2548 4236 formarit
2577 4181 2754 4250 ipsum
2779 4181 2941 4234 etiam
2963 4177 3439 4232 recuscitaturum.

1881 4272 2154 4328 Fortassis
2189 4274 2351 4327 etiam
2395 4288 2609 4342 quaeres
2649 4273 2997 4341 quamobrem
3032 4271 3231 4323 crearit
3261 4269 3443 4322 humi-

1880 4381 2006 4419 nem
2045 4365 2341 4435 duplicem,
2379 4366 2560 4418 anima
2591 4365 2848 4418 nimirum
2895 4359 3261 4430 intelligentia:
3292 4376 3445 4412 men-

1884 4457 2058 4524 tisque
2089 4456 2350 4526 participe
2380 4455 2665 4525 przeditum
2688 4461 2741 4507 et
2767 4467 3011 4521 corpore.
3043 4450 3444 4517 Nimirum‘quo

225 4531 406 4601 φόρους
445 4538 719 4609 εἰσαγάγῃ
761 4541 1145 4610 δημιουργοὺς,
1193 4542 1411 4595 διπλοῦν
1444 4543 1582 4606 ζῶον
1615 4522 1673 4596 ἐν
1701 4544 1764 4614 τᾷ

1882 4522 2057 4602 nexus
2081 4522 2302 4618 quidam
2333 4522 2471 4602 foret
2499 4545 2834 4600 intellectilis
2863 4559 2926 4598 ac
2978 4541 3190 4597 sensilia
3232 4541 3440 4593 mundi.

224 4623 400 4694 κόσμῳ
425 4628 518 4681 τὸν
550 4629 841 4700 ἄνθρωπον
875 4632 1141 4696 τέθεικεν,
1185 4633 1260 4696 ὡς
1287 4633 1536 4687 ἐντεῦθεν
1566 4635 1660 4687 ἕνα
1685 4637 1778 4706 δηο

227 4722 470 4788 μιουργὸν
504 4723 618 4775 τῶν
646 4724 759 4778 ἄνω
789 4740 847 4776 τε
882 4728 977 4779 καὶ
1007 4726 1114 4778 τῶν
1146 4729 1296 4780 κάτω
1319 4727 1707 4798 κηρύττεσθαι.

1881 4638 2018 4692 Nam
2049 4655 2171 4693 eum
2207 4639 2258 4693 hi
2288 4639 2396 4694 duo
2427 4636 2614 4690 mundi
2637 4637 2872 4690 essentia
2903 4650 3002 4688 sua
3035 4634 3268 4700 separati
3313 4633 3442 4699 sint,

1886 4745 1955 4784 ne
1992 4730 2190 4785 diversi
2221 4730 2384 4784 etiam
2412 4728 2635 4797 Opiﬁces
2690 4727 3150 4786 existimarentur,
3170 4725 3444 4777 hominem

224 4811 407 4867 animal
435 4816 640 4886 duplex
671 4817 722 4869 in
757 4821 958 4872 mundo
998 4821 1306 4889 constituit,
1362 4832 1422 4876 ut
1460 4823 1589 4877 hinc
1635 4840 1778 4879 unus
1817 4839 1937 4879 esse
1962 4833 2070 4878 tam
2101 4839 2420 4895 superarum
2450 4839 2514 4879 ac
2570 4822 2875 4878 caelestium
2925 4837 3082 4892 quam
3149 4817 3445 4873 inferarum

226 4917 391 4958 rerum
421 4918 638 4962 creator
667 4909 1077 4980 intelligeretur.

293 5016 311 5047 ‹
351 5002 673 5070 Ποιήσωμεν
700 5002 984 5071 ἄνθρωπον
1021 5003 1149 5055 κατ’
1187 5003 1373 5056 εἰκόνα
1417 5005 1712 5075 ἡμετέραν.
1757 5027 1776 5058 ι

229 5091 318 5143 Διὰ
340 5093 389 5144 τί
427 5094 488 5144 τὸ
518 5097 583 5146 ἐκ
618 5093 871 5162 σώματος
909 5095 1004 5146 καὶ
1040 5095 1216 5164 ψυχῆς
1247 5097 1499 5148 συντεθὲν
1526 5096 1663 5159 ζῶον
1689 5096 1783 5150 άνο

232 5179 434 5248 θρωπον
454 5187 741 5255 ὠνόμασεν
767 5188 800 5254 ὴ
821 5185 1008 5256 Γραφή
1033 5201 1047 5249 ;
1083 5187 1143 5238 ὐ
1161 5185 1255 5238 ἄνθ
1265 5202 1444 5255 ρωπος
1462 5189 1526 5256 τῇ
1542 5187 1783 5258 Ἐσραῖδι

231 5272 479 5347 διαλέκτῳ
517 5277 626 5347 πῦρ
671 5277 911 5345 λέγεται.
960 5277 1068 5330 Καὶ
1113 5278 1300 5348 ἐπειδὴ
1335 5278 1555 5348 προῄδει
1599 5277 1783 5340 seat,-

232 5367 306 5420 ὃτι
334 5371 440 5422 ἀπὸ
482 5370 598 5432 ἑνὸς
629 5371 916 5438 ἀνθρώπου
945 5371 1297 5438 ἀνθρωπίνων
1327 5371 1597 5438 σωμάτων
1638 5369 1780 5438 πλη-

237 5459 410 5528 ροῦται
442 5463 543 5531 τῆς
580 5463 909 5532 οίκουμένης
949 5463 1017 5515 τὰ
1049 5463 1280 5532 πέρατα,
1311 5456 1392 5524 εἷς
1415 5461 1618 5532 ξλύχνος
1660 5461 1782 5526 ἐξά-

237 5569 354 5606 πτει
375 5555 640 5618 τοσαύτας
663 5555 974 5626 λαμπάδας,
1004 5554 1091 5608 διὰ
1110 5554 1268 5607 τοῦτο
1296 5554 1356 5606 τὸ
1385 5553 1621 5607 τοιοῦτον
1645 5552 1784 5616 ζῶον

241 5645 484 5698 ἐκάλεσεν
524 5647 830 5718 ἄνθρωπον,
865 5647 1113 5701 τουτέστι
1149 5647 1278 5717 πῦρ.
1308 5646 1429 5702 Τῶν
1470 5645 1578 5716 γὰρ
1609 5646 1784 5700 ἄλλων

306 5738 347 5768 ⁸³
374 5737 508 5793 Gen.
545 5748 579 5801 ι,
614 5740 707 5794 26.

1964 5009 2308 5073 «Faciamus,
2333 5005 2506 5076 inquit
2547 5006 2712 5070 Deus,
2741 5005 3022 5060 hominem
3050 5003 3116 5058 ad
3153 5002 3444 5075 imaginem

1885 5112 2186 5156 nostram.»
2217 5099 2328 5154 Cur
2351 5114 2417 5152 ex
2441 5097 2624 5152 anima
2677 5111 3022 5167 corporaque
3041 5094 3148 5165 75
3173 5095 3449 5164 composi-

1889 5204 2003 5246 turn
2035 5191 2234 5247 animal
2268 5191 2487 5244 Littera:
2517 5205 2686 5244 sacrae
2717 5189 2992 5243 hominem
3018 5186 3446 5258 appellaut?\'o-

1885 5283 2136 5338 cabulum
2166 5284 2311 5351 quod
2344 5282 2628 5335 hominem
2665 5279 2954 5346 significat,
3027 5279 3199 5348 ignem
3255 5277 3308 5330 in
3341 5275 3446 5327 lle-

1886 5362 2032 5428 hrtea
2071 5374 2248 5442 lingua
2279 5373 2523 5428 denotat.
2585 5373 2653 5426 Et
2699 5376 2918 5441 quando
2946 5379 3100 5423 norat
3145 5371 3254 5439 jam
3320 5373 3446 5418 ante

1891 5461 2033 5516 Deus
2061 5479 2225 5515 unum
2261 5463 2535 5516 hominem
2570 5464 2889 5532 corporibus
2944 5459 3195 5514 humanis
3255 5468 3446 5508 omnes

1891 5555 2042 5609 orbis
2076 5555 2211 5609 (lues
2239 5555 2575 5624 repleturum
2613 5568 2887 5622 unamque
2911 5554 3178 5605 lucernam
3213 5556 3282 5599 tot
3310 5545 3448 5596 lam-

1893 5645 2060 5716 padas
2089 5660 2466 5711 accensuram,
2533 5644 2736 5699 idcirco
2771 5640 2970 5695 animal
3020 5639 3117 5695 hoc
3157 5633 3448 5704 appellavit
