3862 6228
471 335 575 414 163

1705 338 2124 410 MICHAELIS
2161 341 2420 410 GLYC/E
3608 356 3695 419 16i

368 480 370 483 ·
471 459 760 516 testatibus
793 461 898 516 illis
931 461 1223 532 supremis.
1284 463 1551 521 Pra‘terea
1586 474 1808 520 naturas
1833 466 1931 521 has
1963 467 2035 520 in-

2143 485 2253 528 τοις
2292 468 2384 521 καὶ
2414 467 2671 536 δυνάμεις
2698 467 2924 522 καλοῦσι
2965 469 3060 534 τὰς
3091 473 3282 544 νοεράς
3310 473 3491 536 πάσας
3523 475 3698 543 (plicis-:3

470 555 754 610 tellectiles
810 555 863 607 in
895 553 1208 610 universum
1236 557 1417 612 vocari
1448 557 1697 612 videmus
1720 568 2036 629 potestates,
2089 559 2099 568 '

2142 559 2215 621 ὡς
2257 559 2364 612 τῶν
2425 561 2753 630 σωματικῶν
2819 563 3007 616 παθῶν
3059 563 3350 636 ἐλευθέρας
3407 568 3692 621 κάντεῦθεν

394 713 396 715 μ
467 655 527 701 ut
565 662 685 715 qua:
720 645 828 700 sint
859 649 926 701 ab
955 647 1338 704 atl'ectionibus
1365 652 1643 720 corporeis
1685 652 1956 708 immunes
1988 663 2035 707 et

2145 650 2384 722 πληροῦν
2434 653 2500 705 τά
2558 653 2888 723 κελευόμενα
2939 655 3282 724 δυναμένας·
3346 675 3366 709 ι
3402 661 3646 727 Δυνατοὶ,
3677 681 3694 714 ι

462 747 754 810 propterea
816 742 1079 808 perlicere
1113 739 1220 796 sibi
1273 742 1529 797 mandata
1585 745 1818 811 possint.
1866 745 2040 800 «Prte-

465 839 634 895 stant,
661 831 837 900 inquit
872 832 1124 898 Davides,
1179 833 1398 900 robore,
1450 849 1514 888 ac
1573 834 1863 906 imperium
1925 836 2040 905 ejus

465 923 1040 991 cxscquuntur""°.r
1075 925 1398 981 Praeteriitec
1428 926 1481 982 in
1512 928 1737 998 singulis
1777 928 1923 983 hisce
1955 943 2040 982 sa-

466 1015 572 1069 cris
628 1015 887 1085 gradibus
939 1016 1158 1071 ordines
1202 1020 1515 1088 superiores
1569 1018 1773 1074 habent
1821 1019 2040 1075 inferio-

469 1123 588 1160 rum
649 1109 1092 1164 collustrationes
1144 1119 1307 1180 atque
1365 1121 1705 1182 potestates,
1762 1129 1884 1168 cum
1947 1129 2040 1184 po-

465 1200 728 1255 steriores
780 1202 1139 1273 superiorum
1187 1204 1516 1272 praestantia:
1548 1222 1654 1259 non
1712 1205 1823 1260 sint
1872 1207 2042 1276 parti-

464 1307 636 1362 etpes.

535 1398 650 1453 Hoc
676 1396 1233 1468 quoque'necessario
1257 1402 1536 1456 Sciendum
1568 1401 1791 1468 esttibi,
1821 1417 2038 1456 onmem

467 1493 728 1546 mentium
765 1493 981 1548 illarum
1037 1494 1341 1548 cmleStium
1371 1494 1793 1564 appellationem
1849 1495 1903 1546 in
1936 1494 2041 1548 He-

463 1583 607 1638 braea
635 1585 814 1656 lingua
839 1585 1289 1655 signiﬁcationem
1312 1579 1511 1640 habere
1535 1583 1731 1640 divinae
1757 1586 2040 1655 cujusdam

463 1677 796 1745 singularum
859 1677 1226 1746 proprietatis,
1285 1677 1334 1731 id
1393 1678 1536 1747 quod
1594 1677 1755 1732 etiam
1805 1677 2042 1732 Joannes

461 1766 882 1838 Chrysostomus
907 1769 1108 1823 indicat
1127 1771 1176 1822 in
1197 1770 1440 1824 oratione
1463 1785 1558 1823 sua
1580 1769 1732 1823 tertia
1751 1770 1818 1824 de
1833 1769 2044 1824 [ncom-

2143 741 2250 809 γάρ
2286 758 2472 812 φησιν,
2524 761 2542 794 ι
2591 743 2756 814 ἰσχύϊ,
2798 745 3079 810 ποιοῦντες
3132 747 3226 800 τὸν
3275 748 3431 814 λόγον
3461 752 3646 804 αὑτοῦ.
3679 770 3695 800 ι

2155 829 2318 882 Ἀλλὰ
2355 833 2446 884 καὶ
2499 834 2642 885 κατά
2677 835 2861 888 πᾶσαν
2915 836 3068 905 ίεράν
3109 837 3477 908 διακόσμησιν
3509 841 3566 892 αἱ
3614 843 3701 909 μὲν

2144 919 2579 991 ὑπερϐεόηκυίαι
2603 922 2784 988 τάξεις
2808 925 2989 995 έχουσι
3020 930 3113 982 καὶ
3143 930 3239 993 τάς
3268 932 3376 984 τῶν
3407 932 3701 1000 ὑφειμένων

2143 1012 2558 1083 διακοσμήσεων
2599 1015 2896 1086 ἐλλάμψεις
2946 1021 3040 1073 καὶ
3098 1019 3378 1089 δυνάμεις,
3420 1023 3699 1092 ἀμέθεκτοι

2143 1103 2198 1157 δέ
2231 1105 2340 1160 τῶν
2362 1107 2534 1171 αὐτὰς
2574 1106 2992 1180 ὑπερκειμένων
3025 1111 3083 1164 αἱ
3112 1112 3418 1166 τελευταῖαί
3443 1115 3605 1167 εἰσιν.

2227 1381 2550 1447 Ἀναγκαῖον
2577 1379 2634 1433 δὲ
2675 1369 2808 1449 πρὸς
2837 1383 2953 1444 τοῖς
2983 1366 3161 1447 ἄλλοίς
3195 1386 3290 1437 καὶ
3315 1383 3474 1437 τοῦτο
3516 1384 3699 1437 εἰδέναι

2135 1462 2226 1536 σε,
2257 1473 2339 1524 ὅτι
2381 1474 2529 1525 πᾶσα
2567 1474 2597 1541 ή
2626 1471 2736 1525 τῶν
2758 1474 3096 1542 ἐπουρανίων
3135 1475 3270 1528 νοῶν
3302 1476 3589 1544 ἐπωνυμία
3615 1477 3699 1544 δή-

2144 1566 2309 1619 λωσιν
2337 1565 2451 1635 ἔχει
2488 1568 2584 1634 τῆς
2615 1566 2845 1620 ἑκάστου
2873 1565 3135 1630 θεοειδοῦς
3170 1567 3698 1637 ίδιότητοςΈϐραῖκῇ

2144 1659 2316 1727 φωνῇ,
2350 1657 2493 1710 καθά
2531 1657 2593 1728 δὴ
2633 1658 2727 1710 καὶ
2755 1659 2782 1710 ὁ
2823 1660 3230 1730 χρυσορρἡων
3257 1650 3516 1730 Ἰωάννης
3548 1659 3699 1729 φησὶν

2145 1757 2202 1808 ἐν
2233 1756 2309 1824 τῷ
2340 1754 2470 1825 περὶ
2501 1755 2888 1825 ἀκαταλήπτου
2919 1758 3086 1826 τρίτῳ
3127 1757 3271 1828 λόγῳ
3301 1755 3490 1811 αὑτοῦ.
3518 1754 3588 1808 Τὸ
3611 1755 3700 1825 μὲν

463 1819 783 1929 prehensili.
806 1860 925 1926 Quo
956 1861 1010 1914 ﬁt
1038 1870 1094 1914 ut
1119 1863 1316 1930 partim
1343 1860 1607 1926 Cherubi,
1629 1861 1826 1930 partim
1882 1851 2035 1915 Sera-

2144 1819 2327 1900 αὐτῶν
2372 1819 2674 1917 Χερουϐὶμ,
2729 1819 2789 1901 τὸ
2839 1848 2895 1901 δὲ
2936 1819 3564 1918 έεραφὶμνκαλούμενα.
3611 1819 3697 1900 ’Τά

461 1955 550 2022 phi
589 1962 880 2017 vocentur;
905 1969 1028 2006 nam
1057 1952 1327 2022 ejusmodi
1368 1953 1587 2008 nomina
1633 1953 1912 2007 declarant
1951 1969 2041 2007 ea-

463 2061 582 2098 rum
607 2045 942 2099 eﬁectiones.
968 2044 1045 2099 Ac
1073 2044 1528 2122 quemadmodum
1555 2045 1780 2114 angelus
1799 2045 1921 2099 inde
1947 2061 2039 2099 no-

2142 1938 2367 1991 τοιαῦτα
2424 1941 2517 1992 καὶ
2569 1935 2676 2009 γάρ
2731 1939 2970 2008 ὀνόματα
3033 1941 3134 2005 τὰς
3196 1943 3480 2011 ἐνεργείας
3535 1943 3699 1995 αὐτῶν

2146 2033 2574 2103 ὐπεμφαίνουσι,
2617 2033 2714 2085 καὶ
2769 2033 3025 2107 καθάπερ
3063 2035 3296 2105 ἄγγελος
3335 2036 3554 2104 λέγεται
3578 2037 3698 2090 διότι

465 2151 587 2190 men
607 2138 840 2206 accepit,
863 2138 1005 2207 quod
1028 2153 1222 2192 arcana
1246 2138 1333 2192 illa
1357 2153 1538 2192 rerum
1561 2138 1864 2193 divinarum
1880 2138 2035 2192 nobis

2142 2125 2236 2186 τάς
2277 2123 2425 2186 θείας
2453 2123 2816 2194 ἐκφαντορίας
2847 2127 3170 2196 ἀναγγέλλει
3197 2129 3350 2197 ἡμῖν,
3381 2130 3478 2183 καὶ
3515 2129 3702 2199 ἀρχάγ-

465 2231 702 2296 nuntiet,
757 2232 996 2300 itemque
1029 2231 1410 2304 archangelus,
1449 2232 1596 2301 quod
1649 2232 1860 2304 angelis
1915 2247 2037 2286 cum

464 2320 698 2390 imperio
729 2322 935 2391 praasit,
991 2321 1069 2376 sic
1120 2330 1175 2376 et
1209 2322 1607 2393 appellationes
1643 2324 1760 2379 istae
1814 2323 2039 2394 sapien-

2142 2217 2298 2284 γελος
2337 2219 2523 2287 ἐπειδὴ
2552 2219 2659 2272 τῶν
2689 2216 2937 2286 ἀγγέλων
2975 2221 3154 2291 ἄρχει,
3185 2221 3361 2284 οὕτως
3389 2223 3446 2275 αι
3471 2223 3700 2276 τοιαῦται

2144 2310 2513 2380 προσηγορίαι
2540 2309 2638 2380 τὴν
2669 2315 2860 2380 σοφίαν
2894 2313 3076 2367 αὐτῶν
3105 2315 3202 2366 καὶ
3237 2315 3589 2385 καθαρότητα
3616 2315 3701 2380 δη-

464 2413 592 2466 tiam
632 2414 873 2482 ipsarum
910 2414 1315 2484 pu‘rilatcmque
1365 2397 1820 2473 nobislndicanl.
1885 2415 2035 2472 Sicut

2142 2399 2324 2454 λοῦσιν
2354 2403 2506 2472 ἡμῖν.
2561 2402 2672 2456 Καὶ
2702 2402 2891 2472 ὥσπερ
2949 2405 3005 2458 αἱ
3053 2405 3322 2473 πτέρυγες
3358 2406 3420 2458 τὸ
3452 2404 3580 2473 ὕψος
3613 2405 3699 2475 δη·-

442 2501 629 2575 etiam
660 2503 759 2556 alae
794 2503 1187 2559 sublimitatem
1248 2505 1302 2558 in
1345 2507 1428 2560 eis
1457 2516 1668 2561 naturas
1725 2507 2035 2576 signiﬁcant

2142 2492 2293 2546 λοῦσι
2345 2495 2444 2565 τῆς
2489 2495 2706 2565 φύσεως
2756 2497 2873 2566 (καὶ
2920 2497 3028 2567 γάρ
3070 2499 3098 2550 ὁ
3132 2498 3372 2568 Γαϐριὴλ
3416 2498 3698 2568 πετόμενος

464 2597 614 2664 (nam
677 2596 864 2651 volare
914 2597 1209 2653 Gabrit‘lus
1267 2616 1374 2653 non
1436 2601 1639 2655 idcirco
1699 2603 2033 2671 perhibetur,

466 2691 612 2758 quod
640 2692 868 2762 angelus
907 2693 1248 2763 iste-pennas
1275 2694 1471 2749 habeat
1510 2713 1524 2748 :
1582 2696 1676 2750 sed
1733 2697 1805 2750 uti
1858 2697 2037 2754 discas

463 2798 592 2837 eum
622 2783 690 2838 de
709 2783 842 2839 locis
872 2785 1142 2852 supremis
1168 2786 1234 2841 ad
1260 2785 1509 2841 homines
1532 2787 1766 2856 venire),
1794 2788 1866 2842 ita
1892 2803 2040 2843 com-

467 2883 656 2943 parata
689 2889 776 2930 res
802 2886 884 2930 est
909 2877 956 2928 in
989 2877 1261 2932 tllterubis
1301 2892 1520 2948 quoque
1538 2893 1604 2932 ac
1629 2878 1887 2948 Seraphis
1909 2893 1929 2944 ;Δ
1958 2880 2035 2934 ni-

471 2965 548 3018 hil
578 2965 722 3020 cnim
757 2966 998 3036 ipsorum
1031 2967 1128 3022 ala:
1157 2967 1420 3023 denotant
1445 2969 1596 3024 aliud
1626 2985 1789 3038 quam
1824 2979 2037 3024 natura:

465 3055 883 3123 sublimitatem,
918 3057 1145 3126 perinde
1170 3067 1230 3112 ut
1259 3059 1400 3112 oculi
1429 3059 1897 3128 perspicacitateni
1935 3059 2033 3113 de-

2143 2585 2396 2654 φαίνεται
2444 2587 2542 2639 οὐκ
2587 2587 2776 2658 ἐπειδὴ
2814 2589 2992 2659 πτερά
3033 2591 3164 2660 περὶ
3186 2589 3280 2643 τὸν
3303 2591 3554 2659 ἄγγελον,
3596 2588 3699 2644 ἀλλ’

2143 2679 2230 2733 ἵνα
2266 2679 2444 2750 μάθῃς
2496 2680 2577 2733 ὅτι
2611 2681 2674 2732 ἐκ
2705 2680 2813 2734 τῶν
2867 2682 3161 2737 ἀνωτάτων
3213 2684 3431 2753 χωρίων
3486 2685 3577 2736 ἐπὶ
3611 2685 3699 2752 τὴν

2139 2771 2488 2841 ἀνθρωπίνην
2523 2773 2751 2840 ἀφῖκται
2794 2772 2998 2844 φύσιν),
3045 2774 3186 2828 οὕτω
3219 2775 3284 2845 δὴ
3337 2778 3429 2829 καὶ
3473 2778 3565 2828 ἐπὶ
3600 2775 3696 2829 τῶν

2139 2863 2420 2935 Χερουϐὶμ
2455 2865 2551 2917 καὶ
2589 2865 2838 2935 Σεραφὶμ
2868 2866 3020 2919 οὐδὲν
3051 2866 3180 2920 ἄλλο
3202 2868 3352 2938 δηλοῖ
3375 2871 3441 2921 τὰ
3468 2868 3694 2937 πτερὰῆ
3720 2881 3728 2884 ·

2138 2955 2200 3009 τδ
2235 2954 2369 3025 ὕψος
2397 2958 2492 3027 τῆς
2528 2957 2766 3025 φύσεως,
2806 2960 2903 3012 καὶ
2931 2963 2979 3012 οἱ
3016 2961 3288 3028 ὀφθαλμοὶ
3315 2962 3374 3014 τὸ
3399 2961 3695 3031 διορατικὺν

2139 3049 2343 3102 αὐτῶν.
2381 3050 2659 3114 Ὡσαύτως
2683 3052 2744 3104 τὸ
2781 3052 2869 3106 διὰ
2911 3052 3113 3114 παντὸς
3145 3054 3408 3121 ἀνυμνεῖν
3454 3055 3513 3106 τὸ
3537 3055 3695 3123 ἀγρυ-

467 3149 700 3210 clarant,
728 3147 1026 3202 celebratio
1081 3157 1343 3219 perpetua
1375 3149 1709 3219 vigilantiam
1741 3165 2033 3205 summam.

2146 3158 2278 3194 πνον
2303 3142 2484 3196 αὐτῶν
2517 3143 2850 3213 ὑπεμφαίνει
2886 3146 2979 3198 καὶ
3007 3144 3300 3214 γρήγορον.
3338 3145 3494 3200 Οὕτω
3523 3147 3584 3217 δὴ
3611 3147 3694 3199 καὶ

465 3238 582 3294 Hoc
605 3239 767 3294 modo
810 3240 1201 3310 appellationes
1247 3255 1438 3296 eorum
1490 3242 1686 3310 partim
1732 3242 2032 3311 sapientia;

463 3332 660 3400 partim
719 3332 972 3402 puritatis
1024 3332 1388 3388 indicationes
1435 3332 1660 3387 habent.
1719 3331 1852 3386 Nam
1905 3332 2036 3403 quid

459 3424 608 3479 aliud
646 3433 804 3480 sonat
823 3425 1203 3480 G-heruborum
1230 3439 1431 3480 nomen
1474 3425 1584 3495 78
1606 3438 1767 3494 quam
1796 3426 2036 3494 cognitio

465 3515 865 3584 multiplicata?
919 3515 1063 3582 Quid
1096 3514 1471 3586 Seraphorum
1519 3532 1680 3586 quam
1713 3532 1809 3571 ora
1838 3517 2036 3587 ignea?

465 3607 812 3661 Tbronorum
850 3622 951 3660 vox
981 3606 1115 3660 nihil
1147 3606 1416 3676 significat
1447 3606 1596 3662 aliud
1643 3622 1805 3676 quam
1844 3622 2034 3687 eorum

463 3702 836 3756 excellentiam
867 3707 1136 3754 secretam
1189 3699 1256 3753 ab
1306 3699 1559 3756 omnibus
1613 3700 1779 3754 rebus
1808 3699 2034 3754 humili-

466 3796 585 3855 bus,
625 3798 868 3863 itemque
902 3791 1396 3862 promptitudinem
1455 3794 1524 3849 ad
1562 3795 1814 3848 obeunda
1847 3794 2034 3850 divina

469 3886 799 3940 ministeria.
841 3882 906 3937 Et
938 3883 1146 3954 primus
1178 3884 1399 3954 quidem
1450 3885 1538 3940 hic
1571 3886 1774 3956 gradus
1823 3887 1890 3942 ab
1919 3889 2036 3958 ipso

466 3986 784 4030 naturarum
813 3973 1057 4029 omnium
1090 3987 1315 4032 auctore
1366 3978 1724 4048 principeque
1759 3979 1868 4033 Deo
1897 3982 2034 4034 citra

465 4069 710 4121 medium
746 4067 914 4120 ullum
947 4066 1277 4122 instituitur.
1326 4068 1708 4126 Dominatuum
1745 4071 2035 4140 appellatio

465 4160 693 4212 denotat
723 4157 946 4211 minime
975 4157 1232 4212 servilem
1266 4163 1556 4227 quamdam
1586 4163 1856 4232 planeque
1886 4147 2036 4234 inge-

467 4265 628 4306 nuam
647 4250 1080 4315 subvectionem,
1112 4263 1236 4319 qua:
1259 4251 1632 4307 indesinenter
1646 4255 1886 4309 dominio
1913 4270 2036 4309 vere

469 4341 700 4412 ptittcipi
741 4353 935 4410 parere
968 4343 1172 4412 cupiat.
1208 4341 1324 4398 Vox
1369 4353 1705 4413 potestatum
1762 4345 2037 4415 signiﬁcat

468 4437 678 4489 virilem
736 4434 1030 4518 quamdam
1088 4436 1485 4502 eﬁicacitatem,
1535 4453 1766 4508 eamque
1803 4440 2032 4507 ﬁrmam,

2139 3235 2207 3287 τὰ
2235 3234 2476 3302 ὀνόματα
2519 3235 2632 3288 τῶν
2675 3236 2774 3305 μὲν
2807 3236 2907 3306 τὴν
2942 3238 3135 3307 σοφίαν
3166 3237 3344 3292 αὐτῶν
3398 3238 3566 3308 δηλοῖ,
3597 3239 3695 3290 τῶν

2137 3326 2194 3378 δὲ
2219 3326 2318 3395 τὴν
2347 3327 2719 3398 καθαρότητα.
2756 3329 2821 3381 Τί
2845 3331 2952 3396 γάρ
2985 3331 3100 3382 ἐστι
3130 3331 3462 3400 Χερουϐὶμῆ
3495 3331 3693 3400 πεπλη-

2139 3418 2384 3488 θυσμένη
2406 3422 2644 3487 γνῶσιςς
2672 3421 2724 3473 τί
2749 3420 2804 3474 δέ
2833 3421 3082 3491 Σεραφὶμ
3115 3421 3144 3491 ἢ
3179 3422 3399 3491 ἔμπυρα
3433 3423 3696 3492 στόματας

2153 3509 2218 3564 Ἦ
2251 3511 2307 3563 δέ
2333 3513 2442 3565 τῶν
2465 3512 2673 3582 θρόνων
2705 3515 2897 3582 κλῆσις
2930 3513 3082 3565 οὐδὲν
3117 3512 3244 3565 ἀλλο
3281 3513 3314 3583 ἢ
3347 3512 3406 3564 τὸ
3433 3514 3539 3565 ἀπο
3571 3513 3691 3564 πάν-

2140 3622 2248 3657 των
2271 3604 2378 3656 τῶν
2404 3603 2742 3674 περιπεζίων
2765 3605 3104 3676 ἐξῃρημένον
3136 3605 3316 3658 αὐτῶν
3352 3606 3691 3675 ὑπεμφαίνετ,

2138 3696 2236 3748 καὶ
2273 3695 2330 3748 τὸ
2354 3695 2482 3766 περὶ
2503 3696 2600 3758 τὰς
2624 3695 2772 3759 θείας
2810 3696 3077 3766 ὑποδοχὰς
3121 3698 3576 3766 ἀναπεπταμένον
3609 3697 3694 3746 καὶ

2142 3786 2380 3855 ἕτοιμον.
2424 3781 2592 3852 Οὗτος
2629 3787 2730 3859 μὲν
2775 3783 2870 3843 οὖν
2925 3789 2953 3842 ό
2994 3788 3213 3861 ’πρῶτος
3252 3788 3544 3858 διάκοσμος
3573 3786 3691 3858 παρ’

2141 3880 2310 3950 αὐτῆς
2343 3882 2442 3950 τῆς
2477 3881 2791 3935 οὑσιοποιιοῦ
2827 3881 3085 3952 θεαρχίας
3112 3884 3333 3950 ἀμέσως
3365 3882 3690 3952 μυούμενος⁸

2139 3973 2170 4039 ἡ
2196 3971 2252 4023 δὲ
2281 3971 2389 4024 τῶν
2429 3974 2769 4043 κυριοτήτων
2797 3975 3086 4043 ἐπωνυμία
3122 3974 3274 4044 δηλοῖ
3301 3975 3596 4027 ἀδούλωτον
3620 3991 3691 4024 τι-

2138 4078 2204 4115 να
2249 4065 2346 4116 καὶ
2384 4067 2561 4134 πάντη
2607 4065 2902 4135 ἐλευθέραν
2941 4068 3235 4136 ἀναγωγὴν
3273 4067 3373 4136 τῆς
3412 4069 3580 4129 ὄντως
3605 4084 3690 4119 κυ-

2140 4155 2394 4225 ριαρχίας
2429 4157 2825 4228 ἀκαταλήκτως
2853 4159 3172 4228 ἐφιεμένην.
3220 4159 3285 4212 Ἦ
3314 4161 3369 4212 δέ
3401 4163 3511 4213 τῶν
3545 4161 3690 4213 δυνά-

2141 4259 2288 4312 μεων
2313 4246 2630 4314 ἀρρενωπόν
2657 4262 2776 4297 τινα
2809 4249 2903 4299 καὶ
2938 4247 3337 4301 ἀκατάσειστον
3370 4251 3504 4319 πρὶς
3530 4252 3691 4307 πάοσς

2137 4337 2234 4398 τὰς
2277 4337 2528 4400 θεοειδεῖς
2564 4339 2843 4406 ἐνεργείας
2879 4340 3234 4411 παρίστησιν,
3265 4344 3304 4413 ἡ
3338 4342 3391 4394 δὲ
3424 4343 3530 4394 τῶν
3554 4342 3689 4404 ἐξου-

2141 4429 2274 4481 σιῶν
2305 4429 2577 4499 εῠκοσμόν
2607 4449 2726 4485 τινα
2758 4434 2850 4486 καὶ
2883 4435 3240 4506 ἀσύμφυρτον
3272 4439 3399 4506 περὶ
3435 4436 3532 4499 τὰς
3554 4434 3690 4497 θείας

467 4527 523 4579 in
556 4525 816 4581 omnibus
859 4525 1063 4584 divinis
1101 4527 1446 4596 actionibus;
1493 4528 1851 4600 imperiorum
1903 4545 2035 4585 con—

2142 4523 2408 4592 ὑποδοχάς
2443 4523 2720 4588 εὐταξίαν.
2773 4527 2921 4597 Αὕτη
2968 4529 3066 4597 μὲν
3105 4524 3200 4581 οὖν
3232 4530 3266 4599 ὴ
3306 4530 3445 4598 μέση
3482 4528 3586 4581 τῶν
3611 4528 3665 4579 οὐ

469 4619 778 4671 venientem
803 4632 867 4672 ac
889 4617 1230 4673 confusionis
1259 4627 1538 4689 expertem
1572 4621 1628 4675 in
1677 4619 1870 4677 ofﬁciis
1895 4622 2033 4677 divi-

467 4710 554 4764 nis
577 4710 850 4765 ordinem.
882 4712 947 4765 Et
969 4711 1081 4766 haec
1105 4712 1282 4767 media
1312 4713 1618 4769 caelestium
1643 4714 1864 4770 illarum
1881 4730 2034 4770 men-

467 4803 602 4856 tium
637 4812 719 4858 est
738 4803 1057 4872 descriptio,
1115 4820 1236 4874 quae
1270 4806 1552 4874 perﬁcitur
1585 4816 1641 4861 et
1695 4807 2032 4860 illuminatur

467 4899 567 4966 per
599 4897 848 4951 ordinem
881 4897 1138 4964 primum,
1198 4898 1423 4967 ipsaque
1450 4900 1693 4954 vicissim
1724 4915 1854 4956 suas
1909 4903 2034 4958 illu-

463 4987 760 5040 strationes
785 5001 910 5039 cum
949 4994 1213 5055 sequente
1243 4990 1635 5043 communicat.
1662 4990 1720 5042 in
1755 4990 1856 5045 bac
1882 4994 2032 5061 prin-

458 5080 751 5148 cipatuum
786 5094 888 5132 vox
921 5077 1125 5132 indicat
1180 5094 1301 5133 esse
1352 5079 1500 5149 ipsos
1557 5080 1666 5135 Deo
1704 5083 1910 5138 similes
1969 5099 2031 5140 ac

467 5169 834 5238 principatum
865 5168 1136 5230 obtinere,
1164 5169 1419 5238 quodque
1451 5171 1516 5226 ad
1548 5172 1920 5244 principatum
1967 5175 2031 5228 il-

415 5331 429 5356 1
461 5262 575 5317 lum
610 5262 911 5332 principem
948 5275 1050 5330 pro
1087 5261 1293 5316 viribus
1321 5262 1766 5332 conformentur;
1803 5265 2032 5318 archan-

459 5355 726 5420 geloruzn,
763 5369 860 5409 eos
887 5369 1098 5408 summa
1129 5355 1454 5418 consectari,
1504 5365 1562 5410 ut
1595 5357 1687 5427 qui
1723 5358 2026 5412 communi-

410 5442 416 5450 ’
460 5455 587 5501 cent
627 5457 735 5498 tam
807 5460 930 5498 cum
984 5446 1382 5514 principatibus
1437 5463 1597 5517 quam
1633 5465 1756 5504 cum
1792 5450 2025 5521 angelis,

461 5555 586 5591 cum
621 5538 1038 5606 principatibus,
1073 5540 1215 5608 quod
1249 5540 1315 5594 ad
1369 5542 1819 5596 ultranaturalem
1873 5543 2025 5596 illum

456 5631 819 5698 piincipatum
858 5645 978 5683 sese
1025 5641 1363 5697 convertant,
1435 5648 1558 5686 cum
1599 5633 1829 5704 angelis,
1877 5635 2024 5704 quod

527 5785 574 5818 ”
595 5784 656 5816 “°
681 5783 825 5840 Psal.
859 5799 954 5852 cn,
979 5785 1068 5840 20.

2141 4616 2336 4686 ρανίων
2375 4615 2512 4667 νοῶν
2555 4616 2919 4687 διακόσμησις
2964 4618 3429 4690 τελεσιουργεῖται
3463 4619 3560 4689 μὲν
3605 4618 3689 4670 καὶ

2136 4705 2434 4768 φωτίζεται
2481 4703 2568 4758 διά
2617 4704 2718 4775 τῆς
2774 4707 2999 4778 πρώτης
3049 4709 3373 4778 ίεραρχικῆς
3408 4709 3690 4777 διακοσμήο

2138 4814 2296 4863 σεως,
2321 4797 2713 4868 διαπορθμεύει
2740 4798 2798 4853 δέ
2824 4803 2889 4871 τῇ
2926 4801 3044 4870 μετ’
3067 4802 3238 4872 αὐτὴν
3258 4805 3356 4866 τὰς
3383 4802 3685 4872 ἐλλάμψεις.

2147 4891 2212 4943 Ἡ
2245 4890 2307 4944 δὲ
2354 4907 2416 4958 γε
2448 4891 2559 4944 τῶν
2591 4891 2779 4962 ἀρχῶν
2813 4895 3098 4963 ἐπωνυμία
3129 4895 3190 4947 τὸ
3241 4895 3474 4958 θεοειδές
3521 4894 3688 4946 αὐτῶν

2135 4978 2389 5048 ἐμφαίνει
2425 4981 2520 5034 καὶ
2550 4981 2877 5050 ἡγεμονικὸν
2911 4986 3006 5035 καὶ
3033 4985 3098 5035 τὸ
3115 4985 3253 5052 πρὸς
3281 4986 3382 5054 τὴν
3411 4985 3689 5055 ἀρχοποιὲν

2135 5073 2426 5142 ἀρχὴν’ὠς
2483 5074 2709 5127 δυνατὸν
2745 5075 3184 5129 ἀποτυποῡσθαι.
3243 5077 3306 5129 Ἦ
3337 5077 3395 5129 δι
3433 5078 3538 5130 τῶν
3566 5077 3686 5145 ἀρχα

2137 5166 2388 5233 αγγέλων
2445 5166 2733 5236 ἐπωνυμία
2795 5168 2906 5220 τῶν
2967 5169 3154 5237 ἄκρων
3203 5169 3684 5240 ἀντιλαμϐάνεσθαι

2135 5258 2320 5325 δηλοῖο
2359 5259 2477 5321 ταῖς
2501 5260 2609 5328 γάρ
2636 5261 2833 5329 ἀρχαῖς
2873 5261 2967 5312 καὶ
2998 5263 3110 5325 τοῖς
3145 5259 3402 5328 ἀγγέλοις
3433 5262 3687 5320 κοινωνεῖ,

2134 5355 2257 5415 ταῖς
2287 5353 2385 5420 μὲν
2415 5352 2493 5404 ὅτι
2543 5352 2678 5421 πρὸς
2735 5352 2830 5421 τὴν
2875 5353 3201 5421 ὑπερούσιον
3255 5353 3428 5423 ἀρχὴν
3460 5351 3688 5422 ἀρχικῶς

2135 5445 2532 5513 ἐπέστραπται,
2571 5447 2679 5505 τοῖς
2709 5443 2764 5496 δὲ
2815 5445 2894 5496 ὅτι
2929 5445 3147 5516 καὶτῆς
3199 5446 3540 5516 ὑποφητικῆς
3580 5447 3686 5498 ἐστι

2134 5538 2343 5602 τάξεως
2373 5540 2468 5598 τὰς
2501 5535 2800 5606 θεαρχικὰς
2848 5535 3144 5606 ἐλλάμψεις
3183 5538 3273 5590 διά
3321 5537 3429 5590 τῶν
3463 5536 3682 5607 πρώτων

2135 5631 2542 5702 ὑποφαινομένη
2581 5628 2868 5699 δυνάμεων
2903 5631 2996 5683 καὶ
3053 5632 3164 5694 τοῖς
3221 5631 3476 5698 ἀγγέλοις
3525 5626 3684 5689 αὑτὰς
