3862 6228
215 344 313 431 155

1472 350 1876 409 ANNMJUM
1922 348 2109 405 PARS
2149 346 2190 406 ῐ.

3339 334 3440 400 ltiti

210 471 642 542 ἀπαγγέλλουσα.
676 468 739 524 ’11
793 469 851 523 δὲ
884 468 992 521 τῶν
1038 465 1287 536 ἀγγέλων
1327 462 1618 529 ἐπωνυμία
1669 462 1767 530 τὴν
1800 511 1802 519 γ

1915 458 2230 515 iliilominus
2259 456 2453 511 ordine
2492 456 2886 527 discipulorum
2921 468 3140 525 quoque
3190 453 3443 509 contine-

212 562 608 633 ὲκφαντορικὴν
636 559 818 614 αὐτῶν
854 558 1201 624 λειτουργίαν
1239 556 1595 624 παρίστησιν.

1875 564 2058 616 antur,
2113 553 2188 605 uti
2221 552 2314 619 qui
2344 551 2561 606 divinas
2606 550 2998 606 illustrationes
3026 565 3056 603 a
3093 547 3284 618 primis
3341 547 3449 602 illis

214 659 561 731 potestatibus
596 656 867 725 accipiant
895 664 951 709 et
978 652 1219 708 vicissim
1289 650 1497 719 angelis
1549 658 1844 718 exponant.
1886 648 2217 716 Angelorum
2282 648 2520 718 denique
2587 647 2910 702 vocabulum
2990 646 3448 718 significationem

213 751 493 809 ministerii
526 748 791 809 continet,
826 761 933 816 quo
962 760 1049 799 res
1080 743 1290 799 divinas
1322 740 1635 795 enuntiant.

284 842 521 906 Ἐδιιξεν
551 841 645 894 οὖν
681 843 708 892 6
738 840 897 907 λόγος
940 838 1016 900 ὡς
1066 838 1121 889 αἱ
1162 835 1379 906 πρῶται
1440 833 1763 913 μὲνλτάξεις

216 940 429 1007 ἁμέσως
474 937 537 988 ὲκ
578 932 714 987 Θεοῦ
746 934 845 996 τάς
888 931 1183 999 δλλάμψεις
1221 929 1493 998 δέχονται,
1538 926 1691 996 παρά
1718 926 1777 979 δὲ

217 1033 316 1084 τῶν
368 1028 601 1098 πρώτων
632 1027 687 1080 αἱ
722 1023 997 1093 δεύτεραι,
1032 1023 1127 1076 καὶ
1180 1018 1414 1088 καθεξῆς
1465 1020 1520 1070 αἱ
1567 1017 1774 1081 λοιπαὶ,

218 1123 451 1176 τουτέστι
488 1117 641 1188 παρά
666 1117 773 1170 τῶν
800 1117 1068 1183 δευτέρων
1100 1116 1156 1166 at
1187 1114 1391 1181 τρίται.
1424 1111 1547 1164 Ὀτι
1574 1109 1631 1183 δὲ
1664 1109 1781 1162 δια-

220 1213 354 1283 φορά
405 1212 490 1274 τίς
539 1212 657 1263 ἐστι
698 1206 849 1278 παρὰ
888 1209 1007 1269 ταῖς
1060 1208 1173 1261 ἄνω
1227 1203 1515 1271 δυνάμεσι,
1548 1201 1641 1255 καὶ
1696 1201 1778 1253 ὅτι

224 1303 353 1357 κατά
384 1321 445 1379 γε
476 1303 578 1369 τὴν
610 1302 799 1353 στάσιν
830 1298 924 1351 καὶ
948 1298 1101 1364 τάξιν
1128 1297 1306 1349 αὐτῶν
1338 1296 1432 1349 καὶ
1462 1294 1559 1365 τὴν
1582 1292 1782 1361 γνῶσιν

220 1397 417 1464 έχουσι,
481 1394 578 1447 καὶ
612 1396 639 1447 6
675 1393 951 1453 θειότατος
1005 1390 1250 1455 ὑπέδειξε
1303 1387 1572 1455 Κύριλλος
1616 1388 1674 1438 ὲν
1715 1386 1780 1452 τῇ

224 1487 380 1555 βίϐλῳ
410 1484 521 1537 τῶν
548 1482 857 1553 Θησαυρῶν
888 1480 1058 1543 οὕτως
1089 1480 1259 1532 είπών
1280 1495 1293 1510 ·
1331 1497 1350 1530 ι
1392 1477 1559 1531 Παντὶ
1584 1474 1785 1543 λογικῷ

224 1576 679 1646 συμμεμέτρηται
719 1576 752 1641 ἠ
781 1574 1002 1641 γνῶσις,
1048 1572 1122 1635 ὡς
1164 1571 1357 1641 ἑτέραν
1389 1571 1490 1639 μὲν
1523 1564 1660 1621 εἶναι
1697 1585 1785 1619 πι-

226 1669 424 1721 στεύειν
447 1670 506 1720 ὲν
543 1666 820 1733 ἀγγέλοις,
853 1656 1155 1735 μείζονσίδὲ
1188 1665 1243 1715 ὲν
1275 1660 1657 1732 ἀρχαγγέλοις,
1690 1662 1785 1711 καὶ

1954 836 2027 889 De
2061 836 2160 889 hac
2188 835 2518 891 indicatiune
2548 844 2735 889 nostra
2768 836 3113 903 perspicuum
3134 842 3216 889 est
3248 833 3453 901 primos

1880 926 2103 979 ordines
2138 926 2273 979 citra
2322 925 2559 980 medium
2596 924 2868 993 quoddam
2928 940 2958 977 a
2990 924 3101 979 Deo
3154 940 3281 979 suas
3330 926 3453 978 illu-

1882 1016 2177 1069 strationes
2236 1018 2519 1085 consequi,
2571 1016 2769 1071 deinde
2800 1032 2829 1069 a
2866 1016 3054 1086 primis
3104 1017 3391 1082 secundos,
3424 1032 3453 1070 a

1884 1107 2143 1162 secundis
2176 1107 2388 1161 tertios.
2423 1107 2692 1161 Caeterum
2719 1122 2841 1161 esse
2865 1107 3112 1175 quaedam
3147 1107 3292 1175 apud
3342 1122 3453 1161 coc-

1886 1202 2048 1255 lestes
2084 1200 2199 1254 illas
2235 1208 2536 1268 potestates
2567 1200 2902 1262 discrimina,
2944 1199 3197 1269 quodque
3224 1201 3311 1255 illa
3342 1201 3453 1270 ipsa

1887 1294 2123 1345 nmximc
2155 1292 2464 1346 consistant
2488 1291 2540 1346 in
2574 1293 2812 1361 ipsorum
2846 1302 2993 1347 statu
3024 1293 3218 1346 ordine
3247 1303 3304 1349 et
3332 1311 3429 1363 cog

1888 1383 2124 1448 nitionc,
2156 1382 2376 1436 divinus
2404 1382 2568 1436 etiam
2597 1384 2677 1435 vir
2706 1381 2939 1451 Cyrillus
2970 1383 3024 1436 in
3055 1368 3193 1434 libro
3228 1383 3460 1435 Thesau-

1890 1492 2069 1529 rarum
2104 1489 2204 1527 suo
2228 1474 2413 1537 docet,
2444 1488 2509 1527 ac
2540 1473 2691 1527 hisce
2721 1474 2943 1542 quidem
2970 1472 3151 1527 verbis
3190 1489 3203 1526 :
3240 1472 3461 1525 «Omnis

1888 1577 2080 1621 natura
2112 1568 2384 1637 particeps
2418 1566 2665 1632 rationis,
2690 1566 2853 1620 etiam
2879 1566 3206 1641 cognitionis
3239 1566 3461 1619 modum

1895 1674 2316 1727 mensuramque
2342 1666 2547 1711 certam
2580 1657 2766 1720 habet,
2832 1658 2904 1709 ita
2954 1645 3012 1710 ιιί
3060 1656 3207 1709 credi
3256 1671 3350 1725 par
3394 1658 3464 1709 sit

224 1758 295 1811 ἔτι
336 1758 544 1819 ταύτας
600 1757 979 1826 ὑπερέχουσαν
1022 1756 1079 1807 έν
1115 1756 1235 1816 ταῖς
1262 1752 1521 1822 ἀνωτέρω
1550 1751 1787 1819 δυνάμε-

1910 1750 2053 1804 iliam
2084 1751 2135 1803 in
2164 1749 2369 1819 angelis
2398 1763 2518 1802 esse
2542 1748 2811 1816 aliamque
2846 1748 3109 1816 majorem
3142 1748 3194 1799 in
3228 1748 3459 1800 archan-

226 1868 319 1902 σιν.
365 1869 384 1901 »
431 1850 597 1903 Ἀ)λὰ
630 1849 721 1901 καὶ
757 1850 784 1902 6
820 1848 1183 1918 Δαμασκηνὸς
1217 1845 1474 1913 Ἰωάννης
1504 1846 1631 1915 περὶ
1666 1844 1787 1895 τού-

225 1960 323 1995 των
349 1942 522 2003 οὕτως
552 1940 720 2011 φησί’
763 1959 782 1990 «
824 1938 1188 2009 Διαφέρονται
1227 1937 1283 1990 δὲ
1322 1936 1569 2005 ἀλλήλων
1594 1936 1651 1987 αἱ
1676 1935 1788 1989 ἀνω

224 2035 467 2103 δυνάμεις
496 2034 579 2104 τῷ
610 2034 877 2103 εξωτισμῷ
919 2033 1011 2085 καὶ
1042 2032 1109 2100 τῇ
1146 2022 1353 2094 στάσει,
1390 2030 1502 2081 εἴτε
1534 2027 1670 2098 πρὸς
1699 2027 1788 2078 τὸν

228 2127 495 2196 φωτισμὸν
526 2128 633 2197 τὴν
659 2125 848 2179 στάσιν
880 2124 1120 2193 ἔχοντες,
1149 2121 1260 2175 εἴτε
1292 2120 1428 2191 πρὸς
1466 2122 1565 2190 τὴν
1596 2119 1785 2174 στάσιν

230 2219 311 2271 τοῦ
345 2218 632 2288 φωτισμοῦ
672 2217 1020 2287 μετέχοντες,
1054 2216 1147 2267 καὶ
1172 2213 1433 2282 ἀλλήλους
1467 2211 1790 2280 φωτίζοντες

228 2311 307 2363 διὰ
325 2312 380 2363 τὸ
411 2310 683 2379 ὑπερέχον
712 2310 812 2378 τῆς
840 2306 1096 2373 τάξεωςῆ
1124 2306 1391 2375 φύσεως.»
1421 2305 1589 2375 Δῆλον
1616 2305 1694 2365 δὲ,
1721 2304 1795 2367 ὼς

230 2390 315 2455 καὶ
343 2402 553 2457 ἀνωθεν
586 2401 828 2471 εἴρηται,
853 2401 932 2452 ὃτι
965 2398 1014 2449 oi
1055 2399 1412 2467 ὑπερέχοντες
1447 2400 1559 2460 τοῖς
1604 2396 1799 2449 67:06a-

230 2494 408 2561 δηκόσι
460 2494 809 2565 μεταδιδόασι
836 2492 927 2544 τοῦ
954 2509 1015 2543 τε
1041 2491 1327 2559 φωτισμοῦ
1370 2493 1461 2542 καὶ
1518 2490 1791 2555 γνώσεως.

1892 1843 2051 1913 gelis,
2083 1856 2245 1910 quam
2275 1841 2445 1910 ipsam
2487 1855 2703 1909 quoque
2732 1848 2954 1910 superet
2977 1855 3040 1894 ea
3068 1856 3185 1909 qum
3213 1839 3464 1892 sublimi-

1895 1934 2083 1987 oribus
2114 1932 2167 1985 in
2204 1930 2564 2002 potestatibus
2590 1930 2862 1984 exsistit.»
2923 1930 3124 1983 Eadem
3177 1929 3242 1981 de
3291 1944 3347 1981 re
3374 1927 3466 1979 Ju-

1897 2039 2072 2078 annes
2105 2021 2473 2075 Damascenus
2538 2022 2855 2091 itadisscrit
2894 2040 2905 2073 :
2942 2040 2959 2072 «
3006 2019 3313 2089 Poteslates
3363 2020 3466 2071 illa:

1894 2128 2147 2183 supernae
2180 2122 2283 2165 tam
2312 2111 2709 2171 illuminatione
2747 2125 2910 2178 quam
2971 2110 3163 2181 ordine
3212 2118 3467 2177 statuque

1899 2208 2180 2268 ditl'erunt,
2199 2205 2312 2259 sive
2332 2204 2467 2257 adeo
2487 2218 2583 2273 pro
2603 2202 3018 2256 illuminationis
3036 2203 3247 2256 ratione
3294 2211 3469 2255 statu»-

1899 2290 2139 2367 ipsarum
2190 2284 2534 2365 comparatus
2558 2306 2680 2358 est,
2724 2296 2838 2349 sive
2892 2308 2987 2363 pro
3032 2282 3243 2347 ratione
3298 2304 3471 2347 status

1901 2388 2317 2443 illuminationis
2341 2386 2633 2456 participes
2652 2386 2810 2448 ﬁunt,
2831 2394 2885 2438 et
2903 2385 2991 2438 alii
3011 2384 3142 2437 alios
3164 2384 3471 2437 illuminant

1902 2489 2121 2552 prOpter
2159 2477 2535 2533 excellentiam
2584 2476 2665 2529 vel
2700 2476 2909 2531 ordinis
2960 2478 3041 2529 vel
3086 2487 3311 2529 natum.
3348 2494 3365 2525 ι
3416 2475 3471 2528 Id

232 2587 437 2656 quidem
474 2586 829 2657 perspicuum
859 2597 967 2648 est,
1003 2586 1147 2654 quod
1200 2585 1453 2653 superius
1483 2586 1651 2639 etiam
1690 2591 1777 2639 est
1827 2580 2149 2642 indicatum,
2196 2571 2605 2631 excellentiores
2638 2588 2760 2627 cum
2810 2572 3155 2633 inlerioribus
3199 2580 3305 2626 tam
3347 2572 3476 2626 illu‘

235 2678 576 2735 minationem
604 2693 764 2748 quam
798 2680 1163 2749 cognitionem
1195 2694 1347 2734 suam
1378 2679 1804 2733 communicare.

297 2769 430 2837 Πρὸς
464 2764 581 2829 τοῖς
612 2769 924 2837 εἰρημένοις
955 2768 1010 2821 δὲ
1039 2766 1135 2821 καὶ
1164 2767 1321 2819 τοῦτό
1353 2784 1540 2837 φησιν,
1581 2769 1662 2820 ὅτι
1704 2769 1800 2821 καὶ

1968 2776 2176 2831 Ρτωιθι·
2206 2774 2319 2829 haec
2343 2774 2507 2828 tradit
2532 2773 2674 2828 idem
2702 2774 2814 2843 79
2849 2783 3147 2843 potestates
3180 2774 3342 2827 hasce
3364 2788 3473 2827 cae-

236 2861 546 2927 φυλάττουσι
575 2862 717 2930 μέρη
738 2861 832 2929 τῆς
849 2861 950 2930 γῆς
980 2861 1035 2914 αί
1059 2861 1171 2914 ἀνω
1204 2861 1483 2929 δυνάμεις,
1511 2861 1603 2913 καὶ
1628 2860 1798 2913 ἑθνιῖιν

1910 2870 2069 2923 lestes
2103 2867 2397 2921 attributas
2422 2867 2526 2921 sibi
2559 2874 2715 2920 terra:
2747 2878 2930 2936 partes
2951 2866 3249 2931 custodire,
3282 2868 3475 2921 certis-

238 2954 321 3006 καὶ
370 2953 553 3007 τόπων
612 2954 989 3021 προΐστανται,
1044 2952 1226 3014 καθὼς
1262 2953 1366 3006 ὑπὸ
1407 2953 1499 3004 τοῦ
1537 2956 1803 3024 Δημιουρ-

210 3045 323 3123 κγοῦ
357 3046 697 3116 ἐτάχθησαν.
734 3047 855 3098 Ὀτι
887 3046 941 3097 δὲ
976 3045 1150 3097 ταῦτα
1182 3044 1357 3107 οὕτως
1390 3044 1525 3115 ἔχει,
1564 3047 1656 3100 καὶ
1688 3048 1715 3098 6
1743 3048 1799 3098 ἐν

1898 2973 2007 3027 que
2036 2957 2276 3027 singulas
2312 2968 2425 3010 tum
2468 2957 2782 3011 nationibus
2810 2967 2923 3011 tum
2960 2958 3091 3012 locis
3122 2973 3245 3012 cum
3307 2958 3478 3026 impe-

1902 3053 1986 3109 rio
2019 3060 2396 3121 potestateque
2426 3048 2504 3102 sic
2530 3063 2783 3117 pra-csse,
2836 3051 3294 3118 quemadmodum
3346 3052 3480 3121 ipsis

244 3139 607 3209 πατριάρχαις
632 3139 929 3221 ἁγιώτατος
950 3139 1225 3209 Γερμανὸς
1246 3137 1628 3208 ἀριδηλότερον
1645 3137 1802 3192 τοῦτο

1910 3146 1977 3198 ab
2000 3143 2197 3211 Opilice
2225 3157 2408 3197 rerum
2439 3142 2819 3212 praescriptum
2856 3142 2946 3195 sit.
2985 3142 3117 3207 Qum
3147 3144 3365 3212 quidem
3407 3145 3479 3196 ita

240 3232 581 3301 παρίστησιν.
628 3231 713 3284 Ἐν
742 3231 849 3301 γάρ
885 3231 963 3300 τῷ
992 3222 1073 3295 είς
1114 3230 1214 3301 τὴν
1246 3230 1504 3301 κοίμησιν
1532 3231 1632 3300 τῆς
1675 3230 1801 3284 Θεο-

244 3324 463 3395 μήτορος
502 3326 651 3394 λόγῳ
690 3323 855 3378 αὑτοῦ
903 3324 1000 3377 καὶ
1038 3325 1163 3378 τάδε
1196 3326 1326 3396 περὶ
1360 3324 1553 3378 τούτου
1600 3327 1798 3395 φησίν·

247 3433 262 3463 ι
302 3417 445 3485 Ἀμα
471 3418 552 3486 τῷ
590 3415 856 3483 συστῆναι
880 3417 948 3468 τὰ
976 3416 1084 3469 τῶν
1104 3416 1410 3486 ἀνθρώπων
1442 3417 1601 3487 γένη,
1638 3418 1799 3486 ἄγγε-

243 3507 315 3561 λοι
367 3511 462 3580 τῆς
529 3510 738 3562 τούτων
811 3509 955 3578 ζωῆς
1017 3509 1403 3579 ἐπιτροπεύειν
1478 3510 1800 3579 ἐτάχθησαν.

154 3622 155 3625 η
248 3602 468 3671 Ἔστησε
499 3602 633 3673 γὰρ,
660 3602 844 3672 φησὶν,
870 3604 993 3673 ὅρια
1034 3603 1205 3657 ἐθνῶν
1227 3604 1367 3658 κατὰ
1384 3604 1617 3674 ἀριθμὸν
1640 3607 1807 3671 ἀγγέ-

243 3696 341 3747 λων
378 3695 532 3761 Θεοῦ,
569 3696 666 3749 καὶ
722 3696 1065 3766 παρεμϐαλεῖ
1096 3697 1326 3765 ἄγγελος
1378 3699 1584 3767 Κυρίου
1623 3698 1808 3766 κύκλῳ

246 3784 344 3837 τῶν
367 3786 716 3855 φοϐουμένων
743 3786 1138 3841 αὐτόν.Ἦνίκα
1153 3789 1210 3841 δὲ
1240 3790 1321 3850 είς
1362 3788 1809 3858 εἱδωλολατρείαν

254 3877 298 3927 οἱ
329 3878 603 3946 ἀνθρωττοι
657 3876 958 3949 ἐξέκλιναν,
974 3864 1266 3949 διέστησαν
1308 3868 1403 3932 ἀπ⁴
1433 3880 1612 3934 αὐτῶν
1638 3881 1731 3932 καὶ
1758 3880 1808 3930 οἱ

249 3966 479 4034 ἄγγελοι.
532 3970 673 4022 Καθ’
706 3969 765 4022 ὃν
805 3969 860 4022 δὲ
900 3971 1085 4023 λοιπὸν
1125 3970 1302 4024 ἔτικτε
1345 3972 1535 4041 καιρὸν
1561 3974 1594 4041 ἡ
1642 3970 1813 4024 πανά-

254 4076 455 4127 μωμος,
493 4060 789 4131 ἡνώθησαν
827 4062 897 4114 τὰ
935 4063 992 4116 ὲν
1023 4063 1235 4134 οὐρανῷ
1271 4066 1384 4126 τοῖς
1415 4064 1507 4115 ἐπὶ
1552 4066 1675 4132 γῆς,
1720 4058 1812 4115 καὶ

254 4149 532 4220 σύμφωνον
578 4153 884 4221 πολίτευμα
924 4156 1148 4220 γέγονεν
1188 4156 1439 4221 ἀγγέλοις
1469 4156 1562 4207 καὶ
1601 4154 1812 4222 ἀνθρώ..

256 4257 390 4305 ποις,
420 4245 510 4294 καὶ
545 4246 645 4311 μία
675 4238 973 4311 δοξολογία.
1017 4262 1035 4295 r
1072 4230 1325 4297 Τοιοῦτον
1354 4244 1409 4295 δέ
1438 4261 1489 4297 τι
1516 4244 1606 4296 καὶ
1626 4246 1653 4295 6
1681 4260 1813 4312 χρυ-

260 4335 542 4404 σοῤῥήμων
562 4336 815 4404 Ἰωάννης
845 4337 973 4404 περὶ
999 4334 1107 4386 τῶν
1143 4335 1392 4403 ἀγγέλων
1413 4335 1651 4399 διέξεισι.
1676 4331 1815 4404 Φησλ⁵

258 4427 344 4476 καὶ
376 4430 481 4495 γὰρ
512 4428 599 4477 ὅτι
635 4428 661 4477 6
694 4414 980 4495 προφήτης
1008 4419 1214 4496 ’Δανιὴλ
1254 4427 1398 4496 μέγα
1424 4444 1474 4478 τι
1507 4427 1695 4497 χρῆμα
1722 4428 1811 4477 λέ-

1907 3250 1966 3288 se
1992 3234 2193 3288 habere
2237 3233 2621 3288 sanctissimus
2680 3233 2769 3287 ille
2831 3233 3140 3301 patriarcha
3175 3234 3481 3288 Germanus

1907 3326 2177 3382 illustrius
2215 3327 2477 3381 declarat.
2512 3326 2720 3381 Etenim
2752 3326 2804 3379 in
2832 3325 3078 3379 oratione
3111 3326 3178 3380 de
3208 3326 3485 3380 obdormi-

1908 3423 2059 3475 tione
2118 3420 2209 3473 Dei
2261 3419 2559 3474 Genitricis
2596 3421 2707 3473 haec
2762 3420 2928 3471 verba
2992 3418 3164 3488 ipsius
3219 3426 3479 3472 exstant:

1914 3510 2079 3565 «Cum
2112 3525 2282 3580 genus
2316 3511 2614 3564 humanum
2647 3510 2928 3564 conditum
2958 3519 3127 3575 esset,
3175 3508 3353 3579 angeli
3400 3508 3483 3562 di-

1910 3605 2113 3659 vinitus
2142 3604 2421 3658 constituti
2451 3614 2602 3669 sunt,
2658 3605 2749 3673 qui
2810 3604 2935 3658 vita:
2981 3603 3222 3673 ipsorum
3276 3612 3482 3658 tutores

1910 3708 2095 3756 essent
2127 3706 2289 3765 atque
2314 3696 2593 3765 praesides.
2632 3695 2722 3749 Sic
2753 3696 2897 3748 enim
2928 3696 3290 3765 perscriptum
3316 3696 3486 3749 sacris

1916 3788 1967 3839 in
2001 3786 2220 3840 Litteris
2255 3787 2483 3856 legimus
2522 3788 2836 3839 «nationum
2879 3787 3078 3840 limites
3137 3803 3234 3855 pro
3264 3787 3485 3855 angelo-

1912 3893 2036 3932 rum
2074 3878 2167 3933 Dei
2204 3893 2434 3932 numero
2474 3879 2717 3931 statuit.»
2755 3879 2886 3932 ltem
2920 3897 2931 3931 :
2978 3879 3244 3948 «Angelus
3272 3878 3484 3931 Domini

1912 3969 2122 4021 circum
2149 3968 2407 4022 timentes
2436 3983 2561 4022 eum
2599 3979 2777 4024 castra
2810 3969 3104 4022 munit“.i
3141 3967 3270 4023 Inde
3306 3969 3484 4021 homi-

1924 4060 2083 4114 nibus
2109 4061 2176 4114 ad
2212 4061 2553 4115 deastrorum
2610 4062 2790 4116 cultus
2834 4061 3272 4121 exorbitantibus
3310 4063 3485 4130 angeli

1914 4167 2132 4221 quoque
2162 4152 2231 4206 ab
2286 4151 2369 4206 eis
2418 4136 2786 4209 recesserunt.
2852 4151 3056 4208 Verum
3095 4166 3201 4221 quo
3228 4152 3488 4221 deinceps

1918 4256 2163 4313 tempore
2203 4244 2354 4314 virgo
2388 4244 2680 4312 pusissima
2712 4244 2953 4313 peperit,
2986 4243 3229 4298 caelestia
3265 4258 3483 4297 rursum

1918 4354 2043 4393 cum
2073 4340 2307 4394 terrenis
2337 4341 2488 4391 unita
2518 4346 2668 4399 sunt,
2709 4337 2999 4408 angelique
3026 4346 3151 4391 cum
3177 4335 3493 4389 hominibus

1922 4430 2132 4486 versari
2164 4445 2228 4483 ac
2263 4428 2431 4483 Deum
2465 4429 2742 4483 celebrare
2769 4426 3246 4486 consentientibus
3298 4428 3495 4481 animis

258 4531 334 4581 γει
364 4520 485 4578 τοὺς
516 4508 783 4585 ἀγγέλους
830 4515 991 4583 εἶναι,
1034 4519 1417 4589 προστάγματι
1464 4519 1519 4570 δὲ
1552 4518 1685 4570 Θεοῦ
1715 4520 1802 4570 πᾶ·

1922 4510 2226 4588 οωρέτυιιι.
2264 4517 2561 4591 Consimile
2592 4518 2658 4571 de
2708 4517 2916 4586 angelis
2946 4516 3205 4585 quiddam
3263 4515 3495 4587 Chryso-

263 4619 352 4654 σαν
376 4606 471 4674 τὴν
506 4609 684 4658 κτίσιν
707 4607 986 4678 διαλαχεῖν
1019 4609 1111 4661 καὶ
1145 4609 1254 4660 τῶν
1286 4609 1455 4662 ἐθνῶν
1478 4612 1815 4671 ἐπιστατεῖν,

266 4696 347 4747 καὶ
392 4697 599 4749 τούτων
646 4699 740 4750 τὸν
782 4699 880 4767 μὲν
916 4700 1042 4762 τοὺς
1082 4701 1295 4770 Πέρσας
1340 4703 1562 4770 ἐφορᾷν,
1617 4700 1709 4754 τὸν
1762 4699 1818 4752 δὲ

266 4782 600 4857 ἀρχάγγελον
646 4790 866 4859 Μιχαὴλ
901 4794 992 4843 τὸν
1050 4795 1112 4845 ἐκ
1146 4776 1450 4863 περιτομῆς
1490 4794 1617 4846 λαὸν
1647 4811 1817 4863 φρου-

268 4882 391 4945 ρεῖν.
422 4882 691 4951 Σλστῆναι
714 4883 769 4934 δὲ
795 4874 903 4944 τοῖς
932 4886 1146 4951 εφὸροις
1173 4885 1337 4953 ἄμφω
1358 4885 1816 4954 διατεληκτισμὸν,

267 4971 323 5022 ού
379 4974 514 5025 κατά
554 4976 724 5037 πάν)ος
768 4976 937 5045 ὀργῇς
971 4978 1103 5045 (18),
1140 4978 1275 5028 ἀλλὰ
1324 4981 1463 5029 κατὰ
1520 4979 1660 5030 θεῖόν
1700 4996 1825 5031 τινα

270 5066 353 5113 καὶ
385 5066 699 5136 ἀπόρρητον
731 5070 907 5134 λόγον,
957 5068 1050 5119 τοῦ
1086 5069 1184 5136 μὲν
1219 5069 1488 5121 δουλεύειν
1534 5069 1825 5131 Ἰουδιίους

274 5154 498 5224 Πέρσαις
532 5158 931 5226 ἀναγκάζοντος
967 5161 1040 5221 ὡς
1070 5160 1162 5213 τοῦ
1204 5160 1339 5212 Θεοῦ
1371 5162 1527 5231 δῆθεν
1553 5179 1829 5231 καταφρο-

276 5250 453 5315 “σηῑάς,
487 5252 581 5303 τοῦ
610 5253 661 5303 δὲ
693 5254 829 5324 πρὸς
860 5254 955 5321 τὴν
988 5254 1307 5324 ἐλευθερίαν
1347 5255 1699 5312 ἀνθέλκοντος
1736 5258 1830 5307 καὶ

274 5337 543 5405 λέγοντος·
592 5362 608 5393 ι
644 5344 875 5409 Παῦσαι,
906 5344 1135 5415 Περσῶν
1171 5342 1477 5413 προστάτα·
1512 5348 1538 5395 6
1567 5345 1671 5417 γὰρ
1698 5346 1828 5409 Θεὸς

345 5495 382 5527 ⁶¹
419 5498 560 5551 Psal.
596 5514 822 5561 xxxvm,
857 5499 910 5553 8.

348 5638 453 5703 (l8)
485 5638 540 5691 in
571 5638 625 5692 ρ.
655 5638 844 5691 codice
878 5642 1093 5707 negatio
1148 5641 1207 5691 οὐ
1245 5641 1379 5692 κατὰ
1449 5641 1618 5699 πάθος
1666 5641 1834 5707 ὀργῆς

284 5720 525 5774 expressa
576 5708 872 5776 reperitur,
931 5727 1051 5777 qum
1110 5712 1250 5764 haud
1306 5711 1471 5765 dubie
1549 5711 1676 5763 huic
1716 5712 1836 5765 loco

286 5791 495 5841 prorsus
528 5777 837 5833 necessaria
872 5792 975 5844 est,
1011 5796 1323 5850 quanquam
1380 5781 1435 5833 in
1490 5778 1836 5836 Vallicellanu

1924 4624 2133 4667 stomus
2167 4624 2384 4679 quoque
2434 4618 2852 4663 commemorat.
2907 4608 3092 4672 Vates,
3144 4609 3339 4676 inquit,
3392 4609 3497 4662 Da-

1926 4705 2105 4758 nielus
2131 4703 2350 4771 angelos
2384 4701 2645 4755 eximium
2687 4699 2947 4769 quiddam
2980 4715 3101 4757 esse
3158 4703 3341 4766 tradit,
3374 4702 3497 4757 Dei-

1925 4812 2031 4865 que
2057 4797 2212 4864 jussu
2247 4804 2552 4848 creaturam
2589 4793 2899 4846 universam
2926 4792 2981 4845 in
3007 4807 3102 4846 eos
3124 4793 3493 4854 distributum,

1928 4888 2019 4959 qui
2059 4889 2339 4941 nationum
2369 4900 2587 4954 quoque
2612 4885 2722 4937 sint
2756 4884 3037 4953 pra-sides.
3069 4885 3245 4937 Alium
3285 4887 3339 4937 in
3362 4884 3495 4937 Per-

1929 4996 2018 5033 sas
2054 4978 2257 5033 deﬁxos
2283 4977 2472 5030 oculos
2498 4976 2723 5041 habere,
2753 4975 3073 5029 Michaelum
3113 4977 3499 5046 archangelum

1932 5090 2029 5143 pro
2065 5071 2264 5141 pepulo
2298 5069 2627 5122 circumciso
2658 5067 2914 5121 excubias
2948 5081 3128 5134 agere.
3164 5067 3304 5132 Quin
3336 5069 3498 5121 etiam

1932 5167 2071 5218 mter
2090 5166 2368 5229 utriusque
2390 5160 2625 5213 nationis
2645 5159 2901 5228 praesides
2916 5157 3077 5211 hosce
3096 5160 3500 5211 contentionem

1935 5273 2001 5311 cx
2035 5255 2318 5308 iracundia
2345 5253 2634 5322 quamdam
2664 5252 2886 5313 oboriri,
2915 5251 3077 5311 modo
3101 5251 3309 5304 scilicet
3341 5251 3507 5301 ratio-

1937 5362 2113 5415 neque
2144 5344 2323 5398 divina
2355 5352 2407 5397 et
2450 5343 2735 5405 ineffabili,
2770 5344 2897 5395 dum
2927 5343 3013 5396 ille
3038 5341 3258 5410 quidem
3290 5338 3503 5393 Judaaos

1946 5659 2099 5718 erasa
2132 5645 2435 5708 fuerit,nce
2461 5647 2513 5701 in
2549 5662 2647 5701 suo
2674 5645 2935 5713 repererit
2986 5638 3511 5718 Leunclaviuquui

1945 5726 1995 5765 et
2032 5716 2292 5767 aliorsum
2331 5719 2493 5769 vertit
2557 5718 2879 5785 pz=rticulmn
2933 5714 3326 5785 adversantem
3378 5714 3512 5769 ἀλλὰ

1947 5787 2095 5838 modo
2127 5787 2321 5839 scilicet
2350 5777 2654 5854 rationique
2682 5786 2855 5837 (Irim:
2896 5792 2940 5835 et
2977 5779 3146 5847 inc/Iul
3167 5777 3245 5829 ili.
