3862 6228
392 348 492 411 167

1682 348 2108 428 ΜῌΖΗΑΕΙΛΞ
2146 351 2411 413 61.ῩοΑέ

3559 352 3657 421 168

388 466 574 525 Persis
606 467 813 521 servire
844 466 987 537 cogit
1018 473 1073 520 ut
1104 464 1200 519 Dei
1252 473 1681 535 contemptores,
1731 466 1820 521 hic
1849 481 1944 521 ver

2085 467 2285 537 ἔπληξε
2320 469 2421 530 μὲν
2451 470 2885 539 ἁμαρτάνοντας,
2934 471 3433 542 ἐπιστρεφομένους
3464 469 3522 525 δὲ
3558 475 3660 526 οὐκ

384 574 455 616 ex
487 560 590 614 alia
626 568 780 628 parte
817 558 872 610 in
907 557 1218 611 libertatem
1257 557 1520 623 vindicat,
1558 572 1623 612 ac
1658 555 1810 612 hisce
1839 574 1964 613 ver-

2076 560 2507 629 ἀποστρέφεται.
2550 580 2570 612 »

388 654 473 711 his
505 655 673 708 tttitur
707 669 721 706 :
760 650 1013 715 «Desine,
1040 651 1332 706 Persarum
1364 664 1607 720 praeses;
1665 666 1790 705 nam
1842 662 2141 721 peccantes
2168 652 2392 723 quidem
2434 656 2538 710 hos
2578 656 2828 711 multavit
2873 656 3170 728 amisitque
3238 656 3407 725 Deus,
3470 672 3657 714 verum

384 753 449 805 ad
489 766 547 805 se
578 762 876 802 conversos
907 762 1017 801 non
1045 756 1350 802 aversatur.
1386 764 1404 796 »

449 843 570 898 Jam
630 841 860 913 singulis
916 843 1084 896 etiam
1152 840 1395 895 ﬁdelium
1451 839 1645 895 adesse
1701 838 1964 895 custodire

381 954 546 991 causa
590 937 838 990 divinum
870 936 1145 1006 angelum,
1179 933 1527 1004 maguusillc
1550 933 1786 990 Basilius
1821 934 1964 988 inter

380 1034 518 1087 alios
553 1031 798 1084 tradidit.
835 1027 1336 1095 Quemadmodum,
1376 1028 1579 1097 inquit,
1630 1038 1762 1095 apes
1794 1026 1963 1097 abigit

380 1128 563 1178 turnus
591 1162 604 1185 ,
639 1133 693 1176 et
720 1122 999 1176 columbas
1030 1119 1450 1189 depellitloetor,
1487 1120 1564 1173 sic
1621 1129 1676 1173 et
1705 1118 1827 1173 vita:
1855 1134 1957 1173 no-

378 1226 503 1269 strte
533 1215 816 1269 custodem
850 1213 1101 1284 angelum
1141 1211 1327 1266 multis
1362 1211 1756 1280 deplorandum
1788 1212 1961 1282 lacry-

378 1314 483 1363 mis
520 1309 825 1377 foetensque
851 1315 1142 1377 peceatum
1172 1320 1200 1359 a
1234 1305 1395 1359 nobis
1427 1306 1686 1376 seiungit.
1717 1304 1874 1360 idem
1906 1314 1961 1359 et

376 1405 757 1458 Theodorctus
790 1402 1012 1455 indicat.
1046 1400 1180 1454 Nam
1210 1400 1266 1453 in
1287 1399 1687 1469 'l‘herapeutica
1710 1415 1805 1454 sua
1837 1413 1960 1453 ver-

376 1496 458 1548 bis
490 1495 637 1548 hisce
674 1492 881 1548 utitur:
922 1493 1137 1547 «Elatus
1179 1492 1437 1562 superbia
1495 1492 1747 1547 diaboltts
1772 1492 1960 1561 lapsus

278 1570 289 1575 ’
374 1601 495 1640 esse
526 1586 723 1649 fertur,
762 1601 825 1640 ac
853 1576 1132 1654 deinceps'
1155 1585 1421 1639 adversus
1451 1582 1707 1639 homines
1727 1599 1958 1638 exorna-

376 1687 458 1731 tos
491 1677 724 1748 imagine
752 1676 938 1730 divina
1002 1679 1186 1731 furore
1218 1676 1451 1745 quodam
1488 1675 1787 1738 exarsisse,
1845 1676 1957 1730 hel-

372 1773 594 1840 tumque
616 1770 877 1824 adversus
908 1768 1056 1838 ipsos
1111 1769 1440 1837 suscepisse.
1504 1766 1612 1823 [lac
1663 1769 1730 1823 de
1792 1760 1985 1823 causa-

2134 840 2267 897 ’Ὅτι
2304 842 2357 897 δὲ
2414 844 2555 908 θεῖος
2603 843 2834 913 ἄγγελος
2884 847 2964 900 ἐνὶ
3021 845 3241 918 ἑκάστῳ
3296 846 3652 918 προσεδρεύει

2072 933 2178 987 τῶν
2202 936 2408 989 πιστῶν
2444 937 2684 1006 φυλακῆς
2714 937 2921 1003 ἕνεκεν,
2954 939 3260 1010 διείληπται
3312 940 3415 1008 μὲν
3454 940 3652 1009 καὶτῷ

2073 1028 2294 1099 μεγάλῳ
2326 1029 2595 1098 Βασιλείῳ
2620 1029 2858 1100 λέγοντιο
2894 1050 2913 1083 ι
2958 1032 3032 1097 Ως
3062 1032 3162 1097 τὰς
3193 1033 3455 1103 μελίσσας
3483 1051 3656 1103 φυγα-

2064 1122 2208 1175 δέύει
2242 1124 2445 1184 καπνὸς
2472 1124 2564 1175 καὶ
2594 1124 2692 1187 τὰς
2725 1126 3054 1196 περιστεράς
3089 1125 3362 1191 ἐξελαύνει
3395 1126 3653 1207 δυσωδῐα,

2058 1212 2206 1265 οὕτω
2233 1215 2330 1266 καὶ
2361 1215 2453 1267 τὸν
2491 1214 2710 1283 φύλακα
2737 1217 2837 1281 τῆς
2865 1216 3010 1287 ζωῆς
3042 1218 3201 1289 ἡμῶν
3233 1217 3472 1287 ἄγγελον
3500 1220 3534 1287 ἠ
3559 1234 3653 1273 πο-

2059 1304 2330 1373 λύδακρυς
2353 1304 2448 1356 καὶ
2464 1304 2710 1374 δυσώδης
2741 1305 2835 1373 ἀφ’
2860 1306 3020 1376 ἡμῶν
3051 1307 3319 1377 διίστησιν
3347 1307 3648 1378 ἁμαρτία.»

2060 1398 2171 1466 Οὐχ
2198 1383 2364 1467 ἦττον
2397 1396 2454 1449 δὲ
2499 1397 2566 1449 τὰ
2610 1401 2738 1467 περὶ
2768 1400 2960 1451 τούτου
3001 1399 3093 1452 καὶ
3144 1400 3293 1470 αὐτῷ
3321 1400 3402 1461 τῷ
3447 1397 3653 1452 Θεοδω-

2066 1492 2214 1560 Ρῆτῳ
2264 1489 2582 1559 δεδήλωται.
2625 1490 2713 1543 Ἐν
2763 1491 2874 1562 γὰρ
2926 1493 2993 1563 τῇ
3049 1491 3434 1562 Θεραπευτικῇ
3486 1491 3649 1543 αὑτοῦ

2066 1582 2191 1635 τάδε
2237 1583 2423 1651 φησίνο
2463 1600 2481 1633 ι
2525 1582 2818 1651 Ἐπαρθεὶς
2847 1584 2875 1637 ὁ
2904 1582 3155 1647 διάϐολος
3178 1583 3400 1651 λέγεται
3430 1599 3649 1637 πεπτω-

2067 1668 2244 1734 κέναι.
2274 1670 2393 1725 εἶτα
2415 1671 2553 1725 κατά
2585 1671 2696 1726 τῶν
2726 1672 3030 1745 ἀνθρώπων
3052 1674 3128 1738 ὼς
3158 1674 3328 1728 εἰκόνι
3351 1673 3474 1744 θείᾳ
3504 1692 3648 1727 τετι-

2068 1764 2328 1834 μημένων
2368 1763 2658 1833 λυττῆσαι,
2694 1764 2789 1818 καὶ
2821 1765 2915 1820 τὸν
2943 1765 3084 1818 κατὰ
3136 1763 3345 1820 τούτων
3388 1764 3650 1829 ἀναδέξα-

373 1879 549 1917 rerum
585 1861 838 1932 opificem
879 1877 978 1933 per
1006 1862 1324 1931 angelorum
1360 1861 1759 1930 inspectioncm
1795 1872 1944 1932 atquc

2067 1860 2190 1910 σθαι
2244 1856 2502 1925 πόλεμον.
2537 1857 2728 1911 Ἔνθεν
2771 1874 2852 1911 τοι
2884 1858 2976 1913 καὶ
3007 1858 3101 1913 τὸν
3153 1859 3386 1930 ποιητὴν
3438 1861 3504 1928 τῇ
3542 1860 3648 1910 τῶν

373 1956 597 2008 tutelam
629 1969 801 2024 genus
834 1954 1137 2006 humanum
1172 1952 1477 2016 custodire,
1511 1968 1581 2006 ne
1612 1968 1710 2023 per
1739 1953 1846 2007 vim
1892 1969 1952 2007 ac

372 2044 716 2114 tyrannidem
770 2042 1280 2111 inadspcctabiliter
1315 2057 1410 2096 eos
1455 2056 1767 2113 aggressus,
1814 2058 1953 2112 quos

369 2132 485 2188 biit
515 2152 579 2187 cx
621 2134 850 2199 invidia,
893 2132 1027 2186 citra
1054 2132 1379 2202 cujusquam
1428 2143 1634 2188 metunt
1667 2148 1733 2188 ac
1779 2133 1953 2189 libere

372 2229 617 2301 perdat.»
650 2227 784 2293 Quze
815 2227 1039 2294 quidem
1069 2227 1141 2280 ita
1172 2241 1316 2292 esse,
1372 2241 1435 2281 ac
1475 2226 1662 2281 ﬁdeles
1710 2227 1952 2296 singulos

372 2323 573 2374 habere
602 2320 885 2375 custodem
920 2319 1196 2390 angelum,
1230 2320 1392 2372 etiam
1424 2319 1478 2373 in
1501 2318 1792 2389 Evangelio
1809 2318 1949 2373 Mat-

368 2414 495 2469 thiei
529 2415 711 2469 verbis
742 2414 827 2468 his
854 2413 1148 2483 exponitur
1180 2427 1197 2466 :
1233 2409 1453 2466 «Videte
1483 2426 1551 2487 ne
1583 2411 1664 2464 vel
1695 2426 1862 2465 unum
1882 2393 1948 2464 ex

368 2509 553 2579 parvis
582 2504 730 2563 hisce
761 2505 1127 2561 contemnatis
1162 2524 1176 2559 :
1214 2519 1339 2558 nam
1385 2505 1560 2575 angeli
1595 2518 1781 2558 eorum
1807 2518 1944 2557 sem-

367 2618 463 2673 per
486 2602 679 2655 faciem
718 2596 896 2653 l’attis
929 2596 1056 2662 moi,
1090 2596 1181 2667 qui
1209 2596 1321 2666 80
1346 2596 1400 2649 in
1459 2595 1612 2651 cmlis
1638 2606 1745 2661 est,
1802 2595 1951 2665 aspi-

365 2696 629 2751 ciunt“.»
668 2694 744 2747 Ac
774 2691 841 2745 de
876 2691 960 2746 his
997 2684 1221 2760 quidem
1252 2690 1370 2745 haec
1403 2689 1641 2744 indicata
1670 2699 1850 2744 sunto.

435 2875 705 2930 Prteterea
746 2872 1036 2941 quaesitum
1069 2886 1097 2924 a
1132 2868 1411 2924 nonnullis
1440 2878 1526 2923 est
1560 2885 1690 2924 num
1728 2870 1811 2925 lite
1840 2885 1943 2940 po-

369 2976 595 3020 testates
627 2963 975 3019 intellecdles
1007 2974 1134 3017 ante
1158 2962 1280 3016 coeli
1312 2970 1582 3032 terrarque
1609 2964 1947 3018 creationem

364 3059 597 3115 condita:
626 3058 852 3122 fuerint,
878 3072 945 3111 an
978 3066 1263 3127 postquam
1299 3054 1389 3111 illa
1421 3056 1539 3127 jam
1595 3055 1733 3111 facta
1768 3066 1945 3125 erant.

364 3150 442 3201 Ac
469 3145 851 3200 Theodoretus
893 3145 1113 3214 quidem
1166 3159 1291 3199 cum
1342 3144 1629 3200 Gcnnadio
1681 3150 1946 3203 mundum

2062 1945 2309 2014 ἀγγέλων
2329 1946 2620 2018 ἐπιστασίᾳ
2648 1945 2709 2000 τὸ
2736 1945 2844 2000 τῶν
2878 1948 3181 2019 ἀνθρώπων
3210 1946 3523 2019 φρουρῆσαι
3553 1948 3647 2016 γέ-

2061 2056 2171 2104 νος,
2199 2040 2345 2103 ὅπως
2385 2040 2460 2111 μὴ
2492 2040 2584 2110 βία
2624 2041 2719 2094 καὶ
2753 2042 3028 2110 τυραννίδι
3058 2042 3362 2113 χρώμενος,
3398 2041 3648 2112 ἀοράτως

2060 2131 2252 2196 ἐπιὼν,
2285 2131 2379 2196 οὓς
2404 2133 2492 2185 διὰ
2528 2131 2724 2200 φθόνον
2762 2134 3045 2204 ἐμίσησεν,
3078 2132 3253 2199 ἀδεῶς
3278 2132 3637 2206 διαφθείρῃ.⁴›

2060 2224 2184 2277 Ὀτι
2205 2223 2260 2277 δὲ
2285 2224 2455 2277 ταῦτα
2485 2224 2659 2287 οὕτως
2707 2224 2842 2296 ἔχει,
2873 2227 2970 2279 καὶ
2998 2227 3081 2279 ὅτι
3108 2226 3218 2280 τῶν
3276 2229 3487 2281 πιστῶν
3518 2228 3646 2280 ἐκα-

2061 2334 2185 2381 στος
2215 2316 2446 2385 ἄγγελον
2495 2316 2714 2387 φύλακα
2761 2320 3061 2390 κέκτηται,
3085 2320 3179 2374 1ταῖ¹
3220 2319 3295 2391 τῷ
3322 2320 3465 2374 κατὰ
3496 2322 3646 2374 Ματ-

2060 2407 2210 2461 θαῖον
2243 2409 2566 2480 Εὐαγγελίῳ
2593 2408 2921 2479 διείληπται.
2945 2412 3111 2480 Λέγει
3134 2414 3268 2486 γάρ’
3298 2394 3327 2464 ιῘ
3340 2413 3535 2482 Ὁρᾶτε
3573 2412 3647 2482 μὴ

2060 2500 2515 2569 καταφρονήσητε
2541 2562 2546 2567 _
2568 2499 2687 2562 ἑνδς
2738 2502 2847 2553 τῶν
2914 2501 3129 2571 μικρῶν
3158 2501 3363 2555 τούτων
3390 2519 3404 2533 ·
3455 2504 3504 2554 οἱ
3534 2502 3645 2571 γὰρ

2058 2590 2280 2658 ἄγγελοι
2332 2593 2514 2643 αὐτῶν
2567 2592 2830 2662 διηνεκῶς
2882 2592 3051 2663 ὁρῶσι
3105 2593 3167 2646 τὸ
3212 2595 3509 2663 πρόσωπον
3552 2595 3643 2646 τοῦ

2058 2681 2272 2752 Πατρός
2298 2700 2398 2753 μου
2426 2683 2520 2736 τοῦ
2548 2685 2605 2736 ὲν
2632 2672 2902 2756 οὐρανοῖς.
2928 2703 2949 2737 »
2987 2685 3098 2739 Καὶ
3141 2688 3270 2757 περὶ
3301 2687 3398 2757 μὲν
3436 2687 3643 2741 τούτων

2056 2770 2252 2836 οὕτως.
3070 2806 3076 2811 -
3470 2794 3477 2797 “

2131 2869 2251 2921 Ἔτι
2282 2868 2338 2921 δὲ
2367 2870 2463 2922 καὶ
2495 2869 2654 2923 τοῦτο
2682 2871 2836 2943 παρά
2871 2889 3021 2927 τισιν
3054 2874 3349 2944 ἠπόρηται,
3383 2873 3501 2925 εἴτε
3539 2873 3644 2942 πρὸ

2056 2962 2154 3032 τῆς
2180 2962 2518 3031 παραγωγῆς
2545 2961 2640 3016 τοῦ
2697 2964 2935 3036 οὐρανοῦ
2965 2965 3062 3019 καὶ
3089 2968 3188 3037 τῆς
3222 2965 3328 3036 γῆς
3357 2964 3469 3019 εἴτε
3502 2965 3642 3038 μετά

2054 3056 2153 3125 τὴν
2183 3056 2550 3125 δημιουργίαν
2579 3055 2844 3110 αὐτῶναι
2863 3044 3049 3130 νοεραὶ
3079 3058 3337 3127 δυνάμεις
3351 3058 3641 3129 παρήχθη-

2060 3166 2179 3202 σαν.
2231 3147 2289 3201 '0
2324 3148 2423 3218 μὲν
2453 3144 2546 3203 οὖν
2576 3147 2947 3221 Θεοδώρητος,
2997 3149 3088 3205 ναὶ
3121 3151 3229 3223 μὴν
3258 3153 3353 3207 καὶ
3379 3153 3407 3204 6
3436 3151 3642 3203 Γεννα-

362 3241 511 3294 hunc
548 3238 652 3292 sub
684 3238 876 3315 oculos
899 3228 1191 3293 cadentem
1229 3238 1560 3308 productum
1591 3255 1714 3295 esse
1763 3241 1818 3295 in
1852 3258 1943 3296 or-

2056 3241 2156 3304 5ιος
2192 3244 2297 3315 πρὸ
2350 3242 2461 3295 τῶν
2492 3242 2744 3311 ἀοράτων
2792 3243 3012 3312 φύσεων
3063 3243 3495 3315 διισχυρίζονται
3547 3243 3639 3296 τὸν

366 3347 476 3388 tum
517 3343 646 3388 ante
682 3343 907 3389 naturas
938 3334 1058 3388 illas
1086 3333 1519 3401 inaspectabiles
1546 3335 1768 3389 asserit.
1807 3334 1945 3389 Nam

363 3431 490 3497 quia
519 3429 684 3483 certis
715 3420 1117 3499 circumscripti
1136 3427 1410 3481 tinnitibus
1440 3436 1570 3481 sunt
1589 3428 1790 3497 angeli,
1817 3444 1949 3482 con-

364 3521 627 3576 veniebat
660 3504 887 3576 cumino
920 3531 974 3574 ut
1048 3520 1203 3574 locus
1251 3518 1447 3587 aliquis
1499 3521 1789 3574 exsisteret
1837 3535 1947 3590 quo

360 3617 796 3669 continerentur.
832 3612 1031 3668 Verum
1095 3612 1288 3682 reliqui
1323 3612 1516 3666 Patres
1574 3612 1679 3666 hoc
1733 3627 1945 3682 nequa-

360 3723 524 3777 quam
553 3708 856 3762 admittere
887 3705 1162 3760 videntur.
1195 3702 1334 3769 Quid
1386 3719 1616 3775 magnus
1665 3704 1755 3759 ille
1787 3705 1945 3763 Basi-

358 3800 482 3863 lius,
514 3801 568 3854 in
604 3800 747 3855 libro
777 3812 876 3852 suo
908 3796 981 3850 De
1008 3796 1303 3863 primorum
1335 3812 1428 3849 sea:
1446 3797 1651 3849 dierum
1677 3800 1941 3865 operibus,

363 3893 527 3955 dicat,
562 3890 689 3946 andi
729 3908 741 3944 :
779 3889 946 3943 «Erat
973 3886 1254 3952 antiquior
1281 3889 1472 3943 mundi
1528 3898 1651 3944 ortu
1699 3882 1943 3946 conditio

358 3986 607 4054 quaedam
646 3993 700 4037 et
728 3992 926 4047 status,
965 3981 1406 4036 ultramundanis
1443 3982 1548 4037 illis
1578 3982 1943 4052 potestatibus

355 4078 716 4132 conveniens.
752 4075 810 4128 lu
843 4088 908 4128 eo
943 4088 1127 4128 rerum
1167 4075 1351 4142 epifex
1384 4075 1633 4144 quaedam
1670 4075 1938 4139 condidit,

354 4171 613 4224 nimirum
641 4167 821 4220 lucem
849 4165 1000 4218 illam
1037 4165 1435 4232 intellectilem,
1489 4167 1735 4221 beatitati
1773 4182 1941 4234 ange-

354 4262 530 4315 lorum
566 4258 858 4312 Dominum
891 4256 1235 4327 diligentiam
1267 4258 1746 4314 convenientem.»
1797 4256 1937 4314 Audi

354 4355 519 4405 etiam
561 4348 693 4419 quid
722 4340 1031 4424 Gregorius
1057 4349 1148 4403 ille
1195 4359 1562 4419 cognomento
1623 4349 1938 4422 Theologus

354 4447 500 4499 dicat
535 4463 549 4497 :
606 4462 627 4490 ι
658 4444 903 4498 Primum
941 4442 1082 4499 Deus
1115 4445 1391 4516 angelicas
1424 4446 1751 4517 divinasque
1782 4458 1936 4517 pote-

355 4544 525 4590 states
552 4544 735 4588 mente
760 4535 1020 4605 concipit.
1050 4535 1128 4589 Ea
1160 4537 1419 4607 cogitatio
1446 4552 1571 4591 mox
1598 4552 1736 4608 opus
1754 4537 1933 4607 ipsum

2050 3334 2246 3405 ὁρατὸν
2276 3334 2491 3387 τουτονὶ
2520 3335 2729 3404 κόσμον
2765 3335 3148 3406 παραχθῆναιο
3180 3336 3369 3406 ἐπειδὴ
3403 3336 3513 3406 γὰρ
3539 3351 3638 3389 πε-

2053 3429 2344 3500 ρίγραπτοέ
2376 3433 2514 3483 εἰσιν
2547 3431 2594 3482 οἱ
2627 3428 2875 3497 ἄγγελοι,
2921 3428 3131 3500 ἔπρεπε
3163 3430 3379 3492 πάντως
3423 3434 3519 3482 καὶ
3552 3428 3642 3481 τό·

2050 3538 2151 3574 πον
2192 3518 2332 3575 εἶναι
2384 3517 2533 3587 τιινα,’
2564 3522 2640 3586 ὡς
2673 3519 2928 3576 ἐντεῦθεν
2956 3523 3158 3587 αὐτοὺς
3209 3524 3274 3574 ὲν
3298 3522 3449 3593 αὐτῷ
3481 3540 3640 3594 περι-

2048 3613 2381 3685 γράφεσθαι.
2424 3614 2563 3668 mw
2595 3614 2631 3668 6
2671 3615 2856 3679 λοιπὸς
2882 3617 2992 3669 τῶν
3044 3616 3303 3687 Πατέρων
3337 3616 3640 3683 κατάλογος

2047 3707 2314 3778 οὐμενοῦν
2347 3708 2479 3762 αὐτὸ
2512 3694 2945 3780 καταδεχόμενος
3006 3708 3285 3779 φαίνεται.
3332 3702 3458 3763 ’Καὶ
3490 3726 3641 3779 τηνι-

2045 3801 2224 3855 καῦτα
2240 3801 2336 3855 τοῦ
2360 3803 2597 3873 μεγάλου
2625 3803 2914 3857 Βασιλεεου
2938 3804 2996 3858 ὲν
3015 3806 3083 3875 τῇ
3118 3803 3449 3875 Ἐξαημέρῳ
3471 3803 3636 3857 αὐτοῦ

2046 3897 2296 3965 λέγοντος
2317 3895 2513 3949 axona"
2532 3915 2549 3947 ι
2565 3892 2673 3948 Ἦν
2693 3914 2779 3961 τις
2798 3896 3148 3968 πρεσϐυτέρα
3167 3899 3268 3968 τῆς
3302 3897 3399 3949 τοῦ
3430 3898 3639 3967 κόσμου

2045 3990 2318 4058 γενέσεως
2360 3987 2720 4055 κατάστασις,
2772 3991 2893 4052 ’ταῖς
2931 3989 3326 4060 ὐπερκοσμῖοις
3375 3989 3640 4058 δυνάμεσι

2046 4084 2357 4154 πρέπουσα.
2394 4068 2867 4153 Δημιουργήματα
2918 4082 2976 4136 δὲ
3031 4085 3089 4136 ἐν
3117 4084 3254 4154 αὐτῇ
3306 4083 3335 4134 6
3366 4084 3477 4134 τῶν
3501 4083 3638 4134 ὅλων

2044 4173 2383 4245 Δημιουργδς
2408 4173 2706 4226 ἀπετέλεσε
2736 4172 2851 4241 φῶς
2881 4173 3092 4243 νοητὸν,
3128 4174 3336 4242 πρέπον
3357 4175 3432 4244 τῇ
3464 4188 3641 4240 μακα-

2047 4264 2254 4334 ριότητι
2282 4264 2390 4315 τῶν
2417 4262 2714 4333 φιλούντων
2749 4260 3126 4332 ἀγγέλων’τδν
3152 4264 3378 4333 Κύριον.
3405 4281 3428 4317 ι
3476 4263 3639 4316 Ἀλλὰ

2040 4355 2138 4409 καὶ
2166 4353 2263 4406 τοῦ
2310 4353 2563 4421 θεολόγου
2596 4353 2901 4423 Γρηγορὶου
2929 4353 3182 4422 λέγοντος
3237 4352 3415 4416 οὕτως
3447 4352 3634 4406 ἄκουε·

2048 4468 2066 4500 ι
2105 4447 2217 4501 Καὶ
2242 4445 2461 4518 πρῶτον
2490 4446 2591 4514 μὲν
2646 4447 2823 4498 ὲννοεῖ
2847 4446 2945 4508 τὰς
2994 4445 3297 4514 ἀγγελικάς
3347 4446 3633 4511 οὐρανίους

2039 4539 2322 4609 δυνάμεις,
2350 4538 2445 4590 καὶ
2477 4538 2536 4589 τὸ
2588 4536 2828 4606 ἐννόημα
2883 4536 3044 4607 ἔργον
3072 4532 3168 4609 ἦν,
3211 4536 3355 4605 λόγῳ
3386 4535 3633 4605 συμπλη-

353 4637 494 4695 erat,
545 4641 803 4682 sermone
841 4629 1177 4698 completum
1235 4642 1297 4682 ac
1349 4628 1545 4699 spiritu
1603 4629 1931 4700 perfectum.

2056 4629 2310 4701 ρούμενον
2361 4630 2457 4682 καὶ
2489 4627 2764 4699 πνεύματι
2817 4627 3234 4699 τελειούμενον·
3278 4629 3533 4697 δεύτερον
3579 4627 3635 4680 δὲ

356 4719 610 4775 Secundo
647 4721 912 4774 ntundum
942 4737 972 4775 e
996 4723 1227 4775 materie
1260 4735 1445 4783 crassa
1492 4732 1838 4777 constantem
1885 4732 1942 4779 et

353 4812 746 4882 aspectabilem
800 4814 1055 4885 cogitat.»
1108 4811 1243 4867 Huic
1296 4814 1604 4868 consimilia
1671 4816 1835 4869 tradit
1885 4825 1941 4871 et

353 4905 525 4959 frater
556 4906 675 4975 ejus
703 4904 976 4960 Caesarius
1010 4924 1024 4959 :
1064 4925 1081 4956 ι
1116 4909 1340 4969 Omnes,
1401 4907 1601 4976 inquit,
1631 4908 1812 4962 carnis
1844 4924 1941 4963 ex-

354 5004 536 5065 pertes
599 4995 674 5048 illi
742 5005 917 5050 cattus
952 4998 1269 5067 angelorum
1336 4998 1483 5065 prius
1538 5004 1723 5066 etiam,
1773 5015 1936 5067 quam

356 5088 596 5142 mundus
644 5089 730 5143 hic
779 5091 1039 5151 oriretur,
1098 5090 1151 5141 in
1184 5090 1303 5144 lucc
1361 5092 1686 5160 degebant.»
1739 5091 1932 5146 Itidem

352 5178 677 5233 Anastasius
712 5178 976 5243 Sinaites,
1004 5178 1087 5232 vir
1114 5179 1273 5247 plane
1299 5179 1541 5242 divinus,
1606 5181 1675 5235 de
1704 5182 1789 5236 his
1824 5182 1934 5236 dis-

350 5273 484 5329 serit
516 5291 527 5327 :
574 5273 749 5326 «Deus
782 5272 876 5326 ille
899 5281 1109 5337 noster,
1148 5272 1246 5337 ait,
1299 5271 1392 5341 qui
1425 5286 1643 5342 semper
1694 5276 1927 5339 exsistit,

350 5373 479 5419 ante
507 5365 693 5421 omnia
719 5373 901 5418 creata
958 5364 1161 5434 cogitat
1211 5373 1266 5418 et
1300 5365 1782 5437 conditangelicas
1821 5382 1928 5421 coe-
1979 5435 1986 5442 _

349 5456 619 5527 lestesquc
655 5465 975 5527 potestates.
1004 5459 1464 5527 quemadmodum
1502 5462 1621 5530 ipse
1645 5462 1795 5515 solus
1835 5476 1935 5514 no-

355 5549 481 5602 vit.»
523 5550 728 5604 Praeter
759 5550 860 5604 hos
889 5559 944 5604 ct
967 5550 1205 5606 Severus
1239 5562 1293 5606 ct
1323 5551 1594 5609 Diodorus
1620 5566 1675 5607 ct
1707 5568 1935 5622 magnus

349 5639 437 5694 ille
466 5640 884 5711 Amphilochius
916 5641 1387 5713 inaspectahilinzn
1414 5656 1736 5700 naturarum
1782 5662 1933 5701 erea-

418 5795 461 5825 ⁶²
498 5790 687 5849 Matth.
722 5811 874 5866 xvm,
910 5800 997 5856 l0.

2043 4726 2214 4778 ὲννοεῖ
2259 4723 2466 4792 κόσμον
2519 4723 2706 4776 ὑλικὸν
2764 4723 2861 4774 καὶ
2913 4721 3214 4792 ὁρώμενον.
3257 4740 3280 4773 »
3341 4721 3549 4791 Ὅμοια
3579 4719 3635 4772 δὲ

2043 4817 2216 4888 τούτῳ
2249 4817 2472 4880 διέξεισι
2494 4817 2590 4869 καὶ
2618 4818 2645 4869 6
2674 4815 2901 4885 ἁδελφὸς
2928 4815 3095 4869 αὐτοῦ
3118 4815 3440 4885 Καισάριος,
3465 4833 3482 4865 ι
3522 4815 3635 4866 1Ιᾶ-

2045 4925 2155 4973 σαι,
2175 4929 2191 4957 »
2226 4908 2424 4975 λέγων,
2470 4929 2489 4959 ι
2511 4910 2569 4961 ὲν
2593 4913 2734 4979 φωτὶ
2768 4910 2959 4980 διῆγον
2986 4911 3043 4962 αἱ
3072 4912 3303 4980 ἄσαρκοι
3331 4910 3441 4962 τῶν
3468 4910 3638 4977 ἀγγέ-

2043 5002 2150 5054 λων
2177 5005 2387 5072 χορεῖαι
2407 5002 2505 5055 καὶ
2541 5003 2647 5072 πρὸ
2671 5001 2765 5056 τοῦ
2792 5002 3047 5072 γενέσθαι
3075 5005 3165 5055 τὸν
3195 5002 3422 5072 κόσμον.
3466 5020 3489 5054 »
3524 5002 3634 5055 Καὶ

2044 5096 2377 5159 ὁθειότατος
2440 5097 2793 5160 Ἀναστάσιος
2843 5097 2871 5149 6
2929 5097 3184 5169 Σιναῖτης
3241 5098 3369 5166 περὶ
3421 5096 3633 5149 τούτων

2043 5187 2185 5241 οὕτω
2224 5190 2378 5257 φησί’
2421 5190 2582 5252 «Θεὸς
2614 5189 2768 5258 ἡμῶν
2787 5191 2814 5241 ὁ
2835 5190 2923 5245 ἀεὶ
2949 5190 3025 5245 ὢν
3048 5192 3154 5260 πρὸ
3186 5191 3367 5260 πάσης
3384 5191 3631 5249 «cicaro;

2042 5282 2214 5334 ὲννοεῖ
2244 5282 2341 5333 καὶ
2375 5284 2521 5333 ποιεῖ
2571 5283 2668 5345 τὰς
2707 5285 3007 5351 ἁγγελικὰς
3069 5286 3162 5337 καὶ
3200 5284 3487 5354 οὐρανίους
3543 5283 3630 5335 δυ-

2043 5374 2260 5441 νάμεις,
2294 5374 2368 5436 ὡς
2404 5377 2560 5444 μόνος
2591 5375 2753 5437 αὐτὸς
2804 5372 2965 5431 οἶδεν.
2991 5396 3009 5428 »
3064 5376 3222 5429 Ἀλλὰ
3268 5377 3363 5429 καὶ
3392 5376 3420 5428 6
3453 5374 3631 5442 Σεῦῆι

2045 5483 2158 5534 ρος,
2184 5468 2272 5526 ναι
2309 5468 2415 5537 μὴν
2439 5467 2533 5518 καὶ
2560 5468 2587 5518 6
2622 5467 2888 5538 Διόδωρος
2922 5468 3086 5531 αὑτός
3121 5485 3178 5520 τε
3213 5470 3241 5520 6
3283 5468 3457 5538 μέγας
3496 5468 3635 5535 Ἀμ-

2045 5559 2286 5628 φιλόχιος
2346 5559 2725 5630 πρεσϐυτέραν
2786 5561 3139 5615 ἀποδείκνυσι
3201 5561 3296 5613 τοῦ
3336 5559 3627 5631 ὁρωμένου

2045 5649 2237 5702 τούτου
2268 5650 2475 5721 κόσμου
2527 5653 2622 5703 καὶ
2656 5651 2916 5721 αἰσθητοῦ
2965 5655 3065 5724 τὴν
3103 5653 3213 5707 τῶν
3246 5653 3493 5722 ἀοράτων
3527 5650 3633 5724 φύ-
