3862 6228
185 347 279 405 l'i-i
1449 345 1850 406 ANNALIUM
1898 344 2093 403 PARS
2126 341 2174 402 Ι.

3321 338 3424 406 174

180 458 363 530 τρόπον
379 456 437 522 ἐξ
463 457 660 526 ἀνδρὸς
691 459 848 528 μόνου
878 462 1184 530 γενήσεται,
1219 460 1330 512 ἁῖξλ’
1359 462 1423 514 ὲκ
1453 461 1747 528 συναφείας

1865 461 2049 515 leinde
2081 467 2370 527 conspecta
2403 457 2686 511 verissime
2720 457 3023 511 vaticinans
3044 456 3179 512 dixit
3211 476 3225 512 :
3259 477 3275 509 ‹
3313 457 3431 513 lloc

179 550 478 618 ἀμφοτξρου
512 551 610 603 καὶ
644 554 804 620 νόμου
829 553 1088 622 γαμικοῦ.

1859 567 2004 607 nunc
2033 551 2252 605 demum
2277 566 2339 605 os
2363 566 2429 604 ex
2458 549 2679 604 ossibus
2713 549 2846 604 meis
2882 549 3082 604 est”:
3139 549 3272 604 Nam
3307 565 3429 604 mu-

181 642 268 697 lier
301 643 525 698 minime
557 645 1036 716 deinceps‘eodem
1065 651 1227 705 modo
1275 652 1500 707 exsistet
1552 667 1582 706 e
1617 651 1733 704 viro
1765 649 1904 713 solo,
1945 647 2041 703 sed
2097 662 2193 717 per
2235 647 2522 701 amborum
2563 645 3012 714 coniunctionem
3066 654 3121 701 et
3179 646 3434 718 coniugii

181 719 336 806 'egem
367 739 720 806 procreabitu
731 756 773 793 r.

241 829 440 882 Οὐκοῦν
469 833 760 892 ἐπιϐάλλει
799 837 825 886 ὁ
862 835 992 897 Θεὸς
1017 836 1278 890 ἔκστασιν
1312 837 1388 906 τῷ
1433 837 1626 905 Ἀδάμ,
1654 837 1748 890 καὶ

185 919 300 987 μίαν
331 919 434 972 τῶν
471 921 726 992 πλευρῶν
750 923 915 977 αὐτοῦ
948 924 1127 978 λαϐὼν
1154 927 1251 996 τὴν
1285 925 1430 980 Εὕαν
1449 929 1744 994 οἰκοδομεῖ.

191 1009 499 1078 Ἀναγκαῖον
525 1013 636 1082 γὰρ
663 1009 726 1084 ἧν
753 1017 829 1083 μὴ
856 1018 948 1070 καὶ
979 1018 1077 1087 τὴν
1109 1017 1251 1070 Εὕαν
1282 1021 1392 1072 ἀπὸ
1421 1019 1525 1089 γῆς
1551 1021 1747 1089 προελ-

179 1102 296 1166 θεῖν,
349 1103 464 1155 ἀλλ’
496 1104 610 1158 ἀπὸ
659 1108 753 1184 τῆς
800 1108 988 1171 οὐσίας
1017 1110 1106 1162 τοῦ
1151 1111 1345 1179 Ἀδὰμ,
1383 1113 1457 1174 ὼς
1489 1113 1740 1165 ἐντεῦθεν

179 1195 382 1263 φίλτρον
415 1197 707 1268 ἐντεθῆναι
761 1204 872 1265 τοῖς
923 1202 1232 1271 ὁμοζύγοις.
1301 1204 1614 1259 Ἐπιὸάλλει
1649 1203 1743 1257 οῦν

178 1288 440 1354 ἔκστασιν,
473 1291 598 1360 ἦτοι
627 1293 798 1362 κάρον
824 1294 1068 1363 ἐντίθησι
1093 1295 1170 1365 τῷ
1213 1296 1406 1366 Ἀδὰμ,
1438 1298 1511 1361 ὼς
1551 1298 1625 1368 μὴ
1648 1299 1743 1351 λα-

178 1376 278 1428 ϐεῖν
330 1377 523 1450 ὀδύνης
582 1379 838 1452 αἴσθησιν
892 1385 950 1436 ὲν
984 1387 1048 1454 τῇ
1103 1385 1395 1455 ἀφαιρέσει
1442 1386 1540 1454 τῆς
1577 1387 1744 1440 πλευ·

183 1471 288 1538 ρᾶς,
348 1471 420 1532 ὡς
466 1473 494 1524 ὁ
536 1473 776 1544 χρυσοῦς
805 1476 903 1544 τὴν
936 1477 1184 1543 γλῶττάν
1221 1496 1374 1550 φησι,
1451 1480 1747 1534 κάντεῦθεν

177 1560 442 1630 ἐχθρωδῶς
495 1563 803 1622 διακεῖσθαι
861 1567 998 1636 πρὸς
1031 1568 1126 1639 τὴν
1186 1569 1476 1639 ὁμόζυγον.
1555 1572 1747 1639 Ἀφαι-

181 1657 333 1721 ρείται
356 1656 486 1723 γοῦν
525 1658 662 1727 μίαν
692 1661 800 1712 τῶν
830 1661 1082 1730 πλευρῶν
1115 1661 1301 1728 αὑτοῦ,
1344 1666 1436 1716 καὶ
1471 1665 1750 1733 οἰκοδομεῖ

179 1744 262 1813 τὴν
293 1748 550 1812 γυναῖκα,
602 1749 694 1801 καὶ
743 1751 1099 1819 ἀνεπλήρωσε
1157 1755 1337 1825 σάρκα
1374 1755 1492 1807 ἀντ’
1548 1756 1742 1824 αὐτῆς.

181 1836 318 1899 Τίνος
358 1838 451 1896 οὖν
481 1839 676 1895 ἕνεκεν
722 1843 1156 1915 ἁνεπλήρωσεν;
1190 1847 1308 1900 Ἱνα
1358 1847 1432 1919 μὴ
1465 1849 1563 1919 ἔχῃ
1601 1850 1742 1918 μετὰ

181 1925 266 1998 τὴν
283 1929 370 1981 τοῦ
402 1929 574 1992 ὕπνου
635 1935 960 2006 ἀπαλλαγὴν
997 1939 1062 1990 ἐκ
1108 1939 1202 1991 τοῦ
1236 1938 1514 2003 λείποντος
1548 1941 1748 1994 αἰσθά-

183 2021 350 2084 νεσθαι
382 2023 473 2076 τοῦ
511 2027 800 2093 γεγονότος
821 2046 834 2060 ·
876 2032 923 2082 εί
955 2030 1063 2100 γὰρ
1094 2032 1150 2084 ἐν
1183 2031 1260 2104 τῷ
1289 2033 1386 2103 τῆς
1409 2034 1749 2104 ἀφαιρέσεως

185 2113 341 2181 καιρῷ
371 2117 670 2186 ἠγνόησεν,
697 2121 809 2173 ἁλλ’
845 2123 996 2190 ὅμως
1025 2123 1222 2190 ἔμελλε
1257 2127 1396 2194 μετὰ
1429 2124 1602 2180 ταῦτα
1633 2129 1750 2179 ἐπι-

187 2207 451 2274 γινώσκειν
484 2213 546 2264 te
581 2217 842 2290 γεγρνὸςο
879 2219 961 2284 ἐφ’
1013 2213 1054 2287 ᾧ
1099 2220 1187 2272 διὰ
1245 2221 1446 2290 σαρκὸς
1507 2223 1602 2291 τὴν
1652 2224 1749 2294 τῆς

189 2300 406 2370 πλευρᾶς
433 2305 828 2378 ἀνεπλήρωσεν
872 2311 1128 2382 ἔλλειψιν.

252 2409 269 2441 ι
303 2393 407 2446 Καὶ
439 2392 598 2449 εἶπεν
625 2401 654 2452 ὁ
706 2401 861 2465 Θεὸς,
915 2404 1223 2469 meamea
1257 2409 1352 2462 καὶ
1389 2409 1749 2478 πληθύνεσθε,

191 2483 269 2534 καὶ
296 2485 624 2556 πληρώσατε
669 2492 769 2560 τὴν
822 2496 945 2564 γῆν.
995 2516 1012 2548 ι
1079 2497 1170 2567 Τῷ
1205 2501 1432 2570 μεγάλῳ
1488 2502 1752 2573 Βασιλείῳ

195 2582 504 2646 πῳσεκτέον
561 2584 866 2640 κάνταῦθα.
901 2589 1040 2658 Φησὶ
1073 2592 1182 2660 γάρ
1212 2592 1294 2645 ὅτι
1338 2594 1499 2663 διπλῆ
1528 2597 1558 2666 ἡ
1588 2595 1752 2666 αὔξη-

196 2685 284 2732 σις,
318 2673 346 2741 ὴ
376 2673 476 2741 μὲν
506 2675 783 2744 σώματος,
809 2681 840 2750 ἠ
864 2679 918 2733 δὲ
952 2681 1130 2752 ψυχῆς
1153 2700 1166 2713 ·
1203 2685 1318 2738 ἀλλ’
1349 2689 1378 2755 ἠ
1414 2689 1512 2756 μὲν
1537 2687 1629 2740 τοῦ
1655 2689 1758 2742 σώ-

199 2777 342 2824 ματος
374 2763 604 2831 αὔξησις
631 2768 664 2836 ή
701 2767 806 2821 ἀπὸ
833 2769 926 2822 τοῦ
957 2771 1154 2841 μικροῦ
1188 2775 1270 2838 είς
1307 2776 1366 2828 τὸ
1394 2777 1634 2846 καθῆκον
1663 2781 1758 2851 μέ-

199 2851 332 2918 γεθος
364 2856 832 2923 ἀποκατάστασις,
867 2864 901 2932 ἡ
952 2862 1009 2915 δὲ
1042 2864 1140 2934 τῆς
1185 2864 1365 2936 ψυχῆς
1396 2866 1624 2939 αὔξησις
1667 2870 1757 2926 διὰ

200 2947 291 2996 τῶν
321 2950 664 3018 μαθημάτων
714 2955 1183 3021 προσεπιγίνεται.
1231 2957 1393 3012 Ἀλλὰ
1430 2961 1521 3012 καὶ
1552 2963 1579 3014 ὁ
1627 2979 1760 3031 χρυ-

201 3041 466 3109 σῡρῥήμων
485 3044 745 3111 Ἰωάννης
777 3049 902 3117 περὶ
918 3048 1093 3118 ψυχῆς
1125 3049 1268 3104 οὕτω
1293 3052 1482 3123 φησὶν,
1513 3053 1594 3105 ὅτι
1614 3053 1759 3122 ἅπαξ

1923 836 2036 891 lloc
2065 848 2226 906 pacto
2251 835 2564 904 consopivit
2602 834 2872 889 Adamum
2908 834 3072 899 Deus,
3102 846 3434 906 sumptaque

1848 940 1996 985 costa
2026 929 2199 1000 ipsius
2237 945 2342 984 una
2377 928 2543 982 Evam
2576 927 2902 982 construxit.
2972 929 3108 982 Nam
3174 946 3430 984 necessa-

1852 1021 1989 1073 rium
2024 1032 2141 1073 erat
2170 1018 2334 1072 Evam
2365 1035 2474 1084 non
2513 1019 2723 1084 itidem,
2779 1028 2837 1074 ut
2892 1019 2944 1072 in
2973 1018 3181 1074 Adamo
3229 1021 3430 1074 factum

1851 1120 1992 1168 erat.
2024 1125 2054 1165 e
2094 1119 2234 1165 terra
2266 1111 2574 1180 provenire,
2637 1109 2730 1164 sed
2763 1125 2825 1164 ex
2854 1110 2980 1179 ipsa.
3010 1113 3191 1180 potius
3238 1111 3428 1165 Adami

1851 1204 2118 1264 essentia,
2153 1219 2260 1273 quo
2294 1204 2393 1259 hac
2429 1205 2644 1258 ratione
2675 1213 2898 1258 mutuus
2922 1219 3074 1258 amor
3106 1202 3433 1274 coniugibus

1854 1295 2159 1352 inderetur.
2201 1295 2266 1349 Et
2299 1311 2553 1350 somnum
2581 1296 2628 1351 ei
2663 1311 2883 1364 gravem
2920 1296 3189 1360 immittit,
3220 1313 3286 1350 ne
3309 1311 3436 1351 sen-

1852 1403 1974 1441 sum
2021 1387 2258 1456 aliquem
2288 1388 2492 1443 doloris
2523 1387 2576 1442 in
2613 1387 2964 1457 ademptione
2987 1399 3151 1443 costa:
3183 1388 3434 1456 pet-ripe-

1852 1491 1953 1545 ret,
2000 1483 2460 1552 quemadmodum
2500 1482 2922 1552 Cltrysostomus
2965 1483 3080 1539 ait.
3118 1483 3226 1553 83
3260 1498 3435 1550 caque

1849 1574 1916 1628 de
1955 1589 2118 1628 causa
2148 1576 2435 1645 coniugem
2475 1575 2663 1629 liOStili
2707 1584 2940 1644 quodam
2967 1576 3092 1628 odio
3141 1591 3435 1644 proseque-

1853 1676 2023 1720 retur.
2061 1664 2249 1721 Itidem
2268 1680 2474 1722 costam
2507 1683 2667 1720 unam
2693 1669 2882 1731 sumit,
2913 1669 2981 1722 de
3014 1685 3120 1737 qua
3152 1669 3437 1722 mulierem

1849 1758 2140 1821 construit,
2170 1759 2397 1829 eiusque
2424 1761 2602 1814 locum
2632 1776 2794 1815 carne
2845 1762 3104 1828 complet.
3143 1761 3214 1817 At
3241 1777 3438 1829 quam-

1850 1850 2040 1905 obrem
2078 1853 2349 1920 complet?
2384 1851 2461 1905 Ne
2505 1869 2699 1907 somno
2737 1854 3028 1918 excitatus,
3072 1870 3170 1922 per
3196 1854 3250 1908 id
3286 1855 3432 1923 quod

1853 1943 2058 2007 aberat,
2088 1945 2291 1999 sentire
2348 1945 2488 2015 quod
2543 1946 2818 2002 acciderat
2879 1959 3079 2013 posset.
3107 1947 3430 2019 Quanquam

1853 2035 1998 2088 enim
2049 2035 2153 2090 hoc
2180 2036 2542 2104 ademptionis
2590 2037 2838 2107 tempore
2869 2038 3192 2106 ignorasset,
3255 2050 3431 2096 tamen

1854 2126 2112 2195 deinceps
2181 2127 2662 2182 animadversurus
2701 2136 2836 2182 erat.
2897 2129 3236 2199 Quapropter
3269 2148 3436 2187 carne

1858 2221 1996 2274 Deus
2030 2229 2192 2275 costa:
2229 2221 2496 2274 delectum
2544 2221 2836 2291 supp'evit.

1935 2403 2108 2457 «Dixit
2137 2402 2280 2457 Deus
2321 2421 2334 2456 :
2367 2404 2683 2474 Augeseitc,
2713 2404 3175 2474 multiplicatnmi.
3231 2407 3443 2474 replete

1883 2511 2120 2550 errant.»
2156 2495 2268 2551 lloc
2300 2497 2352 2549 in
2380 2496 2500 2551 loco
2539 2496 2719 2550 Basilii
2753 2497 2930 2552 verbis
2959 2499 3204 2551 animum
3248 2500 3442 2552 adver-

1861 2592 1980 2648 tito.
2014 2590 2205 2645 Tradit
2237 2593 2384 2644 enim
2417 2591 3059 2660 duplex'incrementum
3092 2606 3237 2654 εδει),
3291 2609 3435 2661 qun-

1862 2700 1980 2736 rum
2009 2684 2152 2737 aliud
2190 2685 2264 2738 sit
2289 2684 2536 2752 corporis
2568 2683 2715 2736 aliud
2745 2682 2962 2737 animze.
3038 2684 3301 2753 Corporis
3354 2687 3440 2760 in-

1861 2787 2202 2830 crementum
2231 2785 2315 2830 est
2347 2775 2414 2829 de
2442 2784 2650 2830 statura
2692 2791 2858 2845 parva
2893 2774 3317 2834 convenientem
3371 2778 3440 2831 ad

1864 2869 2295 2938 magnitudinem
2333 2871 2644 2939 pervenire.
2706 2870 2776 2922 At
2809 2871 3206 2924 incrementum
3243 2871 3443 2924 anith

1863 2979 1962 3033 per
1995 2961 2313 3032 disciplinas
2349 2962 2759 3030 consequimur.
2795 2961 2972 3016 Etiam
3015 2963 3448 3032 Cltrysostomus

1867 3056 1932 3109 de
1957 3054 2136 3108 anima
2170 3053 2365 3122 inquit,
2391 3068 2510 3107 eam
2536 3068 2660 3108 cum
2689 3053 2858 3106 semel
2883 3069 2912 3106 a
2951 3053 3059 3108 Deo
3096 3070 3248 3108 suam
3278 3063 3443 3106 natu-

200 3135 412 3188 λαϐοῦσα
461 3139 521 3191 τὸ
568 3135 716 3191 εἶναι
764 3139 917 3210 παρὰ
959 3139 1096 3196 Θεοῦ
1131 3143 1270 3213 πρὸς
1303 3143 1536 3216 αὔξησιν
1576 3147 1755 3200 οὐκέτι

1869 3161 1981 3198 ram
2021 3154 2078 3199 et
2105 3143 2480 3200 exsistentiam
2514 3151 2670 3199 nacta
2733 3152 2840 3208 est,
2896 3158 3047 3197 tnore
3097 3146 3344 3210 corporis
3374 3143 3444 3196 ad

202 3226 321 3280 καθὰ
351 3229 410 3299 δὴ
455 3231 550 3282 καὶ
585 3232 648 3284 τὸ
691 3232 850 3300 σῶμα
881 3236 1081 3303 χωρεῖ’
1120 3235 1238 3298 πῶς
1286 3238 1379 3290 καὶ
1412 3238 1520 3307 γὰρ
1552 3239 1758 3303 ἄποσος

202 3318 319 3389 αὕτη
352 3326 440 3375 καὶ
474 3324 888 3395 ἀσχημάτιστος
915 3328 1073 3392 οῦσα,
1108 3329 1183 3388 ὡς
1225 3329 1390 3385 εἰκὼν
1442 3332 1536 3384 τοῦ
1583 3332 1759 3398 Θεοῦ;

201 3411 373 3466 Τελεία
407 3417 502 3483 μὲν
535 3416 631 3473 οὖν
667 3415 724 3481 ἐξ
754 3419 928 3489 ἀρχῆς
954 3419 1180 3491 αὺτῆςή
1215 3423 1380 3492 νοερὰ
1410 3423 1626 3476 ἔκτιστο
1654 3425 1760 3494 ψυ-

200 3504 276 3570 χὴ,
306 3507 350 3557 εἰ
376 3508 466 3559 καὶ
495 3509 644 3562 κατὰ
669 3505 872 3578 μικρὸν
904 3511 1052 3564 δοκεῖ
1086 3514 1369 3580 συναύξειν
1402 3516 1478 3592 τῷ
1522 3516 1757 3584 σώματι.

203 3597 295 3649 Καὶ
317 3599 469 3668 δῆλον
500 3604 559 3667 ἐς
593 3597 670 3655 ὧν
703 3605 727 3655 ὁ
768 3604 992 3675 Νύσσης
1016 3605 1172 3676 φησι·
1201 3625 1219 3658 t
1250 3607 1322 3660 Τὸ
1356 3610 1451 3676 τῆς
1477 3607 1658 3679 ψυχῆς
1683 3606 1762 3660 εῖ-

201 3689 274 3748 δος
302 3693 436 3744 κατὰ
486 3694 588 3762 τὴν
621 3694 920 3761 ἀναλογίαν
969 3697 1061 3750 τοῦ
1107 3700 1471 3769 ὑποκειμένου
1526 3701 1760 3769 ὀργάνου

203 3783 448 3844 ζἓειίνινετιλιι-
494 3786 559 3838 Ἢ
594 3787 706 3857 γὰρ
760 3788 894 3860 πρὸς
931 3789 1032 3860 τὴν
1063 3792 1287 3861 ἐμπαθῆ
1330 3793 1423 3844 καὶ
1451 3791 1642 3860 ζωώδη
1674 3794 1766 3860 γέ-

203 3889 331 3926 νεσιν
376 3879 632 3931 κοινωνία
664 3880 764 3939 οὐκ
795 3881 958 3943 εὐθὺς
1011 3883 1317 3952 ἐκλάμπειν
1367 3883 1446 3952 τῷ
1477 3882 1762 3953 πλάσματι

96 4001 118 4006 ς
201 3965 288 4032 τὴν
313 3966 457 4020 θείαν
499 3970 689 4023 εἰκόνα
722 3973 1000 4043 ἐποίησεν,
1055 3975 1170 4026 ἀλλ’
1196 3975 1300 4044 ὁδῷ
1333 3993 1438 4038 τινι
1472 3975 1766 4029 ἀκολουθία

202 4057 280 4108 ἐπὶ
307 4061 358 4112 τὸ
389 4063 595 4116 τέλειον
623 4065 746 4132 ἄγει
779 4067 872 4119 τὸν
914 4067 1220 4137 ἄνθρωπον,
1261 4069 1359 4121 οὐκ
1385 4069 1550 4138 ἄλλης
1572 4069 1650 4140 τῷ
1675 4087 1766 4139 νη-

205 4153 298 4220 πίῳ
326 4157 414 4206 καὶ
439 4158 635 4226 ἑτέρας
672 4159 749 4228 τῷ
778 4159 970 4229 τελείῳ
1005 4161 1363 4231 ἐγγινομένης
1396 4163 1596 4232 ψυχῆς,
1633 4162 1767 4230 ᾀλλὰ

205 4246 286 4311 τῆς
312 4249 475 4316 αὐτῆς
510 4252 568 4302 ἐν
616 4252 808 4320 ἐκείνῳ
837 4252 937 4320 μὲν
963 4251 1022 4303 τὸ
1047 4250 1258 4317 ἀτελεῖ,
1291 4253 1348 4306 ὲν
1376 4252 1552 4321 τούτῳ
1581 4252 1637 4304 δὲ
1663 4252 1768 4304 δει-

205 4339 448 4407 κνυούσης
480 4342 541 4393 τὸ
573 4342 805 4397 τέλειον.
847 4362 865 4394 ο
919 4342 1113 4395 Τελεία
1145 4344 1242 4413 μὲν
1287 4341 1382 4396 οὖν
1495 4344 1644 4415 ψυχὴ
1675 4347 1768 4400 καὶ

205 4427 252 4476 ἐν
279 4432 497 4501 βρεφικῇ
544 4433 752 4503 ἡλικίᾳ,
781 4435 1034 4510 ἀδυνατεῖ
1061 4433 1115 4486 δὲ
1149 4432 1247 4504 τὴν
1294 4433 1424 4501 ὅλην
1459 4435 1630 4503 αὐτῆς
1658 4435 1770 4490 δει-

1864 3234 2256 3290 incrementum
2308 3231 2530 3301 aliquod
2584 3231 2734 3286 aliud
2784 3247 3130 3300 nequaquam
3195 3230 3443 3284 tendere.

1863 3328 1998 3381 Nam
2026 3327 2116 3392 qui
2155 3327 2271 3380 ﬁeri
2310 3335 2498 3397 posset
2525 3327 2631 3380 hoc
2662 3327 2716 3380 in
2759 3324 2960 3389 anima,
3011 3340 3130 3392 quae
3186 3320 3442 3390 tanquam

1865 3420 2042 3492 imago
2081 3419 2174 3474 Dei
2211 3429 2318 3474 tam
2352 3419 2673 3488 quantitatis
2707 3431 2902 3486 expers
2925 3425 3195 3484 estquam
3222 3414 3446 3484 ﬁgurae?

1865 3511 2236 3578 Quamobrem
2272 3513 2455 3566 anima
2491 3511 2867 3580 intelligentia:
2900 3508 2952 3562 vi
2997 3508 3222 3578 prmdita
3261 3507 3340 3562 sic
3363 3516 3457 3569 est.

1865 3622 1896 3660 a
1931 3605 2311 3670 Deoconditr,
2369 3613 2428 3658 ιιι
2484 3605 2671 3658 statim
2729 3602 2797 3656 ab
2835 3601 2992 3656 initio
3058 3601 3298 3671 perfecta
3356 3603 3448 3664 sit,

1866 3696 2083 3751 etiamsi
2112 3695 2374 3765 paulatim
2409 3711 2514 3756 una
2544 3710 2664 3748 cum
2702 3708 2936 3764 corpore
2989 3694 3240 3747 videatur
3271 3693 3449 3758 incre—

1867 3790 2112 3838 mentum
2148 3782 2366 3850 aliquod
2403 3798 2641 3836 sumere.
2679 3782 3032 3850 Perspicuum
3095 3781 3197 3834 hoc
3254 3790 3339 3833 νει
3385 3796 3449 3834 ex

1869 3871 2020 3926 ltisc'e
2051 3871 2276 3941 Nysseni
2311 3870 2557 3940 Gregorii
2587 3869 2770 3928 verbis
2801 3886 2814 3920 :
2855 3887 2873 3919 ι
2905 3868 3117 3922 Anima:
3150 3868 3318 3924 let-rita
3355 3884 3451 3934 pro

1868 3963 2222 4018 instrumenti
2248 3962 2481 4031 subiecti
2511 3963 2723 4016 ratione
2754 3959 3109 4029 conspicitur.
3141 3960 3276 4020 Cum
3301 3961 3447 4013 enim

1871 4057 2141 4125 particeps
2167 4065 2361 4109 natura
2389 4065 2573 4110 nostra
2603 4054 2676 4107 sit
2701 4054 2820 4124 eius
2865 4065 3040 4113 ortus,
3074 4053 3166 4120 qui
3217 4063 3270 4106 et
3307 4051 3451 4106 vitiis

1868 4149 2142 4204 obnoxius
2173 4159 2229 4203 et
2254 4148 2571 4204 animalium
2598 4147 2823 4201 rationis
2849 4147 3153 4211 expertittm
3174 4147 3314 4201 ortui
3335 4145 3456 4199 alli-

1871 4240 1959 4295 nis
1983 4251 2086 4304 est,
2123 4241 2239 4295 ﬁeri
2267 4239 2460 4309 nequit
2494 4248 2552 4292 ut
2585 4238 2828 4292 hominis
2877 4239 2929 4291 in
2977 4239 3452 4307 ligtttenloslatittt

1871 4333 2056 4389 divina
2088 4333 2266 4405 imago
2294 4333 2528 4397 eluceat,
2566 4333 2662 4386 sed
2697 4332 2781 4386 via
2816 4334 3052 4401 quadam
3086 4347 3149 4384 ac
3183 4332 3328 4386 serie
3361 4333 3454 4385 Ito-

1874 4426 2078 4482 minem
2141 4427 2210 4481 ad
2249 4425 2640 4495 perfectionem
2702 4425 2992 4494 pervenire
3051 4440 3280 4478 necesse
3337 4435 3454 4489 est;

206 4518 366 4570 κνύειν
389 4498 999 4593 ἐνέργειαι-Καθάπερ
1024 4526 1132 4593 γὰρ
1166 4498 1426 4590 μουσικός
1459 4498 1680 4596 ἄριστος
1711 4526 1755 4577 ὲκ

1873 4536 1984 4574 non
2014 4518 2158 4588 quod
2192 4517 2294 4573 alia
2318 4517 2535 4582 infanti,
2565 4516 2668 4571 alia
2699 4526 2912 4570 matura
2946 4523 3104 4570 aetate
3157 4515 3270 4568 viro
3299 4516 3457 4570 inda-

211 4612 295 4676 μὲι
327 4617 540 4683 μικροῖς
589 4615 773 4683 αὐλοῖς
825 4617 1015 4670 στενόν
1066 4633 1119 4669 τι
1154 4618 1248 4669 καὶ
1302 4615 1570 4687 ἔκτροπον
1604 4617 1755 4685 μέλος

1875 4626 1962 4675 tur
1991 4615 2196 4678 anima,
2229 4600 2322 4666 sed
2354 4629 2459 4666 una
2491 4611 2790 4680 eademque
2822 4609 3003 4662 anima
3039 4612 3091 4662 in
3121 4609 3212 4662 illo
3235 4607 3458 4678 quidem

208 4703 490 4774 ἀπήχησεν,
540 4708 706 4778 ἡνίκα
736 4710 792 4763 δὲ
843 4711 1185 4780 εὐρυπόρους
1225 4710 1361 4782 εῦρῃ
1395 4709 1615 4770 αὐλοὺς,
1644 4707 1768 4760 τότε

210 4801 294 4863 τὴν
321 4802 481 4854 αὑτοῦ
510 4804 709 4874 τέχνην
741 4804 871 4872 ὃλην
923 4804 1228 4870 ὑπέδειξεν,
1278 4804 1422 4857 οὕτω
1457 4803 1552 4856 καὶ
1597 4801 1767 4872 ψυχὴ.

209 4891 318 4952 ὼςό
356 4895 612 4965 θεολόγος
669 4898 967 4968 Γρηγόριος
1017 4901 1074 4952 ὲν
1131 4900 1243 4959 τοῖς
1273 4896 1572 4968 ἐμμέτροις
1603 4893 1770 4947 αὐτοῦ

211 4984 440 5052 διέξεισιν
475 4991 665 5046 ἔπεσι*
701 4994 842 5046 κατά
865 4993 973 5062 γὰρ
1002 4992 1101 5063 τὴν
1127 4991 1222 5044 τοῦ
1262 4990 1496 5061 ὀργάνου
1525 4986 1768 5042 διάθεσιν

213 5075 340 5128 οὕτω
372 5082 596 5152 κάκείνη
627 5085 725 5153 τὴν
756 5083 1038 5154 ἐνέργειαν
1075 5082 1373 5138 δείκνυσιν.

1875 4707 2352 4778 imperfectionem
2385 4720 2564 4770 suam,
2593 4705 2647 4758 in
2682 4704 2785 4758 hoc
2807 4702 3199 4774 perfectionem
3234 4701 3462 4756 demon-

1873 4809 2147 4856 stranten.
2179 4799 2251 4854 De
2278 4814 2386 4869 quo
2409 4798 2521 4868 iam
2559 4797 2739 4869 colligi
2775 4805 2958 4866 potest
2986 4796 3226 4850 animam
3254 4795 3308 4847 in
3342 4795 3459 4860 ipsa

1875 4893 2041 4948 etiam
2074 4889 2314 4946 infantili
2348 4896 2508 4946 aetate
2543 4885 2840 4956 perlectam
2868 4901 3022 4950 esse,
3063 4898 3249 4937 verum
3295 4881 3465 4936 facul-

1880 4996 2045 5042 tatem
2085 4999 2240 5038 suam
2269 4992 2320 5037 et
2347 4980 2726 5036 cmcacitatem
2769 4994 2987 5033 omnem
3021 4977 3304 5030 declarare
3327 4990 3460 5028 nec-

1878 5079 2007 5133 dum
2042 5091 2222 5147 posse.
2252 5071 2726 5140 Quemadmodum
2757 5069 2902 5123 enim
2937 5068 3178 5121 musicus
3200 5075 3461 5134 praestan-

216 5171 434 5229 tissimus
468 5177 692 5234 minutis
726 5179 780 5233 in
838 5179 988 5234 tibiis
1019 5179 1162 5234 exile
1190 5187 1355 5248 atque
1411 5179 1681 5234 absonum
1745 5193 1966 5234 carmen
2033 5173 2201 5235 canit,
2238 5179 2292 5224 at
2332 5185 2455 5225 cum
2491 5167 2649 5223 tibias
2697 5167 2927 5234 adeptus
2965 5175 3048 5219 est
3076 5163 3302 5232 amplas,
3350 5161 3460 5214 tum

215 5266 403 5323 scilicet
436 5282 610 5326 artem
645 5287 800 5327 suam
834 5283 1001 5328 totam
1071 5253 1438 5342 demonstrat,
1467 5274 1548 5329 sic
1597 5284 1650 5329 et
1688 5273 1870 5328 anima
1907 5290 1920 5326 :
1960 5292 1976 5322 ι
2003 5267 2286 5324 Debilibus
2355 5278 2479 5318 eum
2552 5261 2813 5316 membris
2843 5258 3039 5314 debilis
3087 5259 3233 5326 ips-.1,
3267 5256 3335 5308 de
3366 5269 3462 5308 va-

219 5364 329 5419 lidis
363 5369 558 5436 elucet,
582 5381 637 5426 et
669 5387 886 5428 onmem
913 5373 1155 5444 denique
1181 5385 1424 5429 mentem
1450 5381 1746 5437 ostentat,»
1789 5369 2254 5440 quemadmodum
2317 5363 2614 5434 Gregorius
2650 5364 3016 5430 cognomento
3047 5350 3356 5418 Theologt‘s
3404 5346 3458 5398 in
3527 5361 3531 5365 ’

219 5468 753 5524 commentationibus
794 5471 928 5534 suis,
993 5487 1127 5540 quas
1168 5471 1452 5546 versibus
1505 5478 1592 5524 cst
1647 5469 1970 5537 complexus
2034 5466 2134 5535 (l),
2173 5463 2373 5534 inquit.
2435 5460 2573 5515 Nam
2634 5465 2799 5530 prout
2869 5454 3300 5549 instrumentum
3327 5444 3465 5500 atre-

223 5561 354 5610 ctum
381 5556 559 5624 fuerit,
592 5561 709 5630 ipsa
741 5577 957 5630 quoque
983 5564 1089 5618 vim
1118 5573 1174 5620 et
1211 5542 1588 5620 ellicacitatem
1613 5577 1768 5618 suam
1811 5562 2072 5617 declarat.

284 5681 326 5714 “
351 5682 482 5742 (Sen.
517 5706 575 5753 It,
604 5689 692 5745 25.

291 5802 358 5874 (ί)
390 5807 544 5877 Grcg.
586 5809 659 5862 De
696 5808 899 5862 anima.
