3862 6228
361 327 469 396 Ῑῖῦ

1607 339 2024 404 MICIIAELIS
2062 340 2348 403 GLYCAZ.

3508 335 3617 405 1'16

427 439 768 514 «Augescite,
799 427 1174 516 inquit’Deus,
1201 448 1669 520 multiplicamini,
1716 454 1922 524 replete

2105 474 2124 507 ι
2159 450 2464 523 Αὐξάνεσθε
2496 455 2590 508 καὶ
2623 451 2980 524 πληθύνεσθε,
3011 448 3107 503 καὶ
3131 447 3463 520 πληρώσατε
3512 447 3620 519 τὴν

348 542 606 598 terram»
646 550 754 593 non
789 552 904 592 eam
940 541 1161 609 quidem
1197 540 1622 608 inhabitatione,
1678 546 1771 600 sed
1819 546 1925 601 im—

342 627 504 696 perio
532 635 733 693 vestro,
765 631 1224 699 quemadmodum
1291 633 1406 689 haec
1464 635 1631 689 verba
1695 652 1928 708 magnus
1966 629 1970 632 ⁴

348 717 441 772 ille
464 718 697 776 Basilius
734 721 1150 793 interpretatur.
1210 726 1321 781 Nec
1359 728 1505 782 enim
1540 710 1797 785 homines
1830 746 1930 785 ne-

349 822 504 866 cesse
536 810 738 869 habent
762 808 875 886 84
900 817 981 869 vel
1013 826 1289 887 perustam
1322 818 1470 873 illam
1521 832 1550 874 a
1579 820 1693 875 sole
1721 828 1937 875 terram'

353 905 438 959 vel
467 904 646 961 cultus
664 906 840 963 omnis
865 916 1143 979 expertem
1162 910 1246 964 vel
1269 909 1470 980 frigore
1489 910 1658 967 nimio
1680 912 1926 968 inutilem

346 996 431 1050 vel
460 996 795 1053 inaccessam
827 1000 1044 1070 replere
1085 1020 1098 1055 :
1138 1002 1233 1059 sed
1268 1002 1370 1057 hac
1419 1017 1554 1057 voce
1589 1004 1731 1058 Deus
1765 1003 1925 1059 nobis

340 1088 431 1159 jus
466 1089 740 1160 replendae
779 1100 939 1149 terra:
969 1096 1269 1151 concessit.
1311 1096 1534 1166 Nosque
1573 1097 1712 1153 adeo
1743 1097 1923 1168 reple-

345 1198 469 1240 mus
497 1194 617 1240 eam
649 1201 715 1251 ex
752 1187 981 1244 rationis
1039 1189 1288 1247 arbitrio.
1348 1190 1709 1261 Posteaquam
1774 1191 1920 1246 enim

342 1276 728 1347 perspeximus
759 1286 1025 1350 quantum
1064 1272 1299 1351 spatium
1336 1289 1479 1337 terra
1502 1290 1724 1352 perusta
1744 1291 1805 1352 et
1838 1282 1924 1336 in-

347 1369 662 1425 habitabilis
692 1348 943 1442 oecupet,
1011 1348 1277 1441 quantum
1345 1348 1658 1445 aquilonale
1734 1348 1918 1440 clima,

342 1460 488 1529 quod
522 1461 672 1516 nimii
706 1461 921 1534 frigoris
950 1477 1110 1537 causa
1143 1465 1335 1535 nequit
1385 1466 1559 1522 excoli
1611 1474 1667 1520 et
1700 1449 1809 1521 est
1843 1467 1923 1521 in.

2036 548 2351 620 γῆν.ιΠλὴν
2368 548 2427 601 οὐ
2452 549 2518 618 τῇ
2543 546 2777 617 οἰκήσει,
2797 544 2931 598 ἀλλὰ
2948 546 3013 615 τῇ
3037 541 3276 612 ἐξουσίᾳ,
3299 540 3374 604 ὼς
3393 541 3420 594 ὁ
3442 539 3621 611 μέγας

2035 642 2168 711 φησὶ
2204 639 2501 702 Βασίλειος.
2546 638 2621 693 Οὐ
2654 638 2764 709 γάρ
2791 637 2963 709 δήπου
2992 635 3094 689 καὶ
3116 634 3216 707 τὴν
3243 632 3619 703 διακεκαυμέ-

2034 752 2129 805 νην
2184 716 2299 786 και
2338 730 2698 803 ἀγεώργητον
2748 732 2844 785 καὶ
2901 731 3001 800 τὴν
3059 725 3487 798 κατεψυγμένην
3516 724 3622 778 καὶ

2036 826 2235 880 ἄϐατον
2266 826 2386 883 κατ’
2413 826 2659 898 ἀνάγκην
2711 826 2760 879 οί
2791 823 3069 896 ἄνθρωποι
3101 818 3436 893 πληροῦσινο
3476 816 3622 871 ἀλλά

2034 920 2259 989 κυρίους
2281 920 2426 992 ἡμᾶς
2466 919 2689 991 εποίησε
2716 916 2987 990 πληροῦν.
3025 915 3136 969 Καὶ
3168 909 3490 986 πληροῦμεν
3516 902 3621 965 ab?

2032 1011 2130 1082 τὴν
2159 1012 2235 1082 τῷ
2256 1011 2707 1082 λογισμῷ.”οταν
2729 1009 2840 1080 γὰρ
2873 1008 3070 1079 ἴδωμεν
3100 1008 3265 1060 πόσον
3295 1004 3495 1076 μέτρον
3512 1004 3623 1073 τῆς

2026 1106 2464 1176 διακεκαυμένης
2489 1107 2584 1180 καὶ
2614 1105 2899 1175 ἀοικήτου,
2927 1103 3058 1156 ὅταν
3105 1100 3311 1180 ἴδωμεν
3338 1099 3503 1151 πόσον
3546 1094 3616 1148 τδ

2028 1197 2197 1268 κλίμα
2236 1198 2295 1252 τὸ
2342 1178 2575 1269 βόρειον,
2624 1197 2652 1250 ὃ
2694 1184 2783 1251 διά
2814 1196 2913 1267 τὴν
2945 1178 3401 1263 ὑπερϐάλλουσαν
3445 1187 3618 1258 ψύξιν

2027 1282 2382 1354 ἀγεώργητον
2408 1286 2637 1340 ἐστικαὶ
2660 1285 2951 1356 ἄχρηστον,
2978 1283 3079 1337 οὐκ
3094 1278 3497 1353 ὲπληρώσαμεν
3511 1275 3619 1348 τὴν

2027 1378 2149 1444 γῆν,
2185 1376 2321 1430 ἀλλά
2371 1378 2431 1431 τὸ
2462 1378 2733 1448 χρήσιμον
2777 1375 3154 1446 ἐκλεξάμενοι,
3197 1373 3261 1426 τὸ
3291 1372 3416 1426 ὅσον
3443 1371 3621 1441 ἀχρη-

2028 1484 2154 1520 στον
2178 1469 2258 1530 είς
2288 1469 2549 1540 διαμονὴν
2575 1467 2882 1539 ἀνθρώποις
2914 1464 3421 1538 ἀπεπεμψάμεθα.⁶

345 1553 499 1623 utile,
541 1558 722 1609 annon
761 1566 960 1611 terram
1032 1559 1297 1630 reliquam
1338 1559 1785 1631 complet-imus?
1832 1560 2030 1637 Annon
2096 1562 2301 1637 delecta
2374 1565 2497 1635 ejus
2529 1564 2648 1619 utili
2719 1573 2898 1635 parte,
2956 1562 3224 1634 quidquid
3274 1556 3613 1616 habitationi

347 1650 627 1705 hominum
657 1662 744 1707 est
777 1650 990 1716 inutile,
1032 1653 1441 1722 relinquimus?

421 1745 599 1800 «Dixit
629 1746 759 1805 item
793 1744 937 1801 Deus
966 1760 981 1798 :
1019 1746 1095 1800 En
1131 1762 1233 1819 ego
1264 1746 1509 1801 concessi
1542 1744 1699 1801 vobis
1728 1758 1919 1799 omnes

2101 1765 2118 1797 ι
2161 1747 2265 1798 Καὶ
2294 1741 2449 1800 εἶπεν
2475 1749 2502 1800 ὁ
2523 1746 2654 1811 Θεύς
2676 1763 2689 1777 '
2727 1746 2859 1801 Ἰδοὺ
2890 1745 3101 1801 δέδωκα
3136 1745 3267 1817 ὑμῖν
3305 1745 3419 1800 πᾶν
3458 1745 3619 1813 ξύλον

345 1836 638 1909 frugiferas
663 1838 913 1902 arbores,
948 1839 1147 1907 quibus
1172 1838 1239 1892 ad
1270 1838 1664 1894 alimoniam-et
1687 1851 1784 1893 vos
1806 1846 1925 1892 uta-

345 1931 481 1986 mini
514 1941 570 1986 et
612 1946 806 1986 omnes
862 1931 1050 1985 bestiae
1107 1939 1393 1987 terrestres
1418 1931 1484 1985 ⁸⁸.
1525 1931 1626 1986 Hic
1683 1929 1922 1984 animum

346 2022 634 2077 advertite.
671 2020 812 2075 Deus
839 2021 1057 2097 quidem
1100 2020 1332 2091 piscium
1360 2030 1417 2076 et
1459 2022 1780 2076 animalium
1830 2036 1925 2076 rc-

347 2115 618 2187 liquorum
674 2114 955 2189 dominum
1017 2113 1148 2168 fecit
1178 2114 1478 2178 hominem,
1533 2128 1720 2168 verum
1770 2113 1927 2168 utiis

348 2218 668 2264 vesceretur
697 2223 807 2274 non
840 2207 1110 2279 permisit.
1146 2203 1418 2267 Nimirum
1456 2206 1571 2262 hrec
1621 2207 1793 2277 prima
1838 2207 1924 2261 lex

353 2308 563 2354 tantum
620 2299 829 2353 homini
874 2298 1147 2354 fructuum
1180 2315 1337 2354 usum
1384 2298 1741 2359 concedebat.
1797 2312 1923 2352 cum

350 2393 529 2469 adhuc
554 2392 813 2462 paradiso
844 2391 1044 2463 dignus
1073 2399 1240 2448 esset.
1295 2391 1488 2460 Itaque
1519 2398 1628 2446 tam
1675 2391 1926 2447 homines

348 2500 512 2553 quam
544 2498 721 2541 aereae
750 2483 1001 2540 volucres
1032 2492 1087 2540 et
1119 2490 1378 2538 terestres
1422 2481 1611 2538 bestiae
1656 2481 1924 2553 fructibus

350 2550 634 2644 arborum,
667 2577 876 2641 herbis,
912 2576 1161 2647 gramine
1192 2576 1581 2631 vescebantur.
1643 2550 1720 2628 Et
1748 2589 1925 2644 quan-

347 2686 508 2740 quam
540 2671 705 2726 hodie
732 2670 837 2733 leo,
865 2669 1127 2740 pardalis,
1155 2667 1272 2723 aliae
1300 2666 1430 2724 ferae
1453 2656 1697 2722 cruentis
1721 2676 1927 2722 macta:

349 2764 592 2818 tionibus
625 2761 872 2839 cibisque
903 2760 1263 2822 delectentur,
1325 2768 1513 2814 tamen
1561 2757 1615 2814 id
1659 2759 1923 2828 temporis

348 2857 467 2911 haec
501 2855 665 2910 etiam
698 2854 954 2913 animalia
979 2854 1083 2925 legi
1109 2862 1322 2909 naturae
1382 2851 1602 2913 subdita
1652 2851 1923 2906 fructibus

349 2955 560 3001 tantum
593 2947 905 3008 alebantur.
948 2947 1026 3002 Ac
1065 2955 1423 3015 posteaquam
1458 2945 1602 2999 Deus
1640 2942 1919 2997 hominem

340 3041 455 3110 jam
508 3039 710 3094 factum
762 3038 1306 3108 intemperantiorem
1366 3035 1525 3102 vidit,
1578 3036 1746 3090 altera
1804 3035 1922 3105 lege

2030 1837 2058 1889 ὃ
2089 1837 2201 1909 ἔχει
2225 1838 2438 1910 καρπὸν
2469 1840 2523 1893 ἐν
2545 1837 2744 1909 ἐαυτῷ.
2783 1836 2946 1909 Ὑμῖν
2979 1836 3133 1893 ἔσται
3168 1838 3250 1899 είς
3276 1836 3488 1908 βρῶσιν
3516 1833 3619 1890 καὶ

2031 1933 2168 1985 πᾶσι
2196 1933 2305 1994 τοῖς
2340 1931 2547 2007 θηρίοις
2576 1931 2677 2001 τῆς
2698 1926 2826 2001 γῆς.
2868 1948 2887 1983 ι
2924 1931 3171 2001 Πρόσεχε
3196 1928 3290 1983 οὖν
3318 1947 3331 1960 ’
3371 1926 3618 2001 ἄρχοντα

2035 2023 2133 2093 μὲν
2164 2025 2275 2095 γάρ
2316 2024 2425 2076 τῶν
2475 2023 2676 2094 ἰχθύων
2721 2022 2818 2077 καὶ
2866 2022 2978 2077 τῶν
3003 2021 3211 2076 λοιπῶν
3256 2022 3488 2091 ἐποίησε
3525 2021 3621 2075 τὸν

2031 2118 2316 2189 ἄνθρωπον
2345 2118 2371 2171 ό
2404 2116 2557 2181 Θεὸς,
2595 2116 2656 2169 οὐ
2680 2115 2789 2187 μὴν
2819 2113 2877 2168 δὲ
2924 2114 3018 2168 καὶ
3041 2116 3140 2185 τὴν
3173 2114 3484 2169 ἀπόλαυσιν
3515 2115 3620 2168 αὐ·

2030 2210 2140 2264 τῶν
2169 2207 2319 2280 αὒτῷ
2346 2205 2794 2279 συγκεχώρηκεν.
2821 2207 2986 2259 ’Ὥστε
3013 2207 3046 2277 ἡ
3078 2204 3178 2275 μὲν
3209 2204 3405 2276 πρώτη
3451 2223 3620 2276 νομο-

2034 2307 2187 2360 θεσία
2215 2305 2446 2377 καρπῶν
2496 2305 2792 2358 ἀπολαύειν
2844 2303 3164 2358 ὲνδέδωκεν.
3204 2303 3325 2357 Ἔτι
3356 2304 3467 2372 γὰρ
3504 2305 3622 2356 ἐνο-

2037 2397 2313 2469 μιζόμεθα
2353 2397 2493 2461 ἄξιοι
2541 2396 2636 2450 τοῦ
2672 2394 3006 2467 παραδείσου
3042 2387 3184 2448 εἶναι
3206 2411 3220 2426 ο
3257 2396 3470 2466 καρπὸς
3499 2396 3619 2450 λοι-

2033 2492 2134 2543 πδν
2169 2489 2264 2543 καὶ
2301 2488 2435 2558 χλόη
2463 2488 2558 2540 καὶ
2590 2487 2782 2558 χόρτος
2817 2488 2849 2557 ἡ
2860 2488 2955 2556 μίν
2987 2487 3067 2548 είς
3098 2472 3325 2556 βρῶσιν,
3357 2487 3471 2551 τοῖς
3522 2504 3620 2540 πε-

2030 2585 2231 2646 τεινοῖς
2261 2598 2321 2637 τε
2350 2581 2447 2635 τοῦ
2499 2578 2735 2650 οὐρανοῦ
2788 2579 2883 2634 καὶ
2937 2579 3075 2631 πᾶσι
3113 2580 3225 2641 τοῖς
3265 2578 3477 2650 θηρίοις
3511 2579 3619 2648 τῆς

2031 2675 2154 2746 γῆς,
2198 2675 2259 2726 El
2296 2672 2406 2742 γὰρ
2448 2673 2543 2726 καὶ
2591 2671 2687 2724 νῦν
2724 2673 2920 2742 αἵμασι
2977 2669 3267 2741 χαίρουσιν
3317 2671 3345 2723 ὅ
3377 2687 3435 2723 τε
3476 2669 3618 2723 λέων

2032 2763 2206 2834 καὶ,ἡ
2238 2762 2524 2833 πάρδαλις,
2554 2760 2672 2815 ἀλλ’
2691 2761 2842 2832 ὅμως
2873 2761 2965 2814 καὶ
2996 2757 3169 2812 ταῦτα
3196 2757 3275 2829 τῷ
3320 2760 3470 2830 νόμῳ
3511 2759 3614 2829 τῆς

2034 2858 2247 2926 φύσεως
2284 2854 2702 2925 ὑποτεταγμένα
2741 2855 2977 2925 καρποῖς
3009 2848 3345 2922 διετρέφετο.
3387 2851 3615 2921 Ἐπειδὴ

2030 2951 2087 3004 δὲ
2117 2948 2300 3013 ὁΘεὸς
2346 2946 2798 3018 ἐκδεδιῃτημένον
2851 2942 2958 2998 εἶδε
2990 2945 3082 3007 τὸν
3132 2942 3443 3013 ἄνθρωπον,
3487 2944 3617 2997 δευ-
3670 2936 3675 2937 ν

2033 3045 2175 3117 τέρῳ
2232 3044 2382 3113 νόμῳ
2420 3043 2561 3112 μετά
2606 3041 2699 3094 τὸν
2750 3038 3134 3111 κατακλυσμὸν
3187 3040 3403 3095 πάντων
3456 3039 3615 3108 αὐτῷ

345 3141 468 3202 post
490 3131 755 3187 diluvium
785 3139 1112 3201 potestatem
1143 3130 1192 3186 ei
1214 3128 1619 3185 facitomnibus
1639 3127 1919 3183 vescendi.

2031 3111 2308 3207 συγχωρεῖ
2327 3111 2430 3205 τὴν
2461 3134 2786 3200 ἀπόλαυσιν,
2828 3151 2847 3184 ι
2881 3132 3068 3187 Ταῦτα
3094 3133 3271 3187 πάντα
3298 3133 3374 3196 ὡς
3398 3131 3615 3203 λάχανα

343 3222 552 3281 (iuncta
584 3225 761 3290 vobis,
791 3222 887 3287 ait,
923 3221 1151 3292 perinde
1173 3221 1409 3277 fruenda
1439 3221 1682 3289 concedo
1717 3231 1773 3275 ut
1795 3220 1923 3277 her-

345 3318 537 3371 barum
567 3317 739 3370 olera.
791 3316 1025 3386 Propter
1053 3315 1199 3369 hanc
1228 3314 1647 3369 concessionem
1701 3313 1913 3383 reliqua

343 3409 504 3464 etiam
535 3406 791 3462 animalia
826 3405 1162 3477 quibuslibet
1195 3406 1342 3461 vesci
1372 3396 1679 3476 coeperunt.
1733 3404 1923 3476 itaque

344 3503 431 3555 leo
459 3483 784 3562 carnivorus
846 3498 915 3554 ab
943 3501 1010 3554 eo
1065 3500 1310 3570 tempore
1364 3498 1489 3567 fuit,
1545 3508 1599 3554 ct
1631 3498 1923 3554 morticina

344 3593 593 3646 vultures
623 3596 941 3663 observant.
978 3589 1090 3647 Nec
1121 3591 1267 3647 enim
1299 3592 1350 3647 id
1379 3592 1643 3662 temporis
1668 3606 1778 3661 quo
1802 3589 1921 3661 pri-

347 3700 494 3739 mum
527 3684 845 3740 oriebantur
872 3685 1152 3750 animalia,
1185 3695 1386 3741 terram
1404 3686 1652 3741 vultures
1684 3685 1922 3740 circum-

346 3776 689 3854 spectabant,
711 3784 769 3831 ut
793 3776 858 3830 ad
893 3786 1107 3847 pastum
1137 3777 1402 3833 cadavera
1423 3787 1919 3855 consequerentur,

349 3871 445 3924 scd
507 3869 561 3923 in
598 3869 769 3939 pratis
822 3869 1136 3943 alimoniam
1176 3871 1515 3940 quaerebant.
1574 3871 1834 3925 Videmus
1869 3880 1924 3925 et

351 3961 511 4016 hodie
542 3974 707 4017 canes
736 3961 1117 4037 medicamenti
1177 3944 1342 4019 causa
1372 3962 1616 4035 gramine
1673 3978 1923 4031 schenu-

349 4069 501 4109 mero
537 4053 704 4123 pasci,
734 4068 841 4108 non
876 4054 1021 4124 quod
1049 4054 1157 4125 hoc
1179 4057 1516 4110 nutrimento
1538 4053 1689 4108 velut
1727 4053 1924 4108 idoneo

349 4155 661 4212 vescantur,
690 4145 784 4200 sed
814 4146 943 4224 quia
970 4145 1219 4203 doctrina
1257 4147 1492 4215 quadam
1551 4153 1783 4224 natura:3
1838 4144 1922 4199 di-

350 4239 554 4296 scendo
590 4252 698 4294 non
742 4220 1021 4309 percepta,
1076 4241 1311 4298 tendunt
1357 4238 1423 4293 ad
1464 4253 1529 4293 ea
1563 4218 1790 4292 rationis
1825 4246 1923 4293 cx-

347 4342 527 4403 pertes
558 4332 749 4389 bestiae
779 4349 900 4403 qua:
922 4334 1056 4404 ipsis
1081 4333 1235 4387 utilia
1266 4340 1414 4386 sunt.
1448 4330 1728 4402 Ejusmodi
1753 4332 1924 4389 fuisse

2025 3230 2219 3301 χόρτου
2239 3227 2482 3297 φάγεσθε
2524 3244 2544 3279 ι
2583 3225 2776 3280 είπών.
2807 3224 2993 3295 Ταύτῃ
3033 3225 3135 3293 μὲν
3171 3220 3264 3278 οὗν
3293 3228 3359 3296 τῇ
3395 3241 3613 3295 συγχω-

2028 3323 2183 3396 ρήσει
2210 3322 2304 3374 ml
2334 3320 2404 3373 τὰ
2436 3319 2599 3374 λοιπά
2644 3319 2766 3382 ζῶα
2792 3319 2885 3372 τοῦ
2914 3317 3114 3371 ἐσθίειν
3164 3317 3358 3371 ἔλαϐον
3390 3316 3609 3375 ἄδειαν.

2038 3411 2128 3477 Ἐξ
2150 3411 2358 3463 ἐκείνου
2388 3407 2447 3460 δὲ
2474 3405 2663 3460 λοιπὸν
2712 3405 3014 3475 αῑμοδόρος
3045 3406 3072 3458 ὁ
3103 3404 3262 3477 λέων,
3308 3403 3366 3468 se
3398 3405 3611 3458 ἐκείνου

2024 3504 2118 3554 καὶ
2142 3500 2315 3568 γῦπες
2343 3495 2675 3565 ἀναμένουσι
2705 3484 3023 3565 θνησιμαῖα.
3062 3493 3138 3546 Οὐ
3167 3495 3339 3563 δήπου
3375 3494 3486 3561 γάρ
3514 3495 3613 3547 καὶ

2024 3593 2199 3661 γῦπες
2255 3591 2373 3662 ἅμα
2430 3588 2508 3662 τῷ
2539 3588 2870 3660 γεννηθῆναι
2907 3586 3022 3650 ζῶα
3068 3586 3474 3653 περιεσκόπουν
3510 3588 3610 3656 τὴν

2026 3686 2150 3754 γῆν,
2180 3684 2254 3747 ὡς
2288 3682 2497 3737 ἐκεῖθεν
2527 3677 2672 3736 οὗτοι
2701 3678 2990 3750 τραφῶσιν
3010 3693 3026 3712 ’
3065 3677 3199 3731 ἀλλά
3230 3677 3406 3730 ταῦτα
3427 3679 3611 3732 πάντα

2026 3777 2150 3838 τοὺς
2173 3774 2449 3843 λειμῶνας
2472 3771 2855 3844 περιήρχοντο.
2890 3770 3001 3823 Καὶ
3022 3769 3116 3823 νῦν
3141 3769 3253 3839 γὰρ
3282 3771 3452 3832 κύνας
3474 3771 3616 3841 ὁρῶ-

2029 3884 2130 3939 μεν
2160 3864 2458 3935 θεραπείας
2499 3863 2688 3916 ἕνεκεν
2728 3858 2989 3922 πολλάκις
3033 3859 3313 3930 ἄγρωστιν
3360 3860 3614 3928 ἐπινεμο-

2029 3960 2244 4029 μένους,
2295 3957 2396 4011 οὐκ
2446 3955 2636 4026 ἐπειδὴ
2687 3954 2947 4024 συμφυής
2989 3954 3136 4006 ἐστιν
3186 3953 3218 4022 ἡ
3260 3954 3461 4024 τροφὴ,
3493 3954 3611 4007 ἀλλ’

2026 4050 2213 4121 ἐπειδὴ
2244 4050 2511 4120 ἀδιδάκτῳ
2530 4048 2634 4103 τινὶ
2668 4046 2885 4116 φύσεως
2917 4045 3235 4118 διδασκαλίᾳ
3268 4048 3358 4099 ἐπὶ
3381 4048 3445 4102 τὸ
3472 4065 3613 4118 συμ-

2026 4144 2192 4215 φέρον
2237 4143 2459 4212 ἔρχεται
2497 4142 2567 4195 τά
2601 4140 2794 4209 ἄλογα.
2821 4138 3067 4193 Τοιαῦτα
3090 4137 3306 4208 λόγισαι
3338 4136 3486 4194 εἶναι
3513 4142 3612 4199 καὶ

2026 4241 2148 4294 τότε
2179 4239 2246 4292 τά
2278 4238 2550 4310 αἱμοόόρα
2576 4236 2685 4291 τῶν
2703 4235 2859 4300 ζώων
2879 4274 2892 4299 ,
2923 4235 3117 4306 χόρτον
3139 4236 3352 4303 ἑαυτοῖς
3383 4234 3466 4299 εἷς
3486 4254 3612 4308 τρο-

2028 4334 2134 4404 φὴν
2163 4333 2419 4395 ἐπινοεῖν,
2441 4332 2502 4384 οὐ
2529 4329 2638 4402 μὴν
2658 4328 2909 4399 ἀλλήλοις
2933 4328 3373 4393 ἐπιϐουλεύοντα.
3406 4329 3613 4400 Συγκε-

348 4430 477 4479 tunc
507 4425 761 4479 animalia
788 4426 1077 4481 carnivova
1132 4423 1399 4497 cogitabis
1428 4465 1442 4491 ,
1497 4441 1619 4496 qua:
1674 4429 1921 4498 gramine

2031 4425 2276 4497 χώρηται
2306 4421 2421 4491 οὖν,
2450 4422 2524 4486 ὡς
2545 4422 2795 4493 εἴρηται,
2831 4422 2974 4491 μετά
3006 4422 3098 4476 τὸν
3126 4421 3522 4492 κατακλυσμὸν
3576 4424 3609 4495 ἡ

347 4517 557 4572 scilicet
595 4517 741 4573 vesci
769 4518 1191 4589 consueverint,
1235 4524 1347 4572 non
1374 4517 1477 4573 sibi
1517 4518 1752 4574 invicem
1785 4520 1921 4576 insi-

348 4608 505 4663 diari.
542 4609 703 4663 Facta
737 4618 818 4664 est
849 4610 1012 4681 igitur
1037 4607 1320 4665 fruitionis
1386 4610 1580 4666 horum
1635 4612 1922 4668 concessio

348 4710 480 4777 post
505 4700 787 4766 diluvium,
814 4701 958 4757 sicut
988 4698 1285 4763 indicatum
1307 4712 1390 4759 est
1424 4703 1715 4760 hactenus.
1746 4705 1923 4759 Enim-

351 4806 481 4845 vero
508 4804 635 4847 sunt
670 4792 947 4864 hodieque
1000 4793 1275 4860 nonnulli,
1324 4795 1416 4863 qui
1450 4796 1613 4850 vitam
1661 4804 1813 4851 suam
1855 4799 1921 4851 ad
1958 4780 1967 4787 ’

350 4882 714 4937 imitationem
746 4884 873 4938 vitre
903 4883 1166 4952 paradisi,
1195 4895 1458 4954 quantum
1493 4888 1616 4957 ejus
1641 4886 1756 4943 ﬁeri
1799 4898 1921 4958 pot~

347 4980 447 5035 est,
484 4972 835 5029 instituentes
867 4990 895 5027 a
932 4974 1164 5029 nimium
1198 4991 1382 5032 crassa
1408 4978 1497 5032 illa
1520 4979 1765 5033 ciborum
1792 4976 1925 5034 frui-

350 5070 496 5117 tioue
523 5064 811 5132 abhorent,
850 5080 913 5120 ac
946 5075 1059 5121 tum
1087 5066 1352 5123 fructibus
1387 5079 1500 5124 tum
1530 5065 1845 5134 seminibus
1868 5079 1923 5123 ct

348 5155 599 5210 nnmibus
630 5156 696 5210 iis
735 5172 854 5225 quae
884 5154 951 5210 dc
983 5157 1272 5213 arboribus
1303 5160 1636 5229 proveniunt
1671 5168 1920 5217 utuntur.

346 5247 695 5316 Quaecuon
728 5247 936 5302 scilicet
968 5240 1166 5318 pratter
1214 5255 1327 5306 hrec
1375 5268 1714 5321 supervauea
1766 5263 1919 5319 sunt,

2031 4517 2353 4583 ἀπόλαυσις,
2388 4515 2528 4585 πλὴν
2555 4513 2692 4568 ἀλλὰ
2717 4513 2813 4566 καὶ
2841 4513 2938 4567 νῦν
2990 4513 3134 4569 κατὰ
3162 4514 3399 4585 μίμησιν
3427 4515 3532 4585 τῆς
3555 4516 3612 4570 ὲν

2030 4610 2109 4682 τῷ
2131 4607 2449 4679 παραδείσῳ
2491 4604 2638 4677 ζωῆς
2674 4607 2888 4669 ἑαυτοῖς
2917 4605 3073 4675 άγειν
3100 4604 3442 4676 βουλόμενοι,
3481 4607 3613 4679 φεύ-

2031 4718 2221 4771 γοντες
2245 4699 2453 4770 ταύτην
2481 4698 2580 4771 τὴν
2621 4697 2887 4752 πολύυλον
2917 4699 3216 4752 ἀπόλαυσιν
3242 4698 3351 4752 τῶν
3380 4698 3611 4769 βρωμά-

2030 4808 2161 4857 των,
2190 4790 2275 4844 ἐπ’
2308 4791 2513 4842 ἐκεῖνον
2561 4787 2653 4842 τὸν
2712 4789 2847 4859 βίον,
2905 4787 3089 4851 καθὼς
3152 4781 3268 4841 οἶόν
3315 4790 3377 4842 τέ
3435 4792 3609 4855 ἐστιν,

2028 4882 2258 4944 ἑαυτοὺς
2287 4881 2574 4951 ἀγόμενοι,
2628 4873 2866 4951 καρποῖς
2908 4882 3003 4934 καὶ
3036 4882 3318 4952 σπέρμασι
3366 4885 3633 4946 καὶτοῖς-

2029 4977 2091 5027 ἐκ
2128 4973 2235 5027 τῶν
2263 4973 2584 5045 ἀκροδρύων
2629 4975 2707 5037 είς
2757 4973 3035 5044 διαγωγὴν
3079 4974 3388 5045 χρώμενοι·
3444 4976 3505 5028 τὸ
3551 4974 3608 5028 δὲ

2030 5066 2292 5141 περισσὸν
2316 5067 2523 5120 τούτων
2542 5066 2618 5129 ὡς
2636 5067 2739 5119 οὐκ
2778 5067 3078 5134 ἀναγκαῖον
3108 5068 3571 5138 ἀποστρεφόμεθα
3590 5084 3604 5097 ’

2017 5154 2087 5213 ὀὐ
2111 5161 2221 5231 γάρ
2248 5159 2521 5230 βδελυκτὰ
2547 5159 2635 5212 διά
2666 5156 2758 5212 τὸν
2788 5161 3056 5214 κτίσαντα
3075 5200 3091 5227 ,
3136 5159 3257 5213 οὐδὲ
3288 5161 3489 5230 αίρετά
3518 5160 3605 5231 διά

2027 5253 2128 5323 τὴν
2155 5253 2256 5324 τῆς
2282 5253 2488 5321 σαρκὸς
2518 5253 2832 5307 εὐπάθειαν.

351 5351 740 5411 umquamnon
774 5345 1080 5399 necessaria
1143 5360 1484 5403 recusamus.
1540 5349 1753 5405 Etenim
1818 5363 1920 5404 nec
1957 5347 2351 5404 abominabil‘ia
2380 5348 2565 5417 putari
2612 5347 2833 5407 odebent
2862 5356 3090 5419 propter
3148 5352 3478 5417 creatorem,
3506 5360 3610 5405 nec

347 5432 650 5497 expetenda
680 5444 1014 5502 rnagnopere
1036 5445 1261 5505 propter
1297 5438 1486 5492 carnis
1518 5438 1707 5495 luxum
1750 5451 1807 5496 et
1853 5441 1920 5497 ad
1962 5440 2186 5496 delicias
2225 5439 2677 5509 propensionem.

762 5529 834 5582 De
862 5532 1100 5585 carnium
1135 5535 1500 5589 visceratione.

417 5620 525 5690 85
558 5622 690 5677 Novi
728 5635 798 5691 te,
842 5625 1041 5684 dilecte
1074 5631 1169 5699 fili,
1209 5632 1308 5685 hac
1342 5632 1505 5685 etiam
1539 5632 1590 5687 in
1631 5642 1781 5703 parte
1801 5649 1910 5688 non

417 5784 460 5813 ‘5
489 5784 625 5837 Gen.
654 5799 691 5849 ι,
716 5786 807 5841 ‘29.

2536 5537 2675 5608 Περὶ
2701 5538 3116 5609 κρεωδαισίας.

2088 5628 2218 5689 Οἶδα
2275 5632 2353 5702 δὲ,
2392 5633 2667 5706 ἀγαπητὲ,
2702 5634 2783 5688 ὅτι
2843 5632 2941 5689 καὶ
2989 5634 3078 5687 ἐπὶ
3118 5630 3293 5703 τούτῳ
3317 5632 3607 5704 ἡπόρηκας
