3862 6228
323 315 424 386 179

1591 330 2016 395 itilCHAELIS
2056 337 2313 407 GLYCE

3466 341 3581 405 180

312 449 424 488 non
454 433 636 490 fuerit.
662 435 1007 507 Quapmpter
1033 438 1211 493 omnis
1235 440 1323 496 hic
1345 440 1609 497 dubitatio
1640 445 1879 499 tollatur.

2019 446 2139 511 λεδς,
2187 448 2310 500 τότε
2346 446 2482 517 πρὸς
2509 446 2671 505 αὐτὸν
2707 447 2910 516 ἔλεγεν
2944 442 3052 522 «⁷ζί
3092 451 3137 504 δ’
3168 450 3235 505 ἂν
3259 453 3446 526 ἡμέρᾳ
3474 453 3586 521 φά.

315 523 448 579 Nam
499 526 543 579 si
585 527 793 593 statim,
828 543 951 584 cum
1002 530 1274 585 homim-m
1322 535 1579 590 conderet
1616 534 1778 591 Deus.
1821 538 1889 592 ad

314 631 440 671 eum
471 615 699 673 dixisset
732 637 746 673 :
789 639 807 673 ι
846 620 1183 693 Quacunque
1233 624 1320 679 die
1356 628 1652 682 vescentini
1691 629 1757 683 de
1792 630 1891 684 hac

313 710 534 774 arbore,
568 721 739 768 morte
769 715 1153 783 multabimini,
1187 738 1203 770 ι
1238 718 1560 773 habuissent
1587 738 1719 775 sane
1746 723 1891 802 quod

314 802 645 870 objicerent,
687 806 778 876 qui
826 807 1095 864 Adamum
1144 810 1287 865 inter
1332 811 1791 867 immortalitatem
1827 829 1888 867 ac

317 895 703 950 mortalitatem
746 899 982 954 medium
1030 902 1183 970 quasi
1228 902 1460 957 faciunt.
1500 905 1566 957 At
1609 920 1732 959 cum
1772 914 1897 974 post

322 988 656 1042 creationem
687 989 859 1059 ipsius
887 1007 995 1046 non
1035 992 1232 1064 exiguo
1277 994 1567 1065 interjecto
1599 996 1775 1065 spatio
1813 997 1895 1051 lex

320 1077 437 1131 lnee
465 1081 800 1152 promulgata
830 1083 1016 1151 fuerit,
1053 1101 1148 1155 per
1177 1102 1337 1156 quam
1379 1104 1526 1142 mors
1554 1090 1898 1145 occasionem

266 1194 269 1195 ν
325 1171 589 1227 adversus
641 1190 741 1229 nos
790 1178 1046 1246 arripuit,
1103 1196 1328 1251 prorsus
1367 1181 1457 1236 hic
1504 1181 1754 1236 haesitare
1790 1198 1899 1236 non

320 1264 611 1354 debebant,
645 1266 737 1336 qui
774 1267 1009 1324 Litteras
1058 1287 1241 1327 sacras
1294 1281 1348 1327 et
1404 1282 1612 1327 attente
1653 1289 1751 1328 nec
1781 1275 1901 1330 sine

321 1357 672 1411 convenienti
704 1361 1168 1431 pervestigatione
1220 1377 1277 1417 se
1327 1365 1506 1434 legere
1549 1365 1900 1434 proﬁtentur.

328 1449 492 1517 |g7tur
522 1450 591 1505 ab
627 1450 784 1505 initio
824 1467 1007 1507 rerum
1060 1452 1201 1507 Deus
1236 1454 1512 1510 hominem
1547 1456 1600 1509 in
1640 1464 1782 1511 statu
1816 1457 1905 1510 in-

326 1538 520 1593 teritus
566 1540 789 1608 experte
835 1541 1100 1601 condidit.
1163 1544 1265 1597 hoc
1316 1553 1400 1598 est
1453 1543 1816 1599 immortalem
1849 1544 1905 1601 in

324 1640 501 1685 ortum
539 1632 796 1700 produxit
822 1633 888 1688 ad
921 1634 1209 1705 imaginem
1243 1636 1566 1691 aeternitatis
1596 1635 1729 1691 suzc.

391 1723 534 1778 Nihil
577 1724 665 1780 hic
697 1725 1029 1781 diﬂicultatis
1075 1727 1236 1798 ohjiei
1297 1728 1394 1782 tibi
1435 1729 1657 1797 patitor.
1727 1726 1904 1784 Habes

1993 557 2128 609 γητε
2158 541 2267 595 ἀπὸ
2307 541 2402 596 τοῦ
2446 541 2641 611 φυτοῦ,
2670 541 2889 613 θανάτῳ
2929 544 3316 611 ἀποθανεῖσθε,
3356 566 3375 598 ο
3430 543 3585 617 εἶχον

1994 633 2057 685 ἄν
2086 652 2137 689 τι
2172 635 2267 688 καὶ
2296 634 2478 703 λέγειν
2509 636 2559 689 οἱ
2589 633 2753 702 μέσον
2785 634 2948 689 αὑτὸν
2976 635 3280 700 ἀθανασίας
3308 634 3451 691 εἶναι
3485 637 3584 693 καὶ
3636 678 3643 684 ς

1995 723 2321 795 θνητότητος
2355 726 2630 794 λέγοντες.
2676 726 2830 779 Ἐπεὶ
2859 726 2914 778 δὲ
2948 726 3128 796 πολλῷ
3161 729 3301 798 μετά
3347 734 3449 799 τὴν
3484 730 3586 784 αὐ-

1997 815 2089 872 τοῦ
2122 818 2465 887 παραγωγὴν
2494 817 2721 888 ὕστερον
2751 818 2954 872 ἐδίδοτο
2984 820 3048 873 τὰ
3079 820 3182 889 τῆς
3214 822 3465 886 ἐντολῆς,
3488 822 3584 889 ἀφ’

1995 900 2064 978 ἧς
2097 908 2205 979 ἄρα
2254 909 2349 961 καὶ
2403 909 2587 981 χώραν
2618 912 2645 963 ὁ
2675 909 2906 973 Θάνατος
2945 911 3218 980 ἐλάμϐανε
3261 913 3386 966 καθ’
3420 915 3584 983 ἡμῶν

1998 1000 2045 1067 (ι
2069 998 2193 1053 Ἐἀν
2216 1000 2325 1071 γὰρ
2345 1002 2578 1072 φάγητε,
2609 1020 2626 1053 ι
2656 1002 2812 1072 φησὶ,
2836 1021 2853 1055 ι
2874 1002 3091 1074 θανάτῳ
3115 1004 3475 1060 ἀποθανεῖσθε
3507 1006 3581 1071 ι),

1998 1092 2365 1163 ἀμφιὸἀλλειν
2400 1092 2537 1157 ὅλως
2589 1094 2689 1147 οὐκ
2741 1094 2953 1162 ἔπρεπε
3002 1095 3128 1158 τοὺς
3173 1096 3583 1165 ἐπερχομένους

1999 1184 2138 1247 τέως
2163 1186 2534 1254 ὲρευνητικῶς
2576 1185 2675 1256 τὴν
2719 1186 2963 1257 Γραφήν.
2998 1185 3223 1241 Ἐκτισε
3280 1189 3381 1256 μὲν
3420 1185 3586 1240 οὖν”ὀ

2000 1276 2135 1340 Θεὸς
2166 1278 2253 1331 ἐπ’
2286 1277 2566 1348 ἀφθαρσίᾳ
2601 1279 2719 1337 τὸν,
2744 1278 3030 1348 ἄνθρωπον
3071 1281 3168 1333 ἀπ’
3192 1280 3389 1349 ἀρχῆς,
3421 1295 3585 1330 τουτ-

2002 1367 2150 1420 έστιν
2201 1368 2479 1437 ἄφθαρτον
2514 1370 2714 1423 αὐτίκα
2756 1372 3047 1443 παρήγαγε
3094 1370 3212 1426 κι;τ’
3248 1371 3437 1424 εἰκόνα
3480 1371 3584 1438 τῆς

2005 1458 2306 1529 ἀῖδιὸτητος
2343 1460 2531 1517 αὑτοῦ,

2089 1727 2248 1781 Ἀλλὰ
2278 1729 2350 1798 μὴ
2376 1729 2695 1801 δυσχέραινε
2740 1729 2932 1785 τούτου
2983 1728 3192 1785 ἕνεκεν.
3220 1730 3440 1800 ,Ἔχεις
3491 1728 3593 1783 τὸν

325 1818 674 1873 Anastasium
699 1818 993 1883 Sinaitem,
1044 1820 1221 1874 virum
1248 1820 1517 1887 divinum,
1560 1822 1649 1890 qui
1686 1821 1741 1875 in
1784 1837 1905 1876 ora-

2019 1820 2263 1890 Σιναῖτην
2293 1820 2436 1874 θεῖον
2482 1820 2834 1877 Ἀναστάσιον
2875 1826 2932 1878 ὲν
2962 1821 3038 1893 τῷ
3081 1822 3206 1891 περὶ
3238 1821 3590 1885 ἀναστάσεως

326 1909 472 1964 tione
495 1925 591 1965 sua
625 1911 692 1965 de
722 1912 1145 1967 Resnrrectione
1209 1911 1290 1966 sic
1340 1913 1555 1981 inquit:
1594 1933 1613 1965 ι
1650 1913 1905 1969 Condidit

325 2000 603 2056 hominem
639 2002 801 2067 Deus,
838 2013 893 2057 et
931 2002 1150 2072 quidem
1187 2003 1279 2057 Dei
1318 2003 1383 2057 ad
1430 2003 1722 2073 imaginem
1775 2018 1903 2058 eum

323 2091 584 2146 condidit.
623 2091 747 2146 Hmc
769 2093 943 2162 prima
976 2092 1074 2146 fuit
1108 2093 1335 2151 creatio.
1374 2090 1626 2165 simplex,
1690 2094 1902 2148 nullum

323 2180 561 2252 coniugii
584 2182 860 2237 vinculum
894 2184 1125 2249 habens,
1148 2184 1402 2239 interitus
1424 2199 1671 2253 expers.»
1701 2183 1903 2251 Quodsi

326 2272 497 2341 prima
554 2274 755 2329 creatio
787 2274 949 2330 fuerit
979 2290 1175 2344 expers
1209 2276 1483 2340 interitus,
1546 2277 1905 2344 quemadmo-

325 2366 454 2417 dum
486 2373 705 2420 sanctus
746 2366 833 2421 hic
874 2367 956 2420 vir
1001 2367 1099 2431 ait,
1159 2367 1287 2437 quid
1344 2367 1411 2421 de
1448 2365 1684 2421 ‘homlne
1730 2367 1907 2436 primo

326 2456 609 2510 dicemus?
677 2457 936 2511 nimirum
995 2458 1134 2512 Dens
1186 2473 1310 2512 eum
1387 2459 1572 2512 statim
1629 2459 1695 2512 ab
1752 2458 1908 2512 initio

326 2559 602 2618 expertem
640 2550 893 2605 interitus
925 2551 1171 2607 condidit
1221 2561 1271 2605 et
1310 2552 1454 2607 dono
1487 2551 1908 2606 immortalitatis

327 2640 561 2693 ornavit.
594 2638 724 2705 Quae
750 2640 969 2710 quidem
997 2641 1162 2698 verba
1189 2624 1534 2711 nequaquam
1582 2657 1702 2696 mea
1756 2649 1906 2703 sunt,

328 2731 423 2786 sed
467 2732 548 2785 vir
582 2732 814 2787 eximius
845 2732 1093 2787 Andreas
1118 2735 1348 2788 antistes
1393 2734 1669 2788 Cretensis
1701 2734 1753 2786 in
1789 2747 1913 2787 ora-

330 2824 476 2877 tione
501 2838 599 2877 sua
632 2823 705 2878 De
738 2825 802 2878 iis
825 2824 919 2894 qui
965 2825 1381 2880 obdormierunt
1426 2825 1481 2879 in
1496 2826 1656 2879 hunc
1690 2825 1908 2879 modum

332 2915 615 2984 loquitur:
657 2932 676 2967 ι
716 2916 849 2970 Cum
890 2917 1165 2971 hominem
1201 2927 1442 2972 creasset
1470 2917 1634 2983 Deus,
1691 2920 1796 2974 hoc
1859 2918 1909 2974 ei

332 3008 608 3076 dignitatis
633 3008 859 3081 largitus
896 3017 1073 3064 estut
1126 3019 1274 3065 esset
1325 3010 1599 3079 particeps
1658 3010 1908 3076 rationis,

332 3101 668 3174 intelligendi
698 3102 955 3159 facultate
977 3103 1257 3173 praeditus,
1285 3102 1630 3172 immortalis,
1658 3104 1914 3160 interitus

331 3209 544 3266 expers.
580 3213 599 3248 ι
653 3195 858 3264 Quodsi
901 3195 1223 3267 dignitatem
1283 3198 1423 3254 hanc
1484 3197 1912 3253 immortalitatis

332 3289 539 3344 homini
571 3288 713 3345 Deus
739 3290 1031 3357 concessit,
1065 3291 1158 3361 qui
1192 3292 1309 3347 ﬁeri
1341 3300 1541 3362 potest,
1570 3300 1630 3345 ut
1657 3289 1911 3345 eumdem

329 3381 533 3450 writer
564 3390 620 3437 et
669 3380 955 3436 mortalem
1011 3389 1068 3436 et
1095 3381 1461 3437 immortalem
1493 3380 1760 3446 dicamus,
1829 3380 1917 3435 vel

262 3504 269 3509 -
329 3472 625 3527 obnoxium
656 3471 896 3526 interitui
928 3472 1133 3541 pariter
1174 3482 1231 3527 et
1281 3472 1532 3527 interitus
1594 3473 1918 3542 expertem?

2009 1910 2150 1981 λόγῳ
2177 1911 2340 1965 αὐτοῦ
2374 1913 2500 1984 περὶ
2524 1913 2730 1966 τούτων
2759 1912 2902 1966 οὕτω
2923 1913 3179 1980 λέγοντα·
3219 1931 3237 1964 ι
3274 1911 3386 1966 Καὶ
3405 1913 3596 1982 ἐποίη-

2010 2015 2069 2052 σε
2098 2006 2186 2051 τὸν
2220 1999 2508 2071 ἀνθρωπιν
2539 2003 2567 2054 6
2593 2001 2724 2062 Θεός
2748 2018 2763 2033 ·
2788 2003 2910 2055 κατ’
2940 2002 3127 2054 είκόνα
3158 2000 3291 2053 Θεοῦ
3327 2002 3593 2070 ἐποίησεν

2007 2091 2189 2146 αὖτόν.
2232 2092 2427 2162 Πρώτη
2454 2092 2671 2161 ποίησις
2716 2092 2855 2163 αὕτη
2918 2092 3087 2161 ἁπλῆ.
3116 2093 3339 2160 ἄζυγος,
3369 2092 3596 2163 ἄφθαρ-

2008 2198 2118 2243 τος.
2167 2200 2185 2233 ι
2217 2182 2390 2248 Εἴπερ
2421 2177 2514 2235 οὖν
2556 2184 2589 2252 ή
2621 2182 2815 2253 πρώτη
2841 2183 3059 2252 ποίησις
3088 2184 3366 2255 ἄφθαρτος
3388 2176 3491 2255 ἦν,
3517 2183 3592 2248 ὡς

2008 2275 2035 2328 6
2069 2274 2388 2345 διαληφθεὶς
2411 2270 2563 2339 οὗτος
2586 2276 2689 2347 ἔφη
2721 2275 2866 2339 θεῖος
2892 2278 3052 2349 ἀνὴρ,
3087 2277 3214 2347 περὶ
3250 2277 3342 2329 τοῦ
3368 2275 3592 2344 πρώτου

2010 2366 2219 2422 ἐκείνου
2244 2366 2298 2419 τί
2329 2365 2435 2436 χρὴ
2456 2368 2547 2420 καὶ
2578 2368 2758 2436 λέγειν
2789 2367 3077 2437 ἀνθρώπου
3099 2385 3114 2434 ;
3140 2366 3459 2437 Ἀερθαρτον
3497 2365 3595 2434 μὲν

2009 2460 2116 2528 γὰρ
2144 2458 2305 2512 αὐτὸν
2330 2462 2356 2512 6
2382 2459 2515 2521 Θεὸς
2544 2459 2746 2513 αὐτίκα
2780 2461 3124 2530 παρήγαγεν,
3160 2460 3236 2524 ὼς
3269 2458 3371 2529 ἤδη
3404 2456 3597 2529 προεί-

2013 2569 2194 2622 ρηται,
2226 2552 2322 2605 καὶ
2350 2552 2621 2624 ἀθανασίᾳ
2652 2552 2941 2624 τετίμηκε;
2987 2555 3094 2608 Καὶ
3126 2553 3225 2606 οὐκ
3258 2553 3364 2623 ἐμὲ
3391 2553 3461 2605 τὰ
3497 2552 3592 2621 ῥήο

2015 2662 2179 2711 ματα.
2229 2646 2289 2698 ’0
2321 2644 2596 2709 θειότατος
2666 2645 2923 2719 Ἀνδρέας
2965 2646 2992 2698 6
3022 2645 3250 2714 Κρήτης
3296 2646 3353 2696 ἐν
3402 2643 3484 2715 τῷ
3518 2644 3598 2704 εἰς

2011 2734 2380 2804 κοιμηθέντας
2403 2735 2549 2806 λόγῳ
2575 2737 2739 2790 αὐτοῦ
2775 2735 3130 2806 περὶτούτων
3164 2735 3337 2798 οὕτως
3363 2734 3597 2805 εὕρηται

2012 2826 2186 2893 λέγων
2208 2841 2222 2857 ⁶
2261 2846 2279 2878 ι
2324 2827 2545 2891 [Ιλάσις
2572 2831 2600 2882 6
2636 2829 2767 2892 Θεὸς
2793 2829 2885 2883 τὸν
2916 2828 3224 2898 ἄνθρωπον,
3267 2827 3485 2894 ἀξίωμα
3512 2828 3599 2878 ὂέο

2012 2919 2184 2973 δωκεν
2215 2918 2365 2990 αὐτῷ
2398 2921 2458 2973 τὸ
2486 2920 2704 2986 λογικόν
2739 2938 2800 2973 τε
2844 2921 2940 2974 καὶ
2972 2920 3157 2993 νοερὸν
3191 2921 3286 2972 καὶ
3325 2919 3598 2973 ἀθάνατον

2014 3012 2111 3064 καὶ
2136 3011 2463 3083 ἀνώλεθρον.
2502 3032 2522 3065 ι
2559 3013 2731 3083 Είπερ
2770 3010 2864 3067 οὖν
2894 3013 3111 3084 ἀξίωμα
3144 3013 3342 3067 δέδυκε
3386 3013 3466 3081 τῷ
3500 3014 3597 3064 ἀν-

2016 3102 2221 3172 θρώπῳ
2240 3103 2302 3156 τὸ
2329 3102 2601 3157 ἀθάνατον
2637 3107 2665 3159 6
2683 3104 2837 3170 Θεὸς,
2862 3105 2977 3168 πῶς
3001 3104 3189 3158 λοιπὸν
3210 3105 3373 3157 αὑτὸν
3399 3107 3601 3171 θνητὸν

2020 3197 2115 3251 καὶ
2137 3196 2407 3250 ἀθάνατον
2428 3197 2695 3268 εἴπωμεν,
2717 3198 2749 3269 ἢ
2783 3198 3023 3269 φθαρτὸν
3041 3198 3242 3268 ὁμοίως
3263 3198 3355 3251 καὶ
3384 3196 3601 3266 ἀφθαρ-

2023 3307 2149 3355 τον;
2184 3290 2548 3356 Ἀνένδεκτον,
2568 3292 2645 3354 ὡς
2672 3289 2848 3361 οἶμαι,
2870 3292 3027 3346 τοῦτο
3056 3293 3147 3346 καὶ
3171 3291 3289 3343 λίαν
3317 3290 3487 3354 ἐστὶν,
3515 3292 3600 3343 ὅτι

2026 3383 2163 3452 μηδὲ
2206 3382 2473 3453 προσήκει
2526 3381 2605 3451 τῷ
2657 3382 2909 3453 ἀθανάτῳ
2952 3382 3049 3435 καὶ⁹
3097 3379 3391 3452 ἀνωλέθρῳ
3422 3397 3599 3455 προσ-

2022 3474 2220 3528 ἀπτειν
2249 3473 2385 3534 ὅλως
2415 3474 2477 3527 τὸ
2510 3474 2820 3543 θνητὸνκαὶ
2849 3474 3127 3545 ἄφθαρτον

335 3573 521 3641 nequit
542 3573 644 3627 hoc
674 3586 896 3641 prorsus
930 3584 1049 3625 mea
1077 3571 1294 3639 quidem
1323 3572 1578 3641 opinione
1610 3571 1749 3628 ﬁeri.
1784 3568 1918 3626 Nam
1969 3570 2264 3627 immortali
2304 3583 2360 3628 et
2410 3572 2663 3627 interitus
2690 3571 2901 3642 experti
2932 3585 3270 3641 nequaquam
3302 3577 3486 3640 potest
3522 3573 3604 3627 vel

337 3666 498 3721 morti
527 3665 610 3719 vel
660 3665 903 3720 interitui
937 3665 1181 3736 subjecta
1215 3666 1456 3723 conditio
1490 3667 1674 3723 tribui.

341 3796 349 3807 ε
404 3758 512 3828 87
545 3756 999 3812 Enimveroscire
1050 3757 1272 3827 quidem
1332 3774 1550 3829 nequeo
1609 3759 1808 3830 quibus
1861 3759 1913 3814 bi

2113 3752 2273 3807 Ἀλλά
2309 3753 2420 3823 γὰρ
2447 3753 2546 3806 οὐκ
2599 3749 2716 3806 οἶδα
2759 3752 2922 3806 πόθεν
2964 3752 3161 3807 ἐκεῖνοι
3212 3751 3470 3818 λαϐὄντες
3504 3754 3605 3820 τάς

338 3851 518 3905 causis
542 3849 775 3921 permoti
804 3865 915 3904 non
948 3848 1111 3904 modo
1134 3864 1245 3904 non
1289 3850 1566 3906 miscenda
1626 3832 1913 3918 misceant,

2019 3847 2278 3918 ἀφορμὰς
2337 3847 2398 3899 οὐ
2462 3846 2529 3899 τὰ
2586 3846 2795 3915 ἄμικτα
2847 3845 3134 3914 μιγνύουσι
3194 3844 3377 3915 μόνον,
3436 3846 3608 3915 ἡνίκα

336 3961 457 3999 cum
485 3944 674 4000 Adami
705 3958 906 4014 corpus
940 3943 1120 3998 medio
1173 3944 1317 3998 inter
1359 3943 1821 3999 immortalitatem
1854 3957 1913 3998 ac

2019 3940 2221 4009 δηλαδὴ
2256 3939 2317 3992 τδ
2360 3938 2519 4008 σῶμα
2544 3937 2638 3991 τοῦ
2674 3938 2845 4008 ’Δδάμ
2892 3939 3070 3991 ἐκεῖ-ιο
3098 3937 3260 4007 μέσον
3296 3938 3609 4001 ἀθανασίας

338 4038 722 4093 mortalitatem
753 4037 871 4090 loco
889 4036 1255 4101 constituunt,
1317 4035 1412 4091 sed
1439 4035 1602 4091 etiam
1646 4035 1913 4089 naturales

2021 4029 2162 4087 εἶναι
2192 4033 2286 4084 καὶ
2340 4031 2667 4101 θνητὸτητος
2694 4029 2968 4097 λέγουσιν.
3015 4030 3151 4082 ἀλλά
3184 4032 3279 4082 καὶ
3314 4030 3462 4094 πάθη
3498 4048 3609 4099 φοι

338 4130 654 4185 aﬂei-tiones
687 4138 848 4199 atque
884 4130 1103 4183 morbos
1142 4129 1192 4182 ei
1241 4128 1481 4182 tribucre
1533 4141 1913 4195 non'verean-

2024 4125 2152 4176 σικά
2201 4122 2278 4193 τῷ
2313 4122 2421 4193 πρὸ
2458 4124 2559 4191 τῆς
2618 4122 2897 4191 ἁμαρτίας
2956 4121 3157 4174 ἀπαθεῖ
3211 4122 3305 4173 καὶ
3336 4122 3607 4193 ἀφθάρτῳ

343 4236 449 4285 tur,
483 4224 729 4293 quiante
784 4233 1068 4291 peccatum
1126 4229 1235 4276 tam
1303 4219 1520 4274 illarum
1569 4216 1916 4272 aﬂcctionum

340 4327 502 4381 quam
535 4310 789 4365 interitus
834 4324 1033 4379 expers
1066 4316 1208 4372 erat,
1253 4319 1309 4363 et
1350 4307 1574 4377 quidem
1614 4306 1920 4376 hocfipsum

342 4406 477 4458 citra
517 4402 1045 4458 demonstrationem
1098 4401 1337 4470 aliquam
1393 4414 1424 4453 e
1471 4399 1647 4465 sacris
1698 4400 1920 4469 petitam

2028 4214 2365 4284 προσάπτειν
2398 4214 2460 4265 οὗ
2491 4212 2909 4284 παραιτοῦνται.
2935 4213 3029 4264 καὶ
3062 4210 3236 4265 ταῦτα
3267 4213 3437 4281 χωρὶς
3470 4216 3613 4266 ἁπο-

2028 4305 2247 4369 δείξεως
2290 4305 2591 4376 γραφικῆς.
2657 4303 2819 4359 Ἀλλὰ
2854 4304 2929 4376 μὴ
2960 4305 3124 4358 δέδιθι
3155 4305 3347 4357 τούτου
3390 4304 3607 4361 ἕνεκεν.

2032 4399 2155 4452 Ὀτι
2183 4400 2281 4466 μὲν
2319 4401 2425 4468 γὰρ
2461 4401 2488 4451 6
2519 4398 2643 4452 κατ’
2690 4399 2876 4452 εἰκόνα
2921 4398 3058 4452 Θεοῦ
3092 4399 3351 4468 τοιαύτης
3391 4399 3609 4470 ὑπῆρχε

344 4494 560 4551 Litteris
585 4493 803 4548 faciant.
835 4492 1183 4563 Quapropter
1205 4492 1345 4546 nihil
1378 4491 1465 4545 hic
1496 4492 1590 4546 tibi
1626 4492 1913 4547 verendum

2031 4489 2243 4557 φύσεως
2268 4489 2364 4543 ἀπ’
2397 4491 2591 4559 ἀρχῆς,
2644 4488 2925 4558 ἀφθάρτου
2947 4489 3147 4560 δηλαδὴ
3181 4490 3273 4543 καὶ
3310 4490 3610 4557 ἀθανάτου,

342 4594 444 4641 est.
482 4585 610 4640 Nam
640 4585 918 4639 hominem
947 4586 1010 4638 ad
1040 4584 1333 4653 imaginem
1369 4581 1460 4638 Dei
1493 4583 1775 4638 conditum
1833 4587 1926 4642 tali

344 4683 413 4735 ab
459 4680 615 4734 initio
665 4689 860 4735 natura
913 4677 1198 4748 praeditum
1241 4674 1432 4739 fuisse,
1497 4676 1757 4731 nimirum
1829 4677 1932 4732 im-

345 4775 557 4829 mortali
590 4782 644 4830 et
680 4775 932 4830 interitus
972 4780 1222 4840 experte,
1276 4785 1340 4825 ac
1402 4780 1666 4840 prmtcrea
1728 4786 1931 4839 corpus

345 4869 477 4924 illud
518 4868 707 4922 Adami
758 4868 910 4923 nullo
981 4866 1143 4921 modo
1194 4864 1285 4919 ulli
1347 4864 1588 4939 passioni
1631 4862 1929 4918 obnoxium

348 4955 537 5028 inisse,
572 4977 736 5031 supra
797 4962 1097 5017 interitnm'
1148 4961 1359 5017 scilicet
1396 4973 1614 5014 omnem
1670 4956 1927 5027 positum,

348 5052 586 5107 Joannes
616 5053 707 5107 ille
740 5062 930 5111 noster
958 5051 1387 5124 Chrysostomus
1447 5057 1503 5105 et
1567 5047 1830 5119 prolixius
1876 5056 1935 5101 et

351 5146 551 5200 clarius
587 5156 638 5200 te
665 5146 900 5201 docebit.
932 5144 1146 5199 Etenim
1199 5144 1354 5199 fuere
1412 5141 1658 5196 nonnulli
1712 5149 1820 5194 tam
1876 5139 1929 5192 in

356 5239 457 5292 hoc
495 5253 722 5306 corpore
745 5237 991 5292 interitui
1013 5236 1253 5292 obnoxio
1282 5236 1558 5305 carpendo
1590 5244 1644 5290 et
1665 5231 1933 5287 elevando

354 5331 559 5395 acerbi,
585 5341 645 5384 ut
676 5330 840 5383 etiam
912 5328 1195 5400 indignum
1244 5327 1495 5382 dicerent
1552 5324 1696 5395 quod
1736 5340 1766 5378 a
1822 5323 1933 5377 Deo

351 5424 630 5479 conditum
660 5423 1023 5478 existimetur.
1058 5422 1115 5476 Si
1162 5422 1503 5492 ﬁgmentum,
1538 5420 1779 5487 aiebant,
1821 5433 1934 5473 ma-

352 5531 522 5571 nuum
558 5515 653 5571 Dei
686 5516 855 5579 foret,
883 5530 988 5569 non
1016 5523 1098 5570 tot
1137 5514 1371 5569 miseriis
1394 5522 1450 5569 et
1479 5513 1738 5568 aerumnis
1789 5521 1934 5567 esset

354 5610 671 5665 obnoxium.
699 5607 973 5663 Adversus
1003 5608 1103 5662 hos
1130 5606 1221 5661 ille
1248 5607 1301 5660 in
1337 5606 1486 5660 hunc
1514 5606 1734 5660 modum
1763 5604 1934 5659 disse-

356 5701 472 5757 rit:
512 5720 533 5755 ι
567 5700 738 5756 Nemo
784 5699 918 5754 mihi
980 5699 1257 5756 hominem
1331 5699 1482 5754 hunc
1545 5697 1788 5771 obiiciat,
1840 5695 1930 5764 qui

357 5793 604 5861 otIcndit,
641 5793 733 5865 qui
762 5792 1159 5850 condemnatus
1184 5799 1286 5859 est,
1321 5790 1412 5861 qui
1444 5789 1670 5846 aﬂ'cctus
1704 5786 1933 5859 ignomi-

2033 4582 2125 4633 καὶ
2157 4581 2237 4632 ὃτι
2270 4581 2332 4633 τὸ
2366 4579 2526 4649 σῶμα
2555 4579 2649 4633 τοῦ
2689 4579 2861 4649 Ἀδὰμ
2891 4581 3066 4632 ἐκεῖνο
3100 4579 3222 4633 καθ’
3254 4574 3366 4633 οἷον
3391 4580 3455 4651 δή
3484 4599 3609 4635 τινα

2030 4674 2234 4745 τρόπον
2261 4674 2360 4726 οὐκ
2401 4674 2629 4743 ἔπασχε,
2668 4673 2872 4742 φθορᾶς
2930 4674 3151 4743 ἀπάσης
3184 4674 3486 4745 ὑπέρτερον
3525 4674 3610 4740 δν,

2032 4769 2059 4819 6
2089 4767 2491 4836 χρυσορςεήμων
2535 4766 2787 4835 Ἰωάννης
2820 4765 2911 4816 ἐπὶ
2941 4766 3100 4818 πλέον
3121 4765 3319 4830 διδάξει
3351 4774 3408 4818 σε
3432 4771 3612 4834 σαφέ-

2035 4874 2225 4928 στερον
2269 4860 2367 4911 ἆτε
2398 4857 2461 4928 δὴ
2514 4858 2604 4909 τὸν
2637 4858 2765 4928 περὶ
2813 4856 3006 4909 τούτου
3061 4856 3218 4925 λόγον
3241 4858 3298 4909 ἐν
3336 4860 3403 4928 τῇ
3438 4857 3617 4929 βίϐλῳ

2033 4950 2141 5004 τῶν
2173 4950 2504 5020 ἀνδριάντων
2544 4950 2892 5019 ποιούμενος.
2965 4948 3183 5020 Ἐπειδὴ
3218 4952 3325 5021 γὰρ
3351 4950 3411 5002 τὸ
3447 4950 3611 5017 σῶμα

2032 5042 2191 5095 τοῦτο
2219 5039 2456 5113 φθαρτὶν
2480 5041 2836 5111 διασύραντες
2864 5037 3004 5111 ἦσαν
3034 5042 3125 5094 ἐπὶ
3151 5040 3404 5095 τοσοῦτόν
3435 5058 3610 5109 τινες,

2032 5136 2173 5188 ὥστε
2233 5135 2328 5189 καὶ
2376 5134 2592 5200 ἀνάξιον
2641 5134 2776 5188 αὐτὸ
2807 5134 2906 5204 τῆς
2931 5132 3027 5186 τοῦ
3056 5132 3193 5186 Θεοῦ
3243 5133 3614 5203 δημιουργίας

2034 5230 2331 5284 ἀποκαλεῖν
2357 5229 2581 5298 (ἔλεγον
2603 5229 2712 5299 γὰρ
2748 5227 2820 5291 ὡς
2875 5226 2991 5294 εἴγε
3023 5226 3253 5295 πλάσμα
3302 5225 3411 5277 τῶν
3445 5225 3615 5279 θείων

2036 5323 2249 5393 ὑπῆρχε
2286 5322 2508 5393 χειρῶν,
2542 5322 2644 5374 οὐκ
2677 5320 2742 5373 ἂν
2772 5319 2914 5372 οὕτω
2972 5318 3185 5388 μυρίοις
3225 5317 3482 5370 ὑπέκειτο
3505 5316 3615 5368 πά-

2036 5413 2214 5484 θεσι),
2243 5414 2469 5467 τοιοῖσδε
2504 5413 2641 5483 πρδς
2681 5412 2879 5475 αὐτοὺς
2912 5410 3090 5477 λόγοις
3126 5411 3434 5480 ὶχρήσατο⁹
3470 5427 3489 5459 ι
3514 5407 3613 5479 Μή

2040 5523 2129 5576 μοι
2155 5507 2246 5560 τὸν
2280 5507 2568 5577 ἄνθρωπον
2617 5502 2829 5557 τουτονὶ
2881 5502 3088 5569 λεγέτω
3119 5518 3202 5565 τις
3256 5504 3343 5553 τὸν
3378 5515 3619 5571 προσ-κε⁶

2038 5601 2334 5671 κρουκὸτα,
2393 5599 2482 5651 τὸν
2540 5595 3036 5655 καταδικασθέντα,
3094 5594 3183 5645 τὸν
3238 5590 3610 5663 ἠτιμωμένον,

2038 5692 2157 5746 ἀλλ’
2182 5691 2231 5743 εί
2264 5688 2519 5760 βούλεσθε
2562 5687 2789 5759 μαθεῖν,
2818 5689 3003 5741 ὁποῖον
3031 5685 3089 5749 ἐξ
3117 5684 3293 5754 ἀρχῆς
3326 5681 3529 5735 ἔπλασε
3554 5678 3621 5733 τδ

2041 5785 2201 5857 σῶμα
2247 5784 2403 5856 ἡμῶν
2438 5784 2464 5837 ὁ
2498 5784 2654 5850 Θεὸς,
2708 5783 2800 5835 ἐπὶ
2852 5782 2943 5836 τὶν
2988 5779 3315 5851 παράδεισον
3371 5775 3617 5845 ἔλθωμεν
