3862 6228
207 357 278 424 lSl
1426 361 1863 428 ’ANNALIUM
1911 367 2102 429 PARS
2146 369 2193 430 Ι.

3344 365 3447 432 182

206 481 282 533 κιὶ
308 476 393 530 τὸν
433 476 496 542 ἐξ
552 467 730 549 ἀρχῆς
766 478 1061 546 γενόμενον
1101 477 1395 549 ἄνθρωπον
1423 480 1642 550 ἴδωμεν.
1698 483 1771 536 Οὐ

1909 485 1968 538 tia
2003 503 2015 538 :
2055 485 2148 539 sed
2179 484 2445 555 siquidem
2483 485 2622 540 scire
2651 487 2814 542 vultis
2865 485 3157 556 qualenam
3197 487 3262 541 ah
3311 485 3466 540 initio

209 573 294 641 ’τὰρ
321 569 495 633 οὕτως
522 571 586 622 τδ
636 571 794 639 σῶμα
822 572 992 622 ἐκεῖνο
1015 568 1251 638 φθαρτὸν
1271 571 1361 622 καὶ
1390 572 1656 640 ἐπίκηρον
1681 567 1767 642 ἦν,

211 663 322 720 ὀλλά
354 662 610 730 καθάπερ
631 679 715 723 τις
740 659 975 731 χρυσοῦς
1005 660 1228 730 ἀνδριὰς
1262 661 1372 714 ἀπο
1401 661 1771 730 χωνευτηρίου

215 755 469 826 προελθὼν
517 755 645 823 ἄρτι
701 754 798 806 καὶ
853 751 1125 820 λαμπρῶς
1175 751 1544 816 ἀποστίλϐων,
1597 751 1774 814 οὕτως

216 851 372 918 πὶση,
416 845 625 916 φθορᾶς
647 845 710 898 τὸ
743 845 904 914 σῶμα
945 846 1122 898 ἐκεῖνο
1157 843 1498 910 ἀπήλλακτο,
1530 845 1626 898 καὶ
1652 843 1776 898 οὔτε

216 939 357 999 πόνος
389 935 643 1006 ὴνώχλει,
672 935 800 988 οὔτε
824 936 992 1005 ἱδρὼς
1027 935 1373 1006 ἐλυμαίνετο,
1397 936 1458 988 οὐ
1495 935 1778 1006 φροντίδες

217 1033 579 1094 ἐπεϐούλευον,
611 1033 709 1085 οὐκ
737 1031 969 1099 ἀθυμίαι
1003 1029 1380 1100 ἐπολιόρκουν,
1407 1031 1467 1082 οὐ
1495 1029 1691 1100 ῥύπος,
1717 1029 1778 1082 οὐ

215 1129 456 1194 δάκρυον,
498 1125 611 1201 ουδ’
651 1123 780 1176 ἄλλο
818 1140 872 1175 τι
901 1122 1012 1175 τῶν
1049 1123 1311 1176 τοιούτων
1341 1120 1532 1200 ὲλιςπει
1565 1121 1777 1175 παθῶν.

228 1215 358 1268 Ἀλλ’
390 1216 580 1285 ἐπειδὴ
611 1215 748 1283 πρδς
785 1214 877 1266 τὸν
905 1214 1208 1284 εὐεργέτην
1245 1213 1526 1284 ἐξύϐρισε,
1557 1213 1692 1274 Θεός
1723 1229 1782 1265 τε

215 1309 455 1376 γενέσθαι
483 1308 702 1378 ἤλπισε,
721 1308 818 1360 καὶ
844 1305 1020 1376 μείζω
1049 1307 1148 1376 τῆς
1177 1306 1385 1369 οίκείας
1408 1307 1566 1370 ἀξίας
1592 1306 1785 1360 ἐλαϐεν

213 1405 433 1465 ἔννοιαν,
489 1403 610 1454 τότε
655 1402 746 1471 δὴ,
786 1401 907 1455 τότε
945 1400 1303 1472 σωφρονίζων
1356 1401 1522 1454 αὑτὸν
1571 1403 1601 1454 6
1656 1402 1784 1466 Θεδς

214 1493 632 1564 φθαρτδναῦτδν
655 1493 882 1565 ἐποίησε
917 1495 1011 1546 καὶ
1036 1492 1256 1564 θνητὸν,
1291 1493 1386 1546 καὶ
1416 1495 1534 1556 ταῖς
1565 1493 1790 1554 πολλαῖς

211 1588 432 1650 ταύταις
493 1587 764 1654 ἀνάγκαις
826 1586 1116 1655 κατέδησε.
1159 1603 1178 1638 ι
1247 1584 1433 1638 Ταῦτα
1483 1585 1584 1654 μὲν
1641 1583 1792 1638 οὒνὸ

215 1682 484 1743 θειότατος
525 1679 800 1748 Ἰωάννης.
841 1679 960 1746 Ἐφ’
991 1671 1036 1746 ᾧ
1076 1679 1170 1732 καὶ
1211 1677 1492 1748 ἄφθαρτον
1526 1679 1704 1730 ἐκεῖνο
1732 1675 1793 1729 τὸ

216 1773 370 1842 σῶμα
397 1771 623 1832 δικαίως
670 1771 698 1822 6
727 1771 886 1839 λόγος
919 1768 1150 1823 ἐκάλεσε
1172 1786 1187 1801 ο
1250 1768 1313 1822 τὸ
1342 1767 1448 1836 γὰρ
1479 1768 1566 1838 οἵα
1596 1767 1661 1836 δή
1685 1785 1793 1822 τινι

217 1824 386 1934 ςθορᾷ
446 1863 522 1933 μὴ
587 1824 949 1934 έποκείιλενον
1008 1861 1289 1933 ἄφθαρτον
1345 1824 1798 1930 όμολογουμίένως
1831 1824 1872 1878 Β

219 1958 386 2012 ἐστίν.

1877 592 2074 643 corpus
2107 576 2262 629 nobis
2305 577 2445 630 Deus
2486 576 2828 640 formaverit,
2889 577 2955 630 ad
2991 576 3300 646 paradisum
3342 590 3466 626 nos-

1877 676 1989 720 met
2015 667 2367 725 conferamus
2399 676 2451 720 et
2503 669 2784 722 hominum
2841 669 2990 726 illum
3045 668 3347 737 principem
3388 664 3471 716 iu-

1884 770 2154 815 tueamur.
2183 763 2292 816 Nec
2337 762 2482 816 enim
2517 779 2714 832 corpus
2773 763 2944 832 ipsius
2992 762 3238 815 interitui
3296 759 3471 812 obno-

1880 854 2024 908 xium
2052 864 2107 909 et
2129 855 2398 910 caducum
2431 863 2567 921 erat,
2597 856 2693 910 sed
2724 857 2896 910 instar
2926 871 3106 909 aureae
3152 863 3344 908 statuae
3375 865 3463 905 re-

1881 960 2012 1000 cens
2043 946 2252 1000 educta:
2294 946 2362 1000 de
2397 946 2616 1000 fornace
2652 945 2989 1015 miriﬁceque
3036 941 3370 1015 splendentis
3405 939 3473 994 ab

1883 1034 2033 1088 omni
2070 1050 2270 1104 corpus
2299 1035 2429 1088 illud
2459 1036 2678 1090 interitu
2731 1044 2851 1090 erat
2894 1035 3159 1089 immune.
3222 1033 3342 1087 Non
3396 1029 3474 1082 illi

1886 1127 2148 1180 molestus
2181 1135 2300 1181 erat
2331 1126 2484 1182 labor
2521 1127 2684 1192 ullus,
2716 1143 2824 1183 non
2850 1142 2878 1181 a
2901 1129 3102 1182 sudore
3151 1125 3474 1185 laedebatur,

1886 1232 1996 1270 non
2034 1217 2436 1272 insidiabantur
2487 1219 2536 1273 ei
2574 1235 2741 1284 curua,
2805 1234 2913 1272 non
2975 1211 3240 1273 maerores
3297 1217 3475 1285 ipsum

1888 1311 2296 1380 oppugnabant,
2334 1326 2442 1365 non
2481 1313 2695 1376 sordes,
2731 1327 2840 1365 non
2871 1311 3154 1381 lacrymaa,
3185 1324 3292 1363 non
3331 1306 3478 1360 aliud

1889 1401 2187 1470 quidquam
2223 1400 2494 1470 ejusmodi
2556 1399 2905 1456 all'ectionum
2956 1400 3212 1454 vexabat.
3279 1397 3480 1451 Verum

1893 1502 2244 1563 posteaquam
2269 1493 2537 1548 adversus
2565 1493 2871 1550 beneﬁcum
2902 1508 3026 1564 erga
3052 1510 3110 1548 se
3142 1494 3310 1546 Deum
3331 1500 3474 1561 pctu-

1893 1583 2070 1638 lanter
2103 1585 2296 1656 gessit,
2327 1594 2382 1640 et
2417 1586 2586 1640 Deum
2651 1600 2711 1639 se
2761 1600 3053 1639 evasurum
3112 1585 3371 1652 speravit,
3431 1592 3486 1637 et

1897 1677 2100 1746 majora
2133 1692 2295 1746 quam
2329 1677 2500 1747 ipsius
2529 1677 2765 1749 dignitas
2785 1677 2956 1732 ferret
2985 1677 3169 1730 animo
3208 1675 3486 1743 concepit,

1902 1774 2016 1820 tum
2052 1782 2182 1822 vero
2219 1770 2499 1841 castigans
2549 1784 2676 1826 enm
2717 1769 2864 1824 Deus
2905 1767 3157 1823 interitui
3212 1767 3488 1836 mortique

1905 1860 2145 1915 reddidit
2176 1863 2508 1928 obnoxium,
2542 1878 2606 1919 ac
2651 1863 2821 1918 variis
2868 1862 3021 1917 hisce
3061 1859 3489 1916 necessitatibus

1905 1953 2252 2008 adstrinxit.»
2312 1954 2439 2010 litec
2471 1955 2712 2011 hominis
2761 1955 2908 2010 illius
2939 1954 3110 2010 divini
3139 1953 3306 2008 verba
3341 1959 3490 2015 sunt,

220 2071 439 2125 quorum
473 2055 806 2111 auctoritate
840 2054 885 2110 si
920 2069 1122 2124 corpus
1153 2053 1350 2109 Adami
1382 2038 1633 2109 dicamus
1661 2052 1922 2108 interitus
1957 2068 2153 2124 expers
2183 2055 2377 2122 fuisse,
2415 2064 2563 2111 recte
2614 2055 2670 2110 id
2730 2054 2953 2126 quidem
3016 2052 3213 2109 facturi
3269 2065 3492 2110 sumus:

225 2169 344 2214 nam
374 2153 514 2222 quod
551 2151 687 2206 nulli
713 2152 1024 2222 subjectum
1049 2150 1429 2214 estinteritui,
1464 2150 1608 2205 haud
1635 2149 1804 2205 dubie
1839 2150 2121 2205 latendum
2158 2159 2239 2206 est
2277 2150 2539 2206 interitus
2576 2165 2775 2221 expers
2803 2164 2948 2205 esse.

296 2251 350 2301 Ei
379 2251 430 2302 δέ
459 2249 763 2319 ἄφθαρτον,
790 2248 907 2311 πῶς
931 2248 1041 2318 ἄρα
1069 2247 1162 2300 καὶ
1187 2246 1312 2300 τίνα
1339 2246 1541 2317 τρόπον
1566 2246 1796 2316 ἔπασχε,

224 2337 373 2390 τοῦτο
402 2338 594 2408 μαθεῖν
642 2333 926 2406 ἀξιοῦμεν.
972 2335 1173 2404 Ἡμεῖς
1205 2333 1316 2405 γὰρ
1345 2336 1440 2404 ἀφ’
1472 2335 1688 2388 ἑαυτῶν
1713 2337 1802 2387 ἐν-

228 2432 426 2499 νοῆσαι,
481 2428 601 2490 asi-3;
641 2427 920 2480 ὑπέπιπτε
977 2426 1181 2480 πάθεσι
1219 2426 1378 2495 σῶμα
1416 2427 1598 2496 πάσης
1629 2426 1804 2496 ἀπηλ-

229 2522 482 2591 λαγμένον
519 2522 748 2592 φθορᾶς,
800 2521 900 2593 οὐκ
933 2521 1100 2589 ἐσμὲν
1155 2521 1353 2583 ἱκανοὶ,
1392 2521 1488 2573 καὶ
1523 2520 1612 2574 διὰ
1645 2521 1803 2573 τοῦτο

231 2613 644 2684 παρακαλοῦμεν
680 2611 892 2682 μαθεῖν.
959 2611 1088 2668 Ὀτι
1122 2612 1180 2665 δὲ
1218 2611 1495 2681 ἄφθαρτον
1527 2612 1704 2664 ἐκεῖνο
1743 2611 1805 2664 τὺ

236 2705 380 2777 σῶμα
429 2709 520 2760 καὶ
574 2707 844 2760 ἀθάνατον
889 2699 980 2774 ἦν,
1037 2706 1064 2757 6
1120 2704 1398 2775 μακάριος
1455 2702 1624 2768 ἔδειξε
1694 2703 1806 2756 Κύ-

238 2800 398 2868 ριλλος
441 2803 496 2853 ἐν
539 2801 616 2870 τῷ
668 2801 746 2862 είς
778 2800 878 2865 τὴν
932 2784 1303 2868 δημιουργίαν
1351 2795 1448 2850 τοῦ
1510 2795 1802 2866 ἀνθρώπου

233 2891 367 2963 λόγῳ
391 2891 574 2954 αὑτοῦ,
615 2891 755 2945 κατὰ
784 2889 930 2956 λέξιν
953 2889 1129 2952 οὕτως
1161 2889 1336 2941 είπὼν
1359 2905 1374 2919 ⁸
1419 2907 1437 2940 ι
1477 2887 1807 2957 Ἐπεποίητο

239 2987 330 3054 μὲν
355 2986 453 3038 ἀπὸ
482 2983 588 3053 γῆς
611 2983 672 3037 τὸ
700 2983 858 3054 σῶμα
880 2981 975 3035 τοῦ
1007 2980 1202 3050 Ἀδὰμ,
1226 2981 1453 3051 ἄμεινον
1484 2979 1543 3032 δέ
1573 2979 1806 3032 θανάτου

234 3079 326 3134 καὶ
349 3078 542 3150 φθορᾶς
589 3073 659 3147 ἦν
685 3094 698 3108 σ
757 3075 1089 3145 ὲνεφύτευσε
1135 3073 1246 3145 γὰρ
1293 3071 1445 3144 αὐτῷ
1476 3071 1575 3142 τὴν
1601 3072 1746 3137 ζωὴν
1780 3072 1808 3123 6

231 3171 326 3238 τῆς
372 3169 512 3235 ζωῆς
538 3169 796 3243 χορηγός.
837 3186 853 3218 ι
913 3165 1074 3224 Ἀλλὰ
1105 3167 1202 3220 καλ⁸
1229 3164 1258 3216 6
1311 3165 1486 3236 μέγας
1524 3162 1804 3226 Βασίλειος

1975 2245 2182 2318 Quodsi
2228 2263 2430 2317 expers
2477 2249 2736 2303 interitus
2785 2247 2907 2313 fuit,
2950 2260 3059 2316 quo
3083 2252 3243 2315 pacto
3277 2243 3496 2298 tandem

1903 2341 2113 2410 aliquid
2147 2341 2260 2412 pali
2293 2342 2540 2412 potuerit
2571 2342 2713 2395 scire
2747 2341 3024 2411 cupimus.
3093 2338 3309 2392 Etenim
3353 2336 3502 2406 cogi-

1906 2440 2020 2486 tare
2071 2448 2170 2503 per
2220 2447 2325 2486 nos
2384 2434 2555 2502 ipsos,
2605 2433 2697 2502 qui
2751 2445 2955 2500 corpus
2984 2430 3052 2484 ab
3086 2429 3234 2484 omni
3266 2429 3498 2482 liberum

1905 2538 1971 2578 ac
1998 2523 2242 2577 immune
2276 2523 2502 2579 interitu
2534 2525 2637 2578 sub
2664 2521 2986 2578 affectiones
3013 2523 3211 2575 cadere
3237 2519 3502 2590 potuerit,

1907 2632 2014 2670 non
2049 2618 2182 2672 satis
2217 2631 2547 2686 possumus;
2605 2617 2839 2686 ideoque
2869 2631 2964 2684 per
2998 2615 3139 2668 alios
3180 2614 3286 2667 hoc
3318 2614 3498 2682 ipsum

1907 2709 2221 2778 expetimus
2257 2724 2617 2780 cognoscere.
2680 2709 2897 2778 Corpus
2936 2708 3162 2776 quidem
3216 2707 3330 2777 38
3366 2706 3498 2759 illu.l

1905 2813 2107 2868 expers
2133 2799 2392 2852 interitus
2421 2807 2477 2852 et
2507 2798 2818 2851 immortale
2856 2796 3051 2862 fuisse,
3093 2796 3290 2850 beatus
3335 2795 3500 2848 etiam

1909 2890 2146 2961 Cyrillus
2181 2890 2446 2954 ostendit,
2479 2889 2531 2942 in
2567 2889 2815 2943 oratione
2845 2904 2940 2943 sua
2974 2888 3045 2942 de
3078 2887 3319 2942 hominis
3352 2901 3496 2940 (δι-υθέ

1913 2985 2063 3036 tione
2097 2982 2175 3037 sic
2204 2981 2270 3035 ad
2306 2981 2533 3034 vet-bum
2576 2980 2894 3035 disserens:
2963 2981 3069 3033 «De
3105 2991 3245 3034 terra
3277 2979 3498 3048 quidem

1913 3075 2114 3129 factum
2151 3082 2270 3129 erat
2303 3074 2496 3128 Adami
2535 3086 2736 3141 corpus
2764 3111 2778 3137 ,
2829 3071 2926 3126 sed
2966 3071 3112 3125 idem
3150 3087 3314 3141 supra
3353 3088 3504 3126 utor-

1912 3178 2020 3222 tem
2073 3176 2129 3222 et
2185 3166 2467 3220 interitum
2525 3166 2743 3220 Omnem
2802 3157 3042 3235 positum
3086 3173 3244 3218 erat:
3299 3165 3505 3234 quippe

231 3235 354 3318 aii-:6
376 3235 841 3332 scuto—napteﬁw
875 3259 1029 3328 ἐλεγε
1058 3276 1071 3289 ·
1097 3277 1115 3311 ι
1146 3235 1370 3320 Πλὰσας
1392 3258 1482 3311 τὸν
1516 3256 1802 3328 ἄνθρωπον

1911 3263 2078 3314 vitam
2108 3260 2158 3314 ei
2203 3261 2329 3314 vitae
2373 3258 2756 3330 suppeditator
2820 3265 2876 3311 et
2927 3265 3123 3310 auctor
3163 3255 3497 3309 inseverat.)

231 3357 258 3410 6
289 3355 411 3418 Θεὸς
445 3353 672 3408 αἰωνίου
699 3351 847 3422 ζωῆς
877 3349 1184 3404 ἀπόλαυσιν
1226 3347 1379 3420 αὐτῷ
1419 3347 1744 3420 ἐχαρίσατο.
1784 3365 1803 3398 ι

230 3445 364 3516 Πρὸς
393 3445 448 3498 δέ
479 3461 542 3514 γε
571 3447 687 3507 τοῖς
710 3443 1022 3513 είρημένοις
1050 3441 1144 3494 καὶ
1169 3443 1197 3494 6
1225 3440 1504 3505 θειότατος
1541 3439 1809 3509 Βαρλαάμ

227 3538 364 3590 οὕτω
388 3537 524 3608 πρὸς
575 3535 813 3603 ’Ῑωάσαφ
847 3534 1013 3605 εὖρητ
1025 3551 1080 3588 αι
1105 3533 1281 3598 λέγων
1301 3548 1319 3566 ο
1349 3551 1368 3584 ι
1390 3532 1495 3586 Τὸν
1513 3531 1609 3584 ἀπ’
1632 3531 1809 3602 ἀρχῆς

227 3629 506 3700 ἄνθρωπον
539 3629 568 3682 6
593 3627 727 3691 Θεὸς
752 3626 1198 3696 αὐτεξουσιότητι
1217 3625 1312 3678 καὶ
1346 3623 1624 3692 ἀθανασίᾳ
1645 3623 1810 3694 τιμή-

230 3734 330 3780 σας
379 3717 605 3788 βασιλέα
663 3717 885 3769 πάντων
923 3715 1034 3767 τῶν
1073 3713 1336 3782 ἐπιγείων
1380 3713 1743 3782 κατέστησεν.
1783 3729 1803 3764 ι

239 3807 378 3866 Ἀλλ’
405 3810 525 3878 ὅρα,
592 3807 690 3860 καὶ
721 3806 798 3877 μὴ
835 3806 1134 3876 παρέργως
1168 3803 1407 3874 ἐπέρχου
1459 3803 1529 3856 τὰ
1583 3800 1810 3854 τοιαῦτα

231 3898 349 3952 θεῖα
376 3900 529 3970 ῥητά.
566 3901 720 3964 Ἀμα
756 3897 854 3967 μὲν
900 3899 1010 3967 γὰρ
1033 3897 1061 3948 6
1097 3893 1219 3949 κατ’
1269 3895 1455 3948 εἰκόνα
1499 3894 1806 3964 παρήγετο,

232 3993 327 4045 καὶ
355 3993 465 4059 ἃμα
492 3992 595 4063 τῆς
631 3991 1120 4059 αὐτεξουσιότητος
1179 3987 1380 4058 ἠξίωτο
1411 3986 1505 4040 καὶ
1540 3985 1640 4054 τῆς
1669 3983 1806 4037 ἀθα-

231 4087 416 4149 νασίας
447 4085 552 4138 ὑπὸ
607 4083 769 4138 Θεοῦ.
831 4084 943 4137 Καὶ
974 4081 1090 4144 πῶς
1124 4080 1317 4132 λοιπὸν
1348 4077 1514 4131 αὐτὸν
1563 4076 1810 4143 εἴπωμεν

232 4176 523 4240 ἀθανασίας
556 4175 696 4229 εῖναι
728 4174 822 4228 καὶ
852 4174 1182 4242 θνητότητος
1235 4171 1505 4241 μέτοχον;
1555 4166 1810 4220 Ἀσυλλό-

234 4285 434 4338 γιστον,
475 4271 550 4333 ὡς
605 4265 784 4338 οἶμαι,
817 4267 912 4319 καὶ
943 4264 1102 4318 τοῦτο
1131 4263 1254 4317 λίαν
1290 4262 1463 4315 ἐστίν.
1496 4260 1558 4314 El
1585 4259 1694 4330 γὰρ
1729 4260 1813 4311 ἐν.

235 4363 414 4432 νοῆσαι
445 4364 666 4432 εἴχομεν
697 4361 778 4412 ὅτι
809 4356 1038 4428 βασιλέα
1079 4356 1387 4425 κατέστησε
1415 4353 1522 4406 τῶν
1551 4351 1812 4420 ἐπιγείων

236 4456 410 4520 αὐτὸν,
456 4455 731 4524 ἀθανασίᾳ
765 4452 1007 4520 τιμήσας
1041 4447 1202 4500 αὑτὸν
1244 4446 1538 4516 πρότερον,
1595 4443 1697 4496 οὐκ
1745 4441 1812 4497 ἂν

1911 3355 2058 3408 Idem
2085 3362 2199 3408 eta
2232 3352 2431 3406 Basilio
2487 3366 2684 3420 magno
2745 3349 2932 3404 verbis
2982 3350 3069 3403 his
3123 3348 3502 3418 signiﬁcatur:

1919 3448 2086 3502 «Cum
2151 3445 2444 3500 formasset
2509 3442 2794 3496 hominem
2852 3440 3042 3504 Deus,
3105 3448 3323 3493 auena:
3379 3439 3506 3491 vita:

1914 3540 2231 3594 fruitionem
2265 3537 2314 3592 ei
2347 3537 2577 3607 largitus
2605 3544 2742 3589 est.)
2810 3531 3014 3587 Praeter
3038 3535 3140 3586 hos
3167 3531 3387 3585 divinus
3412 3529 3510 3584 ille

1913 3633 2230 3686 Barlaamus
2262 3630 2326 3683 ad
2358 3626 2701 3698 Joasaphum
2734 3627 2789 3679 in
2820 3626 2961 3679 hanc
2990 3623 3322 3678 sententiam
3351 3625 3503 3676 serio

1915 3723 2062 3794 psit:
2099 3720 2394 3778 Hominem
2443 3718 2596 3772 illum
2651 3715 2954 3787 principem
3015 3712 3162 3768 Deus
3215 3713 3508 3766 voluntate

1913 3815 2085 3868 libera
2121 3811 2404 3881 prnditum
2442 3817 2497 3861 et
2531 3814 2784 3861 ornatum
2817 3803 3230 3857 immortalitate
3257 3801 3494 3855 univer-

1915 3920 2096 3959 sarum
2132 3917 2312 3956 rerum
2375 3897 2715 3954 terrestrium
2779 3893 3304 3965 regeuneonstituit.
3370 3893 3497 3962 ipsa

1915 3997 2149 4065 denique
2178 4009 2451 4048 sacrarum
2480 3991 2803 4045 Litterarum
2829 3988 2993 4043 verba
3023 3986 3157 4042 mihi
3184 3987 3381 4054 aspice,
3405 3999 3510 4040 nec

1916 4090 2093 4145 obiter
2131 4087 2367 4158 perlege.
2400 4083 2571 4140 Simul
2606 4083 2753 4137 enim
2793 4081 2958 4136 homo
2991 4079 3056 4133 ad
3088 4077 3379 4147 imaginem
3414 4077 3505 4130 Dei

1915 4181 2281 4242 condebatur,
2317 4186 2374 4232 et
2398 4187 2504 4230 tam
2541 4174 2771 4230 arbitrio
2803 4172 3101 4227 voluntatis
3132 4171 3310 4225 libero
3344 4186 3508 4240 quam

1916 4270 2330 4327 immortalitate
2367 4266 2632 4322 divinitus
2657 4265 2981 4321 donabatur.
3022 4263 3140 4329 Quo
3165 4263 3329 4334 igitur
3353 4271 3512 4332 pacto

1915 4365 2164 4419 dicemus
2189 4377 2313 4414 eum
2351 4361 2555 4425 iariter
2596 4357 3024 4414 immortalitatis
3058 4370 3121 4409 ac
3155 4354 3512 4409 mortalitatis

1917 4454 2284 4526 participem?
2348 4452 2621 4509 Abhorret
2661 4451 2761 4504 hoc
2781 4448 3075 4503 scilicetab
3095 4447 3242 4501 omni
3270 4447 3504 4501 ratione.

237 4547 406 4599 ἐκεῖσε
436 4546 532 4598 καὶ
566 4544 870 4613 θνητότητα
895 4538 1380 4610 παρεμιγνύομεν,
1415 4537 1515 4590 οὒκ
1544 4535 1609 4589 ἂν
1637 4534 1802 4588 ἀσυλ-

1919 4549 2134 4618 Quippe
2169 4547 2216 4600 si
2239 4545 2524 4599 nobiscum
2545 4552 2690 4597 recte
2728 4554 3016 4612 possemus
3037 4537 3348 4610 eXpendere
3367 4536 3512 4606 quod

236 4636 449 4703 λθῖγιστα
474 4635 544 4686 τα
577 4632 809 4695 τοιαῦτα
835 4627 1190 4697 διενοούμεθα
1219 4631 1344 4699 περὶ
1378 4627 1468 4681 τοῦ
1501 4626 1811 4696 γεγενημέ-

239 4745 328 4780 νου
381 4726 499 4781 κατ’
550 4727 738 4778 εἰκόνα
802 4722 960 4778 Θεοῦ.
999 4723 1162 4776 Ἀλλὰ
1193 4723 1287 4774 καὶ
1322 4724 1350 4774 6
1403 4719 1811 4792 χρυσορρήμων

252 4820 493 4894 Ἰωάννης
517 4822 648 4875 αὐτὸ
681 4820 838 4873 τοῦτο
857 4817 1184 4890 παρίστησι,
1209 4815 1424 4882 διεξιὼν
1450 4815 1651 4869 οὑτωσὶ
1673 4812 1816 4868 κατά

243 4915 378 4979 λέξιν
407 4917 461 4968 ἐν
491 4918 556 4985 τῇ
591 4915 668 4977 είς
699 4913 798 4984 τὴν
841 4911 1180 4982 Ἐξαήμερον
1236 4915 1321 4963 κα¹
1377 4908 1566 4979 ὁμιλία
1610 4905 1812 4961 αὑτοῦ·

252 5009 718 5081 ιΔημιουργήσας
773 5007 866 5061 τὸν
923 5005 1270 5076 ἄνθρωπονὸ
1327 5003 1482 5069 Θεὸς,
1533 5001 1816 5073 ἠϐουλήθη

251 5103 454 5156 πάντων
499 5103 608 5154 τῶν
641 5099 940 5170 ὁρωμένων
989 5081 1085 5169 τὴν
1121 5096 1295 5168 ἀρχὴν
1328 5094 1494 5148 αὐτὸν
1517 5093 1683 5164 ἔχειν.
1726 5093 1819 5147 Διὸ

253 5194 336 5244 καὶ
356 5192 451 5264 τὴν
479 5194 572 5262 τῆς
599 5191 782 5262 ψυχῆς
813 5190 999 5242 οὐσίαν
1022 5189 1173 5258 αὑτῷ
1190 5186 1506 5258 ἐχαρίσατο,
1533 5183 1821 5255 βουληθεὶς

255 5274 379 5336 εἶναι
410 5285 572 5336 αὑτὸν
624 5283 721 5335 καὶ
776 5282 1048 5335 ἀθάνατον
1101 5282 1184 5343 είς
1237 5279 1309 5347 τό¹
1340 5276 1615 5347 διηνεκές.
1679 5275 1822 5328 Ἀλλ’

252 5367 420 5450 ἐπειδῆ
449 5378 536 5431 διὰ
562 5373 843 5448 ρᾳθυμίαν
869 5372 1065 5425 ὤλισθε
1091 5374 1182 5425 καὶ
1203 5371 1422 5441 παρέϐη
1451 5371 1549 5442 τὴν
1571 5371 1822 5423 δοθεῖσαν

248 5471 382 5541 αὖτῷ
412 5470 660 5537 ἐντολὴν,
687 5465 809 5518 οὐδὲ
839 5464 1015 5528 οὕτως
1045 5466 1147 5518 ἀπε
1160 5465 1377 5532 στρ5.φη
1408 5463 1597 5514 τέλεον
1633 5463 1821 5526 αὑτὸν,

242 5563 366 5618 ἀλλὰ
417 5563 520 5632 τῆς
578 5559 685 5629 μὲν
720 5554 1021 5617 ἀθανασίας
1091 5551 1463 5623 ἀπεστέρησε,
1520 5551 1738 5619 θανάτῳ
1769 5549 1825 5601 δὲ

241 5655 610 5716 καταδικάσας
651 5647 753 5702 ἐπὶ
819 5647 920 5718 τῆς
980 5647 1152 5716 αὐτῆς
1204 5645 1384 5718 ἀφῆκε
1443 5643 1632 5715 σχεδὸν
1683 5636 1824 5697 εἶναι

235 5751 411 5823 ἀρχῆς.
453 5767 474 5800 ›

1921 4641 2192 4694 hominem
2214 4638 2354 4691 Deus
2375 4633 2717 4690 terrestrium
2754 4646 2935 4702 regem
2953 4629 3324 4693 constituerit,
3343 4642 3512 4680 orna-

1918 4744 2032 4788 tum
2083 4730 2151 4784 ah
2175 4745 2233 4784 se
2259 4729 2412 4799 prius
2438 4723 2870 4787 immortalitate,
2912 4738 3022 4776 non
3047 4721 3137 4776 hic
3162 4720 3513 4775 mortalitatis

1916 4827 2210 4896 quidquam
2228 4823 2676 4880 itmnisceremus.
2701 4833 2807 4873 non
2827 4817 2892 4872 de
2905 4815 3128 4871 condito
3140 4813 3206 4868 ad
3222 4813 3514 4884 imaginem

1917 4921 2012 4975 Dei
2037 4919 2331 4988 quidquam
2356 4913 2582 4970 absurdi
2605 4913 3000 4984 cogitaremus.
3035 4907 3184 4963 Facit
3207 4907 3315 4961 huc
3340 4904 3506 4960 Joan-

1919 5015 2006 5067 nis
2027 5009 2405 5082 Chrysostomi
2431 5009 2604 5074 locus,
2626 5007 2718 5077 qui
2742 5006 2798 5059 in
2825 5002 3073 5059 oratione
3094 5001 3156 5055 2-1
3188 5001 3254 5055 de
3275 5015 3370 5055 sex
3394 4998 3513 5053 die-

1921 5121 2041 5160 rum
2101 5102 2362 5173 operibus
2421 5108 2634 5156 exstat:
2701 5095 2884 5153 cCum
2940 5094 3246 5158 hominem,
3307 5092 3513 5161 inquit,

1923 5204 2166 5252 creasset
2189 5193 2332 5248 Deus
2361 5191 2536 5248 voluit
2582 5205 2708 5245 eum
2741 5188 2794 5242 in
2828 5203 2916 5242 res
2943 5186 3228 5241 universas
3264 5193 3512 5254 aspecta-

1925 5291 2060 5344 hiles
2119 5286 2409 5356 imperium
2441 5285 2663 5338 habere.
2731 5281 2946 5336 idcirco
2976 5278 3140 5332 etiam
3173 5275 3224 5330 ei
3259 5285 3512 5329 naturam

1926 5394 1979 5436 et
2007 5379 2304 5435 essentiam
2337 5378 2532 5430 aninne
2575 5373 2802 5442 largitus
2831 5379 2934 5436 est,
2968 5369 3115 5439 quod
3163 5383 3284 5422 eum
3321 5379 3515 5434 perpe-

1932 5483 2023 5528 tuo
2055 5472 2220 5525 vellet
2249 5468 2615 5523 immortalem
2647 5481 2789 5518 esse.
2843 5463 2922 5517 Ac
2952 5459 3166 5516 tametsi
3201 5471 3296 5526 per
3328 5469 3511 5508 secor-

1928 5567 2070 5621 diam
2121 5565 2307 5634 lapsus
2355 5563 2427 5616 sit
2473 5561 2903 5624 mandatumque
2961 5551 3062 5606 sibi
3127 5544 3509 5618 praesCriptum

1932 5671 2310 5727 transgressus
2332 5697 2347 5721 ,
2381 5669 2490 5708 non
2537 5661 2718 5705 tamen
2754 5649 2933 5714 ipsum
2970 5653 3194 5712 prorsus
3223 5643 3513 5689 aversatus

1933 5763 2039 5818 est,
2096 5749 2192 5804 sed
2252 5745 2666 5802 immortalitate
2712 5738 3005 5808 spoliatum
3042 5747 3106 5786 ac
3139 5736 3316 5783 morte
3357 5727 3512 5781 dam-

1938 5817 2124 5900 natum
2171 5837 2568 5914 pt‘Opetuodum
2617 5835 2672 5889 in
2704 5830 2896 5886 eodem
2953 5822 3188 5893 imperio
3222 5817 3503 5886 reliquit.»
