3862 6228
403 298 506 362 183

392 507 734 575 «constituere
791 511 1025 565 voluerit
1092 514 1500 582 aspectabilizun
1589 534 1802 589 regem,
1876 521 1970 575 sed

394 601 559 654 etiam
597 600 701 654 hoc
737 600 1027 671 imperium
1070 603 1119 658 ei
1162 621 1485 662 concessum
1522 609 1768 663 absolute
1805 611 1972 666 fuisse

397 694 560 749 rebus
597 692 732 761 ips's
762 694 1076 750 declararit.
1138 698 1351 769 Quippe
1383 700 1450 779 ad
1492 702 1673 770 ipsum
1712 705 1973 760 animalia

394 800 593 842 cuneta
623 790 869 853 deduxit,
907 795 1122 847 tan‘ietsi
1157 796 1285 863 quid
1323 805 1639 853 secuturum
1681 815 1827 855 esset
1861 816 1970 853 non

397 879 697 948 ignoraret.
759 881 879 947 Quo
914 882 1116 937 factum
1158 895 1215 939 ιιι
1247 887 1431 943 omnia
1478 889 1732 944 Servilem
1764 891 1817 943 in
1851 906 1971 943 mo-

393 967 522 1020 dum
570 967 675 1036 ipsi
725 974 961 1025 astantia
1016 988 1144 1027 suas
1207 991 1303 1044 per
1362 976 1541 1046 ipsum
1575 978 1972 1046 appellationes

391 1060 725 1126 acceperint.
817 1063 892 1117 lta
972 1080 1068 1135 per
1145 1078 1388 1122 mentem
1470 1070 1846 1141 intelligentiae
1922 1073 1969 1126 vi

392 1152 672 1221 prmditam
743 1148 882 1209 Deils
967 1156 1247 1214 hominem
1334 1161 1500 1215 etiam
1562 1164 1973 1219 immortalitate

391 1240 628 1295 ornavit.
703 1240 1027 1312 Quanquam
1113 1247 1263 1300 enim
1321 1246 1564 1301 futuram
1630 1265 1741 1304 non
1801 1251 1972 1320 multo

390 1339 515 1402 post
562 1333 1012 1389 exorbitationem
1061 1353 1170 1392 non
1221 1338 1478 1405 nesciret,
1518 1351 1696 1398 tamen
1738 1359 1860 1397 eum
1901 1345 1971 1400 ob

389 1427 565 1481 solum
599 1428 950 1499 cegitatioais
990 1429 1299 1487 institutum
1345 1433 1608 1490 damnare
1642 1452 1750 1492 non
1784 1438 1970 1503 vellet,

391 1525 761 1571 consentanea
799 1519 909 1573 lteo
944 1517 1155 1577 ratione
1189 1523 1478 1579 consilium
1525 1528 1968 1598 suum-perlicit;

387 1608 635 1680 adeoque
668 1612 867 1665 mentis
900 1615 1244 1685 participem,
1270 1625 1329 1672 ut
1353 1616 1611 1685 diximus,
1651 1621 1887 1675 animam
1920 1623 1970 1677 ei

384 1700 635 1774 largitur,
663 1715 720 1759 ut
752 1705 978 1761 omnino
1015 1706 1339 1764 immortalis
1362 1721 1529 1765 esset.
1554 1709 1847 1768 Enimvero
1873 1729 1971 1769 cur

387 1795 663 1849 hominem
690 1797 873 1852 statim
903 1799 971 1853 ab
1002 1799 1160 1854 initio
1191 1815 1373 1871 regem
1408 1807 1751 1860 terrestrium
1777 1816 1831 1861 et
1862 1806 1967 1861 im-

385 1889 670 1943 mortalem
717 1892 1001 1946 condidit?
1032 1892 1102 1948 Ut
1138 1893 1267 1948 hinc
1311 1894 1588 1952 discamus
1616 1897 1779 1953 etiam
1807 1899 1965 1968 opiﬁ-

383 1997 501 2034 cem
554 1980 702 2034 illum
747 1983 921 2038 nostri
960 1983 1129 2038 Deum
1178 1984 1392 2041 cunctis
1422 1986 1530 2041 illis
1569 1989 1820 2057 supernis
1854 1989 1969 2062 89

382 2073 749 2141 potestatibus
776 2089 899 2128 cum
934 2075 1161 2146 imperio
1183 2092 1438 2147 prmesse,
1464 2094 1677 2135 necnon
1714 2083 1964 2137 eumdem

383 2178 506 2216 esse
527 2162 891 2220 immortalem
917 2168 1204 2237 ori-trisque
1225 2180 1507 2238 expertem
1529 2171 1806 2228 interitus.
1828 2172 1963 2228 Nazn

382 2269 450 2307 ea
498 2255 567 2310 de
607 2273 772 2312 causa
813 2258 1034 2328 pulvere
1082 2270 1303 2330 sumpto
1349 2261 1527 2332 inquit
1564 2282 1577 2318 :
1622 2283 1641 2316 ι
1681 2264 1967 2322 Faciamus

386 2344 664 2400 hominem
702 2350 768 2403 ad
819 2350 1109 2419 imaginem
1140 2361 1409 2407 nostram.
1453 2372 1471 2408 ι
1512 2355 1668 2421 Quod
1695 2371 1819 2411 cum
1861 2356 1968 2412 So-

386 2438 532 2491 lomo
563 2454 671 2492 non
700 2439 996 2511 ignoraret,
1038 2460 1056 2493 ι
1100 2442 1269 2508 Deus,
1306 2446 1403 2512 ait,
1441 2459 1672 2502 mortem
1702 2464 1809 2502 non
1836 2465 1966 2504 con-

383 2529 543 2597 didit,
578 2532 673 2587 sed
728 2531 783 2587 in
838 2541 986 2589 statu
1024 2535 1283 2593 interitus
1317 2547 1539 2609 experte
1570 2540 1635 2594 ad
1673 2540 1963 2611 imag'nem

383 2622 710 2677 :etcruitatis
743 2637 856 2678 sua:
888 2626 1164 2681 hominem
1222 2629 1431 2684 creavit
1457 2630 1524 2684 ⁸⁸.
1564 2647 1582 2681 ι
1616 2632 1695 2686 Ac
1746 2632 1962 2688 tametsi

384 2713 647 2783 deinceps
672 2731 797 2770 eum
825 2717 893 2772 ad
922 2728 1152 2774 mortem
1184 2718 1482 2790 damnavit,
1515 2738 1624 2777 non
1657 2733 1835 2778 tamen
1871 2726 1964 2779 diu

383 2806 783 2863 consolationis
809 2824 974 2880 egere
1029 2814 1303 2893 permisit.
1339 2813 1472 2870 Nam
1519 2802 1779 2871 transfert
1829 2816 1968 2872 Eno-

383 2901 572 2967 chum,
605 2917 780 2971 eaque
820 2921 881 2961 re
926 2917 1175 2962 naturam
1206 2917 1448 2963 nostram
1496 2908 1872 2965 condocefacit
1906 2920 1967 2966 ut

387 2997 851 3054 immortalitatem
885 3001 1032 3056 illam
1063 3012 1360 3073 exspectet,
1392 3019 1499 3074 qua
1523 3006 1962 3076 propterinobe-

382 3086 645 3143 dientiam
697 3093 918 3147 excidit.
957 3093 1096 3149 Audi
1132 3095 1267 3165 quid
1316 3095 1504 3151 hacin
1551 3107 1706 3168 parte
1738 3114 1965 3169 magnus

381 3178 472 3234 ille
531 3181 865 3239 Athanasius
911 3186 964 3240 in
1011 3188 1265 3241 oratione
1312 3204 1408 3243 sua
1450 3188 1517 3243 de
1571 3188 1964 3260 Assumptione
1994 3213 2038 3274 ο

382 3273 561 3327 tradat
590 3291 603 3328 :
638 3293 655 3325 ι
692 3274 839 3330 Mors
871 3278 1091 3347 quidem
1125 3278 1351 3333 intravit
1376 3294 1474 3349 per
1503 3280 1961 3350 inobcdientiam,

381 3384 570 3421 verum
626 3369 983 3425 nihilominus
1035 3385 1146 3425 sna:
1207 3374 1656 3429 comminationis
1722 3376 1964 3447 vigorem

383 3460 571 3512 laxans
598 3460 741 3515 Deus
764 3463 949 3514 statim
979 3462 1223 3517 humano
1259 3468 1443 3535 generi
1478 3481 1629 3537 spem
1679 3468 1966 3523 immorta-

382 3550 554 3603 litatis
604 3552 734 3605 oriri
785 3551 937 3617 facit,
989 3553 1116 3609 dum
1176 3550 1461 3613 Enoebum
1505 3573 1537 3613 ο
1580 3560 1760 3615 medio
1801 3562 1963 3630 rapit,

385 3656 559 3711 eoque
592 3654 746 3710 pacto
782 3658 882 3699 nos
918 3645 1077 3700 docet
1110 3657 1284 3703 metas
1311 3649 1739 3706 immortalitatis
1770 3668 1967 3723 exspe-

386 3736 614 3789 claudas
679 3737 840 3792 nobis
898 3754 1040 3794 esse.
1085 3759 1105 3792 ι
1143 3740 1484 3797 Conﬁrmant
1532 3744 1736 3809 haecet
1760 3743 1983 3801 Christi

385 3827 661 3896 discipuli,
698 3844 820 3884 cum
858 3829 1048 3887 dicunt
1074 3847 1135 3888 ea
1170 3850 1291 3904 qua:
1320 3833 1546 3893 Enocho
1575 3847 1627 3893 et
1655 3838 1785 3892 Eliae
1825 3838 1969 3893 acci—

384 3921 587 3980 derint.
632 3935 1027 3994 repraesentare
1059 3928 1219 4006 nobis
1261 3929 1552 4001 insigniter
1584 3931 1967 3996 liberationem

388 4017 559 4068 nostri
589 4016 657 4069 ab
691 4018 912 4071 interitu
954 4029 1007 4074 et
1041 4020 1205 4074 vitam
1233 4023 1381 4076 illam
1416 4032 1761 4093 perpetuam.
1792 4024 1868 4078 Ac
1898 4026 1969 4080 de

390 4109 473 4161 his
486 4108 706 4181 quidem
726 4109 780 4161 in
801 4104 1186 4164 hunc’mmlum
1207 4112 1283 4165 illi
1301 4115 1700 4169 disseruerunt.
1728 4115 1967 4172 Joannes

387 4210 568 4253 autem
602 4199 1030 4271 Chrysostomus
1080 4204 1329 4272 exposuit
1368 4206 1530 4261 etiam
1562 4207 1824 4264 illustrius
1872 4209 1969 4264 ho-

388 4291 590 4343 minem
621 4292 856 4361 primum
885 4293 988 4347 hac
1033 4294 1101 4348 ab
1130 4294 1353 4350 interitu
1380 4293 1729 4353 immunitate
1767 4299 1969 4369 praedi-

389 4393 501 4437 tum
558 4384 750 4448 fuisse,
785 4386 948 4455 idque
1004 4403 1101 4458 per
1136 4389 1269 4443 haec.
1300 4389 1416 4460 ipsa
1447 4374 1612 4446 verba
1648 4409 1661 4446 :
1702 4411 1720 4444 ι
1759 4392 1970 4449 Placuit

385 4474 645 4531 Enochus
692 4476 820 4546 Deo,
853 4490 1141 4550 propterea
1183 4481 1537 4538 transfertur.
1572 4484 1671 4539 llic
1699 4485 1834 4540 mihi
1859 4483 1965 4540 Do-

1679 310 2100 372 MICUAELIS
2142 311 2406 373 Θηρίιῖ

431 416 568 476 .llie
585 427 764 471 autem
790 418 1087 472 notandum
1115 418 1256 489 quod
1285 438 1388 474 non
1424 423 1600 477 solum
1626 424 1766 481 Deus
1792 428 2053 497 ipsum‘A

3550 308 3661 373 184

2158 428 2300 482 Ἀλλ’
2326 427 2563 486 ἐνταῦθα
2586 429 2877 502 προσέχειν
2893 426 3062 494 ἀξιον.
3089 425 3222 480 Οᾷδὲ
3246 425 3356 495 γὰρ
3378 423 3661 496 ἠϐουλήθη

2081 522 2241 592 μόνον
2295 524 2323 575 6
2371 522 2506 586 Θεὸς
2547 524 2772 594 βασιλέα
2822 521 3167 591 καταστῆσαι
3213 523 3323 576 τῶν
3361 520 3663 590 ἐρωμένων

2076 612 2263 679 αὑτὸν,
2303 614 2440 668 ἀλλά
2466 617 2561 667 καὶ
2591 614 2773 685 ἔργοις
2807 617 2989 678 αὐτοῖς
3025 613 3453 686 ἀπηρτισμένην
3483 611 3662 674 ἔδειξε

2076 707 2173 778 τὴν
2202 709 2401 778 ἀρχὴν.
2462 710 2679 778 Ἥγαγε
2708 709 2819 780 γὰρ
2850 710 2917 764 τά
2971 709 3089 773 ζῶα
3125 708 3304 762 πάντα
3347 705 3663 776 τηνικαῦτα

2076 800 2214 869 πρὸς
2241 801 2426 867 αὐτὸν,
2468 802 2643 858 καίτοι
2678 818 2741 870 γε
2777 802 2838 856 τὸ
2899 801 3095 871 μέλλον
3124 800 3226 855 οὐκ
3268 800 3503 868 ἀγνοῶν.
3543 797 3662 850 Kal

2075 892 2220 949 οὓτω
2246 897 2312 949 τά
2337 896 2518 950 πάντα
2548 896 2783 967 δουλικῷ
2816 896 3200 967 παριστάμενα
3241 896 3485 963 σχήματι
3522 892 3662 961 παρ’

2074 989 2238 1042 αὐτοῦ
2261 991 2359 1060 τᾲς
2384 992 2708 1063 ἐπωνυμίας
2734 992 2998 1061 ἐδέχοντο.
3022 990 3179 1045 Οὕτω
3198 990 3298 1061 μὲν
3322 989 3416 1044 οὖν
3440 988 3657 1058 ἔφθασε

2074 1083 2163 1139 διά
2194 1100 2258 1150 γε
2307 1086 2409 1153 τῆς
2441 1088 2652 1155 ’νοερᾶς
2690 1084 2872 1155 ψυχῆς
2926 1086 3024 1139 καὶ
3069 1083 3343 1152 ἀθανασίᾳ
3403 1083 3661 1149 τιμήσας

2076 1175 2259 1231 αὐτόν.
2290 1176 2351 1230 ΕΞ
2381 1176 2491 1247 γὰρ
2530 1178 2625 1229 καλ⁸
2649 1175 2746 1246 τὴν
2792 1175 3175 1246 γενησομένην
3206 1173 3371 1227 αὑτοῦ
3408 1172 3533 1241 μετ’
3592 1173 3656 1225 οὐ

2077 1266 2212 1321 πολὺ
2244 1268 2638 1338 παρεκτροπὴν
2666 1269 2768 1322 οὐκ
2797 1263 2865 1338 ἦν
2883 1266 3117 1337 ἀγνοῶν,
3149 1266 3266 1323 ἀλλ’
3300 1266 3493 1335 ἐπειδὴ
3548 1281 3658 1320 κα-

2078 1357 2384 1422 ταδικάζειν
2414 1359 2477 1412 ὲκ
2511 1358 2680 1431 μόνης
2709 1360 2772 1415 οὐ
2802 1359 2948 1412 θέλει
2978 1358 3375 1429 προαιρέσεως,
3400 1357 3501 1428 τὴν
3523 1359 3661 1412 ἑαυ-

2072 1451 2169 1506 τοῦ
2202 1451 2401 1524 βουλὴν
2436 1454 2525 1510 ἐπ’
2548 1453 2698 1524 αὑτῷ
2726 1454 3052 1526 θεοπρεπῶς
3097 1454 3386 1525 ἐκπληροῖ,
3420 1454 3519 1507 καί
3548 1452 3659 1520 ψυ-

2074 1546 2174 1617 χῆς
2208 1545 2379 1616 αὐτῷ,
2436 1548 2582 1602 καθά
2634 1547 2700 1617 δὴ
2752 1549 2847 1603 καὶ
2902 1547 3254 1617 προείρηται.
3314 1545 3658 1615 μεταδίδωσι

2074 1640 2287 1710 νοερᾶς.
2320 1639 2394 1703 ὡς
2424 1640 2676 1694 ἐντεῦθεν
2715 1639 2879 1694 αὐτὸν
2927 1635 3066 1697 εἶναι
3120 1641 3216 1692 καὶ
3262 1636 3533 1693 ἀθάνατον
3571 1638 3653 1697 εἰς

2072 1728 2131 1781 τὸ
2156 1728 2423 1800 διηνεκές.
2475 1727 2641 1787 ’Λλλά
2689 1729 2798 1799 γὰρ
2850 1728 2994 1791 τίνος
3034 1727 3226 1781 ἑνεκεν
3264 1725 3505 1794 ἄρχοντα
3541 1721 3656 1774 τῶν

2072 1819 2331 1887 ἐπιγείων
2364 1820 2587 1890 ἐποίησε
2627 1819 2723 1874 καὶ
2773 1819 3042 1873 ἀθάνατον
3076 1815 3273 1869 αὐτίκα
3315 1814 3407 1867 τὸν
3437 1811 3660 1881 ἄνθρω-

2073 1923 2210 1972 πον;
2245 1907 2364 1961 Ἵνα
2393 1907 2654 1977 μάθωμεν
2684 1907 2934 1960 ἐντεῦθεν
2964 1908 3045 1959 ὅτι
3077 1905 3173 1957 καὶ
3194 1903 3478 1973 ὀποιήσας
3503 1901 3660 1970 ἡμᾶς

2071 1997 2205 2061 Θεὸς
2242 1999 2432 2053 πασῶν
2462 1998 2620 2069 ἄρχει
2665 1999 2773 2051 τῶν
2801 1998 2916 2053 ἄνω
2938 1998 3247 2066 δυνάμεων,
3272 1996 3369 2048 καὶ
3396 1995 3481 2047 ὅτι
3516 1992 3656 2047 ἀθά-

2072 2088 2231 2151 νατός
2261 2089 2379 2142 ἐστι
2405 2087 2501 2140 acati.
2532 2086 2809 2159 ἄφθαρτος
2839 2087 2935 2145 καὶ
2964 2084 3289 2156 ἀνώλεθρος.
3321 2082 3447 2136 Ἐπὶ
3475 2081 3656 2151 τούτῳ

2073 2178 2182 2250 γάρ
2213 2179 2309 2233 καὶ
2333 2177 2627 2248 προλαϐὼν
2654 2178 2782 2249 χοῦν
2804 2178 2958 2248 ἔλεγε
2981 2193 2995 2207 ⁶
3031 2197 3051 2229 ι
3076 2176 3212 2232 Κατ’
3236 2177 3439 2230 οἰκείαν
3468 2176 3656 2227 εἰκόνα

2074 2271 2394 2339 ποιήσωμεν
2427 2270 2519 2323 τὸν
2544 2269 2854 2340 ἄνθρωπον.
2896 2289 2917 2322 ι
2981 2271 3047 2323 Ὃ
3100 2269 3166 2339 δὴ
3201 2269 3296 2323 καὶ
3338 2268 3367 2320 ὁ
3399 2266 3658 2336 Σολομὼν

2072 2362 2232 2424 εἰδὼς
2255 2402 2270 2428 ,
2307 2381 2326 2413 ι
2367 2364 2426 2417 '0
2449 2363 2602 2428 Θεὸς.
2632 2362 2812 2432 ἔλεγε,
2839 2362 3068 2419 θάνατον
3094 2362 3194 2414 οὐκ
3227 2361 3509 2432 ἐποίησεν,
3542 2358 3659 2413 ἀλλ’

2074 2450 2159 2503 ἐπ’
2190 2449 2470 2521 ἀφθαρσίᾳ
2498 2451 2590 2504 τὸν
2623 2450 2915 2519 ἄνθρωπον
2960 2450 3144 2503 ἔκτισε
3178 2447 3302 2502 κατ’
3338 2449 3526 2502 staﬁva.
3556 2445 3654 2514 τῆς

2072 2538 2377 2609 ἀῖδιότητος
2406 2537 2593 2593 αὐτοῦ.
2624 2558 2642 2590 ι
2682 2537 2825 2609 Πλὴν
2860 2539 2907 2591 εί
2937 2539 3032 2591 καὶ⁵
3078 2537 3299 2607 Θανάτῳ
3331 2535 3656 2590 κατεδίκασε

2076 2631 2215 2700 μετά
2266 2629 2440 2684 ταῦτα
2489 2632 2603 2682 τὺν-
2631 2630 2940 2701 ἄνθρωπον,
2971 2628 3088 2683 ἀλλ’
3115 2628 3216 2682 οὐκ
3240 2628 3455 2697 ἀφῆκεν
3488 2626 3656 2679 αὑτὸν

2071 2721 2511 2792 ἀπαραμύθητον
2547 2719 2687 2775 εἶναι
2716 2723 2879 2793 μέχρι
2911 2719 3131 2777 πολλοῦ.
3178 2720 3520 2791 Μετατίθησι
3544 2721 3656 2788 γὰρ

2070 2810 2163 2864 τὸν
2201 2810 2394 2882 Ἑνὼχ,
2419 2813 2512 2865 καὶ
2535 2812 2841 2881 τηνικαῦτα
2863 2812 2962 2883 τὴν
2992 2811 3193 2881 θνητὴν
3216 2810 3465 2865 ἐδίδασκε
3494 2809 3658 2877 φύσιν

2072 2903 2229 2976 ἡμῶν
2260 2903 2559 2959 ἀθανασίαν
2597 2905 2812 2976 ἐκείνην
2841 2898 3272 2975 ὲκδέχεσθαι.ἦς
3309 2903 3538 2970 ἐξέπεσε
3567 2901 3656 2955 διά

2071 2996 2171 3067 τὴν
2201 2995 2534 3068 παράϐασιν.
2590 2996 2700 3050 Καὶ
2736 2996 2899 3049 ἄκουε
2926 2997 2981 3049 τί
3015 2993 3374 3067 περὶτούτων
3406 2993 3577 3063 φησὶν
3627 2992 3656 3044 6

2075 3091 2251 3162 μέγας
2294 3087 2617 3152 Ἀθανάσιος
2649 3089 2707 3143 ὲν
2728 3087 2807 3160 τῷ
2844 3089 2924 3153 εἰς
2950 3087 3048 3159 τὴν
3079 3086 3348 3158 ἀνάληψιν
3378 3086 3527 3156 λόγῳ
3562 3086 3656 3139 αὐ-

2070 3183 2166 3237 τοῦ
2185 3197 2200 3213 ⁸
2235 3201 2253 3235 ι
2289 3179 2531 3245 Θάνατος
2566 3183 2665 3252 μὲν
2696 3180 2913 3251 εἰσῆλθε
2941 3180 3030 3235 διὰ
3058 3179 3160 3252 τὴν
3182 3178 3655 3249 παρακοὴν,λύων

2070 3274 2125 3329 δὲ
2148 3277 2299 3345 ὅμως
2324 3273 2423 3346 τὴν
2450 3272 2548 3342 τῆς
2583 3271 2817 3343 ἀπειλῆς
2852 3271 3041 3343 ἀκμὴν
3067 3273 3094 3323 6
3121 3272 3254 3333 Θεὸς
3278 3270 3469 3321 ἐλπίδα
3496 3269 3658 3331 εὐθὺς

2068 3365 2369 3429 ἀθανασίας
2400 3365 2643 3420 ἀνέτειλε
2683 3363 2764 3435 τῷ
2793 3366 2963 3434 γένει,
3003 3364 3098 3418 καὶ
3128 3366 3220 3418 τὸν
3265 3362 3441 3435 Ἑνὼχ
3465 3366 3532 3417 ὲκ
3560 3366 3657 3433 μὲ-

2069 3475 2164 3513 σου
2200 3457 2462 3527 ἁρπάζει,
2495 3456 2796 3512 κάντεῦθεν
2829 3456 2927 3527 τὴν
2959 3456 3163 3528 θνητὴν
3203 3456 3450 3511 ἐδίδασκε
3496 3456 3659 3523 φύσιν

2036 3551 2225 3620 ιόρους
2262 3549 2566 3612 ἀθανασίας
2606 3548 2724 3621 ἅμα
2757 3547 3106 3620 ἐκδέχεσθαι.
3143 3566 3163 3601 ι
3211 3548 3398 3601 Ταῦτα
3436 3546 3540 3618 μὲν
3567 3543 3657 3600 οὖν

2068 3640 2449 3709 ἐπιϐεϐαιοῦσι
2498 3641 2596 3694 καὶ
2626 3643 2676 3693 οἱ
2710 3639 2956 3714 μαθηταὶ
3018 3638 3259 3710 Χριστοῦ
3287 3638 3544 3708 λέγοντες
3577 3640 3656 3693 ὅτι

2068 3737 2166 3803 τὴν
2227 3731 2643 3803 ἀπαφθὰρτισιν
2701 3730 2865 3803 ἡμῶν
2916 3734 3012 3786 καὶ
3061 3731 3374 3797 πολιυζωῖαν
3401 3733 3475 3785 τὰ
3513 3732 3657 3787 κατὰ

2069 3827 2160 3882 τὸν
2194 3827 2366 3897 Ἑνὼχ
2420 3827 2514 3881 καὶ
2581 3825 2768 3879 Ἠλίαν
2805 3826 3053 3895 ἐναργῶς
3090 3827 3352 3897 παριστᾷ.
3403 3813 3656 3898 Πρόέεχε

2069 3920 2162 3977 οὖν
2181 3938 2196 3954 ο
2218 3921 2318 3992 τὴν
2340 3920 2450 3994 γὰρ
2501 3922 2913 3991 ἀπαφθάρτισιν
2945 3921 3105 3991 ἡμῶν
3143 3922 3237 3974 καὶ
3261 3920 3659 3975 ἀπαθανάτισιν

2069 4010 2178 4064 ἀπὸ
2205 4009 2344 4063 Θεοῦ
2377 4009 2557 4062 λαεὼν
2589 4011 2617 4062 6
2664 4009 2840 4080 Ἑνὼχ
2903 4010 2993 4063 διὰ
3040 4010 3142 4079 τῆς
3178 4010 3532 4078 μεταθέσεως
3562 4010 3659 4080 τὴν

2070 4103 2271 4174 θνητὴν
2312 4103 2560 4157 ἐδίδασκε
2624 4102 2785 4172 φύσιν
2818 4101 2997 4171 ἡμῶν,
3045 4101 3119 4163 ὡς
3151 4100 3253 4172 ἤδη
3301 4102 3658 4171 προείρηται,

2069 4199 2227 4268 ὅρους
2253 4196 2555 4260 ἀθανασίας
2585 4196 2923 4267 ἐκδέχεσθαι.
2978 4196 3086 4248 Καὶ
3144 4187 3290 4248 οὗτοι
3328 4196 3426 4265 μὲν
3458 4195 3654 4258 οὕτως’

2069 4290 2182 4344 ὁδὲ
2236 4290 2644 4363 χρυσόρῥήμων
2687 4289 2945 4360 Ἰωάννης
3005 4287 3398 4359 ἀριδηλότερον
3452 4288 3656 4354 ἔδειξεν

2070 4385 2152 4440 ὅτι
2199 4384 2301 4457 τὴν
2353 4383 2768 4453 ἀπαφθάρτισιν
2824 4380 3034 4452 ταύτην
3090 4381 3119 4433 6
3180 4380 3399 4451 πρῶτος
3452 4384 3660 4444 ἐκεῖνος

2074 4473 2219 4549 εἶχεν
2266 4475 2575 4546 ἅνθρωπος,
2608 4473 2751 4531 οὕτω
2801 4474 2944 4528 κατὰ
2973 4474 3121 4539 λέξιν
3154 4476 3363 4526 εἰπών’
3396 4493 3415 4527 ι
3445 4471 3659 4544 Εὐηρέ-

387 4570 518 4624 mini
564 4573 863 4628 bonitatem
910 4574 1143 4629 intuere.
1172 4573 1310 4631 Cum
1343 4577 1488 4631 enim
1539 4577 1831 4647 reperisset
1864 4579 1966 4634 ho-

2074 4586 2270 4644 στησεν
2337 4570 2509 4640 Ἑνὼχ
2575 4569 2653 4641 τῷ
2687 4568 2827 4638 Θεῷ,
2858 4566 2955 4622 καὶ
2998 4567 3369 4639 μετατίθεται.
3410 4569 3526 4626 Καὶ
3552 4570 3651 4639 ὅρα

388 4661 589 4714 minem
616 4663 831 4733 egregia
861 4665 1059 4719 virtute
1090 4666 1403 4734 przeditum,
1459 4683 1567 4720 non
1610 4683 1671 4721 ea
1704 4668 1967 4740 dignitate

386 4751 585 4819 Spoliat
612 4753 789 4821 ipsum
830 4770 992 4822 quam
1038 4765 1164 4810 ante
1200 4757 1440 4811 mandati
1484 4758 1829 4813 violationem
1865 4760 1965 4816 ho-

390 4842 523 4895 mini
552 4843 787 4912 primum
831 4843 1064 4900 formato
1094 4846 1317 4917 largitus
1350 4846 1547 4902 fuerat.
1584 4868 1603 4900 ι
1640 4848 1846 4916 Quodsi
1896 4850 1969 4906 ita

392 4945 495 5001 cst,
529 4936 660 5006 quid
722 4936 901 4993 verbis
953 4947 1037 4993 est
1086 4941 1262 5009 opus?
1307 4938 1443 4994 Nam
1477 4941 1523 4996 si
1567 4943 1778 5012 primus
1804 4940 1970 4997 homo

391 5026 790 5105 immunitatem
818 5029 964 5084 illam
994 5028 1064 5084 ab
1091 5030 1316 5086 interitu
1346 5034 1557 5101 habuit,
1588 5050 1749 5104 quam
1784 5045 1842 5091 ut
1871 5037 1970 5092 ho-

386 5120 565 5174 mines
603 5131 921 5191 exspectent
948 5120 1209 5177 Enochus
1237 5123 1532 5180 translatus
1559 5125 1768 5191 docuit,
1790 5129 1971 5183 omni-

385 5227 460 5279 no
492 5215 841 5283 perspicuum
901 5225 983 5268 est
1038 5215 1182 5282 quod
1229 5231 1258 5269 a
1316 5214 1427 5269 Deo
1459 5217 1584 5272 talis
1614 5219 1872 5274 conditus
1901 5217 1970 5273 ab

388 5306 545 5361 initio
570 5306 755 5373 fuerit,
789 5307 1005 5377 qualem
1030 5321 1095 5362 ex
1118 5309 1352 5363 mortuis
1382 5317 1821 5366 resurrecturum
1843 5326 1969 5365 ora-

388 5402 509 5455 cula
541 5401 723 5455 divina
758 5402 1005 5456 tradunt.
1062 5402 1156 5457 llis
1211 5412 1267 5457 tu
1305 5402 1465 5459 ﬁdem
1519 5404 1784 5476 derogare
1834 5404 1967 5460 noli.

390 5492 526 5547 Nam
552 5500 605 5547 et
639 5494 964 5550 Anastasius
994 5495 1082 5550 ille
1115 5496 1375 5560 Sinaites,
1413 5497 1467 5549 in
1500 5497 1747 5552 oratione
1777 5512 1874 5551 sua
1904 5498 1971 5553 de

392 5588 823 5653 resurrectione,
861 5589 1044 5645 verbis
1094 5590 1181 5646 his
1229 5590 1421 5648 eadem
1470 5590 1811 5660 apertissime
1865 5599 1970 5645 tra-

463 5750 510 5784 ⁸⁸
537 5750 663 5823 Sap.
697 5771 729 5818 ι,
771 5756 851 5810 l5.

2075 4667 2344 4719 Δεσπότου
2372 4663 2710 4731 ἀγαθότητα.
2753 4660 2944 4732 Εὑρὼν
2975 4664 3086 4733 γὰρ
3111 4662 3284 4734 ἄνδρα
3312 4661 3413 4732 τὴν
3452 4658 3653 4733 ἀρετὴν

2075 4757 2478 4828 κατωρθωκότα
2528 4756 2629 4810 οὐκ
2674 4754 3038 4828 ἀπεστέρισεν
3088 4754 3251 4809 αὐτὸν
3270 4755 3369 4825 τῆς
3399 4755 3556 4820 ἀξίας
3591 4756 3653 4825 ἢν

2075 4850 2154 4920 τῷ
2179 4847 2594 4920 πρωτοπλάστῳ
2648 4846 2945 4917 ἐχαρίσατο
2984 4846 3091 4917 πρὸ
3135 4845 3235 4914 τῆς
3285 4844 3653 4914 παραϐάσεως

2076 4943 2175 5012 τῆς
2205 4940 2449 5011 ἐντολῆς.
2489 4959 2510 4994 ι
2565 4941 2628 4995 Εἰ
2666 4939 2724 4994 δὲ
2755 4938 2915 4993 τοῦτο
2944 4936 3116 5002 οὕτως
3148 4938 3284 5009 ἔχει,
3326 4940 3378 4990 τί
3414 4939 3524 5008 χρὴ
3558 4934 3651 4989 καὶ

2078 5034 2296 5102 λέγειν;
2356 5033 2418 5087 Ει
2469 5032 2580 5105 γὰρ
2634 5032 2662 5085 ὁ
2721 5030 2938 5102 πρῶτος
2971 5032 3179 5093 ἐκεῖνος
3233 5030 3530 5100 ἄνθρωπος
3555 5028 3650 5097 τὴν

2078 5125 2489 5195 ἁπαφθάρτισιν
2530 5121 2641 5195 εἶχε
2682 5124 2911 5194 ταύτην,
2942 5124 3010 5195 ἢν
3046 5122 3367 5193 ἐκδέχεσθαι
3395 5122 3495 5193 τὴν
3528 5122 3652 5191 θνη-

2076 5219 2175 5291 τὴν
2211 5218 2373 5288 φύσιν
2400 5218 2656 5275 ἐδίδασκε
2716 5218 3034 5288 μετατεθεὶς
3061 5219 3089 5271 ὁ
3160 5216 3353 5287 Ἑνὼχ.
3401 5215 3648 5286 φαίνεται

2078 5315 2294 5377 παντως
2348 5312 2432 5367 ὅτι
2467 5310 2710 5374 τοιοῦτος
2739 5311 2844 5364 ὑπὸ
2870 5310 3005 5366 Θεοῦ
3030 5310 3298 5381 παρήχθη
3325 5309 3443 5363 κατ’
3478 5309 3648 5378 ἀρχὰς

2076 5409 2104 5459 ὁ
2132 5398 2420 5478 ἄνθρωπος
2476 5404 2664 5458 ὁποῖον
2698 5403 2866 5459 αὑτὸν
2898 5407 2962 5457 ἐκ
2992 5402 3204 5472 νεκρῶν
3255 5400 3548 5475 ἐγερθῆναι
3581 5402 3646 5454 τὰ

2078 5499 2199 5554 θεῖα
2227 5499 2498 5567 φάσκουσι
2525 5497 2705 5564 λόγια.
2742 5497 2839 5567 Μὴ
2886 5492 2980 5550 οὖν
3013 5497 3233 5550 ἀπίστει
3272 5499 3386 5557 τοῖς
3419 5495 3645 5562 λεγομέ⁹

2080 5606 2212 5652 νοις.
2239 5588 2384 5657 Ὅρα
2411 5587 2521 5658 γὰρ
2545 5588 2626 5641 ὅτι
2654 5586 2748 5642 καὶ
2774 5589 2800 5641 6
2833 5588 3086 5653 Σιναῖτης
3120 5585 3262 5651 θεῖος
3301 5585 3644 5645 ’Λναστάσιος
