3862 6228
157 353 240 414 lSS

1417 348 1823 418 ANNALlUM
1860 350 2053 412 I‘ARS
2094 352 2139 415 Ι.

3279 356 3376 417 186

148 474 198 521 ἑν
226 464 292 538 et;
314 479 446 537 περι
471 464 819 528 ἀσαστασεως
846 463 991 535 λόγῳ
1042 463 1209 518 αὑτοῦ
1239 443 1328 517 τὀν
1358 475 1486 536 περι
1509 456 1697 517 cardiu

1806 475 1934 520 ctat.
1959 465 2089 522 Tale
2114 466 2435 524 suscitatum
2467 478 2550 522 est
2579 484 2640 523 ex
2677 470 2907 525 mortuis
2929 485 3143 539 corpus.
3173 471 3378 526 dudum

147 563 285 628 λόγον
311 558 691 630 ἀριδηλότερον
724 559 978 621 ποιεῖται,
1011 557 1106 610 καὶ
1142 555 1286 610 οὕτω
1314 557 1449 626 φησί
1476 573 1490 588 ο
1524 575 1540 607 ι
1576 557 1699 632 Τοις

144 655 282 707 οῦτον
313 653 374 704 ἐκ
399 651 608 720 νεκρῶν
631 652 926 720 ἐγήγερται
951 651 1010 702 τὸ
1037 649 1196 720 σῶμα
1216 649 1277 701 τὸ
1306 648 1494 708 πεσὸν.
1519 650 1700 701 ὁποῖον

144 742 204 815 ἦν
231 743 318 798 ἀπ’
352 743 556 814 ἀρχῆς,
579 742 992 812 ἁποὸαλόμενον
1022 741 1166 795 ἆπαν
1200 741 1338 811 ὅπερ
1377 740 1575 808 ἔφθασε
1611 739 1699 792 διὰ

146 842 234 910 τὴν
255 837 528 908 ἁμαρτίαν
555 835 923 905 ὲπισυμὸἧναι
953 833 1119 902 αὐτῷ.
1162 853 1180 885 ι
1220 834 1461 902 Πρόσεχε
1497 831 1608 886 οὖν.
1637 833 1700 884 Et

148 935 237 1000 γὰρ
261 930 501 1004 τοιοῦτον
531 930 830 997 ἐγήγερται
882 929 1066 980 ὁποῖον
1089 921 1157 997 ἦν
1194 925 1289 978 ἀπ’
1318 925 1514 993 ἀρχῆς,
1549 925 1608 976 τὸ
1643 925 1699 978 δὲ

146 1022 478 1092 ἐγειρόμενον
517 1023 694 1073 ἐκεῖνο
727 1019 891 1087 σῶμα
919 1017 1041 1069 τότε
1086 1017 1319 1070 θανάτου
1359 1017 1452 1069 καὶ
1492 1014 1700 1084 φθορᾶς

145 1118 349 1186 ἄμεινον
365 1113 660 1184 ἐγερθῆναι
683 1112 1057 1183 ὡμολόγηται,
1083 1113 1173 1162 καὶ
1194 1110 1405 1178 βεϐαιοῖ
1431 1109 1518 1160 τὸν
1543 1109 1700 1176 λόγον

143 1211 166 1263 6
194 1209 483 1278 πάμμεγας
518 1205 726 1274 Παῦλος
756 1204 900 1258 οὕτω
932 1204 1108 1271 λέγων
1133 1219 1147 1234 ·
1182 1221 1200 1254 ς
1241 1203 1331 1253 Δεῖ
1369 1200 1428 1253 τὸ
1463 1199 1700 1269 φθαρτὸν

144 1301 284 1353 τοῦτο
332 1299 663 1352 ἐνδύσασθαι
713 1297 1048 1367 ἀφθαρσίαν,
1082 1296 1176 1347 καὶ⁵
1224 1294 1283 1347 τὺ
1314 1292 1506 1355 θνητὸν
1546 1290 1701 1341 τοῦτο

144 1390 450 1446 ἐνδύσασθαι
487 1390 818 1453 ἀθανασίαν,
859 1407 877 1439 ι
910 1387 1132 1456 εὔδηλον
1165 1389 1380 1446 πάντως
1419 1386 1500 1437 ὅτι
1527 1380 1700 1434 καὶτὸ

145 1485 282 1553 σῶμα
312 1485 514 1547 ἐκεῖνο,
538 1483 684 1548 λέγω
705 1483 767 1550 δὴ
797 1483 858 1548 τὸ
889 1479 1120 1552 πρώτως
1152 1479 1257 1531 ὑπὸ
1283 1477 1418 1530 Θεοῦ
1451 1474 1698 1544 ποιηθὲν,

144 1580 392 1632 ἀθάνατον
437 1576 662 1646 ἀληθῶς
721 1564 936 1645 ὑπῆρχε
987 1575 1084 1626 καὶ
1132 1572 1432 1641 ἄφθαρτον,
1486 1569 1559 1632 ὡς
1599 1568 1700 1639 ήδη

145 1672 381 1734 πολλάκις
401 1671 736 1741 εἰρήκαμεν,
771 1669 912 1722 Αὐτὸ
935 1665 1091 1719 τοῦτο
1117 1665 1418 1734 παρίστησι
1447 1664 1540 1714 καὶ
1562 1661 1731 1726 Nam.

146 1764 288 1827 σαεὺς
339 1764 483 1825 θεῖος
545 1762 870 1832 Γρηγόριος,
907 1761 1066 1830 ἡνίκα
1103 1761 1196 1811 καὶ
1230 1756 1434 1826 μᾶλλον
1471 1755 1699 1824 εὕρηται

1803 560 2125 629 collapsum,
2158 562 2316 630 quale
2346 562 2414 617 ab
2469 562 2622 617 initio
2667 573 2804 626 erat,
2842 566 3058 632 rejectis
3090 576 3250 633 atque
3277 566 3381 621 de-

1803 653 1998 723 positis
2030 655 2286 708 omnibus
2336 670 2458 723 qum
2495 657 2642 722 prius
2676 657 2722 709 ei
2767 673 2862 726 per
2906 667 3184 724 peceatum
3233 658 3378 710 acci-

1804 747 1956 800 dere.
1990 745 2160 802 Velim
2197 747 2281 800 his
2313 749 2442 801 mihi
2505 749 2685 802 verbis
2739 752 2977 803 animum
3010 751 3282 804 advertas.
3319 750 3374 802 Si

1805 840 1894 892 tali
1919 839 2243 894 suscitatum
2285 851 2368 893 est.
2398 842 2555 906 quale
2581 841 2649 894 ab
2690 840 2843 893 initio
2870 852 3010 904 erat,
3051 843 3149 895 etsi
3177 857 3378 911 corpus

1805 930 1958 995 illud,
1991 932 2133 1000 quod
2166 930 2455 995 excitatur,
2488 933 2564 985 sic
2593 932 2843 986 suscitari
2878 942 3090 987 constat
3117 943 3174 988 ut
3213 950 3376 1001 supra

1806 1034 2034 1078 mortem
2067 1025 2455 1093 interitumque
2491 1026 2726 1093 positum
2759 1026 2849 1090 sit,
2877 1029 3022 1093 quod
3060 1027 3232 1095 ipsum
3268 1043 3378 1079 tnu-

1803 1131 1940 1184 gnus
1981 1116 2067 1172 ille
2115 1117 2314 1170 Paulus
2345 1116 2632 1170 conﬁrmat
2666 1117 2816 1170 hisee
2848 1117 3027 1171 verbis
3056 1135 3068 1168 :
3103 1135 3121 1165 ‹
3155 1115 3383 1185 Oportet

1805 1206 1908 1260 hoc
1939 1207 2298 1275 corruptibile
2329 1206 2730 1274 incorruptibili
2767 1218 2989 1270 natura,
3021 1217 3074 1261 et
3103 1207 3206 1260 hoc
3236 1222 3382 1260 nio-r-

1807 1298 1911 1350 Iale
1943 1297 2352 1351 immortalitate
2382 1297 2530 1362 indui
2561 1297 2626 1361 δ”,
2667 1317 2684 1349 ι
2707 1299 2889 1365 'plane
2916 1299 3266 1368 perspicuum
3299 1307 3383 1350 est

1803 1392 1965 1445 etiam
1999 1406 2197 1458 corpus
2227 1391 2379 1452 illud,
2402 1391 2544 1458 quod
2587 1400 2672 1444 est
2695 1393 2938 1444 omnium
2969 1393 3144 1460 primo
3179 1391 3380 1444 factum

1805 1499 1832 1537 a
1867 1482 1996 1545 Deo,
2046 1498 2235 1536 revera
2279 1483 2588 1538 immortale
2623 1499 2687 1536 ac
2727 1484 2981 1537 interitus
3015 1498 3210 1553 expers
3247 1483 3382 1536 luis-

1803 1591 1860 1630 se
1893 1575 2027 1642 (20),
2052 1575 2209 1631 sicuti
2235 1575 2347 1642 jam
2381 1591 2523 1643 saepe
2555 1575 2814 1630 diximus.
2846 1575 2988 1628 ldem
3017 1585 3068 1628 et
3096 1573 3384 1644 Nyssensis

1805 1669 1895 1722 ille
1927 1668 2222 1736 Gregorius
2265 1668 2374 1736 90
2416 1667 2601 1732 tradit,
2635 1666 2727 1720 ubi
2773 1666 2978 1721 dictum
3026 1667 3155 1720 illud
3189 1668 3390 1730 EC!!in

1806 1762 1987 1816 siastae
2019 1760 2280 1822 declarat,
2318 1759 2474 1826 cujus
2506 1761 2620 1812 ha-c
2668 1758 2829 1811 verba
2859 1767 2988 1810 sunt
3018 1775 3031 1811 :
3077 1775 3094 1808 ι
3126 1755 3266 1820 Quid
3296 1763 3382 1809 est.

143 1858 194 1909 τὸ
241 1855 327 1909 τοῦ
368 1852 863 1923 Ἐκκλησιαστικοῦ
922 1853 1086 1920 ῥητὸν
1142 1849 1581 1918 ὲπεξηγούμενος
1639 1845 1697 1897 τὸ

1806 1853 1948 1922 quod
1980 1851 2116 1906 fuit?
2145 1852 2285 1904 idem
2311 1850 2438 1903 illud
2470 1848 2611 1919 quod
2646 1850 2770 1902 erit.
2801 1845 2938 1913 Quid
2967 1847 3201 1902 factum?
3232 1848 3376 1900 idem

144 1946 483 2014 διαλαμϐάνον
512 1944 689 2006 οὓτω;
721 1947 777 1997 ἐν
803 1943 1021 2008 λέξεσι·
1061 1961 1078 1994 t
1109 1943 1172 1994 Τί
1192 1944 1252 1994 τὸ
1279 1942 1536 2008 γεγονός;
1569 1938 1701 1991 αὐτὸ

143 2037 606 2107 τὺγενησόμενον.
647 2037 755 2089 Καὶ
798 2037 854 2088 τί
914 2034 975 2087 τὸ
1013 2035 1419 2103 πεποιημένον;
1479 2030 1612 2084 αὐτὸ
1642 2029 1702 2081 τὸ

144 2129 581 2199 ποιηθησόμενον.
623 2146 644 2180 ι
683 2129 847 2195 Λέγει
869 2127 978 2197 γὰρ
1009 2127 1089 2179 ὅτι
1123 2127 1268 2195 χειρὶ.
1297 2124 1432 2177 Θεοῦ
1473 2139 1704 2190 πεποιη-

147 2222 284 2290 μένος
309 2221 603 2292 ἄνθρωπος
626 2220 725 2288 οὐχ
774 2220 801 2271 ὃ
831 2217 926 2270 νῦν
958 2207 1076 2270 ἐστί
1112 2218 1201 2270 διὰ
1252 2216 1354 2286 τὴν
1403 2215 1702 2284 ἁμαρτίαν,

144 2307 291 2376 ἤγουν
321 2308 561 2376 τρεπτὸς
619 2308 714 2359 καὶ
747 2307 1014 2376 φθαρτὸς,
1066 2306 1223 2358 τοῦτο
1268 2301 1337 2373 ἧν
1376 2304 1470 2356 ἀπ’
1502 2304 1700 2371 ἀρχῆς,

147 2399 241 2450 ἀλλ’
272 2400 298 2451 ὃ
331 2398 701 2468 ποιηθήσεται
736 2397 990 2467 ὕστερον,
1039 2398 1309 2468 ἄτρεπτος
1335 2395 1580 2466 δηλονότι
1609 2393 1704 2446 καὶ

146 2489 418 2556 ἄφθαρτος.
450 2489 634 2558 Εἴπερ
677 2485 773 2541 οὖν
818 2492 846 2538 6
875 2488 1008 2550 Θεὸς
1043 2486 1128 2538 ἐπ’
1164 2485 1443 2556 ἀφθαρσίᾳ
1495 2485 1584 2537 τὸν
1610 2483 1704 2537 ἀνα

149 2581 336 2649 θρωπον
357 2582 572 2644 ἔκτισε,
627 2583 751 2634 κατ’
772 2581 958 2633 εἰκόνα
994 2581 1092 2649 τῆς
1148 2580 1450 2648 ἁῐδιότητος
1509 2576 1700 2639 αὐτοῦ,

149 2674 270 2728 καθά
292 2691 422 2743 φησι
453 2673 716 2743 Σολομὼν
735 2688 750 2703 ⁶
795 2675 958 2744 εἰπερ
990 2669 1082 2727 οὖν
1116 2672 1285 2736 ἔδειξε
1305 2673 1364 2724 τὸ
1390 2673 1586 2724 οἰκεῖον
1612 2687 1702 2736 φι-

151 2766 340 2834 λότιμον
381 2763 661 2835 μεταδοὺς
691 2763 841 2832 αὐτῷ
868 2764 1046 2832 ψυχῆς
1077 2763 1271 2832 νοερᾶς
1314 2762 1388 2822 ὼς
1421 2757 1562 2813 εἶναι
1609 2763 1705 2814 καὶ

149 2856 388 2913 ἀθάνατον
417 2859 476 2921 ἐς
497 2858 566 2910 τὸ
588 2856 861 2927 διηνεκὲς,
889 2857 964 2920 ὡς
998 2857 1026 2909 6
1058 2853 1294 2926 χρυσοῦς
1317 2855 1416 2926 τὴν
1456 2853 1703 2922 γλῶττάν

151 2969 290 3020 φησιν
307 2969 321 2984 ν
343 2952 508 3022 εἰπερ
537 2949 631 3004 οὖν
651 2950 800 3020 ζωῆς
832 2951 1053 3003 αἰωνίου
1077 2948 1383 3002 ἀπόλαυσιν
1409 2949 1704 3020 ἐχαρίσατο

147 3043 212 3113 τῷ
238 3043 510 3115 ἀνθρώπῳ
545 3043 671 3096 κατ’
707 3044 884 3113 ἀρχὰς
919 3044 947 3096 6
986 3042 1140 3107 Θεὸς,
1181 3041 1255 3105 ὡς
1284 3043 1310 3092 ὁ
1357 3044 1530 3112 μέγας
1568 3044 1701 3112 φησὶ

1808 1949 1936 2002 illud
1965 1948 2108 2016 quod
2143 1949 2232 2000 iiet
2263 1948 2330 1998 ⁷ο.
2367 1965 2384 1995 ›
2409 1947 2593 2014 lnquit
2621 1946 2764 1998 enim
2805 1945 2907 1999 hoc
2941 1945 3059 1999 loco
3097 1959 3260 1996 manu
3287 1944 3378 1997 Dei

1807 2039 2010 2094 factum
2044 2039 2345 2101 hominem,
2391 2053 2499 2091 non
2548 2038 2692 2104 quod
2739 2052 2885 2090 nunc
2931 2046 3152 2106 propter
3185 2051 3380 2104 pecca-

1810 2143 1921 2187 tum
1953 2143 2056 2194 est,
2101 2131 2360 2184 nimirum
2394 2129 2681 2185 mutationi
2716 2138 2771 2184 et
2805 2129 3046 2184 interitui
3093 2129 3378 2188 obuoxius.

1807 2227 1874 2279 ah
1908 2225 2063 2278 initio
2118 2223 2308 2287 fuisse,
2346 2222 2438 2276 sed
2473 2222 2617 2291 quod
2661 2222 2924 2290 deinceps
2973 2219 3258 2280 eilicietur,
3289 2234 3382 2272 ex-

1807 2333 1934 2388 pers
1973 2317 2180 2370 scilicet
2211 2315 2529 2371 mutationis
2554 2324 2610 2369 et
2646 2298 2921 2368 interitus.
2959 2312 3306 2382 Quapropter
3336 2311 3382 2364 si

1808 2409 1954 2464 Deus
1989 2410 2042 2462 in
2069 2417 2214 2462 statu
2259 2407 2513 2462 interitus
2547 2417 2774 2475 experte
2804 2404 3053 2459 condidit
3100 2403 3386 2458 hominem

1807 2502 1874 2556 ad
1919 2501 2206 2571 imaginem
2241 2499 2564 2554 aeternitatis
2611 2513 2743 2561 suae,
2777 2495 3234 2567 quemadmodum
3287 2494 3387 2549 So-

1807 2595 1950 2649 lomo
1979 2594 2258 2662 loquitur;
2317 2593 2360 2645 si
2427 2592 2689 2666 honorem
2745 2590 2795 2643 ei
2848 2587 3124 2657 proprium
3167 2586 3381 2646 detulit,

1807 2685 2208 2740 communicata
2241 2699 2364 2737 cum
2395 2683 2514 2752 ipso
2540 2681 2720 2734 anima
2762 2677 3131 2748 intelligentia:
3166 2676 3216 2729 vi
3247 2690 3384 2744 prie-

1807 2778 1940 2842 dita,
1960 2793 2068 2848 quo
2099 2792 2358 2846 perpetuo
2383 2773 2706 2830 immortalis
2730 2779 2895 2835 esset,
2917 2768 3381 2838 quemadmodum

1805 2869 2232 2939 Cbrysostomus
2269 2869 2382 2930 ait;
2435 2865 2478 2919 si
2520 2874 2739 2918 αξιοι-ηδε
2762 2862 2886 2915 vita:
2931 2857 3244 2914 iruitioncm
3272 2856 3383 2910 lar-

1805 2967 1949 3034 gitus
1980 2973 2062 3016 est
2112 2960 2318 3015 homini
2355 2960 2420 3013 ab
2477 2959 2632 3011 initio
2684 2959 2844 3019 Deus,
2900 2965 2958 3008 ut
3007 2967 3233 3022 magnus
3293 2950 3384 3002 ille

1809 3055 2039 3110 Basilius
2067 3054 2344 3123 loquitur;
2377 3053 2419 3104 si
2448 3050 2640 3104 Adanti
2679 3049 2853 3118 prima
2891 3046 3098 3100 creatio
3132 3043 3388 3096 interitus-

150 3135 433 3198 Βασίλειος⁶
499 3135 663 3205 εἰπερ
703 3130 797 3187 οὖν
837 3136 869 3204 ἡ
923 3135 1119 3204 πρώτη
1153 3135 1370 3195 ποίησις
1402 3132 1493 3185 τοῦ
1532 3133 1699 3200 Ἀδὰμ

1806 3158 1923 3204 erat
1959 3162 2176 3216 expers,
2217 3155 2273 3198 ut
2326 3141 2646 3196 Anastasius
2686 3139 2775 3193 ille
2812 3135 3052 3191 Sitiaites
3092 3134 3298 3204 inquit;
3337 3137 3385 3186 si

148 3225 394 3296 ἄφθαρτος
445 3222 543 3296 ἦν,
585 3225 659 3287 ὡς
696 3227 725 3276 6
764 3225 1018 3292 Σιναῖτης
1057 3223 1194 3292 φησὶ
1245 3222 1389 3284 Θεῖος
1434 3223 1701 3274 Ἀναστά-

153 3333 278 3380 σιος·
308 3319 471 3384 εἰπερ
517 3313 615 3371 οὖν
635 3316 858 3384 ἀξίωμα
908 3315 1107 3368 δέδωκε
1145 3313 1223 3384 τῷ
1261 3312 1536 3382 ἀνθρώπῳ
1582 3313 1701 3365 κατ’

148 3411 297 3480 ἀρχὰς
331 3414 358 3463 6
418 3411 556 3472 Θεὸς
596 3410 656 3462 τὸ
710 3409 980 3462 ἀθάνατον
1029 3409 1122 3459 καὶ
1175 3406 1501 3476 ἀνώλεθρον,
1543 3403 1615 3466 ὡς
1675 3407 1702 3456 ὁ

147 3503 265 3568 θεῖος
311 3505 574 3576 ’Δνδρέας
625 3502 857 3574 εὓρηται
899 3501 1111 3570 λέγων·
1151 3501 1308 3571 εἴπερ
1359 3499 1701 3566 αὐτεξουσιό-

145 3615 249 3667 τητι
290 3599 379 3651 καὶ
429 3597 709 3665 ἀθανασίᾳ
739 3595 980 3664 τιμήσας
1023 3593 1116 3646 τὸν
1153 3593 1442 3663 ἄνθρωπον
1487 3595 1516 3645 6
1569 3593 1701 3655 Θεὸς

147 3691 346 3762 βασιλέα
369 3693 598 3746 πάντων
653 3690 762 3740 τῶν
795 3687 1419 3755 ἐπιγείωναατέστησε,
1453 3685 1702 3754 καθάπερ

144 3787 168 3837 6
189 3786 438 3855 μακάριός
464 3799 604 3854 φησι
627 3782 918 3851 Βαρλαάμ,
945 3780 1063 3843 πῶς
1094 3779 1280 3832 λοιπὸν
1311 3778 1505 3849 θνητὸν
1539 3778 1701 3831 αὑτὸν

143 3877 262 3948 ὁμοῦ
287 3880 377 3931 καὶ
411 3876 689 3930 ἀθάνατον
725 3871 830 3925 ὑπὸ
860 3871 997 3925 Θεοῦ
1027 3871 1382 3942 παραχθῆναι
1423 3873 1698 3942 εῐπωμεν;

147 3970 457 4036 ἀνένδεκτον,
490 3968 568 4030 ὡς
591 3963 772 4036 οἶμαι,
803 3965 964 4018 τοῦτο
997 3965 1092 4018 καὶ
1122 3964 1242 4018 λίαν
1273 3963 1412 4017 ἐστί.
1451 3966 1562 4019 Καὶ
1589 3966 1700 4029 πῶς

146 4061 238 4132 γὰρ
278 4063 374 4116 οὐκ
411 4061 758 4125 ἀνένδεκτον,
801 4060 917 4128 εἴγε
967 4064 1062 4111 καὶ
1091 4061 1118 4111 6
1149 4059 1316 4121 πολὺς
1357 4059 1415 4110 ὲν
1453 4057 1703 4128 θεολογίᾳ

146 4151 417 4223 Γρηγόριος
437 4153 544 4205 οὐκ
579 4153 645 4222 ἐᾷ
677 4150 811 4224 περὶ
833 4149 927 4203 τοῦ
952 4148 1174 4219 πρώτου
1201 4149 1494 4221 ἀνθρώπου
1521 4153 1702 4202 τοιαῦ·

142 4258 198 4293 τα
229 4243 624 4311 φαντάζεσθαι;
679 4243 893 4305 Παντὸς
945 4243 1055 4310 γὰρ
1113 4242 1570 4320 ἐπικαλύμματος
1610 4248 1701 4294 καὶ

144 4337 505 4408 προϐλήματος
538 4336 765 4391 ἀνενδεᾶ
803 4335 896 4389 τὸν
929 4338 1024 4390 ἀπ’
1061 4337 1238 4406 ἀρχῆς
1284 4337 1490 4390 ἐκεῖνον
1529 4335 1700 4389 εἰπὼν

145 4425 284 4494 εἶναι,
316 4428 488 4494 ἔδειξε
514 4429 810 4498 προφανῶς
833 4430 915 4482 ὅτι
947 4428 1142 4497 στολὴν
1168 4428 1472 4490 ἀθανασίας
1495 4431 1702 4499 ἠμφιε-

1805 3241 2126 3314 dignitatem
2185 3238 2327 3291 hanc
2377 3235 2444 3289 ab
2499 3233 2656 3286 initio
2706 3230 2851 3284 Deus
2893 3227 3103 3283 homini
3139 3226 3289 3279 dedit
3323 3235 3384 3277 ut

1804 3324 2124 3389 immortalis
2175 3339 2229 3385 et
2259 3325 2693 3396 iucorruptibilis
2725 3332 2889 3386 esset,
2927 3329 2986 3374 ιιι
3026 3319 3107 3372 vir
3162 3317 3382 3371 divinus

1802 3428 2049 3482 Andreas
2077 3425 2281 3478 dixisse
2311 3421 2612 3491 reperitur;
2646 3418 2690 3471 si
2737 3415 3012 3470 hominem
3048 3411 3188 3465 Deus
3212 3410 3381 3463 liber-

1806 3530 1914 3574 tate
1940 3516 2239 3572 voluntatis
2279 3515 2538 3568 donatum
2571 3518 2627 3564 et
2680 3520 3005 3563 exornatum
3055 3501 3382 3558 immertati-

1804 3623 1914 3668 tate
1944 3626 2126 3682 regem
2149 3609 2395 3663 omnium
2423 3603 2766 3659 terrestrium
2795 3598 3093 3662 constituit,
3123 3595 3386 3666 quemad-

1804 3704 2022 3757 modum
2048 3701 2133 3754 vir
2155 3701 2348 3753 beatus
2377 3695 2692 3749 Barlaamus
2718 3692 2996 3762 praedicat,
3026 3704 3133 3758 quo
3164 3687 3380 3741 tandem

1803 3811 1898 3850 ore
1931 3794 2139 3864 parit-er
2170 3807 2294 3846 eum
2327 3788 2615 3841 mortalem
2649 3800 2712 3839 ac
2772 3783 3134 3838 immortalem
3189 3797 3218 3832 a
3275 3780 3387 3833 Deo

1803 3883 2082 3938 conditum
2140 3879 2423 3934 dicemus?
2466 3879 2657 3947 nequit
2705 3875 2810 3928 h‘oc
2867 3873 2977 3927 ullo
3035 3881 3190 3940 pacto
3239 3872 3386 3936 ﬁeri,

1801 3976 2020 4046 quando
2069 3973 2431 4043 peritissimus
2465 3970 2555 4023 ille
2595 3983 2778 4023 rerum
2825 3965 3133 4020 divinarum
3182 3962 3387 4032 Grego-

1802 4073 1914 4124 rius
1936 4066 2206 4138 ejusmodi
2240 4079 2339 4119 nos
2363 4065 2430 4118 de
2453 4063 2675 4116 homine
2704 4061 2797 4116 illo
2828 4059 3075 4132 principe
3097 4056 3386 4126 imaginari

1800 4177 1909 4215 nun
1964 4161 2114 4214 sinit.
2155 4158 2288 4214 Cum
2339 4157 2486 4211 enim
2543 4155 2698 4209 illtun
2759 4154 2910 4208 nullo
2947 4153 3033 4206 vel
3069 4159 3390 4220 tegtrttnento

1801 4256 1886 4309 vel
1918 4253 2119 4307 vestitu
2151 4250 2453 4320 indiguisse
2505 4248 2693 4314 tradit,
2721 4247 2866 4302 clare
2901 4245 3244 4300 demonstrat
3288 4257 3386 4295 or-

1800 4357 1932 4401 natu
1963 4343 2384 4399 immortalitatis
2431 4341 2692 4397 amictum
2729 4339 2918 4394 fuisse.
2967 4338 3255 4390 Enimvero
3298 4334 3390 4388 hi9

1801 4436 2177 4494 contradicere
2210 4435 2349 4489 velle
2389 4435 2631 4504 iniquum
2679 4431 2865 4486 fuerit.
2897 4429 3029 4483 Nam
3071 4428 3154 4483 vel
3185 4443 3386 4495 corpus

146 4521 317 4586 σμένος
385 4516 457 4592 ἦν
485 4522 513 4573 6
568 4520 786 4591 πρῶτος
844 4519 949 4572 ὑπὸ
979 4518 1116 4572 Θεοῦ
1147 4518 1573 4590 δημιουργηθεὶς
1613 4519 1699 4572 ἀν-

1809 4532 1940 4587 illud
1966 4525 2354 4588 adactionibus
2372 4531 2521 4582 hisce
2548 4525 2888 4581 naturalibus
2911 4523 3216 4593 subjectum
3243 4528 3388 4583 erat,

145 4609 360 4679 θρωπος.
399 4612 543 4666 Ἀλλ’
564 4615 657 4665 ἐπὶ
683 4613 898 4676 τούτοις
923 4613 1229 4680 ἀντιλέγειν
1266 4614 1326 4664 οὐ
1352 4612 1594 4682 θεμιτόν.
1627 4613 1696 4664 Ἢ

146 4703 238 4773 γὰρ
272 4707 527 4760 ὑπέκειτο
577 4708 639 4759 τὸ
675 4708 837 4775 σῶμα
872 4709 1050 4759 ἐκεῖνο
1082 4706 1284 4761 πάθεσι
1321 4711 1572 4774 φυσικοῖς
1602 4707 1698 4758 καὶ

148 4795 358 4865 φθαρτὸν
413 4798 864 4868 ὁμολογουμένως
917 4794 1027 4868 ἦν,
1087 4797 1121 4869 ἢ
1180 4797 1369 4850 παθῶν
1429 4797 1691 4850 παντοίωι

147 4889 422 4961 ὑπέρτερον
472 4889 564 4964 ἦν,
617 4892 690 4954 ὡς
728 4891 932 4958 ὁλόγος
971 4892 1071 4962 ήδη
1120 4891 1383 4961 διείληφε.
1425 4891 1534 4944 Καὶ
1570 4891 1697 4959 περὶ

146 4980 432 5056 ἀφθαρσίας
452 4985 818 5056 ἀμφιὸάλλειν
838 4985 898 5037 οὐ
913 4985 1040 5054 χρή·
1063 4987 1322 5053 φαίνεται
1343 4985 1448 5055 γὰρ
1472 4986 1551 5039 ὃτι
1570 4985 1698 5054 φθο-

148 5077 206 5144 ρᾷ
239 5079 525 5150 οίᾳδήποτε
561 5079 638 5150 μὴ
672 5077 1029 5147 ὑποκείμενον
1064 5077 1276 5147 ἀληθῶς
1311 5079 1587 5148 ἄφθαρτον
1607 5075 1695 5149 ἦν.

204 5173 348 5227 Οὖτω
382 5177 480 5248 μὲν
513 5173 628 5240 οὖν,
651 5175 924 5245 ἀγαπητὲ,
953 5174 1047 5226 καὶ
1076 5174 1136 5226 τὸ
1164 5175 1320 5242 σῶμα
1353 5175 1448 5228 τοῦ
1492 5176 1693 5244 Κυρίου

145 5268 280 5334 ἡμῶν
319 5271 493 5340 Ἰησοῦ
535 5269 774 5340 Χριστοῦ
811 5272 904 5322 καὶ
945 5268 1185 5340 φθαρτὸν
1211 5268 1559 5340 ὡμολόγηται
1591 5270 1696 5339 πρὸ

145 5357 222 5410 τοῦ
271 5361 492 5427 πάθους,
524 5361 713 5432 ἐπειδὴ
769 5363 968 5414 πάθεσι
999 5365 1249 5430 φυσικοῖς
1285 5364 1559 5426 ὑπέκειτο,
1603 5365 1696 5414 καὶ

142 5450 393 5523 ἄφθαρτον
429 5452 586 5518 αὖθις
625 5456 763 5527 μετὰ
799 5456 860 5507 τὸ
895 5457 1066 5519 πάθος
1090 5457 1182 5509 καὶ
1214 5460 1311 5527 τὴν
1357 5459 1690 5510 ἀνάστασινο

228 5593 270 5624 δ’
299 5591 317 5644 ι
344 5594 464 5654 Cor.
496 5612 586 5662 xv,
616 5596 711 5651 55.
789 5595 834 5627 7°
862 5595 1042 5653 Eccle.
1074 5597 1122 5662 ι’,
1154 5598 1207 5651 9.

101 5803 104 5812 ι
201 5730 302 5798 (20)
338 5733 426 5812 llic
455 5745 511 5789 et
569 5734 714 5812 intra
762 5733 821 5812 _in
852 5737 1019 5812 multa
1052 5736 1318 5812 _d_i5putat
1372 5741 1566 5810 thcas
1621 5741 1686 5794 de

143 5807 522 5866 immortalitate
549 5805 718 5875 primi
762 5805 1001 5860 hominis
1036 5801 1251 5875 Adauii,
1300 5801 1483 5879 ψιωά
1535 5813 1676 5865 veri-

1808 4636 1860 4680 et
1915 4639 2015 4694 pro
2061 4624 2317 4678 confesso
2366 4629 2640 4676 statuetur
2693 4617 2988 4673 obnoxium
3043 4613 3383 4683 corruptioni

1808 4718 1973 4772 fuisse
1998 4735 2011 4772 :
2038 4719 2124 4772 vel
2158 4731 2323 4786 supra
2354 4728 2547 4769 omnes
2581 4710 2898 4767 aﬂ‘ectiones
2948 4717 3065 4763 erat
3121 4707 3380 4777 positum,

1809 4810 2266 4881 quemadmodum
2299 4807 2544 4862 oratione
2583 4804 2864 4873 superiori
2901 4811 2983 4857 est
3025 4803 3379 4855 declaratum.

1810 4907 1999 4975 Itaque
2036 4907 2102 4960 de
2131 4900 2646 4971 incorruptibilitate
2678 4899 2848 4967 ipsius
2875 4897 3097 4951 minime
3125 4897 3383 4948 dubitan-

1807 5000 1935 5052 dum
1990 5007 2097 5060 est,
2134 5014 2255 5051 eum
2293 4994 2577 5049 manifesto
2619 5001 2801 5063 pateat
2839 4991 3083 5044 interitui
3119 4988 3251 5040 nulli
3300 5003 3384 5039 rc-

1805 5104 1932 5158 apse
1968 5089 2272 5158 subjertum
2315 5087 2500 5140 fuisse.

1874 5181 2075 5236 Eodem
2112 5182 2295 5244 modo,
2333 5181 2529 5235 dilecte
2559 5179 2654 5244 ﬁli,
2697 5194 2895 5246 corpus
2956 5175 3119 5230 etiam
3163 5171 3381 5226 Domini

1805 5277 1971 5329 nostri
2008 5275 2136 5329 Jesu
2169 5274 2376 5328 Christi
2414 5273 2771 5342 corruptibile
2800 5272 2970 5324 fuisse
2998 5269 3232 5322 fatemur
3254 5273 3382 5318 ante

1804 5371 2133 5438 passionem,
2152 5383 2274 5422 cum
2302 5368 2683 5420 all'ectionibus
2706 5365 3046 5418 naturalibus
3075 5363 3376 5426 subjectum

1803 5462 1987 5526 fuerit,
2017 5476 2079 5514 ac
2100 5476 2318 5514 rursum
2346 5471 2465 5529 post
2495 5461 2805 5530 passionem
2835 5467 2890 5511 et
2916 5454 3376 5510 resurrectimmut

1802 5750 1908 5794 tate
1937 5743 2149 5811 longius
2175 5744 2455 5805 aberrant,
2499 5753 2557 5795 ut
2601 5741 2851 5814 pluribus
2886 5735 3121 5805 tlieoiogi
3167 5734 3376 5787 odisse-

1790 5825 1921 5865 ruut
1959 5830 2018 5868 ac
2051 5830 2215 5868 same
2240 5816 2537 5882 Scriptura:
2570 5815 2922 5879 interpretes,
2960 5824 3094 5876 quos
3125 5818 3375 5865 consalu.
