  <div class='ocr_page' id='page_1' title='image "/cluster/home/n/w/nwhite01/storage/ocr_20150623/158/mdp.39015078384701/131.png"; bbox 0 0 3862 6228; ppageno 0'>
   <div class='ocr_carea' id='block_1_1' title="bbox 427 352 2035 429">
    <p class='ocr_par' dir='ltr' id='par_1_1' title="bbox 427 360 2035 429">
     <span class='ocr_line' id='line_1_1' title="bbox 427 360 2035 429; baseline -0.005 -1"><span class='ocrx_word' id='word_1_1' title='bbox 427 360 527 429; x_wconf 68' lang='lat'><strong>187</strong></span> <span class='ocrx_word' id='word_1_2' title='bbox 1710 360 2035 423; x_wconf 79' lang='lat' dir='ltr'><strong>MlCHAEl</strong></span> 
     </span>
    </p>
   </div>
   <div class='ocr_carea' id='block_1_2' title="bbox 2145 352 3686 429">
    <p class='ocr_par' dir='ltr' id='par_1_2' title="bbox 2163 352 3686 422">
     <span class='ocr_line' id='line_1_2' title="bbox 2163 352 3686 422; baseline 0.003 -5"><span class='ocrx_word' id='word_1_3' title='bbox 2163 352 2427 419; x_wconf 53' lang='grc' dir='ltr'><strong>(ἕως.λὲ</strong></span> <span class='ocrx_word' id='word_1_4' title='bbox 3593 358 3686 422; x_wconf 82' lang='grc'><strong>188</strong></span> 
     </span>
    </p>
   </div>
   <div class='ocr_carea' id='block_1_3' title="bbox 425 469 2035 551">
    <p class='ocr_par' dir='ltr' id='par_1_3' title="bbox 425 475 2009 551">
     <span class='ocr_line' id='line_1_3' title="bbox 425 475 2009 551; baseline -0.003 -17"><span class='ocrx_word' id='word_1_5' title='bbox 425 479 860 551; x_wconf 81' lang='lat' dir='ltr'><strong>incorruptibile.</strong></span> <span class='ocrx_word' id='word_1_6' title='bbox 896 478 1027 533; x_wconf 77' lang='lat' dir='ltr'><strong>Nam</strong></span> <span class='ocrx_word' id='word_1_7' title='bbox 1079 476 1402 533; x_wconf 72' lang='lat' dir='ltr'><strong>affectiones</strong></span> <span class='ocrx_word' id='word_1_8' title='bbox 1449 475 1721 546; x_wconf 85' lang='lat' dir='ltr'><strong>ejusmodi</strong></span> <span class='ocrx_word' id='word_1_9' title='bbox 1774 480 2009 547; x_wconf 74' lang='lat' dir='ltr'><strong>prorsus</strong></span> 
     </span>
    </p>
   </div>
   <div class='ocr_carea' id='block_1_4' title="bbox 2145 469 3690 551">
    <p class='ocr_par' dir='ltr' id='par_1_4' title="bbox 2152 469 3690 541">
     <span class='ocr_line' id='line_1_4' title="bbox 2152 469 3690 541; baseline -0.002 -17"><span class='ocrx_word' id='word_1_10' title='bbox 2152 475 2206 524; x_wconf 84' lang='grc' dir='ltr'><strong>αἰ</strong></span> <span class='ocrx_word' id='word_1_11' title='bbox 2234 470 2463 524; x_wconf 81' lang='grc' dir='ltr'>τοιαῦτα</span> <span class='ocrx_word' id='word_1_12' title='bbox 2516 469 2624 541; x_wconf 81' lang='grc' dir='ltr'>γὰρ</span> <span class='ocrx_word' id='word_1_13' title='bbox 2654 469 2887 525; x_wconf 74' lang='grc' dir='ltr'>ἀπέθετο</span> <span class='ocrx_word' id='word_1_14' title='bbox 2935 469 3082 540; x_wconf 67' lang='grc' dir='ltr'>πάθη</span> <span class='ocrx_word' id='word_1_15' title='bbox 3124 469 3476 524; x_wconf 81' lang='grc' dir='ltr'>παντάπασιν</span> <span class='ocrx_word' id='word_1_16' title='bbox 3502 469 3571 523; x_wconf 76' lang='grc' dir='ltr'>ὲκ</span> <span class='ocrx_word' id='word_1_17' title='bbox 3603 485 3690 521; x_wconf 80' lang='grc' dir='ltr'>νε-</span> 
     </span>
    </p>
   </div>
   <div class='ocr_carea' id='block_1_5' title="bbox 426 552 2035 641">
    <p class='ocr_par' dir='ltr' id='par_1_5' title="bbox 426 569 2010 641">
     <span class='ocr_line' id='line_1_5' title="bbox 426 569 2010 641; baseline -0.001 -17"><span class='ocrx_word' id='word_1_18' title='bbox 426 572 683 641; x_wconf 81' lang='lat' dir='ltr'><strong>depusuit</strong></span> <span class='ocrx_word' id='word_1_19' title='bbox 713 588 776 627; x_wconf 84' lang='lat' dir='ltr'><strong>ex</strong></span> <span class='ocrx_word' id='word_1_20' title='bbox 814 570 1042 626; x_wconf 76' lang='lat' dir='ltr'><strong>mortuis</strong></span> <span class='ocrx_word' id='word_1_21' title='bbox 1082 569 1431 625; x_wconf 87' lang='lat' dir='ltr'><strong>suscitatum.</strong></span> <span class='ocrx_word' id='word_1_22' title='bbox 1457 569 1573 634; x_wconf 81' lang='lat' dir='ltr'><strong>Qua</strong></span> <span class='ocrx_word' id='word_1_23' title='bbox 1604 570 1722 639; x_wconf 91' lang='lat' dir='ltr'><strong>ipsa</strong></span> <span class='ocrx_word' id='word_1_24' title='bbox 1750 569 1823 624; x_wconf 87' lang='lat' dir='ltr'><strong>de</strong></span> <span class='ocrx_word' id='word_1_25' title='bbox 1843 582 2010 624; x_wconf 83' lang='lat' dir='ltr'><strong>causa</strong></span> 
     </span>
    </p>
   </div>
   <div class='ocr_carea' id='block_1_6' title="bbox 2145 552 3687 641">
    <p class='ocr_par' dir='ltr' id='par_1_6' title="bbox 2145 552 3687 633">
     <span class='ocr_line' id='line_1_6' title="bbox 2145 552 3687 633; baseline 0.001 -20"><span class='ocrx_word' id='word_1_26' title='bbox 2145 564 2269 633; x_wconf 71' lang='lat' dir='ltr'><strong>:pt&#39;bv</strong></span> <span class='ocrx_word' id='word_1_27' title='bbox 2323 562 2570 633; x_wconf 82' lang='grc' dir='ltr'>ἐγερθέν.</span> <span class='ocrx_word' id='word_1_28' title='bbox 2633 552 2829 615; x_wconf 73' lang='grc' dir='ltr'><strong>Ἐνθεῦ</strong></span> <span class='ocrx_word' id='word_1_29' title='bbox 2871 580 2955 615; x_wconf 86' lang='grc' dir='ltr'><strong>τοι</strong></span> <span class='ocrx_word' id='word_1_30' title='bbox 2991 564 3089 617; x_wconf 79' lang='grc' dir='ltr'>καὶ</span> <span class='ocrx_word' id='word_1_31' title='bbox 3138 563 3345 633; x_wconf 83' lang='grc' dir='ltr'>γυμνὸν</span> <span class='ocrx_word' id='word_1_32' title='bbox 3396 565 3461 616; x_wconf 71' lang='grc' dir='ltr'>ἐκ</span> <span class='ocrx_word' id='word_1_33' title='bbox 3517 564 3687 631; x_wconf 83' lang='grc' dir='ltr'>τάφου</span> 
     </span>
    </p>
   </div>
   <div class='ocr_carea' id='block_1_7' title="bbox 428 652 2035 734">
    <p class='ocr_par' dir='ltr' id='par_1_7' title="bbox 428 661 2012 734">
     <span class='ocr_line' id='line_1_7' title="bbox 428 661 2012 734; baseline -0.002 -15"><span class='ocrx_word' id='word_1_34' title='bbox 428 665 635 720; x_wconf 88' lang='lat' dir='ltr'><strong>nudum</strong></span> <span class='ocrx_word' id='word_1_35' title='bbox 673 680 702 718; x_wconf 92' lang='lat' dir='ltr'><strong>e</strong></span> <span class='ocrx_word' id='word_1_36' title='bbox 748 665 1000 734; x_wconf 88' lang='lat' dir='ltr'><strong>sepulcro</strong></span> <span class='ocrx_word' id='word_1_37' title='bbox 1060 662 1284 727; x_wconf 79' lang='lat' dir='ltr'><strong>exsiliit,</strong></span> <span class='ocrx_word' id='word_1_38' title='bbox 1322 662 1529 716; x_wconf 89' lang='lat' dir='ltr'><strong>relictis</strong></span> <span class='ocrx_word' id='word_1_39' title='bbox 1580 661 1637 714; x_wconf 89' lang='lat' dir='ltr'><strong>in</strong></span> <span class='ocrx_word' id='word_1_40' title='bbox 1695 668 1762 715; x_wconf 87' lang='lat' dir='ltr'><strong>eo</strong></span> <span class='ocrx_word' id='word_1_41' title='bbox 1794 662 2012 716; x_wconf 90' lang='lat' dir='ltr'><strong>cun’ctis</strong></span> 
     </span>
    </p>
   </div>
   <div class='ocr_carea' id='block_1_8' title="bbox 2145 652 3687 734">
    <p class='ocr_par' dir='ltr' id='par_1_8' title="bbox 2150 652 3687 726">
     <span class='ocr_line' id='line_1_8' title="bbox 2150 652 3687 726; baseline 0 -19"><span class='ocrx_word' id='word_1_42' title='bbox 2150 655 2391 726; x_wconf 84' lang='grc' dir='ltr'>ξέθορεν,</span> <span class='ocrx_word' id='word_1_43' title='bbox 2424 656 2603 708; x_wconf 78' lang='grc' dir='ltr'><strong>ἐκεῖσε</strong></span> <span class='ocrx_word' id='word_1_44' title='bbox 2630 655 2951 709; x_wconf 84' lang='grc' dir='ltr'>παντάπασι</span> <span class='ocrx_word' id='word_1_45' title='bbox 2991 654 3311 709; x_wconf 87' lang='grc' dir='ltr'>καταλιπὼν</span> <span class='ocrx_word' id='word_1_46' title='bbox 3341 652 3687 720; x_wconf 71' lang='grc' dir='ltr'>τὰὲντάφιαο</span> 
     </span>
    </p>
   </div>
   <div class='ocr_carea' id='block_1_9' title="bbox 430 753 2014 828">
    <p class='ocr_par' dir='ltr' id='par_1_9' title="bbox 430 753 2014 828">
     <span class='ocr_line' id='line_1_9' title="bbox 430 753 2014 828; baseline -0.002 -15"><span class='ocrx_word' id='word_1_47' title='bbox 430 757 836 828; x_wconf 83' lang='lat' dir='ltr'><strong>sepulcraltbus</strong></span> <span class='ocrx_word' id='word_1_48' title='bbox 879 756 1091 810; x_wconf 81' lang='lat' dir='ltr'><strong>exuviis</strong></span> <span class='ocrx_word' id='word_1_49' title='bbox 1124 774 1136 809; x_wconf 89' lang='lat'><strong>:</strong></span> <span class='ocrx_word' id='word_1_50' title='bbox 1165 756 1366 826; x_wconf 79' lang='lat' dir='ltr'><strong>quippe</strong></span> <span class='ocrx_word' id='word_1_51' title='bbox 1408 755 1521 826; x_wconf 89' lang='lat' dir='ltr'><strong>jam</strong></span> <span class='ocrx_word' id='word_1_52' title='bbox 1573 753 1776 809; x_wconf 79' lang='lat' dir='ltr'><strong>factum</strong></span> <span class='ocrx_word' id='word_1_53' title='bbox 1828 754 2014 810; x_wconf 80' lang='lat' dir='ltr'><strong>ineor-</strong></span> 
     </span>
    </p>
   </div>
   <div class='ocr_carea' id='block_1_10' title="bbox 433 844 2017 919">
    <p class='ocr_par' dir='ltr' id='par_1_10' title="bbox 433 844 2017 919">
     <span class='ocr_line' id='line_1_10' title="bbox 433 844 2017 919; baseline -0.002 -16"><span class='ocrx_word' id='word_1_54' title='bbox 433 847 717 919; x_wconf 87' lang='lat' dir='ltr'><strong>ruptibile,</strong></span> <span class='ocrx_word' id='word_1_55' title='bbox 750 861 851 901; x_wconf 88' lang='lat' dir='ltr'><strong>ceu</strong></span> <span class='ocrx_word' id='word_1_56' title='bbox 887 845 1174 913; x_wconf 82' lang='lat' dir='ltr'><strong>diximus,‘</strong></span> <span class='ocrx_word' id='word_1_57' title='bbox 1206 863 1315 901; x_wconf 92' lang='lat' dir='ltr'><strong>non</strong></span> <span class='ocrx_word' id='word_1_58' title='bbox 1352 844 1653 916; x_wconf 76' lang='lat' dir='ltr'><strong>tegumenti</strong></span> <span class='ocrx_word' id='word_1_59' title='bbox 1689 844 1854 899; x_wconf 90' lang='lat' dir='ltr'><strong>ullius</strong></span> <span class='ocrx_word' id='word_1_60' title='bbox 1886 848 2017 917; x_wconf 76' lang='lat' dir='ltr'><strong>ege-’</strong></span> 
     </span>
    </p>
   </div>
   <div class='ocr_carea' id='block_1_11' title="bbox 431 942 549 997">
    <p class='ocr_par' dir='ltr' id='par_1_11' title="bbox 431 942 549 997">
     <span class='ocr_line' id='line_1_11' title="bbox 431 942 549 997; baseline -0.008 -1"><span class='ocrx_word' id='word_1_61' title='bbox 431 942 549 997; x_wconf 76' lang='lat' dir='ltr'><strong>bal.</strong></span> 
     </span>
    </p>
   </div>
   <div class='ocr_carea' id='block_1_12' title="bbox 501 1028 2018 1101">
    <p class='ocr_par' dir='ltr' id='par_1_12' title="bbox 501 1028 2018 1101">
     <span class='ocr_line' id='line_1_12' title="bbox 501 1028 2018 1101; baseline -0.001 -16"><span class='ocrx_word' id='word_1_62' title='bbox 501 1032 643 1098; x_wconf 86' lang='lat' dir='ltr'><strong>Quid</strong></span> <span class='ocrx_word' id='word_1_63' title='bbox 700 1031 883 1086; x_wconf 89' lang='lat' dir='ltr'><strong>multis</strong></span> <span class='ocrx_word' id='word_1_64' title='bbox 943 1029 1123 1086; x_wconf 88' lang='lat' dir='ltr'><strong>verbis</strong></span> <span class='ocrx_word' id='word_1_65' title='bbox 1174 1044 1314 1100; x_wconf 87' lang='lat' dir='ltr'><strong>opus</strong></span> <span class='ocrx_word' id='word_1_66' title='bbox 1371 1031 1492 1085; x_wconf 86' lang='lat' dir='ltr'><strong>est?</strong></span> <span class='ocrx_word' id='word_1_67' title='bbox 1549 1031 1604 1086; x_wconf 89' lang='lat' dir='ltr'><strong>Si</strong></span> <span class='ocrx_word' id='word_1_68' title='bbox 1666 1030 1873 1101; x_wconf 82' lang='lat' dir='ltr'><strong>primus</strong></span> <span class='ocrx_word' id='word_1_69' title='bbox 1926 1028 2018 1083; x_wconf 86' lang='lat' dir='ltr'><strong>ille</strong></span> 
     </span>
    </p>
   </div>
   <div class='ocr_carea' id='block_1_13' title="bbox 436 1121 2018 1192">
    <p class='ocr_par' dir='ltr' id='par_1_13' title="bbox 436 1121 2018 1192">
     <span class='ocr_line' id='line_1_13' title="bbox 436 1121 2018 1192; baseline 0 -17"><span class='ocrx_word' id='word_1_70' title='bbox 436 1124 676 1175; x_wconf 78' lang='lat' dir='ltr'><strong>Adamus</strong></span> <span class='ocrx_word' id='word_1_71' title='bbox 733 1122 936 1192; x_wconf 88' lang='lat' dir='ltr'><strong>pariter</strong></span> <span class='ocrx_word' id='word_1_72' title='bbox 994 1121 1239 1175; x_wconf 76' lang='lat' dir='ltr'><strong>mortalis</strong></span> <span class='ocrx_word' id='word_1_73' title='bbox 1289 1132 1407 1175; x_wconf 86' lang='lat' dir='ltr'><strong>erat</strong></span> <span class='ocrx_word' id='word_1_74' title='bbox 1461 1133 1515 1175; x_wconf 90' lang='lat' dir='ltr'><strong>ct</strong></span> <span class='ocrx_word' id='word_1_75' title='bbox 1568 1122 1904 1187; x_wconf 77' lang='lat' dir='ltr'><strong>immortalis,</strong></span> <span class='ocrx_word' id='word_1_76' title='bbox 1971 1122 2018 1176; x_wconf 88' lang='lat' dir='ltr'><strong>si</strong></span> 
     </span>
    </p>
   </div>
   <div class='ocr_carea' id='block_1_14' title="bbox 434 1211 2017 1277">
    <p class='ocr_par' dir='ltr' id='par_1_14' title="bbox 434 1211 2017 1277">
     <span class='ocr_line' id='line_1_14' title="bbox 434 1211 2017 1277; baseline -0.001 -10"><span class='ocrx_word' id='word_1_77' title='bbox 434 1215 774 1268; x_wconf 73' lang='lat' dir='ltr'><strong>naturalibus</strong></span> <span class='ocrx_word' id='word_1_78' title='bbox 822 1212 1201 1267; x_wconf 67' lang='lat' dir='ltr'><strong>allectionibus</strong></span> <span class='ocrx_word' id='word_1_79' title='bbox 1249 1212 1520 1267; x_wconf 76' lang='lat' dir='ltr'><strong>obnoxius</strong></span> <span class='ocrx_word' id='word_1_80' title='bbox 1575 1221 1714 1277; x_wconf 87' lang='lat' dir='ltr'><strong>erat,</strong></span> <span class='ocrx_word' id='word_1_81' title='bbox 1755 1223 1816 1266; x_wconf 90' lang='lat' dir='ltr'><strong>ut</strong></span> <span class='ocrx_word' id='word_1_82' title='bbox 1862 1211 2017 1266; x_wconf 89' lang='lat' dir='ltr'><strong>multi</strong></span> 
     </span>
    </p>
   </div>
   <div class='ocr_carea' id='block_1_15' title="bbox 435 1305 2020 1374">
    <p class='ocr_par' dir='ltr' id='par_1_15' title="bbox 435 1305 2020 1374">
     <span class='ocr_line' id='line_1_15' title="bbox 435 1305 2020 1374; baseline -0.001 -15"><span class='ocrx_word' id='word_1_83' title='bbox 435 1309 770 1374; x_wconf 76' lang='lat' dir='ltr'><strong>opinantur,</strong></span> <span class='ocrx_word' id='word_1_84' title='bbox 845 1307 1070 1361; x_wconf 91' lang='lat' dir='ltr'><strong>omnino</strong></span> <span class='ocrx_word' id='word_1_85' title='bbox 1140 1305 1509 1359; x_wconf 47' lang='lat' dir='ltr'><strong>necesw&#39;arium</strong></span> <span class='ocrx_word' id='word_1_86' title='bbox 1584 1318 1667 1359; x_wconf 86' lang='lat' dir='ltr'><strong>est</strong></span> <span class='ocrx_word' id='word_1_87' title='bbox 1714 1313 2020 1358; x_wconf 81' lang='lat' dir='ltr'><strong>statuamus</strong></span> 
     </span>
    </p>
   </div>
   <div class='ocr_carea' id='block_1_16' title="bbox 448 1394 2021 1467">
    <p class='ocr_par' dir='ltr' id='par_1_16' title="bbox 448 1394 2021 1467">
     <span class='ocr_line' id='line_1_16' title="bbox 448 1394 2021 1467; baseline -0.003 -15"><span class='ocrx_word' id='word_1_88' title='bbox 448 1398 556 1467; x_wconf 80' lang='lat'><strong>91</strong></span> <span class='ocrx_word' id='word_1_89' title='bbox 623 1410 805 1452; x_wconf 84' lang='lat' dir='ltr'><strong>nostra</strong></span> <span class='ocrx_word' id='word_1_90' title='bbox 855 1412 1074 1466; x_wconf 90' lang='lat' dir='ltr'><strong>quoque</strong></span> <span class='ocrx_word' id='word_1_91' title='bbox 1142 1411 1373 1464; x_wconf 86' lang='lat' dir='ltr'><strong>corpora</strong></span> <span class='ocrx_word' id='word_1_92' title='bbox 1445 1394 1706 1464; x_wconf 79' lang='lat' dir='ltr'><strong>deinceps</strong></span> <span class='ocrx_word' id='word_1_93' title='bbox 1753 1395 2021 1448; x_wconf 90' lang='lat' dir='ltr'><strong>conditio-</strong></span> 
     </span>
    </p>
   </div>
   <div class='ocr_carea' id='block_1_17' title="bbox 448 1486 2017 1559">
    <p class='ocr_par' dir='ltr' id='par_1_17' title="bbox 448 1486 2017 1559">
     <span class='ocr_line' id='line_1_17' title="bbox 448 1486 2017 1559; baseline -0.002 -17"><span class='ocrx_word' id='word_1_94' title='bbox 448 1508 531 1543; x_wconf 75' lang='lat' dir='ltr'><strong>nis</strong></span> <span class='ocrx_word' id='word_1_95' title='bbox 561 1492 805 1559; x_wconf 67' lang='lat' dir='ltr'><strong>eiusdem</strong></span> <span class='ocrx_word' id='word_1_96' title='bbox 840 1491 1044 1551; x_wconf 78' lang='lat' dir='ltr'><strong>futura,</strong></span> <span class='ocrx_word' id='word_1_97' title='bbox 1092 1488 1136 1543; x_wconf 91' lang='lat' dir='ltr'><strong>si</strong></span> <span class='ocrx_word' id='word_1_98' title='bbox 1185 1488 1403 1556; x_wconf 85' lang='lat' dir='ltr'><strong>quidem</strong></span> <span class='ocrx_word' id='word_1_99' title='bbox 1436 1487 1503 1541; x_wconf 90' lang='lat' dir='ltr'><strong>ad</strong></span> <span class='ocrx_word' id='word_1_100' title='bbox 1530 1496 1734 1541; x_wconf 89' lang='lat' dir='ltr'><strong>statum</strong></span> <span class='ocrx_word' id='word_1_101' title='bbox 1762 1487 1922 1556; x_wconf 87' lang='lat' dir='ltr'><strong>primi</strong></span> <span class='ocrx_word' id='word_1_102' title='bbox 1956 1486 2017 1539; x_wconf 90' lang='lat' dir='ltr'><strong>il-</strong></span> 
     </span>
    </p>
   </div>
   <div class='ocr_carea' id='block_1_18' title="bbox 440 1576 2023 1643">
    <p class='ocr_par' dir='ltr' id='par_1_18' title="bbox 440 1576 2023 1643">
     <span class='ocr_line' id='line_1_18' title="bbox 440 1576 2023 1643; baseline -0.003 -9"><span class='ocrx_word' id='word_1_103' title='bbox 440 1582 546 1636; x_wconf 70' lang='lat' dir='ltr'><strong>lius</strong></span> <span class='ocrx_word' id='word_1_104' title='bbox 580 1583 770 1635; x_wconf 83' lang='lat' dir='ltr'><strong>Adami</strong></span> <span class='ocrx_word' id='word_1_105' title='bbox 807 1588 1175 1635; x_wconf 88' lang='lat' dir='ltr'><strong>revertentur.</strong></span> <span class='ocrx_word' id='word_1_106' title='bbox 1249 1579 1304 1633; x_wconf 87' lang='lat' dir='ltr'><strong>Id</strong></span> <span class='ocrx_word' id='word_1_107' title='bbox 1337 1594 1466 1634; x_wconf 80' lang='lat' dir='ltr'><strong>vero</strong></span> <span class='ocrx_word' id='word_1_108' title='bbox 1490 1578 1609 1633; x_wconf 68' lang='lat' dir='ltr'><strong>~dici</strong></span> <span class='ocrx_word' id='word_1_109' title='bbox 1643 1577 1795 1631; x_wconf 75' lang='lat' dir='ltr'><strong>nefas</strong></span> <span class='ocrx_word' id='word_1_110' title='bbox 1834 1576 2023 1643; x_wconf 84' lang='lat' dir='ltr'><strong>fuerit,</strong></span> 
     </span>
    </p>
   </div>
   <div class='ocr_carea' id='block_1_19' title="bbox 442 1667 2026 1739">
    <p class='ocr_par' dir='ltr' id='par_1_19' title="bbox 442 1667 2026 1739">
     <span class='ocr_line' id='line_1_19' title="bbox 442 1667 2026 1739; baseline 0 -18"><span class='ocrx_word' id='word_1_111' title='bbox 442 1672 662 1739; x_wconf 80' lang='lat' dir='ltr'><strong>quando</strong></span> <span class='ocrx_word' id='word_1_112' title='bbox 694 1672 861 1725; x_wconf 78' lang='lat' dir='ltr'><strong>etiam</strong></span> <span class='ocrx_word' id='word_1_113' title='bbox 885 1670 1131 1725; x_wconf 88' lang='lat' dir='ltr'><strong>oratione</strong></span> <span class='ocrx_word' id='word_1_114' title='bbox 1160 1669 1449 1725; x_wconf 82' lang='lat' dir='ltr'><strong>deﬁciente</strong></span> <span class='ocrx_word' id='word_1_115' title='bbox 1475 1668 1635 1723; x_wconf 83' lang='lat' dir='ltr'><strong>[idem</strong></span> <span class='ocrx_word' id='word_1_116' title='bbox 1664 1668 1845 1722; x_wconf 77' lang='lat' dir='ltr'><strong>facere</strong></span> <span class='ocrx_word' id='word_1_117' title='bbox 1871 1667 2026 1721; x_wconf 80' lang='lat' dir='ltr'><strong>nobis</strong></span> 
     </span>
    </p>
   </div>
   <div class='ocr_carea' id='block_1_20' title="bbox 445 1759 2020 1834">
    <p class='ocr_par' dir='ltr' id='par_1_20' title="bbox 445 1759 2020 1834">
     <span class='ocr_line' id='line_1_20' title="bbox 445 1759 2020 1834; baseline -0.002 -19"><span class='ocrx_word' id='word_1_118' title='bbox 445 1765 574 1834; x_wconf 81' lang='lat' dir='ltr'><strong>ipsa:</strong></span> <span class='ocrx_word' id='word_1_119' title='bbox 604 1777 691 1816; x_wconf 79' lang='lat' dir='ltr'><strong>res</strong></span> <span class='ocrx_word' id='word_1_120' title='bbox 731 1763 951 1817; x_wconf 80' lang='lat' dir='ltr'><strong>abunde</strong></span> <span class='ocrx_word' id='word_1_121' title='bbox 983 1772 1236 1832; x_wconf 90' lang='lat' dir='ltr'><strong>possunt.</strong></span> <span class='ocrx_word' id='word_1_122' title='bbox 1270 1761 1483 1831; x_wconf 86' lang='lat' dir='ltr'><strong>Quippe</strong></span> <span class='ocrx_word' id='word_1_123' title='bbox 1514 1760 1558 1814; x_wconf 88' lang='lat' dir='ltr'><strong>si</strong></span> <span class='ocrx_word' id='word_1_124' title='bbox 1606 1759 1770 1813; x_wconf 85' lang='lat' dir='ltr'><strong>homo</strong></span> <span class='ocrx_word' id='word_1_125' title='bbox 1803 1759 1891 1812; x_wconf 92' lang='lat' dir='ltr'><strong>hic</strong></span> <span class='ocrx_word' id='word_1_126' title='bbox 1922 1760 2020 1812; x_wconf 87' lang='lat' dir='ltr'><strong>ob-</strong></span> 
     </span>
    </p>
   </div>
   <div class='ocr_carea' id='block_1_21' title="bbox 2120 742 3692 814">
    <p class='ocr_par' dir='ltr' id='par_1_21' title="bbox 2120 742 3692 814">
     <span class='ocr_line' id='line_1_21' title="bbox 2120 742 3692 814; baseline -0.001 -17"><span class='ocrx_word' id='word_1_127' title='bbox 2120 745 2214 797; x_wconf 74' lang='grc' dir='ltr'>καὶ</span> <span class='ocrx_word' id='word_1_128' title='bbox 2247 744 2356 814; x_wconf 82' lang='grc' dir='ltr'><strong>γὰρ</strong></span> <span class='ocrx_word' id='word_1_129' title='bbox 2396 742 2693 812; x_wconf 79' lang='grc' dir='ltr'>ἄφθαρτον,</span> <span class='ocrx_word' id='word_1_130' title='bbox 2734 743 2810 807; x_wconf 86' lang='grc' dir='ltr'><strong>ὡς</strong></span> <span class='ocrx_word' id='word_1_131' title='bbox 2841 744 3081 814; x_wconf 85' lang='grc' dir='ltr'>εῐρηται,</span> <span class='ocrx_word' id='word_1_132' title='bbox 3129 744 3356 814; x_wconf 71' lang='grc' dir='ltr'>γεγονὸς</span> <span class='ocrx_word' id='word_1_133' title='bbox 3388 743 3692 814; x_wconf 74' lang='grc' dir='ltr'>ὲπικαλύμ-</span> 
     </span>
    </p>
   </div>
   <div class='ocr_carea' id='block_1_22' title="bbox 2123 833 3117 910">
    <p class='ocr_par' dir='ltr' id='par_1_22' title="bbox 2123 833 3117 910">
     <span class='ocr_line' id='line_1_22' title="bbox 2123 833 3117 910; baseline 0.002 -18"><span class='ocrx_word' id='word_1_134' title='bbox 2123 855 2295 910; x_wconf 80' lang='grc' dir='ltr'>ματος</span> <span class='ocrx_word' id='word_1_135' title='bbox 2331 839 2663 910; x_wconf 80' lang='grc' dir='ltr'>οἱουδήτινος</span> <span class='ocrx_word' id='word_1_136' title='bbox 2689 839 2791 893; x_wconf 78' lang='grc' dir='ltr'>οὐκ</span> <span class='ocrx_word' id='word_1_137' title='bbox 2828 833 2896 910; x_wconf 79' lang='grc' dir='ltr'>ἦν</span> <span class='ocrx_word' id='word_1_138' title='bbox 2919 839 3117 903; x_wconf 65' lang='grc' dir='ltr'>ἐνδεές.</span> 
     </span>
    </p>
   </div>
   <div class='ocr_carea' id='block_1_23' title="bbox 2206 1004 3693 1088">
    <p class='ocr_par' dir='ltr' id='par_1_23' title="bbox 2206 1004 3693 1088">
     <span class='ocr_line' id='line_1_23' title="bbox 2206 1004 3693 1088; baseline -0.001 -16"><span class='ocrx_word' id='word_1_139' title='bbox 2206 1018 2369 1072; x_wconf 78' lang='grc' dir='ltr'>’Ᾱλλὰ</span> <span class='ocrx_word' id='word_1_140' title='bbox 2393 1017 2445 1071; x_wconf 81' lang='grc' dir='ltr'><strong>τί</strong></span> <span class='ocrx_word' id='word_1_141' title='bbox 2474 1016 2579 1087; x_wconf 81' lang='grc' dir='ltr'>χρὴ</span> <span class='ocrx_word' id='word_1_142' title='bbox 2610 1012 2783 1071; x_wconf 76' lang='grc' dir='ltr'>πολλὰ</span> <span class='ocrx_word' id='word_1_143' title='bbox 2820 1016 3003 1085; x_wconf 79' lang='grc' dir='ltr'>λέγειν</span> <span class='ocrx_word' id='word_1_144' title='bbox 3030 1035 3045 1083; x_wconf 87' lang='lat'><strong>;</strong></span> <span class='ocrx_word' id='word_1_145' title='bbox 3071 1004 3246 1087; x_wconf 77' lang='grc' dir='ltr'>Εἴπερ</span> <span class='ocrx_word' id='word_1_146' title='bbox 3297 1016 3392 1071; x_wconf 76' lang='grc' dir='ltr'>οὖν</span> <span class='ocrx_word' id='word_1_147' title='bbox 3420 1019 3448 1067; x_wconf 76' lang='grc' dir='ltr'>ὁ</span> <span class='ocrx_word' id='word_1_148' title='bbox 3482 1018 3693 1088; x_wconf 79' lang='grc' dir='ltr'>πρῶτος</span> 
     </span>
    </p>
   </div>
   <div class='ocr_carea' id='block_1_24' title="bbox 2124 1107 3694 1182">
    <p class='ocr_par' dir='ltr' id='par_1_24' title="bbox 2124 1107 3694 1182">
     <span class='ocr_line' id='line_1_24' title="bbox 2124 1107 3694 1182; baseline -0.002 -16"><span class='ocrx_word' id='word_1_149' title='bbox 2124 1115 2331 1175; x_wconf 76' lang='grc' dir='ltr'>ἐκεῖνος</span> <span class='ocrx_word' id='word_1_150' title='bbox 2375 1112 2548 1181; x_wconf 76' lang='grc' dir='ltr'><strong>Ἀδὰμ</strong></span> <span class='ocrx_word' id='word_1_151' title='bbox 2579 1112 2772 1181; x_wconf 81' lang='grc' dir='ltr'>θνητὸς</span> <span class='ocrx_word' id='word_1_152' title='bbox 2820 1110 2958 1181; x_wconf 77' lang='grc' dir='ltr'>ὁμοῦ</span> <span class='ocrx_word' id='word_1_153' title='bbox 2993 1112 3086 1165; x_wconf 71' lang='grc' dir='ltr'><strong>καὶ</strong></span> <span class='ocrx_word' id='word_1_154' title='bbox 3132 1110 3398 1174; x_wconf 78' lang='grc' dir='ltr'>ἀθάνατος</span> <span class='ocrx_word' id='word_1_155' title='bbox 3420 1107 3508 1182; x_wconf 79' lang='grc' dir='ltr'>ἦν,</span> <span class='ocrx_word' id='word_1_156' title='bbox 3542 1113 3694 1182; x_wconf 72' lang='grc' dir='ltr'>εἰπερ</span> 
     </span>
    </p>
   </div>
   <div class='ocr_carea' id='block_1_25' title="bbox 2123 1196 3697 1271">
    <p class='ocr_par' dir='ltr' id='par_1_25' title="bbox 2123 1196 3697 1271">
     <span class='ocr_line' id='line_1_25' title="bbox 2123 1196 3697 1271; baseline -0.001 -17"><span class='ocrx_word' id='word_1_157' title='bbox 2123 1196 2217 1254; x_wconf 75' lang='grc' dir='ltr'><strong>οὖν</strong></span> <span class='ocrx_word' id='word_1_158' title='bbox 2273 1203 2524 1269; x_wconf 81' lang='grc' dir='ltr'><strong>φυσικοῖς</strong></span> <span class='ocrx_word' id='word_1_159' title='bbox 2579 1199 2842 1253; x_wconf 82' lang='grc' dir='ltr'>ὑπέκειτο</span> <span class='ocrx_word' id='word_1_160' title='bbox 2905 1200 3107 1255; x_wconf 89' lang='grc' dir='ltr'>πάθεσι</span> <span class='ocrx_word' id='word_1_161' title='bbox 3142 1201 3286 1255; x_wconf 84' lang='grc' dir='ltr'>κατά</span> <span class='ocrx_word' id='word_1_162' title='bbox 3336 1217 3397 1270; x_wconf 89' lang='grc' dir='ltr'><strong>γε</strong></span> <span class='ocrx_word' id='word_1_163' title='bbox 3442 1202 3541 1271; x_wconf 79' lang='grc' dir='ltr'>τὴν</span> <span class='ocrx_word' id='word_1_164' title='bbox 3596 1204 3697 1255; x_wconf 68' lang='grc' dir='ltr'>τῶν</span> 
     </span>
    </p>
   </div>
   <div class='ocr_carea' id='block_1_26' title="bbox 2129 1286 3697 1363">
    <p class='ocr_par' dir='ltr' id='par_1_26' title="bbox 2129 1286 3697 1363">
     <span class='ocr_line' id='line_1_26' title="bbox 2129 1286 3697 1363; baseline 0.002 -21"><span class='ocrx_word' id='word_1_165' title='bbox 2129 1289 2394 1343; x_wconf 69' lang='grc' dir='ltr'>πλειόνων</span> <span class='ocrx_word' id='word_1_166' title='bbox 2438 1289 2734 1360; x_wconf 72' lang='grc' dir='ltr'>ὑπόληψιν,</span> <span class='ocrx_word' id='word_1_167' title='bbox 2795 1286 3007 1361; x_wconf 78' lang='grc' dir='ltr'>ἀνάγκη</span> <span class='ocrx_word' id='word_1_168' title='bbox 3058 1292 3208 1345; x_wconf 78' lang='grc' dir='ltr'>πᾶσα</span> <span class='ocrx_word' id='word_1_169' title='bbox 3238 1292 3334 1344; x_wconf 82' lang='grc' dir='ltr'>καὶ</span> <span class='ocrx_word' id='word_1_170' title='bbox 3361 1292 3429 1345; x_wconf 71' lang='grc' dir='ltr'>τὰ</span> <span class='ocrx_word' id='word_1_171' title='bbox 3459 1289 3697 1363; x_wconf 73' lang='grc' dir='ltr'>ἡμέτερα</span> 
     </span>
    </p>
   </div>
   <div class='ocr_carea' id='block_1_27' title="bbox 2129 1381 3696 1456">
    <p class='ocr_par' dir='ltr' id='par_1_27' title="bbox 2129 1381 3696 1456">
     <span class='ocr_line' id='line_1_27' title="bbox 2129 1381 3696 1456; baseline -0.001 -20"><span class='ocrx_word' id='word_1_172' title='bbox 2129 1383 2270 1452; x_wconf 78' lang='grc' dir='ltr'>μετὰ</span> <span class='ocrx_word' id='word_1_173' title='bbox 2316 1381 2493 1437; x_wconf 77' lang='grc' dir='ltr'>ταῦτα</span> <span class='ocrx_word' id='word_1_174' title='bbox 2540 1383 2803 1453; x_wconf 81' lang='grc' dir='ltr'><strong>τοιαύτης</strong></span> <span class='ocrx_word' id='word_1_175' title='bbox 2857 1383 3246 1449; x_wconf 45' lang='grc' dir='ltr'>,ὲπιτεύξεσθαι</span> <span class='ocrx_word' id='word_1_176' title='bbox 3298 1384 3527 1456; x_wconf 75' lang='grc' dir='ltr'>λήξεως,</span> <span class='ocrx_word' id='word_1_177' title='bbox 3586 1385 3696 1453; x_wconf 84' lang='grc' dir='ltr'>είγε</span> 
     </span>
    </p>
   </div>
   <div class='ocr_carea' id='block_1_28' title="bbox 2128 1458 3697 1546">
    <p class='ocr_par' dir='ltr' id='par_1_28' title="bbox 2128 1458 3697 1546">
     <span class='ocr_line' id='line_1_28' title="bbox 2128 1458 3697 1546; baseline 0.003 -23"><span class='ocrx_word' id='word_1_178' title='bbox 2128 1471 2265 1539; x_wconf 74' lang='grc' dir='ltr'>πρὸς</span> <span class='ocrx_word' id='word_1_179' title='bbox 2302 1458 2513 1526; x_wconf 69' lang='grc' dir='ltr'>ἐκεῖνον</span> <span class='ocrx_word' id='word_1_180' title='bbox 2552 1474 2736 1542; x_wconf 78' lang='grc' dir='ltr'>ἔχουσι</span> <span class='ocrx_word' id='word_1_181' title='bbox 2765 1473 2858 1526; x_wconf 75' lang='grc' dir='ltr'><strong>τὸν</strong></span> <span class='ocrx_word' id='word_1_182' title='bbox 2898 1472 3118 1544; x_wconf 84' lang='grc' dir='ltr'>πρῶτον</span> <span class='ocrx_word' id='word_1_183' title='bbox 3168 1473 3341 1543; x_wconf 71' lang='grc' dir='ltr'>’Δδὰμ</span> <span class='ocrx_word' id='word_1_184' title='bbox 3379 1473 3584 1544; x_wconf 83' lang='grc' dir='ltr'>δηλαδὴ</span> <span class='ocrx_word' id='word_1_185' title='bbox 3607 1475 3697 1546; x_wconf 76' lang='grc' dir='ltr'>τὴν</span> 
     </span>
    </p>
   </div>
   <div class='ocr_carea' id='block_1_29' title="bbox 2128 1558 3698 1631">
    <p class='ocr_par' dir='ltr' id='par_1_29' title="bbox 2128 1558 3698 1631">
     <span class='ocr_line' id='line_1_29' title="bbox 2128 1558 3698 1631; baseline 0.001 -19"><span class='ocrx_word' id='word_1_186' title='bbox 2128 1560 2408 1614; x_wconf 70' lang='grc' dir='ltr'>ὲπὰνοδον.</span> <span class='ocrx_word' id='word_1_187' title='bbox 2453 1559 2616 1612; x_wconf 82' lang='grc' dir='ltr'><strong>Ἀλλὰ</strong></span> <span class='ocrx_word' id='word_1_188' title='bbox 2651 1561 2757 1631; x_wconf 85' lang='grc' dir='ltr'>γὰρ</span> <span class='ocrx_word' id='word_1_189' title='bbox 2799 1560 2893 1612; x_wconf 65' lang='grc' dir='ltr'><strong>ἐπὶ</strong></span> <span class='ocrx_word' id='word_1_190' title='bbox 2918 1560 3130 1624; x_wconf 79' lang='grc' dir='ltr'>τούτοις</span> <span class='ocrx_word' id='word_1_191' title='bbox 3158 1558 3401 1614; x_wconf 82' lang='grc' dir='ltr'>τοιοῦτόν</span> <span class='ocrx_word' id='word_1_192' title='bbox 3433 1578 3485 1614; x_wconf 88' lang='grc' dir='ltr'><strong>τι</strong></span> <span class='ocrx_word' id='word_1_193' title='bbox 3526 1562 3698 1630; x_wconf 79' lang='grc' dir='ltr'>λέγειν</span> 
     </span>
    </p>
   </div>
   <div class='ocr_carea' id='block_1_30' title="bbox 2127 1650 3699 1723">
    <p class='ocr_par' dir='ltr' id='par_1_30' title="bbox 2127 1650 3699 1723">
     <span class='ocr_line' id='line_1_30' title="bbox 2127 1650 3699 1723; baseline 0.003 -21"><span class='ocrx_word' id='word_1_194' title='bbox 2127 1650 2188 1702; x_wconf 87' lang='grc' dir='ltr'>ού</span> <span class='ocrx_word' id='word_1_195' title='bbox 2221 1650 2452 1715; x_wconf 85' lang='grc' dir='ltr'>δίκαιον,</span> <span class='ocrx_word' id='word_1_196' title='bbox 2491 1652 2607 1719; x_wconf 69' lang='grc' dir='ltr'>εἴτε</span> <span class='ocrx_word' id='word_1_197' title='bbox 2640 1651 2735 1707; x_wconf 81' lang='grc' dir='ltr'>καὶ</span> <span class='ocrx_word' id='word_1_198' title='bbox 2775 1651 2881 1722; x_wconf 79' lang='grc' dir='ltr'>πρὸ</span> <span class='ocrx_word' id='word_1_199' title='bbox 2942 1650 3037 1704; x_wconf 80' lang='grc' dir='ltr'>τοῦ</span> <span class='ocrx_word' id='word_1_200' title='bbox 3101 1651 3261 1718; x_wconf 82' lang='grc' dir='ltr'><strong>λόγου</strong></span> <span class='ocrx_word' id='word_1_201' title='bbox 3315 1652 3527 1706; x_wconf 79' lang='grc' dir='ltr'><strong>πείθειν</strong></span> <span class='ocrx_word' id='word_1_202' title='bbox 3559 1655 3699 1723; x_wconf 77' lang='grc' dir='ltr'>ἡμᾶς</span> 
     </span>
    </p>
   </div>
   <div class='ocr_carea' id='block_1_31' title="bbox 2131 1737 3695 1813">
    <p class='ocr_par' dir='ltr' id='par_1_31' title="bbox 2131 1737 3695 1813">
     <span class='ocr_line' id='line_1_31' title="bbox 2131 1737 3695 1813; baseline 0.004 -23"><span class='ocrx_word' id='word_1_203' title='bbox 2131 1737 2289 1793; x_wconf 71' lang='grc' dir='ltr'>ἱκανὰ</span> <span class='ocrx_word' id='word_1_204' title='bbox 2316 1743 2408 1793; x_wconf 77' lang='grc' dir='ltr'>καὶ</span> <span class='ocrx_word' id='word_1_205' title='bbox 2435 1741 2555 1794; x_wconf 92' lang='grc' dir='ltr'>λίαν</span> <span class='ocrx_word' id='word_1_206' title='bbox 2592 1742 2732 1796; x_wconf 82' lang='grc' dir='ltr'>αὐτὰ</span> <span class='ocrx_word' id='word_1_207' title='bbox 2752 1742 3010 1812; x_wconf 79' lang='grc' dir='ltr'><strong>τυγχάνει</strong></span> <span class='ocrx_word' id='word_1_208' title='bbox 3042 1741 3110 1796; x_wconf 82' lang='grc' dir='ltr'>τὰ</span> <span class='ocrx_word' id='word_1_209' title='bbox 3141 1742 3467 1812; x_wconf 80' lang='grc' dir='ltr'>πράγματα.</span> <span class='ocrx_word' id='word_1_210' title='bbox 3502 1745 3562 1796; x_wconf 83' lang='grc' dir='ltr'><strong>Εἰ</strong></span> <span class='ocrx_word' id='word_1_211' title='bbox 3592 1747 3695 1813; x_wconf 66' lang='grc' dir='ltr'>γὰρ</span> 
     </span>
    </p>
   </div>
   <div class='ocr_carea' id='block_1_32' title="bbox 442 1825 2035 1922">
    <p class='ocr_par' dir='ltr' id='par_1_32' title="bbox 442 1849 2021 1922">
     <span class='ocr_line' id='line_1_32' title="bbox 442 1849 2021 1922; baseline -0.002 -15"><span class='ocrx_word' id='word_1_212' title='bbox 442 1854 645 1908; x_wconf 80' lang='lat' dir='ltr'><strong>noxius</strong></span> <span class='ocrx_word' id='word_1_213' title='bbox 706 1855 971 1917; x_wconf 64' lang='lat' dir='ltr'><strong>inti-rimi,</strong></span> <span class='ocrx_word' id='word_1_214' title='bbox 1028 1863 1383 1922; x_wconf 82' lang='lat' dir='ltr'><strong>posteaquam</strong></span> <span class='ocrx_word' id='word_1_215' title='bbox 1433 1850 1686 1905; x_wconf 75' lang='lat' dir='ltr'><strong>defossus</strong></span> <span class='ocrx_word' id='word_1_216' title='bbox 1731 1849 1786 1904; x_wconf 92' lang='lat' dir='ltr'><strong>iu</strong></span> <span class='ocrx_word' id='word_1_217' title='bbox 1818 1860 2021 1905; x_wconf 85' lang='lat' dir='ltr'><strong>terram</strong></span> 
     </span>
    </p>
   </div>
   <div class='ocr_carea' id='block_1_33' title="bbox 2145 1825 3698 1922">
    <p class='ocr_par' dir='ltr' id='par_1_33' title="bbox 2145 1827 3698 1902">
     <span class='ocr_line' id='line_1_33' title="bbox 2145 1827 3698 1902; baseline 0.002 -20"><span class='ocrx_word' id='word_1_218' title='bbox 2145 1829 2356 1902; x_wconf 68' lang='grc' dir='ltr'>ιφθορᾷ</span> <span class='ocrx_word' id='word_1_219' title='bbox 2393 1832 2755 1901; x_wconf 77' lang='grc' dir='ltr'><strong>ὑποκείμενος</strong></span> <span class='ocrx_word' id='word_1_220' title='bbox 2807 1827 2964 1896; x_wconf 71' lang='grc' dir='ltr'>οὗτος</span> <span class='ocrx_word' id='word_1_221' title='bbox 3026 1831 3319 1900; x_wconf 76' lang='grc' dir='ltr'>ἄνθρωπος</span> <span class='ocrx_word' id='word_1_222' title='bbox 3368 1834 3698 1902; x_wconf 71' lang='grc' dir='ltr'>χωννύμενος</span> 
     </span>
    </p>
   </div>
   <div class='ocr_carea' id='block_1_34' title="bbox 442 1940 2022 2011">
    <p class='ocr_par' dir='ltr' id='par_1_34' title="bbox 442 1940 2022 2011">
     <span class='ocr_line' id='line_1_34' title="bbox 442 1940 2022 2011; baseline 0.001 -18"><span class='ocrx_word' id='word_1_223' title='bbox 442 1940 610 1996; x_wconf 74' lang='lat' dir='ltr'><strong>fuerit</strong></span> <span class='ocrx_word' id='word_1_224' title='bbox 640 1951 697 1995; x_wconf 85' lang='lat' dir='ltr'><strong>et</strong></span> <span class='ocrx_word' id='word_1_225' title='bbox 727 1942 1154 2011; x_wconf 77' lang='lat' dir='ltr'><strong>computruerit,</strong></span> <span class='ocrx_word' id='word_1_226' title='bbox 1190 1940 1625 2010; x_wconf 84' lang='lat' dir='ltr'><strong>incorruptibilis</strong></span> <span class='ocrx_word' id='word_1_227' title='bbox 1651 1949 1709 1994; x_wconf 91' lang='lat' dir='ltr'><strong>et</strong></span> <span class='ocrx_word' id='word_1_228' title='bbox 1737 1941 2022 1995; x_wconf 84' lang='lat' dir='ltr'><strong>immorta-</strong></span> 
     </span>
    </p>
   </div>
   <div class='ocr_carea' id='block_1_35' title="bbox 445 2029 2027 2100">
    <p class='ocr_par' dir='ltr' id='par_1_35' title="bbox 445 2029 2027 2100">
     <span class='ocr_line' id='line_1_35' title="bbox 445 2029 2027 2100; baseline -0.001 -13"><span class='ocrx_word' id='word_1_229' title='bbox 445 2035 513 2088; x_wconf 87' lang='lat' dir='ltr'><strong>lis</strong></span> <span class='ocrx_word' id='word_1_230' title='bbox 554 2050 619 2087; x_wconf 72' lang='grc' dir='ltr'>ει</span> <span class='ocrx_word' id='word_1_231' title='bbox 668 2034 898 2087; x_wconf 81' lang='lat' dir='ltr'><strong>mortuis</strong></span> <span class='ocrx_word' id='word_1_232' title='bbox 933 2034 1251 2097; x_wconf 82' lang='lat' dir='ltr'><strong>suscitatur,</strong></span> <span class='ocrx_word' id='word_1_233' title='bbox 1286 2033 1447 2087; x_wconf 86' lang='lat' dir='ltr'><strong>beato</strong></span> <span class='ocrx_word' id='word_1_234' title='bbox 1478 2029 1651 2086; x_wconf 86' lang='lat' dir='ltr'><strong>Paulo</strong></span> <span class='ocrx_word' id='word_1_235' title='bbox 1700 2033 1804 2086; x_wconf 82' lang='lat' dir='ltr'><strong>hoc.</strong></span> <span class='ocrx_word' id='word_1_236' title='bbox 1850 2033 2027 2100; x_wconf 87' lang='lat' dir='ltr'><strong>ipsum</strong></span> 
     </span>
    </p>
   </div>
   <div class='ocr_carea' id='block_1_36' title="bbox 447 2116 2027 2193">
    <p class='ocr_par' dir='ltr' id='par_1_36' title="bbox 447 2116 2027 2193">
     <span class='ocr_line' id='line_1_36' title="bbox 447 2116 2027 2193; baseline -0.001 -14"><span class='ocrx_word' id='word_1_237' title='bbox 447 2126 627 2179; x_wconf 81' lang='lat' dir='ltr'><strong>verbis</strong></span> <span class='ocrx_word' id='word_1_238' title='bbox 660 2125 808 2178; x_wconf 87' lang='lat' dir='ltr'><strong>hisce</strong></span> <span class='ocrx_word' id='word_1_239' title='bbox 839 2116 1240 2193; x_wconf 78' lang='lat' dir='ltr'><strong>comprobante</strong></span> <span class='ocrx_word' id='word_1_240' title='bbox 1266 2142 1279 2178; x_wconf 90' lang='lat'><strong>:</strong></span> <span class='ocrx_word' id='word_1_241' title='bbox 1315 2124 1564 2178; x_wconf 73' lang='lat' dir='ltr'><strong>(Seritur</strong></span> <span class='ocrx_word' id='word_1_242' title='bbox 1593 2124 1648 2178; x_wconf 92' lang='lat' dir='ltr'><strong>in</strong></span> <span class='ocrx_word' id='word_1_243' title='bbox 1677 2123 2027 2188; x_wconf 69' lang='lat' dir='ltr'><strong>mortalitate;</strong></span> 
     </span>
    </p>
   </div>
   <div class='ocr_carea' id='block_1_37' title="bbox 446 2216 2030 2285">
    <p class='ocr_par' dir='ltr' id='par_1_37' title="bbox 446 2216 2030 2285">
     <span class='ocr_line' id='line_1_37' title="bbox 446 2216 2030 2285; baseline -0.001 -15"><span class='ocrx_word' id='word_1_244' title='bbox 446 2218 744 2271; x_wconf 83' lang='lat' dir='ltr'><strong>suscitatur</strong></span> <span class='ocrx_word' id='word_1_245' title='bbox 818 2217 875 2270; x_wconf 90' lang='lat' dir='ltr'><strong>in</strong></span> <span class='ocrx_word' id='word_1_246' title='bbox 920 2216 1451 2281; x_wconf 66' lang='lat' dir='ltr'><strong>immortalitate“,t</strong></span> <span class='ocrx_word' id='word_1_247' title='bbox 1522 2217 1826 2272; x_wconf 81' lang='lat' dir='ltr'><strong>clarissime</strong></span> <span class='ocrx_word' id='word_1_248' title='bbox 1880 2224 2030 2285; x_wconf 79' lang='lat' dir='ltr'><strong>patet</strong></span> 
     </span>
    </p>
   </div>
   <div class='ocr_carea' id='block_1_38' title="bbox 446 2309 2025 2379">
    <p class='ocr_par' dir='ltr' id='par_1_38' title="bbox 446 2309 2025 2379">
     <span class='ocr_line' id='line_1_38' title="bbox 446 2309 2025 2379; baseline 0 -17"><span class='ocrx_word' id='word_1_249' title='bbox 446 2310 606 2363; x_wconf 88' lang='lat' dir='ltr'><strong>etiam</strong></span> <span class='ocrx_word' id='word_1_250' title='bbox 633 2309 900 2365; x_wconf 83' lang='lat' dir='ltr'><strong>Adamum</strong></span> <span class='ocrx_word' id='word_1_251' title='bbox 922 2323 1051 2364; x_wconf 87' lang='lat' dir='ltr'><strong>ante</strong></span> <span class='ocrx_word' id='word_1_252' title='bbox 1077 2320 1355 2379; x_wconf 87' lang='lat' dir='ltr'><strong>peccatum</strong></span> <span class='ocrx_word' id='word_1_253' title='bbox 1383 2310 1541 2366; x_wconf 80' lang='lat' dir='ltr'><strong>talem</strong></span> <span class='ocrx_word' id='word_1_254' title='bbox 1561 2311 1631 2366; x_wconf 84' lang='lat' dir='ltr'><strong>ab</strong></span> <span class='ocrx_word' id='word_1_255' title='bbox 1655 2311 1811 2365; x_wconf 89' lang='lat' dir='ltr'><strong>initio</strong></span> <span class='ocrx_word' id='word_1_256' title='bbox 1835 2309 2025 2374; x_wconf 64' lang='lat' dir='ltr'><strong>fuisse,</strong></span> 
     </span>
    </p>
   </div>
   <div class='ocr_carea' id='block_1_39' title="bbox 448 2401 2031 2473">
    <p class='ocr_par' dir='ltr' id='par_1_39' title="bbox 448 2401 2031 2473">
     <span class='ocr_line' id='line_1_39' title="bbox 448 2401 2031 2473; baseline 0.002 -20"><span class='ocrx_word' id='word_1_257' title='bbox 448 2401 710 2455; x_wconf 77' lang='lat' dir='ltr'><strong>nimirum</strong></span> <span class='ocrx_word' id='word_1_258' title='bbox 748 2404 1246 2472; x_wconf 75' lang='lat' dir='ltr'><strong>Jncorrupttbilem</strong></span> <span class='ocrx_word' id='word_1_259' title='bbox 1280 2413 1333 2457; x_wconf 90' lang='lat' dir='ltr'><strong>et</strong></span> <span class='ocrx_word' id='word_1_260' title='bbox 1396 2404 1778 2459; x_wconf 79' lang='lat' dir='ltr'><strong>immortalem.</strong></span> <span class='ocrx_word' id='word_1_261' title='bbox 1846 2403 2031 2473; x_wconf 81' lang='lat' dir='ltr'><strong>Neque</strong></span> 
     </span>
    </p>
   </div>
   <div class='ocr_carea' id='block_1_40' title="bbox 451 2489 2030 2563">
    <p class='ocr_par' dir='ltr' id='par_1_40' title="bbox 451 2489 2030 2563">
     <span class='ocr_line' id='line_1_40' title="bbox 451 2489 2030 2563; baseline 0.005 -23"><span class='ocrx_word' id='word_1_262' title='bbox 451 2489 647 2541; x_wconf 86' lang='lat' dir='ltr'><strong>mirum</strong></span> <span class='ocrx_word' id='word_1_263' title='bbox 683 2490 785 2544; x_wconf 78' lang='lat' dir='ltr'><strong>ltoc</strong></span> <span class='ocrx_word' id='word_1_264' title='bbox 818 2491 910 2544; x_wconf 83' lang='lat' dir='ltr'><strong>tibi</strong></span> <span class='ocrx_word' id='word_1_265' title='bbox 941 2491 1212 2557; x_wconf 79' lang='lat' dir='ltr'><strong>videatur,</strong></span> <span class='ocrx_word' id='word_1_266' title='bbox 1269 2492 1496 2561; x_wconf 86' lang='lat' dir='ltr'><strong>quando</strong></span> <span class='ocrx_word' id='word_1_267' title='bbox 1524 2494 1692 2549; x_wconf 88' lang='lat' dir='ltr'><strong>etiam</strong></span> <span class='ocrx_word' id='word_1_268' title='bbox 1719 2495 2030 2563; x_wconf 77' lang='lat' dir='ltr'><strong>conjectum</strong></span> 
     </span>
    </p>
   </div>
   <div class='ocr_carea' id='block_1_41' title="bbox 452 2580 2033 2655">
    <p class='ocr_par' dir='ltr' id='par_1_41' title="bbox 452 2580 2033 2655">
     <span class='ocr_line' id='line_1_41' title="bbox 452 2580 2033 2655; baseline 0.004 -22"><span class='ocrx_word' id='word_1_269' title='bbox 452 2580 507 2633; x_wconf 91' lang='lat' dir='ltr'><strong>in</strong></span> <span class='ocrx_word' id='word_1_270' title='bbox 565 2589 765 2634; x_wconf 80' lang='lat' dir='ltr'><strong>terram</strong></span> <span class='ocrx_word' id='word_1_271' title='bbox 816 2597 1005 2637; x_wconf 83' lang='lat' dir='ltr'><strong>semen</strong></span> <span class='ocrx_word' id='word_1_272' title='bbox 1043 2584 1148 2637; x_wconf 90' lang='lat' dir='ltr'><strong>tale</strong></span> <span class='ocrx_word' id='word_1_273' title='bbox 1183 2585 1473 2640; x_wconf 88' lang='lat' dir='ltr'><strong>consuevit</strong></span> <span class='ocrx_word' id='word_1_274' title='bbox 1500 2586 1631 2639; x_wconf 86' lang='lat' dir='ltr'><strong>oriri</strong></span> <span class='ocrx_word' id='word_1_275' title='bbox 1677 2586 1836 2655; x_wconf 92' lang='lat' dir='ltr'><strong>qualc</strong></span> <span class='ocrx_word' id='word_1_276' title='bbox 1880 2586 2033 2655; x_wconf 81' lang='lat' dir='ltr'><strong>prius</strong></span> 
     </span>
    </p>
   </div>
   <div class='ocr_carea' id='block_1_42' title="bbox 448 2669 2033 2745">
    <p class='ocr_par' dir='ltr' id='par_1_42' title="bbox 448 2669 2033 2745">
     <span class='ocr_line' id='line_1_42' title="bbox 448 2669 2033 2745; baseline 0.003 -21"><span class='ocrx_word' id='word_1_277' title='bbox 448 2678 590 2724; x_wconf 88' lang='lat' dir='ltr'><strong>erat.</strong></span> <span class='ocrx_word' id='word_1_278' title='bbox 633 2669 769 2726; x_wconf 87' lang='lat' dir='ltr'><strong>Nam</strong></span> <span class='ocrx_word' id='word_1_279' title='bbox 805 2674 922 2728; x_wconf 88' lang='lat' dir='ltr'><strong>sive</strong></span> <span class='ocrx_word' id='word_1_280' title='bbox 953 2674 1122 2728; x_wconf 88' lang='lat' dir='ltr'><strong>tritici</strong></span> <span class='ocrx_word' id='word_1_281' title='bbox 1156 2691 1385 2745; x_wconf 84' lang='lat' dir='ltr'><strong>granum</strong></span> <span class='ocrx_word' id='word_1_282' title='bbox 1438 2677 1680 2745; x_wconf 84' lang='lat' dir='ltr'><strong>appelles</strong></span> <span class='ocrx_word' id='word_1_283' title='bbox 1732 2676 1847 2731; x_wconf 81' lang='lat' dir='ltr'><strong>sive</strong></span> <span class='ocrx_word' id='word_1_284' title='bbox 1901 2678 2033 2731; x_wconf 89' lang='lat' dir='ltr'><strong>bor-</strong></span> 
     </span>
    </p>
   </div>
   <div class='ocr_carea' id='block_1_43' title="bbox 450 2762 2033 2839">
    <p class='ocr_par' dir='ltr' id='par_1_43' title="bbox 450 2762 2033 2839">
     <span class='ocr_line' id='line_1_43' title="bbox 450 2762 2033 2839; baseline 0.004 -24"><span class='ocrx_word' id='word_1_285' title='bbox 450 2762 541 2816; x_wconf 87' lang='lat' dir='ltr'><strong>dei</strong></span> <span class='ocrx_word' id='word_1_286' title='bbox 568 2762 686 2819; x_wconf 80' lang='lat' dir='ltr'><strong>sive</strong></span> <span class='ocrx_word' id='word_1_287' title='bbox 717 2763 867 2820; x_wconf 83' lang='lat' dir='ltr'><strong>aliud</strong></span> <span class='ocrx_word' id='word_1_288' title='bbox 903 2768 1137 2834; x_wconf 81' lang='lat' dir='ltr'><strong>quodvis</strong></span> <span class='ocrx_word' id='word_1_289' title='bbox 1169 2782 1354 2822; x_wconf 89' lang='lat' dir='ltr'><strong>semen</strong></span> <span class='ocrx_word' id='word_1_290' title='bbox 1379 2808 1394 2833; x_wconf 93' lang='lat'><strong>,</strong></span> <span class='ocrx_word' id='word_1_291' title='bbox 1445 2766 1577 2823; x_wconf 91' lang='lat' dir='ltr'><strong>illud</strong></span> <span class='ocrx_word' id='word_1_292' title='bbox 1613 2768 1793 2839; x_wconf 87' lang='lat' dir='ltr'><strong>ipsum</strong></span> <span class='ocrx_word' id='word_1_293' title='bbox 1825 2783 1857 2823; x_wconf 90' lang='lat' dir='ltr'><strong>c</strong></span> <span class='ocrx_word' id='word_1_294' title='bbox 1892 2777 2033 2822; x_wconf 68' lang='lat' dir='ltr'><strong>terra</strong></span> 
     </span>
    </p>
   </div>
   <div class='ocr_carea' id='block_1_44' title="bbox 457 2856 1632 2928">
    <p class='ocr_par' dir='ltr' id='par_1_44' title="bbox 457 2856 1632 2928">
     <span class='ocr_line' id='line_1_44' title="bbox 457 2856 1632 2928; baseline 0.009 -22"><span class='ocrx_word' id='word_1_295' title='bbox 457 2856 643 2924; x_wconf 60' lang='lat' dir='ltr'><strong>prodit</strong></span> <span class='ocrx_word' id='word_1_296' title='bbox 668 2861 815 2925; x_wconf 76' lang='lat' dir='ltr'><strong>quod</strong></span> <span class='ocrx_word' id='word_1_297' title='bbox 843 2857 901 2911; x_wconf 85' lang='lat' dir='ltr'><strong>in</strong></span> <span class='ocrx_word' id='word_1_298' title='bbox 937 2874 1055 2913; x_wconf 90' lang='lat' dir='ltr'><strong>eam</strong></span> <span class='ocrx_word' id='word_1_299' title='bbox 1091 2859 1398 2928; x_wconf 80' lang='lat' dir='ltr'><strong>conjectum</strong></span> <span class='ocrx_word' id='word_1_300' title='bbox 1435 2861 1632 2917; x_wconf 76' lang='lat' dir='ltr'><strong>fuerat.</strong></span> 
     </span>
    </p>
   </div>
   <div class='ocr_carea' id='block_1_45' title="bbox 526 3032 2034 3108">
    <p class='ocr_par' dir='ltr' id='par_1_45' title="bbox 526 3032 2034 3108">
     <span class='ocr_line' id='line_1_45' title="bbox 526 3032 2034 3108; baseline 0.007 -23"><span class='ocrx_word' id='word_1_301' title='bbox 526 3032 652 3089; x_wconf 62' lang='lat' dir='ltr'><strong>llxc</strong></span> <span class='ocrx_word' id='word_1_302' title='bbox 695 3035 941 3090; x_wconf 63' lang='lat' dir='ltr'><strong>fabulosa</strong></span> <span class='ocrx_word' id='word_1_303' title='bbox 973 3037 1068 3092; x_wconf 84' lang='lat' dir='ltr'><strong>tibi</strong></span> <span class='ocrx_word' id='word_1_304' title='bbox 1095 3053 1442 3108; x_wconf 83' lang='lat' dir='ltr'><strong>nequaquam</strong></span> <span class='ocrx_word' id='word_1_305' title='bbox 1476 3038 1788 3095; x_wconf 80' lang='lat' dir='ltr'><strong>videantur.</strong></span> <span class='ocrx_word' id='word_1_306' title='bbox 1822 3039 2034 3097; x_wconf 81' lang='lat' dir='ltr'><strong>Etenim</strong></span> 
     </span>
    </p>
   </div>
   <div class='ocr_carea' id='block_1_46' title="bbox 456 3127 2038 3202">
    <p class='ocr_par' dir='ltr' id='par_1_46' title="bbox 456 3127 2038 3202">
     <span class='ocr_line' id='line_1_46' title="bbox 456 3127 2038 3202; baseline 0.006 -23"><span class='ocrx_word' id='word_1_307' title='bbox 456 3139 688 3197; x_wconf 81' lang='lat' dir='ltr'><strong>magnus</strong></span> <span class='ocrx_word' id='word_1_308' title='bbox 715 3127 881 3182; x_wconf 85' lang='lat' dir='ltr'><strong>etiam</strong></span> <span class='ocrx_word' id='word_1_309' title='bbox 913 3129 1250 3185; x_wconf 78' lang='lat' dir='ltr'><strong>Athanasius</strong></span> <span class='ocrx_word' id='word_1_310' title='bbox 1286 3130 1375 3186; x_wconf 85' lang='lat' dir='ltr'><strong>ille</strong></span> <span class='ocrx_word' id='word_1_311' title='bbox 1409 3133 1643 3202; x_wconf 89' lang='lat' dir='ltr'><strong>probare</strong></span> <span class='ocrx_word' id='word_1_312' title='bbox 1672 3133 1884 3198; x_wconf 90' lang='lat' dir='ltr'><strong>volens,</strong></span> <span class='ocrx_word' id='word_1_313' title='bbox 1936 3148 2038 3189; x_wconf 88' lang='lat' dir='ltr'><strong>nos</strong></span> 
     </span>
    </p>
   </div>
   <div class='ocr_carea' id='block_1_47' title="bbox 453 3191 2110 3294">
    <p class='ocr_par' dir='ltr' id='par_1_47' title="bbox 453 3191 2110 3294">
     <span class='ocr_line' id='line_1_47' title="bbox 453 3191 2110 3294; baseline 0.005 -20"><span class='ocrx_word' id='word_1_314' title='bbox 453 3232 524 3274; x_wconf 73' lang='lat' dir='ltr'><strong>ex</strong></span> <span class='ocrx_word' id='word_1_315' title='bbox 551 3191 967 3290; x_wconf 76' lang='lat' dir='ltr'><strong>incorruptibili</strong></span> <span class='ocrx_word' id='word_1_316' title='bbox 1001 3233 1198 3278; x_wconf 86' lang='lat' dir='ltr'><strong>natura</strong></span> <span class='ocrx_word' id='word_1_317' title='bbox 1251 3191 1640 3294; x_wconf 47' lang='lat' dir='ltr'><strong>cortu-ptibiles</strong></span> <span class='ocrx_word' id='word_1_318' title='bbox 1686 3191 1881 3282; x_wconf 37' lang='lat' dir='ltr'><strong>factos.</strong></span> <span class='ocrx_word' id='word_1_319' title='bbox 1917 3241 2041 3283; x_wconf 85' lang='lat' dir='ltr'><strong>esse</strong></span> <span class='ocrx_word' id='word_1_320' title='bbox 2068 3191 2110 3248; x_wconf 63' lang='grc' dir='ltr'>Ο</span> 
     </span>
    </p>
   </div>
   <div class='ocr_carea' id='block_1_48' title="bbox 374 3311 2038 3388">
    <p class='ocr_par' dir='ltr' id='par_1_48' title="bbox 374 3311 2038 3388">
     <span class='ocr_line' id='line_1_48' title="bbox 374 3311 2038 3388; baseline 0.005 -23"><span class='ocrx_word' id='word_1_321' title='bbox 374 3340 379 3347; x_wconf 68' lang='grc' dir='ltr'><strong>ι</strong></span> <span class='ocrx_word' id='word_1_322' title='bbox 455 3324 522 3366; x_wconf 83' lang='lat' dir='ltr'><strong>ac</strong></span> <span class='ocrx_word' id='word_1_323' title='bbox 557 3311 881 3368; x_wconf 76' lang='lat' dir='ltr'><strong>vicissimex</strong></span> <span class='ocrx_word' id='word_1_324' title='bbox 910 3316 1251 3385; x_wconf 79' lang='lat' dir='ltr'><strong>corruptibili</strong></span> <span class='ocrx_word' id='word_1_325' title='bbox 1275 3327 1686 3373; x_wconf 86' lang='lat' dir='ltr'><strong>resurrecturos</strong></span> <span class='ocrx_word' id='word_1_326' title='bbox 1708 3316 2038 3388; x_wconf 87' lang='lat' dir='ltr'><strong>incorrupti-</strong></span> 
     </span>
    </p>
   </div>
   <div class='ocr_carea' id='block_1_49' title="bbox 462 3404 2040 3479">
    <p class='ocr_par' dir='ltr' id='par_1_49' title="bbox 462 3404 2040 3479">
     <span class='ocr_line' id='line_1_49' title="bbox 462 3404 2040 3479; baseline 0.005 -21"><span class='ocrx_word' id='word_1_327' title='bbox 462 3404 625 3470; x_wconf 89' lang='lat' dir='ltr'><strong>biles,</strong></span> <span class='ocrx_word' id='word_1_328' title='bbox 663 3405 817 3476; x_wconf 74' lang='lat' dir='ltr'><strong>grani</strong></span> <span class='ocrx_word' id='word_1_329' title='bbox 848 3406 1209 3462; x_wconf 85' lang='lat' dir='ltr'><strong>similitudine</strong></span> <span class='ocrx_word' id='word_1_330' title='bbox 1241 3423 1404 3477; x_wconf 87' lang='lat' dir='ltr'><strong>quam</strong></span> <span class='ocrx_word' id='word_1_331' title='bbox 1434 3409 1722 3479; x_wconf 84' lang='lat' dir='ltr'><strong>aptissime</strong></span> <span class='ocrx_word' id='word_1_332' title='bbox 1757 3425 1889 3465; x_wconf 88' lang='lat' dir='ltr'><strong>usus</strong></span> <span class='ocrx_word' id='word_1_333' title='bbox 1935 3421 2040 3476; x_wconf 84' lang='lat' dir='ltr'><strong>cst,</strong></span> 
     </span>
    </p>
   </div>
   <div class='ocr_carea' id='block_1_50' title="bbox 456 3495 2041 3567">
    <p class='ocr_par' dir='ltr' id='par_1_50' title="bbox 456 3495 2041 3567">
     <span class='ocr_line' id='line_1_50' title="bbox 456 3495 2041 3567; baseline 0.005 -18"><span class='ocrx_word' id='word_1_334' title='bbox 456 3495 516 3549; x_wconf 89' lang='lat' dir='ltr'><strong>in</strong></span> <span class='ocrx_word' id='word_1_335' title='bbox 554 3495 702 3550; x_wconf 90' lang='lat' dir='ltr'><strong>hunc</strong></span> <span class='ocrx_word' id='word_1_336' title='bbox 736 3497 957 3551; x_wconf 82' lang='lat' dir='ltr'><strong>modum</strong></span> <span class='ocrx_word' id='word_1_337' title='bbox 985 3498 1051 3552; x_wconf 89' lang='lat' dir='ltr'><strong>ad</strong></span> <span class='ocrx_word' id='word_1_338' title='bbox 1087 3498 1421 3554; x_wconf 82' lang='lat' dir='ltr'><strong>Antiochum</strong></span> <span class='ocrx_word' id='word_1_339' title='bbox 1453 3500 1770 3556; x_wconf 82' lang='lat' dir='ltr'><strong>disserens:</strong></span> <span class='ocrx_word' id='word_1_340' title='bbox 1804 3501 2041 3567; x_wconf 67' lang='lat' dir='ltr'><strong>tQuem-</strong></span> 
     </span>
    </p>
   </div>
   <div class='ocr_carea' id='block_1_51' title="bbox 459 3587 2042 3665">
    <p class='ocr_par' dir='ltr' id='par_1_51' title="bbox 459 3587 2042 3665">
     <span class='ocr_line' id='line_1_51' title="bbox 459 3587 2042 3665; baseline 0.007 -27"><span class='ocrx_word' id='word_1_341' title='bbox 459 3587 756 3641; x_wconf 90' lang='lat' dir='ltr'><strong>admodum</strong></span> <span class='ocrx_word' id='word_1_342' title='bbox 798 3603 971 3657; x_wconf 79' lang='lat' dir='ltr'><strong>grano</strong></span> <span class='ocrx_word' id='word_1_343' title='bbox 1023 3590 1229 3659; x_wconf 84' lang='lat' dir='ltr'><strong>spicam</strong></span> <span class='ocrx_word' id='word_1_344' title='bbox 1279 3590 1350 3646; x_wconf 84' lang='lat' dir='ltr'><strong>ab</strong></span> <span class='ocrx_word' id='word_1_345' title='bbox 1399 3591 1559 3646; x_wconf 89' lang='lat' dir='ltr'><strong>initio</strong></span> <span class='ocrx_word' id='word_1_346' title='bbox 1597 3591 1739 3647; x_wconf 86' lang='lat' dir='ltr'><strong>Deus</strong></span> <span class='ocrx_word' id='word_1_347' title='bbox 1767 3594 2042 3665; x_wconf 72' lang='lat' dir='ltr'><strong>adjunxit,</strong></span> 
     </span>
    </p>
   </div>
   <div class='ocr_carea' id='block_1_52' title="bbox 458 3677 2042 3752">
    <p class='ocr_par' dir='ltr' id='par_1_52' title="bbox 458 3677 2042 3752">
     <span class='ocr_line' id='line_1_52' title="bbox 458 3677 2042 3752; baseline 0.004 -20"><span class='ocrx_word' id='word_1_348' title='bbox 458 3686 514 3732; x_wconf 83' lang='lat' dir='ltr'><strong>et</strong></span> <span class='ocrx_word' id='word_1_349' title='bbox 554 3677 791 3732; x_wconf 82' lang='lat' dir='ltr'><strong>contrita</strong></span> <span class='ocrx_word' id='word_1_350' title='bbox 839 3678 990 3748; x_wconf 79' lang='lat' dir='ltr'><strong>Spica</strong></span> <span class='ocrx_word' id='word_1_351' title='bbox 1036 3694 1266 3750; x_wconf 73' lang='lat' dir='ltr'><strong>granum</strong></span> <span class='ocrx_word' id='word_1_352' title='bbox 1316 3680 1585 3735; x_wconf 84' lang='lat' dir='ltr'><strong>consitum</strong></span> <span class='ocrx_word' id='word_1_353' title='bbox 1619 3697 1809 3737; x_wconf 88' lang='lat' dir='ltr'><strong>rursus</strong></span> <span class='ocrx_word' id='word_1_354' title='bbox 1838 3683 2042 3752; x_wconf 89' lang='lat' dir='ltr'><strong>spicam</strong></span> 
     </span>
    </p>
   </div>
   <div class='ocr_carea' id='block_1_53' title="bbox 463 3768 2041 3844">
    <p class='ocr_par' dir='ltr' id='par_1_53' title="bbox 463 3768 2041 3844">
     <span class='ocr_line' id='line_1_53' title="bbox 463 3768 2041 3844; baseline 0.006 -22"><span class='ocrx_word' id='word_1_355' title='bbox 463 3768 739 3839; x_wconf 83' lang='lat' dir='ltr'><strong>producit,</strong></span> <span class='ocrx_word' id='word_1_356' title='bbox 772 3769 855 3825; x_wconf 89' lang='lat' dir='ltr'><strong>sic</strong></span> <span class='ocrx_word' id='word_1_357' title='bbox 898 3772 1058 3826; x_wconf 63' lang='lat' dir='ltr'><strong>ltou‘.o</strong></span> <span class='ocrx_word' id='word_1_358' title='bbox 1097 3771 1364 3828; x_wconf 83' lang='lat' dir='ltr'><strong>divinitus</strong></span> <span class='ocrx_word' id='word_1_359' title='bbox 1397 3773 1829 3844; x_wconf 84' lang='lat' dir='ltr'><strong>incorruptibilis</strong></span> <span class='ocrx_word' id='word_1_360' title='bbox 1858 3776 2041 3832; x_wconf 75' lang='lat' dir='ltr'><strong>lat-tus</strong></span> 
     </span>
    </p>
   </div>
   <div class='ocr_carea' id='block_1_54' title="bbox 383 3865 2043 3936">
    <p class='ocr_par' dir='ltr' id='par_1_54' title="bbox 383 3865 2043 3936">
     <span class='ocr_line' id='line_1_54' title="bbox 383 3865 2043 3936; baseline 0.003 -17"><span class='ocrx_word' id='word_1_361' title='bbox 383 3877 391 3885; x_wconf 79' lang='lat'>‘</span> <span class='ocrx_word' id='word_1_362' title='bbox 456 3873 566 3931; x_wconf 77' lang='lat' dir='ltr'><strong>est,</strong></span> <span class='ocrx_word' id='word_1_363' title='bbox 602 3865 801 3920; x_wconf 80' lang='lat' dir='ltr'><strong>deinde</strong></span> <span class='ocrx_word' id='word_1_364' title='bbox 833 3880 930 3936; x_wconf 81' lang='lat' dir='ltr'><strong>per</strong></span> <span class='ocrx_word' id='word_1_365' title='bbox 956 3865 1387 3921; x_wconf 87' lang='lat' dir='ltr'><strong>inobedientiam</strong></span> <span class='ocrx_word' id='word_1_366' title='bbox 1414 3867 1633 3921; x_wconf 87' lang='lat' dir='ltr'><strong>attritus</strong></span> <span class='ocrx_word' id='word_1_367' title='bbox 1664 3867 1891 3922; x_wconf 92' lang='lat' dir='ltr'><strong>interiit.</strong></span> <span class='ocrx_word' id='word_1_368' title='bbox 1939 3869 2043 3924; x_wconf 79' lang='lat' dir='ltr'><strong>Ve-</strong></span> 
     </span>
    </p>
   </div>
   <div class='ocr_carea' id='block_1_55' title="bbox 460 3960 2045 4030">
    <p class='ocr_par' dir='ltr' id='par_1_55' title="bbox 460 3960 2045 4030">
     <span class='ocr_line' id='line_1_55' title="bbox 460 3960 2045 4030; baseline 0.001 -18"><span class='ocrx_word' id='word_1_369' title='bbox 460 3975 583 4013; x_wconf 85' lang='lat' dir='ltr'><strong>rum</strong></span> <span class='ocrx_word' id='word_1_370' title='bbox 633 3960 725 4014; x_wconf 88' lang='lat' dir='ltr'><strong>ubi</strong></span> <span class='ocrx_word' id='word_1_371' title='bbox 780 3974 876 4030; x_wconf 89' lang='lat' dir='ltr'><strong>per</strong></span> <span class='ocrx_word' id='word_1_372' title='bbox 918 3969 1152 4015; x_wconf 84' lang='lat' dir='ltr'><strong>mortem</strong></span> <span class='ocrx_word' id='word_1_373' title='bbox 1202 3961 1405 4015; x_wconf 86' lang='lat' dir='ltr'><strong>seritur</strong></span> <span class='ocrx_word' id='word_1_374' title='bbox 1459 3969 1516 4014; x_wconf 89' lang='lat' dir='ltr'><strong>et</strong></span> <span class='ocrx_word' id='word_1_375' title='bbox 1550 3969 1697 4014; x_wconf 83' lang='lat' dir='ltr'><strong>terra</strong></span> <span class='ocrx_word' id='word_1_376' title='bbox 1746 3960 2045 4023; x_wconf 76' lang='lat' dir='ltr'><strong>defoditur,</strong></span> 
     </span>
    </p>
   </div>
   <div class='ocr_carea' id='block_1_56' title="bbox 458 4049 2049 4121">
    <p class='ocr_par' dir='ltr' id='par_1_56' title="bbox 458 4049 2049 4121">
     <span class='ocr_line' id='line_1_56' title="bbox 458 4049 2049 4121; baseline 0.003 -17"><span class='ocrx_word' id='word_1_377' title='bbox 458 4051 754 4121; x_wconf 78' lang='lat' dir='ltr'><strong>repullulat</strong></span> <span class='ocrx_word' id='word_1_378' title='bbox 800 4059 855 4105; x_wconf 85' lang='lat' dir='ltr'><strong>et</strong></span> <span class='ocrx_word' id='word_1_379' title='bbox 911 4050 1350 4120; x_wconf 83' lang='lat' dir='ltr'><strong>incorruptibilis</strong></span> <span class='ocrx_word' id='word_1_380' title='bbox 1399 4049 1481 4114; x_wconf 82' lang='lat' dir='ltr'><strong>ﬁt,</strong></span> <span class='ocrx_word' id='word_1_381' title='bbox 1528 4051 1709 4119; x_wconf 84' lang='lat' dir='ltr'><strong>qualis</strong></span> <span class='ocrx_word' id='word_1_382' title='bbox 1761 4052 1830 4107; x_wconf 87' lang='lat' dir='ltr'><strong>ab</strong></span> <span class='ocrx_word' id='word_1_383' title='bbox 1885 4052 2049 4108; x_wconf 89' lang='lat' dir='ltr'><strong>initio</strong></span> 
     </span>
    </p>
   </div>
   <div class='ocr_carea' id='block_1_57' title="bbox 451 4141 2047 4210">
    <p class='ocr_par' dir='ltr' id='par_1_57' title="bbox 451 4141 2047 4210">
     <span class='ocr_line' id='line_1_57' title="bbox 451 4141 2047 4210; baseline 0.002 -13"><span class='ocrx_word' id='word_1_384' title='bbox 451 4152 631 4197; x_wconf 60' lang='lat' dir='ltr'><strong>erat.)</strong></span> <span class='ocrx_word' id='word_1_385' title='bbox 685 4141 808 4196; x_wconf 86' lang='lat' dir='ltr'><strong>Noli</strong></span> <span class='ocrx_word' id='word_1_386' title='bbox 839 4141 944 4198; x_wconf 75' lang='lat' dir='ltr'><strong>hoc</strong></span> <span class='ocrx_word' id='word_1_387' title='bbox 969 4142 1091 4197; x_wconf 88' lang='lat' dir='ltr'><strong>loco</strong></span> <span class='ocrx_word' id='word_1_388' title='bbox 1122 4142 1261 4196; x_wconf 85' lang='lat' dir='ltr'><strong>mihi</strong></span> <span class='ocrx_word' id='word_1_389' title='bbox 1298 4141 1586 4210; x_wconf 77' lang='lat' dir='ltr'><strong>obiicere:</strong></span> <span class='ocrx_word' id='word_1_390' title='bbox 1627 4144 1672 4198; x_wconf 90' lang='lat' dir='ltr'><strong>si</strong></span> <span class='ocrx_word' id='word_1_391' title='bbox 1729 4154 1849 4199; x_wconf 89' lang='lat' dir='ltr'><strong>erat</strong></span> <span class='ocrx_word' id='word_1_392' title='bbox 1884 4152 2047 4200; x_wconf 84' lang='lat' dir='ltr'><strong>antea</strong></span> 
     </span>
    </p>
   </div>
   <div class='ocr_carea' id='block_1_58' title="bbox 396 4233 2050 4304">
    <p class='ocr_par' dir='ltr' id='par_1_58' title="bbox 396 4233 2050 4304">
     <span class='ocr_line' id='line_1_58' title="bbox 396 4233 2050 4304; baseline 0.004 -17"><span class='ocrx_word' id='word_1_393' title='bbox 396 4258 403 4265; x_wconf 85' lang='lat'><strong>-</strong></span> <span class='ocrx_word' id='word_1_394' title='bbox 460 4233 813 4297; x_wconf 86' lang='lat' dir='ltr'><strong>immortalis,</strong></span> <span class='ocrx_word' id='word_1_395' title='bbox 843 4248 954 4303; x_wconf 86' lang='lat' dir='ltr'><strong>quo</strong></span> <span class='ocrx_word' id='word_1_396' title='bbox 981 4242 1142 4304; x_wconf 76' lang='lat' dir='ltr'><strong>pacto</strong></span> <span class='ocrx_word' id='word_1_397' title='bbox 1168 4234 1430 4302; x_wconf 83' lang='lat' dir='ltr'><strong>deinceps</strong></span> <span class='ocrx_word' id='word_1_398' title='bbox 1457 4234 1707 4291; x_wconf 88' lang='lat' dir='ltr'><strong>interitui</strong></span> <span class='ocrx_word' id='word_1_399' title='bbox 1741 4237 2050 4294; x_wconf 79' lang='lat' dir='ltr'><strong>mortalita-</strong></span> 
     </span>
    </p>
   </div>
   <div class='ocr_carea' id='block_1_59' title="bbox 459 4321 2047 4396">
    <p class='ocr_par' dir='ltr' id='par_1_59' title="bbox 459 4321 2047 4396">
     <span class='ocr_line' id='line_1_59' title="bbox 459 4321 2047 4396; baseline 0.004 -17"><span class='ocrx_word' id='word_1_400' title='bbox 459 4322 612 4393; x_wconf 82' lang='lat' dir='ltr'><strong>tique</strong></span> <span class='ocrx_word' id='word_1_401' title='bbox 645 4321 818 4377; x_wconf 85' lang='lat' dir='ltr'><strong>lactus</strong></span> <span class='ocrx_word' id='word_1_402' title='bbox 847 4333 934 4379; x_wconf 86' lang='lat' dir='ltr'><strong>est</strong></span> <span class='ocrx_word' id='word_1_403' title='bbox 965 4323 1285 4380; x_wconf 81' lang='lat' dir='ltr'><strong>obnoxius?</strong></span> <span class='ocrx_word' id='word_1_404' title='bbox 1346 4323 1501 4381; x_wconf 82' lang='lat' dir='ltr'><strong>Hanc</strong></span> <span class='ocrx_word' id='word_1_405' title='bbox 1535 4336 1588 4381; x_wconf 91' lang='lat' dir='ltr'><strong>tu</strong></span> <span class='ocrx_word' id='word_1_406' title='bbox 1647 4328 1783 4383; x_wconf 87' lang='lat' dir='ltr'><strong>mihi</strong></span> <span class='ocrx_word' id='word_1_407' title='bbox 1833 4343 2047 4396; x_wconf 83' lang='lat' dir='ltr'><strong>vocem,-</strong></span> 
     </span>
    </p>
   </div>
   <div class='ocr_carea' id='block_1_60' title="bbox 458 4414 2052 4489">
    <p class='ocr_par' dir='ltr' id='par_1_60' title="bbox 458 4414 2052 4489">
     <span class='ocr_line' id='line_1_60' title="bbox 458 4414 2052 4489; baseline 0.004 -20"><span class='ocrx_word' id='word_1_408' title='bbox 458 4430 572 4484; x_wconf 86' lang='lat' dir='ltr'><strong>quo</strong></span> <span class='ocrx_word' id='word_1_409' title='bbox 602 4423 783 4484; x_wconf 88' lang='lat' dir='ltr'><strong>pacto.</strong></span> <span class='ocrx_word' id='word_1_410' title='bbox 818 4415 1042 4470; x_wconf 90' lang='lat' dir='ltr'><strong>missam</strong></span> <span class='ocrx_word' id='word_1_411' title='bbox 1074 4415 1257 4471; x_wconf 80' lang='lat' dir='ltr'><strong>facito.</strong></span> <span class='ocrx_word' id='word_1_412' title='bbox 1290 4414 1425 4471; x_wconf 81' lang='lat' dir='ltr'><strong>Nam</strong></span> <span class='ocrx_word' id='word_1_413' title='bbox 1453 4416 1595 4472; x_wconf 78' lang='lat' dir='ltr'><strong>Dens</strong></span> <span class='ocrx_word' id='word_1_414' title='bbox 1616 4425 1754 4483; x_wconf 87' lang='lat' dir='ltr'><strong>erat,</strong></span> <span class='ocrx_word' id='word_1_415' title='bbox 1779 4418 1872 4489; x_wconf 89' lang='lat' dir='ltr'><strong>qui</strong></span> <span class='ocrx_word' id='word_1_416' title='bbox 1898 4419 2052 4476; x_wconf 80' lang='lat' dir='ltr'><strong>dixe-</strong></span> 
     </span>
    </p>
   </div>
   <div class='ocr_carea' id='block_1_61' title="bbox 2127 1924 3699 1997">
    <p class='ocr_par' dir='ltr' id='par_1_61' title="bbox 2127 1924 3699 1997">
     <span class='ocr_line' id='line_1_61' title="bbox 2127 1924 3699 1997; baseline 0.003 -24"><span class='ocrx_word' id='word_1_417' title='bbox 2127 1925 2193 1992; x_wconf 77' lang='grc' dir='ltr'><strong>τῇ</strong></span> <span class='ocrx_word' id='word_1_418' title='bbox 2232 1925 2302 1993; x_wconf 80' lang='grc' dir='ltr'>γῇ</span> <span class='ocrx_word' id='word_1_419' title='bbox 2338 1924 2433 1976; x_wconf 76' lang='grc' dir='ltr'>καὶ</span> <span class='ocrx_word' id='word_1_420' title='bbox 2465 1926 2778 1996; x_wconf 62' lang='grc' dir='ltr'>σηπόμενος</span> <span class='ocrx_word' id='word_1_421' title='bbox 2812 1924 3091 1996; x_wconf 73' lang='grc' dir='ltr'>ἄφθαρτος</span> <span class='ocrx_word' id='word_1_422' title='bbox 3128 1927 3201 1978; x_wconf 63' lang='grc' dir='ltr'>ὲκι</span> <span class='ocrx_word' id='word_1_423' title='bbox 3226 1926 3439 1996; x_wconf 81' lang='grc' dir='ltr'><strong>νεκρῶν</strong></span> <span class='ocrx_word' id='word_1_424' title='bbox 3469 1928 3699 1997; x_wconf 73' lang='grc' dir='ltr'>ἐγήγερο</span> 
     </span>
    </p>
   </div>
   <div class='ocr_carea' id='block_1_62' title="bbox 2126 2012 3700 2087">
    <p class='ocr_par' dir='ltr' id='par_1_62' title="bbox 2126 2012 3700 2087">
     <span class='ocr_line' id='line_1_62' title="bbox 2126 2012 3700 2087; baseline 0.004 -23"><span class='ocrx_word' id='word_1_425' title='bbox 2126 2028 2217 2065; x_wconf 85' lang='grc' dir='ltr'><strong>ται</strong></span> <span class='ocrx_word' id='word_1_426' title='bbox 2249 2016 2346 2065; x_wconf 79' lang='grc' dir='ltr'>καὶ</span> <span class='ocrx_word' id='word_1_427' title='bbox 2368 2012 2658 2079; x_wconf 78' lang='grc' dir='ltr'>ἀθάνατος,</span> <span class='ocrx_word' id='word_1_428' title='bbox 2693 2017 2788 2068; x_wconf 74' lang='grc' dir='ltr'>καὶ</span> <span class='ocrx_word' id='word_1_429' title='bbox 2818 2018 3001 2069; x_wconf 83' lang='grc' dir='ltr'>πιστοῑ</span> <span class='ocrx_word' id='word_1_430' title='bbox 3049 2017 3139 2068; x_wconf 64' lang='grc' dir='ltr'><strong>τὸν</strong></span> <span class='ocrx_word' id='word_1_431' title='bbox 3180 2016 3340 2084; x_wconf 78' lang='grc' dir='ltr'>λόγον</span> <span class='ocrx_word' id='word_1_432' title='bbox 3373 2017 3403 2068; x_wconf 84' lang='grc' dir='ltr'>ὁ</span> <span class='ocrx_word' id='word_1_433' title='bbox 3434 2017 3700 2087; x_wconf 79' lang='grc' dir='ltr'>μακάριος</span> 
     </span>
    </p>
   </div>
   <div class='ocr_carea' id='block_1_63' title="bbox 2133 2103 3699 2177">
    <p class='ocr_par' dir='ltr' id='par_1_63' title="bbox 2133 2103 3699 2177">
     <span class='ocr_line' id='line_1_63' title="bbox 2133 2103 3699 2177; baseline 0.002 -21"><span class='ocrx_word' id='word_1_434' title='bbox 2133 2103 2342 2167; x_wconf 74' lang='grc' dir='ltr'>Παῦλος</span> <span class='ocrx_word' id='word_1_435' title='bbox 2397 2104 2544 2159; x_wconf 74' lang='grc' dir='ltr'>οὕτω</span> <span class='ocrx_word' id='word_1_436' title='bbox 2590 2106 2719 2175; x_wconf 75' lang='grc' dir='ltr'>περὶ</span> <span class='ocrx_word' id='word_1_437' title='bbox 2767 2107 2959 2160; x_wconf 87' lang='grc' dir='ltr'>τούτου</span> <span class='ocrx_word' id='word_1_438' title='bbox 3000 2105 3213 2176; x_wconf 79' lang='grc' dir='ltr'>λέγων’</span> <span class='ocrx_word' id='word_1_439' title='bbox 3252 2126 3269 2159; x_wconf 85' lang='grc' dir='ltr'><strong>ι</strong></span> <span class='ocrx_word' id='word_1_440' title='bbox 3316 2106 3610 2177; x_wconf 81' lang='grc' dir='ltr'>Σπείρεται</span> <span class='ocrx_word' id='word_1_441' title='bbox 3649 2109 3699 2159; x_wconf 77' lang='grc' dir='ltr'>ἐν</span> 
     </span>
    </p>
   </div>
   <div class='ocr_carea' id='block_1_64' title="bbox 2132 2195 3701 2271">
    <p class='ocr_par' dir='ltr' id='par_1_64' title="bbox 2132 2195 3701 2271">
     <span class='ocr_line' id='line_1_64' title="bbox 2132 2195 3701 2271; baseline 0.004 -24"><span class='ocrx_word' id='word_1_442' title='bbox 2132 2195 2330 2265; x_wconf 81' lang='grc' dir='ltr'><strong>φθορᾷ,</strong></span> <span class='ocrx_word' id='word_1_443' title='bbox 2383 2196 2657 2271; x_wconf 77' lang='grc' dir='ltr'>ἐγείρεται</span> <span class='ocrx_word' id='word_1_444' title='bbox 2700 2199 2760 2251; x_wconf 78' lang='grc' dir='ltr'>ὲν</span> <span class='ocrx_word' id='word_1_445' title='bbox 2819 2198 3122 2271; x_wconf 75' lang='grc' dir='ltr'><strong>ἀφθαρσίᾳ,</strong></span> <span class='ocrx_word' id='word_1_446' title='bbox 3158 2217 3178 2251; x_wconf 72' lang='grc' dir='ltr'><strong>ι</strong></span> <span class='ocrx_word' id='word_1_447' title='bbox 3232 2198 3456 2267; x_wconf 65' lang='grc' dir='ltr'>εὔδηλον</span> <span class='ocrx_word' id='word_1_448' title='bbox 3494 2201 3701 2261; x_wconf 76' lang='grc' dir='ltr'>πάντως</span> 
     </span>
    </p>
   </div>
   <div class='ocr_carea' id='block_1_65' title="bbox 2132 2270 3701 2362">
    <p class='ocr_par' dir='ltr' id='par_1_65' title="bbox 2132 2270 3701 2362">
     <span class='ocr_line' id='line_1_65' title="bbox 2132 2270 3701 2362; baseline -0.002 -15"><span class='ocrx_word' id='word_1_449' title='bbox 2132 2294 2217 2347; x_wconf 76' lang='grc' dir='ltr'>ὅτι</span> <span class='ocrx_word' id='word_1_450' title='bbox 2245 2292 2341 2347; x_wconf 78' lang='grc' dir='ltr'>καὶ</span> <span class='ocrx_word' id='word_1_451' title='bbox 2367 2294 2395 2345; x_wconf 82' lang='grc' dir='ltr'><strong>ὁ</strong></span> <span class='ocrx_word' id='word_1_452' title='bbox 2433 2291 2540 2362; x_wconf 82' lang='grc' dir='ltr'>πρὸ</span> <span class='ocrx_word' id='word_1_453' title='bbox 2571 2270 2671 2362; x_wconf 66' lang='grc' dir='ltr'><strong>τῆξ</strong></span> <span class='ocrx_word' id='word_1_454' title='bbox 2699 2270 2983 2362; x_wconf 84' lang='grc' dir='ltr'>ἁμαρτίας</span> <span class='ocrx_word' id='word_1_455' title='bbox 3010 2293 3215 2355; x_wconf 70' lang='grc' dir='ltr'>ἐκεῖνος</span> <span class='ocrx_word' id='word_1_456' title='bbox 3268 2291 3440 2361; x_wconf 75' lang='grc' dir='ltr'>Ἀδὰμ</span> <span class='ocrx_word' id='word_1_457' title='bbox 3470 2292 3701 2355; x_wconf 64' lang='grc' dir='ltr'>τοσοῦτος</span> 
     </span>
    </p>
   </div>
   <div class='ocr_carea' id='block_1_66' title="bbox 2133 2382 3704 2458">
    <p class='ocr_par' dir='ltr' id='par_1_66' title="bbox 2133 2382 3704 2458">
     <span class='ocr_line' id='line_1_66' title="bbox 2133 2382 3704 2458; baseline 0 -21"><span class='ocrx_word' id='word_1_458' title='bbox 2133 2382 2201 2458; x_wconf 75' lang='grc' dir='ltr'>ἦν</span> <span class='ocrx_word' id='word_1_459' title='bbox 2232 2387 2326 2438; x_wconf 82' lang='grc' dir='ltr'><strong>ἀπ’</strong></span> <span class='ocrx_word' id='word_1_460' title='bbox 2354 2386 2554 2456; x_wconf 79' lang='grc' dir='ltr'>ἀρχῆς,</span> <span class='ocrx_word' id='word_1_461' title='bbox 2583 2387 2861 2458; x_wconf 81' lang='grc' dir='ltr'>ἄφθαρτος</span> <span class='ocrx_word' id='word_1_462' title='bbox 2908 2384 3111 2455; x_wconf 79' lang='grc' dir='ltr'>δηλαδὴ</span> <span class='ocrx_word' id='word_1_463' title='bbox 3150 2386 3245 2437; x_wconf 78' lang='grc' dir='ltr'>καὶ</span> <span class='ocrx_word' id='word_1_464' title='bbox 3282 2384 3572 2448; x_wconf 80' lang='grc' dir='ltr'>ἀθάνατος.</span> <span class='ocrx_word' id='word_1_465' title='bbox 3602 2385 3704 2440; x_wconf 72' lang='lat' dir='ltr'><strong>Kal</strong></span> 
     </span>
    </p>
   </div>
   <div class='ocr_carea' id='block_1_67' title="bbox 2135 2475 3701 2549">
    <p class='ocr_par' dir='ltr' id='par_1_67' title="bbox 2135 2475 3701 2549">
     <span class='ocr_line' id='line_1_67' title="bbox 2135 2475 3701 2549; baseline -0.001 -19"><span class='ocrx_word' id='word_1_466' title='bbox 2135 2478 2217 2549; x_wconf 74' lang='grc' dir='ltr'>μὴ</span> <span class='ocrx_word' id='word_1_467' title='bbox 2248 2476 2498 2546; x_wconf 76' lang='grc' dir='ltr'>θαύμαζε</span> <span class='ocrx_word' id='word_1_468' title='bbox 2538 2476 2729 2530; x_wconf 86' lang='grc' dir='ltr'>τούτου</span> <span class='ocrx_word' id='word_1_469' title='bbox 2760 2475 2968 2542; x_wconf 73' lang='grc' dir='ltr'>ἕνεκεν,</span> <span class='ocrx_word' id='word_1_470' title='bbox 3007 2477 3120 2544; x_wconf 78' lang='grc' dir='ltr'>εἴγε</span> <span class='ocrx_word' id='word_1_471' title='bbox 3155 2476 3253 2528; x_wconf 76' lang='grc' dir='ltr'>καὶ</span> <span class='ocrx_word' id='word_1_472' title='bbox 3280 2476 3506 2548; x_wconf 68' lang='grc' dir='ltr'>σπέρμα</span> <span class='ocrx_word' id='word_1_473' title='bbox 3541 2481 3606 2546; x_wconf 80' lang='grc' dir='ltr'>τῇ</span> <span class='ocrx_word' id='word_1_474' title='bbox 3639 2479 3701 2546; x_wconf 75' lang='grc' dir='ltr'><strong>γῇ</strong></span> 
     </span>
    </p>
   </div>
   <div class='ocr_carea' id='block_1_68' title="bbox 2137 2567 3705 2640">
    <p class='ocr_par' dir='ltr' id='par_1_68' title="bbox 2137 2567 3705 2640">
     <span class='ocr_line' id='line_1_68' title="bbox 2137 2567 3705 2640; baseline -0.002 -16"><span class='ocrx_word' id='word_1_475' title='bbox 2137 2569 2613 2640; x_wconf 76' lang='grc' dir='ltr'>καταϐαλλόμενον</span> <span class='ocrx_word' id='word_1_476' title='bbox 2644 2568 2885 2622; x_wconf 77' lang='grc' dir='ltr'>τοιοῦτον</span> <span class='ocrx_word' id='word_1_477' title='bbox 2915 2568 3262 2621; x_wconf 82' lang='grc' dir='ltr'>ἀναδίδοσθαι</span> <span class='ocrx_word' id='word_1_478' title='bbox 3287 2567 3502 2634; x_wconf 78' lang='grc' dir='ltr'>εἴωθεν,</span> <span class='ocrx_word' id='word_1_479' title='bbox 3530 2571 3705 2622; x_wconf 76' lang='grc' dir='ltr'>ὁποῖον</span> 
     </span>
    </p>
   </div>
   <div class='ocr_carea' id='block_1_69' title="bbox 2135 2654 3704 2732">
    <p class='ocr_par' dir='ltr' id='par_1_69' title="bbox 2135 2654 3704 2732">
     <span class='ocr_line' id='line_1_69' title="bbox 2135 2654 3704 2732; baseline -0.003 -15"><span class='ocrx_word' id='word_1_480' title='bbox 2135 2663 2245 2732; x_wconf 80' lang='grc' dir='ltr'>ἄρα</span> <span class='ocrx_word' id='word_1_481' title='bbox 2293 2660 2390 2716; x_wconf 75' lang='grc' dir='ltr'>καὶ</span> <span class='ocrx_word' id='word_1_482' title='bbox 2418 2661 2688 2731; x_wconf 87' lang='grc' dir='ltr'>πρότερον</span> <span class='ocrx_word' id='word_1_483' title='bbox 2728 2661 3027 2731; x_wconf 79' lang='grc' dir='ltr'>ἐτύγχανεν</span> <span class='ocrx_word' id='word_1_484' title='bbox 3059 2654 3221 2714; x_wconf 72' lang='grc' dir='ltr'>εἶναι.</span> <span class='ocrx_word' id='word_1_485' title='bbox 3266 2659 3389 2713; x_wconf 71' lang='grc' dir='ltr'>Εἴτε</span> <span class='ocrx_word' id='word_1_486' title='bbox 3424 2662 3533 2729; x_wconf 76' lang='grc' dir='ltr'><strong>γὰρ</strong></span> <span class='ocrx_word' id='word_1_487' title='bbox 3562 2661 3704 2714; x_wconf 86' lang='grc' dir='ltr'>σίτου</span> 
     </span>
    </p>
   </div>
   <div class='ocr_carea' id='block_1_70' title="bbox 2138 2752 3709 2824">
    <p class='ocr_par' dir='ltr' id='par_1_70' title="bbox 2138 2752 3709 2824">
     <span class='ocr_line' id='line_1_70' title="bbox 2138 2752 3709 2824; baseline -0.003 -15"><span class='ocrx_word' id='word_1_488' title='bbox 2138 2755 2339 2809; x_wconf 77' lang='grc' dir='ltr'>κόκκον</span> <span class='ocrx_word' id='word_1_489' title='bbox 2374 2752 2552 2817; x_wconf 76' lang='grc' dir='ltr'>εἴποις</span> <span class='ocrx_word' id='word_1_490' title='bbox 2582 2756 2694 2808; x_wconf 72' lang='grc' dir='ltr'>εἶτα</span> <span class='ocrx_word' id='word_1_491' title='bbox 2727 2752 2977 2823; x_wconf 87' lang='grc' dir='ltr'>κρίθους,</span> <span class='ocrx_word' id='word_1_492' title='bbox 3009 2755 3058 2805; x_wconf 80' lang='grc' dir='ltr'><strong>εί</strong></span> <span class='ocrx_word' id='word_1_493' title='bbox 3098 2752 3285 2823; x_wconf 75' lang='grc' dir='ltr'>ἕτερον</span> <span class='ocrx_word' id='word_1_494' title='bbox 3311 2753 3530 2824; x_wconf 77' lang='grc' dir='ltr'>σπέρμα</span> <span class='ocrx_word' id='word_1_495' title='bbox 3573 2753 3709 2807; x_wconf 79' lang='grc' dir='ltr'>οίον-</span> 
     </span>
    </p>
   </div>
   <div class='ocr_carea' id='block_1_71' title="bbox 2137 2845 3709 2919">
    <p class='ocr_par' dir='ltr' id='par_1_71' title="bbox 2137 2845 3709 2919">
     <span class='ocr_line' id='line_1_71' title="bbox 2137 2845 3709 2919; baseline -0.002 -17"><span class='ocrx_word' id='word_1_496' title='bbox 2137 2848 2366 2919; x_wconf 80' lang='grc' dir='ltr'>δήποτε,</span> <span class='ocrx_word' id='word_1_497' title='bbox 2398 2845 2579 2900; x_wconf 68' lang='lat' dir='ltr'><strong>exstas</strong></span> <span class='ocrx_word' id='word_1_498' title='bbox 2636 2846 2856 2910; x_wconf 80' lang='grc' dir='ltr'>πάντως</span> <span class='ocrx_word' id='word_1_499' title='bbox 2886 2846 3290 2917; x_wconf 69' lang='grc' dir='ltr'>ἐπανέρχεσθαι</span> <span class='ocrx_word' id='word_1_500' title='bbox 3321 2847 3563 2917; x_wconf 79' lang='grc' dir='ltr'>πέφυκεν</span> <span class='ocrx_word' id='word_1_501' title='bbox 3590 2845 3709 2900; x_wconf 80' lang='grc' dir='ltr'>ὅθεν</span> 
     </span>
    </p>
   </div>
   <div class='ocr_carea' id='block_1_72' title="bbox 2138 2934 2795 3005">
    <p class='ocr_par' dir='ltr' id='par_1_72' title="bbox 2138 2934 2795 3005">
     <span class='ocr_line' id='line_1_72' title="bbox 2138 2934 2795 3005; baseline 0.005 -16"><span class='ocrx_word' id='word_1_502' title='bbox 2138 2935 2384 3005; x_wconf 81' lang='grc' dir='ltr'>δηλονότι</span> <span class='ocrx_word' id='word_1_503' title='bbox 2415 2934 2795 2992; x_wconf 75' lang='grc' dir='ltr'><strong>ἐκπέπτωκεν.</strong></span> 
     </span>
    </p>
   </div>
   <div class='ocr_carea' id='block_1_73' title="bbox 2224 3026 3712 3102">
    <p class='ocr_par' dir='ltr' id='par_1_73' title="bbox 2224 3026 3712 3102">
     <span class='ocr_line' id='line_1_73' title="bbox 2224 3026 3712 3102; baseline -0.001 -19"><span class='ocrx_word' id='word_1_504' title='bbox 2224 3029 2386 3083; x_wconf 79' lang='grc' dir='ltr'>Ἀλλὰ</span> <span class='ocrx_word' id='word_1_505' title='bbox 2416 3030 2491 3102; x_wconf 79' lang='grc' dir='ltr'>μὴ</span> <span class='ocrx_word' id='word_1_506' title='bbox 2524 3029 2695 3100; x_wconf 81' lang='grc' dir='ltr'>μῦθον</span> <span class='ocrx_word' id='word_1_507' title='bbox 2717 3027 2852 3100; x_wconf 79' lang='grc' dir='ltr'>ἡγοῦ</span> <span class='ocrx_word' id='word_1_508' title='bbox 2890 3029 2962 3084; x_wconf 79' lang='grc' dir='ltr'><strong>τὰ</strong></span> <span class='ocrx_word' id='word_1_509' title='bbox 2999 3028 3294 3099; x_wconf 84' lang='grc' dir='ltr'>λεγόμενα.</span> <span class='ocrx_word' id='word_1_510' title='bbox 3340 3030 3478 3099; x_wconf 89' lang='grc' dir='ltr'>Ὅρα</span> <span class='ocrx_word' id='word_1_511' title='bbox 3504 3026 3617 3100; x_wconf 78' lang='grc' dir='ltr'>γὰρ</span> <span class='ocrx_word' id='word_1_512' title='bbox 3637 3029 3712 3082; x_wconf 82' lang='grc' dir='ltr'>ὅτι</span> 
     </span>
    </p>
   </div>
   <div class='ocr_carea' id='block_1_74' title="bbox 2143 3119 3717 3192">
    <p class='ocr_par' dir='ltr' id='par_1_74' title="bbox 2143 3119 3717 3192">
     <span class='ocr_line' id='line_1_74' title="bbox 2143 3119 3717 3192; baseline 0 -16"><span class='ocrx_word' id='word_1_513' title='bbox 2143 3124 2236 3176; x_wconf 70' lang='grc' dir='ltr'>καὶ</span> <span class='ocrx_word' id='word_1_514' title='bbox 2287 3124 2315 3176; x_wconf 86' lang='grc' dir='ltr'><strong>ό</strong></span> <span class='ocrx_word' id='word_1_515' title='bbox 2373 3121 2548 3192; x_wconf 79' lang='grc' dir='ltr'>μέγας</span> <span class='ocrx_word' id='word_1_516' title='bbox 2617 3123 2942 3187; x_wconf 77' lang='grc' dir='ltr'>Ἀθανάσιος</span> <span class='ocrx_word' id='word_1_517' title='bbox 2995 3121 3278 3188; x_wconf 76' lang='grc' dir='ltr'>ἀποδεῖξαι</span> <span class='ocrx_word' id='word_1_518' title='bbox 3340 3122 3510 3176; x_wconf 76' lang='grc' dir='ltr'>θέλων</span> <span class='ocrx_word' id='word_1_519' title='bbox 3557 3119 3717 3185; x_wconf 70' lang='grc' dir='ltr'>ὅτιιξ</span> 
     </span>
    </p>
   </div>
   <div class='ocr_carea' id='block_1_75' title="bbox 2144 3215 3714 3287">
    <p class='ocr_par' dir='ltr' id='par_1_75' title="bbox 2144 3215 3714 3287">
     <span class='ocr_line' id='line_1_75' title="bbox 2144 3215 3714 3287; baseline -0.002 -17"><span class='ocrx_word' id='word_1_520' title='bbox 2144 3215 2427 3287; x_wconf 82' lang='grc' dir='ltr'>ἀφθάρτου</span> <span class='ocrx_word' id='word_1_521' title='bbox 2483 3215 2714 3286; x_wconf 81' lang='grc' dir='ltr'>φθαρτοὶ</span> <span class='ocrx_word' id='word_1_522' title='bbox 2736 3217 3072 3287; x_wconf 80' lang='grc' dir='ltr'>γεγόναμεν,</span> <span class='ocrx_word' id='word_1_523' title='bbox 3101 3217 3199 3271; x_wconf 78' lang='grc' dir='ltr'>καὶ</span> <span class='ocrx_word' id='word_1_524' title='bbox 3225 3217 3311 3270; x_wconf 82' lang='grc' dir='ltr'>ὅτι</span> <span class='ocrx_word' id='word_1_525' title='bbox 3334 3216 3442 3271; x_wconf 79' lang='grc' dir='ltr'><strong>ἀπὸ</strong></span> <span class='ocrx_word' id='word_1_526' title='bbox 3477 3216 3714 3284; x_wconf 73' lang='grc' dir='ltr'>φθαρτοῦ</span> 
     </span>
    </p>
   </div>
   <div class='ocr_carea' id='block_1_76' title="bbox 2149 3305 3717 3377">
    <p class='ocr_par' dir='ltr' id='par_1_76' title="bbox 2149 3305 3717 3377">
     <span class='ocr_line' id='line_1_76' title="bbox 2149 3305 3717 3377; baseline 0 -17"><span class='ocrx_word' id='word_1_527' title='bbox 2149 3307 2313 3360; x_wconf 82' lang='grc' dir='ltr'>πάλιν</span> <span class='ocrx_word' id='word_1_528' title='bbox 2348 3306 2619 3377; x_wconf 75' lang='grc' dir='ltr'>ἄφθαρτοι</span> <span class='ocrx_word' id='word_1_529' title='bbox 2659 3309 3019 3377; x_wconf 81' lang='grc' dir='ltr'>ἀνιστάμεθα.</span> <span class='ocrx_word' id='word_1_530' title='bbox 3072 3307 3153 3376; x_wconf 84' lang='grc' dir='ltr'>τῷ</span> <span class='ocrx_word' id='word_1_531' title='bbox 3191 3307 3285 3361; x_wconf 84' lang='grc' dir='ltr'>τοῦ</span> <span class='ocrx_word' id='word_1_532' title='bbox 3327 3308 3528 3361; x_wconf 84' lang='grc' dir='ltr'>κόκκου</span> <span class='ocrx_word' id='word_1_533' title='bbox 3590 3305 3717 3360; x_wconf 76' lang='grc' dir='ltr'><strong>ὕπο-</strong></span> 
     </span>
    </p>
   </div>
   <div class='ocr_carea' id='block_1_77' title="bbox 2143 3398 3716 3470">
    <p class='ocr_par' dir='ltr' id='par_1_77' title="bbox 2143 3398 3716 3470">
     <span class='ocr_line' id='line_1_77' title="bbox 2143 3398 3716 3470; baseline -0.002 -17"><span class='ocrx_word' id='word_1_534' title='bbox 2143 3399 2403 3469; x_wconf 88' lang='grc' dir='ltr'>δείγματι</span> <span class='ocrx_word' id='word_1_535' title='bbox 2442 3404 2535 3452; x_wconf 70' lang='grc' dir='ltr'><strong>καὶ</strong></span> <span class='ocrx_word' id='word_1_536' title='bbox 2564 3398 2708 3469; x_wconf 72' lang='grc' dir='ltr'>μάλα</span> <span class='ocrx_word' id='word_1_537' title='bbox 2741 3399 3042 3469; x_wconf 82' lang='grc' dir='ltr'><strong>προσφυῶς</strong></span> <span class='ocrx_word' id='word_1_538' title='bbox 3091 3400 3385 3470; x_wconf 73' lang='grc' dir='ltr'>ἐχρήσατο,</span> <span class='ocrx_word' id='word_1_539' title='bbox 3433 3399 3570 3469; x_wconf 78' lang='grc' dir='ltr'>πρὸς</span> <span class='ocrx_word' id='word_1_540' title='bbox 3601 3400 3716 3450; x_wconf 78' lang='grc' dir='ltr'><strong>Ἀν-</strong></span> 
     </span>
    </p>
   </div>
   <div class='ocr_carea' id='block_1_78' title="bbox 2142 3490 3717 3563">
    <p class='ocr_par' dir='ltr' id='par_1_78' title="bbox 2142 3490 3717 3563">
     <span class='ocr_line' id='line_1_78' title="bbox 2142 3490 3717 3563; baseline -0.002 -18"><span class='ocrx_word' id='word_1_541' title='bbox 2142 3493 2323 3563; x_wconf 85' lang='grc' dir='ltr'>τίοχον</span> <span class='ocrx_word' id='word_1_542' title='bbox 2356 3492 2531 3557; x_wconf 74' lang='grc' dir='ltr'>οὕτως</span> <span class='ocrx_word' id='word_1_543' title='bbox 2561 3490 2761 3547; x_wconf 77' lang='grc' dir='ltr'>εἰπών’</span> <span class='ocrx_word' id='word_1_544' title='bbox 2811 3510 2831 3542; x_wconf 80' lang='grc' dir='ltr'><strong>ι</strong></span> <span class='ocrx_word' id='word_1_545' title='bbox 2865 3493 3083 3563; x_wconf 81' lang='grc' dir='ltr'>Ὠσπερ</span> <span class='ocrx_word' id='word_1_546' title='bbox 3118 3492 3210 3545; x_wconf 71' lang='grc' dir='ltr'><strong>ἐπὶ</strong></span> <span class='ocrx_word' id='word_1_547' title='bbox 3233 3490 3328 3545; x_wconf 83' lang='grc' dir='ltr'>τοῦ</span> <span class='ocrx_word' id='word_1_548' title='bbox 3361 3491 3563 3545; x_wconf 85' lang='grc' dir='ltr'>κόκκου</span> <span class='ocrx_word' id='word_1_549' title='bbox 3596 3490 3717 3543; x_wconf 75' lang='grc' dir='ltr'>στά-</span> 
     </span>
    </p>
   </div>
   <div class='ocr_carea' id='block_1_79' title="bbox 2145 3581 3719 3655">
    <p class='ocr_par' dir='ltr' id='par_1_79' title="bbox 2145 3581 3719 3655">
     <span class='ocr_line' id='line_1_79' title="bbox 2145 3581 3719 3655; baseline -0.001 -18"><span class='ocrx_word' id='word_1_550' title='bbox 2145 3603 2246 3655; x_wconf 85' lang='grc' dir='ltr'><strong>χυν</strong></span> <span class='ocrx_word' id='word_1_551' title='bbox 2282 3586 2545 3655; x_wconf 82' lang='grc' dir='ltr'>ἐποίησεν</span> <span class='ocrx_word' id='word_1_552' title='bbox 2565 3585 2660 3639; x_wconf 81' lang='grc' dir='ltr'><strong>ἀπ’</strong></span> <span class='ocrx_word' id='word_1_553' title='bbox 2682 3587 2859 3655; x_wconf 76' lang='grc' dir='ltr'>ἀρχῆς</span> <span class='ocrx_word' id='word_1_554' title='bbox 2889 3586 2919 3637; x_wconf 81' lang='grc' dir='ltr'><strong>ὁ</strong></span> <span class='ocrx_word' id='word_1_555' title='bbox 2945 3583 3100 3649; x_wconf 73' lang='grc' dir='ltr'>Θεὸς,</span> <span class='ocrx_word' id='word_1_556' title='bbox 3135 3581 3229 3635; x_wconf 81' lang='grc' dir='ltr'>τοῦ</span> <span class='ocrx_word' id='word_1_557' title='bbox 3248 3582 3310 3636; x_wconf 77' lang='grc' dir='ltr'><strong>δὲ</strong></span> <span class='ocrx_word' id='word_1_558' title='bbox 3335 3586 3566 3652; x_wconf 77' lang='grc' dir='ltr'>στάχυος</span> <span class='ocrx_word' id='word_1_559' title='bbox 3599 3598 3719 3636; x_wconf 51' lang='grc' dir='ltr'>συν.</span> 
     </span>
    </p>
   </div>
   <div class='ocr_carea' id='block_1_80' title="bbox 2144 3676 3719 3747">
    <p class='ocr_par' dir='ltr' id='par_1_80' title="bbox 2144 3676 3719 3747">
     <span class='ocr_line' id='line_1_80' title="bbox 2144 3676 3719 3747; baseline -0.001 -18"><span class='ocrx_word' id='word_1_560' title='bbox 2144 3676 2421 3747; x_wconf 80' lang='grc' dir='ltr'>τριὸἐντος</span> <span class='ocrx_word' id='word_1_561' title='bbox 2476 3678 2701 3747; x_wconf 76' lang='grc' dir='ltr'>γέγονεν</span> <span class='ocrx_word' id='word_1_562' title='bbox 2743 3678 2771 3741; x_wconf 73' lang='grc' dir='ltr'><strong>ό</strong></span> <span class='ocrx_word' id='word_1_563' title='bbox 2830 3677 3050 3743; x_wconf 82' lang='grc' dir='ltr'>κόκκος,</span> <span class='ocrx_word' id='word_1_564' title='bbox 3117 3677 3215 3729; x_wconf 80' lang='grc' dir='ltr'>καὶ</span> <span class='ocrx_word' id='word_1_565' title='bbox 3248 3676 3411 3730; x_wconf 85' lang='grc' dir='ltr'>πάλιν</span> <span class='ocrx_word' id='word_1_566' title='bbox 3467 3678 3495 3728; x_wconf 78' lang='grc' dir='ltr'><strong>ὁ</strong></span> <span class='ocrx_word' id='word_1_567' title='bbox 3528 3676 3719 3738; x_wconf 76' lang='grc' dir='ltr'>κόκκος</span> 
     </span>
    </p>
   </div>
   <div class='ocr_carea' id='block_1_81' title="bbox 2148 3765 3718 3841">
    <p class='ocr_par' dir='ltr' id='par_1_81' title="bbox 2148 3765 3718 3841">
     <span class='ocr_line' id='line_1_81' title="bbox 2148 3765 3718 3841; baseline -0.003 -18"><span class='ocrx_word' id='word_1_568' title='bbox 2148 3771 2511 3841; x_wconf 83' lang='grc' dir='ltr'>σπειρόμενος</span> <span class='ocrx_word' id='word_1_569' title='bbox 2542 3768 2943 3825; x_wconf 77' lang='grc' dir='ltr'>ἀναϐλαστάνει</span> <span class='ocrx_word' id='word_1_570' title='bbox 2981 3768 3208 3839; x_wconf 81' lang='grc' dir='ltr'>στάχυν,</span> <span class='ocrx_word' id='word_1_571' title='bbox 3238 3767 3411 3831; x_wconf 80' lang='grc' dir='ltr'>οὕτως</span> <span class='ocrx_word' id='word_1_572' title='bbox 3443 3768 3550 3820; x_wconf 80' lang='grc' dir='ltr'><strong>ὑπὸ</strong></span> <span class='ocrx_word' id='word_1_573' title='bbox 3589 3765 3718 3820; x_wconf 80' lang='grc' dir='ltr'>Θεοῦ</span> 
     </span>
    </p>
   </div>
   <div class='ocr_carea' id='block_1_82' title="bbox 2146 3860 3721 3934">
    <p class='ocr_par' dir='ltr' id='par_1_82' title="bbox 2146 3860 3721 3934">
     <span class='ocr_line' id='line_1_82' title="bbox 2146 3860 3721 3934; baseline 0 -20"><span class='ocrx_word' id='word_1_574' title='bbox 2146 3863 2174 3914; x_wconf 85' lang='grc' dir='ltr'>ὁ</span> <span class='ocrx_word' id='word_1_575' title='bbox 2208 3862 2499 3934; x_wconf 79' lang='grc' dir='ltr'>ἄνθρωπος</span> <span class='ocrx_word' id='word_1_576' title='bbox 2527 3863 2749 3931; x_wconf 82' lang='grc' dir='ltr'>γέγονεν</span> <span class='ocrx_word' id='word_1_577' title='bbox 2788 3862 3090 3933; x_wconf 78' lang='grc' dir='ltr'>ἄφθαρτος,</span> <span class='ocrx_word' id='word_1_578' title='bbox 3120 3861 3238 3915; x_wconf 83' lang='grc' dir='ltr'>εἶτα</span> <span class='ocrx_word' id='word_1_579' title='bbox 3263 3860 3322 3913; x_wconf 78' lang='grc' dir='ltr'><strong>δὲ</strong></span> <span class='ocrx_word' id='word_1_580' title='bbox 3367 3861 3456 3914; x_wconf 74' lang='grc' dir='ltr'><strong>διὰ</strong></span> <span class='ocrx_word' id='word_1_581' title='bbox 3488 3861 3590 3929; x_wconf 75' lang='grc' dir='ltr'>τῆς</span> <span class='ocrx_word' id='word_1_582' title='bbox 3623 3876 3721 3914; x_wconf 79' lang='grc' dir='ltr'>πα-</span> 
     </span>
    </p>
   </div>
   <div class='ocr_carea' id='block_1_83' title="bbox 2151 3955 3722 4027">
    <p class='ocr_par' dir='ltr' id='par_1_83' title="bbox 2151 3955 3722 4027">
     <span class='ocr_line' id='line_1_83' title="bbox 2151 3955 3722 4027; baseline -0.003 -18"><span class='ocrx_word' id='word_1_583' title='bbox 2151 3955 2356 4026; x_wconf 84' lang='grc' dir='ltr'>ρακοῆς</span> <span class='ocrx_word' id='word_1_584' title='bbox 2379 3956 2673 4027; x_wconf 78' lang='grc' dir='ltr'>συνετρίϐη</span> <span class='ocrx_word' id='word_1_585' title='bbox 2698 3957 2795 4008; x_wconf 78' lang='grc' dir='ltr'>καὶ</span> <span class='ocrx_word' id='word_1_586' title='bbox 2820 3956 2999 4027; x_wconf 77' lang='grc' dir='ltr'>φθορᾷ</span> <span class='ocrx_word' id='word_1_587' title='bbox 3017 3956 3337 4023; x_wconf 80' lang='grc' dir='ltr'>περιέπεσε,</span> <span class='ocrx_word' id='word_1_588' title='bbox 3358 3955 3722 4023; x_wconf 79' lang='grc' dir='ltr'>σπειρόμενος</span> 
     </span>
    </p>
   </div>
   <div class='ocr_carea' id='block_1_84' title="bbox 2148 4047 3723 4120">
    <p class='ocr_par' dir='ltr' id='par_1_84' title="bbox 2148 4047 3723 4120">
     <span class='ocr_line' id='line_1_84' title="bbox 2148 4047 3723 4120; baseline -0.003 -18"><span class='ocrx_word' id='word_1_589' title='bbox 2148 4049 2205 4102; x_wconf 83' lang='grc' dir='ltr'><strong>δὲ</strong></span> <span class='ocrx_word' id='word_1_590' title='bbox 2241 4050 2332 4103; x_wconf 73' lang='grc' dir='ltr'><strong>διὰ</strong></span> <span class='ocrx_word' id='word_1_591' title='bbox 2362 4049 2457 4103; x_wconf 81' lang='grc' dir='ltr'>τοῦ</span> <span class='ocrx_word' id='word_1_592' title='bbox 2494 4050 2732 4105; x_wconf 87' lang='grc' dir='ltr'>θανάτου</span> <span class='ocrx_word' id='word_1_593' title='bbox 2759 4052 2852 4102; x_wconf 77' lang='grc' dir='ltr'>καὶ</span> <span class='ocrx_word' id='word_1_594' title='bbox 2880 4052 2948 4120; x_wconf 83' lang='grc' dir='ltr'><strong>τῇ</strong></span> <span class='ocrx_word' id='word_1_595' title='bbox 2976 4052 3045 4119; x_wconf 78' lang='grc' dir='ltr'>γῇ</span> <span class='ocrx_word' id='word_1_596' title='bbox 3084 4047 3574 4119; x_wconf 81' lang='grc' dir='ltr'>καταχωννύμενος</span> <span class='ocrx_word' id='word_1_597' title='bbox 3598 4050 3723 4099; x_wconf 83' lang='grc' dir='ltr'>ἀνα-</span> 
     </span>
    </p>
   </div>
   <div class='ocr_carea' id='block_1_85' title="bbox 2150 4138 3722 4213">
    <p class='ocr_par' dir='ltr' id='par_1_85' title="bbox 2150 4138 3722 4213">
     <span class='ocr_line' id='line_1_85' title="bbox 2150 4138 3722 4213; baseline -0.002 -16"><span class='ocrx_word' id='word_1_598' title='bbox 2150 4143 2466 4209; x_wconf 74' lang='grc' dir='ltr'>ϐλαστάνει,</span> <span class='ocrx_word' id='word_1_599' title='bbox 2497 4143 2592 4196; x_wconf 76' lang='grc' dir='ltr'>καὶ</span> <span class='ocrx_word' id='word_1_600' title='bbox 2638 4142 2848 4211; x_wconf 85' lang='grc' dir='ltr'>γίνεται</span> <span class='ocrx_word' id='word_1_601' title='bbox 2878 4142 3073 4212; x_wconf 78' lang='grc' dir='ltr'>ὥσπερ</span> <span class='ocrx_word' id='word_1_602' title='bbox 3101 4138 3170 4213; x_wconf 67' lang='grc' dir='ltr'>ἦν</span> <span class='ocrx_word' id='word_1_603' title='bbox 3199 4141 3480 4213; x_wconf 74' lang='grc' dir='ltr'>ἄφθαρτος</span> <span class='ocrx_word' id='word_1_604' title='bbox 3502 4142 3598 4195; x_wconf 80' lang='grc' dir='ltr'><strong>ἀπ’</strong></span> <span class='ocrx_word' id='word_1_605' title='bbox 3625 4142 3722 4210; x_wconf 85' lang='grc' dir='ltr'>άρ-</span> 
     </span>
    </p>
   </div>
   <div class='ocr_carea' id='block_1_86' title="bbox 2150 4228 3723 4306">
    <p class='ocr_par' dir='ltr' id='par_1_86' title="bbox 2150 4228 3723 4306">
     <span class='ocr_line' id='line_1_86' title="bbox 2150 4228 3723 4306; baseline -0.004 -18"><span class='ocrx_word' id='word_1_606' title='bbox 2150 4234 2274 4306; x_wconf 78' lang='grc' dir='ltr'>χῆς.</span> <span class='ocrx_word' id='word_1_607' title='bbox 2317 4251 2337 4287; x_wconf 76' lang='grc' dir='ltr'><strong><em>ι</em></strong></span> <span class='ocrx_word' id='word_1_608' title='bbox 2366 4234 2477 4287; x_wconf 78' lang='grc' dir='ltr'><strong>Καὶ</strong></span> <span class='ocrx_word' id='word_1_609' title='bbox 2509 4235 2585 4304; x_wconf 85' lang='grc' dir='ltr'>μή</span> <span class='ocrx_word' id='word_1_610' title='bbox 2620 4234 2859 4306; x_wconf 85' lang='grc' dir='ltr'>μσιλέγε</span> <span class='ocrx_word' id='word_1_611' title='bbox 2890 4234 2968 4297; x_wconf 81' lang='grc' dir='ltr'><strong>ὡς</strong></span> <span class='ocrx_word' id='word_1_612' title='bbox 3005 4234 3127 4301; x_wconf 85' lang='grc' dir='ltr'>εῐγε</span> <span class='ocrx_word' id='word_1_613' title='bbox 3157 4234 3294 4297; x_wconf 81' lang='grc' dir='ltr'>τέως</span> <span class='ocrx_word' id='word_1_614' title='bbox 3337 4231 3609 4295; x_wconf 81' lang='grc' dir='ltr'>ἀθάνατος</span> <span class='ocrx_word' id='word_1_615' title='bbox 3637 4228 3723 4302; x_wconf 82' lang='grc' dir='ltr'>ἦν,</span> 
     </span>
    </p>
   </div>
   <div class='ocr_carea' id='block_1_87' title="bbox 2152 4325 3721 4399">
    <p class='ocr_par' dir='ltr' id='par_1_87' title="bbox 2152 4325 3721 4399">
     <span class='ocr_line' id='line_1_87' title="bbox 2152 4325 3721 4399; baseline -0.002 -17"><span class='ocrx_word' id='word_1_616' title='bbox 2152 4329 2269 4392; x_wconf 84' lang='grc' dir='ltr'>πῶς</span> <span class='ocrx_word' id='word_1_617' title='bbox 2310 4328 2554 4382; x_wconf 76' lang='grc' dir='ltr'>ὑπέπεσε</span> <span class='ocrx_word' id='word_1_618' title='bbox 2617 4328 2757 4397; x_wconf 75' lang='grc' dir='ltr'>μετὰ</span> <span class='ocrx_word' id='word_1_619' title='bbox 2814 4326 2989 4380; x_wconf 81' lang='grc' dir='ltr'>ταῦτα</span> <span class='ocrx_word' id='word_1_620' title='bbox 3027 4327 3206 4399; x_wconf 82' lang='grc' dir='ltr'>φθορᾷ</span> <span class='ocrx_word' id='word_1_621' title='bbox 3252 4329 3348 4381; x_wconf 77' lang='grc' dir='ltr'>καὶ</span> <span class='ocrx_word' id='word_1_622' title='bbox 3404 4325 3721 4396; x_wconf 75' lang='grc' dir='ltr'>θνητότητις</span> 
     </span>
    </p>
   </div>
   <div class='ocr_carea' id='block_1_88' title="bbox 2150 4411 3724 4489">
    <p class='ocr_par' dir='ltr' id='par_1_88' title="bbox 2150 4411 3724 4489">
     <span class='ocr_line' id='line_1_88' title="bbox 2150 4411 3724 4489; baseline -0.003 -16"><span class='ocrx_word' id='word_1_623' title='bbox 2150 4418 2289 4488; x_wconf 76' lang='grc' dir='ltr'>ἄφες</span> <span class='ocrx_word' id='word_1_624' title='bbox 2327 4420 2389 4471; x_wconf 87' lang='grc' dir='ltr'>τὸ</span> <span class='ocrx_word' id='word_1_625' title='bbox 2421 4419 2563 4483; x_wconf 82' lang='grc' dir='ltr'>πῶς.</span> <span class='ocrx_word' id='word_1_626' title='bbox 2612 4419 2745 4481; x_wconf 83' lang='grc' dir='ltr'>Θεὸς</span> <span class='ocrx_word' id='word_1_627' title='bbox 2779 4413 2848 4489; x_wconf 75' lang='grc' dir='ltr'>ἦν</span> <span class='ocrx_word' id='word_1_628' title='bbox 2877 4421 2904 4471; x_wconf 86' lang='grc' dir='ltr'>ὁ</span> <span class='ocrx_word' id='word_1_629' title='bbox 2951 4418 3123 4471; x_wconf 74' lang='grc' dir='ltr'>εἰπών</span> <span class='ocrx_word' id='word_1_630' title='bbox 3145 4433 3161 4448; x_wconf 84' lang='lat'><strong><em>°</em></strong></span> <span class='ocrx_word' id='word_1_631' title='bbox 3203 4435 3225 4470; x_wconf 72' lang='grc' dir='ltr'>ι</span> <span class='ocrx_word' id='word_1_632' title='bbox 3269 4411 3345 4489; x_wconf 71' lang='grc' dir='ltr'><strong>⁷ῌ</strong></span> <span class='ocrx_word' id='word_1_633' title='bbox 3372 4416 3419 4472; x_wconf 84' lang='grc' dir='ltr'><strong>δ’</strong></span> <span class='ocrx_word' id='word_1_634' title='bbox 3451 4418 3519 4472; x_wconf 82' lang='grc' dir='ltr'>ἂν</span> <span class='ocrx_word' id='word_1_635' title='bbox 3548 4417 3724 4488; x_wconf 66' lang='grc' dir='ltr'>ἡμέρᾳ</span> 
     </span>
    </p>
   </div>
   <div class='ocr_carea' id='block_1_89' title="bbox 460 4503 2035 4608">
    <p class='ocr_par' dir='ltr' id='par_1_89' title="bbox 460 4503 2035 4577">
     <span class='ocr_line' id='line_1_89' title="bbox 460 4503 2035 4577; baseline 0.006 -17"><span class='ocrx_word' id='word_1_636' title='bbox 460 4514 572 4569; x_wconf 81' lang='lat' dir='ltr'><strong>rat,</strong></span> <span class='ocrx_word' id='word_1_637' title='bbox 611 4522 630 4555; x_wconf 83' lang='grc' dir='ltr'><strong>ι</strong></span> <span class='ocrx_word' id='word_1_638' title='bbox 661 4503 1002 4576; x_wconf 84' lang='lat' dir='ltr'><strong>Quocunque</strong></span> <span class='ocrx_word' id='word_1_639' title='bbox 1029 4507 1119 4563; x_wconf 88' lang='lat' dir='ltr'><strong>die</strong></span> <span class='ocrx_word' id='word_1_640' title='bbox 1150 4508 1443 4564; x_wconf 85' lang='lat' dir='ltr'><strong>vescemini</strong></span> <span class='ocrx_word' id='word_1_641' title='bbox 1490 4509 1592 4565; x_wconf 85' lang='lat' dir='ltr'><strong>hac</strong></span> <span class='ocrx_word' id='word_1_642' title='bbox 1618 4510 1838 4577; x_wconf 88' lang='lat' dir='ltr'><strong>arbore,</strong></span> <span class='ocrx_word' id='word_1_643' title='bbox 1872 4523 2035 4569; x_wconf 68' lang='lat' dir='ltr'><strong>morte</strong></span> 
     </span>
    </p>
   </div>
   <div class='ocr_carea' id='block_1_90' title="bbox 2145 4503 3725 4608">
    <p class='ocr_par' dir='ltr' id='par_1_90' title="bbox 2153 4508 3725 4583">
     <span class='ocr_line' id='line_1_90' title="bbox 2153 4508 3725 4583; baseline 0 -17"><span class='ocrx_word' id='word_1_644' title='bbox 2153 4514 2368 4583; x_wconf 81' lang='grc' dir='ltr'>φάγητε</span> <span class='ocrx_word' id='word_1_645' title='bbox 2403 4512 2514 4567; x_wconf 81' lang='grc' dir='ltr'>άπὸ</span> <span class='ocrx_word' id='word_1_646' title='bbox 2542 4511 2638 4567; x_wconf 83' lang='grc' dir='ltr'>τοῦ</span> <span class='ocrx_word' id='word_1_647' title='bbox 2674 4510 2868 4581; x_wconf 80' lang='grc' dir='ltr'>φυτοῦ,</span> <span class='ocrx_word' id='word_1_648' title='bbox 2896 4510 3115 4581; x_wconf 85' lang='grc' dir='ltr'>θανάτῳ</span> <span class='ocrx_word' id='word_1_649' title='bbox 3154 4508 3550 4563; x_wconf 57' lang='grc' dir='ltr'>ἀποθανεῖσθεν</span> <span class='ocrx_word' id='word_1_650' title='bbox 3571 4528 3590 4561; x_wconf 76' lang='grc' dir='ltr'><strong>ι</strong></span> <span class='ocrx_word' id='word_1_651' title='bbox 3623 4510 3725 4566; x_wconf 67' lang='grc' dir='ltr'>καὶ</span> 
     </span>
    </p>
   </div>
   <div class='ocr_carea' id='block_1_91' title="bbox 462 4597 2035 4674">
    <p class='ocr_par' dir='ltr' id='par_1_91' title="bbox 462 4597 2035 4674">
     <span class='ocr_line' id='line_1_91' title="bbox 462 4597 2035 4674; baseline 0.006 -23"><span class='ocrx_word' id='word_1_652' title='bbox 462 4597 927 4654; x_wconf 81' lang='lat' dir='ltr'><strong>multabimini&quot;.</strong></span> <span class='ocrx_word' id='word_1_653' title='bbox 959 4617 981 4652; x_wconf 71' lang='grc' dir='ltr'><strong>ι</strong></span> <span class='ocrx_word' id='word_1_654' title='bbox 1044 4598 1115 4654; x_wconf 81' lang='lat' dir='ltr'><strong>Et</strong></span> <span class='ocrx_word' id='word_1_655' title='bbox 1157 4602 1330 4657; x_wconf 84' lang='lat' dir='ltr'><strong>audes</strong></span> <span class='ocrx_word' id='word_1_656' title='bbox 1362 4600 1425 4656; x_wconf 82' lang='lat' dir='ltr'><strong>tu</strong></span> <span class='ocrx_word' id='word_1_657' title='bbox 1449 4601 1585 4657; x_wconf 85' lang='lat' dir='ltr'><strong>mibi</strong></span> <span class='ocrx_word' id='word_1_658' title='bbox 1620 4602 1892 4672; x_wconf 84' lang='lat' dir='ltr'><strong>objicere,</strong></span> <span class='ocrx_word' id='word_1_659' title='bbox 1936 4620 2035 4674; x_wconf 77' lang='lat' dir='ltr'><strong>quo</strong></span> 
     </span>
    </p>
   </div>
   <div class='ocr_carea' id='block_1_92' title="bbox 2145 4597 3726 4674">
    <p class='ocr_par' dir='ltr' id='par_1_92' title="bbox 2155 4601 3726 4674">
     <span class='ocr_line' id='line_1_92' title="bbox 2155 4601 3726 4674; baseline -0.006 -14"><span class='ocrx_word' id='word_1_660' title='bbox 2155 4608 2220 4660; x_wconf 77' lang='grc' dir='ltr'>σὺ</span> <span class='ocrx_word' id='word_1_661' title='bbox 2248 4606 2429 4674; x_wconf 79' lang='grc' dir='ltr'>λέγεις</span> <span class='ocrx_word' id='word_1_662' title='bbox 2461 4606 2544 4658; x_wconf 84' lang='grc' dir='ltr'>ὅτι</span> <span class='ocrx_word' id='word_1_663' title='bbox 2567 4604 2685 4667; x_wconf 82' lang='grc' dir='ltr'>πῶς</span> <span class='ocrx_word' id='word_1_664' title='bbox 2712 4605 2740 4659; x_wconf 76' lang='grc' dir='ltr'><strong>ό</strong></span> <span class='ocrx_word' id='word_1_665' title='bbox 2766 4604 3035 4667; x_wconf 75' lang='grc' dir='ltr'>ἀθάνατος</span> <span class='ocrx_word' id='word_1_666' title='bbox 3060 4603 3308 4671; x_wconf 79' lang='grc' dir='ltr'>ἐγεγόνει</span> <span class='ocrx_word' id='word_1_667' title='bbox 3336 4601 3569 4673; x_wconf 75' lang='grc' dir='ltr'>θνητόςς</span> <span class='ocrx_word' id='word_1_668' title='bbox 3597 4601 3726 4667; x_wconf 78' lang='grc' dir='ltr'>ἄφες</span> 
     </span>
    </p>
   </div>
   <div class='ocr_carea' id='block_1_93' title="bbox 462 4687 2049 4761">
    <p class='ocr_par' dir='ltr' id='par_1_93' title="bbox 462 4687 2049 4761">
     <span class='ocr_line' id='line_1_93' title="bbox 462 4687 2049 4761; baseline 0.008 -21"><span class='ocrx_word' id='word_1_669' title='bbox 462 4696 626 4756; x_wconf 86' lang='lat' dir='ltr'><strong>pacto</strong></span> <span class='ocrx_word' id='word_1_670' title='bbox 651 4688 896 4744; x_wconf 81' lang='lat' dir='ltr'><strong>mortalis</strong></span> <span class='ocrx_word' id='word_1_671' title='bbox 925 4687 1104 4745; x_wconf 82' lang='lat' dir='ltr'><strong>factus</strong></span> <span class='ocrx_word' id='word_1_672' title='bbox 1133 4691 1205 4746; x_wconf 93' lang='lat' dir='ltr'><strong>sit</strong></span> <span class='ocrx_word' id='word_1_673' title='bbox 1228 4692 1329 4761; x_wconf 80' lang='lat' dir='ltr'><strong>qui</strong></span> <span class='ocrx_word' id='word_1_674' title='bbox 1374 4693 1697 4750; x_wconf 87' lang='lat' dir='ltr'><strong>immortalis</strong></span> <span class='ocrx_word' id='word_1_675' title='bbox 1728 4697 1889 4751; x_wconf 79' lang='lat' dir='ltr'><strong>erat?</strong></span> <span class='ocrx_word' id='word_1_676' title='bbox 1939 4697 2049 4753; x_wconf 83' lang='lat' dir='ltr'><strong>De-</strong></span> 
     </span>
    </p>
   </div>
   <div class='ocr_carea' id='block_1_94' title="bbox 464 4779 2051 4859">
    <p class='ocr_par' dir='ltr' id='par_1_94' title="bbox 464 4779 2051 4859">
     <span class='ocr_line' id='line_1_94' title="bbox 464 4779 2051 4859; baseline 0.008 -27"><span class='ocrx_word' id='word_1_677' title='bbox 464 4779 611 4845; x_wconf 85' lang='lat' dir='ltr'><strong>sine,</strong></span> <span class='ocrx_word' id='word_1_678' title='bbox 644 4793 753 4847; x_wconf 88' lang='lat' dir='ltr'><strong>quo</strong></span> <span class='ocrx_word' id='word_1_679' title='bbox 781 4788 963 4849; x_wconf 89' lang='lat' dir='ltr'><strong>pacto,</strong></span> <span class='ocrx_word' id='word_1_680' title='bbox 993 4780 1360 4852; x_wconf 74' lang='lat' dir='ltr'><strong>interrogare.</strong></span> <span class='ocrx_word' id='word_1_681' title='bbox 1419 4782 1661 4839; x_wconf 77' lang='lat' dir='ltr'><strong>Joannes</strong></span> <span class='ocrx_word' id='word_1_682' title='bbox 1694 4785 1785 4840; x_wconf 91' lang='lat' dir='ltr'><strong>ille</strong></span> <span class='ocrx_word' id='word_1_683' title='bbox 1818 4785 2051 4859; x_wconf 83' lang='lat' dir='ltr'><strong>Chryso-</strong></span> 
     </span>
    </p>
   </div>
   <div class='ocr_carea' id='block_1_95' title="bbox 465 4870 2050 4935">
    <p class='ocr_par' dir='ltr' id='par_1_95' title="bbox 465 4870 2050 4935">
     <span class='ocr_line' id='line_1_95' title="bbox 465 4870 2050 4935; baseline 0.007 -11"><span class='ocrx_word' id='word_1_684' title='bbox 465 4877 681 4926; x_wconf 82' lang='lat' dir='ltr'><strong>stomus</strong></span> <span class='ocrx_word' id='word_1_685' title='bbox 730 4870 787 4925; x_wconf 92' lang='lat' dir='ltr'><strong>in</strong></span> <span class='ocrx_word' id='word_1_686' title='bbox 819 4871 1067 4927; x_wconf 88' lang='lat' dir='ltr'><strong>oratione</strong></span> <span class='ocrx_word' id='word_1_687' title='bbox 1116 4887 1214 4928; x_wconf 86' lang='lat' dir='ltr'><strong>sua</strong></span> <span class='ocrx_word' id='word_1_688' title='bbox 1266 4875 1335 4929; x_wconf 90' lang='lat' dir='ltr'><strong>de</strong></span> <span class='ocrx_word' id='word_1_689' title='bbox 1376 4875 1567 4931; x_wconf 85' lang='lat' dir='ltr'><strong>Adami</strong></span> <span class='ocrx_word' id='word_1_690' title='bbox 1597 4878 1797 4933; x_wconf 77' lang='lat' dir='ltr'><strong>exsilio</strong></span> <span class='ocrx_word' id='word_1_691' title='bbox 1830 4877 2050 4935; x_wconf 87' lang='lat' dir='ltr'><strong>dubita-</strong></span> 
     </span>
    </p>
   </div>
   <div class='ocr_carea' id='block_1_96' title="bbox 466 4961 2046 5041">
    <p class='ocr_par' dir='ltr' id='par_1_96' title="bbox 466 4961 2046 5041">
     <span class='ocr_line' id='line_1_96' title="bbox 466 4961 2046 5041; baseline 0.007 -26"><span class='ocrx_word' id='word_1_692' title='bbox 466 4961 675 5015; x_wconf 86' lang='lat' dir='ltr'><strong>tionem</strong></span> <span class='ocrx_word' id='word_1_693' title='bbox 712 4961 851 5017; x_wconf 87' lang='lat' dir='ltr'><strong>banc</strong></span> <span class='ocrx_word' id='word_1_694' title='bbox 887 4962 987 5018; x_wconf 86' lang='lat' dir='ltr'><strong>tibi</strong></span> <span class='ocrx_word' id='word_1_695' title='bbox 1011 4963 1210 5019; x_wconf 72' lang='lat' dir='ltr'><strong>solvet.</strong></span> <span class='ocrx_word' id='word_1_696' title='bbox 1278 4963 1680 5038; x_wconf 79' lang='lat' dir='ltr'><strong>Transgressus</strong></span> <span class='ocrx_word' id='word_1_697' title='bbox 1709 4981 1812 5034; x_wconf 82' lang='lat' dir='ltr'><strong>est,</strong></span> <span class='ocrx_word' id='word_1_698' title='bbox 1846 4970 2046 5041; x_wconf 85' lang='lat' dir='ltr'><strong>inquit,</strong></span> 
     </span>
    </p>
   </div>
   <div class='ocr_carea' id='block_1_97' title="bbox 466 5054 2051 5131">
    <p class='ocr_par' dir='ltr' id='par_1_97' title="bbox 466 5054 2051 5131">
     <span class='ocr_line' id='line_1_97' title="bbox 466 5054 2051 5131; baseline 0.008 -25"><span class='ocrx_word' id='word_1_699' title='bbox 466 5054 784 5109; x_wconf 84' lang='lat' dir='ltr'><strong>mandatum</strong></span> <span class='ocrx_word' id='word_1_700' title='bbox 817 5056 1101 5123; x_wconf 84' lang='lat' dir='ltr'><strong>Adamus;</strong></span> <span class='ocrx_word' id='word_1_701' title='bbox 1134 5058 1375 5112; x_wconf 89' lang='lat' dir='ltr'><strong>comedit</strong></span> <span class='ocrx_word' id='word_1_702' title='bbox 1427 5075 1456 5113; x_wconf 91' lang='lat' dir='ltr'><strong>a</strong></span> <span class='ocrx_word' id='word_1_703' title='bbox 1514 5077 1623 5130; x_wconf 90' lang='lat' dir='ltr'><strong>quo</strong></span> <span class='ocrx_word' id='word_1_704' title='bbox 1684 5062 1875 5131; x_wconf 88' lang='lat' dir='ltr'><strong>jussus</strong></span> <span class='ocrx_word' id='word_1_705' title='bbox 1933 5072 2051 5119; x_wconf 83' lang='lat' dir='ltr'><strong>erat</strong></span> 
     </span>
    </p>
   </div>
   <div class='ocr_carea' id='block_1_98' title="bbox 466 5144 2052 5229">
    <p class='ocr_par' dir='ltr' id='par_1_98' title="bbox 466 5144 2052 5229">
     <span class='ocr_line' id='line_1_98' title="bbox 466 5144 2052 5229; baseline 0.007 -31"><span class='ocrx_word' id='word_1_706' title='bbox 466 5144 781 5229; x_wconf 78' lang='lat' dir='ltr'><strong>abstinere:</strong></span> <span class='ocrx_word' id='word_1_707' title='bbox 831 5156 1119 5218; x_wconf 86' lang='lat' dir='ltr'><strong>propterea</strong></span> <span class='ocrx_word' id='word_1_708' title='bbox 1154 5149 1249 5218; x_wconf 88' lang='lat' dir='ltr'><strong>qui</strong></span> <span class='ocrx_word' id='word_1_709' title='bbox 1301 5149 1567 5205; x_wconf 86' lang='lat' dir='ltr'><strong>imortalis</strong></span> <span class='ocrx_word' id='word_1_710' title='bbox 1606 5163 1743 5217; x_wconf 77' lang='lat' dir='ltr'><strong>erat,</strong></span> <span class='ocrx_word' id='word_1_711' title='bbox 1804 5155 2052 5209; x_wconf 80' lang='lat' dir='ltr'><strong>mortalis</strong></span> 
     </span>
    </p>
   </div>
   <div class='ocr_carea' id='block_1_99' title="bbox 467 5237 2044 5315">
    <p class='ocr_par' dir='ltr' id='par_1_99' title="bbox 467 5237 2044 5315">
     <span class='ocr_line' id='line_1_99' title="bbox 467 5237 2044 5315; baseline 0.005 -22"><span class='ocrx_word' id='word_1_712' title='bbox 467 5237 646 5293; x_wconf 74' lang='lat' dir='ltr'><strong>Iactus</strong></span> <span class='ocrx_word' id='word_1_713' title='bbox 684 5249 787 5294; x_wconf 88' lang='lat' dir='ltr'><strong>est.</strong></span> <span class='ocrx_word' id='word_1_714' title='bbox 850 5240 1100 5305; x_wconf 86' lang='lat' dir='ltr'><strong>Quonam</strong></span> <span class='ocrx_word' id='word_1_715' title='bbox 1151 5241 1204 5295; x_wconf 88' lang='lat' dir='ltr'><strong>id</strong></span> <span class='ocrx_word' id='word_1_716' title='bbox 1249 5252 1411 5312; x_wconf 87' lang='lat' dir='ltr'><strong>pacto</strong></span> <span class='ocrx_word' id='word_1_717' title='bbox 1442 5246 1787 5313; x_wconf 90' lang='lat' dir='ltr'><strong>percunctari</strong></span> <span class='ocrx_word' id='word_1_718' title='bbox 1830 5248 2044 5315; x_wconf 80' lang='lat' dir='ltr'><strong>desine,</strong></span> 
     </span>
    </p>
   </div>
   <div class='ocr_carea' id='block_1_100' title="bbox 468 5330 2051 5410">
    <p class='ocr_par' dir='ltr' id='par_1_100' title="bbox 468 5330 2051 5410">
     <span class='ocr_line' id='line_1_100' title="bbox 468 5330 2051 5410; baseline 0.006 -25"><span class='ocrx_word' id='word_1_719' title='bbox 468 5347 539 5386; x_wconf 89' lang='lat' dir='ltr'><strong>ne</strong></span> <span class='ocrx_word' id='word_1_720' title='bbox 574 5330 712 5385; x_wconf 76' lang='lat' dir='ltr'><strong>forte</strong></span> <span class='ocrx_word' id='word_1_721' title='bbox 741 5332 808 5386; x_wconf 87' lang='lat' dir='ltr'><strong>de</strong></span> <span class='ocrx_word' id='word_1_722' title='bbox 842 5333 947 5387; x_wconf 89' lang='lat' dir='ltr'><strong>hoc</strong></span> <span class='ocrx_word' id='word_1_723' title='bbox 976 5333 1193 5389; x_wconf 91' lang='lat' dir='ltr'><strong>mortali</strong></span> <span class='ocrx_word' id='word_1_724' title='bbox 1243 5349 1475 5405; x_wconf 88' lang='lat' dir='ltr'><strong>corpore</strong></span> <span class='ocrx_word' id='word_1_725' title='bbox 1518 5339 1691 5410; x_wconf 76' lang='lat' dir='ltr'><strong>magis</strong></span> <span class='ocrx_word' id='word_1_726' title='bbox 1723 5341 1886 5393; x_wconf 84' lang='lat' dir='ltr'><strong>etiam</strong></span> <span class='ocrx_word' id='word_1_727' title='bbox 1940 5342 2051 5395; x_wconf 83' lang='lat' dir='ltr'><strong>bae-</strong></span> 
     </span>
    </p>
   </div>
   <div class='ocr_carea' id='block_1_101' title="bbox 468 5423 2054 5493">
    <p class='ocr_par' dir='ltr' id='par_1_101' title="bbox 468 5423 2054 5493">
     <span class='ocr_line' id='line_1_101' title="bbox 468 5423 2054 5493; baseline 0.004 -16"><span class='ocrx_word' id='word_1_728' title='bbox 468 5423 626 5486; x_wconf 89' lang='lat' dir='ltr'><strong>sites,</strong></span> <span class='ocrx_word' id='word_1_729' title='bbox 666 5432 721 5477; x_wconf 86' lang='lat' dir='ltr'><strong>et</strong></span> <span class='ocrx_word' id='word_1_730' title='bbox 753 5438 993 5492; x_wconf 83' lang='lat' dir='ltr'><strong>quonam</strong></span> <span class='ocrx_word' id='word_1_731' title='bbox 1027 5433 1185 5493; x_wconf 90' lang='lat' dir='ltr'><strong>pacto</strong></span> <span class='ocrx_word' id='word_1_732' title='bbox 1228 5438 1670 5482; x_wconf 86' lang='lat' dir='ltr'><strong>resurrecturum</strong></span> <span class='ocrx_word' id='word_1_733' title='bbox 1707 5431 1779 5484; x_wconf 91' lang='lat' dir='ltr'><strong>sit</strong></span> <span class='ocrx_word' id='word_1_734' title='bbox 1807 5446 1871 5484; x_wconf 78' lang='lat' dir='ltr'><strong>ex</strong></span> <span class='ocrx_word' id='word_1_735' title='bbox 1906 5447 2054 5486; x_wconf 90' lang='lat' dir='ltr'><strong>mor-</strong></span> 
     </span>
    </p>
   </div>
   <div class='ocr_carea' id='block_1_102' title="bbox 468 5515 2056 5585">
    <p class='ocr_par' dir='ltr' id='par_1_102' title="bbox 468 5515 2056 5585">
     <span class='ocr_line' id='line_1_102' title="bbox 468 5515 2056 5585; baseline 0.005 -15"><span class='ocrx_word' id='word_1_736' title='bbox 468 5515 581 5570; x_wconf 84' lang='lat' dir='ltr'><strong>tuis</strong></span> <span class='ocrx_word' id='word_1_737' title='bbox 618 5515 926 5570; x_wconf 76' lang='lat' dir='ltr'><strong>immort‘ale</strong></span> <span class='ocrx_word' id='word_1_738' title='bbox 957 5526 1187 5585; x_wconf 61' lang='lat' dir='ltr'><strong>quaeras,</strong></span> <span class='ocrx_word' id='word_1_739' title='bbox 1233 5531 1359 5574; x_wconf 87' lang='lat' dir='ltr'><strong>cum</strong></span> <span class='ocrx_word' id='word_1_740' title='bbox 1393 5522 1622 5577; x_wconf 90' lang='lat' dir='ltr'><strong>mortale</strong></span> <span class='ocrx_word' id='word_1_741' title='bbox 1661 5523 1733 5576; x_wconf 89' lang='lat' dir='ltr'><strong>sit</strong></span> <span class='ocrx_word' id='word_1_742' title='bbox 1780 5533 1834 5577; x_wconf 91' lang='lat' dir='ltr'><strong>et</strong></span> <span class='ocrx_word' id='word_1_743' title='bbox 1865 5540 2056 5578; x_wconf 87' lang='lat' dir='ltr'><strong>corru-</strong></span> 
     </span>
    </p>
   </div>
   <div class='ocr_carea' id='block_1_103' title="bbox 466 5605 2051 5685">
    <p class='ocr_par' dir='ltr' id='par_1_103' title="bbox 466 5605 2051 5685">
     <span class='ocr_line' id='line_1_103' title="bbox 466 5605 2051 5685; baseline 0.006 -24"><span class='ocrx_word' id='word_1_744' title='bbox 466 5606 686 5675; x_wconf 88' lang='lat' dir='ltr'><strong>ptibile.</strong></span> <span class='ocrx_word' id='word_1_745' title='bbox 722 5605 858 5662; x_wconf 80' lang='lat' dir='ltr'><strong>Nam</strong></span> <span class='ocrx_word' id='word_1_746' title='bbox 882 5608 976 5679; x_wconf 90' lang='lat' dir='ltr'><strong>qui</strong></span> <span class='ocrx_word' id='word_1_747' title='bbox 1004 5608 1073 5665; x_wconf 90' lang='lat' dir='ltr'><strong>de</strong></span> <span class='ocrx_word' id='word_1_748' title='bbox 1103 5624 1170 5665; x_wconf 88' lang='lat' dir='ltr'><strong>eo</strong></span> <span class='ocrx_word' id='word_1_749' title='bbox 1202 5611 1440 5679; x_wconf 88' lang='lat' dir='ltr'><strong>dubitat,</strong></span> <span class='ocrx_word' id='word_1_750' title='bbox 1464 5629 1574 5683; x_wconf 86' lang='lat' dir='ltr'><strong>quo</strong></span> <span class='ocrx_word' id='word_1_751' title='bbox 1615 5627 1773 5684; x_wconf 83' lang='lat' dir='ltr'><strong>paeto</strong></span> <span class='ocrx_word' id='word_1_752' title='bbox 1819 5617 1911 5685; x_wconf 88' lang='lat' dir='ltr'><strong>qui</strong></span> <span class='ocrx_word' id='word_1_753' title='bbox 1955 5617 2051 5670; x_wconf 84' lang='lat' dir='ltr'><strong>im-</strong></span> 
     </span>
    </p>
   </div>
   <div class='ocr_carea' id='block_1_104' title="bbox 544 5784 1580 5860">
    <p class='ocr_par' dir='ltr' id='par_1_104' title="bbox 544 5784 1580 5860">
     <span class='ocr_line' id='line_1_104' title="bbox 544 5784 1580 5860; baseline 0.007 -20"><span class='ocrx_word' id='word_1_754' title='bbox 544 5784 592 5815; x_wconf 83' lang='lat'><strong>&quot;</strong></span> <span class='ocrx_word' id='word_1_755' title='bbox 621 5784 641 5840; x_wconf 82' lang='grc' dir='ltr'>Ι</span> <span class='ocrx_word' id='word_1_756' title='bbox 670 5784 796 5844; x_wconf 83' lang='lat' dir='ltr'><strong>Cor.</strong></span> <span class='ocrx_word' id='word_1_757' title='bbox 830 5806 921 5858; x_wconf 76' lang='lat' dir='ltr'><strong>xv,</strong></span> <span class='ocrx_word' id='word_1_758' title='bbox 959 5790 1052 5848; x_wconf 69' lang='grc'><strong>42.</strong></span> <span class='ocrx_word' id='word_1_759' title='bbox 1130 5793 1174 5826; x_wconf 76' lang='grc' dir='ltr'><strong>τ’</strong></span> <span class='ocrx_word' id='word_1_760' title='bbox 1208 5792 1350 5849; x_wconf 84' lang='lat' dir='ltr'><strong>Gen.</strong></span> <span class='ocrx_word' id='word_1_761' title='bbox 1395 5811 1454 5860; x_wconf 87' lang='lat' dir='ltr'><strong>tt,</strong></span> <span class='ocrx_word' id='word_1_762' title='bbox 1498 5794 1580 5849; x_wconf 82' lang='lat' dir='ltr'><strong>l9.</strong></span> 
     </span>
    </p>
   </div>
   <div class='ocr_carea' id='block_1_105' title="bbox 2154 4691 3727 4767">
    <p class='ocr_par' dir='ltr' id='par_1_105' title="bbox 2154 4691 3727 4767">
     <span class='ocr_line' id='line_1_105' title="bbox 2154 4691 3727 4767; baseline -0.006 -16"><span class='ocrx_word' id='word_1_763' title='bbox 2154 4699 2213 4752; x_wconf 78' lang='grc' dir='ltr'>τὸ</span> <span class='ocrx_word' id='word_1_764' title='bbox 2247 4696 2400 4760; x_wconf 84' lang='grc' dir='ltr'>πῶς·</span> <span class='ocrx_word' id='word_1_765' title='bbox 2459 4698 2489 4750; x_wconf 78' lang='grc' dir='ltr'><strong>ὀ</strong></span> <span class='ocrx_word' id='word_1_766' title='bbox 2541 4698 2949 4767; x_wconf 78' lang='grc' dir='ltr'>χρυσορῤήμων</span> <span class='ocrx_word' id='word_1_767' title='bbox 2988 4693 3241 4763; x_wconf 81' lang='grc' dir='ltr'>Ἰωάννης</span> <span class='ocrx_word' id='word_1_768' title='bbox 3292 4695 3352 4745; x_wconf 83' lang='grc' dir='ltr'>ὲν</span> <span class='ocrx_word' id='word_1_769' title='bbox 3406 4692 3489 4763; x_wconf 80' lang='grc' dir='ltr'>τῷ</span> <span class='ocrx_word' id='word_1_770' title='bbox 3531 4692 3605 4753; x_wconf 82' lang='grc' dir='ltr'><strong>είς</strong></span> <span class='ocrx_word' id='word_1_771' title='bbox 3636 4691 3727 4759; x_wconf 80' lang='grc' dir='ltr'>τὴν</span> 
     </span>
    </p>
   </div>
   <div class='ocr_carea' id='block_1_106' title="bbox 2155 4782 3728 4861">
    <p class='ocr_par' dir='ltr' id='par_1_106' title="bbox 2155 4782 3728 4861">
     <span class='ocr_line' id='line_1_106' title="bbox 2155 4782 3728 4861; baseline -0.01 -14"><span class='ocrx_word' id='word_1_772' title='bbox 2155 4792 2370 4860; x_wconf 79' lang='grc' dir='ltr'>ἐξορίαν</span> <span class='ocrx_word' id='word_1_773' title='bbox 2397 4790 2492 4844; x_wconf 85' lang='grc' dir='ltr'>τοῦ</span> <span class='ocrx_word' id='word_1_774' title='bbox 2530 4791 2704 4861; x_wconf 73' lang='grc' dir='ltr'>Ἀδὰμ</span> <span class='ocrx_word' id='word_1_775' title='bbox 2733 4789 2878 4859; x_wconf 85' lang='grc' dir='ltr'>λόγῳ</span> <span class='ocrx_word' id='word_1_776' title='bbox 2902 4787 3068 4843; x_wconf 79' lang='grc' dir='ltr'>αὑτοῦ</span> <span class='ocrx_word' id='word_1_777' title='bbox 3093 4788 3192 4857; x_wconf 85' lang='grc' dir='ltr'>τὴν</span> <span class='ocrx_word' id='word_1_778' title='bbox 3228 4786 3466 4855; x_wconf 79' lang='grc' dir='ltr'>ἀπορίαν</span> <span class='ocrx_word' id='word_1_779' title='bbox 3489 4782 3728 4837; x_wconf 81' lang='grc' dir='ltr'>ὲπιλύσει</span> 
     </span>
    </p>
   </div>
   <div class='ocr_carea' id='block_1_107' title="bbox 2157 4875 3730 4955">
    <p class='ocr_par' dir='ltr' id='par_1_107' title="bbox 2157 4875 3730 4955">
     <span class='ocr_line' id='line_1_107' title="bbox 2157 4875 3730 4955; baseline -0.008 -16"><span class='ocrx_word' id='word_1_780' title='bbox 2157 4904 2240 4945; x_wconf 81' lang='grc' dir='ltr'><strong>σοι</strong></span> <span class='ocrx_word' id='word_1_781' title='bbox 2272 4886 2501 4955; x_wconf 86' lang='grc' dir='ltr'>ταύτην,</span> <span class='ocrx_word' id='word_1_782' title='bbox 2553 4883 2699 4937; x_wconf 75' lang='grc' dir='ltr'>οὕτω</span> <span class='ocrx_word' id='word_1_783' title='bbox 2747 4882 2944 4950; x_wconf 82' lang='grc' dir='ltr'>λέγων’</span> <span class='ocrx_word' id='word_1_784' title='bbox 2987 4899 3005 4933; x_wconf 83' lang='grc' dir='ltr'><strong>ι</strong></span> <span class='ocrx_word' id='word_1_785' title='bbox 3051 4878 3273 4952; x_wconf 78' lang='grc' dir='ltr'>Παρέϐη</span> <span class='ocrx_word' id='word_1_786' title='bbox 3326 4880 3427 4949; x_wconf 76' lang='grc' dir='ltr'>τὴν</span> <span class='ocrx_word' id='word_1_787' title='bbox 3462 4876 3677 4945; x_wconf 71' lang='grc' dir='ltr'>ἐντολὴν</span> <span class='ocrx_word' id='word_1_788' title='bbox 3705 4875 3730 4925; x_wconf 87' lang='grc' dir='ltr'>ὁ</span> 
     </span>
    </p>
   </div>
   <div class='ocr_carea' id='block_1_108' title="bbox 2168 4968 3729 5046">
    <p class='ocr_par' dir='ltr' id='par_1_108' title="bbox 2168 4968 3729 5046">
     <span class='ocr_line' id='line_1_108' title="bbox 2168 4968 3729 5046; baseline -0.009 -16"><span class='ocrx_word' id='word_1_789' title='bbox 2168 4975 2365 5046; x_wconf 77' lang='grc' dir='ltr'>Ἀδὰμ,</span> <span class='ocrx_word' id='word_1_790' title='bbox 2400 4974 2607 5045; x_wconf 74' lang='grc' dir='ltr'>ἔφαγεν</span> <span class='ocrx_word' id='word_1_791' title='bbox 2639 4975 2735 5043; x_wconf 77' lang='grc' dir='ltr'><strong>ἀφ’</strong></span> <span class='ocrx_word' id='word_1_792' title='bbox 2765 4968 2831 5029; x_wconf 74' lang='grc' dir='ltr'>οὗ</span> <span class='ocrx_word' id='word_1_793' title='bbox 2861 4973 3227 5044; x_wconf 78' lang='grc' dir='ltr'>παρηγγέλθη</span> <span class='ocrx_word' id='word_1_794' title='bbox 3280 4971 3357 5041; x_wconf 82' lang='grc' dir='ltr'>μὴ</span> <span class='ocrx_word' id='word_1_795' title='bbox 3389 4973 3606 5038; x_wconf 80' lang='grc' dir='ltr'>φαγεῖν,</span> <span class='ocrx_word' id='word_1_796' title='bbox 3642 4969 3729 5019; x_wconf 51' lang='grc' dir='ltr'>κει</span> 
     </span>
    </p>
   </div>
   <div class='ocr_carea' id='block_1_109' title="bbox 2154 5060 3729 5140">
    <p class='ocr_par' dir='ltr' id='par_1_109' title="bbox 2154 5060 3729 5140">
     <span class='ocr_line' id='line_1_109' title="bbox 2154 5060 3729 5140; baseline -0.006 -19"><span class='ocrx_word' id='word_1_797' title='bbox 2154 5067 2346 5122; x_wconf 83' lang='grc' dir='ltr'>τούτου</span> <span class='ocrx_word' id='word_1_798' title='bbox 2371 5069 2534 5140; x_wconf 85' lang='grc' dir='ltr'>χάριν</span> <span class='ocrx_word' id='word_1_799' title='bbox 2563 5070 2591 5121; x_wconf 83' lang='grc' dir='ltr'><strong>ὁ</strong></span> <span class='ocrx_word' id='word_1_800' title='bbox 2613 5067 2883 5131; x_wconf 81' lang='grc' dir='ltr'>ἀθάνατος</span> <span class='ocrx_word' id='word_1_801' title='bbox 2916 5066 3160 5135; x_wconf 71' lang='grc' dir='ltr'>ἐγεγόνει</span> <span class='ocrx_word' id='word_1_802' title='bbox 3182 5064 3401 5134; x_wconf 85' lang='grc' dir='ltr'>θνητός.</span> <span class='ocrx_word' id='word_1_803' title='bbox 3427 5082 3445 5114; x_wconf 69' lang='grc' dir='ltr'><strong>ι</strong></span> <span class='ocrx_word' id='word_1_804' title='bbox 3482 5065 3647 5131; x_wconf 80' lang='grc' dir='ltr'>Ἀφες</span> <span class='ocrx_word' id='word_1_805' title='bbox 3677 5060 3729 5111; x_wconf 74' lang='grc' dir='ltr'>τδ</span> 
     </span>
    </p>
   </div>
   <div class='ocr_carea' id='block_1_110' title="bbox 2156 5154 3727 5230">
    <p class='ocr_par' dir='ltr' id='par_1_110' title="bbox 2156 5154 3727 5230">
     <span class='ocr_line' id='line_1_110' title="bbox 2156 5154 3727 5230; baseline -0.008 -17"><span class='ocrx_word' id='word_1_806' title='bbox 2156 5160 2294 5223; x_wconf 84' lang='grc' dir='ltr'>πῶς,</span> <span class='ocrx_word' id='word_1_807' title='bbox 2321 5160 2410 5212; x_wconf 83' lang='grc' dir='ltr'>ἵνα</span> <span class='ocrx_word' id='word_1_808' title='bbox 2443 5159 2519 5230; x_wconf 84' lang='grc' dir='ltr'>μὴ</span> <span class='ocrx_word' id='word_1_809' title='bbox 2547 5160 2642 5215; x_wconf 72' lang='grc' dir='ltr'>καὶ</span> <span class='ocrx_word' id='word_1_810' title='bbox 2671 5159 2764 5212; x_wconf 75' lang='grc' dir='ltr'><strong>ἐπὶ</strong></span> <span class='ocrx_word' id='word_1_811' title='bbox 2793 5157 2927 5229; x_wconf 81' lang='grc' dir='ltr'>τῷδε</span> <span class='ocrx_word' id='word_1_812' title='bbox 2959 5158 3038 5228; x_wconf 84' lang='grc' dir='ltr'>τῷ</span> <span class='ocrx_word' id='word_1_813' title='bbox 3074 5156 3255 5225; x_wconf 84' lang='grc' dir='ltr'>θνητῷ</span> <span class='ocrx_word' id='word_1_814' title='bbox 3287 5155 3503 5225; x_wconf 73' lang='grc' dir='ltr'>σώματι</span> <span class='ocrx_word' id='word_1_815' title='bbox 3533 5154 3727 5208; x_wconf 83' lang='grc' dir='ltr'>πλείονι</span> 
     </span>
    </p>
   </div>
   <div class='ocr_carea' id='block_1_111' title="bbox 2157 5247 3727 5324">
    <p class='ocr_par' dir='ltr' id='par_1_111' title="bbox 2157 5247 3727 5324">
     <span class='ocr_line' id='line_1_111' title="bbox 2157 5247 3727 5324; baseline -0.007 -18"><span class='ocrx_word' id='word_1_816' title='bbox 2157 5252 2423 5324; x_wconf 75' lang='grc' dir='ltr'>συσχεθῇς</span> <span class='ocrx_word' id='word_1_817' title='bbox 2442 5256 2671 5324; x_wconf 71' lang='grc' dir='ltr'>ἁποριᾳ,</span> <span class='ocrx_word' id='word_1_818' title='bbox 2694 5253 2809 5315; x_wconf 85' lang='grc' dir='ltr'><strong>πῶς</strong></span> <span class='ocrx_word' id='word_1_819' title='bbox 2834 5250 3224 5320; x_wconf 80' lang='grc' dir='ltr'>ἀναστήσεται,</span> <span class='ocrx_word' id='word_1_820' title='bbox 3245 5249 3444 5316; x_wconf 76' lang='grc' dir='ltr'>λέγων,</span> <span class='ocrx_word' id='word_1_821' title='bbox 3469 5247 3727 5302; x_wconf 76' lang='grc' dir='ltr'>ἀθάνατον</span> 
     </span>
    </p>
   </div>
   <div class='ocr_carea' id='block_1_112' title="bbox 2154 5333 3728 5412">
    <p class='ocr_par' dir='ltr' id='par_1_112' title="bbox 2154 5333 3728 5412">
     <span class='ocr_line' id='line_1_112' title="bbox 2154 5333 3728 5412; baseline -0.005 -19"><span class='ocrx_word' id='word_1_822' title='bbox 2154 5343 2218 5395; x_wconf 84' lang='grc' dir='ltr'>ἐκ</span> <span class='ocrx_word' id='word_1_823' title='bbox 2257 5343 2491 5411; x_wconf 81' lang='grc' dir='ltr'>νεκρῶν,</span> <span class='ocrx_word' id='word_1_824' title='bbox 2535 5343 2650 5410; x_wconf 74' lang='grc' dir='ltr'>εἴγε</span> <span class='ocrx_word' id='word_1_825' title='bbox 2685 5339 2882 5412; x_wconf 67' lang='grc' dir='ltr'>θνητόν</span> <span class='ocrx_word' id='word_1_826' title='bbox 2919 5342 3038 5393; x_wconf 79' lang='grc' dir='ltr'>ἐστι</span> <span class='ocrx_word' id='word_1_827' title='bbox 3087 5339 3185 5393; x_wconf 77' lang='grc' dir='ltr'>καὶ</span> <span class='ocrx_word' id='word_1_828' title='bbox 3228 5338 3509 5408; x_wconf 80' lang='grc' dir='ltr'>φθαρτόν;</span> <span class='ocrx_word' id='word_1_829' title='bbox 3541 5333 3598 5388; x_wconf 84' lang='lat'><strong>&#39;0</strong></span> <span class='ocrx_word' id='word_1_830' title='bbox 3625 5333 3728 5401; x_wconf 74' lang='grc' dir='ltr'><strong>γαρ</strong></span> 
     </span>
    </p>
   </div>
   <div class='ocr_carea' id='block_1_113' title="bbox 2157 5420 3728 5500">
    <p class='ocr_par' dir='ltr' id='par_1_113' title="bbox 2157 5420 3728 5500">
     <span class='ocr_line' id='line_1_113' title="bbox 2157 5420 3728 5500; baseline -0.006 -17"><span class='ocrx_word' id='word_1_831' title='bbox 2157 5430 2517 5500; x_wconf 75' lang='grc' dir='ltr'>ἀμφιϐαλλων</span> <span class='ocrx_word' id='word_1_832' title='bbox 2547 5428 2636 5483; x_wconf 79' lang='grc' dir='ltr'><strong>ἐπ’</strong></span> <span class='ocrx_word' id='word_1_833' title='bbox 2657 5429 2873 5499; x_wconf 81' lang='grc' dir='ltr'>ἐκείνῳ,</span> <span class='ocrx_word' id='word_1_834' title='bbox 2901 5426 3021 5489; x_wconf 85' lang='grc' dir='ltr'><strong>πῶς</strong></span> <span class='ocrx_word' id='word_1_835' title='bbox 3050 5426 3318 5489; x_wconf 83' lang='grc' dir='ltr'>ἀθάνατος</span> <span class='ocrx_word' id='word_1_836' title='bbox 3346 5422 3586 5492; x_wconf 68' lang='grc' dir='ltr'>ἐγεγόνει</span> <span class='ocrx_word' id='word_1_837' title='bbox 3609 5420 3728 5490; x_wconf 87' lang='grc' dir='ltr'>θνη-</span> 
     </span>
    </p>
   </div>
   <div class='ocr_carea' id='block_1_114' title="bbox 2155 5517 3730 5595">
    <p class='ocr_par' dir='ltr' id='par_1_114' title="bbox 2155 5517 3730 5595">
     <span class='ocr_line' id='line_1_114' title="bbox 2155 5517 3730 5595; baseline -0.005 -20"><span class='ocrx_word' id='word_1_838' title='bbox 2155 5523 2269 5586; x_wconf 73' lang='grc' dir='ltr'>τος,</span> <span class='ocrx_word' id='word_1_839' title='bbox 2299 5521 2361 5587; x_wconf 76' lang='grc' dir='ltr'>ἐξ</span> <span class='ocrx_word' id='word_1_840' title='bbox 2380 5521 2629 5592; x_wconf 81' lang='grc' dir='ltr'>ἀνάγκης</span> <span class='ocrx_word' id='word_1_841' title='bbox 2664 5521 2731 5575; x_wconf 86' lang='grc' dir='ltr'>ἂν</span> <span class='ocrx_word' id='word_1_842' title='bbox 2753 5520 3167 5595; x_wconf 27' lang='grc' dir='ltr'>ἀπορήσειεκκαὶ</span> <span class='ocrx_word' id='word_1_843' title='bbox 3195 5520 3289 5574; x_wconf 73' lang='grc' dir='ltr'><strong>ἐπὶ</strong></span> <span class='ocrx_word' id='word_1_844' title='bbox 3312 5519 3507 5588; x_wconf 82' lang='grc' dir='ltr'>τούτῳ.</span> <span class='ocrx_word' id='word_1_845' title='bbox 3528 5517 3730 5569; x_wconf 75' lang='grc' dir='ltr'>Οὐκοῦν</span> 
     </span>
    </p>
   </div>
   <div class='ocr_carea' id='block_1_115' title="bbox 2158 5605 3730 5687">
    <p class='ocr_par' dir='ltr' id='par_1_115' title="bbox 2158 5605 3730 5687">
     <span class='ocr_line' id='line_1_115' title="bbox 2158 5605 3730 5687; baseline -0.01 -17"><span class='ocrx_word' id='word_1_846' title='bbox 2158 5618 2294 5687; x_wconf 79' lang='grc' dir='ltr'>ἄφες</span> <span class='ocrx_word' id='word_1_847' title='bbox 2323 5614 2385 5669; x_wconf 86' lang='grc' dir='ltr'>τδ</span> <span class='ocrx_word' id='word_1_848' title='bbox 2420 5614 2561 5679; x_wconf 81' lang='grc' dir='ltr'>πῶς.</span> <span class='ocrx_word' id='word_1_849' title='bbox 2610 5614 2668 5670; x_wconf 85' lang='grc' dir='ltr'><strong>Ὀ</strong></span> <span class='ocrx_word' id='word_1_850' title='bbox 2697 5615 2829 5677; x_wconf 81' lang='grc' dir='ltr'>Θεὸς</span> <span class='ocrx_word' id='word_1_851' title='bbox 2857 5615 3017 5682; x_wconf 83' lang='grc' dir='ltr'>ὅπου,</span> <span class='ocrx_word' id='word_1_852' title='bbox 3051 5612 3232 5667; x_wconf 72' lang='grc' dir='ltr'>ἐκεῖσε</span> <span class='ocrx_word' id='word_1_853' title='bbox 3291 5611 3474 5683; x_wconf 79' lang='grc' dir='ltr'>χώραν</span> <span class='ocrx_word' id='word_1_854' title='bbox 3501 5608 3600 5662; x_wconf 70' lang='grc' dir='ltr'>οὐκ</span> <span class='ocrx_word' id='word_1_855' title='bbox 3621 5605 3730 5677; x_wconf 74' lang='grc' dir='ltr'>ἔχει</span> 
     </span>
    </p>
   </div>
  </div>
