3862 6228
183 394 271 460 t3)
1459 379 1737 446 ANNALI

1842 386 1869 446 Ι
1915 377 2106 447 PARS
2144 388 2193 446 Ι.

3314 393 3416 457 190

178 509 229 559 τὸ
259 505 381 566 πῶς.
418 501 654 555 Ἐπλασε
677 494 778 570 μὲν
805 499 915 569 γὰρ
950 501 1037 553 ἐπ’
1067 499 1350 569 ἀφθαρσίᾳ
1401 499 1490 550 τὸν
1520 497 1730 568 ἄνθρω-

1842 500 2092 554 tnortalis
2121 507 2239 554 erat
2277 499 2525 554 mortalis
2551 501 2726 557 factus
2759 502 2850 568 sit,
2879 505 3192 559 necessario
3223 504 3290 559 de
3321 505 3427 560 hoc

178 613 266 649 πον
290 597 316 648 6
339 595 486 660 Θεὸς,
519 591 756 664 ἄρχοντα
775 590 885 644 τῶν
918 589 1182 660 ἐπιγείων
1208 592 1430 644 πάντων
1462 591 1736 660 κατέστη-

179 705 248 751 σε,
279 683 493 756 διηνεκῆ
527 684 725 738 δέδωκε
767 683 868 754 τὴν
897 681 1200 738 ἀθανασίαν
1261 683 1434 752 αὐτῷ,
1485 683 1742 758 καθάπερ

179 784 277 838 ἀνω
304 779 603 849 διείληπται
628 792 642 808 ·
676 777 772 831 καί⁵
802 770 917 846 εἶχε
959 777 1058 847 μὲν
1087 777 1167 840 εἰς
1197 775 1410 840 αἰῶνας
1445 771 1590 830 οὕτω
1620 778 1744 833 κατ’

178 874 336 938 αὐτὸν,
384 874 466 926 ὅτι
531 871 626 926 καὶ
676 872 1076 944 ἀμεταμέλητα
1139 871 1367 931 τὰθεῖα
1396 873 1738 942 χαρίσματα.

189 967 310 1020 Ἀλλ’
364 966 552 1037 ἐπειδὴ
591 966 728 1037 πρὸς
783 966 1070 1042 ἀμαρτίαν
1109 965 1271 1018 αὑτὸν
1326 965 1472 1039 ἑώρα
1523 966 1744 1020 κατολι-

185 1060 462 1126 σθαίνοντα,
485 1058 784 1113 κάντεῦθεν
802 1059 1144 1112 ἐκπίπτοντα
1163 1059 1263 1125 τῆς
1291 1056 1502 1127 ὑψηλῆς
1526 1057 1743 1128 ἐκείνης

183 1159 264 1207 καὶ
296 1153 575 1221 ίσαγγέλου
606 1151 904 1221 διαγωγῆς,
943 1153 1272 1223 παραχωρεῖ
1323 1147 1412 1204 διὰ
1463 1151 1623 1205 τοῦτο
1647 1153 1743 1207 καὶ

182 1244 419 1314 λαμϐάνει
473 1243 621 1311 κατ’,
654 1243 820 1298 αὑτοῦ
856 1245 1044 1314 χώραν
1105 1243 1134 1295 6
1166 1241 1420 1306 θάνατος,
1467 1243 1549 1295 ὅτι
1605 1243 1741 1312 μηδὲ

184 1337 451 1406 συνέφερεν
480 1335 668 1389 ἔκτοτε
698 1337 925 1408 διηνεκῆ
953 1336 1241 1406 προσεῖναι
1285 1333 1386 1407 τὴν
1437 1334 1740 1389 ἀθανασίαν

183 1428 331 1498 αὐτῷ.
359 1428 466 1482 Καὶ
492 1429 608 1499 γὰρ
637 1429 685 1482 εἰ
729 1427 804 1498 μὴ
835 1427 1030 1496 γέγονέ
1063 1445 1115 1481 τι
1142 1426 1407 1488 τοιοῦτον,
1431 1426 1481 1479 εἰ
1511 1427 1587 1497 μὴ
1608 1443 1745 1494 συγ-

184 1520 401 1588 χώρησις
443 1519 657 1572 ἐκεῖθεν
711 1518 914 1571 ἐδίδοτο
961 1517 1381 1588 φιλανθρωπίας
1405 1517 1617 1580 ἕνεκεν,
1651 1519 1738 1570 ἵνα

187 1611 250 1677 μὴ
278 1608 532 1663 ἀθάνατον
645 1610 706 1662 τὸ
738 1609 933 1674 κακὸν,
977 1611 1080 1662 οὐκ
1105 1611 1171 1664 ἂν
1195 1610 1392 1678 ἐκείνῳ
1429 1607 1503 1678 τῷ
1539 1608 1740 1679 πρώτῳ

193 1702 362 1771 Ἀδὰμ,
401 1703 476 1773 τῷ
506 1701 596 1756 ιπ’
623 1703 907 1775 ἀφθαρσίᾳ
940 1704 1219 1757 κτισθέντι
1253 1702 1373 1756 κατ’
1423 1703 1609 1755 εἰκόνα
1643 1703 1740 1771 τῆς

182 1794 450 1864 ἁῖδιότητος
503 1795 602 1848 τοῦ
636 1796 795 1858 Θεοῦ,
840 1799 1186 1867 προσήγγισε
1238 1795 1507 1856 θάνατος’
1536 1796 1633 1848 οὐκ
1674 1797 1739 1848 ἀν

1843 592 2007 647 etiam
2051 593 2417 657 dubitaverit,
2462 609 2566 650 nec
2615 597 3094 652 resuscitationem
3144 597 3318 667 ipsius
3363 614 3430 652 ex

1843 683 2075 740 mortuis
2112 682 2272 738 facile
2321 683 2716 742 admittendam
2779 688 3190 744 existimaverit.
3227 689 3430 754 Quam-

1842 776 2033 830 obrem
2097 775 2228 830 illud
2306 787 2505 842 tuum,
2555 795 2665 849 quo
2719 789 2900 850 pacto,
2949 783 3176 838 missum
3240 785 3427 840 facito.

1843 867 1948 922 Ubi
1989 867 2169 933 Deus,
2207 870 2277 924 ibi
2307 886 2417 940 quo
2458 882 2620 941 pacto
2662 872 2844 928 locum
2881 889 2989 930 non
3027 875 3212 931 habet.
3282 877 3428 931 Con-

1843 959 1985 1014 didit
2019 961 2166 1015 enim
2203 960 2342 1016 Deus
2379 963 2657 1018 hominem
2687 967 2756 1019 ad
2791 975 2996 1021 statum
3047 969 3306 1024 interitus
3335 985 3430 1023 ex-

1843 1059 2077 1118 pertem,
2116 1053 2360 1108 omnium
2399 1057 2742 1110 terrestrium
2777 1058 3082 1128 principem
3120 1060 3429 1122 constituit,

1843 1151 2170 1211 perpetuam
2207 1144 2258 1198 ei
2295 1145 2520 1216 largitus
2551 1137 2663 1217 92
2693 1159 2776 1203 est
2814 1149 3304 1215 immortalitatem,
3353 1154 3431 1206 nti

1844 1245 2010 1301 supra
2039 1233 2375 1288 declaratum
2409 1245 2513 1302 est,
2550 1238 2727 1308 ipsum
2756 1241 2991 1309 denique
3026 1243 3170 1312 quod
3208 1245 3428 1307 attinet,

1845 1321 2134 1378 habiturus
2186 1325 2325 1378 hanc
2375 1337 2494 1381 erat
2537 1329 2701 1383 homo
2743 1332 2959 1387 smculis
3005 1335 3255 1398 aeternis,
3302 1352 3429 1390 cum

1847 1426 2074 1466 munera
2109 1413 2201 1468 Dei
2248 1415 2360 1470 sint
2412 1418 2826 1487 irrevocabilia;
2883 1424 2974 1478 sed
3029 1426 3156 1494 quia
3213 1426 3433 1482 videbat

1844 1520 1971 1560 eum
2007 1505 2074 1560 ad
2117 1519 2404 1578 peccatum
2443 1511 2618 1566 delabi
2655 1529 2718 1568 ac
2751 1525 3044 1584 propterea
3073 1520 3292 1575 sublimi
3339 1522 3430 1576 illo

1845 1600 1971 1652 vitae
1999 1614 2221 1670 genere,
2253 1605 2395 1672 quod
2439 1605 2760 1675 angelorum
2806 1608 2932 1663 vitm
2964 1626 3060 1679 par
3089 1623 3228 1678 erat,
3277 1617 3430 1669 exci-

1843 1691 1998 1756 dere,
2035 1693 2155 1762 ipso
2195 1697 2535 1751 concedente
2567 1714 2715 1754 mors
2740 1702 3004 1758 adversus
3031 1720 3157 1758 cum
3189 1709 3433 1762 occasio-

1845 1801 1969 1840 nem
2002 1787 2216 1858 arripit.
2277 1789 2488 1860 Quippe
2523 1807 2592 1846 ne
2628 1794 2957 1862 expediebat
2996 1800 3217 1868 quidem
3252 1802 3428 1856 horni-

185 1885 397 1940 ὑπέπεσε
435 1888 620 1960 φθορᾷ
657 1890 716 1942 τὸ
751 1890 912 1957 σῶμα
937 1890 1112 1942 ἐκεῖνο
1131 1891 1190 1941 τὸ
1225 1887 1433 1958 φθορᾶς
1465 1889 1559 1940 καὶ
1580 1888 1737 1942 θανά·

1845 1893 1968 1932 nem
2001 1894 2066 1932 ex
2115 1895 2181 1934 eo
2218 1888 2465 1948 tempore
2521 1884 2887 1942 immortalem
2938 1904 3080 1944 esse.
3138 1892 3273 1946 Nam
3324 1895 3428 1951 nisi

182 1994 258 2053 που
281 1979 492 2049 ἄμεινον
518 1982 770 2052 ὑπάρχον
797 1982 857 2034 τὸ
887 1982 1173 2052 πρότερον.
1203 1983 1263 2034 Εἰ
1289 1983 1345 2034 δὲ
1370 1980 1544 2034 ταῦτα
1563 1979 1738 2042 οὕτως

181 2074 294 2142 ἔχει,
344 2075 458 2136 πῶς
512 2077 789 2128 ἀθάνατον
848 2075 1015 2127 αὑτὸν
1075 2072 1212 2144 ὁμοῦ
1273 2074 1368 2126 καὶ
1409 2072 1604 2144 θνητὸν
1635 2073 1738 2125 ὑπὸ

181 2165 297 2220 θεοῦ
325 2168 678 2238 παραχθῆναι
737 2171 1019 2238 είπωμεν;
1079 2169 1141 2220 Εἰ
1199 2168 1463 2237 γὰρκαὶ
1521 2167 1739 2236 θανάτῳ

180 2260 391 2313 ὑπέπεσε
422 2260 497 2332 μὴ
555 2262 804 2330 φυλάξας
845 2261 946 2332 τὴν
985 2261 1237 2314 δοθεῖσαν
1277 2261 1429 2324 αὐτῷ
1490 2261 1736 2330 ἐντολὴν,

180 2347 276 2403 ἀλλ’
323 2351 546 2408 ὕστατον
599 2354 697 2421 τῆς
753 2354 1093 2422 οἰκονομίας,
1134 2353 1218 2416 ,ὡς
1250 2354 1350 2423 ἤδη
1384 2353 1733 2424 προείρηται,

184 2441 318 2495 τοῦτο
337 2444 529 2508 πάντες
563 2446 900 2516 εὑρήσομεν,
936 2445 1056 2513 εἴγε
1103 2448 1170 2515 τῇ
1223 2444 1520 2516 ἀκολουθίᾳ
1571 2461 1740 2513 προσ-

183 2535 306 2605 έχειν
334 2538 563 2609 αἰρούμε
580 2540 650 2594 θα
712 2544 810 2610 τῆς
866 2540 1030 2608 ἁγίας
1067 2539 1312 2610 Γραφῆς.
1349 2539 1483 2592 Οὐδὲ
1511 2540 1619 2607 γὰρ
1649 2521 1758 2591 ὅτεί

186 2629 371 2699 παρῆγε
423 2631 512 2684 τὸν
562 2631 860 2704 ἄνθρωπον
887 2635 914 2684 6
944 2631 1101 2697 Θεὸς,
1154 2632 1230 2695 ὡς
1261 2632 1373 2684 ἄνω
1401 2629 1736 2699 διείληπται,

182 2722 281 2773 τότε
319 2721 448 2792 πρὸς
481 2724 655 2777 αὑτὸν
686 2724 879 2793 ἔλεγεν
901 2740 916 2755 ⁸
953 2737 972 2776 t
1021 2717 1100 2797 ’ᾙ
1133 2723 1177 2777 δ’
1207 2725 1274 2776 ἂν
1308 2725 1492 2794 ἡμέρᾳ
1521 2723 1736 2792 φάγητε

182 2812 267 2865 ἀπὸ
291 2816 378 2868 τοῦ
409 2814 610 2885 φυτοῦ,
641 2818 857 2886 θανάτῳ
888 2817 1279 2883 ἀποθανεῖσθε,
1307 2836 1324 2868 ι
1375 2817 1513 2871 ἀλλά
1558 2816 1736 2886 πολλῷ

185 2908 299 2974 μετὰ
319 2908 410 2979 τὴν
439 2903 614 2964 αὖτοῢ
642 2911 987 2983 παραγωγὴν
1041 2902 1292 2982 ὕστερον.
1330 2913 1484 2966 Μετά
1537 2914 1648 2982 γὰρ
1678 2913 1738 2964 τὸ

183 2997 375 3054 καθίσαι
409 3001 666 3071 βασιλέα,
703 3005 842 3072 μετά
886 3001 949 3057 τὸ
978 3005 1282 3074 ἀναχθῆναι
1337 3005 1406 3057 τὰ
1457 3005 1574 3069 ζῶα
1601 3005 1738 3072 πρὸς

184 3089 336 3158 αὐτὸν,
399 3096 538 3164 μετά
591 3097 651 3147 τὸ
693 3097 870 3166 πέρας
932 3093 1024 3149 ἐπ”
1055 3096 1207 3166 αὑτῷ
1251 3095 1508 3160 δέξασθαι
1541 3097 1610 3148 τὰ
1635 3096 1735 3164 τῆς

184 3181 308 3248 θείας
326 3187 533 3260 βουλῆς,
573 3190 696 3243 τότε
729 3191 865 3260 πρὸς
893 3191 1054 3243 αὐτὸν
1078 3191 1110 3259 ἡ
1135 3190 1362 3260 τοιαύτη
1395 3190 1589 3256 γέγονε
1613 3189 1741 3243 θεία¹
1762 3213 1811 3276 C

185 3276 328 3346 φωνὴ,
359 3280 473 3332 τότε
506 3281 602 3351 δὴ,
641 3283 763 3334 τότε
807 3281 902 3333 καί
933 3283 1120 3351 χώραν
1145 3283 1172 3334 6
1195 3281 1426 3344 θάνατος
1457 3279 1732 3349 ἐλάμϐανε

181 3366 282 3417 κατ’
305 3369 480 3424 αὑτοῦ.
524 3371 633 3422 Διά
661 3370 714 3424 τί
744 3370 801 3422 δὲ
839 3369 1038 3434 ταῦτα,
1073 3372 1168 3424 καὶ
1189 3371 1333 3433 τίνος
1365 3371 1551 3423 ἕνεκεν
1574 3387 1588 3434 ;
1612 3370 1732 3422 Ἵνα

184 3456 253 3526 μὴ·
272 3458 528 3515 ἀθανάτου
569 3461 860 3532 μείναντος
899 3461 1068 3516 αὐτοῦ
1115 3463 1254 3533 μετά
1285 3463 1384 3532 τὴν
1415 3462 1732 3532 παράϐασιν

186 3550 320 3622 μείνῃ
347 3553 438 3605 σὺν
468 3554 624 3624 αὑτῴ
647 3553 740 3606 καὶ
771 3554 830 3606 τὸ
859 3555 1028 3606 κακὸν
1053 3554 1112 3620 ἐξ
1152 3555 1400 3623 ἀνάγκης
1440 3554 1730 3606 ἀθάνατον.

1846 1970 1954 2024 tale
1984 1970 2242 2040 quiddam
2275 1973 2592 2041 accidisset,
2651 1978 2755 2033 nisi
2789 1981 3120 2038 condonatio
3169 1985 3429 2057 deinceps

1845 2061 1986 2118 facta
2014 2062 2210 2120 fuisset
2232 2081 2298 2120 ex
2332 2066 2739 2136 benevolentia,
2766 2087 2836 2127 ne
2866 2073 3070 2128 malum
3105 2087 3431 2146 perpetuum

1844 2154 2007 2222 foret,
2045 2174 2391 2230 nequaquam
2426 2163 2769 2232 permisisset
2796 2156 2942 2220 Dens
2973 2178 3033 2222 ut
3066 2184 3212 2224 mors
3232 2173 3296 2224 ad
3331 2171 3430 2227 ho-

1845 2248 2056 2302 minem
2101 2251 2338 2320 primum
2371 2251 2426 2306 in
2469 2261 2612 2308 statu
2665 2266 2894 2326 experte
2939 2259 3200 2316 interitus
3240 2265 3430 2319 cendi-

1847 2348 1962 2394 tum
1993 2341 2061 2396 ad
2111 2342 2406 2416 imaginem
2446 2347 2771 2403 atternitatis
2805 2349 2898 2404 Dei
2951 2354 3273 2421 accederet;
3323 2372 3426 2412 nec

1843 2447 2045 2502 corpus
2101 2433 2233 2489 illud
2295 2451 2457 2506 supra
2513 2453 2742 2494 mortem
2789 2453 2844 2496 ct
2887 2442 3167 2499 interitum
3209 2464 3428 2502 onmem

1845 2525 1996 2593 prius
2024 2528 2264 2594 positum
2287 2529 2626 2600 corruptioni
2657 2531 2859 2589 factum
2885 2535 3082 2592 fuisset
3105 2539 3426 2595 obnoxium.

1842 2616 1976 2679 Quae
2006 2635 2130 2673 cum
2163 2619 2237 2674 ita
2266 2621 2398 2687 sint,
2429 2638 2541 2692 quo
2573 2625 2792 2680 tandem
2827 2637 2988 2696 pacto
3009 2630 3263 2687 dicemus
3299 2647 3430 2688 eum

1843 2711 2131 2766 mortalem
2167 2714 2374 2783 pariter
2407 2725 2462 2770 et
2513 2718 2875 2772 immortalem
2927 2736 3050 2777 esse
3089 2725 3369 2778 conditum
3399 2742 3428 2780 a

1843 2800 2001 2856 Deo?
2055 2803 2381 2875 Quanquam
2423 2809 2570 2861 enim
2616 2825 2729 2864 non
2785 2823 3005 2866 servato
3035 2817 3294 2870 mandato
3324 2819 3432 2872 sibi

1841 2896 2164 2963 praescripto
2196 2896 2250 2949 in
2277 2906 2509 2952 mortem
2537 2901 2747 2967 incidit,
2785 2911 2967 2959 tamen
3001 2907 3102 2962 hoc
3135 2910 3310 2978 ipsum
3343 2926 3431 2964 re-

1843 2986 1972 3040 ferri
2011 2985 2210 3042 debere
2261 2989 2334 3043 ad
2376 2990 2732 3059 posteriorem
2801 2995 2945 3050 illam
2999 2999 3428 3057 administratio-

1841 3068 1991 3146 nem,
2024 3081 2107 3136 uti
2158 3082 2416 3152 superius
2465 3085 2768 3141 indicatum
2819 3099 2922 3155 est,
2975 3095 3340 3163 reperiemus,
3381 3097 3427 3152 si

1843 3175 2064 3242 quidem
2097 3175 2263 3230 seriei
2298 3185 2581 3232 sacratum
2607 3178 2946 3236 Litterarum
2981 3186 3270 3242 advertere
3303 3190 3429 3243 ani-

1847 3283 1996 3321 mum
2033 3267 2302 3324 volemus.
2357 3270 2474 3326 Non
2506 3272 2656 3327 enim
2699 3284 2810 3328 tum
2851 3290 2975 3330 cum
3021 3279 3282 3334 conderet
3328 3281 3428 3335 ho-

1842 3360 2048 3414 minem
2106 3361 2268 3428 Deus,
2325 3371 2384 3417 ut
2441 3373 2603 3420 antea
2639 3353 2975 3434 dicebamus,
3026 3370 3111 3424 his
3147 3373 3212 3426 al
3250 3372 3425 3440 ipsum

1843 3454 2026 3508 verbis
2065 3471 2198 3509 usus
2237 3466 2358 3511 est:
2412 3456 2783 3529 «Quacunque
2832 3461 2920 3516 die
2979 3465 3271 3519 vescen:ini
3307 3467 3428 3522 .liac

1843 3549 2056 3615 arbore,
2084 3559 2258 3604 morte
2286 3549 2736 3619 multabimini",
2770 3571 2790 3604 ι
2843 3556 2938 3611 sed
2987 3557 3264 3627 aliquanto
3304 3571 3429 3630 post

180 3639 280 3708 ejus
315 3647 641 3701 creationem
694 3647 980 3717 interiecto
1031 3654 1302 3718 tempore.
1355 3646 1712 3716 Posteaquam
1749 3644 1900 3700 enim
1950 3657 2132 3712 regem
2176 3643 2354 3713 ipsum
2401 3645 2794 3714 constituerat,
2813 3658 3148 3722 posteaquam
3168 3654 3431 3708 animalia-

183 3748 349 3793 cuncta
375 3740 676 3796 deduxerat
706 3741 770 3796 ad
803 3757 950 3808 eum,
979 3751 1330 3812 posteaquam
1356 3741 1602 3796 divinum
1631 3741 1696 3795 de
1725 3740 1844 3810 ipso
1865 3738 2154 3793 consilium
2179 3737 2245 3790 ad
2271 3738 2473 3792 exitum
2502 3741 2825 3808 perductum
2869 3755 3006 3812 erat,
3049 3755 3162 3802 tum
3202 3749 3423 3805 demum

185 3831 268 3886 hac
292 3849 405 3888 eum
442 3847 580 3889 voce
601 3834 938 3904 .compellat.
975 3833 1151 3888 Simul
1183 3833 1446 3888 adversus
1477 3819 1655 3904 ipsum
1687 3833 1739 3888 id
1771 3831 2206 3902 temporismors
2233 3824 2415 3884 locum
2443 3832 2670 3889 invenit.
2699 3834 3064 3901 Quamobrem
3102 3840 3243 3896 hoc?
3268 3842 3342 3897 Nc
3374 3845 3425 3900 si

184 3929 442 3982 mansisset
472 3928 802 3982 immortalis
829 3937 954 3997 post
981 3931 1497 3998 transgressionem,
1530 3926 1843 4002 necessario
1871 3932 2152 3996 peccatum
2183 3939 2401 3994 quoque
2431 3941 2554 3980 cum
2594 3927 2712 3996 ipso
2744 3930 2862 3983 sine
2897 3929 3005 4014 ﬁne
3044 3943 3312 3990 maneret.

240 4019 348 4072 Ὀτι
377 4021 430 4073 δὲ
469 4021 740 4084 ἀθάνατος
788 4020 984 4090 ἔμελλε
1020 4024 1199 4091 μεῖναι
1241 4022 1379 4091 μετά
1411 4022 1511 4090 τὴν
1544 4021 1731 4099 ἀμαρε

1911 4019 1979 4074 Ει
2032 4033 2163 4074 vero
2220 4017 2580 4074 immortalem
2631 4020 2876 4076 futurum
2926 4022 3096 4080 fuisse
3147 4027 3428 4084 hominem

179 4108 280 4161 τίαν
305 4113 330 4162 6
365 4112 676 4181 ἅνθρωπος,
723 4113 776 4165 εἰ
806 4113 882 4182 μὴ
913 4113 1106 4180 γέγονέ
1165 4127 1249 4171 τις
1297 4114 1580 4182 οἰκονομία
1611 4113 1733 4165 θεία

1842 4109 2005 4164 etiam
2056 4107 2178 4179 post
2208 4119 2520 4179 peccatum,
2559 4111 2668 4166 nisi
2697 4111 3030 4182 dispensatio
3067 4114 3250 4172 divina
3279 4135 3426 4188 qua:-

179 4201 296 4255 i'bd‘te
322 4204 394 4274 μὴ
422 4207 514 4260 καὶ
543 4205 694 4276 ἡμᾶς
724 4204 968 4259 ἀθάνατα
1001 4206 1233 4275 πάσχειν
1255 4207 1397 4258 κατά
1417 4206 1541 4268 τοὺς
1572 4207 1734 4257 ἐκπε-

1842 4201 1964 4256 dam
2005 4201 2370 4264 accessisset,
2429 4217 2499 4255 ne
2533 4201 2631 4272 ipsi
2669 4219 2887 4274 quoque
2919 4209 3203 4277 perpetuis
3250 4212 3426 4279 ptenis

181 4296 346 4360 σὸντας
396 4299 687 4366 ἀγγέλους,
745 4299 773 4350 6
829 4296 1051 4368 Νύσσης
1082 4296 1220 4362 θεῖος
1277 4298 1578 4367 Γρηγόριος
1618 4300 1730 4361 τοῖς

1842 4293 2261 4365 subjiceremur.
2295 4301 2354 4347 ut.
2386 4293 2598 4363 angelis
2628 4295 2795 4364 lapsis
2835 4296 3052 4362 accidit,
3086 4299 3307 4355 divinus
3336 4303 3427 4356 ille

179 4388 385 4457 ἀμαθέσι
411 4392 598 4444 δίδωσι
625 4392 765 4453 τέως
792 4393 924 4460 ἡμῖν
957 4391 1184 4444 ἐννοεῖν.
1236 4409 1254 4440 r
1292 4389 1515 4460 Ἐπειδὴ
1538 4391 1648 4460 γὰρ
1671 4391 1730 4442 ἐν

1842 4388 1940 4450 vir,
1971 4386 2267 4458 Gregorius
2296 4386 2528 4442 antistes
2560 4385 2839 4458 Nyssenus
2877 4391 3142 4445 ostendit.
3201 4390 3424 4447 Postea-

179 4487 275 4548 τοῖς
307 4488 798 4560 ἀπηγορευμένοις,
827 4505 847 4538 s
883 4486 1040 4556 φησί,
1089 4505 1106 4536 ι
1137 4467 1426 4554 γεγόνασιν
1449 4485 1500 4537 οἱ
1524 4484 1732 4554 πρῶτοι

1842 4495 2030 4549 quam,
2059 4480 2157 4545 ait,
2190 4479 2443 4534 homines
2476 4479 2551 4533 illi
2591 4480 2868 4550 principes
2916 4485 3084 4539 vetita
3132 4489 3426 4544 commisce

179 4570 427 4646 ἀνθρώπω
458 4585 553 4634 καί⁵
588 4585 686 4651 τῆς
734 4581 1138 4650 μακαριότητος
1161 4579 1377 4647 ἐκείνης
1402 4578 1732 4648 ἀπεγυμνὼ-

1842 4582 1970 4626 runt
2001 4587 2065 4627 ac
2102 4571 2360 4626 beatitate
2391 4587 2488 4628 sua
2520 4572 2708 4627 nudati
2745 4583 2896 4638 sunt,
2930 4577 3172 4645 pellieeis
3203 4582 3424 4647 tunicis,

183 4666 352 4737 θησαν,
409 4672 642 4742 χιτῶνας
692 4671 1076 4740 δερματίνους,
1111 4670 1279 4740 ἤγουν
1325 4669 1423 4740 τὴν
1480 4670 1590 4722 ἀπὸ
1620 4671 1729 4723 τῶν

1842 4664 1946 4720 hoc
1981 4673 2068 4720 est
2095 4665 2414 4720 animali—um
2442 4665 2796 4731 mortalitate,
2827 4677 2992 4753 certo
3018 4672 3253 4740 quodam
3291 4689 3421 4728 con-

182 4757 314 4822 ζώων
356 4765 678 4835 νεκρότητα,
725 4762 1090 4832 οἰκονομικῶς
1123 4761 1352 4833 ἐνέθηκε
1389 4764 1455 4832 τῇ
1485 4764 1564 4826 εἰς
1598 4761 1730 4815 6.0a.-

1842 4757 1963 4813 silio
1997 4766 2051 4812 et.
2083 4758 2494 4828 dispensatione
2526 4757 2672 4812 Deus
2703 4771 2958 4815 naturam
2991 4763 3058 4818 ad
3101 4765 3426 4822 immortali-

184 4853 352 4906 νασίαν
402 4856 692 4926 κτισθείσῃ
725 4855 909 4922 φύσει,
947 4854 1034 4906 ἵνα
1064 4853 1138 4922 μὴ
1167 4852 1228 4906 τὸ
1253 4854 1420 4906 κακὸν
1456 4853 1727 4908 ἀθάνατον

1842 4859 2003 4906 tatem
2033 4851 2308 4905 conditam
2343 4850 2545 4917 induit,
2578 4852 2895 4915 ne\malum
2944 4867 3212 4926 perpetuo
3255 4861 3423 4916 dura-

183 4933 274 5008 ᾖ.ι
314 4943 503 5007 Καλῶς
551 4944 608 4998 δὲ
665 4939 818 4996 εἷπεν
871 4942 1234 5011 οἰκονομικῶς
1295 4944 1323 4994 ὁ
1371 4941 1515 5005 θεῖος
1573 4936 1728 5006 οὗτος

1842 4951 1946 4996 ret.
2021 4939 2236 5007 Quibus
2289 4940 2343 4994 in
2396 4941 2577 4996 verbis
2627 4945 2888 5014 praeclare
2953 4949 3159 5005 dictum
3223 4951 3424 5010 fecisse

183 5032 330 5104 ἀνήρ·
352 5035 652 5106 κηδόμενος
681 5035 788 5104 γὰρ
823 5034 982 5104 ἡμῶν
1008 5037 1035 5086 6
1072 5033 1224 5097 Θεὸς,
1255 5031 1395 5085 ὥστε
1440 5033 1518 5104 μὴ
1543 5034 1725 5104 ἁμαρ-

1842 5033 2012 5088 Deum
2052 5033 2159 5087 hoc
2188 5042 2343 5088 certo
2374 5037 2610 5102 quodam
2640 5038 2869 5091 consilio
2893 5052 2948 5094 et
2988 5042 3421 5111 dispensminne.

181 5127 342 5180 τάνειν
388 5129 632 5183 ἀθάνατα
679 5129 776 5182 καὶ
835 5126 976 5179 ὥστε
1021 5126 1096 5197 μὴ
1135 5127 1600 5197 συμπαραμένειν
1649 5128 1728 5190 είς

1842 5122 1976 5182 Nam
2019 5126 2291 5181 sollicitus
2321 5125 2390 5180 de
2433 5127 2616 5200 nobis,
2650 5144 2719 5184 ne
2761 5129 2902 5186 forte
2935 5147 3198 5204 perpetuo
3230 5155 3421 5208 pecca~

181 5217 454 5290 αἱῶνας’τῇ
488 5221 747 5289 ὲπωδύνῳ
773 5221 947 5290 ταύτῃ
972 5222 1069 5274 καὶ
1102 5220 1350 5292 μοχεηρᾷ
1378 5220 1556 5290 βιοτῇ,
1581 5219 1726 5274 καθά

1842 5234 2032 5274 remus
2063 5234 2170 5272 neu
2210 5218 2383 5300 tristis
2427 5217 2540 5274 hzec
2591 5230 2646 5275 et
2688 5237 2998 5280 aerumnosa
3039 5231 3147 5284 vita
3199 5232 3420 5288 duraret

181 5305 233 5374 δη
257 5310 346 5360 καὶ
373 5313 398 5363 ὁ
431 5311 665 5380 χρυσοῦς
692 5313 793 5380 τὴν
823 5310 1072 5376 γλῶττάν
1103 5327 1258 5380 φησι,
1298 5312 1622 5381 παραχωρεί
1647 5308 1725 5380 τῷ

1842 5320 2122 5375 aeternum,
2158 5309 2234 5363 uti
2270 5308 2510 5366 Joannes
2543 5311 2706 5366 etiam
2741 5313 3168 5385 Chrysostomus
3219 5322 3416 5389 inquit,

185 5400 376 5474 θανάτῳ
420 5407 562 5457 κατά
600 5405 696 5457 τοῦ
750 5404 1024 5458 ἀθανάτου
1077 5404 1348 5474 χωρῆσαι,
1384 5402 1480 5454 καὶ
1518 5403 1728 5470 γίνεται

1842 5400 1996 5454 morti
2020 5408 2347 5468 potestatem
2374 5398 2505 5454 facit
2522 5401 2888 5457 immortalem
2910 5406 3226 5473 invadendi,
3254 5419 3418 5478 atque

183 5493 338 5564 τούτῳ
398 5497 475 5566 τῷ
526 5497 713 5566 τρόπῳ
773 5496 964 5563 θνητὸς
1013 5498 1041 5548 6
1093 5495 1358 5558 ἀθάνατος
1400 5496 1493 5547 καὶ
1553 5494 1732 5564 φθαρ-

183 5585 261 5648 τὸς
317 5590 512 5658 ὁμοίως
559 5594 585 5644 ὀ
635 5590 936 5658 ἄφθαρτος.
997 5590 1106 5641 Καὶ
1163 5590 1398 5642 πειθέτω
1441 5589 1589 5656 ἡμᾶς
1637 5587 1732 5639 ἐπὶ

181 5677 372 5735 πλέονὸ
404 5683 573 5753 μέγας
624 5683 904 5748 Βασί-λειος
952 5683 1095 5737 οὕτω
1123 5685 1253 5754 περὶ
1303 5685 1494 5735 τούτου
1527 5679 1724 5746 λέγων·

246 5843 282 5874 ⁷³
311 5846 439 5903 Gen.
479 5865 534 5917 tt,
570 5851 655 5905 l7.

1836 5493 1937 5546 hoc
1961 5493 2123 5546 modo
2147 5493 2394 5547 trortalis
2419 5494 2477 5547 ﬁt
2495 5494 2586 5563 qui
2612 5495 2938 5551 immortalis
3000 5512 3136 5560 erat,
3160 5514 3334 5554 ett-on
3355 5520 3418 5555 u--

1833 5585 2048 5655 ptibilis
2089 5585 2181 5654 qui
2219 5586 2347 5639 nulli
2378 5599 2494 5640 erat
2528 5588 2771 5640 interitui
2809 5590 3096 5644 obnoxius.
3119 5591 3226 5661 93
3270 5594 3414 5648 Itlem

1830 5677 1989 5733 nobis
2025 5677 2188 5733 etiam
2241 5677 2476 5734 Basilius
2512 5695 2705 5748 persua
2731 5681 2859 5748 lcat,
2897 5681 3053 5750 cujus
3089 5686 3203 5736 ha-c
3247 5688 3413 5742 verba
