3862 6228
306 2962 311 2967 ,
396 2905 697 2961 declarant.

379 299 476 365 191

1672 295 2094 358 MICHAELIS
2129 292 2389 355 GLYCIE

3450 365 3459 371 ο
3533 281 3624 349 192

373 425 532 476 sunt:
575 409 1010 479 «MortemDeus
1060 424 1170 466 non
1205 410 1507 481 prohibuit,
1543 427 1612 468 ne
1642 411 1985 479 inﬁrmitas,

2111 410 2222 463 Οὐκ
2255 407 2496 463 ἐκώλυσε
2541 405 2599 460 δὲ
2630 404 2719 458 τὸν
2753 402 2985 458 θάνατον
3014 403 3041 456 6
3077 400 3233 463 Θεὸς,
3283 398 3370 452 ἵνα
3396 394 3472 467 μὴ
3501 399 3624 453 ἀθά-

350 510 436 565 ‘ae
465 506 686 562 morbus
732 503 826 559 ille
864 511 1055 558 noster
1094 513 1361 558 aeternum
1412 504 1656 560 duraret.
1722 502 1841 570 Quo
1896 503 1956 559 iit

375 613 433 657 ut
472 602 530 656 in
566 600 721 653 luero
755 611 904 651 mors
941 595 1069 666 poni
1106 596 1321 667 debeat,
1348 605 1405 655 et
1452 596 1568 651 hare
1593 612 1755 667 poena
1782 595 1954 652 bene-

374 692 480 748 ﬁcii
512 691 633 746 loco
673 688 890 752 haberi,
925 687 1387 757 quemadmodum
1413 686 1712 757 Gregorius
1745 687 1833 742 ille
1863 701 1956 741 eo-

376 788 677 853 gnomento
704 778 1015 850 Theologus
1046 778 1300 849 scripsit;
1353 779 1599 849 adeoque
1628 794 1724 833 nos
1754 777 1959 833 idcirco

379 889 611 930 mmrere
646 888 757 935 non
788 872 1069 927 convenit.
1138 870 1400 938 Quamvis
1450 873 1596 926 enim
1639 874 1692 925 in
1737 885 1958 938 terram,

381 967 527 1022 unde
561 964 765 1031 sumpti
794 978 1011 1029 sumus,
1060 964 1565 1036 revertimurjuxta
1615 963 1962 1032 imprecatio-

381 1074 505 1113 nem
543 1058 688 1110 illam
730 1057 856 1110 Dei:
899 1054 1098 1111 «Terra
1131 1072 1210 1121 es,
1239 1066 1294 1110 et
1320 1057 1373 1109 in
1402 1065 1602 1111 terram
1636 1054 1955 1120 redibis“,t

385 1162 565 1206 tamen
591 1148 856 1214 indidem,
891 1151 968 1203 uti
997 1148 1426 1219 Chrysostomus
1460 1149 1698 1218 scripsit,
1729 1147 1961 1202 suscita-

385 1257 507 1296 mur
542 1256 606 1295 ac
646 1241 928 1294 meliorem
966 1244 1030 1292 ad
1060 1241 1434 1294 conditionem
1481 1239 1962 1301 transformamur,

387 1339 455 1388 ita
487 1343 545 1388 ut
574 1334 708 1387 tales
742 1348 955 1385 rursum
987 1335 1281 1387 evadamus
1310 1335 1497 1403 quales
1531 1348 1748 1386 eramus
1784 1333 1964 1419 prius,

387 1427 494 1480 hoc
527 1435 611 1480 est
642 1424 900 1479 interitus
932 1434 1190 1494 expertes
1230 1433 1285 1480 et
1324 1425 1682 1480 immortales.

461 1516 607 1571 Nihil
641 1517 811 1586 igitur
848 1515 938 1570 hic
962 1516 1358 1582 haesitandum,
1405 1517 1626 1586 quando
1668 1518 1858 1571 Patres
1888 1515 1966 1570 illi

386 1609 555 1665 divini
593 1609 1056 1665 resurrectionem
1090 1624 1154 1663 ex
1198 1612 1428 1664 mortuis
1460 1610 1593 1663 nihil
1627 1609 1773 1663 aliud
1805 1608 1967 1663 nobis

386 1702 632 1773 polliceri
674 1701 898 1757 tradunt
933 1718 1095 1773 quam
1149 1703 1428 1772 lapsorum
1482 1702 1539 1755 in
1591 1702 1861 1770 integrum
1914 1707 1968 1753 et

2065 521 2228 557 νατον
2256 504 2391 574 ἡμῖν
2440 501 2539 572 τὴν
2573 497 2890 577 ἀρρωστίαν
2944 494 3231 567 τηρήσῃ.)
3289 491 3415 545 Ἐπὶ
3461 491 3629 562 κέρδει

2063 596 2251 650 λοιπὸν
2285 597 2312 648 6
2353 594 2606 658 Θάνατος,
2664 592 2761 645 καὶ
2815 587 2903 641 ἐπ’
2957 581 3282 655 εὐεργεσίαν
3335 584 3371 654 ἢ
3404 583 3631 653 τιμωρία

2063 691 2267 745 δίδοται
2299 689 2441 741 κατὰ
2467 687 2558 739 τὸν
2585 686 2643 737 ὲν
2678 681 2929 757 θεολογίᾳ
2952 680 3125 750 μέγαν
3158 674 3484 746 Γρηγόριον.
3526 673 3631 742 Ἐφ’

2064 779 2126 849 ᾧ
2154 783 2250 833 καὶ
2311 777 2737 850 σκυθρωπάζειν
2785 775 2878 827 ἐπὶ
2930 773 3139 835 τούτοις
3174 770 3274 822 οὐκ
3302 766 3539 834 εὔλογον.
3576 765 3632 817 Εἰ

2068 874 2178 944 γὰρ
2218 873 2315 927 καὶ
2348 873 2428 934 είς
2467 872 2591 944 γῆν-
2628 869 2751 923 ὅθεν
2814 864 3130 937 ὲλήιρθημεν
3182 854 3635 931 ἀποστρεφόμεθα

2072 938 2214 1021 κατὰ
2250 964 2350 1035 τὴν
2381 938 2535 1034 ἀράν-
2568 938 2784 1030 ἐκείνην
2820 960 2920 1030 τὴν
2960 958 3104 1014 οὕτω
3151 957 3422 1025 λέγουσαν
3451 974 3469 1005 ι
3499 954 3570 1028 Γῇ
3590 948 3637 1004 εί

2073 1062 2167 1113 καὶ
2202 1061 2282 1122 είς
2308 1058 2413 1128 γῆν
2444 1043 2746 1127 ἀπελεύσῃ,
2776 1074 2793 1107 ι
2833 1054 2950 1107 ἀλλ’
2981 1053 3216 1118 ἐκεῖθεν,
3251 1051 3328 1113 ὡς
3365 1052 3393 1102 6
3421 1050 3638 1120 χρυσορ-

2072 1153 2267 1223 ρήμων
2315 1151 2567 1219 Ἰωάννης
2598 1150 2755 1219 φησὶ,
2790 1147 2886 1200 καὶ
2944 1144 3101 1211 αὖθις
3133 1137 3638 1212 ἀναλαμϐανόμεθα,

2074 1243 2370 1298 κάντεῦθεν
2429 1243 2520 1295 ἐπὶ
2550 1241 2610 1293 τὸ
2662 1240 2873 1310 βέλτιον
2928 1233 3515 1309 μεταστοιχειούμεθα,
3554 1232 3639 1283 καὶ

2072 1336 2308 1390 τοιοῦτοι
2353 1334 2617 1405 γινόμεθα
2661 1334 2826 1387 πάλιν
2860 1333 3037 1395 ὁποῖοι
3070 1330 3162 1393 καὶ
3194 1328 3461 1398 πρότερον
3484 1322 3640 1396 ἦμεν,

2074 1431 2354 1483 τουτέστιν
2381 1427 2651 1499 ἄφθαρτοι
2679 1428 2771 1481 καὶ
2794 1426 3078 1481 ἀθάνατοι.
3296 1429 3302 1435 ’

2159 1519 2554 1590 Ἀμφιόάλλειν
2577 1518 2671 1572 οὖν
2697 1519 2790 1572 ἐπὶ
2816 1517 3028 1581 τούτοις
3050 1517 3112 1570 οὐ
3142 1515 3377 1582 δίκαιον,
3412 1513 3526 1580 εἴγε
3553 1510 3642 1564 καὶ

2079 1608 2283 1680 μᾶλλον
2311 1612 2359 1664 οί
2393 1611 2525 1663 θεῖοι
2560 1611 2799 1682 ΙΙατέρες
2821 1608 2972 1662 οὐδὲν
3007 1610 3139 1680 ἡμῖν
3171 1607 3359 1675 ἕτερον
3390 1600 3643 1669 ἐπαγγέλ-

2080 1703 2270 1756 λεσθαι
2292 1696 2514 1771 λέγουσι
2545 1703 2644 1772 τὴν
2678 1704 2741 1755 ὲκ
2769 1701 2985 1772 νεκρῶν
3014 1703 3317 1754 ἀνάστασιν
3349 1699 3379 1768 ἢ
3404 1696 3501 1767 τὴν
3520 1694 3644 1763 πρὸς

388 1795 759 1851 conditionem
794 1795 1080 1865 pristinam
1114 1794 1540 1848 restitutionem.
1595 1793 1752 1859 Vide,
1783 1792 1826 1846 si
1860 1791 1978 1863 pla-

2095 1796 2143 1851 εὸ
2191 1796 2422 1866 ἀρχαῖον
2467 1796 2579 1850 τῶν
2630 1796 3003 1849 πεπτωκότων
3043 1792 3504 1848 ἀποκατάστασιν.
3542 1790 3645 1841 Καὶ

389 1894 510 1952 cet,‘
534 1888 666 1958 quid
703 1902 813 1956 pra:
842 1887 1060 1941 eazteris
1118 1886 1340 1941 divinus
1394 1885 1486 1939 ille
1534 1885 1619 1939 vir
1659 1884 1977 1938 Anastasius

391 1983 445 2034 in
473 1980 573 2034 hae
596 1990 751 2042 parte
782 1978 969 2032 dicat:
1003 1977 1212 2043 «Fecit,
1248 1977 1466 2045 inquit,
1506 1976 1783 2031 hominem
1810 1976 1979 2042 Deus,

390 2084 447 2132 et
481 2075 703 2145 quidem
732 2089 859 2128 eum
898 2074 965 2129 ad
996 2073 1294 2145 imaginem
1332 2073 1429 2128 Dei
1469 2072 1619 2128 fecit.
1652 2070 1777 2126 Ilrec
1807 2073 1982 2142 prima

402 2168 646 2224 hominis
680 2166 885 2223 ereatio
922 2166 1048 2232 fuit,
1081 2167 1339 2237 simplex,
1376 2177 1572 2237 etpers
1597 2165 1854 2237 eonjugii,
1884 2179 1982 2220 ex-

395 2276 523 2332 pers
550 2260 849 2323 interitus;
899 2260 966 2315 ad
1004 2276 1167 2331 quam
1200 2259 1534 2315 creationem
1568 2274 1859 2329 corporum
1900 2269 1984 2315 re-

397 2357 671 2408 surrectio
702 2355 945 2424 respicit,
999 2356 1074 2409 uti
1104 2368 1226 2424 quae
1256 2355 1325 2409 sit
1353 2354 1628 2424 lapsorum
1652 2353 1717 2406 ad
1752 2351 1982 2423 priStiua

398 2446 663 2498 reversio.
731 2442 869 2509 Quid
911 2445 1081 2498 multa
1114 2444 1351 2515 prol‘erri
1398 2460 1535 2514 opus
1572 2443 1689 2498 est?
1737 2441 1984 2513 exposita

397 2535 452 2589 in
514 2534 892 2606 Evargeliis"
987 2537 1055 2591 de
1126 2551 1229 2591 ove
1300 2537 1592 2591 aberrante
1665 2534 1987 2601 similitudo,

407 2627 709 2697 itidemque
789 2628 958 2684 altera
1027 2629 1094 2685 de
1161 2629 1419 2685 drachma
1496 2629 1749 2700 perdita,
1827 2643 1984 2699 pror-

386 2736 494 2787 ,sus
579 2723 754 2791 ipsnm
850 2721 1092 2777 hominis
1171 2733 1277 2777 tam
1359 2720 1760 2777 deerrationent
1826 2730 1989 2789 atque

399 2814 611 2883 lapsum
665 2829 825 2883 quam
872 2816 937 2869 ad
991 2813 1285 2886 pristinum
1355 2822 1556 2868 statum
1615 2813 1990 2868 reversionem

782 2907 918 2961 ham
980 2908 1128 2962 illam
1186 2908 1255 2962 ob
1315 2922 1536 2962 causam
1601 2906 1810 2964 relictis
1874 2918 1984 2961 caa-

401 2992 468 3049 lis
499 2993 643 3050 Deus
678 2993 733 3050 in
774 3007 975 3051 terram
1008 2996 1294 3052 descendit
1347 3003 1401 3051 et
1448 2995 1613 3052 homo
1657 2995 1838 3050 factus
1884 3001 1988 3060 est,

406 3096 465 3142 ut
507 3102 628 3152 nos,
666 3088 756 3158 qui
804 3088 941 3159 lapsi
991 3104 1236 3156 eramus,
1280 3088 1345 3144 ad
1388 3086 1684 3158 pristinum
1739 3088 1990 3159 adeoque
2017 3132 2058 3159 _.,

402 3179 637 3249 primum
671 3181 823 3235 illum
857 3182 1120 3238 honorem
1172 3183 1485 3238 reduceret.
1548 3181 1855 3251 Czeteroqui
1901 3197 1991 3237 re—

399 3285 591 3328 versus
616 3270 761 3329 illius
795 3274 884 3329 ille
916 3274 1178 3346 prodigus
1207 3289 1315 3330 non
1370 3275 1623 3337 audisset
1661 3293 1673 3330 :
1744 3274 1992 3332 «induite

402 3367 581 3436 ipsum
612 3364 797 3434 priore
826 3366 968 3421 stola
985 3365 1054 3420 ⁸³⁸.
1069 3380 1101 3417 »-

473 3458 679 3523 Quodsi
711 3459 804 3527 qui
834 3459 1026 3514 dicunt
1063 3458 1335 3514 Adamum
1366 3462 1586 3535 quidem
1634 3481 1665 3519 a
1709 3464 1825 3520 Deo
1858 3480 1994 3521 eon-

402 3545 578 3600 ditum
607 3545 777 3602 fuisse
806 3548 1198 3615 immortalem,
1226 3568 1418 3607 verum
1447 3555 1807 3612 nihilominus
1826 3558 1990 3613 talem

406 3638 686 3694 exstitisse
710 3640 803 3709 qui
832 3641 1076 3697 mortalis
1109 3657 1231 3699 esse
1254 3654 1462 3716 posset,
1495 3648 1596 3703 hoc
1617 3658 1703 3705 est
1728 3652 1818 3720 qui
1848 3666 1993 3705 mor-

407 3731 602 3786 talitati
633 3742 820 3802 posset
846 3733 1119 3791 obnoxius
1152 3737 1268 3792 ﬁeri
1301 3777 1317 3804 ,
1374 3739 1643 3811 siquidem
1678 3744 1993 3799 mandatum

407 3822 511 3877 sibi
543 3824 916 3896 praescriptum
944 3843 1052 3884 non
1072 3830 1426 3901 observaret,
1472 3833 1614 3890 hanc
1639 3850 1741 3890 nos
1772 3837 1993 3907 quidem

410 3914 656 3986 ipsorum
672 3920 988 3977 orationem
1016 3923 1380 4009 admittimus,
1412 3934 1574 3996 atque
1596 3927 1808 3983 admitti
1834 3942 1998 3999 posse

408 4008 683 4076 videatur,
718 4015 1022 4079 praesertim
1052 4008 1121 4070 iis
1152 4017 1242 4085 qui
1271 4016 1435 4070 altius
1460 4033 1740 4072 sacrorum
1773 4020 1998 4077 Patrum

415 4101 621 4170 scripta
658 4104 1029 4174 pervestigare
1063 4107 1295 4173 noiunt;
1327 4124 1438 4162 non
1476 4120 1654 4163 tamen
1687 4127 1811 4165 eum
1841 4115 2000 4182 quid-

411 4203 575 4257 quam
623 4190 793 4245 fuisse
828 4207 1081 4261 passum,
1134 4195 1189 4251 id
1220 4206 1305 4251 est
1336 4197 1430 4251 ulli
1464 4198 1735 4255 aﬂectioni
1763 4204 1998 4259 naturali

414 4286 544 4359 ante
596 4285 1088 4352 transgressionem
1142 4287 1447 4358 subjectum
1492 4291 1690 4356 fuisse.
1747 4294 2001 4349 concedi-

418 4383 566 4425 mus.
607 4370 731 4437 Quo
763 4375 909 4429 enim
941 4375 993 4430 id
1027 4388 1186 4446 pacto
1217 4382 1682 4440 concederemus?
1725 4401 1849 4440 cum
1896 4387 2001 4442 tale

2083 1888 2388 1958 πρόσσχες,
2440 1889 2488 1941 εί
2528 1888 2731 1958 βούλει,
2783 1887 2891 1959 πρὸ
2924 1887 3034 1940 τῶν
3069 1885 3245 1940 ἄλλων
3279 1884 3356 1953 τῷ
3398 1882 3646 1951 θειοτάτῳ

2096 1979 2436 2050 Ἀναστασίῳ
2450 1980 2581 2050 περὶ
2604 1978 2811 2031 τούτων
2836 1977 3009 2040 οὕτως
3031 1977 3267 2041 λέγοντι·
3301 1994 3318 2025 ι
3346 1974 3453 2028 Καὶ
3474 1973 3650 2043 ἐποίη-

2087 2092 2146 2127 σε
2181 2074 2273 2129 τὸν
2314 2073 2605 2143 ἄνθρωπον
2645 2075 2670 2125 ό
2701 2072 2868 2137 Θεός·
2919 2070 3039 2122 κατ’
3068 2069 3255 2122 εἰκόνα
3299 2068 3433 2121 Θεοῦ
3469 2066 3647 2134 ἐποίη-

2088 2182 2181 2219 σεν
2222 2166 2408 2221 αὐτόν.
2463 2164 2662 2235 Πρώτη
2706 2163 2927 2231 ποίησις
2977 2161 3141 2230 αὕτη,
3204 2160 3373 2228 ἁπλῆ,
3433 2160 3645 2225 ἄζυγος,

2087 2254 2396 2326 ἄφθαρτοςο
2444 2254 2581 2324 πρὸς
2634 2252 2702 2325 ἣν
2750 2252 2814 2324 δὴ
2864 2252 3084 2323 ποίησιν
3142 2251 3322 2322 ἀφορᾷ
3372 2252 3465 2303 καὶ
3494 2249 3649 2320 ἡτῶν

2089 2351 2361 2418 σωμάτων
2384 2351 2707 2410 ἀνάστασις.
2737 2366 2755 2399 ι
2792 2346 2970 2400 Kak!
3002 2346 3112 2417 χρὴ
3144 2345 3313 2398 πολλά
3340 2345 3553 2411 λέγεινς
3591 2340 3646 2395 Ἦ

2089 2445 2148 2497 ὲν
2170 2443 2528 2512 Εὑαγγελίοις
2558 2441 2653 2494 τοῦ
2683 2441 3036 2511 πλανωμένου
3063 2438 3338 2509 προϐάτου
3374 2432 3647 2506 παραϐολὴ

2090 2535 2185 2588 καὶ
2238 2535 2270 2602 ἡ
2325 2535 2425 2602 τῆς
2467 2533 2850 2603 ἀπολλυμένης
2887 2533 3152 2594 ὡσαύτως
3199 2527 3444 2600 δραχμῆς
3495 2527 3650 2591 αὐτὴν

2092 2623 2500 2694 ὕπεμφαίνουσι
2548 2623 2765 2686 πάντως
2821 2622 2921 2693 τὴν
2955 2620 3049 2673 τοῦ
3078 2619 3370 2688 ἀνθρώπου
3406 2619 3497 2671 καὶ
3531 2617 3651 2668 πλά-

2094 2734 2190 2786 νην
2223 2717 2314 2767 καὶ
2353 2715 2651 2781 ἔκπτωσιν,
2686 2714 2781 2768 καὶ
2944 2715 3022 2777 εἰς
3056 2714 3116 2767 τὸ
3148 2712 3310 2768 πάλιν
3335 2709 3650 2779 ἐπιστροφὴν

2094 2807 2188 2859 καὶ
2230 2805 2551 2875 ἀνάκλησιν.
2598 2805 2722 2858 Ἐπὶ
2761 2804 2937 2875 τούτῳ
2979 2803 3088 2875 γὰρ
3138 2802 3231 2856 καὶ
3291 2800 3475 2864 κλίνας
3498 2800 3650 2870 οὐρα-

2044 2920 2058 2927 ι
2095 2898 2218 2961 νοὺς
2247 2899 2275 2951 6
2312 2898 2444 2963 Θεὸς
2474 2895 2823 2965 κιταὸἐΰηκε
2860 2900 2954 2951 καὶ
2983 2896 3077 2950 ἄνο
3089 2912 3270 2965 ρωπος
3296 2895 3540 2962 γέγονεν,
3562 2891 3652 2951 ,ἵνα

2095 2994 2221 3055 τοὺς
2252 2992 2586 3056 ἐκπεσόντας
2613 2994 2764 3064 ἡμᾶς
2806 2992 2900 3046 ἐπὶ
2932 2992 3029 3065 τὴν
3062 2988 3297 3061 ἀρχαίαν
3320 2988 3414 3042 καὶ
3449 2986 3652 3058 πρώτην

2098 3087 2428 3161 ὲπαναγάγῃ
2462 3088 2651 3157 τιμήν.
2687 3086 2799 3139 Καὶ
2834 3086 2944 3156 γὰρ
2975 3087 3023 3136 εἰ
3064 3086 3139 3153 μὴ
3166 3082 3327 3135 τοῦτο
3354 3078 3442 3153 ἦν,
3470 3081 3568 3132 οῦκ
3595 3080 3653 3132 ἂν

2093 3178 2429 3248 ἐπιστρέψας
2461 3181 2488 3230 6
2507 3181 2712 3242 ἄσωτος
2740 3179 3000 3248 ἤκουσενο
3039 3195 3057 3228 ι
3088 3176 3377 3232 Ἐνδύσατε
3398 3173 3555 3227 αὐτὸν
3568 3171 3654 3242 τὴν

2094 3270 2318 3341 πρώτην
2347 3270 2556 3341 στολήν.
2590 3290 2611 3323 ι
2811 3260 2817 3269 ’

2168 3455 2233 3509 Εἰ
2263 3454 2322 3509 δὲ
2368 3459 2462 3511 καὶ
2493 3456 2712 3527 λέγουσί
2755 3474 2898 3521 τινες
2930 3456 3239 3527 πλασθῆναι
3280 3456 3383 3527 μὲν
3409 3455 3656 3511 ἀθάνατον

2097 3549 2203 3603 ὑπὸ
2233 3549 2374 3603 Θεοῦ
2409 3550 2501 3604 τὸν
2535 3549 2728 3620 Ἀδὰμ,
2758 3551 2985 3621 δυνάμει
3017 3551 3073 3604 δὲ
3104 3551 3301 3620 θνητὸν
3338 3544 3501 3614 εἶναι,
3523 3564 3658 3601 τουτ-

2098 3639 2216 3692 έστι
2260 3638 2525 3695 δύνασθαι
2571 3640 2877 3712 θνητὸτητι.
2911 3645 3253 3715 περιπεσεῖν,
3284 3643 3404 3712 εἴγε
3448 3641 3523 3713 μὴ
3573 3637 3658 3709 φύ-

2099 3733 2197 3799 λαξ
2233 3736 2440 3788 ὲσεῐται
2490 3733 2589 3805 τῆς
2634 3733 2884 3804 δοθείσης
2920 3735 3070 3806 αὑτῴ
3117 3735 3365 3805 ἐντολῆς,
3406 3732 3657 3804 δεχόμεθα

2106 3827 2203 3895 μὲν
2230 3826 2320 3879 τὸν
2343 3825 2501 3895 λόγον
2531 3825 2713 3879 αὐτῶν
2750 3825 3181 3897 (εὐπαράδεκτος
3204 3827 3315 3896 γὰρ
3336 3821 3475 3880 εἶναι
3507 3824 3657 3886 δοκεῖ,

2100 3918 2196 3971 καὶ
2243 3917 2480 3988 μάλιστα
2516 3920 2630 3982 τοῖς
2659 3917 2735 3990 μὴ
2767 3918 2982 3972 θέλουσι
3020 3921 3140 3983 ταῖς
3172 3920 3283 3973 τῶν
3310 3921 3481 3988 ἁγίων
3505 3917 3661 3973 [Iasii

2105 4030 2213 4082 ρων
2236 4012 2568 4081 ὲμὸαθύνειν
2599 4015 2885 4083 γραφαῖς),
2916 4014 3147 4083 πάσχειν
3200 4013 3257 4066 δὲ
3306 4015 3443 4076 ὅλως
3493 4012 3657 4072 αὑτὸν,

2101 4106 2382 4157 τουτέστιν
2410 4103 2508 4174 οἵῳ
2538 4104 2602 4174 δή
2640 4122 2746 4158 τινι
2783 4105 2999 4176 φυσικῷ
3035 4106 3197 4160 πάθει
3235 4105 3342 4178 πρὸ
3378 4106 3475 4174 τῆς
3505 4120 3661 4175 παρα·

2103 4198 2707 4275 ὅάσεωςγὺποκεῖσθαι,
2750 4201 2986 4272 οὐδαμοῦ
3036 4200 3197 4253 τοῦτο
3247 4197 3659 4272 καταδεχόμεθσ.

2105 4290 2229 4353 Πῶς
2261 4292 2389 4358 γὰρ,
2432 4291 2485 4343 εἴ
2523 4291 2585 4360 γέ
2621 4310 2741 4345 τινα
2784 4295 2891 4344 τῶν
2934 4294 3106 4361 ἁγίων
3148 4293 3407 4363 Πατέρων
3442 4289 3659 4344 τοιοῦτόν

2106 4400 2160 4434 τι
2209 4384 2338 4453 περὶ
2379 4383 2474 4436 τοῦ
2519 4386 2743 4455 πρώτου
2776 4385 3067 4456 ἀνθρώπου
3102 4384 3368 4450 διεξιόντα
3397 4387 3495 4456 οὐχ
3520 4383 3658 4452 εὖρο-

415 4460 674 4529 quiddam
734 4466 800 4519 de
852 4468 1062 4524 Adamo
1117 4470 1378 4526 traditum
1428 4472 1502 4529 ab
1539 4474 1648 4529 ullo
1684 4484 1985 4531 sanctorum

2106 4494 2241 4546 pev;
2271 4478 2488 4532 Μᾶλλον
2552 4481 2651 4548 μὲν
2694 4478 2788 4532 οὖν
2838 4479 3025 4549 ἀπαθῆ
3063 4480 3282 4548 λέγουσι
3325 4466 3419 4534 τὸν
3447 4477 3661 4534 τοιοῦτον

415 4550 636 4607 Patrum
690 4571 959 4629 nusquam
1009 4563 1372 4633 reperiamus.
1443 4566 1588 4633 Quin
1626 4569 1809 4638 potius
1841 4570 1997 4625 aiunt

417 4661 542 4700 eum
565 4647 917 4707 affectionem
946 4658 1224 4725 expertem
1252 4658 1447 4725 fuisse,
1477 4675 1753 4731 supraque
1775 4673 2000 4721 cunctas

420 4742 772 4799 necessitates
805 4749 1117 4816 corporales
1167 4753 1425 4818 positum.
1486 4754 1731 4808 Primum
1781 4758 2001 4813 divinus

420 4830 525 4895 vir,
555 4829 796 4889 Joannes
833 4837 922 4891 ille
958 4839 1347 4908 [Mmaseenus,
1403 4844 1684 4899 hominem
1748 4857 1875 4902 ante
1926 4848 2001 4901 la-

421 4934 579 4992 psum
616 4925 753 4982 dicit
798 4930 885 4981 ab.
903 4929 1290 4989 affectionibus
1329 4937 1599 4991 universis
1656 4937 2000 4995 innmmitate

420 5030 635 5072 summa
662 5022 945 5089 praeditum
978 5023 1164 5080 fuisse.
1184 5025 1318 5081 Nam
1352 5028 1546 5095 fartres,
1574 5031 1711 5099 sitis,
1731 5031 1994 5103 fatigatio,

419 5122 647 5167 somnus
664 5122 719 5167 et
749 5115 937 5184 sudor,
966 5121 1426 5187 quemadmodum
1460 5124 1623 5179 tradit
1656 5126 1795 5179 idem
1827 5126 2004 5196 capite

420 5200 763 5278 LX1V,94
817 5219 941 5277 post
988 5216 1478 5280 tranSgressionem
1539 5219 1773 5288 primum
1836 5221 2002 5274 vitam

419 5295 713 5353 humanam
775 5303 1119 5358 invaserunt.
1201 5306 1406 5362 Praeter
1467 5310 1618 5364 hunc
1676 5300 2004 5367 Anastasius

423 5385 690 5457 Sinaites,
730 5392 781 5446 in
817 5396 1068 5449 oratione
1098 5411 1195 5451 sua
1221 5398 1290 5453 de
1320 5402 1729 5458 resurreetione
1768 5404 1864 5458 has
1899 5419 1997 5457 ex-

422 5490 605 5549 pertes
640 5485 776 5550 vitii,
809 5501 1039 5557 quaeque
1076 5490 1372 5560 vituperari
1430 5508 1540 5548 non
1592 5504 1870 5550 mereatur
1922 5495 2004 5548 al-

420 5569 710 5641 fectiones,
759 5593 865 5632 una
924 5595 1046 5634 cum
1081 5594 1307 5651 peccato
1342 5593 1559 5639 exortas
1605 5585 1658 5638 in
1710 5584 1868 5638 nobis
1901 5600 2003 5638 una

491 5742 537 5772 ⁷³
562 5740 699 5799 Gen.
730 5760 812 5815 ni,
846 5748 932 5803 19.
1011 5749 1058 5782 υ
1084 5748 1218 5807 Luc.
1253 5766 1343 5819 xv,
1373 5751 1427 5808 8.
1504 5751 1552 5784 ⁷⁸
1578 5750 1712 5806 ibid.
1741 5750 1831 5805 22.
1924 5752 1929 5757 ’

2110 4567 2273 4638 εἶναι,
2314 4575 2409 4626 καὶ
2439 4576 2769 4642 σωματικῶν
2823 4574 3014 4626 πασῶν
3070 4574 3374 4644 ὑπέρτερον
3403 4572 3658 4641 ἀναγκῶν.

2110 4666 2320 4719 Αὐτίκα
2342 4666 2452 4737 γὰρ
2479 4668 2507 4721 6
2537 4667 2811 4730 θειότατος
2848 4668 3102 4738 Ἰωάννης
3129 4667 3489 4738 Δαμασκηνὸς
3508 4652 3662 4736 ἄκραν

2109 4759 2256 4830 ἔχειν
2284 4759 2554 4813 ἀπάθειαν
2585 4758 2673 4813 τὸν
2713 4761 2819 4831 πρὸ
2870 4762 2968 4833 τῆς
3003 4762 3369 4832 παραὸασεως
3400 4762 3663 4834 ἄνθρωπον

2112 4853 2266 4919 ἔλεγε
2292 4863 2308 4881 ⁴
2343 4854 2502 4908 πεῖνα
2547 4856 2657 4923 γὰρ
2701 4857 2794 4908 καὶ
2846 4854 2998 4924 δίψα,
3033 4857 3201 4919 κόπος
3254 4858 3351 4911 καὶ
3390 4856 3548 4923 ὖπνος
3582 4852 3662 4903 κιδ-

2034 4992 2039 4997 .
2116 4943 2295 5015 ἱδρὼς,
2322 4945 2396 5011 ὠς
2430 4949 2457 4999 ὁ
2495 4947 2633 5011 θεῖος
2668 4966 2821 5012 ουτος
2865 4950 3005 5021 ἀνὴρ
3059 4952 3117 5004 ὲν
3172 4950 3454 5022 ἑξηκοστῷ
3497 4946 3663 5013 τετάρ-

2105 5055 2182 5109 τῳ
2245 5040 2525 5112 κεφαλαίῳ
2596 5040 2761 5094 αὑτοῦ
2829 5041 3001 5110 λέγων
3053 5041 3329 5115 εὕρηται,
3389 5043 3537 5115 μετὰ.
3578 5040 3660 5106 τὴν

2116 5131 2431 5202 παράὸασιν
2481 5135 2561 5195 εἰς
2611 5135 2703 5185 τὸν
2765 5133 3110 5203 ἀνθρώπινον
3163 5134 3277 5205 βίον
3331 5133 3652 5205 εἰσήλθοσαν.

2117 5225 2281 5277 Ἀ).λά
2316 5226 2409 5277 καὶ
2439 5227 2466 5278 ὀ
2497 5227 2750 5298 Σιναῖτης
2786 5227 2928 5291 θεῖος
2967 5228 3324 5291 Ἀναστάσιος
3353 5231 3411 5280 ἐν
3437 5228 3511 5298 τῷ
3542 5224 3653 5293 περὶ

2104 5314 2482 5380 ’Λναστάσεως
2538 5316 2680 5386 λόγῳ
2711 5316 2877 5369 αὐτοῦ
2906 5317 2974 5370 τά
3003 5318 3306 5388 ἁδιάὅλητα
3334 5318 3502 5373 ταῦτα
3535 5315 3659 5377 πάθη

2104 5410 2170 5478 τῇ
2204 5409 2299 5477 τῆς
2351 5410 2550 5470 κακίας
2589 5408 2778 5483 εἰσόδῳ
2831 5411 3375 5482 συνεπακολουθῆσαι
3412 5413 3534 5483 ἡμῖν
3562 5408 3660 5459 ελε-

2106 5510 2203 5563 γεν
2244 5497 2300 5548 ὲν
2337 5498 2401 5566 τῇ
2453 5496 2544 5549 τοῦ
2581 5497 2910 5567 δερματίνου
2956 5499 3183 5569 χιτῶνος
3229 5501 3513 5572 περιϐολῇ.
3542 5494 3657 5551 Οὐδὲ

2107 5585 2217 5655 γὰρ
2250 5586 2627 5654 συμπεφυκὼς
2655 5581 2812 5657 οὗτος
2847 5592 2913 5660 τῇ
2949 5589 3140 5663 λογικῇ
3200 5593 3364 5663 φύσει
3399 5590 3534 5648 καθὰ
3563 5588 3658 5649 τοῖς
