3862 6228
199 256 284 319 193
1437 241 1720 304 ANNALI

1901 237 2081 296 PARS
2124 236 2167 297 ῐ.
3321 221 3426 289 194

192 366 387 433 ἀλόγοις
433 361 668 430 ἐγένετο,
716 358 830 415 ἀλλ’
883 359 1110 430 ὕστερον
1160 358 1421 419 ἐπετίθει,
1485 355 1717 419 κολάζων

1906 367 1955 402 Ill
1994 348 2231 417 pellicem
2289 346 2488 401 tunica:
2517 344 2722 401 amictu
2757 340 2910 398 dicit.
2964 336 3175 395 Etenim
3207 337 3297 392 illa
3322 354 3423 391 na-

192 428 378 511 ἒκείνον
402 428 497 523 τὸν
535 456 593 505 ἐν
634 455 765 522 τιμῇ
798 453 900 523 μὲν
933 428 1058 504 ιντά
1094 452 1171 519 μὴ
1215 453 1465 503 συνιέντα
1501 448 1582 511 δὲ,
1616 446 1716 499 κάν

1897 456 1983 495 ira:
2011 438 2236 493 rationis
2273 437 2543 508 participi,
2576 446 2833 505 tanquam
2870 432 3046 488 brutis
3076 428 3422 492 animalibus,

192 547 363 600 τεῦθεν
396 520 822 614 εἰς’ὑπόμνησιν
858 544 1006 611 ἄγων
1056 536 1131 601 ὧν
1181 542 1440 608 ἐξέπεσεν
1501 538 1717 607 ἀγαθῶν

1899 532 2168 586 ituraliter
2216 546 2327 585 non
2360 530 2696 593 adhaerebat,
2738 527 2834 583 sed
2865 526 3124 595 deinceps
3172 520 3424 581 accessit,

201 638 349 689 ’Λλλά
376 637 465 688 καὶ⁸
496 638 523 688 ό
554 634 790 705 χρυσοῦς
833 635 933 703 τὴν
980 634 1225 703 γλῶτταν
1262 633 1516 701 Ἰωάννης
1546 630 1607 683 τὸ
1649 627 1726 682 toi

1899 624 1984 677 Lci
2014 638 2192 693 pinna:
2242 622 2363 676 loco
2402 621 2565 683 foret,
2620 621 2713 691 qui
2762 635 2886 675 cum
2921 629 3065 674 esset
3106 616 3159 672 in
3192 617 3424 676 honore,

192 730 388 800 πρώτου
429 726 709 795 παριστῶν
753 726 963 789 ἀπαθὲς
1020 725 1207 793 ἔλεγεν
1249 745 1267 775 ι
1310 722 1595 792 Ἐννόησόν
1653 736 1717 787 μο

1902 717 2091 770 nimum
2114 726 2296 770 tamen
2342 730 2452 769 non
2489 714 2759 778 advertit;
2802 727 2910 783 quo
2954 728 3049 799 per
3080 712 3253 782 ipsam
3283 706 3427 762 scili-

194 821 585 891 μακαριότητος
637 819 970 889 ὑπερσολὴν,
1019 817 1136 880 πῶς
1197 816 1462 886 ἀνώτεροι
1526 815 1719 867 πάντω

1900 816 1933 860 ιι
1964 807 2356 861 admoneretur
2390 805 2590 876 quibus
2621 806 2779 859 bonis
2810 804 3128 859 excidisset.
3185 801 3425 857 Joannes

191 912 284 964 τῶν
316 910 641 980 σωματικῶν
683 910 733 962 οί
765 907 1188 978 πρωτόπλαστοι
1220 903 1385 975 ἦσαν,
1420 906 1537 967 πῶς
1576 903 1716 956 καθά

1901 914 1979 950 em
2024 896 2445 968 Chrysostomus
2497 897 2793 951 ostendens
2852 896 3129 950 hominem
3189 893 3426 963 primum

193 1022 283 1075 περ
307 1005 392 1056 τὸν
438 1003 666 1073 οὐρανὸν
698 1000 843 1055 οὕτω
892 1001 992 1070 τὴν
1050 1001 1153 1070 γῆν
1181 1000 1381 1070 ᾤκουν,
1414 998 1507 1051 καὶ
1539 998 1599 1049 ὲν
1644 996 1718 1048 σώ

1901 996 2130 1057 ιροτῑοπι
2162 987 2517 1043 aﬂ'ectionum
2558 986 2746 1049 fuisse,
2790 986 2972 1040 verbis
3031 986 3179 1039 hisce
3213 984 3426 1037 utimr:

195 1113 308 1165 ματι
332 1096 689 1164 τυγχάνοντες
710 1094 779 1146 τά
806 1092 915 1145 τῶν
944 1093 1213 1163 σωμάτων
1235 1092 1296 1145 οὐ
1303 1110 1333 1160 χ
1367 1091 1689 1159 ὑπέμειναν.

1905 1077 2184 1133 lonsidera
2216 1078 2351 1133 mihi
2384 1078 2661 1133 beatitatis
2691 1076 3105 1137 abundantiam,
3134 1090 3242 1143 quo
3272 1081 3430 1141 pacto

192 1188 313 1240 (Ιῦτε
343 1188 444 1255 γὰρ
482 1188 682 1257 στέγης
735 1184 859 1239 οὔτε
904 1184 1106 1254 ὀρόφου
1154 1183 1279 1236 οὔτε
1332 1181 1565 1251 ἱματίων
1624 1178 1715 1233 οὔτ

1905 1183 2013 1239 ipra
2048 1184 2137 1224 res
2172 1184 2467 1239 corporcas
2496 1183 2690 1223 omnes
2734 1168 2896 1238 positi
2951 1165 3149 1221 ruerint
3178 1166 3430 1219 homines

192 1280 330 1333 ἄλλου
375 1277 586 1342 οὐδενὸς
631 1276 741 1329 τῶν
794 1276 1058 1329 τοιούτων
1110 1276 1343 1328 ἐδέοντο.
1395 1273 1559 1326 ’Λλλά
1596 1272 1691 1323 καὶ

1901 1261 1929 1315 Li
1954 1259 2204 1330 principe
2234 1260 2356 1314 Ioco
2390 1260 2605 1315 formati
2639 1275 2668 1313 a
2712 1259 2858 1324 Deo;
2890 1273 2999 1329 quo
3031 1265 3191 1328 pacto
3225 1266 3426 1311 terram

194 1370 419 1437 θεολόγος
440 1369 767 1440 Γρηγόριος,
802 1367 1258 1437 ὲπικαλύμματος
1293 1368 1387 1419 καὶ
1412 1364 1719 1435 προϐλὴμα⁴

1907 1364 1929 1401 e
1958 1347 2290 1402 incoluerint
2319 1363 2383 1402 ac
2417 1349 2461 1401 si
2497 1348 2695 1404 malum
2733 1348 3059 1412 incolerent,
3114 1362 3224 1418 quo
3273 1355 3432 1417 pacto

190 1480 267 1525 τος
299 1464 370 1533 μὴ
404 1438 827 1529 δέεήσθαινλέγων
858 1461 949 1513 τὸν
982 1459 1079 1514 ἀπ’
1121 1459 1297 1529 ἀρχῆς
1332 1457 1646 1528 ἄνθρωπον,
1677 1473 1715 1508 τι

1944 1439 2269 1508 corporibus
2316 1440 2673 1507 exsistentes,
2723 1455 2844 1509 qua:
2890 1439 3108 1510 propria
3141 1454 3430 1508 corporum

194 1557 312 1608 αὑτά
340 1531 413 1623 τῷ
446 1554 873 1623 Χρυσορρήμονι
916 1553 1129 1615 πάντως
1157 1553 1408 1619 ἐνέφηνε.
1435 1551 1601 1619 Σῶμα
1638 1550 1719 1615 γᾶι

1917 1540 1978 1585 ιιι
2007 1546 2113 1585 non
2150 1532 2495 1600 pertulerint.
2537 1531 2647 1587 Nec
2670 1533 2816 1587 enim
2850 1533 2932 1587 vel
2959 1541 3101 1587 tecto
3132 1533 3212 1587 vel
3250 1532 3438 1602 laque—

197 1647 319 1715 μήτε
367 1622 598 1715 κρυμοῖς
632 1622 941 1698 υποπίπτον
993 1644 1134 1715 μήτε
1189 1642 1469 1712 θάὶψεσιν.
1520 1641 1581 1694 Ei
1636 1642 1722 1711 γᾶγ

1908 1625 1927 1675 ’ἱ
1967 1622 2053 1677 vel
2089 1624 2426 1681 indumentis
2461 1625 2543 1681 vel
2574 1625 2678 1680 alia
2714 1625 2967 1694 quapiam
3007 1625 3094 1679 tali
3126 1642 3185 1679 re
3219 1625 3433 1695 indige-

193 1732 360 1785 ἐλύπει
398 1730 643 1785 τοιοῦτόν
672 1749 725 1786 τι
754 1732 924 1795 πάθος
950 1731 1106 1797 αὐτὸ,
1133 1732 1229 1784 καὶ
1259 1730 1653 1800 σκεπάσματος
1678 1728 1718 1783 ἂ

1906 1722 2032 1769 int»
2072 1713 2454 1771 Consimiliter
2477 1714 2773 1787 Gregorius
2810 1717 2902 1771 ille
2937 1715 3223 1785 theologus
3255 1714 3431 1769 homi-

192 1823 243 1889 ἐξ
274 1823 507 1893 ἀνάγκης
563 1824 661 1877 καὶ
694 1822 1345 1894 προϐλήματοςιὲπιδεὲς
1396 1816 1487 1891 ἦν.
1538 1820 1653 1874 Οὐκ
1682 1818 1717 1872 ἂ

1910 1821 1973 1861 2m
2000 1805 2236 1877 primum
2277 1823 2381 1863 nec
2412 1817 2729 1880 tegumento
2771 1824 2873 1864 nec
2904 1811 3105 1865 vestitu
3138 1808 3435 1879 indiguisse

193 1914 334 1967 αὑτὸν
362 1916 591 1984 πάσχειν
642 1914 796 1985 ᾠήθη
844 1914 986 1968 κατά
1036 1930 1089 1967 τι
1118 1916 1146 1965 6
1176 1913 1321 1975 θεῖος
1357 1906 1513 1985 οὗτος
1567 1912 1706 1981 ἀνὴρ

1908 1897 2003 1952 cit.
2054 1896 2301 1953 Ilabebat
2352 1898 2499 1953 enim
2553 1913 2776 1969 corpus,
2818 1898 2964 1969 quod
3014 1913 3192 1967 neque
3243 1898 3432 1971 frigori

193 2001 289 2069 είγε
318 2002 405 2055 καὶ
446 2002 656 2071 μᾶλλον
683 2002 783 2073 τὴν
817 2000 1137 2071 παχυτέραν
1177 2000 1358 2068 σάρκα
1402 2000 1499 2052 καὶ
1525 1999 1718 2070 θνητὴν

1908 2000 1954 2041 ιο
2009 1987 2165 2042 aestui
2224 1986 2369 2044 foret
2420 1988 2748 2044 obnoxium.
2814 1990 3027 2060 Quippe
3078 1992 3122 2045 si
3162 1988 3433 2060 ejusmodi

195 2095 275 2161 ἀφ’
300 2089 361 2165 ἦς
387 2095 492 2165 ἀρα
524 2096 622 2149 καὶ
652 2096 713 2148 τὸ
754 2095 981 2165 πάσχειν
1013 2096 1174 2165 ἡμῖν,
1224 2095 1283 2147 ὲν
1304 2095 1372 2164 τῇ
1407 2092 1504 2145 τοῦ
1546 2092 1720 2163 δερμα

1911 2078 2119 2148 Iaepiam
2148 2080 2367 2137 aﬂectio
2399 2080 2630 2138 laesisset
2662 2081 2865 2153 ipsum,
2917 2082 3080 2139 etiam
3123 2086 3436 2138 necessario

195 2186 322 2238 τίνου
355 2189 581 2256 χιτῶνος
617 2186 884 2257 περιϐολῇ
916 2186 1007 2240 τδν
1054 2186 1229 2256 ’Δδάμ
1282 2184 1612 2239 ἐνδύσασθαι
1639 2184 1720 2238 ἔλε

1912 2185 1963 2224 m
2008 2180 2322 2243 tegumenta
2373 2189 2537 2245 quam
2575 2176 2772 2231 vestitu
2821 2176 3162 2247 indiguisset.
3221 2176 3296 2230 De
3324 2189 3437 2245 quo

197 2290 298 2341 γεν.
333 2267 537 2337 Ἐδειξε
590 2271 705 2342 γὰρ
762 2271 1014 2327 ιντεῦθεν
1067 2272 1150 2326 ὅτι
1211 2272 1318 2343 πρὸ
1354 2271 1453 2341 τῆς
1494 2273 1720 2340 τοιαύτη

1911 2264 2127 2336 illigitur
2161 2268 2411 2323 divinum
2462 2269 2610 2324 hunc
2669 2271 2845 2324 virum
2892 2270 3239 2325 existimasse
3290 2268 3436 2323 nihil

200 2363 466 2435 περιϐολῆς
524 2365 752 2436 ἀπαθὴς
812 2364 841 2418 6
878 2364 1171 2435 ἄνθρωπος
1218 2361 1286 2435 ἦν
1336 2364 1432 2418 ἀτε
1473 2363 1537 2434 δὴ
1573 2362 1725 2433 σάρκι

1911 2359 2083 2412 nnino
2106 2358 2210 2413 tale
2262 2360 2371 2415 ullo
2400 2371 2560 2430 pacto
2596 2377 2796 2431 corpus
2832 2363 2963 2417 illud
3010 2361 3245 2416 hominis
3273 2358 3436 2430 primi

198 2456 507 2527 λεπτοτέραν
540 2456 920 2527 ἐνδεδυμένος,
962 2454 1235 2519 ἀθάνατόν
1266 2472 1326 2508 τε
1386 2458 1481 2509 καὶ
1534 2454 1722 2524 ἄφθαρ

1908 2464 2175 2521 πρεεειιιη
2207 2467 2352 2507 esse.
2415 2453 2527 2507 lnio
2558 2455 2719 2508 tradit
2744 2454 2883 2508 idem
2916 2454 3183 2509 Adamum
3215 2469 3433 2508 carnem

202 2565 294 2604 τον.
334 2549 469 2601 ’Δλλ⁹
502 2550 596 2601 ἐπὶ
628 2549 859 2612 ταύταις
912 2550 1034 2607 ταῖς
1092 2548 1269 2613 λέξεσι
1312 2548 1661 2618 χαλεπαίνειν
1692 2564 1727 2599 οι

1910 2556 2001 2595 me
2052 2544 2383 2599 crassiorem
2433 2554 2490 2598 et
2549 2546 2708 2599 morti
2757 2546 3073 2610 obnoxiam,
3119 2561 3148 2599 a
3184 2559 3289 2612 qua
3320 2545 3435 2614 ipsa

201 2640 308 2707 χρή.
356 2637 506 2690 Κατὰ
532 2637 647 2709 γάρ
680 2637 771 2691 τὸν
800 2637 1240 2709 Χρυσορῤἠμονα
1286 2638 1539 2707 Ἰωάννην
1576 2637 1723 2706 πάση

1910 2634 2287 2690 roIiciscuntur
2346 2636 2661 2706 huiusmodi
2723 2638 3088 2705 atlectiones,
3147 2654 3251 2694 una
3309 2653 3435 2693 cum

202 2727 495 2798 ἀπήλλακτο
524 2730 588 2781 τὸ
616 2728 780 2797 σῶμα
817 2729 997 2781 ἐκεῖνο
1029 2727 1257 2798 φθορᾶς.
1300 2725 1416 2796 Ἐφ’
1446 2720 1490 2795 ᾧ
1525 2727 1619 2780 καὶ
1654 2726 1727 2795 ἀφ

1915 2728 2063 2782 nictu
2085 2728 2329 2797 pellicem
2358 2730 2556 2784 tunica:
2587 2730 2858 2787 induisse.
2923 2732 3045 2798 Quo
3068 2732 3308 2786 indicare
3338 2746 3440 2788 vo-

205 2821 376 2889 θαρτον
426 2822 558 2875 αὐτὸ
614 2820 844 2884 δικαίως
875 2822 902 2874 6
933 2821 1091 2888 λόγος
1137 2820 1422 2875 ἐκάλεσεν.
1462 2818 1524 2871 Et
1562 2819 1620 2872 δὲ
1650 2820 1724 2888 ἀφ

1912 2820 1963 2874 iit
1995 2828 2120 2873 ante
2158 2821 2417 2876 amictum
2454 2823 2720 2892 ejusmodi
2758 2824 2927 2878 fuisse
2972 2824 3251 2879 haminem
3303 2822 3437 2877 alle—

205 2913 393 2983 θιρτον,
431 2914 662 2984 εὔδηλον
697 2915 781 2969 ὅτι
832 2916 929 2968 καὶ
979 2913 1249 2968 ἀθάνατον
1274 2908 1363 2986 ἦν.
1396 2914 1458 2966 Εἰ
1486 2913 1594 2985 γὰρ
1625 2912 1730 2965 ἒπά

1921 2911 2105 2966 ionum
2131 2920 2434 2982 expertem,
2484 2915 2655 2985 utqui
2681 2931 2850 2971 carne
2888 2917 3171 2973 subtiliore
3220 2918 3443 2972 immor-

205 3007 371 3071 γεσθαι
403 3005 634 3060 εἰώθασι
671 3009 767 3060 καὶ
801 3008 947 3060 νόσοι
982 3007 1077 3060 καὶ⁵
1104 3006 1325 3061 θάνατοι
1360 3004 1421 3058 ἐκ
1450 3023 1507 3059 τε
1537 3005 1728 3059 πλεονε

1919 3004 1964 3058 lli
2022 3013 2076 3058 et
2130 3004 2535 3075 incorruptibili
2598 3009 2753 3078 prius
2812 3009 3036 3065 indutus
3087 3019 3253 3065 esset.
3308 3011 3444 3076 Quae

207 3099 305 3164 ξίας
331 3102 418 3154 καὶ
461 3100 760 3171 ἐλλείψεως
790 3100 898 3153 τῶν
930 3100 1214 3170 τεσσάρων
1268 3099 1485 3169 χυμῶν,
1515 3098 1659 3151 καθά
1689 3096 1732 3152 61‘

1916 3110 2023 3152 tces
2050 3095 2309 3152 exhibere
2340 3099 2436 3154 tibi
2481 3101 2742 3155 molestia;
2777 3101 2915 3155 nihil
2959 3084 3178 3157 debent.
3209 3102 3341 3158 Nam
3369 3104 3441 3158 de

208 3192 271 3260 τῷ
297 3193 712 3265 Χρυσοῤῥήμονι
762 3193 929 3259 δοκεῖ,
960 3194 1021 3246 τὸ
1074 3193 1131 3247 δέ
1162 3209 1225 3261 γε
1256 3192 1415 3262 σῶμα
1447 3190 1540 3245 τοῦ
1585 3191 1733 3261 Ἀδάε

1919 3188 2237 3259 hrysostomi
2269 3193 2552 3247 sententia
2582 3207 2783 3263 corpus
2808 3193 2937 3247 illud
2964 3194 3032 3248 ab
3061 3194 3291 3248 interitu
3322 3204 3444 3249 erat

210 3284 257 3337 tv
290 3285 514 3358 ἀπαθείᾳ
544 3286 702 3355 διῆγε
734 3286 832 3339 καὶ
862 3284 1128 3350 ὡσαύτως
1160 3281 1307 3356 εἶχεν
1336 3283 1423 3339 ἀεὶ
1475 3283 1619 3357 (οὐδὲ
1648 3282 1735 3353 γάγ

1915 3297 2150 3349 nmune;
2199 3302 2359 3356 quam
2413 3287 2482 3341 ob
2535 3301 2758 3340 causam
2791 3286 2989 3340 merito
3020 3286 3440 3356 incorruptibile

210 3377 466 3433 ἀλλοίωσιν
503 3379 725 3450 ἐδέχετό
779 3395 904 3432 τινα
937 3378 1343 3449 παραπλησίως
1389 3377 1545 3447 ἡμῖν,
1579 3378 1673 3432 ἆτε
1696 3377 1735 3431 δέ

1915 3378 2085 3434 icitur.
2118 3380 2323 3447 Quodsi
2343 3387 2459 3435 erat
2476 3378 2905 3449 incorruptibile,
2923 3364 3144 3448 planum
3170 3389 3254 3433 est
3277 3379 3440 3433 etiam

213 3470 377 3525 παθῶν
417 3470 688 3525 παντοίων
745 3470 1049 3541 ὑπέρτερον
1072 3468 1179 3537 ὃν),
1223 3469 1495 3538 φαίνεται
1540 3469 1738 3522 πάντωι

1920 3474 2393 3529 .1mortalefui5se.
2452 3472 2589 3527 Nam
2641 3486 2767 3526 cum
2812 3471 2985 3529 morbi
3026 3479 3193 3541 atque
3239 3481 3445 3525 mortes

214 3562 281 3613 ὅτι
314 3562 403 3617 καὶ
442 3562 745 3625 ἀθανασίας
775 3560 994 3632 ὑπῆρχε
1030 3564 1283 3633 μέτοχοι,
1316 3561 1393 3623 ὡς
1415 3563 1444 3615 6
1466 3563 1621 3632 λόγος
1659 3563 1739 3634 ηδτ

1927 3579 1979 3618 m
2029 3579 2098 3620 ex
2128 3564 2465 3619 abundantia
2497 3579 2660 3633 quam
2708 3561 2925 3617 delectu
2964 3570 3200 3632 quatuor
3253 3562 3447 3615 humo-

213 3652 402 3718 φθάσας
442 3652 742 3722 ἐδήλωσεν.
780 3650 905 3705 Ὂτι
944 3652 1003 3705 δὲ
1047 3652 1298 3728 φυσικῶν
1344 3652 1536 3705 παθῶν
1567 3651 1738 3707 ἀνώτε

1922 3672 1989 3710 Im
2053 3658 2183 3712 oriri
2233 3658 2644 3723 consueverint,
2681 3657 3016 3711 assentiente
3048 3655 3209 3711 nobis
3251 3654 3305 3708 in
3340 3654 3447 3709 hoc

216 3760 293 3809 ρος
315 3746 341 3797 6
372 3744 657 3817 ἄνθρωπος
684 3742 754 3817 ἦν
785 3750 840 3798 ὲν
857 3745 1051 3812 ἐκείνῳ
1076 3746 1154 3813 τῷ
1185 3744 1386 3815 καιρῷ,
1417 3745 1512 3796 καὶ⁵
1543 3745 1572 3796 6
1594 3743 1741 3813 μέγα.

1927 3764 1990 3804 so
2040 3749 2206 3805 etiam
2258 3750 2650 3820 Chrysostomo
2678 3789 2695 3815 ,
2725 3756 2781 3804 et
2829 3763 2959 3803 vero
2998 3763 3197 3817 corpus
3251 3748 3449 3804 Adanii

215 3836 359 3901 ἔδειξε
384 3833 663 3901 Βασίλειος
688 3840 746 3891 ἐν
770 3840 882 3899 τοῖς
906 3839 1228 3905 ἀσκητικοίς
1254 3837 1421 3891 αὑτοῦ
1444 3837 1589 3890 κατά
1615 3837 1740 3908 ῥῆμι

1921 3854 2067 3909 tpers
2114 3840 2468 3896 ail‘ectionum
2517 3838 2725 3903 fuerit,
2774 3839 2966 3895 eodem
3024 3840 3187 3894 modo
3233 3839 3446 3894 scilicet

214 3925 403 3992 διεξιὼν
480 3928 718 3983 οὑτωσί⁹
779 3929 1047 3999 (Ὠσπερ
1103 3930 1151 3981 εί
1203 3925 1348 3999 ἦμεν
1408 3931 1466 3983 ἐν
1521 3928 1601 3999 τῷ
1657 3947 1735 3982 πα

1925 3930 2130 3986 lectum
2182 3944 2447 4002 perpetuo
2508 3932 2643 4000 (non
2710 3931 2859 3986 enim
2940 3930 3303 3985 mutationem
3368 3929 3450 3986 ul-

218 4016 422 4089 ραδείσῳ
446 4020 545 4090 τῆς
581 4017 819 4089 τρυφῆς,
857 4018 958 4070 οὐκ
996 4017 1062 4071 ἂν
1124 4016 1373 4079 ἐπινοίας
1424 4019 1516 4070 καὶ
1554 4019 1743 4090 μόχθοι

1930 4038 1979 4077 ιιι
2022 4022 2386 4088 admittebat,
2446 4022 2592 4092 quod
2661 4021 2717 4077 in
2774 4021 2936 4079 nobis
2990 4022 3283 4078 usuveuire
3331 4038 3450 4078 cer-

216 4108 505 4187 γεωργικοῦΔ
552 4108 1031 4182 προσεδεήθημεν,
1064 4107 1243 4172 οὓτως
1275 4109 1323 4161 εί
1357 4103 1504 4180 ἦμεν
1536 4110 1594 4161 iw
1620 4110 1739 4163 ἀπα

1923 4116 2077 4181 imus,
2119 4099 2390 4184 tanquam
2458 4130 2622 4184 supra
2675 4128 2870 4170 omnes
2928 4113 3247 4171 aﬂectiones
3299 4117 3448 4184 posi-

217 4199 321 4271 θεία
364 4203 501 4257 κατά
527 4219 593 4272 γε
633 4202 697 4255 τὸ
729 4203 839 4273 πρὸ
875 4202 972 4255 τοῦ
1006 4202 1462 4271 παραπτώματος
1493 4202 1552 4254 ὲν
1584 4205 1651 4272 τῇ
1675 4203 1741 4274 δη

1928 4206 2014 4276 ιω)
2044 4247 2059 4272 ,
2118 4206 2472 4276 perspicuum
2529 4221 2759 4277 prorsus
2828 4216 2913 4261 est
2954 4207 3118 4263 etiam
3174 4207 3453 4279 particeps

222 4293 455 4363 ,ιιουργίᾳ
479 4295 751 4364 χάρισμα,
788 4293 1003 4354 οὐδενὸς
1036 4292 1103 4347 ἂν
1133 4292 1242 4345 τῶν
1269 4293 1329 4357 ἐξ
1360 4293 1610 4364 ἰατρικῆς
1634 4293 1747 4362 πρὸ

1928 4300 2307 4354 nmortalitatis
2377 4300 2586 4365 fuisse,
2648 4300 3106 4369 quemadmodum
3140 4300 3252 4370 jam
3312 4299 3453 4355 mul-

221 4386 548 4455 παραμυθίαν
581 4388 916 4458 ἐχρῄζομεν.
940 4405 960 4438 ι
992 4386 1169 4457 Εἴπερ
1203 4385 1295 4439 οὖν
1324 4388 1382 4439 ὲν
1412 4389 1480 4458 τῇ
1506 4386 1746 4457 δημιουρ

1931 4390 2044 4445 »ιίεε
2083 4400 2167 4444 est
2208 4390 2547 4457 indicatum;
2586 4400 2643 4445 et
2686 4391 2858 4455 fuisse
2902 4390 3175 4445 bomiuem
3232 4390 3283 4445 id
3319 4401 3456 4446 tem-

222 4477 303 4547 για
328 4481 569 4549 χάρισμα
591 4475 847 4550 εἷχε-πρὸ
876 4479 971 4533 τοῦ
1002 4478 1454 4549 παραπτώματος
1502 4478 1743 4532 ἀπάθεια

1929 4483 2033 4537 oris
2078 4498 2245 4553 supra
2292 4497 2488 4539 omnes
2541 4483 2865 4539 aﬂectiones
2919 4484 3178 4554 positum,
3226 4499 3454 4555 magnus

222 4570 557 4641 ὀᾶνθρωπος,
590 4573 707 4636 πῶς
759 4571 1011 4639 εἴπωμεν
1044 4573 1147 4641 οἴῳ
1176 4571 1240 4641 δή
1272 4588 1380 4624 τινι
1412 4572 1629 4642 φυσικῷ
1661 4571 1747 4627 πάι

1928 4575 1971 4628 le
1992 4573 2224 4631 Basilius
2253 4574 2307 4628 in
2339 4573 2599 4634 Asceticis
2627 4574 2742 4628 suis
2767 4575 3005 4630 ostendit
3030 4574 3120 4629 ubi
3143 4574 3211 4629 ad
3228 4576 3453 4629 verbum

225 4662 295 4715 θει
334 4666 682 4737 περιπίπτειν
724 4666 889 4721 αὐτὸν
916 4669 973 4718 ὲν
1002 4664 1079 4735 τῷ
1111 4666 1210 4733 τῆς
1248 4664 1524 4728 ἀπαθείας
1552 4664 1734 4736 καιρῷ

1930 4681 1997 4722 :ec
2012 4674 2232 4721 exstant
2253 4683 2267 4719 :
2298 4665 2800 4733 «Quemadmodum
2820 4663 2930 4736 95
2957 4666 3000 4720 si
3022 4680 3267 4721 essemus
3284 4665 3336 4719 in
3356 4682 3455 4737 pa-

236 4754 379 4810 Ἀλλά
408 4760 503 4812 καὶ
540 4762 569 4813 6
601 4760 777 4831 μέγας
809 4757 1064 4827 Μάξιμος
1084 4758 1154 4810 τά
1186 4756 1335 4826 πάθη
1364 4756 1565 4821 ταῦτα,
1595 4756 1761 4828 λύπηι

1928 4758 2063 4812 idiso
2093 4758 2433 4824 deliciarum,
2464 4773 2574 4812 non
2608 4758 2692 4811 vel
2738 4758 3184 4813 consideratione
3234 4758 3321 4812 vel
3371 4759 3453 4813 Ia-

226 4849 397 4920 ὴδονὴν
440 4852 739 4922 ἐπιθυμίαν
792 4851 891 4906 καὶ
946 4849 1049 4903 ὅσα
1099 4849 1234 4903 ἀλλα
1262 4847 1509 4915 τοιαῦτα,
1535 4850 1656 4919 ἀτῇ
1687 4850 1751 4901 ἀν

1931 4867 2014 4907 )re
2055 4849 2428 4921 agricultionis
2477 4850 2866 4921 indigeremus,
2899 4850 2972 4904 ita
3018 4850 3061 4903 si
3113 4865 3363 4905 essemus
3400 4849 3456 4903 in

229 4941 458 5017 θρωπίνη
486 4946 650 5014 φύσει
684 4946 951 5015 πρόσεστι
985 4947 1254 5014 τήμερον,
1291 4946 1355 4995 ἐκ
1394 4944 1492 5012 τῆς
1522 4943 1632 4996 τῶν
1653 4943 1752 4995 ἀλὸ

1931 4952 2029 4997 atu
2059 4943 2411 4997 aﬂectionum
2442 4951 2689 5010 experte,
2722 4942 3021 4995 secundum
3048 4940 3194 4995 illam
3228 4940 3456 5011 gratiam

229 5048 327 5098 γων
369 5037 518 5105 ἔλεγε
552 5039 744 5108 μοίρας
800 5039 893 5089 ἐπὶ
941 5036 1034 5089 τὸν
1084 5035 1377 5105 ἄνθρωπον
1426 5034 1742 5105 είσδραμείν

1931 5050 2005 5088 me
2034 5035 2193 5090 nobis
2223 5044 2343 5090 erat
2375 5042 2502 5088 ante
2538 5034 2749 5103 lapsum
2778 5033 2832 5087 in
2861 5034 3138 5088 creatioiie
3166 5047 3456 5099 concessa,

232 5123 399 5195 ἐπειδὴ
433 5127 541 5196 γάρ
576 5126 917 5197 ὁμοιωθῆναι
965 5125 1337 5196 κατεδικάσθη
1390 5129 1504 5188 τοίς
1529 5126 1757 5194 ἀνοήτου

2013 5126 2175 5181 Iarte
2223 5126 2429 5180 medica
2486 5135 2741 5179 nostrum
2794 5124 2863 5178 ad
2912 5140 3071 5179 usum
3115 5139 3456 5195 egeremus.-

235 5219 436 5288 κτήνεσι
480 5220 627 5275 κατὰ
650 5222 885 5287 γένεσιν,
920 5219 1136 5272 ἐκεῖθεν
1178 5217 1239 5282 ἐξ
1285 5219 1534 5288 ἀνάγκης
1569 5220 1667 5272 καὶ
1714 5219 1760 5270 τέ

1940 5219 2091 5273 uodsi
2135 5234 2267 5289 ergo
2297 5221 2527 5287 gratiam
2584 5216 2727 5270 hanc
2767 5225 2896 5270 ante
2946 5216 3158 5286 lapsum
3200 5216 3254 5270 in
3312 5230 3465 5271 crea—

236 5312 369 5383 πάθη
398 5315 571 5367 ταῦτα
629 5314 761 5385 πρὸς
820 5312 1015 5367 ἑαυτὸν
1067 5312 1443 5365 ἐπεσπάσατο.
1504 5311 1639 5365 Οὐδὲ
1672 5312 1761 5380 γάγ

1938 5326 2035 5367 ene
2101 5310 2293 5365 habuit
2348 5310 2553 5374 homo,
2602 5325 2710 5379 quo
2760 5309 2978 5365 tandem
3056 5324 3152 5364 ore
3215 5308 3463 5363 dicemus

238 5408 644 5477 προηγουμένως
680 5404 1002 5477 συνικτίσθη
1035 5404 1211 5457 ταῦτα
1241 5403 1320 5474 τῷ
1339 5402 1640 5473 ἀνθρώπῳ,
1685 5421 1763 5459 κα·

1964 5417 2013 5455 m
2046 5401 2142 5456 ulli
2174 5401 2451 5457 aﬁectioui
2488 5400 2720 5455 naturali
2752 5399 3053 5454 obnoxium
3099 5402 3150 5453 id
3204 5394 3489 5469 temporis

237 5495 329 5557 θὼς
347 5499 375 5550 ὁ
394 5498 533 5561 θεῖος
561 5490 714 5559 οὗτος
744 5496 884 5567 ἀνὴρ
915 5497 972 5548 ὲν
1012 5498 1125 5559 τοῖς
1151 5494 1291 5565 πρὸς
1332 5493 1642 5547 Θαλάσσιον
1670 5494 1762 5546 ἕλει

1941 5496 2082 5559 lisse,
2139 5508 2264 5547 cum
2337 5507 2565 5563 prorsus
2621 5506 2821 5558 expers
2870 5491 3222 5545 aﬂ‘eetionum
3282 5488 3466 5545 foret?

238 5606 345 5654 γεν,
373 5591 457 5644 διὰ
478 5591 533 5644 δὲ
559 5593 657 5661 τὴν
692 5593 789 5659 τῆς
818 5590 1161 5657 τελειότητος
1180 5586 1461 5642 Εκπτωσιν
1487 5586 1763 5653 ὑπεισῆλθε

1940 5587 2019 5640 litt
2047 5588 2210 5639 etiam
2243 5599 2471 5655 magnus
2506 5583 2594 5637 ille
2630 5583 2894 5637 Maximus
2931 5582 3250 5638 atl‘ectiones
3276 5581 3465 5649 hasce,

240 5680 310 5747 τῷ
342 5681 664 5751 ἀλογωτέρῳ
717 5680 876 5749 μέρει
928 5677 1283 5750 προσφυέντα
1314 5676 1413 5748 τῆς
1446 5675 1687 5746 φύσεως.
1720 5679 1757 5731 Ε

1947 5681 2231 5751 malitiam,
2276 5679 2631 5751 voluptatem,
2660 5677 2962 5748 appetitum
3016 5677 3259 5742 aliasque
3311 5676 3468 5745 tales,

541 5777 813 5835 PATBOL.
859 5776 971 5836 GR.
1017 5775 1273 5839 CLVIII.

3094 5771 3124 5830 7
