3862 6228
386 195 491 256 195
1667 201 2084 263 MlCllAELlS
2124 204 2384 265 GLYC/E
3524 208 3627 269 1‘6

378 329 500 384 quae
534 313 694 368 hodie
725 314 910 369 insunt
936 314 1185 372 humanae
1217 325 1449 382 naturae,
1485 315 1552 371 de
1578 327 1724 374 sorte
1755 320 1905 375 brutr

2010 347 2020 385 ι
2050 323 2107 376 δὲ
2137 323 2306 377 ταῦτα
2343 323 2513 386 οὕτως
2551 325 2688 393 ἔχει,
2729 324 2842 387 πῶς
2899 325 3142 396 εἴπωμεν
3171 327 3228 379 ὲν
3263 327 3398 395 αὑτῇ
3428 329 3494 396 τῇ
3531 344 3625 378 τε»

376 421 497 459 rum
533 403 589 458 in'
615 406 885 460 hominem
919 408 1203 462 translatas
1226 423 1346 463 esse
1385 409 1540 463 dicit.
1587 410 1905 481 Postcaquar

2052 415 2290 482 λειότητι
2325 416 2555 484 πάσχειν
2603 415 2740 479 ὅλως
2773 416 2864 468 τὸν
2907 418 3126 488 πρῶτον
3165 418 3373 470 ἐκεῖνον
3407 418 3626 484 ἅνθρω-

375 495 522 548 enim
557 494 953 550 condemnatus
1002 508 1109 561 est,
1166 507 1224 551 ut
1277 508 1401 552 ortu
1451 497 1630 554 brutis
1671 500 1934 568 jumentis
2044 521 2180 568 πον;

375 589 675 645 consimilis
727 591 818 657 sit,
867 591 1184 646 necessario
1224 603 1441 660 quoque
1478 593 1616 648 tales
1694 594 2016 652 allec-tiones
2056 597 2181 652 inde
2213 609 2405 654 nactus
2437 609 2540 656 est.
2592 600 2713 657 Non
2749 602 2892 657 enim
2924 601 3026 656 illa:
3049 601 3202 671 prius
3235 611 3389 656 erant
3424 601 3477 654 in
3513 601 3624 654 ho-

373 687 518 740 mine
590 687 841 751 conditze,
895 689 1352 756 quemadmodum
1407 688 1640 744 divinus
1694 690 1785 745 hic
1829 693 1914 744 vir
1949 693 2001 746 in
2046 692 2110 747 iis
2141 709 2262 764 qua:
2295 695 2360 750 ad
2389 696 2735 770 Thalassium
2770 698 2988 766 srripsit
3022 697 3222 766 inquit,
3254 697 3348 750 sed
3389 706 3622 764 propter

370 777 717 831 amissionem
752 777 1102 846 perfectionis
1125 778 1311 833 furtim
1337 780 1483 834 velut
1507 780 1764 852 ingressae
1787 790 1935 841 sunt,
1976 783 2113 852 parti
2145 793 2355 840 natura:
2419 797 2626 840 nostrae
2695 787 2866 857 magis
2912 787 3194 854 aliquanto
3223 787 3396 840 bruta:
3433 786 3624 839 adhae-

373 881 666 926 rescentes.
699 870 828 936 Qua;
859 889 980 927 cum
1023 875 1094 927 ita
1165 874 1294 938 sint,
1343 875 1436 946 qui
1479 874 1729 931 dicemus
1775 874 1828 930 in
1902 878 2016 948 ipsa
2055 879 2388 949 perfectione
2445 881 2681 951 primum
2743 881 2893 937 illum
2949 881 3228 936 hominem
3301 878 3618 951 hnjnsmodi

366 966 662 1035 quidquam
697 979 1015 1035 perpessum
1047 966 1204 1021 esse?

431 1158 775 1228 Quapropter
811 1156 999 1212 multis
1037 1157 1150 1228 jam
1199 1155 1634 1212 demonstratum
1689 1165 1774 1214 est
1805 1167 1905 1212 antl

2104 1159 2385 1215 Δέδεικται
2421 1155 2513 1214 οὖν
2544 1162 2608 1214 ὲκ
2647 1159 2860 1214 πολλῶν
2912 1161 2995 1214 ὅτι
3052 1161 3159 1231 πρὸ
3209 1160 3310 1229 τῆς
3351 1161 3612 1229 πειραδά-

362 1250 848 1318 transgressionem
900 1247 1032 1303 nulli
1085 1264 1311 1318 prorsus
1367 1250 1646 1304 affectioni
1698 1253 1931 1308 naturali

349 1341 636 1397 hominem
684 1339 981 1394 obnoxium
1023 1338 1192 1394 fuisse
1218 1378 1234 1404 ,
1267 1349 1327 1394 ut
1368 1342 1460 1410 qui
1509 1357 1784 1398 concessa.-
1836 1359 1934 1414 per

361 1434 586 1504 gratiam
637 1432 1057 1487 immortalitatis
1091 1432 1316 1489 minime
1349 1431 1516 1488 fuerit
1558 1450 1778 1505 expers.
1811 1435 1932 1502 Quo

358 1529 540 1596 posito
576 1525 667 1596 qui
719 1524 832 1595 pati
869 1525 952 1580 vel
999 1524 1144 1579 afﬁci
1191 1525 1408 1596 potuit?
1457 1525 1590 1580 Nam
1639 1528 1686 1582 si
1738 1542 1931 1596 passus

357 1628 461 1681 est,
494 1618 655 1670 etiam
696 1615 1010 1671 necessario
1055 1625 1309 1671 naturam
1352 1617 1638 1672 mortalem
1675 1635 1738 1673 ac
1792 1619 1933 1674 inte-

358 1706 485 1760 ritui
511 1706 802 1760 obnoxiam
839 1705 1094 1760 habebat.
1125 1705 1418 1760 Enimvero
1460 1723 1530 1762 ne
1559 1709 1662 1762 hac
1697 1708 1751 1761 in
1780 1718 1932 1778 parte

357 1797 434 1851 sic
480 1795 799 1858 sentiamus,
849 1811 956 1849 non
1004 1793 1167 1850 modo
1201 1805 1516 1860 sanctorum
1573 1797 1850 1853 hominum
1895 1781 1926 1853 ia

355 1887 516 1943 nobis
546 1886 905 1941 indicatorum
940 1895 1116 1942 coetus
1144 1896 1313 1953 vetat,
1357 1889 1453 1942 sed
1487 1889 1650 1943 etiam
1686 1891 1924 1960 synodus

355 1979 443 2033 illa
473 1993 593 2046 quae
619 1974 947 2046 Carthagine
978 1979 1254 2031 convenit.
1287 1978 1415 2048 Ejus
1441 1981 1586 2033 enim
1618 1981 1733 2036 hzec
1761 1983 1922 2037 verba

355 2080 502 2136 sunt,
539 2086 748 2126 canone
794 2069 934 2124 109:
977 2087 996 2119 ι
1034 2067 1089 2121 Si
1127 2068 1250 2138 quis
1277 2068 1408 2124 dicit
1437 2069 1708 2124 Adamum
1740 2086 1770 2124 a
1807 2071 1920 2128 Deo

353 2163 633 2216 conditum
668 2174 790 2214 esse
835 2157 1120 2213 mortalem
1167 2146 1265 2211 ac.
1299 2173 1410 2212 non
1459 2167 1584 2228 post
1637 2171 1918 2229 peccatum

355 2255 661 2324 prolapsum
707 2267 826 2307 esse
869 2255 924 2306 in
974 2250 1277 2316 interitum,
1320 2250 1674 2306 exsecrabilis
1715 2262 1854 2308 esto.
1895 2274 1914 2306 ι

353 2347 472 2412 Quo
519 2346 576 2399 ﬁt
621 2351 682 2398 ut
733 2343 958 2396 minime
1007 2341 1140 2394 mihi
1189 2341 1276 2396 vel
1321 2343 1618 2397 convenite
1658 2345 1740 2398 vel
1771 2345 1918 2414 pium

349 2453 471 2494 esse
521 2438 769 2493 videatur
820 2437 885 2490 ad
935 2435 1345 2492 convellendum
1387 2437 1528 2491 hanc
1589 2441 1915 2495 sententiam

348 2533 589 2604 Gregorii
616 2531 848 2602 theologi
872 2529 1034 2584 verba
1063 2530 1382 2599 producere.
1420 2530 1737 2602 Quanquam
1765 2535 1912 2589 enim

348 2629 396 2682 is
431 2626 614 2680 dicere
649 2625 866 2678 videtur
901 2622 1176 2677 hominem
1212 2622 1366 2676 illum
1398 2623 1701 2695 principem
1747 2626 1912 2683 fuisse

347 2730 621 2775 terrenum
649 2733 895 2787 corpore,
912 2716 1186 2772 cmlestem
1203 2716 1408 2781 animo,
1426 2716 1690 2770 caducum
1713 2720 1825 2788 pari
1853 2735 1915 2773 er

345 2822 401 2866 et
445 2812 828 2874 immortalem,
858 2810 1244 2880 aspectabilem
1276 2819 1332 2863 et
1372 2809 1767 2873 intellectilem,
1799 2827 1913 2866 me-

349 2903 499 2958 dium
542 2903 690 2958 inter
715 2900 1148 2974 magnitudinem
1176 2912 1232 2956 et
1251 2901 1637 2965 humilitatem,
1657 2903 1910 2958 eumdem

347 3005 451 3047 tam
479 2993 735 3062 spiritum
769 3009 930 3063 quam
981 3007 1224 3057 carnem,
1256 2993 1508 3062 spiritum
1541 3002 1766 3063 propter
1793 3011 1914 3067 gra-

345 3084 495 3147 tiam,
526 3097 750 3137 carnem
795 3082 866 3137 ob
897 3083 1237 3150 superbiam,
1276 3080 1410 3134 illud
1443 3081 1666 3150 quidem
1701 3092 1758 3137 ut
1791 3099 1909 3136 ma-

2033 1267 2170 1312 σεως
2189 1251 2284 1320 οἴῳ
2305 1250 2368 1320 δή
2400 1267 2509 1302 τινι
2543 1251 2756 1321 φυσικῷ
2797 1253 2893 1320 οὐχ
2936 1250 3196 1304 ὑπέκειτο
3246 1253 3410 1304 πάθει
3443 1255 3468 1304 ό
3501 1253 3606 1305 ἄν·

2031 1343 2271 1411 θρωπος,
2310 1344 2406 1395 ἅτε
2460 1342 2522 1411 δὴ
2582 1345 2685 1410 τῆς
2730 1342 2875 1396 κατὰ
2934 1344 3095 1412 χάριν
3151 1341 3454 1406 ἀθανασίας
3505 1346 3609 1396 οὐκ

2034 1438 2301 1508 ἀμοιρῶν.
2338 1439 2402 1491 El
2443 1438 2500 1491 δὲ
2545 1436 2726 1501 τοῦτο,
2782 1438 2897 1501 πῶς
2932 1438 3206 1508 ἔπασχεν;
3237 1439 3284 1490 ει
3321 1437 3429 1506 γὰρ
3471 1437 3609 1489 ἔπα-

2033 1548 2177 1598 σχεν,
2214 1533 2310 1583 καὶ
2355 1531 2556 1602 θνητῆς
2601 1531 2667 1584 ἂν
2718 1530 2775 1599 ἐξ
2825 1530 3070 1600 ἀνάγκης
3134 1532 3353 1598 φύσεως
3404 1527 3477 1599 ἦν
3509 1533 3606 1582 καὶ

2029 1622 2296 1692 φθαρτῆς.
2355 1621 2499 1675 Ἀλλ’
2540 1625 2690 1693 ἡμᾶς
2754 1623 2898 1678 οὕτω
2964 1627 3183 1693 φρονεῖν
3241 1624 3334 1676 ἐπὶ
3384 1625 3604 1683 τούτοις

2029 1714 2228 1767 κωλύει
2284 1714 2384 1784 μὲν
2437 1714 2530 1768 καὶ
2561 1718 2589 1768 ό
2617 1715 2726 1768 τῶν
2768 1715 3175 1784 διαληφθέντων
3197 1716 3371 1782 ἁγίων
3409 1715 3598 1786 χορὸς,

2031 1807 2231 1860 κωλύει
2280 1807 2336 1860 δὲ
2369 1807 2532 1860 πλέον
2575 1807 2670 1860 καὶ
2696 1809 2729 1877 ἡ
2760 1808 2817 1859 ὲν
2853 1807 3177 1878 Καροαγένῃ
3222 1810 3469 1860 συστᾶσα
3505 1807 3601 1860 σύ-

2031 1897 2176 1960 νοδος
2231 1899 2288 1950 ὲν
2349 1897 2623 1964 ἑκατοστῷ
2658 1898 2866 1968 ὲννάτῳ
2894 1899 3080 1950 κανόνι
3113 1897 3282 1966 αὐτῆς
3323 1899 3469 1950 οὓῖω
3515 1899 3601 1950 λέ-

2026 2005 2196 2056 γουσα
2219 2005 2234 2020 '
2273 2007 2292 2051 ρ
2321 1990 2386 2041 Εἴ
2416 2005 2500 2050 τις
2540 1988 2692 2054 λέγει
2722 1988 2813 2040 τὴν
2851 1989 3020 2057 Ἀδὰμ
3069 1990 3256 2054 Θνητὸν
3283 1987 3598 2056 πλασθῆναι

2026 2083 2177 2151 παρὰ
2204 2080 2341 2133 Θεοῦ
2390 2081 2483 2134 καὶ
2537 2082 2611 2151 μὴ
2665 2081 2803 2149 μετὰ
2862 2080 2961 2150 τὴν
2993 2081 3266 2151 ἁμαρτίαν
3301 2080 3480 2133 ἐλθεῖν
3516 2083 3596 2144 εἰς

2024 2171 2255 2242 φθορὰν,
2291 2172 2404 2242 ἧτω
2436 2172 2704 2240 ἀνάθεμα.
2734 2187 2754 2216 ι
2806 2173 2988 2243 Ταύτῃ
3038 2189 3120 2224 τοι
3166 2173 3258 2226 καὶ
3307 2173 3596 2242 παράγειν

2021 2263 2258 2318 ἐνταῦθα
2288 2265 2379 2318 τὸν
2417 2261 2663 2331 θεολόγον
2686 2263 2985 2334 Γρηγόριον
3012 2263 3112 2316 οὐκ
3141 2263 3418 2334 εὐπρεπὲς
3455 2265 3593 2334 ἡμῖν

2019 2357 2140 2411 οὐδὲ
2167 2357 2315 2410 ὅσιον
2365 2355 2590 2426 ἥγηται.
2623 2356 2686 2408 Ei
2718 2356 2827 2424 γὰρ
2853 2340 2946 2406 καὶ
2975 2353 3154 2421 λέγειν
3187 2353 3330 2406 ἔοικε
3363 2353 3460 2406 τὸν
3495 2355 3590 2406 ἀπ’

2020 2451 2194 2520 ἀρχῆς
2239 2448 2526 2518 ἄνθρωπον
2576 2448 2820 2514 ἐπίγειον
2851 2441 2991 2500 εἶναι
3022 2447 3082 2499 τὸ
3110 2446 3269 2515 σῶμα
3296 2447 3391 2498 καὶ
3427 2448 3591 2514 οὖρά-

2020 2557 2131 2594 νιον
2173 2539 2270 2612 τὴν
2322 2538 2517 2611 ψυχὴν,
2544 2540 2878 2608 πρόσκαιρον
2914 2538 3115 2610 ὁμοίως
3152 2539 3244 2591 καὶ
3293 2536 3587 2602 ἀθάνατον,

2019 2632 2216 2703 ὁρατὸν
2266 2632 2363 2685 καὶ
2408 2629 2722 2700 νοούμενον,
2759 2630 2925 2700 μέσον
2976 2629 3240 2701 μεγέθους
3267 2631 3358 2683 καὶ
3395 2648 3589 2683 ταπει-

2018 2724 2254 2792 νότητος,
2290 2721 2506 2791 πνεῦμα
2539 2722 2634 2775 καὶ
2685 2721 2859 2789 σάρκα
2895 2721 2986 2773 τὸν
3033 2721 3217 2788 αὑτὸν,
3263 2721 3322 2774 τὸ
3367 2723 3472 2790 μὲν
3504 2723 3586 2774 ἵνα

2019 2813 2155 2884 μένῃ
2185 2813 2275 2865 καὶ
2303 2811 2498 2883 δοξάζῃ
2523 2815 2613 2864 τὶν
2635 2811 2952 2882 εὐεργέτην,
2984 2812 3043 2864 τὸ
3071 2811 3127 2864 δὲ
3162 2811 3250 2865 ἵνα
3276 2812 3466 2883 πάσχῃ
3491 2813 3582 2864 καὶ

2015 2905 2240 2974 πάσχων
2275 2902 2766 2974 ὑπομιμνήσκηται
2815 2904 2908 2956 καὶ
2940 2901 3262 2971 παιδεύηται
3297 2902 3374 2972 τῷ
3407 2903 3574 2973 μεγέ-

2013 2995 2097 3049 θει
2135 2993 2606 3063 φιλοτιμούμενος,
2643 2992 2758 3046 ἀλλ’
2797 2994 2896 3063 οὐχ
2926 2991 3070 3046 οὔτω
3114 2993 3262 3046 δοκεῖ
3285 2996 3418 3060 περὶ
3460 2992 3582 3044 τού·-

2011 3104 2103 3140 τον
2155 3087 2251 3142 καὶ
2301 3088 2458 3157 ἡμῖν,
2495 3086 2578 3140 ὅτι
2630 3086 2766 3156 μηδὲ
2814 3088 2882 3138 τά
2930 3084 3048 3138 θεῖα
3095 3085 3269 3139 satis;
3300 3084 3446 3154 ῥητά
3483 3084 3580 3136 τοῦ

341 3185 467 3230 neat
511 3190 784 3244 suumque
813 3173 1219 3228 benefactorem
1249 3173 1507 3238 celebret,
1545 3174 1648 3228 hoc
1685 3189 1814 3228 vero
1847 3183 1905 3228 ut

2011 3179 2228 3250 πρώτου
2281 3181 2442 3251 χάριν
2487 3177 2775 3250 ἀνθρώπου
2813 3177 3065 3249 λελέχθαι
3098 3178 3414 3249 νομίζομεν.
3454 3177 3578 3239 Πῶς

341 3267 573 3335 patiatur
597 3281 660 3320 ac
689 3265 900 3334 patiens
933 3265 1317 3318 communeﬂat
1339 3273 1669 3335 propterque
1695 3265 1904 3335 magni—

340 3357 586 3412 tudinem
617 3365 936 3425 arroganter
960 3354 1064 3408 sibi
1108 3354 1331 3424 placens
1361 3355 1661 3424 castigelur
1690 3373 1751 3410 ac
1776 3372 1904 3411 cru--

337 3452 538 3514 diatbr,
571 3463 683 3500 non
720 3458 902 3500 tamen
937 3447 1009 3499 ita
1048 3460 1150 3499 nos
1183 3448 1531 3500 statuendum
1561 3461 1682 3502 esse
1709 3463 1904 3504 cense-

339 3555 482 3609 mus,
505 3537 722 3609 quando
752 3537 932 3592 divina
966 3536 1112 3592 ista'c
1143 3537 1302 3591 verba
1332 3553 1670 3608 nequaquam
1703 3541 1903 3595 debere

339 3632 572 3701 primum
598 3629 663 3684 ad
693 3629 966 3683 hominem
996 3627 1187 3683 referri
1215 3629 1610 3686 existimamus.
1627 3630 1727 3697 Qui
1757 3633 1901 3686 enim

340 3728 440 3779 hoc
471 3723 787 3779 faciamus?
814 3738 936 3778 cum
970 3723 1280 3795 theologum
1327 3722 1505 3792 ipsum
1554 3723 1680 3779 alibi
1712 3725 1902 3779 audia-

337 3810 456 3869 nius
493 3815 558 3869 ad
595 3815 819 3869 verbum
853 3813 923 3866 ita
964 3815 1312 3883 loquentem:
1345 3811 1458 3884 93
1491 3830 1512 3865 ι
1549 3814 1902 3886 Quandoqui-

331 3909 453 3962 dem
506 3907 576 3960 oh
610 3905 866 3960 invidiam
916 3905 1112 3959 diaboli
1160 3920 1305 3959 mors
1346 3906 1590 3974 ingressa
1625 3915 1709 3961 est
1744 3923 1903 3960 mun-

331 4002 460 4053 dum
491 3998 875 4065 hominemque
895 3996 1019 4049 dolo
1047 3997 1496 4066 circumscripsit,
1524 3997 1729 4053 idcirco
1756 3998 1902 4056 Dens

336 4092 498 4144 homo
546 4087 721 4142 factus
749 4088 1002 4153 passione
1035 4095 1222 4138 nostra
1251 4097 1482 4140 vexatur
1511 4097 1563 4142 et
1595 4087 1846 4145 afﬁcitur.
1875 4111 1894 4145 ι

333 4182 465 4248 Quae
507 4195 636 4235 sane
669 4181 832 4233 verba
895 4177 1228 4230 considerari
1287 4188 1494 4233 attente
1540 4183 1722 4249 cupio.
1765 4183 1898 4238 Nam

329 4275 374 4329 si
425 4287 610 4337 mors,
673 4271 748 4325 uti
825 4277 1012 4322 noster
1091 4268 1181 4322 hic
1255 4266 1555 4340 Theologus
1637 4272 1896 4342 loquitur,

334 4368 606 4418 hom.nem
683 4361 808 4415 dolo
883 4357 1314 4428 circumscripsit
1383 4369 1546 4429 atque
1611 4364 1892 4434 surripuit,

331 4452 559 4508 omnino
614 4449 1133 4520 patetexistimasse
1193 4449 1438 4502 divinum
1489 4451 1636 4505 hunc
1709 4452 1885 4507 virum

2007 3272 2136 3340 γὰρ,
2171 3271 2284 3338 εἴγε
2320 3271 2415 3325 καὶ
2453 3271 2654 3340 μᾶλλον
2687 3268 2852 3323 αὐτοῦ
2884 3269 2976 3322 τοῦ
3011 3267 3263 3337 θεολόγον
3316 3267 3575 3336 λέγοντος

2007 3365 2240 3434 ἀλλαχοῦ
2318 3365 2458 3417 κατὰ
2547 3363 2696 3430 λέξιν
2753 3361 2929 3422 οὓτως
2975 3363 3320 3432 ἠκούσαμεν·
3409 3361 3576 3413 «ἐπεὶ

2005 3457 2059 3510 δὲ
2098 3456 2273 3526 φθόνῳ
2302 3455 2396 3509 τοῦ
2431 3455 2680 3508 διαϐόλου
2720 3454 2950 3517 θάνατος
2994 3455 3074 3517 εἰς
3121 3451 3211 3506 τὸν
3259 3452 3469 3523 κόσμον
3497 3454 3576 3506 εἰ·

2007 3543 2169 3612 σῆλοε
2221 3545 2312 3596 καὶ
2365 3542 2552 3612 ὑφετλε
2593 3543 2682 3596 διὰ
2727 3543 2826 3612 τῆς
2869 3542 3087 3613 ἀπάτης
3117 3542 3208 3595 τὸν
3257 3544 3571 3612 ἄνθρωπον,

2005 3634 2092 3686 διὰ
2132 3633 2291 3686 τοῦτο
2335 3635 2411 3703 τῷ
2458 3635 2713 3706 ⁴ἡμετέρῳ
2751 3634 2912 3688 πάθει
2959 3635 3091 3696 Θεὸς
3136 3635 3434 3704 γενόμενος
3483 3636 3576 3689 ἇν-

2005 3726 2250 3794 θρωπος.
2277 3744 2295 3777 ι
2351 3727 2511 3779 ama
2562 3728 2850 3796 προσέχειν
2881 3726 3111 3778 ἐνταῦθα
3145 3727 3474 3796 παρακαλῶ.
3511 3731 3567 3779 lit

2003 3815 2112 3880 γὰρ
2158 3810 2344 3879 seem
2378 3813 2468 3862 τὸν
2511 3809 2816 3879 ἄνθρωπον,
2843 3810 2919 3874 ὡς
2952 3811 3258 3880 όΘεολόγος
3296 3815 3452 3883 φησὶ,
3486 3814 3571 3865 διὰ
3621 3846 3626 3852 -

2002 3905 2096 3973 τῆς
2133 3905 2346 3970 ἀπάτης
2403 3903 2429 3954 ὁ
2472 3900 2721 3965 θάνατος,
2753 3902 3000 3969 φαίνεται
3056 3902 3274 3961 πάντως
3327 3904 3412 3955 ὅτι
3467 3905 3570 3974 πρὸ

2001 3995 2101 4065 τῆς
2125 3996 2338 4065 ἀπάτης
2367 3994 2632 4048 ἀθάνατον
2655 3990 2767 4064 εἶχε
2798 4000 2936 4047 κατὰ
2965 3995 3024 4048 τὸ
3051 3995 3208 4063 σῶμα
3241 3994 3334 4046 τὸν
3355 3995 3569 4064 ἄνθρωο

2006 4102 2102 4138 πον
2127 4087 2153 4135 ὁ
2183 4083 2326 4148 θεῖος
2359 4079 2514 4146 οὗτος
2562 4085 2724 4153 ἁνήρ.
2755 4083 2822 4136 Εἰ
2877 4083 2936 4135 δὲ
2982 4084 3158 4148 τοῦτο,
3188 4085 3306 4145 πῶς
3339 4085 3530 4152 ἔλεγεν
3551 4100 3566 4114 ·

2007 4195 2026 4229 ι
2053 4176 2172 4230 Ἵνα
2194 4179 2378 4249 πάσχῃ
2413 4180 2505 4230 καὶ
2533 4178 2757 4246 πάσχων
2795 4177 3283 4247 ὑπομιμνήσκηται
3319 4181 3413 4229 καὶ
3446 4195 3568 4231 παι-

1999 4270 2254 4337 δεύηταις
2289 4287 2306 4320 ι
2347 4271 2419 4320 ἰδ
2450 4268 2556 4337 γάρ
2591 4269 2858 4321 ἀθάνατον
2883 4269 2978 4336 οἴῳ
3008 4269 3070 4339 δή
3101 4284 3213 4320 τινι
3241 4269 3425 4338 τρόπῳ
3463 4269 3565 4322 τιά-

2000 4375 2152 4429 σχειν
2175 4359 2235 4412 οὐ
2262 4359 2495 4426 πέφυκε.
2533 4359 2640 4410 Καὶ
2666 4357 2718 4410 τί
2747 4359 2850 4427 χρὴ
2893 4358 3057 4410 πολλὰ
3083 4357 3299 4425 λέγεινς
3336 4361 3449 4427 εῐγε
3475 4360 3567 4418 καὶ

1999 4451 2229 4504 πάθεσιν
2268 4451 2552 4504 ὑπέκυπτε
2590 4449 2697 4517 πρὸ
2730 4453 2830 4520 τῆς
2862 4434 3142 4520 ἁμαρτίας
3183 4451 3210 4500 ὁ
3252 4449 3561 4519 ἄνθρωπος,

331 4553 460 4599 ante
516 4514 762 4596 frau‘dem
818 4541 963 4594 illam
1018 4539 1269 4608 corporis
1309 4541 1472 4594 etiam
1518 4544 1730 4599 ratione
1791 4547 1888 4599 ho-

2010 4547 2095 4598 καὶ
2145 4543 2369 4613 ρευστὺς
2412 4541 2472 4610 ἐξ
2525 4514 2997 4628 amnem-tt
3040 4541 3095 4594 δὲ
3147 4514 3371 4610 paussz
3421 4541 3565 4592 ἐκεῖ·

334 4639 534 4692 minem
612 4632 972 4689 immortalem
1023 4631 1217 4686 fuisse.
1267 4632 1471 4697 Quodsi
1517 4635 1730 4699 demus,
1786 4653 1894 4707 quo

333 4729 551 4786 tandem
616 4735 771 4796 pacto
833 4723 1010 4780 dixit:
1051 4741 1071 4775 ι
1114 4722 1185 4778 Ut
1239 4725 1497 4795 patiatur,
1551 4738 1608 4782 et
1674 4729 1890 4798 patiens

329 4819 730 4881 commonebat,
751 4826 1078 4887 propterque
1110 4819 1536 4886 magnitudinem
1572 4832 1890 4892 arroganter

325 4914 425 4969 sibi
459 4913 677 4981 placens
698 4911 994 4977 castigem?
1026 4921 1089 4961 ac
1123 4910 1440 4963 erudiatur?
1463 4930 1481 4962 ι
1507 4911 1718 4983 Quippe
1742 4915 1886 4983 quod

324 5019 406 5062 est
455 5003 785 5067 immortale,
822 5015 1165 5070 nequaquam
1195 5002 1274 5055 sic
1308 5014 1679 5072 comparatum
1713 5018 1800 5061 est
1831 5019 1890 5063 ut

323 5099 434 5153 ullo
462 5095 624 5150 modo
650 5094 760 5162 pati
791 5092 985 5160 possit.
1010 5092 1150 5157 Quid
1181 5093 1366 5146 multis
1390 5095 1564 5149 verbis
1597 5113 1734 5165 opus
1764 5099 1888 5153 est?

323 5194 366 5247 si
402 5187 747 5264 passionibns
780 5187 944 5238 homo
975 5185 1076 5238 fuit
1103 5193 1232 5240 ante
1272 5195 1559 5254 peccatum
1589 5188 1885 5256 obnoxius,

321 5281 486 5335 etiam
528 5275 839 5332 necessario
877 5273 1126 5344 sequitur
1177 5290 1305 5330 eum
1354 5276 1523 5332 fuisse
1570 5279 1776 5334 ﬂuxum
1833 5290 1890 5335 et

322 5375 624 5434 caducum;
647 5369 692 5423 si
728 5367 909 5422 ﬂuxus
937 5376 1075 5432 erat,
1100 5369 1389 5438 perspicue
1419 5380 1569 5439 patet
1597 5373 1883 5427 mortalem

321 5477 539 5534 quoque
577 5462 784 5524 luisse;
825 5459 870 5514 si
920 5468 1036 5513 erat
1085 5458 1330 5513 mortalis
1369 5461 1438 5514 ab
1481 5461 1662 5527 initio,
1719 5469 1887 5516 restat

323 5555 600 5610 interitum
643 5561 806 5621 atque
837 5564 1066 5606 mortem
1097 5567 1162 5606 ex
1208 5552 1577 5606 inobedicntia
1617 5569 1723 5606 non
1763 5569 1887 5611 esse

321 5653 516 5702 ortam.
563 5645 618 5698 ιιι
654 5660 800 5708 vero,
857 5661 974 5697 mea
1002 5646 1220 5714 quidem
1272 5645 1550 5714 opinione,
1604 5661 1765 5698 nemo
1798 5661 1886 5698 ra-

2001 4651 2110 4700 νος,
2135 4633 2358 4704 εὔδηλον
2385 4633 2464 4687 ὅτι
2493 4634 2585 4686 καὶ
2609 4632 2817 4701 θνητός.
2852 4631 2913 4684 Εἰ
2942 4631 2998 4684 δὲ
3041 4632 3234 4700 θνητὸς
3263 4631 3358 4684 ἀπ’
3385 4631 3562 4702 ἀρχῆς

1999 4721 2088 4795 ἦν,
2117 4727 2178 4777 οὐ
2207 4726 2294 4778 διὰ
2332 4723 2621 4794 παρακοῆς
2649 4724 2890 4795 λοιπὺνῆ
2922 4739 2980 4776 τε
3016 4723 3193 4792 φθορὰ
3223 4726 3316 4776 καὶ
3347 4723 3377 4774 6
3397 4723 3560 4776 Diva-

2000 4837 2110 4881 τος.
2159 4817 2296 4870 Ἀλλ’
2331 4819 2429 4870 οὐκ
2457 4818 2543 4882 ἂν,
2587 4817 2662 4878 ὡς
2689 4811 2866 4887 οἶμαι,
2897 4815 3058 4870 τοῦτο
3085 4833 3230 4868 ειποι
3270 4833 3354 4878 τις
3415 4817 3561 4882 λογι-

2006 4913 2145 4982 σμοῦ
2175 4911 2362 4980 κύριος
2402 4908 2496 4964 ὧν.
2527 4911 2648 4973 Πῶς
2676 4913 2806 4980 γὰρ,
2829 4909 2943 4978 εἴγε
2970 4911 3063 4962 καὶ
3091 4909 3392 4977 ἀναθεματε
3431 4910 3556 4970 τοὺς

1992 5004 2135 5057 οὓτω
2161 5004 2489 5074 φρονοῦντας
2531 5006 2564 5072 ἡ
2598 5003 2958 5071 διαληφθεῖσσ
2987 5000 3392 5056 καθυποὸάλλιι
3419 4999 3550 5068 ἁγία

1996 5095 2234 5156 σύνοδος;
2260 5095 2472 5156 ’Ἄλλως
2495 5109 2554 5145 τε
2583 5095 2632 5145 ει
2663 5093 3000 5163 πρόσκαιρον
3025 5087 3163 5145 εἶναι
3195 5093 3298 5160 πρὸ
3321 5094 3422 5159 τῆς
3455 5109 3556 5140 πα-

1994 5188 2275 5257 ραϐάσεως
2321 5185 2459 5258 ᾤετο
2510 5187 2602 5238 τὸν
2639 5184 2832 5255 Ἀδὰμ,
2885 5187 3000 5247 πῶς
3041 5186 3204 5238 αὐτὸν
3232 5186 3323 5237 ἐπὶ
3375 5183 3552 5253 κέρδει

1993 5279 2173 5332 λαϐεῖν
2206 5278 2359 5346 ἔλεγε
2403 5280 2494 5330 τὸν
2536 5277 2764 5332 θάνατον
2793 5275 3060 5345 ὓστερον;
3109 5275 3195 5328 ἵνα
3237 5277 3346 5343 γὰρ
3383 5275 3460 5343 μὴ
3489 5273 3552 5324 τὸ

1992 5371 2160 5422 κακὸν
2183 5367 2449 5423 ἀθάνανον
2479 5363 2535 5441 ᾖ,
2563 5366 2649 5420 διὰ
2678 5365 2832 5420 τοῦτό
2861 5383 2994 5436 φησι
3023 5367 3238 5436 θανάτῳ
3257 5366 3347 5417 τὸν
3381 5359 3550 5430 Ἀδὰμ

1991 5460 2413 5532 συγχωρηθῆναι
2453 5463 2660 5513 πεσεῖν.
2719 5460 2886 5514 Ἀλλὰ
2934 5458 3211 5513 κάνταῦθα
3258 5459 3549 5524 προσέχειν

1988 5554 2155 5619 ἄξιον.
2185 5553 2443 5605 Φαίνεται
2477 5554 2586 5621 γάρ
2613 5553 2698 5604 ὅτι
2729 5553 2837 5622 πρὸ
2859 5554 2957 5622 τῆς
2986 5549 3263 5619 ἁμαρτίας
3284 5550 3311 5600 ὁ
3337 5546 3547 5614 duoetv-

1989 5662 2085 5706 πος
2118 5646 2382 5707 ἀθάνατος
2416 5640 2506 5714 ἦν,
2529 5643 2649 5695 ἐπεὶ
2683 5643 2796 5706 πῶς
2822 5642 3087 5696 ἀθάνατον
3127 5641 3316 5710 ἔμελλε
3350 5639 3539 5705 μεῖναι
