3862 6228
339 242 440 306 1’99
1611 245 2036 317 MICHAELIS
2079 255 2336 316 GLYCzF
3480 252 3589 312 200

333 364 545 416 s‘imtcln
598 363 880 417 hominum
921 363 1086 417 vitam
1133 371 1494 434 occuparunt.
1539 365 1904 433 Quamobrem

2009 367 2065 420 δὲ
2097 369 2297 427 μᾶλλον
2326 369 2463 422 αὐτὰ
2495 369 2586 422 καὶ
2615 370 2764 423 οὐδὲν
2795 369 2927 439 ἡγοῦ
2959 369 3052 424 καὶ
3082 370 3420 440 άπόρῤιπτε,
3450 368 3599 423 καθὰ.

341 457 457 510 haec
498 457 596 509 tibi
647 456 948 526 prudenter
988 457 1382 511 consideranda
1437 467 1585 526 sunt,
1640 475 1743 514 nec
1789 460 1904 514 him

2023 459 2086 530 δὴ
2136 461 2241 530 πρὸ
2280 461 2466 529 ’ὀλίγου
2514 463 2608 515 καὶ
2654 463 2818 534 ἡμεῖς
2862 464 3220 532 ἐποιήσαμεν.
3266 459 3447 514 Πολλὰ
3482 461 3594 528 γὰρ

338 549 465 601 inde
502 547 774 617 congestis
801 557 857 602 et
898 549 1107 617 qumvis
1145 549 1545 619 exponentibus
1590 565 1752 606 aures
1783 553 1904 606 citra

2018 554 2250 606 τοιαῦτα
2282 555 2376 606 καὶ
2409 553 2644 625 εὕρομεν
2676 558 2772 608 καὶ
2803 555 3123 624 ἀνέγνωμεν
3143 596 3158 620 ,
3193 555 3286 608 καὶ
3319 553 3460 624 μετὰ
3489 551 3595 602 τῶν

333 642 598 712 judicium
641 643 1000 697 adhibendae:
1046 641 1141 696 sed
1180 643 1359 712 potius
1414 659 1478 698 ea
1531 643 1676 699 velut
1728 659 1919 714 asper-

336 734 515 788 nanda
551 749 761 804 proque
789 734 964 788 nihilo
1004 733 1252 788 ducenda
1295 735 1532 805 rcjicies,
1561 737 1916 804 quemadmo-

336 831 465 882 dum
503 837 559 882 et
607 843 706 882 nos
738 827 900 898 paulo
933 835 1061 882 ante
1102 828 1360 883 fecimus.
1417 827 1546 882 Nam
1596 829 1911 901 hujusmodi

335 920 622 991 complura
670 928 888 989 reperta
936 919 1192 989 lectaque
1233 935 1265 973 a
1311 921 1470 975 nobis
1512 922 1667 977 inter
1698 921 1912 976 fabulas

337 1015 641 1069 retulimus.
686 1013 1050 1079 Quamobrem
1087 1013 1272 1066 istuc?
1315 1013 1460 1083 quod
1509 1029 1538 1068 a
1580 1025 1730 1070 recta
1778 1015 1912 1069 duc-

336 1106 500 1186 trinte
535 1106 764 1160 Patrum
792 1107 1065 1161 sententia
1101 1105 1292 1176 procul
1328 1122 1390 1160 ea
1423 1107 1677 1162 recedere
1697 1108 1910 1175 judica—

335 1199 739 1262 remus.Quare
765 1199 878 1252 noli
909 1199 1088 1254 cibum
1111 1191 1172 1252 in
1198 1197 1455 1268 paradiso
1487 1199 1688 1253 fluxum
1717 1201 1909 1253 existi-

335 1306 510 1354 mare,
557 1305 664 1344 nec
710 1289 930 1359 scriptis
964 1289 1100 1345 adeo
1143 1290 1349 1359 jejunis
1379 1291 1622 1343 animum
1658 1290 1902 1354 adverte.

332 1381 551 1449 quando
582 1381 802 1434 Litterae
843 1395 1014 1436 sacrae
1052 1379 1252 1448 saepius
1299 1380 1404 1434 alia
1454 1396 1550 1450 per
1581 1381 1687 1434 alia
1719 1380 1903 1436 decla—

332 1483 454 1525 rant
499 1480 662 1542 atque
711 1473 931 1526 docent.
973 1471 1104 1540 Ejus
1151 1472 1368 1542 generis
1419 1482 1548 1527 sunt
1577 1473 1660 1526 hae
1695 1478 1899 1528 voces:

337 1579 356 1612 ι
387 1561 668 1616 Formavit
702 1562 978 1617 hominem
1015 1562 1158 1619 Deus
1205 1573 1424 1634 sumpto
1471 1565 1539 1619 de
1593 1575 1737 1619 terra
1783 1568 1903 1636 pul-

331 1670 458 1709 vere
487 1655 549 1708 ⁷⁸.
591 1674 611 1707 ι
647 1657 780 1709 Item
807 1655 941 1710 illa:
980 1674 999 1708 ‹
1039 1656 1257 1711 Amavit
1286 1657 1338 1710 in
1374 1655 1565 1711 faciem
1596 1657 1716 1726 ejus
1743 1659 1902 1728 spiri-

333 1753 442 1797 tum
476 1743 692 1798 vitalem
717 1745 783 1800 "°.
820 1762 838 1796 ι
881 1743 944 1798 Ει
970 1745 1082 1798 haec
1111 1761 1125 1795 :
1158 1761 1175 1795 ι
1215 1743 1592 1799 inambulabat
1617 1759 1647 1799 a
1676 1747 1904 1801 meridie

332 1835 476 1890 Deus
506 1836 560 1888 in
596 1834 918 1905 paradisoza
957 1834 1093 1889 Nam
1127 1835 1277 1890 istaec
1305 1851 1531 1902 prorsus
1579 1837 1684 1892 deo
1716 1853 1906 1908 corpo-

330 1927 406 1981 ris
435 1927 646 1996 experti
683 1942 792 1981 non
824 1926 1183 1989 conveniunt,
1223 1941 1345 1995 quae
1381 1934 1562 1980 tamen
1590 1927 1662 1982 ita
1706 1928 1904 1985 litterae

329 2029 521 2078 sacrae,
567 2014 926 2068 imbecillitati
954 2023 1157 2069 nostra:
1193 2027 1367 2069 semet
1401 2017 1898 2083 accommodantes,

331 2106 700 2172 protulerunt.
732 2101 847 2156 Nisi
879 2104 1024 2159 enim
1078 2105 1183 2158 hoc
1209 2103 1427 2169 demus,
1457 2104 1695 2159 absurda
1729 2106 1898 2161 multa

329 2205 760 2266 consequentur.
789 2193 1056 2250 Nimirum
1080 2209 1142 2249 os
1168 2195 1272 2250 deo
1299 2197 1602 2251 tribuemus
1621 2206 1678 2252 et
1710 2212 1906 2253 manus

323 2296 387 2341 et
416 2290 582 2358 pedes
611 2287 824 2357 aliaque
867 2287 1018 2342 talia.
1069 2284 1205 2342 Nam
1241 2287 1288 2344 si
1338 2287 1599 2343 manibus
1649 2273 1901 2354 carebat,

326 2384 422 2450 qni
457 2379 696 2450 fingebat
728 2380 1050 2434 hominem?
1077 2378 1121 2434 si
1150 2395 1246 2436 ore
1279 2379 1518 2446 carebat,
1547 2381 1639 2451 qui
1685 2381 1904 2438 afflabat

327 2473 383 2528 in
431 2471 627 2527 faciem
657 2472 822 2542 ejus?
865 2471 912 2528 si
945 2471 1176 2542 pedibus
1206 2472 1448 2539 carebat,
1485 2488 1585 2526 cur
1614 2474 1769 2528 aiunt
1807 2473 1902 2529 lit-

328 2576 461 2622 tera:
495 2581 663 2623 sacrae
701 2566 817 2636 98
844 2565 898 2620 in
943 2564 1201 2636 paradiso
1228 2579 1353 2620 eum
1383 2580 1414 2619 a
1460 2566 1690 2622 meridie
1729 2568 1902 2622 inam-

329 2659 592 2714 bulasse‘?
622 2660 693 2713 At
730 2659 876 2714 enim
923 2659 1036 2740 hac
1061 2657 1286 2712 omnino
1313 2656 1496 2712 locum
1535 2673 1644 2713 non
1677 2659 1901 2714 habent.

325 2750 463 2806 Nam
511 2741 813 2806 sacrorum’
846 2749 941 2805 ille
967 2749 1190 2805 Patrum
1227 2756 1403 2804 cretus
1441 2749 1784 2818 supervenit,
1811 2750 1906 2820 qui

2023 644 2210 714 μύθων
2253 645 2552 715 ἐτάξαμεν,
2599 646 2680 699 δτι
2721 646 2814 699 τοῦ
2860 645 3142 716 ὀρθοδόξου
3190 645 3297 697 τῶν
3341 644 3596 711 πατέρων

2019 735 2368 804 φρονήματος
2403 737 2596 807 πόρρω
2629 753 2732 788 που
2771 737 3039 790 πίπτοντα
3068 735 3241 788 ταῦτα
3269 735 3595 803 διέγνωμεν.

2015 826 2107 897 Μὴ
2137 827 2315 879 τοίνυν
2335 829 2405 879 ’ἐν
2439 827 2754 896 παραδείσῳ
2792 826 2995 896 βρῶσιν
3024 826 3166 879 εἶναι
3203 824 3437 895 ῥευστὴν
3467 826 3597 876 ὑπε-

2014 914 2280 984 λάμϐανε,
2315 918 2449 986 μηδέ
2481 917 2675 985 ξηραῖς
2705 915 2848 967 οὕτω
2877 917 2995 977 ταῖς
3024 916 3328 984 γραφικαῖς
3359 915 3594 984 πρόσεχε

2012 1007 2222 1072 λέξεσιν
2249 1009 2384 1078 (22),
2412 1007 2526 1077 εῐγε
2551 1009 2646 1061 καὶ
2674 1009 2872 1078 μᾶλλον
2897 1007 3064 1077 ἕτερα
3089 1007 3156 1059 δι’
3180 1007 3385 1074 ἐτέρων
3410 1008 3443 1074 ἡ
3471 1005 3594 1072 ἁγία

2011 1101 2268 1164 πολλάκις
2291 1099 2534 1155 διδάσκει
2560 1101 2777 1170 Γραφή.
2806 1098 3021 1153 Ὀποῖον
3044 1101 3106 1168 δὴ
3133 1099 3310 1153 καὶτὸ
3341 1117 3360 1151 ι
3391 1098 3595 1151 ἔπλασε

2008 1194 2101 1246 τὸν
2128 1193 2414 1264 ἄνθρωπον
2441 1195 2468 1246 6
2495 1191 2628 1256 Θεὸς
2660 1192 2788 1262 χοῦν
2812 1191 2991 1244 λαϐὼν
3021 1191 3129 1244 άπὸ
3157 1191 3255 1260 τῆς
3283 1191 3410 1258 γῆς,
3444 1207 3468 1240 θ
3499 1189 3596 1242 καὶ

2005 1283 2067 1335 τὸ
2094 1302 2112 1334 ‹
2139 1283 2473 1352 ἐνεφύσησεν
2496 1285 2574 1346 είς
2593 1284 2653 1336 τὸ
2675 1283 2966 1354 πρόσωπον
2988 1282 3153 1336 αὐτοῦ
3177 1282 3348 1346 πνοὴν
3371 1280 3544 1349 ζωῆς,
3571 1296 3588 1329 ι

2007 1375 2101 1426 καὶ
2127 1374 2187 1425 τὸ
2220 1392 2239 1425 ι
2269 1375 2592 1444 περιεπάτει
2620 1375 2648 1428 6
2677 1373 2807 1439 Θεδς
2836 1377 2893 1429 ἐν
2917 1375 2994 1446 τῷ
3025 1373 3338 1443 παραδείσῳ
3367 1377 3512 1426 κατὰ
3534 1373 3594 1423 τὸ

2003 1462 2251 1516 δειλινόν.
2303 1482 2321 1516 ι
2373 1463 2562 1517 Ταῦτα
2605 1475 2706 1535 μεν
2750 1463 3150 1537 γάρ”άνοίκεια
3194 1464 3274 1534 τῷ
3315 1464 3593 1531 ἀσωμάτῳ

2005 1555 2220 1618 πάντως
2261 1555 2380 1626 Θεῷ
2406 1569 2420 1585 ⁸
2461 1555 2613 1624 λέγει
2654 1556 2711 1610 δὲ
2751 1557 2901 1627 ὅμως
2941 1557 2976 1627 ἡ
3018 1555 3149 1623 άγία
3191 1554 3362 1608 ταῦτα
3403 1555 3592 1623 Γραφὴ

2004 1654 2126 1715 ταῖς
2155 1651 2312 1722 ἡμῶν
2343 1649 2650 1714 ἀσθενείαις
2682 1648 3229 1717 συγκάταϐαίνουσα.
3265 1647 3371 1700 Καὶ
3403 1646 3516 1716 γάρ
3544 1650 3592 1699 εί

2009 1746 2086 1816 μὴ
2124 1744 2282 1798 τοῦτο
2328 1745 2604 1815 δώσομεν,
2651 1743 2824 1797 πολλὰ
2874 1744 3010 1813 ἡμῖν
3051 1740 3483 1813 ἐπακολουθήσει
3525 1740 3592 1791 τά

2006 1834 2203 1889 ἄτοπα.
2239 1835 2421 1904 Στόμα
2452 1835 2563 1904 γὰρ
2591 1832 2743 1904 αὐτῷ
2773 1832 3146 1903 περιθήσομεν
3175 1833 3366 1901 χεῖράς
3390 1847 3464 1883 τε
3497 1829 3591 1883 καὶ

2005 1926 2194 1992 πόδας,
2227 1930 2321 1982 καὶ
2349 1928 2449 1982 ὅσα
2477 1925 2703 1981 τοιαῦτα
2731 1942 2744 1955 ·
2779 1926 2875 1979 καὶ
2904 1924 3014 1994 γάρ
3043 1927 3090 1977 εί
3125 1925 3200 1994 μὴ
3230 1927 3424 1994 χεῖρας
3454 1921 3588 1989 εἶχε,

1998 2019 2122 2082 πῶς
2157 2019 2362 2074 ἔπλασε
2398 2020 2490 2072 τὸν
2526 2018 2850 2087 άνθρωπονς
2887 2017 2936 2070 εί
2973 2019 3049 2087 μὴ
3086 2017 3262 2084 στόμα
3297 2012 3435 2085 εἶχε,
3476 2016 3588 2093 πῶς

2003 2111 2340 2182 ἐνεφύσησεν
2383 2114 2464 2174 είς
2506 2115 2565 2164 τὸ
2609 2111 2903 2182 πρόσωπον
2948 2107 3152 2174 αὐτοῦς
3200 2109 3250 2160 εί
3298 2108 3374 2176 μὴ
3421 2109 3588 2167 πὸὁας

2011 2199 2157 2274 εἶχε,
2197 2205 2315 2268 πῶς
2353 2207 2388 2276 ἡ
2429 2204 2623 2277 Γραφὴ
2655 2205 2805 2273 λέγει
2849 2205 3177 2272 περιπατεῖν
3217 2205 3378 2256 αὑτὸν
3415 2204 3478 2256 ἐν
3514 2201 3592 2272 τῷ

2011 2298 2326 2370 παραδείσῳ
2371 2299 2512 2353 κατὰ
2551 2299 2613 2353 τὸ
2653 2297 2916 2364 δειλινόν;
2961 2296 3205 2350 ἀλλὀὐκ
3249 2296 3363 2348 ἔστι
3407 2295 3590 2360 τοῦτο,

1997 2389 2101 2444 οὐκ
2135 2388 2284 2442 ἐστιν
2307 2406 2322 2421 ο
2357 2388 2560 2458 ἔφθασε
2594 2390 2702 2462 γάρ
2735 2390 2764 2442 6
2795 2390 2902 2443 τῶν
2933 2388 3102 2458 ἁγίων
3134 2390 3398 2458 Πατέρων
3435 2390 3591 2457 χορ“ς

2001 2481 2252 2536 ιπελθεῐν
2298 2482 2368 2536 τὰ
2412 2481 2640 2536 τοιαῦτα
2684 2482 2804 2538 θεία
2851 2483 3013 2553 ῥητά,
3054 2484 3149 2535 καὶ
3191 2481 3398 2544 διδάξαι
3442 2481 3591 2550 ἡμᾶς

2002 2573 2152 2637 ὅπως
2183 2573 2556 2645 ἐκλαμϐάνειν
2585 2574 2726 2628 αὐτὰ
2758 2573 2864 2645 χρὴ
2887 2611 2902 2638 ,
2936 2575 3033 2628 καὶ
3070 2573 3146 2646 μὴ
3177 2572 3256 2643 τῷ
3287 2572 3475 2640 οἰκείῳ
3507 2575 3590 2622 65-

2001 2664 2210 2734 λήματι
2245 2664 2731 2736 παρασυρομένους
2765 2663 3024 2720 ἆλλεσθαί
3052 2681 3115 2718 τε
3148 2664 3291 2717 κατὰ
3325 2663 3586 2733 κρημνῶν

2012 2757 2110 2810 καὶ
2138 2756 2239 2827 τῆς
2263 2757 2482 2822 εὐθείας
2514 2757 2706 2830 πδρρω
2733 2773 2838 2812 που
2869 2756 3160 2828 φέρεσθαι.

328 2842 1142 2914 ΙιυῙιιεηιοιιίἀίοιαιευαττετει,
1206 2854 1418 2909 nosque
1450 2839 1673 2896 doceret
1701 2856 1812 2912 quo
1881 2845 1904 2899 i‘

2014 2858 2172 2916 pacto
2233 2848 2343 2904 sint
2381 2849 2725 2921 accipienda,
2782 2864 2854 2905 ne
2903 2865 3006 2920 pro
3057 2847 3266 2904 arbitro
3315 2844 3584 2914 lubitique

330 2952 521 2998 nostro
547 2940 870 2995 oberrantes
907 2953 1003 3007 per
1038 2935 1340 3008 praecipitia
1389 2937 1796 2992 collaberemur
1839 2953 1905 2995 ac
1939 2944 2128 3012 procul
2160 2959 2190 2998 a
2225 2947 2313 3000 via
2344 2954 2492 3000 recta
2532 2944 2969 3000 deﬂecteremus.

397 3029 490 3085 Sic
514 3045 644 3102 ergo
674 3030 742 3085 de
777 3029 971 3084 arbore
996 3027 1329 3096 cognitionis
1352 3027 1676 3083 existimare
1715 3037 1768 3083 te
1801 3045 1897 3100 par

2076 3033 2237 3090 Οὕτω
2283 3035 2384 3107 μὲν
2423 3032 2518 3090 οὖν
2555 3037 2652 3090 καὶ
2703 3036 2827 3106 περὶ
2867 3035 2962 3088 τοῦ
3008 3032 3175 3103 φυτοῦ
3219 3033 3454 3095 ἐκείνου,
3493 3029 3588 3086 τοῦ

325 3131 436 3188 est,
476 3122 614 3178 licet
647 3122 971 3193 opinionum
1019 3119 1312 3176 diversitas
1356 3121 1607 3188 qnmdam
1669 3121 1902 3177 incidat.

326 3215 555 3272 Divinus
583 3215 805 3286 quidem
857 3214 949 3270 ille
993 3215 1099 3278 vir,
1142 3213 1386 3269 Isidorus
1437 3213 1792 3283 Pelusiensis,
1829 3215 1906 3269 ita

224 3311 227 3314 ’
327 3309 396 3364 de
429 3309 535 3364 hac
580 3322 640 3362 re
687 3305 1214 3363 disserit.-Cbristus
1261 3305 1426 3360 ficum
1470 3317 1812 3373 exsecratur,
1845 3315 1907 3361 ut

323 3399 530 3455 Judzeis
561 3398 877 3453 ostenderet
908 3397 1166 3452 se-etiam
1193 3395 1410 3451 allicere
1428 3397 1698 3467 supplicio
1719 3412 1918 3472 posse.

327 3491 531 3546 Subest
560 3500 741 3544 autem
783 3489 912 3543 huic
944 3488 1022 3543 rei
1053 3488 1300 3558 quadam
1329 3504 1527 3544 arcana
1561 3489 1721 3554 ratio,
1739 3505 1903 3560 quam

326 3596 357 3633 a
393 3579 615 3634 senibus
649 3577 1072 3648 sapientissimis
1101 3578 1734 3649 accepimus,-nimirum
1770 3581 1902 3636 illud

329 3669 782 3742 transgressionis
825 3670 1032 3742 lignum
1089 3669 1281 3735 fuisse,
1330 3672 1488 3742 cujus
1532 3672 1676 3728 foliis
1718 3682 1904 3730 trans-

328 3776 610 3833 gressores
652 3776 751 3830 pro
789 3769 1105 3830 legumento
1159 3761 1472 3817 utebantur.
1533 3762 1648 3820 Hoc
1689 3764 1902 3837 lignum

329 3853 564 3926 benigna
590 3853 821 3922 quadam
850 3867 914 3909 ex
951 3851 1243 3909 affectione
1286 3853 1548 3911 Christus
1579 3856 1905 3913 exsecraba-

331 3959 441 4012 tur,
483 3962 553 4000 ne
583 3944 835 4000 videlicet
865 3945 1102 4013 amplius
1144 3944 1526 4017 fructum,qui
1577 3946 1720 4003 foret
1760 3947 1900 4004 deli-

331 4036 405 4091 cti
443 4051 634 4100 causa,
665 4035 857 4088 ferret.
886 4031 1130 4090 Joannes
1158 4046 1340 4090 autem
1389 4034 1781 4105 Damascenus,
1811 4053 1902 4094 re-

330 4145 452 4183 rum
505 4129 596 4182 ille
640 4127 950 4182 divinarum
984 4126 1384 4196 peritissimus,
1425 4129 1624 4184 cibum
1659 4131 1904 4200 paradisi

331 4229 488 4275 vocat
534 4218 871 4290 agnitionem
922 4217 1188 4272 divinam.
1245 4217 1502 4289 Largitur
1560 4221 1707 4276 enim
1748 4221 1905 4278 ’Deus

329 4313 552 4384 quidem
599 4309 808 4367 Adamo
837 4317 1164 4381 potestatem
1215 4311 1271 4365 in
1316 4327 1508 4367 omnes
1528 4307 1778 4384 paradisi
1812 4331 1904 4369 ar-

2007 3125 2166 3194 ξύλου
2205 3127 2450 3195 δηλονότι
2489 3127 2593 3197 τῆς
2628 3127 2904 3197 γνώσεως,
2943 3127 3272 3181 διανοεῖσθαί
3315 3143 3374 3178 σε
3415 3127 3587 3192 ἄξιον,

2005 3217 2122 3286 εἴγε
2159 3220 2256 3272 καὶ
2287 3219 2588 3290 διαφωνίαν
2622 3220 2714 3273 ἐπὶ
2747 3220 2960 3282 τούτοις
2993 3221 3118 3273 τινὰ
3156 3220 3588 3291 παρεμπίπτου-

2008 3328 2108 3366 σαν
2134 3310 2353 3384 ἔχομεν.
2379 3313 2588 3367 Αὐτίκα
2619 3312 2727 3384 γὰρ
2754 3313 2781 3366 6
2809 3311 3085 3375 θειότατος
3120 3311 3393 3381 Ἰσίδωρος
3419 3313 3448 3364 6
3479 3312 3588 3378 Πη-

2005 3402 2302 3474 λουσιὼτης
2331 3403 2504 3469 οὕτως
2527 3403 2758 3476 εὕρηται
2782 3405 2912 3474 περὶ
2936 3403 3128 3456 τούτου
3155 3401 3390 3466 διεξιὼν.
3422 3421 3442 3454 ι
3479 3404 3590 3456 Κα-

2005 3497 2236 3567 ταρᾶται
2283 3497 2384 3566 μὲν
2421 3498 2522 3566 τὴν
2563 3496 2736 3566 συκῆν
2774 3498 2802 3550 6
2844 3497 3119 3567 Χριστδςι,
3157 3496 3245 3548 ἵνα
3289 3493 3438 3566 δείξῃ
3477 3499 3588 3557 τ-ιίς

2017 3589 2294 3653 Ἰουδαίοις
2341 3590 2422 3643 δτι
2473 3591 2570 3644 καὶ
2620 3590 2874 3655 κολάζειν
2917 3589 3162 3644 δύναται.
3192 3590 3346 3660 ’Ἅμα
3394 3589 3455 3641 δέ
3507 3606 3589 3650 τις

2007 3679 2185 3753 τούτῳ
2233 3682 2330 3736 καὶ
2377 3683 2692 3755 ἀπόρρητος
2739 3684 3154 3752 συμπέπλεκται
3204 3669 3382 3750 λόγος]
3437 3682 3589 3750 παρὰ

2005 3772 2277 3843 γερόντων
2306 3771 2486 3842 σοφῶν
2518 3773 2597 3836 είς
2629 3775 2776 3844 ἡμᾶς
2805 3773 3162 3843 διαφοιτῆσας
3183 3812 3196 3836 ,
3226 3773 3308 3826 ὅτι
3338 3775 3401 3825 τὸ
3433 3770 3591 3836 ξύλον

2004 3864 2106 3935 τῆς
2146 3865 2511 3935 παραϐάσεως
2553 3866 2713 3920 τοῦτο
2753 3862 2843 3938 ἦν,
2887 3859 2949 3919 οὗ
2990 3869 3083 3920 καὶ
3117 3868 3232 3928 τοῖς
3272 3863 3497 3933 φύλλοις
3539 3865 3589 3916 οἰ

2005 3954 2357 4026 παραϐάντες
2398 3955 2482 4018 είς
2524 3956 2734 4026 σκέπην
2774 3956 3103 4028 ἐχρήσαντο.
3143 3955 3253 4009 Καὶ
3296 3956 3588 4025 κατηράθη

2007 4046 2161 4118 παρὰ
2191 4030 2430 4116 Χριστοῦ
2465 4047 2866 4119 φιλανθρώπως
2904 4047 3103 4116 μηκέτι
3140 4047 3383 4114 ἐνεγκεῖν
3415 4046 3590 4100 αίτιον

2007 4139 2306 4210 ἁμαρτίας.
2347 4157 2366 4190 ι
2404 4139 2464 4193 Ὀ
2503 4139 2559 4193 δὶ
2592 4140 2661 4194 τὰ
2700 4139 2818 4193 θεῖα
2855 4142 3017 4208 σοφὸς
3050 4141 3306 4207 Ἰωάννης
3341 4143 3369 4192 6
3401 4143 3590 4210 Δαμα·

2012 4232 2210 4302 σκηνδς
2243 4231 2449 4302 βρῶσιν
2480 4235 2572 4287 ἐπὶ
2606 4235 2937 4304 παραδείσου
2971 4235 3070 4305 τὴν
3104 4233 3258 4288 θείαν
3287 4231 3439 4289 εἶπεν
3468 4237 3590 4290 ἐπί-

2005 4340 2229 4392 γνωσιν.
2260 4324 2455 4378 Δίδωσι
2487 4325 2595 4395 γὰρ
2629 4327 2658 4379 6
2692 4327 2822 4388 Θεὸς
2853 4326 2930 4397 τῷ
2964 4327 3135 4400 Ἀδάμ
3169 4328 3418 4393 ἐξουσίαν
3451 4332 3592 4383 πάν-

331 4405 516 4469 bores,
549 4419 737 4458 verum
786 4417 894 4457 non
930 4401 1041 4458 cibi
1083 4415 1280 4468 causa,
1309 4403 1419 4459 sed
1471 4404 1550 4459 uti
1599 4405 1704 4462 hoc
1743 4405 1904 4462 modo

2013 4433 2122 4468 των
2147 4416 2256 4469 τῶν
2284 4419 2343 4471 ἐν
2371 4416 2450 4487 τῷ
2479 4417 2796 4489 παραδείσῳ
2830 4421 3036 4488 φυτῶν,
3069 4419 3208 4491 πλὴν
3236 4421 3296 4473 οὐ
3330 4421 3588 4492 βρώσεως
3659 4438 3666 4444 ·

329 4496 398 4551 ad
431 4497 607 4564 ipsum
639 4496 890 4566 opillcem
943 4495 1324 4551 deduceretur.
1355 4495 1577 4568 Quippe
1604 4497 1672 4553 de
1700 4500 1907 4569 magni-

331 4589 520 4643 tudine
570 4602 636 4641 ac
676 4595 962 4643 venustate
1006 4597 1338 4653 creatorum,
1376 4597 1438 4642 ut
1468 4587 1703 4659 Sapiens
1729 4593 1805 4645 ait
1831 4590 1901 4657 ⁸⁸,

327 4678 512 4750 opifex
555 4693 745 4734 eorum
798 4678 1022 4748 agnosci
1066 4680 1376 4736 consuevit.
1427 4681 1506 4735 Ac
1560 4680 1683 4736 vide
1741 4682 1908 4748 mihi,

326 4773 578 4838 obsecro,
611 4773 704 4843 qui
727 4773 946 4828 divinus
1005 4772 1094 4827 hic
1117 4763 1358 4827 Joannes
1379 4773 1521 4828 dicta
1551 4775 1620 4829 de
1649 4774 1904 4845 paradiso

325 4866 589 4934 accipiat,
610 4876 666 4920 et
695 4863 823 4934 quid
851 4863 920 4918 de
951 4863 1018 4918 iis
1054 4865 1251 4918 tradat.
1278 4864 1448 4919 Aiunt
1469 4880 1642 4921 sacrae
1661 4867 1859 4923 littera:
1884 4884 1898 4921 :

331 4973 349 5004 ι
385 4953 655 5010 Omnibus
683 4953 922 5024 paradisi
965 4951 1260 5008 arboribus
1287 4955 1544 5010 vesceris.
1586 4973 1607 5007 ι
1646 4953 1750 5011 Per
1785 4973 1900 5012 om-

328 5045 418 5100 nia
480 5055 664 5100 creata
713 5043 924 5100 scilicet
969 5043 1036 5097 ad
1086 5059 1174 5098 me
1235 5046 1489 5113 Opiilcem
1539 5047 1897 5114 conscendes,

330 5152 615 5206 unumque
645 5136 713 5191 de
756 5136 1014 5191 omnibus
1041 5135 1282 5190 fructum
1314 5136 1610 5206 percipies,
1641 5138 1904 5194 nimirum

327 5247 438 5297 me,
481 5229 576 5300 qui
609 5244 801 5299 reapse
829 5229 939 5282 vita
979 5243 1131 5284 sum.
1155 5225 1352 5281 Omnia
1389 5227 1483 5282 tibi
1511 5229 1632 5284 vita:
1664 5233 1899 5285 fructum

329 5312 634 5397 proferant,
660 5323 908 5392 adeoque
937 5321 1082 5390 quod
1111 5320 1338 5375 exsistis
1362 5321 1498 5376 nihil
1531 5337 1652 5377 esse
1685 5324 1902 5393 putabis

326 5418 474 5474 aliud
515 5432 678 5488 quam
707 5417 812 5470 mei
843 5414 1182 5470 fruitionem.
1213 5413 1387 5484 Atque
1420 5414 1535 5470 hare
1562 5415 1640 5469 illi
1669 5417 1904 5472 tradide-

396 5561 442 5593 "'
477 5558 616 5614 Gen.
649 5575 708 5622 ιι,
741 5559 794 5611 7.
872 5560 915 5590 τ’
948 5558 1084 5613 Gen.
1119 5574 1198 5622 ιιι,
1235 5557 1286 5611 8.
1357 5559 1411 5591 ³ο
1445 5557 1572 5628 Sap.
1605 5574 1728 5624 xm,
1764 5560 1818 5614 5.

395 5696 512 5767 (‘22)
573 5700 697 5751 Ὅτι
741 5699 841 5753 τοῦ
877 5697 1201 5769 ὀρθοδόξου
1241 5736 1254 5752 .
1295 5736 1309 5753 .
1346 5735 1361 5752 .
1396 5738 1409 5752 .
1448 5737 1460 5753 .

2010 4504 2222 4574 ἕνεκεν,
2249 4505 2364 4561 ἀλλ’
2387 4509 2474 4562 ἵνα
2503 4508 2639 4578 πρὸς
2668 4511 2831 4562 αὑτὸν
2855 4509 3107 4563 ἐντεῦθεν
3137 4511 3225 4563 τὸν
3251 4512 3585 4584 δημιουργὸν

2014 4597 2361 4668 ὲπανάγηται
2386 4616 2402 4632 ο
2439 4601 2548 4654 ἀπὸ
2588 4601 2856 4671 μεγέθους
2889 4603 2999 4673 γὰρ
3036 4602 3130 4655 καὶ
3167 4604 3430 4675 καλλονῆς
3469 4623 3588 4658 κτι-

2012 4689 2260 4759 σμάτων,
2287 4691 2364 4756 ὥς
2393 4692 2496 4746 πού
2529 4709 2660 4762 φησι
2691 4694 2964 4765 Σολομὼν,
2993 4698 3020 4749 ὁ
3045 4696 3380 4769 δημιουργὸς
3407 4701 3589 4753 αὐτῶν

2012 4783 2478 4850 ὲπιγινώσκεσθαι
2521 4785 2734 4842 εἴωθεν.
2783 4788 2893 4842 Καὶ
2936 4788 3039 4860 ὅρα
3085 4790 3203 4852 πῶς
3247 4790 3588 4862 ἐκλαμϐάνει

2013 4875 2140 4946 περὶ
2171 4877 2500 4946 παραδείσου
2533 4881 2560 4931 6
2591 4880 2732 4944 θεῖος
2759 4873 2916 4943 οὗτος
2950 4882 3210 4952 Ἰωάννης
3230 4923 3243 4947 ,
3281 4886 3373 4938 καὶ
3400 4887 3450 4937 τί
3479 4903 3587 4955 φη-

2013 4979 2098 5015 σιν
2130 4965 2215 5017 ἐπ’
2241 4967 2446 5030 αὐτοῖς.
2487 4987 2507 5020 ι
2552 4969 2684 5022 Ἀπὸ
2722 4970 2922 5034 παντὸς
2960 4969 3113 5036 ξύλου
3145 4973 3240 5028 τοῦ
3276 4979 3335 5029 ἐν
3364 4977 3440 5047 τῷ
3479 4995 3585 5030 πα-

2014 5055 2245 5128 ραδείσῳ
2275 5058 2476 5129 βρώσει
2508 5061 2712 5132 φάγῃς.
2741 5063 2840 5116 Διὰ
2871 5065 3108 5131 πάντων,
3137 5066 3300 5136 λέγω,
3331 5073 3438 5124 τῶν
3465 5087 3588 5122 κτιο

2011 5149 2235 5216 σμάτων
2270 5152 2358 5204 ἐπ’
2386 5153 2484 5222 ἐμὲ
2515 5153 2608 5206 τὸν
2644 5156 2876 5227 ποιητὴν
2908 5157 3326 5228 ἀναϐιϐάσθητι,
3364 5164 3452 5214 καὶ
3489 5163 3586 5214 ἕνα

2009 5241 2220 5311 καρπὸν
2253 5245 2317 5296 ὲκ
2350 5246 2568 5300 πάντων
2600 5246 2910 5318 κάρπωσαι,
2948 5250 3047 5318 ἐμὲ
3080 5253 3178 5322 τὴν
3210 5253 3380 5316 δντως
3410 5254 3582 5324 ζωήν.

2009 5329 2194 5384 Πάντα
2224 5349 2305 5386 σοι
2335 5335 2481 5405 ζωὴν
2513 5341 2965 5411 καρποφορείτω,
2997 5342 3092 5395 καὶ
3120 5343 3218 5415 τὴν
3248 5345 3386 5416 ἐμὴν
3419 5345 3584 5414 μέθε-

2010 5421 2090 5485 ξιν
2135 5424 2290 5478 ποιοῦ
2336 5425 2436 5497 τῆς
2481 5429 2689 5496 οἰκείας
2740 5432 3023 5503 ὑπάρξεως
3073 5437 3350 5495 σύστασιν.
3403 5458 3424 5492 ι
3470 5439 3584 5496 Καὶ

1519 5697 1788 5761 λέξεσιν.
1831 5700 1904 5754 Ex
1942 5659 2001 5759 Ρξ
