3862 6228
347 418 451 483 201

1626 427 1916 489 ANNALI
1930 428 2043 489 ΗΜ
2082 430 2278 490 PARS
2322 430 2368 490 Ι.

3440 474 3445 477 ,
3510 400 3616 485 €62

339 534 506 593 ebtor
536 541 638 609 μὲν
668 540 859 607 οὕτως,
885 542 914 594 6
940 540 996 595 δὲ
1028 541 1302 605 θειότατος
1334 543 1633 614 Γρηγόριος
1662 546 1690 596 6
1717 544 1935 614 Νύσσης

2044 552 2197 599 runt.
2229 543 2461 615 Nysscni
2495 546 2675 597 autem
2713 541 2964 614 Gregorii
3026 539 3282 609 leguntur
3330 536 3446 589 hec
3495 536 3614 604 ips“

340 627 498 683 οὕτω
542 633 685 685 κατὰ
733 631 884 701 ῥῆμα
930 631 1210 698 διέξεισιν,
1255 634 1335 686 ὅτι
1377 634 1439 686 τὸ
1478 637 1933 704 ἀπηγορευμένον

342 721 534 774 ἐκεῖνο
570 724 630 791 τῇ
668 722 869 791 βρώσει
900 723 1054 789 ξύλον
1082 725 1207 779 οὔτε
1242 727 1435 794 συκῆν,
1466 726 1539 789 ὦς
1569 727 1713 789 τινές
1746 742 1933 794 φασιν,

344 812 481 865 οὔτε
513 831 568 867 τι
596 815 705 867 τῶν
740 816 1054 886 ἀκροδρύων
1083 817 1268 887 ἕτερον
1301 813 1441 871 εἶναι
1473 819 1837 889 πεπείσμεθα.
1872 819 1933 875 El

342 908 466 976 γὰρ
502 906 599 960 καὶ
633 909 761 978 περὶ
798 908 1053 978 βρώσεως
1093 911 1361 980 αἰσθητῆς
1402 912 1633 965 ἐνταῦθα
1667 912 1817 965 δοκεῖ
1848 912 1936 965 λέ-

2045 632 2234 685 verba.
2264 631 2494 701 Lignum
2534 631 2667 685 illttd
2699 632 2766 685 de
2800 646 2907 698 quo
2944 645 3013 685 ne
3054 636 3408 681 vescerentur
3430 625 3617 676 inter-

2041 722 2244 777 dictum
2277 730 2535 785 erat,nec
2568 722 2727 774 ticum
2764 720 2953 783 fuisse,
2978 719 3120 787 quod
3148 717 3364 787 quidam
3401 714 3613 776 volunt,

2043 827 2145 865 nec
2190 813 2350 866 aliam
2394 811 2728 866 fructiferam
2781 810 3028 863 arborem
3090 807 3337 877 persuasi
3400 818 3613 858 sumus.

2044 903 2367 971 Quanquam
2401 904 2546 959 enim
2573 911 2850 973 spectator
2878 902 2971 954 ille
3005 903 3093 953 Dei
3130 900 3303 951 Moses
3333 898 3397 950 dc
3426 894 3617 950 sensili

2043 997 2168 1051 cibo
2226 997 2315 1051 hic
2370 996 2517 1063 loqui
2576 996 2811 1057 videtur,
2853 1010 2954 1062 ego
3012 994 3190 1046 tamen
3245 991 3372 1045 dum
3431 1001 3618 1042 sacras

2044 1089 2279 1143 Litteras
2313 1089 2495 1154 audio,
2543 1104 2649 1142 non
2688 1096 2897 1141 tantum
2931 1099 3250 1154 corpoream
3326 1078 3617 1149 quamdam

2045 1194 2226 1235 escam
2260 1194 2518 1249 agnosco,
2555 1180 2652 1233 sed
2694 1179 2858 1233 etiam
2895 1178 3291 1230 nutrimentum
3324 1158 3474 1227 aliud
3499 1183 3620 1223 esse

2044 1270 2183 1331 scio,
2242 1269 2401 1338 cujus
2468 1268 2658 1324 fruitio
2709 1269 2881 1323 solam
2949 1268 3013 1321 ad
3068 1268 3305 1320 animam
3360 1262 3617 1330 pertinet.

2044 1362 2311 1417 Hortatur
2346 1362 2492 1416 enim
2550 1361 2701 1415 hisce
2735 1362 2923 1416 verbis
2950 1363 3259 1416 esurientes
3294 1354 3619 1425 Sapientia:

2052 1471 2070 1504 ‹
2106 1452 2402 1507 Vescimiui
2462 1468 2580 1505 mec
2636 1467 2802 1521 pane,
2864 1450 3165 1519 vinumque
3222 1449 3413 1509 bibite,
3475 1444 3621 1512 quod

2046 1544 2205 1599 vobis
2241 1545 2437 1599 miscui
2467 1545 2537 1598 ⁸⁸.
2578 1563 2597 1597 ι
2650 1542 2793 1609 Quin
2829 1543 2993 1597 etiam
3039 1541 3295 1595 dominus
3324 1538 3623 1592 Samarita-

2047 1652 2245 1690 norum
2300 1638 2531 1691 salutem
2573 1637 2862 1692 indicans:
2911 1653 2928 1685 ι
2966 1634 3181 1693 Cibum,
3214 1633 3407 1699 inquit,
3444 1631 3622 1684 hule

324 1724 515 1793 λοιχοῦ
566 1744 586 1777 ι
628 1726 691 1779 Ὀ
735 1727 902 1797 διψῶν
931 1731 1173 1798 ἐρχέσθω
1218 1734 1350 1802 πρός
1397 1751 1463 1802 με
1508 1736 1598 1787 καὶ
1639 1735 1864 1789 πινέτω.
1914 1754 1932 1787 ι

2047 1743 2156 1797 quo
2191 1744 2404 1788 vi-scar,
2440 1729 2597 1783 vobis
2626 1730 2769 1783 haud
2817 1727 3100 1797 cognitum
3123 1724 3191 1777 ⁸⁸.
3231 1744 3248 1776 ι
3285 1725 3416 1778 Item
3453 1723 3621 1776 alibi:

323 1818 563 1871 Οὐκοῦν
590 1817 689 1887 τῆς
722 1822 944 1888 φυτείας
973 1824 1069 1892 τῆς
1104 1825 1159 1876 ἐν
1194 1822 1356 1895 Ἐδὲμ
1386 1826 1586 1897 (τρυφὴ
1615 1828 1672 1880 δὲ
1701 1829 1736 1897 ἡ
1774 1828 1935 1899 Ἐδὲμ

2054 1839 2073 1872 ι
2120 1820 2223 1887 Qui
2263 1822 2400 1885 sitit,
2437 1823 2504 1876 ad
2564 1838 2649 1876 me
2716 1823 2905 1875 veniat
2944 1836 3008 1875 ac
3060 1820 3317 1873 bibat”.
3363 1837 3380 1869 ›
3422 1817 3624 1880 Quam-

324 1907 744 1976 ἑρμηνεύεται)
776 1911 927 1977 ἄξιόν
954 1929 1076 1967 τινα
1105 1915 1315 1985 καρπον
1348 1917 1599 1984 ἐννοῆσαι
1629 1897 1935 1991 προσήκει,

2042 1914 2225 1967 obrem
2252 1914 2540 1968 consitioni
2577 1914 2777 1969 Edeuis
2819 1925 2961 1981 (qua!
2982 1927 3084 1965 vox
3117 1910 3340 1963 delicias
3372 1908 3620 1975 denotat)

326 1996 441 2050 καὶ
469 1998 775 2068 τρέφεσθαι
800 2000 889 2054 διὰ
914 2002 1108 2056 τούτου
1134 2005 1212 2076 μὴ
1232 2007 1593 2076 ἀμφιϐάλλειν
1620 2010 1708 2063 τὸν
1732 2011 1935 2082 άνθρω-

2045 2005 2386 2059 conveniens
2428 2004 2668 2081 quidam
2697 2004 2911 2058 fruetus
2955 2001 3455 2057 accommodandus
3500 2007 3619 2064 est,

323 2108 478 2159 πον,
517 2094 617 2147 καὶ
660 2097 734 2165 μὴ
780 2096 1000 2163 πάντως
1038 2100 1136 2170 τὴν
1176 2102 1474 2172 παροδικὴν
1514 2103 1609 2158 καὶ
1648 2105 1935 2176 ἐπίρρυτον

2044 2113 2155 2166 quo
2194 2098 2344 2166 pasci
2394 2096 2506 2167 99
2553 2096 2831 2151 hominem
2866 2112 2986 2150 non.
3007 2095 3323 2149 dubitemus
3355 2111 3368 2146 :
3409 2108 3621 2161 nequa-

322 2186 561 2251 ταύτην
605 2188 813 2258 τροφὴν
860 2188 954 2242 ἐπὶ
998 2190 1095 2259 τῆς
1148 2191 1242 2244 τοῦ
1290 2194 1619 2263 παραδείσου
1665 2195 1935 2265 διαγωγῆς

2043 2206 2210 2260 quam
2268 2205 2401 2246 vero
2453 2191 2806 2261 cogitandum
2868 2191 2923 2244 in
2973 2189 3210 2260 paradisi
3273 2188 3403 2241 vita-
3450 2187 3623 2240 fuisse

323 2276 578 2328 ἐννοεῖν.
614 2274 771 2329 Οὕτω
814 2278 913 2345 μὲν
951 2276 1043 2331 οὖν
1084 2280 1177 2333 καὶ
1216 2281 1244 2333 6
1284 2279 1557 2344 θειότατος
1598 2284 1935 2348 Ἀναστάσιος

2045 2283 2447 2338 nutrimentum
2501 2283 2722 2353 aliquod
2768 2285 3172 2344 transitorium,
3226 2280 3484 2349 quodque
3526 2294 3625 2349 per

323 2366 548 2435 νοεράν
596 2361 733 2421 εἶναι
776 2367 1022 2439 βούλεται
1065 2371 1164 2441 τὴν
1207 2370 1410 2443 βρῶσιν
1453 2374 1788 2447 ἐκείνην,,οὐ
1834 2377 1935 2448 μὴν

2044 2372 2193 2427 vices
2241 2373 2605 2442 ingereretur.
2660 2372 2865 2427 Eodem
2908 2373 3071 2427 modo
3115 2371 3337 2425 divinus
3369 2372 3448 2422 \ir
3476 2372 3626 2422 Ana.

320 2458 627 2532 αίσθητήν
650 2476 709 2512 τε
739 2460 833 2514 καὶ
865 2464 1156 2533 σαρκικήν.
1186 2464 1248 2517 Εἰ
1277 2466 1386 2536 γὰρ
1414 2468 1673 2537 τοιαύτην
1699 2470 1935 2539 ὲσήμανε

2044 2466 2249 2519 stasius
2280 2466 2465 2520 cibum
2509 2466 2660 2521 illum
2689 2467 2809 2521 vult
2861 2465 3238 2520 inti'llectilem
3295 2463 3483 2526 fuisse,
3513 2479 3622 2516 non

322 2550 561 2621 βρῶσιν
594 2552 662 2605 τὰ
697 2551 813 2606 θεῖα
850 2555 991 2625 ρητὰ
1014 2592 1028 2618 ,
1065 2556 1163 2610 καὶ
1201 2558 1485 2628 σαρκικῶς
1511 2561 1859 2631 ἀπέθνησκον
1892 2565 1935 2616 ol

2042 2559 2308 2614 sensilem
2362 2549 2527 2629 atque
2561 2560 2859 2614 carnalem.
2893 2557 3027 2626 Nam
3061 2559 3105 2612 si
3139 2558 3319 2613 cibum
3352 2553 3624 2624 ejusmodi

316 2642 562 2712 ταύτης
603 2645 1005 2711 ἀπογενόμενοι
1033 2661 1048 2677 ·
1097 2648 1300 2719 νοερῶς
1340 2650 1388 2702 δ’
1418 2646 1511 2705 οὗν
1556 2653 1935 2723 ἡμαρτηκότες

2042 2650 2267 2707 Litterae
2296 2666 2466 2705 sacrae
2495 2651 2891 2719 designarent,
2922 2650 3091 2711 etiam
3135 2648 3432 2703 carnaliter
3465 2646 3621 2717 primi

317 2732 427 2787 τὸν
466 2733 579 2802 τῆς
614 2734 795 2805 ψυχῆς
833 2736 1032 2793 αὐτίκα
1073 2738 1317 2809 δέχονται
1357 2739 1607 2797 θάνατον.
1643 2743 1800 2797 Οὕτω
1840 2745 1935 2814 μὲν

2044 2743 2296 2798 homines
2342 2742 3030 2811 illodegustatoxmortem
3068 2741 3354 2795 obiissent.
3390 2739 3457 2791 At
3492 2754 3625 2793 vero

319 2821 429 2881 οὖν
481 2824 588 2879 καὶ
629 2826 658 2879 6
699 2826 952 2897 θεολόγος
996 2829 1297 2903 Γρηγόριος
1334 2833 1395 2885 τὸ
1437 2835 1603 2902 φυτὸν
1640 2836 1838 2900 ἐκεῖνο,
1878 2837 1941 2889 τὸ

322 2918 511 2985 ξύλον
542 2918 787 2989 δηλονότι
816 2921 916 2990 τῆς
947 2923 1230 2990 γνώσεως,
1266 2923 1500 2993 θεωρίαν
1531 2920 1670 2978 εἷναι
1706 2925 1938 2997 ἔφησεν,

321 3011 606 3066 τουτέστι
635 3015 836 3081 γνῶσιν
864 3016 1199 3086 τελεωτέραν
1228 3018 1348 3070 τινὰ
1366 3056 1381 3081 ,
1413 3013 1477 3089 ἦς
1508 3019 1808 3073 ἐπιϐαίνειν
1839 3023 1935 3076 οὐκ

2045 3020 2335 3082 theologus
2366 3021 2617 3073 arborem
2648 3018 2822 3083 illam,
2841 3018 3085 3072 scientiae
3111 3010 3367 3071 videlicet
3395 3016 3622 3085 lignum,

320 3103 602 3171 ἀσφαλὲς
624 3108 737 3168 τοῖς
764 3122 825 3174 γε
851 3106 1175 3177 λιχνοτέροις
1200 3111 1297 3179 τὴν
1320 3108 1794 3182 ἔφεσιν..Πρόσεχε
1822 3111 1935 3167 οὖν.

2042 3112 2562 3179 contemplationem
2603 3110 2682 3164 ait
2732 3125 2893 3174 esse,
2933 3111 3033 3163 hoc
3094 3118 3179 3163 est
3232 3109 3622 3179 perfectiorem

324 3197 642 3252 Δέδεικται
676 3198 786 3268 γὰρ
820 3200 884 3252 ἐκ
919 3199 1130 3253 πολλῶν
1162 3201 1243 3254 ὅτι
1286 3200 1544 3271 βρώσεως
1583 3203 1848 3274 αἰσθητῆς
1881 3204 1935 3256 ὲν

2042 3203 2335 3273 quamdam
2379 3202 2772 3273 cognitionem,
2801 3203 2868 3254 ad
2911 3216 3075 3271 quam
3110 3201 3447 3255 contendere
3481 3200 3622 3253 velle

318 3290 407 3360 τῷ
446 3289 780 3362 παραδείσῳ
809 3292 909 3344 οὐκ
938 3287 1005 3361 ἦν
1033 3292 1215 3362 ἐνδεὴς
1245 3295 1272 3346 6
1301 3293 1473 3364 ’Δδάμ
1492 3311 1507 3328 ο
1535 3295 1803 3359 ἀθάνατος
1830 3297 1935 3369 γὰρ

2043 3312 2155 3352 non
2187 3304 2362 3350 tutum
2395 3304 2480 3351 est
2532 3296 2621 3361 iis,
2669 3310 2901 3366 quorum
2956 3293 3229 3363 cupiditas
3285 3301 3405 3362 plus
3463 3307 3621 3358 aequo

318 3384 445 3438 ὑπὸ
490 3381 633 3433 Θεοῦ
669 3383 971 3454 παραχθεὶς
1012 3386 1111 3437 οὐκ
1152 3380 1220 3455 ἦν
1255 3385 1466 3450 οὐδενὸς
1502 3387 1709 3459 ἐνδεής.
1744 3390 1855 3443 Καὶ
1884 3391 1935 3445 τί

2042 3398 2127 3445 ost
2204 3388 2388 3442 avida.
2458 3387 2632 3457 Igitur
2691 3385 3102 3441 animadvertas
3154 3399 3273 3439 esse
3330 3383 3620 3453 probatum

316 3476 445 3547 χρὴ
483 3473 662 3526 πολλὰ
688 3475 902 3542 λέγεινς
932 3480 980 3528 εί
1009 3477 1132 3530 καθ’
1154 3479 1453 3548 ὁμοιότητα
1473 3479 1584 3532 τῶν
1606 3481 1855 3548 ἀγγέλων
1881 3485 1935 3535 ἐν

2042 3480 2409 3552 complurium
2448 3479 2798 3544 auctoritate,
2827 3494 2935 3533 non
2977 3477 3194 3553 eguisse
3251 3476 3519 3530 Adamum
3566 3476 3621 3530 in

330 3570 406 3635 τῇ
453 3566 766 3621 ἀναστάσει
800 3563 1027 3638 ζήσεται
1060 3571 1086 3621 6
1115 3569 1399 3640 ἄνθρωπος
1431 3569 1451 3641 (
1470 3589 1489 3623 ι
1528 3572 1624 3625 καὶ
1657 3572 1872 3627 ἔσονται
1913 3593 1934 3626 ι

2042 3571 2300 3642 paradiso
2325 3572 2451 3626 cibo
2479 3572 2716 3640 quodam
2753 3570 2966 3626 sensili.
3003 3568 3217 3637 Quippe
3243 3582 3369 3621 cum
3397 3568 3624 3620 immer-

319 3658 450 3728 γάρ
502 3672 643 3725 φησι
687 3676 705 3709 ι
747 3658 954 3723 πάντες
990 3658 1065 3721 ὡς
1103 3660 1325 3728 ἄγγελοι
1363 3660 1499 3714 Θεοῦ
1543 3664 1634 3735 ι),
1677 3665 1709 3723 ἡ
1747 3666 1804 3719 δὲ
1836 3667 1935 3738 τῆς

2044 3664 2166 3719 talis
2205 3679 2237 3718 a
2274 3663 2387 3718 Deo
2419 3664 2675 3718 conditus
2722 3673 2890 3728 esset,
2942 3663 3021 3716 rei
3076 3662 3281 3715 nullius
3316 3658 3619 3728 indigebat.

316 3749 716 3813 ἀναστάσεως
756 3751 921 3819 χάρις
963 3748 1118 3804 οὐδὲν
1162 3752 1291 3806 ἄλλο
1331 3753 1479 3807 ἐστὶν
1522 3756 1664 3809 κατὰ
1708 3773 1773 3825 γε
1812 3761 1935 3825 τοὺς

2042 3756 2109 3812 Et
2135 3756 2264 3827 quid
2299 3759 2414 3812 lucc
2436 3772 2537 3827 ego
2568 3756 2833 3827 prolixius
2862 3753 3074 3808 tracto?
3106 3753 3162 3806 Si
3197 3753 3264 3806 ad
3300 3751 3619 3822 angelorum

318 3844 531 3905 θείους
566 3841 818 3913 Πατέρας
849 3843 881 3911 ἢ
917 3845 1054 3913 πρὸς
1084 3845 1143 3897 τὸ
1174 3846 1401 3914 ἀρχαῖον
1429 3847 1537 3899 τῶν
1569 3852 1935 3904 πεπτωκότων

2043 3850 2463 3906 similitudinem
2500 3849 2556 3903 in
2589 3847 2996 3901 resurrectione
3030 3847 3276 3901 victurus
3317 3856 3399 3897 est
3434 3845 3617 3903 homo,

316 3934 804 3997 ἀποκατάστασις
826 3974 840 3997 ,
872 3935 1095 4006 εὔδηλον
1130 3938 1342 4000 πάντως
1374 3940 1457 3991 ὅτι
1492 3941 1600 4008 πρὸ
1630 3943 1725 4011 τῆς
1758 3960 1935 4010 παρα-

2042 3938 2503 4010 quemadmodum
2540 3935 3166 4015 perscriptumlcgimus
3197 3953 3210 3987 :
3244 3952 3262 3984 ι
3300 3934 3475 3987 Erunt
3504 3948 3623 3985 om-

316 4026 568 4085 6άσεως
602 4025 887 4092 ίσάγγε).ον
916 4021 1026 4097 εἶχε
1054 4027 1154 4096 τὴν
1180 4028 1327 4098 ζωὴν
1353 4030 1381 4080 6
1408 4030 1599 4099 Ἀδὰμ,
1635 4035 1770 4104 μήτε
1798 4034 1935 4104 βρώ-

2042 4046 2139 4084 nes
2165 4039 2420 4099 tanquam
2464 4028 2637 4097 angeli
2698 4026 2793 4079 Dei
2825 4026 2915 4089 δν,
2948 4045 2966 4077 ι
3007 4034 3064 4079 et
3112 4040 3245 4079 vero
3290 4026 3333 4079 si
3370 4040 3620 4077 resurre-

316 4136 415 4170 σει
486 4117 634 4187 μήτε
682 4119 858 4182 πόσει,
905 4118 1157 4190 καθάπερ
1208 4122 1448 4191 εἴρηται,
1499 4123 1805 4196 χρώμενος,
1855 4129 1935 4182 ὅτι

2042 4123 2248 4177 ctionis.
2273 4120 2601 4176 beneﬁcium
2636 4120 2703 4174 de
2742 4118 3015 4175 sententia
3051 4119 3359 4173 divinorum
3397 4116 3617 4171 Patrum

319 4211 483 4282 μηδὲ
523 4208 678 4276 παρὰ
703 4212 814 4273 τοῖς
840 4211 1093 4278 ἀγγέλοις
1121 4213 1302 4275 αὐτοῖς
1326 4212 1565 4281 τοιοῦτόν
1589 4232 1641 4267 τι
1668 4218 1935 4288 τεθεώρη-

2042 4214 2179 4268 nihil
2220 4222 2303 4268 est
2358 4213 2507 4268 aliud
2573 4227 2738 4282 quam
2789 4212 3064 4282 lapsorum
3124 4212 3191 4265 ad
3251 4212 3617 4266 conditionem

311 4322 444 4358 ται.
480 4301 585 4371 Μὴ
612 4302 788 4355 τοίνυν
816 4303 874 4356 ὲν
901 4305 1217 4375 παραδείσῳ
1243 4305 1336 4359 τὸν
1360 4307 1645 4379 ἄνθρωπον
1670 4311 1935 4381 αἰσθητῆς

2042 4306 2326 4376 pristinam
2388 4305 2667 4360 restitutio
2695 4344 2709 4368 ,
2788 4305 3018 4375 intelligi
3056 4346 3059 4347 ν
3095 4306 3403 4373 perspicue.
3441 4313 3621 4373 potest

317 4394 719 4466 ἐμφορεῖσθαι
756 4397 943 4465 νόμιζε
980 4396 1272 4466 βρώσεως,
1306 4398 1389 4450 ὅτι
1428 4400 1563 4468 μηδὲ
1598 4402 1787 4470 χρείαν
1823 4401 1935 4473 εἷχε

2042 4401 2313 4455 Adamuin
2382 4408 2510 4452 ante
2584 4398 3070 4467 transgressionuu
3126 4397 3289 4449 vitam
3362 4395 3622 4464 angi-lica;

315 4489 559 4558 ταύτης
590 4489 769 4540 ἐκεῖσε
797 4488 882 4540 διά
908 4504 972 4556 γε
996 4490 1096 4558 τὴν
1120 4490 1268 4561 αὐτῷ
1293 4492 1595 4561 τηνικαῦτα
1624 4497 1935 4565 προσοῦσαν

2043 4510 2227 4564 parem
2259 4493 2457 4563 egisse,
2499 4507 2598 4545 nee
2654 4490 2778 4544 cibo
2836 4505 2939 4543 nec
2999 4499 3151 4557 potu,
3198 4503 3317 4541 ceu.
3359 4488 3618 4546 diximus,

314 4568 649 4639 ἀπάθειαν.
690 4581 828 4635 Ἀλλ’
853 4584 946 4635 ἐπὶ
981 4583 1193 4646 τούτοις
1233 4585 1598 4653 ἀμφιϐάλλειν
1633 4590 1735 4647 οὐκ
1773 4591 1935 4657 ἔπρε-

2048 4602 2226 4649 usuui,
2270 4587 2491 4652 quando
2521 4582 2649 4649 quid
2675 4582 2937 4649 ejusmodi
2970 4595 3073 4633 nec
3097 4579 3150 4632 in
3178 4579 3384 4649 angelis
3437 4580 3618 4632 locum
3700 4600 3703 4601 ν

314 4695 462 4731 επεν.
503 4673 730 4744 Ἐπειδὴ
758 4675 867 4743 γὰρ
891 4674 958 4728 τὰ
984 4675 1193 4743 φυσικὰ
1216 4676 1391 4728 ταῦτα
1418 4677 1585 4749 πάθη,
1614 4681 1773 4734 πεῖνα
1798 4682 1935 4751 λέγω

2042 4679 2227 4735 habet.
2283 4676 2631 4743 Quapropter
2688 4673 3003 4729 existimare
3066 4670 3176 4724 noli
3236 4671 3508 4726 hominem
3564 4670 3625 4723 in

316 4768 429 4823 καὶ
458 4766 606 4835 δίψα
632 4767 797 4829 κόπος
820 4765 986 4828 ὕπνος
1009 4766 1171 4837 ὀδύνη
1198 4768 1340 4831 λύπη
1365 4768 1547 4821 καὶτὰ
1571 4769 1735 4824 λοιπὰ
1753 4812 1769 4836 ,
1801 4774 1935 4842 μετὰ

2042 4770 2292 4842 paradiso
2345 4769 2528 4824 sensili
2580 4766 2917 4819 nutrimento
2961 4780 3019 4818 se
3075 4764 3325 4826 satiasse,
3366 4762 3619 4831 quando-

314 4861 433 4931 τὴν
474 4856 801 4924 παράϐασιν
831 4858 908 4919 εἰς
938 4857 1029 4910 τὸν
1055 4858 1400 4928 ἀνθρώπινον
1432 4860 1548 4931 βίον
1579 4862 1935 4934 εἰσήλθοσαν,

2042 4863 2256 4933 quidem
2289 4862 2412 4917 istic
2438 4877 2503 4914 eo
2537 4875 2644 4914 non
2680 4858 2958 4929 indigebat
2984 4865 3274 4928 propterea
3321 4858 3464 4924 quod
3497 4872 3619 4909 om-

317 4952 408 5014 ὡς
441 4951 475 5002 6
508 4947 673 5013 λόγος
703 4947 803 5015 ἤδη
837 4947 1052 5015 φθάσας
1084 4949 1405 5019 ἐγνώρισεν,
1436 4950 1686 5019 φαίνεται
1718 4955 1935 5019 πάντως

2042 4956 2125 5009 uis
2168 4965 2282 5007 tuin
2323 4952 2635 5007 all'ectionis
2664 4960 2809 5004 esset
2838 4965 3060 5020 expers.
3100 4949 3392 5003 Enimvero
3437 4947 3619 5001 netnia

315 5046 415 5097 ὅτι
456 5038 576 5110 πρὸ
604 5038 703 5108 τῆς
734 5040 1007 5110 ἁμαρτίας
1036 5040 1064 5091 6
1093 5040 1378 5111 ἄνθρωπος
1408 5045 1507 5096 οὐκ
1534 5038 1646 5113 εἶχε
1677 5045 1735 5097 τὸ
1763 5063 1933 5099 κατα-

2042 5062 2161 5102 nem
2190 5047 2290 5099 hac
2317 5046 2369 5098 in
2404 5054 2559 5113 parte
2592 5043 2871 5111 ambigere
2899 5043 3285 5097 conveniebat.
3322 5038 3455 5093 Nam
3493 5056 3617 5092 cum

320 5132 633 5201 ναγκάζον
661 5130 821 5183 αὑτὸν
846 5131 1108 5200 αἰσθητῆς
1139 5132 1407 5187 ἅπτεσθαι
1438 5134 1713 5204 βρώσεως.
1742 5139 1852 5191 Καὶ
1879 5137 1931 5189 τί

316 5227 449 5297 χρὴ
486 5220 667 5276 πολλὰ
698 5221 914 5287 λέγειν;
948 5223 1002 5275 εἴ
1028 5240 1092 5290 γε
1121 5225 1329 5293 τροφῆς
1357 5220 1426 5297 ἧν
1453 5226 1640 5295 ἐνδεὴς
1668 5231 1694 5279 ὁ
1723 5228 1932 5297 ἄνθρω-

318 5333 438 5379 πος
478 5312 580 5367 ἀπ’
606 5311 813 5383 ἀρχῆς,
844 5311 919 5375 ὥς
946 5330 1088 5377 τινες
1122 5314 1486 5385 ὑπειλήφασι,
1517 5320 1609 5371 καὶ
1638 5320 1838 5371 πεινῶν
1870 5320 1933 5374 ἂν

315 5409 388 5476 ἐξ
446 5405 708 5475 ἀνάγκης
752 5400 820 5476 ἦν
866 5405 956 5459 καὶ
1006 5404 1177 5474 ῥιγῶν
1221 5410 1315 5461 καὶ
1359 5407 1722 5481 κοιμώμενος.
1771 5413 1834 5464 Εἰ
1879 5414 1937 5465 δὲ

316 5498 599 5559 τοιοῦτος
635 5497 841 5563 ἐκεῖνος
875 5492 979 5567 ἦν,
1014 5498 1235 5571 εὔδηλον
1272 5502 1491 5564 πάντως
1525 5503 1607 5556 ὅτι
1644 5503 1836 5573 θνητὸς
1870 5500 1939 5573 ἦν

314 5594 435 5649 ἀπ’
472 5589 661 5660 ἀρχῆς
708 5590 809 5663 και
853 5591 1094 5659 φθαρτὸς
1124 5609 1139 5624 ο
1194 5593 1454 5646 ἀδύνατον
1506 5594 1616 5665 γὰρ
1663 5597 1938 5666 ἄφθαρτον

312 5683 634 5753 διαμένειν
653 5721 669 5745 ,
696 5683 773 5746 ὡς
801 5685 829 5736 ὁ
856 5685 1217 5752 Δαμασκηνὸς
1252 5685 1502 5756 Ἰωάννης
1532 5686 1666 5756 φησὶ
1690 5727 1705 5751 ,
1734 5687 1825 5740 τὸν
1857 5691 1940 5741 αξ-

340 1015 474 1064 γειν
505 1001 534 1053 6
575 1000 809 1070 θεόπτης
848 1001 1086 1069 Μωσῆς,
1119 1002 1232 1056 ἀλλ’
1260 1003 1405 1071 ἐγὼ,
1438 1004 1572 1072 φησὶ
1592 1046 1605 1069 ,
1637 1004 1734 1073 τῆς
1776 1005 1935 1071 άγίας

338 1091 572 1145 ἁκούων
598 1092 820 1163 Γραφῆς
846 1095 906 1147 οὐ
938 1094 1099 1165 μόνον
1126 1096 1441 1166 σωματικὴν
1466 1096 1766 1165 ἐπίσταμαι
1797 1095 1938 1167 βρῶ-

335 1196 457 1243 σιν,
489 1180 630 1233 ἀλλά
653 1199 771 1235 τινα
801 1183 895 1235 καὶ
923 1184 1119 1253 ἑτέραν
1142 1180 1260 1237 οῖδα
1287 1185 1514 1255 τροφὴν,
1542 1181 1608 1255 ἧς
1630 1187 1671 1255 ἡ
1701 1187 1937 1239 ἀπόλαυ-

336 1287 431 1331 σις
475 1273 569 1324 ἐπὶ
606 1273 778 1344 μόνην
807 1275 903 1345 τὴν
932 1275 1111 1345 ψυχὴν
1141 1274 1428 1331 διαϐαίνει.
1460 1278 1663 1346 Φάγετε
1702 1282 1794 1334 καὶ
1827 1279 1936 1349 γὰρ
1970 1290 1973 1293 ·

329 1360 433 1413 τὸν
474 1361 608 1430 ἐμὸν
642 1362 840 1433 ἄρτον,
875 1367 908 1435 ἠ
949 1366 1109 1434 σοφία
1142 1369 1254 1431 τοῖς
1294 1368 1522 1421 πεινῶσι
1562 1370 1937 1438 παρακελεύε-

329 1466 435 1503 ται
462 1493 479 1515 ,
512 1453 607 1505 καὶ
642 1454 792 1507 πίετε
827 1452 969 1509 οἶνον
998 1457 1057 1508 ὃν
1089 1460 1368 1529 κεκέρακα
1402 1459 1551 1529 ὑμῖν.
1591 1460 1753 1513 ’Λλὶὰ
1784 1462 1879 1515 καὶ⁸
1910 1465 1938 1515 6

326 1541 559 1612 Κύριος
586 1544 683 1614 τὴν
713 1546 1066 1616 Σαμαρειτῶν
1094 1550 1452 1619 ὑπεμφαίνων
1479 1552 1753 1621 σωτηρίαν
1782 1553 1935 1621 ἔλεγε

333 1651 356 1685 ι
401 1634 633 1705 Βρῶσιν
659 1634 767 1702 ἔχω
798 1641 993 1707 φαγεῖν
1020 1639 1084 1709 ῆν
1114 1641 1269 1709 ὑμεῖς
1300 1642 1400 1695 οὐκ
1427 1644 1627 1705 οῖδατε,
1664 1663 1682 1694 ι
1721 1644 1817 1699 καὶ
1844 1643 1940 1697 ἀλ-

2043 2837 2492 2891 mentisratione
2521 2851 2643 2890 cum
2673 2835 3022 2905 deliquerint,
3041 2833 3391 2888 ideircmnox
3427 2834 3624 2885 animae

2010 2937 2276 2996 idoneis
2312 2938 2601 2997 oppetunt.
2640 2926 2845 2981 Eodem
2896 2926 3059 2979 modo
3112 2924 3406 3005 Gregorius
3458 2924 3621 2977 etiam

2037 5138 2358 5193 aﬂectiones
2406 5137 2511 5190 illa:
2562 5135 2866 5199 naturales,
2897 5136 3090 5199 fames,
3126 5135 3369 5203 inquam,
3405 5148 3461 5188 et
3494 5132 3617 5185 sitis

2037 5240 2091 5283 et
2121 5229 2366 5298 fatigatio
2392 5237 2450 5282 et
2485 5243 2709 5281 somnus
2748 5238 2811 5281 et
2835 5228 2997 5282 dolor
3028 5235 3081 5279 et
3109 5241 3337 5286 inieror,
3375 5235 3431 5277 et
3461 5234 3617 5277 caate-

2036 5336 2132 5384 raa,
2183 5330 2307 5390 post
2351 5322 2812 5390 trangressionem
2851 5319 3085 5387 primum
3123 5319 3285 5370 vitam
3321 5316 3612 5367 humanam

2039 5413 2360 5473 invaserint,
2401 5424 2462 5467 ut
2510 5412 2779 5481 superiori
2823 5412 3075 5466 oratione
3116 5410 3425 5465 docuimus,
3464 5412 3614 5473 patet

2038 5507 2264 5559 omnino
2295 5517 2422 5560 ante
2470 5517 2757 5576 peceatum
2812 5504 3089 5557 hominem
3121 5515 3301 5555 causa:
3328 5497 3461 5549 nihil
3510 5497 3610 5550 ba-

2042 5597 2246 5659 buisse,
2283 5615 2404 5665 quae
2438 5600 2614 5667 ipsum
2651 5599 2717 5651 ad
2749 5596 3077 5650 sumendum
3127 5591 3382 5646 sensilem
3420 5604 3649 5657 quon».

2040 5690 2163 5744 dam
2196 5692 2375 5746 cibum
2418 5702 2653 5760 cogeret.
2699 5690 2837 5756 Quid
2873 5689 3080 5759 prolixa
3114 5684 3444 5740 iudicatione
3471 5698 3615 5756 opus

404 5860 459 5891 ⁸¹
504 5858 664 5913 Prov.
699 5877 772 5927 tx,
807 5862 861 5915 5.
939 5861 983 5891 ³³
1015 5860 1175 5921 Joan.
1212 5878 1287 5927 tv,
1314 5864 1401 5918 32.
1480 5864 1524 5895 “
1557 5863 1715 5919 JOan.
1746 5881 1839 5931 vn,
1877 5866 1935 5919 δ’]

2042 5870 2104 5902 ⁸³⁵
2138 5870 2327 5926 Matth.
2363 5885 2496 5933 uti,
2536 5871 2623 5925 50.
