3862 6228
267 392 363 454 Ξθῆ

1515 401 1931 470 ANNALIUM
1976 410 2174 472 PARS
2206 413 2254 476 Ι.

3387 423 3496 494 206

268 502 514 574 μεγίστην
562 501 706 572 αὖτῷ
762 502 1056 575 ἐγχειρίζει
1112 507 1304 579 ἀρχήν.
1363 510 1473 564 Καὶ
1518 514 1578 576 ὃς
1620 516 1816 571 αὐτίκα

1929 519 2002 577 eis
2031 537 2142 579 non
2177 524 2459 595 prodesset
2512 528 2667 588 Licet
2709 531 2761 588 id
2794 534 2959 591 etiam
3006 537 3060 593 in
3095 539 3300 594 nostris
3333 523 3496 599 rebus

263 590 390 664 πρὸς
419 594 476 647 τὺ
507 590 636 663 ὕψος
667 591 871 649 ἀπιδὼν
923 599 1022 667 τῆς
1063 599 1258 670 ἀρχῆς,
1291 604 1384 656 καὶ
1413 603 1486 674 μὴ
1518 604 1815 675 δυνάμενος

262 683 512 753 ἑνεγκετν,
551 687 834 758 ἐπαίρεται
881 691 1005 744 καθ’
1061 690 1272 758 ἑαυτὸν,
1321 695 1498 767 ἡσυχῇ
1545 699 1817 768 καθῆσθαι

260 779 352 831 οὐκ
380 773 647 848 ἀνέχεται,
677 782 1009 848 φαντάζεται
1041 785 1108 838 τὰ
1145 784 1284 857 ὑπὲρ
1315 787 1502 854 αὐτὸν,
1536 793 1816 859 τυραννίδι

262 868 507 937 κέχρηται
537 868 632 920 καὶ
676 871 753 932 είς
791 871 1128 927 ἀποστασίαν
1162 879 1352 945 χωρεῖ.
1384 876 1448 929 Τί
1481 878 1540 930 τὸ
1570 879 1661 931 ἐπὶ
1692 879 1816 932 τού-

261 974 394 1024 τοις;
451 957 710 1028 Ἀχθεται
768 962 796 1013 ὁ
858 962 1107 1032 βασιλεὺς
1180 967 1241 1018 οὐ
1316 972 1524 1038 μικρῶς
1591 969 1681 1022 ἐπὶ
1740 972 1815 1041 τῷ

1921 615 2268 684 conspicere.
2305 633 2374 673 ac
2405 619 2677 690 siquidem
2708 625 2919 694 libebit,
2942 629 3185 685 animum
3217 636 3489 704 exemplo,

1919 707 2067 774 quod
2089 707 2474 779 indicabimus,
2495 715 2788 774 advortito.
2812 719 2920 776 Fac
2941 736 3064 778 esse
3086 739 3266 794 regem
3298 742 3495 796 quem-

1919 796 2066 862 dam,
2100 799 2191 868 qui
2223 801 2460 869 aliquem
2499 819 2531 861 ο
2559 807 2795 863 subditis
2827 810 3192 868 beneﬁcentia
3223 816 3490 886 singulari

1918 887 2276 946 cohonestare
2308 893 2496 950 volens
2521 897 2672 982 ιοι
2705 901 3080 971 magistratum
3108 907 3156 960 ei
3190 909 3488 964 maximum

1918 977 2117 1033 tradat.
2151 979 2242 1036 ille
2295 998 2417 1038 mox
2464 977 2532 1040 ad
2580 989 2914 1058 [arefactum
2941 1009 3054 1048 suae
3099 997 3489 1054 sublimitatem

262 1052 551 1119 πράγματι,
591 1052 951 1124 δυσχεραίνει.
1009 1057 1076 1110 Τί
1132 1056 1323 1122 τοῦτο;
1377 1061 1541 1126 Λέγει
1569 1078 1584 1093 ο
1627 1063 1745 1125 πῶς
1790 1065 1818 1116 ὁ

1929 1069 2287 1139 respiciendo,
2320 1092 2445 1131 cum
2494 1078 2615 1148 ejus
2662 1084 2861 1139 molem
2915 1087 3188 1142 sustinere
3232 1099 3490 1157 nequeat,

260 1141 540 1209 ἀχάριστος
579 1143 678 1208 τὴν
721 1144 1059 1199 ἐπελθοῦσαν
1103 1147 1248 1214 αὐτῷ
1294 1148 1452 1214 δόξαν
1489 1147 1567 1212 είς
1594 1150 1812 1216 ἀδοξίαν

263 1231 616 1299 μετέστρεψε;
649 1233 754 1284 Καὶ
799 1233 943 1286 θέλει
986 1236 1082 1303 μὲν
1117 1238 1190 1308 μὴ
1231 1239 1478 1292 καθελεῖν
1509 1242 1597 1293 τὸν
1639 1243 1819 1308 ἀγνώ-

262 1342 405 1392 μονα,
429 1328 837 1396 καταφρονῆσαι
884 1327 939 1379 δὲ
975 1309 1124 1395 ὅμως
1169 1329 1267 1395 τῆς
1294 1333 1602 1399 τυραννίδος
1634 1336 1691 1385 οὐ
1726 1335 1817 1388 δύο

261 1433 422 1470 ναται.
451 1411 742 1487 Χειροῦται
788 1419 879 1470 τὸν
919 1419 1231 1491 ἀποστάτην
1272 1421 1477 1487 λοιπὸν,
1514 1425 1614 1492 τῆς
1661 1427 1816 1490 ἀξίας

260 1509 552 1577 ἀπογυμνοί
583 1509 676 1562 καὶ
711 1510 982 1579 δριμείαις
1031 1511 1324 1567 ὑποϐάλλει
1347 1519 1604 1585 ποιναῖς,
1643 1519 1814 1570 ἐνίοτε

261 1599 310 1652 δὲ
336 1601 422 1651 καὶ
448 1599 548 1667 τῆς
577 1601 857 1670 παρούσης
898 1603 1164 1671 ὑπεξάγει
1210 1602 1375 1674 ζωῆς.
1407 1607 1678 1678 Συνέιρερε
1707 1603 1817 1661 λοι-

263 1692 350 1742 πὸν
380 1692 523 1761 αὒτῷ
556 1695 632 1763 μὴ
659 1694 914 1758 δέξασθαι
941 1697 1090 1766 παρὰ
1118 1695 1382 1766 βασιλέως
1417 1697 1610 1770 ἀρχὴν,
1656 1701 1815 1771 εἶπε-ρ

259 1785 500 1847 ἀπονοίας
549 1786 714 1839 αὑτοῦ
770 1788 993 1841 τοιαῦτα
1025 1789 1234 1862 ,παθεῖν
1282 1790 1645 1847 ἐκινδύνευσε.
1679 1794 1817 1865 Πρό-

1917 1163 2062 1228 apud
2104 1167 2456 1236 semetipsum
2485 1171 2670 1228 animo
2709 1174 2915 1242 eﬂ'erri,
2949 1179 3133 1247 quiete
3172 1183 3353 1237 vivere
3383 1200 3494 1238 non

1918 1267 2120 1323 posse,
2160 1258 2368 1327 majora
2418 1276 2478 1316 se
2520 1266 2855 1334 cogitatione
2902 1271 3215 1340 concipere,
3251 1276 3495 1342 tyranni-

1917 1345 2040 1400 dem
2072 1350 2387 1417 "usurpare,
2431 1353 2500 1408 ad
2547 1355 2908 1414 deiectionem
2942 1365 3214 1432 progredi.
3244 1366 3382 1430 Quid
3409 1382 3497 1421 se-

1857 1507 1860 1509 _
1918 1435 2157 1490 eundum
2199 1440 2346 1494 haec?
2387 1457 2482 1496 rex
2519 1443 2815 1516 indignari,
2851 1465 2965 1504 rem
3002 1469 3112 1506 non
3147 1469 3336 1525 parum
3377 1472 3496 1510 mo-

1918 1524 2058 1582 leste
2089 1527 2258 1592 ferre,
2295 1547 2482 1586 secum
2527 1535 2646 1604 ipse
2692 1542 2922 1595 dicere:
2958 1543 3088 1610 quid
3147 1524 3295 1600 hoc?
3347 1548 3496 1602 itane

1919 1615 2085 1670 homo
2129 1619 2374 1686 ingratus
2405 1623 2658 1692 gloriam,
2691 1619 2856 1695 quam
2913 1646 2944 1684 a
2978 1633 3132 1688 nobis
3183 1646 3269 1690 est
3295 1652 3496 1692 conse-

1875 1739 1890 1753 .
1919 1719 2099 1771 cutus,
2132 1726 2255 1763 cum
2289 1712 2513 1769 infamia
2536 1722 2939 1774 commutavit?
2987 1722 3162 1779 Simul
3197 1742 3264 1781 eo
3290 1729 3490 1797 praedi-

1921 1807 2009 1851 tus
2044 1811 2128 1854 est
2178 1802 2364 1858 animo
2417 1815 2473 1860 ut
2539 1809 2912 1866 immemorem
2955 1812 3207 1870 beneﬁcii
3263 1820 3497 1886 perdere

263 1889 373 1944 σεχε
420 1876 537 1939 οὖν,
564 1879 834 1947 ἀγαπητὲ,
872 1881 964 1932 καὶ
1014 1879 1089 1950 μὴ
1145 1882 1493 1953 συναρπάζνιυ
1534 1889 1643 1948 τοῖς
1694 1886 1815 1938 ἐπι·

1929 1892 2090 1956 nolit;
2121 1909 2300 1962 neque
2329 1907 2506 1951 tamen
2542 1904 2952 1971 usurpationem
2981 1909 3292 1977 tyrannidis
3325 1913 3498 1965 ninni-

258 1964 485 2034 χειροῦσι
557 1970 658 2030 τὰς
729 1968 880 2031 θείας
949 1973 1260 2039 οἰκονομίας
1316 1973 1816 2040 πολυπραγμονεῖν.

261 2055 326 2107 οὗ
349 2055 506 2127 γὰρὴ
540 2058 830 2130 εὐεργεσία
861 2061 953 2114 τοῦ
984 2063 1121 2116 Θεοῦ
1153 2063 1409 2133 πρόξενος
1437 2064 1568 2134 ἡμῖν
1605 2065 1813 2133 γίνεται

260 2147 358 2198 τείν
398 2148 606 2214 δεινῶν,
639 2152 755 2204 ἀλλ’
804 2154 835 2220 ἠ
889 2155 1132 2224 ῥᾳθυμία
1162 2136 1409 2219 ’πάντως
1457 2155 1614 2227 ἡμῶν
1655 2159 1748 2211 καὶ
1778 2161 1812 2230 ἡ

260 2239 389 2290 κατὰ
412 2243 638 2312 γνώμην
670 2244 760 2295 ἐπὶ
789 2243 858 2296 τὸι
878 2248 1060 2316 χεῖρον
1090 2247 1256 2316 ὁρμή.

1923 1997 1995 2036 no
2027 1986 2300 2054 negligere
2334 1990 2525 2057 possit.
2565 1991 2906 2063 Quapropter
2945 1998 3283 2054 desertorem
3340 2017 3492 2055 suam

1923 2071 1981 2127 in
2042 2087 2372 2144 potestatem
2432 2083 2648 2153 redigit,
2716 2087 2985 2156 dignitate
3033 2091 3278 2160 spoliat,
3318 2096 3497 2162 ραιιιὶει

1920 2168 2179 2234 gravibus
2213 2172 2454 2242 subjicit,
2483 2191 2878 2248 nonnunquam
2911 2192 2968 2237 et
3000 2185 3162 2238 vitam
3200 2185 3250 2240 ei
3281 2187 3492 2240 adimit.

1916 2255 2196 2328 Ejusmodi
2255 2263 2464 2318 homini
2507 2269 2761 2336 expediat
2822 2273 3202 2343 magistratum
3247 2277 3430 2344 potius
3463 2294 3490 2330 a

262 2349 374 2405 rege
418 2353 525 2392 non
570 2342 874 2411 accepisse,
947 2359 1110 2412 quam
1166 2343 1382 2399 insania
1447 2348 1667 2418 propria
1698 2347 1902 2407 talibus
1940 2369 2001 2410 se
2048 2357 2206 2411 malis
2244 2345 2298 2414 ei
2344 2361 2607 2430 periculis
2649 2380 2949 2436 exponere.
2977 2369 3085 2424 Fac
3119 2369 3286 2439 igitur
3317 2371 3496 2424 consl-

260 2428 433 2492 derate
483 2448 639 2501 agas,
691 2435 892 2489 dilecte
935 2436 1046 2500 ﬁli,
1094 2453 1196 2493 nec
1229 2438 1407 2509 abripi
1458 2449 1510 2494 te
1560 2457 1684 2497 cum
1711 2444 1820 2500 illis
1857 2456 2047 2516 patere
2093 2451 2189 2520 qui
2255 2428 2483 2509 consilia
2533 2428 2969 2516 divina-curiose
3032 2428 3366 2533 perscrutari
3401 2453 3494 2518 εὖ-

261 2532 462 2575 lxantur.
499 2523 639 2580 Nam
703 2527 796 2582 llci
865 2531 1224 2584 beneﬁcentia
1285 2548 1626 2603 nequaquam
1673 2538 1814 2593 mala
1864 2542 2024 2599 nobis
2069 2545 2346 2612 conciliat,
2385 2548 2481 2603 sed
2546 2550 2771 2607 omnino
2813 2523 3063 2610 secordia
3102 2565 3290 2612 nostra
3322 2572 3498 2626 spon-

263 2623 509 2684 taneaque
548 2619 616 2673 ad
663 2621 852 2676 vitium
901 2623 1205 2681 inclinatio.

333 2735 465 2789 Ἀλλ’
495 2738 621 2791 οὐδὲ
655 2737 898 2792 κωλῦσαι
932 2742 1023 2797 τὸν
1051 2743 1340 2816 ἄνθρωπον
1369 2750 1635 2821 ἔπρεπεν,
1658 2755 1823 2823 ἡνίκα

261 2825 314 2877 τὸ
367 2828 527 2896 φυτὸν
580 2830 859 2900 ἐπεχείρει
924 2838 1140 2902 φαγεῖν.
1186 2837 1311 2901 Πῶς
1357 2841 1488 2909 γὰρ,
1540 2846 1699 2915 εἴπερ
1727 2848 1826 2900 αὐ-

262 2916 512 2986 τεξούσιος
547 2920 654 2996 ἧνς
694 2924 752 2976 Et
817 2926 917 2993 γὰρ
964 2929 1316 2983 ἀναστέλλειν
1357 2934 1551 3003 ἔμελλε
1599 2937 1690 2988 τὸν
1734 2937 1826 2990 ἄν·

264 3011 462 3078 θρωπον
515 3019 542 3070 ό
599 3016 758 3078 Θεὸς.
789 3019 952 3087 ἡνίκα
1012 3019 1201 3076 τοῦτον
1261 3023 1408 3093 ἑώρα
1460 3030 1558 3096 τῆς
1608 3028 1826 3090 εὐθείας

1992 2751 2105 2806 Nec
2130 2754 2495 2810 conveniebat
2524 2755 2692 2811 Deum
2738 2760 3015 2812 hominem
3048 2759 3333 2830 impedire,
3367 2777 3492 2818 cum

1922 2846 2070 2901 vesci
2104 2847 2174 2900 de
2212 2848 2409 2902 arbore
2439 2850 2769 2905 conabatur.
2811 2851 2926 2904 Cur
2963 2853 3108 2905 enim
3167 2853 3219 2906 id
3267 2854 3494 2916 faveret,

1922 2937 2016 3006 qui
2068 2938 2344 2993 hominem
2391 2940 2646 2995 libertate
2687 2943 2981 2997 voluntatis
3021 2937 3497 3013 praeditum'cren.

1923 3029 2113 3084 verat?
2142 3031 2344 3101 quippe
2395 3033 2441 3086 si
2491 3035 2770 3087 retrahere
2817 3035 3139 3090 decreverat
3191 3039 3492 3100 hominem.

265 3100 370 3154 ὁδοῦ
417 3104 602 3174 πόρρω
662 3107 982 3196 φερόμενον,
1034 3108 1137 3162 ποῦ
1186 3111 1373 3165 λοιπὸν
1434 3116 1720 3185 ὲθεωρεῖτο
1765 3116 1823 3170 τὸ

1929 3123 2333 3189 quamprimum
2379 3133 2632 3178 cerneret
2665 3139 2791 3179 eum
2832 3122 2900 3180 de
2940 3127 3024 3181 via
3063 3141 3209 3182 recta
3242 3129 3498 3185 deﬂecte-

265 3198 446 3260 προσλν
475 3197 626 3262 αύτῷ
659 3197 914 3266 λογικόνς
959 3200 1068 3254 Ποῦ
1108 3202 1165 3255 δὲ
1193 3203 1255 3254 τὸ
1299 3205 1664 3272 αὐτεξούσιον,
1687 3209 1741 3262 εἴ
1760 3225 1823 3275 γε

1929 3226 2010 3276 re,
2039 3227 2275 3281 quanam
2324 3227 2384 3268 re
2427 3214 2506 3269 vis
2555 3215 2782 3271 rationis
2824 3216 3009 3272 indita:
3051 3219 3259 3272 homini
3307 3222 3496 3275 decla-

264 3286 349 3354 τῆς
386 3286 577 3354 ἀλόγου
607 3289 833 3366 φύσεώς
863 3293 982 3345 ἐστι
1017 3295 1075 3347 τὸ
1118 3296 1436 3367 ἀϐουλήτως
1463 3293 1562 3362 ὦδε
1599 3302 1824 3355 κάκεῖσε

266 3383 610 3450 περιάγεσθαι
654 3402 714 3437 τε
746 3388 841 3440 καὶ
877 3392 1318 3461 μεταφέρεσθαις
1360 3393 1533 3466 Εἴπερ
1555 3396 1826 3450 ἐκωλύετο

268 3473 333 3540 μὴ
364 3474 702 3544 ἁμαρτάνειν
735 3478 762 3529 ὁ
796 3479 1103 3550 ἄνθρωπος,
1150 3485 1251 3539 ποῦ
1297 3487 1484 3540 λοιπὸν
1536 3490 1569 3558 ἡ
1618 3491 1823 3560 ἀρετῆς

268 3565 362 3616 Ποῦ
385 3568 442 3618 δὲ·
463 3569 558 3621 καὶ
583 3570 637 3622 οἱ
670 3571 761 3624 διὰ
793 3573 998 3643 ταύτην
1038 3575 1305 3647 διδόμενοι
1336 3581 1629 3647 στέφανοις
1671 3583 1826 3635 Κατὰ

269 3658 315 3708 τί
353 3659 407 3711 δὲ
453 3660 546 3712 καὶ
595 3664 629 3731 ἡ
679 3662 926 3731 βασιλεία
970 3667 1078 3720 τῶν
1111 3669 1358 3741 οὐρανῶν
1405 3672 1642 3727 ἔπαθλον
1676 3675 1825 3742 αὐτῷ

270 3750 574 3816 πρόκειται,
627 3755 742 3821 εῐγε
799 3756 875 3827 μὴ
941 3760 1141 3832 σπουδῇ
1201 3763 1298 3816 καὶ
1347 3763 1439 3834 βίᾳ
1499 3766 1592 3819 καὶ
1643 3767 1821 3839 ἀγαθῇ

270 3844 573 3911 προαιρέσει
621 3844 718 3898 τοῦ
763 3847 971 3914 ἀγαθοῦ
1021 3851 1230 3918 γένοιτο
1269 3854 1542 3930 μέτοχοςς
1573 3857 1690 3910 Οὐκ
1718 3858 1824 3911 ἔδει

269 3933 480 3989 κωλύειν
524 3937 714 4002 αὐτὸν,
745 3940 831 3992 ἵνα
880 3941 958 4011 μὴ
993 3945 1109 4005 τοϊς
1140 3945 1356 4013 ἀλόγοις
1393 3950 1424 4002 ὁ
1456 3949 1670 4017 λογικὸς
1696 3951 1823 4003 ἐνα-

271 4024 466 4094 ρίθμιος
514 4033 764 4100 γένηται,
795 4031 894 4085 ἅτε
940 4033 1004 4103 δὴ
1046 4035 1122 4106 μὴ
1153 4037 1493 4106 κεκτημένος
1531 4041 1630 4109 τὴν
1664 4041 1824 4111 χάριν

270 4117 356 4183 τῆς
384 4119 883 4192 αὐτεξουσιᾴτητος.
919 4126 1081 4178 Κατὰ
1115 4127 1274 4180 τοῦτο
1321 4131 1414 4182 καὶ
1443 4131 1472 4182 ὁ
1507 4133 1682 4200 μέγας
1719 4133 1826 4199 Ba-

273 4209 450 4273 σίλειος
497 4213 642 4266 οὕτω
697 4217 886 4284 φησίν
918 4235 936 4268 t
982 4217 1039 4271 Ὀ
1079 4217 1271 4285 λέγων,
1311 4220 1396 4274 ἵνα
1423 4222 1475 4273 τί
1513 4221 1590 4292 μὴ
1626 4239 1824 4276 κατεσ-

269 4304 482 4359 κεύασεν
527 4309 953 4379 ἀναμαρτήτους
1000 4310 1148 4380 ἡμᾶς
1180 4312 1210 4362 ὁ
1255 4313 1410 4376 Θεὸς,
1445 4315 1596 4368 οὐδὲν
1636 4315 1826 4387 ἕτερον

268 4389 297 4459 ἢ
343 4393 434 4464 τὴν
474 4395 668 4464 ἄλογον
709 4396 872 4464 φύσιν
914 4396 1014 4466 τῆς
1058 4399 1279 4469 λογικῆς
1333 4406 1577 4474 προτιμᾷ
1609 4407 1702 4458 καὶ
1727 4406 1826 4478 τὴν

1925 3319 2048 3358 rare
2092 3319 2151 3357 se
2182 3306 2499 3374 potuisset?
2551 3308 2667 3373 Qua
2711 3307 2839 3361 item
2875 3309 3046 3363 libera
3090 3311 3387 3366 voluntatis
3415 3313 3498 3368 fa-

1927 3396 2144 3451 cultas?
2171 3402 2470 3467 praasertitn
2515 3416 2639 3454 cum
2673 3411 2880 3456 natura:
2926 3403 3099 3457 bruta;
3134 3405 3204 3457 sit
3238 3421 3300 3458 ac
3333 3407 3496 3460 ratio-

1927 3505 1998 3543 ne
2035 3491 2298 3554 carentis,
2337 3503 2534 3560 prteter
2571 3494 2741 3548 animi
2774 3494 3110 3550 voluntatem
3148 3499 3251 3552 huc
3277 3507 3332 3551 et
3366 3498 3494 3552 illuc

1927 3581 2264 3636 circumduci
2319 3592 2376 3636 et
2439 3584 2745 3638 transferri.
2801 3585 3176 3640 Consimiliter
3231 3588 3275 3642 si
3334 3589 3496 3642 homo

1928 3673 2123 3728 fuisset
2153 3675 2447 3747 impeditus
2469 3677 2764 3744 quominus
2793 3678 3149 3747 delinquerst,
3175 3680 3298 3748 quis
3327 3681 3497 3734 virtu-

1929 3766 1967 3820 ti
2001 3767 2156 3821 locus
2184 3767 2381 3836 fuisset
2419 3769 2704 3836 reliquus?
2749 3770 2884 3834 Quis
2919 3773 3137 3825 somnis
3183 3787 3302 3839 quze
3331 3787 3499 3841 prop-

1930 3867 2014 3913 ter
2036 3859 2179 3914 hanc
2205 3859 2624 3931 conceduntur?
2650 3859 2760 3914 Cur
2782 3877 3009 3932 regnum
3035 3863 3257 3916 caeleste
3291 3865 3498 3917 homini

1927 3966 2030 4006 ceu
2087 3953 2369 4020 praemium
2431 3953 2772 4022 propositum
2813 3955 2906 4016 sit,
2965 3955 3235 4022 siquidem
3269 3966 3496 4008 necesse

1929 4059 2040 4099 non
2075 4043 2244 4099 habet
2268 4051 2328 4098 ut
2355 4046 2481 4113 'ejus
2518 4045 2702 4098 studio
2745 4061 2869 4111 suo,
2913 4045 2986 4110 vi,
3026 4045 3289 4115 praeclaro
3331 4044 3496 4098 animi

1930 4136 2209 4206 proposito
2239 4136 2512 4205 particeps
2543 4136 2678 4190 ﬁat?
2738 4138 3120 4208 lmpediendus
3161 4137 3373 4191 scilicet
3403 4137 3500 4190 ho-

1927 4242 2020 4280 mo
2072 4241 2180 4281 non
2210 4223 2350 4289 erat,
2399 4241 2470 4281 ne
2499 4228 2591 4296 qui
2621 4229 2848 4282 rationis
2878 4237 2996 4283 erat
3026 4243 3273 4296 compos,
3314 4229 3502 4282 bruto-

1929 4335 2050 4373 rum
2107 4319 2164 4374 in
2209 4335 2502 4376 numerum
2561 4321 2880 4384 referretur,
2939 4335 3064 4374 cum
3121 4321 3389 4375 libertatis
3444 4321 3502 4374 in

1929 4412 2140 4482 agendo
2199 4412 2524 4467 beneﬁcium
2587 4414 2916 4483 possideret.
2978 4414 3236 4467 Eamdem
3280 4423 3506 4467 senten-

266 4483 507 4557 ἀκίνητον
530 4478 640 4542 ¹καὶ
675 4490 982 4563 ἁνόρμητον
1025 4493 1126 4562 τῆς
1176 4501 1563 4568 προαιρετικῆς
1598 4503 1694 4556 καὶ
1723 4503 1823 4569 ἑμ-

1930 4478 2058 4557 tiam
2085 4518 2314 4573 magnus
2349 4478 2792 4559 Basilius-verbis
2843 4505 2994 4559 hisce
3027 4504 3282 4560 disserit:
3321 4521 3339 4555 ι
3372 4502 3506 4568 Qui-

268 4578 520 4645 πράκτου.
560 4599 579 4632 ι

1937 4609 2158 4662 cunque
2187 4605 2342 4665 rogat
2371 4612 2468 4651 cur
2502 4611 2604 4652 nos
2641 4595 2785 4650 Deus
2823 4613 2934 4652 non
2987 4596 3060 4651 ita
3107 4595 3416 4652 condiderit
3445 4601 3507 4648 ut

207 4692 210 4694 ν
272 4686 484 4736 peccare
509 4692 619 4733 non
656 4695 963 4764 possemus,
1015 4685 1059 4738 is
1109 4686 1245 4740 nihil
1305 4685 1438 4741 facit
1465 4687 1610 4742 aliud
1661 4702 1826 4756 quam
1865 4693 2008 4760 quod
2083 4701 2332 4746 naturam
2391 4692 2607 4747 brutam
2637 4693 2867 4747 rationis
2898 4693 3145 4764 participi
3190 4703 3245 4750 et
3267 4709 3334 4748 ex
3365 4708 3506 4765 prae-

269 4766 456 4837 scripto
469 4772 705 4826 .virtutis
737 4775 920 4843 agenti
955 4774 1192 4842 prafert.
1224 4797 1244 4830 ι

335 4885 745 4956 Παραχωρεῖται
789 4891 975 4944 λοιπὸν
1001 4893 1030 4944 ὁ
1073 4891 1267 4961 Ἀδὰμ,
1301 4893 1532 4948 ἅπτεται
1580 4895 1675 4948 τοῦ
1730 4914 1830 4966 φυ-

269 4978 374 5040 τοῦ,
409 4981 731 5048 γυμνοῦται,
786 4983 1130 5054 παραχρῆμα
1179 4986 1513 5055 παραδείσου
1557 4985 1831 5058 ὲξόριστος

275 5069 490 5130 γίνεται.
522 5071 589 5123 Τί
643 5075 707 5126 τὸ
753 5075 846 5127 ἐπὶ
897 5075 1144 5143 cadi-mg;
1174 5077 1243 5128 Ol
1295 5078 1394 5147 τῆς
1442 5077 1622 5148 ψυχῆς
1664 5079 1830 5134 αὐτοῦ

270 5157 616 5230 διανοίγονται
645 5167 936 5235 ὀφθαλμοὶ,
966 5168 1260 5222 κάντεῦθεν
1288 5170 1390 5240 ὁρᾷ
1430 5170 1689 5240 καθαρῶς
1721 5165 1831 5225 οἷον

272 5250 462 5318 ἀγαθόν
491 5259 642 5310 ἐστιν
668 5262 699 5328 ἡ
725 5260 827 5330 τῆν
855 5261 1078 5329 ἐντολῆς
1115 5261 1333 5330 φυλακὴ
1377 5263 1472 5314 καὶ
1509 5263 1634 5317 ὅσον
1673 5260 1830 5327 αὖθις

274 5346 432 5398 κακὸν
477 5348 511 5418 ὴ
557 5351 763 5418 ταύτης
817 5351 1153 5422 παράϐασις.
1187 5352 1328 5406 Οὐδὲ
1379 5352 1491 5422 γὰρ
1547 5353 1608 5406 τὸ
1662 5355 1828 5422 φυτὸν

273 5434 453 5504 ἐκεῖνο.
487 5441 633 5494 καθά
663 5457 829 5511 φησιν
865 5442 1131 5510 Ἰώσηπος
1171 5445 1266 5496 καὶ
1296 5443 1568 5513 Νεμέσιος
1601 5445 1630 5496 δ
1669 5445 1832 5513 Ἑμέ-

277 5541 368 5596 σης
392 5531 708 5597 ἐπίσκοπος,
730 5535 989 5602 τοιαύτην
1015 5529 1130 5604 εἶχε
1160 5534 1323 5603 φύσιν
1355 5535 1499 5587 ὥστε
1530 5540 1642 5594 τοῖς
1674 5537 1838 5590 ἀπτο-

283 5619 452 5686 μινοις
483 5623 649 5678 αὐτοῦ
675 5626 933 5695 φρόνησιν
965 5627 1164 5680 ἐνιέναι
1198 5627 1292 5680 τοῦ
1327 5628 1390 5680 τὸ
1426 5627 1594 5681 καλὸν
1633 5627 1836 5680 εἰδέναι

283 5713 370 5764 καὶ
413 5717 666 5786 πονηρόν.
697 5718 760 5770 Ei
809 5721 917 5787 γὰρ
951 5717 1108 5783 ξύλον
1156 5719 1290 5771 αὐτὸ
1345 5718 1666 5787 γνώσεωςὴ
1703 5720 1834 5787 ἁγία

286 5807 632 5876 κατονομάζει
661 5811 873 5882 Γραφὴ,
907 5810 1021 5864 ἀλλ’
1047 5811 1110 5865 ού
1143 5811 1228 5866 διὰ
1262 5810 1416 5865 τοῦτο
1454 5813 1544 5864 καὶ
1576 5811 1831 5882 τοιαύτην

2002 4896 2368 4962 Quamobrem
2420 4895 2662 4950 Adamus
2707 4894 2935 4951 arbitrio
2982 4911 3084 4951 suo
3143 4898 3504 4971 relinquitur,

1931 4989 2183 5042 arborem
2224 4988 2463 5057 attingit.
2503 4987 2770 5041 continuo
2821 4989 2996 5042 nudus
3043 4988 3505 5063 el'ﬁcitur,dcquc

1931 5077 2187 5146 paradiso
2224 5077 2542 5145 expellitur.
2575 5075 2714 5141 Quid
2751 5077 2879 5132 inde
2924 5079 3215 5147 sequitur?
3250 5085 3509 5151 aperiun-

1932 5179 2021 5224 tur
2047 5169 2213 5224 animi
2250 5168 2370 5238 ejus
2417 5169 2583 5232 oculi,
2621 5185 2730 5238 quo
2783 5171 2930 5226 iacto
2983 5182 3250 5241 quantum
3303 5176 3505 5229 bonum

1937 5273 2076 5317 esset
2131 5262 2441 5316 observatio
2488 5263 2733 5316 mandati
2785 5263 3084 5332 perspicit,
3134 5277 3509 5334 quantumque

1939 5363 2126 5408 contra
2166 5353 2323 5421 102
2354 5353 2557 5407 tnalutn
2609 5353 2854 5423 ejusdem
2910 5354 3154 5409 violatio.
3201 5355 3309 5409 Nec
3361 5356 3506 5408 enim

1933 5444 2100 5498 arbor
2141 5445 2254 5508 illa,
2297 5444 2758 5513 quemadmodum
2800 5443 3070 5515 Josephns
3119 5455 3172 5498 et
3219 5443 3510 5501 Nemcsius

1934 5538 2168 5590 antistes
2202 5536 2502 5590 Emesenus
2555 5536 2871 5601 declarant,
2920 5535 3187 5605 ejusmodi
3250 5545 3503 5591 naturam

1935 5629 2172 5683 habebat
2210 5639 2268 5682 ut
2300 5645 2366 5682 ex
2423 5643 2482 5682 se
2514 5628 2938 5698 decerpentibus
2985 5626 3203 5680 inderet
3257 5629 3505 5695 pruden-

1938 5721 2092 5783 tiam,
2121 5737 2228 5791 qua
2267 5720 2470 5775 bonum
2502 5736 2565 5774 ac
2616 5719 2817 5774 malum
2844 5725 3228 5787 agnoscerent.
3262 5716 3502 5774 Tametsi

1935 5816 2192 5869 nimirum
2225 5812 2443 5868 Littera:
2473 5827 2640 5867 sacra:
2671 5810 2814 5864 illam
2844 5807 3084 5865 scientia:
3123 5808 3328 5878 lignum
3355 5823 3507 5867 nun-
