3862 6228
347 403 452 468 εογ

1623 406 2047 469 MICHAELIS
2087 409 2351 471 GLYC/E

3479 409 3597 472 208

346 527 574 588 cnpnnt,
640 529 748 570 non
808 516 1013 571 idcirco
1045 513 1335 571 dicendum
1371 515 1530 571 nobis
1568 526 1651 572 est
1679 519 1842 573 talem
1869 518 1918 572 ei

2034 520 2157 573 ιύτὸ
2229 519 2530 588 κεκτῆσθαι
2593 516 2823 588 δύναμιν
2883 518 3150 588 εἴπωμεν.
3213 515 3357 571 Ἀλλ’
3407 518 3598 589 ἐπειδὴ

348 609 458 662 vim
492 607 717 660 affuisse
760 622 774 659 :
810 605 902 659 sed
929 606 1056 674 quia
1087 605 1330 660 mandati
1368 609 1728 678 transgressio
1761 608 1814 662 in
1849 624 1916 663 eo

350 697 491 753 facta
541 707 663 759 est,
713 695 782 750 de
835 711 944 764 quo
1003 707 1295 752 consecuta
1345 712 1507 767 porro
1576 706 1661 753 est
1705 698 1915 767 peccati

351 785 560 855 agnitio
586 795 751 854 atque
802 785 1002 853 pudor,
1047 785 1253 842 idcirco
1283 802 1479 843 nomen
1544 790 1647 844 hoc
1693 791 1915 844 meruit.

347 878 769 935 Consueverunt
791 877 937 933 enim
965 877 1183 934 Littera
1213 894 1380 935 sacrae
1407 882 1486 936 de
1506 897 1690 936 rerum
1708 882 1919 936 eventis

350 971 573 1026 nomina
603 972 766 1026 etiam
801 972 1012 1026 indere.
1046 972 1182 1025 Audi
1202 971 1335 1040 quid
1355 974 1456 1028 hac
1488 973 1542 1027 in
1570 983 1722 1042 parte
1742 973 1918 1042 Chry-

351 1074 626 1122 sostomus
675 1063 844 1117 dit-at.
894 1063 1048 1118 Unus
1094 1063 1313 1132 quidam
1359 1065 1413 1118 in
1468 1064 1763 1118 solitudine
1796 1052 1920 1117 fon's

351 1155 746 1212 adversationis
803 1170 940 1225 aqua
1004 1163 1089 1209 est
1147 1164 1474 1224 nuncupata
1513 1155 1585 1220 ⁸⁸,
1613 1170 1720 1208 non
1773 1156 1918 1224 quod

352 1248 623 1317 ejusmodi
659 1257 912 1302 naturam
955 1248 1187 1303 haberet
1223 1256 1284 1302 ut
1318 1263 1383 1301 ex
1435 1262 1495 1302 se
1525 1247 1840 1302 haurientes
1863 1247 1917 1301 in

356 1351 572 1394 mutuas
622 1339 1040 1394 adversationes
1093 1341 1401 1404 excitaret;
1451 1355 1578 1393 nam
1624 1339 1667 1394 si
1710 1354 1798 1394 res
1847 1340 1920 1394 ita

357 1439 666 1500 comparata
707 1430 921 1494 fuisset,
953 1431 1117 1485 etiam
1144 1431 1259 1499 ipse
1303 1431 1480 1487 Moses
1513 1431 1703 1486 hausta
1755 1431 1921 1486 fontis

358 1523 520 1590 hujus
568 1535 710 1591 aqua
779 1521 891 1575 Deo
946 1521 1391 1577 contradixisset.
1451 1522 1920 1588 Quemadmodum

355 1631 485 1684 ergo
517 1613 638 1670 fons
669 1614 763 1669 ille
785 1629 896 1670 non
921 1629 1017 1670 sua
1053 1621 1271 1677 natura,
1304 1614 1399 1670 sed
1432 1624 1653 1685 propter
1677 1614 1924 1670 diuiden-

359 1707 486 1760 tiant
528 1706 738 1776 populi,
768 1722 931 1776 qttam
984 1721 1111 1776 erga
1164 1706 1330 1762 Deum
1389 1707 1782 1769 declaraverat,
1825 1707 1936 1760 ad-'

359 1798 684 1853 versationis
735 1813 876 1866 aqua
919 1808 1270 1865 nuncupatus
1300 1807 1406 1864 est,
1444 1798 1522 1852 sic
1552 1809 1607 1852 et
1641 1801 1804 1854 arbor
1835 1798 1922 1852 illa

2026 612 2158 680 περὶ
2189 612 2319 663 αὐτὸ
2369 611 2559 679 γέγονε
2589 609 2690 679 τῆς
2727 608 2946 678 ἐντολῆς
2986 609 3020 679 ἡ
3052 606 3387 678 παράϐασις,
3415 608 3512 660 καὶ
3541 607 3600 671 ἐξ

2025 705 2238 758 ἐκείνου
2289 703 2476 756 λοιπὸν
2513 700 2802 771 ἐπεισῆλθε
2847 699 2946 769 τῆς
2992 698 3270 770 ἁμαρτίας
3317 699 3352 768 ἡ
3392 698 3600 765 γνῶσις

2026 796 2121 847 καὶ
2173 794 2427 864 αἰσχύνη,
2486 793 2575 846 διά
2642 791 2800 846 τοῦτο
2876 792 2976 859 τὴν
3023 790 3343 859 ἐπωνυμίαν
3389 788 3601 857 ταύτην

2026 886 2266 952 ἐδέξατο.
2300 885 2462 948 Ἔθος
2497 885 2606 956 γὰρ
2633 887 2699 954 τῇ
2734 885 2866 952 ἁγίᾳ
2899 883 3092 954 Γραφῇ
3123 884 3188 936 ἐκ
3213 881 3324 935 τῶν
3365 879 3597 950 συμϐαιο

2025 977 2226 1032 νόντων
2263 975 2606 1048 πραγμάτων
2631 973 2934 1027 ἐπιτιθέναι
2976 973 3071 1027 καὶ
3105 972 3172 1025 τά
3195 971 3461 1041 ὀνόματα.
3488 969 3600 1022 Kal

2026 1070 2194 1126 ἄκουε
2233 1067 2288 1122 τί
2337 1084 2500 1136 φησιν
2533 1067 2628 1120 ἐπὶ
2673 1066 2887 1128 τούτοις
2915 1068 2943 1118 ὁ
2971 1064 3376 1134 χρυσορῤήμων
3415 1061 3604 1114 Ἰωάν-

2027 1178 2146 1227 νης.
2215 1179 2234 1212 ι
2304 1159 2392 1212 Ἐν
2443 1160 2636 1228 ἐρήμῳ
2697 1157 2796 1227 μία
2856 1157 3008 1226 πηγὴ
3089 1155 3235 1224 ὕδωρ
3292 1152 3605 1221 ἀντιλογίας

2027 1249 2256 1322 ὶκλήθη,
2293 1249 2392 1318 οὐχ
2427 1249 2506 1302 ὅτι
2531 1249 2786 1319 τοιαύτην
2829 1243 2944 1318 εἶχε
2969 1249 3137 1316 φύσιν
3164 1287 3181 1310 ,
3213 1245 3354 1298 ὥστε
3387 1246 3518 1306 τοὺς
3546 1244 3604 1310 ἐξ

2029 1343 2196 1412 αὐτῆς
2255 1341 2590 1412 ἀρνυμένους
2633 1343 2713 1403 εἰς
2762 1339 3071 1407 ἀντιλογίας
3120 1338 3281 1401 εὐθὺς
3337 1337 3606 1405 μετατρέ-

2032 1431 2264 1485 πεσθαι⁶
2310 1431 2360 1482 εἰ
2407 1429 2516 1500 γὰρ
2574 1428 2736 1482 τοῦτο
2784 1424 2874 1498 ἦν,
2917 1429 3014 1482 καὶ
3067 1427 3229 1489 αὐτὸς
3290 1427 3497 1494 Μωσῆς
3548 1426 3605 1491 ἐξ

2030 1523 2246 1593 ἐκείνης
2285 1523 2424 1577 πιὼν
2455 1525 2710 1577 ἀντεῖπεν
2756 1523 2823 1576 ἂν
2867 1520 2945 1592 τῷ
2972 1519 3111 1592 Θεῷ.
3149 1519 3413 1589 Καθάπερ
3445 1519 3542 1572 οὖν
3568 1519 3603 1587 ἡ

2033 1614 2186 1685 πηγὴ
2221 1615 2404 1686 ἐκείνη
2455 1615 2516 1668 οὐ
2563 1613 2716 1685 παρά
2751 1614 2852 1686 τὴν
2896 1613 3105 1666 οἰκείαν
3134 1611 3320 1680 φύσιν,
3362 1610 3518 1677 παρὰ
3548 1609 3604 1663 δὲ

2031 1709 2132 1775 τὴν
2183 1708 2273 1762 ἐπ’
2309 1701 2449 1778 αὐτῇ
2498 1707 2801 1776 γενομένην
2837 1707 3123 1760 ἀπείθειαν
3170 1704 3265 1757 τοῦ
3297 1703 3427 1757 λαοῦ
3460 1703 3602 1770 ὕδωρ

2034 1800 2346 1868 ἀντιλογίας
2393 1791 2791 1869 ὲκλήθη,οὓτι3
2836 1799 2930 1852 καὶ
2987 1799 3050 1850 τὸ
3111 1798 3280 1866 φυτὸν
3326 1798 3506 1875 έκεῖνο
3545 1795 3606 1848 τὸ

355 1889 686 1960 cognitionis
737 1889 864 1944 mali
931 1899 1092 1959 atque
1137 1889 1263 1944 boni
1324 1899 1569 1953 vocatur,
1630 1906 1736 1945 non
1789 1889 1927 1959 quod

2035 1894 2277 1962 γνωστὸν
2321 1891 2488 1948 καλοῦ
2522 1891 2619 1946 καὶ
2655 1889 2895 1959 πονηροῦ
2928 1891 2987 1944 οὐ
3033 1889 3238 1958 γνῶσιν
3285 1885 3454 1958 εἶχεν.
3485 1887 3605 1940 ἀλλ’

355 1981 471 2050 ipsa
512 1981 797 2036 scientiam
832 1980 1108 2046 habuerit,
1141 1980 1233 2036 sed
1276 1981 1402 2050 quia
1445 1982 1760 2052 quicunque
1799 1995 1925 2052 pec-

365 2082 474 2136 cat,
507 2073 873 2142 cognitionem
907 2072 1219 2141 assequitur
1251 2074 1615 2144 intelligendi,
1647 2073 1790 2142 quod
1823 2076 1921 2129 ob-

360 2178 666 2233 temperare
701 2165 808 2218 Deo
835 2163 1036 2220 bonum
1073 2167 1165 2231 sit,
1197 2166 1517 2237 delinquere
1554 2165 1921 2221 malum.Hinc

356 2253 774 2324 appellationem
814 2259 956 2311 hanc
1007 2256 1220 2323 habuit,
1278 2259 1348 2312 ab
1403 2266 1605 2312 eventu
1657 2257 1920 2312 nimirum

359 2351 685 2416 pOsto'riore.

425 2439 700 2498 Caeterum
751 2455 1104 2515 posteaquam
1149 2444 1390 2500 Adamus
1444 2453 1566 2514 ροει
1616 2453 1922 2514 transgres-

359 2533 573 2589 sionem
625 2525 738 2606 iam
789 2538 1031 2594 interitui
1076 2554 1142 2594 ac
1191 2538 1512 2594 mortalitati
1570 2537 1745 2593 factus
1809 2546 1922 2591 erat

262 2620 268 2627 ’
355 2629 644 2693 obnoxius,
707 2631 784 2685 ait
855 2629 998 2686 Deus
1043 2647 1058 2685 :
1099 2649 1118 2683 ι
1168 2631 1250 2685 En
1309 2630 1485 2686 factus
1542 2640 1628 2686 est
1685 2630 1926 2702 Adarqus

357 2722 509 2791 quasi
561 2738 702 2776 unus
748 2722 816 2775 de
849 2722 1029 2778 nobis.
1075 2742 1095 2776 ι
1129 2723 1232 2778 Hic
1267 2723 1534 2789 animum,
1577 2722 1776 2778 dilecte
1827 2722 1924 2786 fili,

358 2815 645 2871 advertite.
670 2814 928 2870 Nonnulli
964 2815 1191 2869 tradunt
1222 2815 1392 2870 Deum
1422 2814 1540 2871 haec
1568 2831 1663 2882 per
1692 2813 1924 2869 ironiam

358 2908 651 2976 protulisse
701 2925 716 2962 :
767 2908 969 2978 quippe
1014 2907 1324 2962 divinitatis
1377 2907 1650 2964 desiderio
1693 2907 1926 2978 flagrans

360 2997 809 3052 Adamns-etiam
858 2998 926 3053 iis
970 2998 1128 3053 bonis
1185 3013 1422 3068 quorum
1464 3007 1582 3053 erat
1627 2999 1924 3067 particeps,

358 3091 559 3146 misr-re
619 3091 914 3154 exciderat,
965 3102 1020 3146 et
1082 3091 1406 3146 immortalis
1463 3101 1619 3146 antea
1680 3089 1926 3145 mortalis

354 3183 466 3252 jam
525 3183 697 3238 factus
729 3193 869 3240 erat.
903 3183 1008 3238 Alii
1057 3183 1261 3238 dictum
1311 3183 1543 3253 intelligi
1591 3182 1780 3237 volunt
1828 3195 1927 3248 per

2029 1987 2110 2040 ὃτι
2139 1987 2247 2048 πᾶς
2291 1983 2626 2056 ἁμαρτάνων
2659 1984 2740 2048 εἰς
2773 1984 2975 2052 γνῶσιν
3022 1983 3243 2054 ἔρχεται
3269 1981 3365 2034 τοῦ
3400 1980 3603 2033 εἰδέναι

2027 2079 2110 2133 ὅτι
2142 2079 2306 2131 καλὸν
2336 2076 2434 2146 μὲν
2450 2075 2514 2130 τὸ
2536 2077 2854 2140 ὑπακούειν,
2874 2075 3043 2128 κακὸν
3062 2075 3118 2126 δὲ
3145 2075 3206 2128 τὸ
3235 2073 3598 2144 παραϐαίνειν

2028 2169 2198 2224 ἐστίν.
2237 2166 2404 2222 Ὅθεν
2450 2168 2543 2222 καὶ
2583 2166 2843 2236 τοιαύτην
2889 2165 3228 2235 ἐπωνυμίαν,
3259 2164 3333 2226 ὡς
3363 2165 3600 2236 ἔφημεν,

2029 2265 2095 2316 ὲκ
2119 2261 2228 2315 τῶν
2253 2263 2311 2316 ὲν
2341 2259 2493 2331 αὐτῷ
2516 2258 2945 2331 συμϐεϐηκότων
2976 2258 3210 2328 ἔσχηκεν
3241 2257 3496 2327 ὕστερον.

2099 2443 2205 2496 Τοῦ
2242 2442 2414 2512 Ἀδὰμ
2445 2439 2503 2494 δὲ
2532 2437 2709 2510 φθορᾷ
2744 2438 2836 2492 καὶ
2869 2435 3155 2507 θνητότητι
3204 2423 3601 2503 περιπεσόντας

2032 2537 2172 2607 μετά
2215 2536 2312 2603 τὴν
2339 2533 2672 2602 παράϐασιν,
2705 2525 2858 2584 εἶπεν
2905 2533 2933 2583 ό
2975 2528 3108 2590 Θεὸς
3142 2547 3160 2579 ι
3207 2526 3339 2579 Ἰδοὺ
3374 2525 3603 2594 γέγονεν

2043 2629 2215 2698 Ἀδὰμ
2259 2627 2336 2689 ὡς
2385 2624 2465 2690 εἷς
2501 2624 2562 2690 ἐξ
2607 2624 2783 2695 ἡμῶν.
2835 2641 2854 2674 ι
2906 2621 3149 2692 Πρόσεχε
3193 2619 3274 2683 δὲ,
3321 2617 3596 2686 ἀγαπητέ.
3622 2620 3636 2627 ’

2033 2721 2220 2774 Ἄλλοι
2275 2720 2374 2788 μὲν
2423 2716 2726 2784 εἰρωνικῶς
2771 2709 2998 2783 ’ἔφασαν
3040 2713 3254 2766 τουτονί
3307 2711 3402 2764 τὸν
3445 2710 3604 2777 λόγον

2030 2815 2206 2868 εἰπεῖν
2231 2812 2321 2866 τὸν
2349 2810 2484 2865 Θεόν
2509 2826 2522 2842 ο
2545 2807 2795 2872 θεὼσεως
2822 2808 2931 2877 γὰρ
2953 2806 3132 2877 ἔρωτα
3166 2804 3310 2874 σχὼν
3331 2805 3358 2856 ό
3394 2803 3592 2873 ’Δδὶμ,

2030 2911 2126 2962 καὶ⁴
2184 2901 2260 2962 ὧν
2306 2904 2527 2972 ἀγαθῶν
2579 2902 2806 2972 μέτοχος
2857 2896 2926 2971 ἦν
2983 2899 3185 2961 ἀθλίως
3223 2897 3452 2965 ἐξέπεσε
3509 2893 3602 2949 καὶ

2031 2998 2224 3067 θνητὸς
2252 2999 2281 3050 ό
2307 2995 2575 3056 ἀθάνατος
2604 2993 2850 3062 γέγονεν.
2874 2991 3094 3060 ’Έτεροι
3119 2989 3177 3043 δὲ
3209 2985 3598 3057 προληπτικῶς

2030 3093 2090 3146 τὸ
2115 3089 2354 3145 τοιοῦτον
2397 3089 2560 3158 ῥητὸν
2605 3084 2748 3140 κατά
2777 3086 2836 3138 τὸ
2868 3083 3063 3153 ἰδίωμα
3092 3084 3190 3151 τῆς
3221 3079 3442 3151 Γραφῆς
3489 3078 3602 3144 ἑξέ-

2033 3185 2219 3250 λαϐον,
2270 3182 2523 3248 λέγοντες
2560 3197 2579 3232 ι
2618 3180 2750 3233 Ἰδοὺ
2809 3178 3035 3248 γέγονεν
3078 3175 3250 3245 ’Δδάμ
3292 3173 3367 3237 ὡς
3415 3169 3500 3238 εἷς
3545 3171 3603 3237 ἑξ

358 3247 780 3344 praeceptionem
843 3276 1128 3344 temporis,
1178 3289 1301 3345 qtae
1347 3247 1518 3330 sacris
1573 3274 1799 3330 Litteris
1832 3247 1927 3328 est

2034 3247 2215 3350 ἡμῶν,
2253 3295 2273 3330 ι
2307 3275 2586 3330 τουτέστιν
2611 3271 2711 3342 ὀψέ
2743 3288 2872 3325 ποτε
2913 3271 3203 3340 γενήσεται
3235 3263 3315 3330 εἷς
3347 3265 3408 3332 ἐξ
3447 3265 3604 3336 ἡμῶν

357 3365 664 3420 familiaris.
709 3365 786 3419 En
844 3366 1022 3421 factus
1061 3376 1146 3422 est
1193 3366 1434 3422 Adamus
1482 3367 1636 3436 quasi
1681 3381 1823 3422 unus
1862 3366 1930 3422 de

360 3459 544 3521 nobis,
583 3460 683 3513 hoc
730 3469 832 3521 est,
863 3460 1080 3512 tandem
1131 3457 1425 3528 aliquando
1475 3459 1541 3514 de
1583 3460 1742 3515 nobis
1792 3475 1934 3515 unus

361 3551 526 3604 homo
588 3549 713 3614 fiet,
769 3550 978 3605 Adamo
1039 3551 1256 3606 similis.
1311 3551 1732 3607 Consueverunt
1787 3551 1932 3608 enim

359 3642 580 3698 Littera?
626 3657 792 3697 sacrae
837 3642 1094 3710 peculiari
1126 3643 1361 3717 quodam
1393 3644 1557 3699 modo
1589 3660 1652 3700 ea
1687 3659 1811 3716 qua
1846 3643 1934 3699 fu-

364 3745 484 3788 tura
509 3741 635 3788 sunt
665 3735 746 3789 sic
771 3733 990 3793 elferre.
1017 3737 1174 3803 quasi
1211 3736 1260 3790 si
1293 3737 1585 3804 prmsentia
1619 3736 1802 3792 forent
1838 3747 1933 3792 aut

355 3827 468 3896 jam
518 3827 864 3882 accidissent.
916 3827 1214 3882 Consimile
1263 3827 1521 3897 quiddam
1580 3827 1812 3899 proferri
1867 3834 1934 3885 de

361 3928 535 3973 matre
563 3919 848 3974 hominum
901 3919 991 3974 illa
1029 3919 1288 3990 primeva
1325 3919 1573 3976 videmus
1602 3940 1618 3976 :
1651 3937 1778 3976 nam
1808 3937 1933 3976 cum

360 4012 478 4082 ipsa
533 4014 773 4068 necdum
818 4022 1006 4068 creata.
1050 4011 1218 4077 foret,
1276 4013 1392 4068 huic
1441 4013 1796 4068 nihilominus
1847 4011 1935 4066 di-

359 4116 564 4160 cuntur
593 4124 608 4158 :
645 4124 664 4157 ι
700 4105 851 4159 Fecit
875 4106 1155 4160 hominem
1189 4107 1349 4172 deus,
1376 4115 1434 4161 et
1459 4107 1683 4175 quidem
1727 4121 1932 4161 marem

361 4213 427 4269 ac
455 4197 714 4252 feminam
747 4212 844 4251 eos
875 4197 1024 4252 fecit.
1070 4216 1089 4249 ›
1120 4198 1350 4254 Divinus
1377 4208 1562 4253 autem
1591 4199 1676 4251 vir
1698 4197 1934 4254 Anasta-

363 4288 482 4341 sius
519 4287 724 4342 dictum
767 4287 872 4342 hoc
903 4288 1013 4343 alio
1050 4304 1269 4359 quoque
1307 4305 1469 4344 sensu
1506 4289 1674 4360 cepit.
1711 4287 1846 4344 Nam
1879 4289 1933 4342 in

361 4379 612 4433 oratione
650 4379 717 4433 de
750 4379 1175 4436 Reaurrectione
1211 4384 1377 4436 verba
1414 4381 1588 4450 ipsius
1621 4382 1737 4436 haec
1771 4396 1933 4450 repe-

364 4471 630 4523 riuntur:
672 4488 692 4520 ι
739 4467 946 4538 Duplex
988 4478 1072 4524 est
1125 4479 1332 4526 naturae
1390 4479 1589 4526 nostrae
1633 4481 1929 4534 structura,

2017 3370 2321 3442 ,ἄνθρωπος
2369 3367 2554 3436 ὅμοιος
2602 3362 2912 3434 τῷ,Ἀδάμ.
2965 3360 3138 3414 Τοῦτο
3188 3355 3601 3429 προληπτικιῖκ,

2034 3461 2110 3524 ὡς
2153 3461 2385 3529 ἔφημεν,
2425 3456 2636 3527 εἴρηται
2681 3453 2822 3507 κατά
2866 3451 2925 3504 τὸ
2977 3450 3172 3518 ἰδίωμα
3208 3451 3307 3519 τῆς
3356 3447 3396 3500 Γ
3403 3447 3604 3517 ραφῆς,

2031 3553 2155 3624 ἥτις
2175 3549 2334 3606 εῐωθε
2373 3549 2443 3602 τά
2475 3547 2740 3619 μέλλοντα
2768 3544 3027 3613 γενέσθαι
3054 3542 3128 3606 ὡς
3161 3542 3262 3613 ήδη
3291 3540 3538 3612 παρόντα
3569 3538 3601 3608 ἦ

2036 3645 2130 3700 καὶ
2175 3641 2434 3714 γεγονότα
2481 3637 2846 3710 διαγορεύειν,
2888 3635 3032 3689 καθὰ
3077 3634 3173 3688 καὶ
3200 3633 3294 3686 ἐπὶ
3331 3631 3433 3700 τῆς
3474 3646 3606 3700 προσ

2037 3740 2274 3809 μήτορος
2303 3734 2593 3806 εἰρημένον
2631 3732 2980 3800 εὑρίσκομεν.
3017 3729 3200 3798 Μήπω
3233 3725 3330 3779 καί,
3359 3725 3474 3794 γὰρ
3503 3721 3602 3777 aito

2033 3833 2134 3900 τῆς
2176 3826 2551 3900 παραχθείσης
2584 3825 2731 3892 λέγει
2764 3825 2847 3878 ὅτι
2878 3823 3101 3893 ἐποίησε
3144 3819 3238 3873 τὸν
3275 3819 3564 3886 ἄνθρωπον
3587 3831 3604 3845 ’

2035 3924 2204 3994 ἄρσεν
2241 3924 2337 3976 καὶ
2374 3919 2511 3992 θῆλυ
2559 3919 2818 3988 ἐποίησεν
2859 3916 3080 3978 αὐτοὺς,
3119 3915 3167 3966 εἰ
3211 3915 3307 3968 καὶ
3339 3911 3466 3966 καθ’
3495 3912 3606 3965 ἓτε-

2039 4033 2132 4087 ρον
2198 4015 2325 4070 νοῦν
2393 4015 2422 4066 δ
2496 4012 2772 4075 θειότατος
2827 4008 3181 4071 Ἀναστάσιος
3246 4009 3308 4059 τὸ
3363 4004 3606 4058 τοιοῦτον

2036 4107 2227 4168 ἐνόησε
2267 4104 2409 4158 θεῖον
2451 4104 2632 4174 ῥητόν.
2677 4104 2765 4155 Ἐν
2815 4101 2928 4172 γὰρ
2961 4101 3042 4180 τῷ
3091 4099 3222 4170 περί
3254 4099 3605 4158 ἀναστάσεως

2035 4199 2180 4270 λόγῳ
2219 4196 2386 4250 αὑτοῦ
2419 4198 2510 4250 καί
2554 4195 2679 4249 τάδε
2719 4194 3078 4263 περὶτούτων
3111 4190 3286 4257 λέγων
3331 4191 3563 4260 εὓρηται
3586 4201 3603 4218 ⁶

2043 4309 2062 4343 ι
2096 4288 2268 4358 Διττλῆ
2309 4288 2392 4350 τίς
2440 4291 2591 4340 ἐστιν
2621 4289 2654 4358 ἡ
2695 4287 2793 4358 τῆς
2836 4285 3050 4354 φύσεως
3080 4285 3238 4354 ἡμῶν
3264 4282 3604 4349 κατασκευὴ,

2033 4379 2068 4451 ἦ
2092 4395 2152 4431 τε
2185 4377 2320 4448 πρὸς
2351 4377 2412 4430 τδ
2439 4377 2581 4430 θεῖον
2613 4375 2944 4445 ὼμοιωμένη
2987 4374 3082 4425 καὶ
3107 4373 3140 4441 ἡ
3180 4370 3318 4438 πρὸς
3359 4371 3461 4439 τὴν
3495 4368 3606 4422 δια-

2037 4471 2212 4541 φορὰν
2249 4469 2463 4538 ταύτην
2489 4469 2598 4521 τῶν
2634 4467 2930 4537 σχημάτων
2962 4463 3268 4535 διῃρημένη
3300 4461 3606 4514 τελευταῖον

362 4560 515 4630 prior
559 4559 626 4614 ad
678 4558 930 4615 Numinis
981 4562 1400 4617 similitudinem
1449 4563 1820 4624 conformata,
1881 4574 1927 4618 el

2039 4561 2574 4618 κατασκευασθεῖσα.
2607 4579 2625 4610 ι
2663 4560 2772 4612 Καὶ
2819 4557 2881 4611 οὐ
2917 4557 3092 4610 ταῦτα
3130 4555 3314 4625 μόνον,
3342 4553 3480 4607 ἀλλά
3514 4554 3607 4606 καὶ

364 4652 532 4708 altera
580 4668 806 4707 sexuum
857 4654 1172 4709 discrimine
1220 4655 1496 4720 distincta,
1541 4671 1662 4724 qua:
1714 4655 1935 4724 quidem

364 4743 580 4810 Opilicio
612 4751 802 4796 nostro
831 4753 1165 4811 postremum
1211 4747 1464 4800 accessit.
1504 4765 1522 4796 ι
1567 4745 1722 4815 103
1749 4745 1936 4816 Neque

366 4841 576 4886 tantum
627 4833 742 4889 haec
775 4835 1098 4890 Anastasius
1129 4836 1362 4904 profert,
1402 4837 1498 4891 sed
1528 4839 1692 4892 etiam
1725 4839 1939 4892 litteras

367 4934 548 4975 sacras
580 4921 795 4991 allegat,
823 4938 930 4992 quo
969 4923 1276 4978 doctrinam
1322 4925 1462 4980 hanc
1493 4925 1779 4981 clariorem
1817 4925 1936 4980 eili-

363 5011 496 5066 ciat.
526 5013 617 5067 Sic
644 5014 792 5067 enim
822 5013 898 5068 ait
924 5031 938 5068 :
970 5013 1122 5069 Fecit
1149 5015 1424 5070 hominem
1449 5016 1608 5082 Deus,
1635 5028 1688 5074 et
1713 5019 1932 5088 quidem

368 5117 494 5157 eum
532 5103 599 5157 ad
633 5104 920 5176 imaginem
966 5105 1058 5160 Dei
1093 5105 1238 5161 fecit.
1276 5105 1398 5162 Haec
1433 5109 1604 5177 prima
1641 5112 1808 5165 nostri
1849 5119 1935 5166 est

367 5195 603 5258 creatio,
637 5183 918 5266 ISimpiex,
985 5197 1310 5259 uniformis,
1372 5214 1564 5269 expers
1623 5202 1933 5267 societatis,

369 5289 662 5344 discrimen
701 5291 910 5344 nullum
943 5290 1188 5355 habens;
1215 5293 1416 5360 quippe
1444 5296 1508 5345 ad
1533 5293 1820 5363 iaraginem
1843 5295 1932 5350 Dei

371 5382 499 5438 fecit
526 5398 669 5436 eum.
697 5381 955 5437 Succedit
985 5382 1155 5438 altera
1186 5381 1437 5438 formatio
1476 5402 1488 5438 :
1535 5383 1734 5439 Marem
1759 5400 1822 5440 ac
1854 5386 1936 5440 fc-

370 5471 572 5526 minam
621 5472 747 5526 fecit
789 5487 904 5527 eos.
945 5473 1074 5539 Quae
1106 5473 1326 5543 quidem
1363 5474 1436 5529 ita
1485 5490 1544 5530 se
1580 5476 1804 5530 omnino
1838 5483 1932 5529 lia-

337 5562 499 5636 ;bcre
528 5565 591 5616 de
627 5564 807 5618 verbis
845 5563 974 5633 ipsis
1002 5574 1086 5620 est
1119 5567 1468 5636 perspicuum
1500 5581 1514 5619 :
1545 5581 1665 5620 nam
1709 5567 1829 5621 istic
1859 5568 1936 5620 nit

370 5669 600 5710 nutnero
632 5657 894 5712 unitatis:
934 5677 953 5712 ι
991 5660 1068 5716 Ad
1109 5661 1396 5732 imaginem
1435 5658 1528 5716 Dei
1566 5659 1687 5714 fecit
1719 5677 1866 5725 cum,
1912 5679 1928 5710 ι

441 5813 486 5846 ⁸³
521 5813 676 5870 Num.
711 5833 796 5884 xx,
836 5819 918 5875 15.

2036 4653 2131 4723 τὴν
2177 4653 2339 4720 ἀγξαν
2391 4650 2643 4719 ἐπιφέρει
2704 4649 2924 4719 Γραφὴν
2970 4649 3000 4699 ό
3058 4645 3202 4707 θεῖος
3243 4638 3400 4708 οὗτος
3443 4644 3602 4712 ἀνὴρ,

2037 4744 2176 4797 ὥστε
2223 4744 2283 4796 τδ
2325 4743 2501 4811 δόγμα
2543 4740 2703 4794 τοῦτο
2751 4738 3006 4808 γενέσθαι
3050 4737 3411 4807 σαφέστερον.
3445 4736 3604 4801 Λέγει

2036 4836 2143 4906 γὰρ
2188 4853 2206 4886 ι
2245 4837 2338 4886 καὶ
2369 4833 2594 4902 ἐποίησε
2627 4832 2716 4885 τὸν
2738 4831 3025 4900 ἄνθρωπον
3050 4846 3064 4860 ·
3098 4827 3218 4882 κατ’
3253 4827 3443 4880 εἰκόνα
3471 4825 3603 4880 Θεοῦ

2035 4929 2294 4998 ἐποίησεν
2329 4927 2517 4984 αὐτόν.
2557 4925 2754 4995 Πρώτη
2801 4930 3022 4994 ποίησις
3060 4921 3220 4989 αὕτη,
3252 4919 3426 4990 ἁπλῆ,
3453 4919 3604 4988 μονόο

2035 5037 2256 5090 τροπος,
2280 5020 2506 5087 ἄζυγος,
2550 5019 2626 5088 μὴ
2657 5018 2858 5088 ἔχουσά
2889 5035 3011 5070 τινα
3042 5017 3328 5086 διαφοράν.
3355 5017 3464 5068 Καὶ
3486 5028 3604 5069 κατ’

2035 5111 2223 5163 εἰκόνα
2297 5111 2405 5181 γὰρ
2470 5109 2606 5163 Θεοῦ
2663 5110 2918 5178 ἐποίησεν
2999 5109 3186 5163 αὐτόν.
3241 5108 3484 5178 Δευτέρα
3547 5106 3603 5158 δὲ

2033 5205 2272 5274 ποίησις,
2303 5205 2474 5274 ἄρσεν
2497 5203 2592 5256 καὶ
2618 5203 2752 5273 θῆλυ
2779 5204 3039 5273 ἐποίησεν
3068 5201 3288 5263 αὐτούς.
3328 5220 3346 5253 ι
3392 5201 3515 5254 Ὅτι
3547 5199 3602 5252 δὲ

2032 5295 2207 5350 ταῦτα
2253 5294 2430 5357 οὕτως
2481 5294 2614 5366 ἔχει,
2653 5295 2814 5364 δῆλον
2846 5295 2910 5348 ἐκ
2948 5295 3055 5348 τῶν
3087 5292 3348 5363 ῥημάτων
3396 5291 3598 5346 αὐτῶν.
3699 5305 3702 5310 ·

2049 5386 2196 5441 Ἐκεῖ
2245 5388 2344 5458 μὲν
2381 5383 2536 5440 εἶπεν
2578 5387 2764 5448 αὑτὸν,
2785 5385 2908 5441 κατ’
2947 5386 3136 5439 εἰκόνα
3172 5383 3307 5438 Θεοῦ
3346 5386 3600 5453 ἐποίησεν

2041 5480 2238 5532 αὐτόν·
2275 5479 2513 5532 ἐνταῦθα
2563 5477 2619 5532 δὲ
2658 5473 2812 5531 εἶπεν
2847 5478 3070 5542 αὐτοὺς,
3112 5479 3280 5548 ἄρσεν
3329 5480 3424 5530 καὶ
3471 5475 3600 5537 θῆλυ

2043 5572 2300 5638 ἐποίησεν
2349 5569 2569 5632 αὐτούς.
2630 5571 2867 5639 ιίρόσεχε
2929 5571 3007 5625 δέ.
3088 5571 3304 5641 Ἐπειδὴ
3369 5572 3402 5639 ἡ
3474 5568 3601 5637 ἁγία

2043 5663 2234 5734 Γραφὴ
2267 5663 2606 5730 προὶαεοῦπα
2640 5661 2758 5720 εἶπε
2782 5683 2798 5716 ι
2825 5663 2944 5720 κατ’
2976 5666 3157 5718 εἰκόνα
3183 5665 3320 5718 Θεοῦ
3354 5665 3599 5734 ἐποίησεν
