3862 6228
320 375 442 442 209

1613 405 2041 469 ANNALIUM
2086 410 2287 471 PARS
2330 414 2377 475 l.

3496 422 3603 486 210

318 492 516 599 ιιύτὺν,
576 512 596 545 ι
650 492 795 566 εἶτα,
856 503 996 572 μετά
1040 504 1138 573 τὴν
1193 508 1359 564 αὑτοῦ
1418 512 1621 585 δηλαδὴ
1676 518 1895 581 ποίησιν

2027 520 2114 575 hic
2160 536 2293 577 vero
2338 538 2602 579 numerus
2650 527 3018 583 multitudinis
3052 538 3366 599 usurpatur.
3407 530 3605 589 Consi-

312 585 607 654 ιπήγαγεν
676 607 696 641 ¢
737 592 942 664 Ἀρσεν
991 599 1084 652 καὶ
1140 598 1273 669 θῆλυ
1327 604 1585 675 ἐποίησεν
1632 609 1852 673 αὐτοὺς,
1892 628 1910 663 ι

314 674 499 772 ἔδειξε
532 685 829 753 προφανῶς
853 689 934 742 ὅτι
967 689 1103 763 άλλη
1139 694 1359 763 ποίησις
1392 697 1577 770 ἐκείνη
1611 700 1705 753 καὶ
1748 702 1918 772 ἑτέρα

314 770 546 864 ποίησις
574 773 736 849 αὕτη,
770 780 802 848 ἠ
845 780 943 849 μὲν
982 783 1044 837 τὸ
1083 783 1179 838 τοῦ
1207 788 1557 860 Δημιουργοῦ
1592 770 1917 864 παριστῶσα

315 861 606 933 φιλότιμον
641 866 790 937 (κατ’
832 874 1018 929 εἰκόνα
1064 877 1181 949 γὰρ
1235 880 1371 933 Θεοῦ
1412 861 1915 956 ὲποίησενναύτὸν),

314 956 377 1052 ᾗ*
408 956 465 1010 δὲ
508 960 606 1030 τὴν
656 962 767 1015 τῶν
818 969 1122 1037 σχημάτων
1170 973 1597 1044 ὑπεμφαίνουσα
1643 978 1916 1052 διαφορὰν

313 1045 655 1140 (ξρσενᾲγάρ
701 1054 799 1106 καὶ
836 1057 968 1126 θῆλυ
1019 1062 1279 1133 ιποίησεν
1326 1066 1570 1138 αὐτούς).
1612 1045 1771 1123 Δοκεί
1817 1045 1917 1140 μὲν

310 1134 420 1231 ούν
457 1140 485 1191 ὀ
533 1138 694 1209 λόγος
736 1146 919 1200 οὑτοσὶ
966 1153 1247 1220 φορτικὸς,
1282 1154 1419 1209 ἀλλὰ
1464 1134 1576 1222 τοίς
1619 1134 1917 1231 ἑπομένοις

307 1229 403 1300 τῷ
464 1232 579 1303 ἰδίῳ
625 1235 897 1308 λογισμῷ.
933 1240 1060 1305 Τοῖς
1118 1243 1230 1315 γὰρ
1278 1246 1572 1316 ἑκζητοῦσι
1619 1229 1913 1323 τὰς-ἱερὰς

307 1324 432 1377 τῶν
474 1326 737 1397 Πατέρων
778 1334 998 1401 γραφὰς
1051 1328 1146 1388 καὶ
1192 1337 1374 1409 πάσης
1421 1342 1695 1413 ἀποδοχῆς
1742 1343 1911 1410 ἄξιος,
1960 1338 1965 1341 δ

305 1416 406 1470 ὅτι
433 1419 524 1471 καὶ
574 1421 751 1493 σαφὴς
780 1424 807 1475 ό
836 1424 1077 1490 τοιοῦτός
1118 1429 1256 1486 ἐστι.
1290 1433 1401 1486 Καὶ
1448 1434 1614 1489 άκουε
1652 1436 1705 1489 τί
1744 1454 1913 1508 φησιν

304 1509 339 1559 ὁ
372 1508 447 1562 τὰ
480 1510 598 1564 θεῖα
632 1516 797 1582 σοφὸς
844 1515 1226 1586 ’Δναστάσιος.
1266 1522 1395 1588 Τοῖς
1428 1526 1537 1597 γὰρ
1568 1532 1911 1599 προειρημέο

304 1621 434 1668 νοις
463 1609 557 1660 καὶ
604 1610 730 1663 τάδε
768 1614 1090 1683 προσέθετο,
1131 1622 1432 1689 σαφηνίσαι
1467 1622 1639 1678 θέλων
1683 1627 1748 1678 ὲκ
1786 1626 1914 1679 πολ-

305 1695 432 1749 λῶν
478 1700 539 1753 τὸ
594 1702 912 1774 λεγόμενον.
951 1726 972 1761 ι
1028 1712 1269 1782 Δευτέρα
1322 1716 1503 1779 κτίσις
1542 1717 1664 1769 ἐστὶ
1711 1716 1806 1770 τοῦ
1838 1734 1899 1770 τε

303 1789 552 1863 ἇρρενος
596 1797 694 1849 καὶ
732 1798 825 1851 τοῦ
873 1800 1069 1870 θήλεος
1120 1810 1786 1876 πρυσκατασκευασθεῖσα
1832 1809 1911 1880 τῷ

303 1884 621 1956 πλάσματι,
655 1889 732 1959 τῷ
784 1894 929 1945 κατὰ
972 1895 1073 1965 τὴν
1116 1870 1345 1969 πρώτην
1391 1900 1636 1967 δηλονότι
1679 1870 1908 1973 γεγενηλ
1941 1870 1985 1932 Β

306 1976 472 2046 μᾶνῳ
527 1980 649 2031 κατ’
689 1982 877 2037 εἰκόνα
930 1986 1087 2053 Θεοῦ,
1122 1988 1181 2040 ἐν
1220 1984 1263 2057 ᾦ
1319 1990 1555 2061 διαφορὰ
1610 1994 1909 2062 σχημάτων

300 2066 419 2121 οὐκ
447 2063 537 2139 ἦν,
570 2072 651 2125 ὅτι
701 2074 836 2143 μηδὲ
889 2079 949 2130 ὲν
1006 2082 1071 2149 τῇ
1128 2079 1250 2151 θείᾳ
1305 2083 1400 2137 καὶ
1451 2085 1704 2156 μακαρίᾳ
1736 2088 1908 2139 εἰκόνι

301 2162 559 2217 τοιοῦτόν
594 2181 647 2218 τι
700 2170 1065 2241 ἐπινενόηται.
1109 2192 1128 2225 ι
1178 2174 1239 2228 Et
1262 2174 1320 2229 δὲ
1355 2176 1529 2230 ταῦτα
1561 2166 1736 2242 οὕτως
1770 2180 1906 2249 ἔχει,

300 2251 502 2320 λέγειν
561 2256 655 2311 οὖν
707 2260 935 2330 εὔλογον
987 2265 1070 2318 ὅτι
1131 2268 1196 2320 ὲκ
1258 2271 1622 2339 προγνώσεως
1685 2274 1713 2326 ό
1777 2274 1907 2337 Θεὸς

304 2347 586 2423 τοιαύτην
617 2352 711 2404 ἀπ’
760 2354 936 2425 ἀρχῆς
972 2359 1331 2430 κατασκευὴν
1361 2361 1562 2417 δέδωκε
1590 2364 1668 2433 τῷ
1710 2365 1908 2436 Ἀδὰμ,

302 2440 367 2492 εἰ
419 2443 625 2509 γεοτῆς
680 2445 943 2517 δευτέρας
988 2450 1108 2504 ἐστὶ
1156 2454 1390 2518 κτίσεως
1442 2457 1476 2521 ἡ
1526 2456 1749 2527 τοιαύτη
1799 2460 1909 2511 τῶν

304 2533 623 2601 σχημάτων
673 2536 930 2608 διαφορά,
968 2541 1037 2610 ἣν
1080 2526 1143 2614 δὴ
1191 2545 1287 2597 καὶ
1316 2546 1635 2613 ἀναγκαίως
1660 2526 1910 2619 ἐπήγαγε

307 2623 467 2692 μετὰ
509 2622 606 2693 τὴν
660 2626 907 2698 πρώτην,
941 2628 1016 2693 ὡς
1063 2632 1302 2703 εἴρηται,
1339 2637 1559 2709 ποίησιν
1584 2656 1598 2670 ·
1646 2640 1767 2692 οὐδὲ
1801 2642 1911 2712 γὰρ

308 2716 512 2785 ἠγνόει
548 2718 607 2769 τὸ
655 2719 1094 2791 συμὸησόμενον.
1131 2727 1240 2779 Καὶ
1294 2728 1557 2799 πρόσχες,
1600 2734 1649 2785 εί
1704 2734 1909 2802 βούλει,

300 2807 395 2878 τῷ
424 2811 773 2881 Δαμασκηνῷ
817 2813 1037 2888 Ἰωάννῃ
1071 2818 1203 2888 περὶ
1231 2819 1324 2883 τοῦ
1358 2821 1577 2891 πρώτου
1609 2825 1906 2895 ἀνθρώπου

302 2901 531 2968 λέγοντι
562 2920 583 2955 ι
622 2904 791 2968 Εἰδὼς
834 2906 891 2959 δὲ
923 2909 951 2960 ὁ
982 2910 1346 2982 προγνὼστης
1379 2916 1510 2978 Θεὸς
1536 2917 1618 2969 ὅτι
1647 2918 1702 2969 ὲν
1735 2937 1914 2990 παρα-

305 2994 483 3047 ϐάσει
532 2999 822 3068 γενήσεται
887 3003 981 3054 κα)⁸
1041 3004 1119 3057 ὅτι
1179 3005 1358 3078 φθορᾷ
1410 3009 1789 3076 ὑποπεσείται,
1823 3013 1914 3066 διὰ

300 3086 479 3142 τοῦτο
508 3092 749 3159 παράγει
796 3092 855 3145 τὸ
877 3093 1013 3164 θῆλυ
1043 3098 1102 3164 ἐξ
1134 3098 1324 3156 αὐτοῦ.
1362 3119 1380 3151 ι
1419 3102 1582 3155 Ὥστε
1616 3105 1665 3155 εί
1705 3105 1782 3176 μὴ
1813 3106 1912 3176 τῆς

2022 614 2181 671 deres
2226 616 2391 686 igitur
2427 619 2573 687 quod
2610 634 2734 674 cum
2768 608 2991 678 Littera:
3036 638 3207 678 sacra:
3254 625 3408 693 prius
3439 624 3605 680 dixis-

2020 716 2142 761 sent
2192 725 2205 760 :
2250 726 2268 756 σ
2322 707 2404 760 Ad
2451 709 2743 779 imaginem
2801 711 2894 765 Dei
2930 713 3263 777 ,feciteum,
3324 733 3346 766 ι
3406 714 3605 769 deinde

2020 799 2338 867 subjecerit,
2392 816 2514 871 post
2566 801 2807 859 hominis
2858 796 3120 861 nimirum
3169 807 3602 862 formationem:

2025 910 2045 944 ι
2090 891 2292 947 Marem
2347 909 2411 948 ac
2458 895 2715 949 feminam
2767 896 2898 951 fecit
2946 913 3063 951 eos.
3105 917 3123 950 ι
3160 898 3372 963 Quibus
3417 899 3603 954 verbis

2019 984 2321 1041 clarissime
2357 988 2600 1041 ostendit
2648 989 2813 1043 aliam
2862 1006 2984 1046 esse
3036 991 3422 1045 formationem
3457 992 3601 1046 illam

2017 1075 2278 1143 priorem,
2308 1077 2471 1132 aliam
2517 1078 2662 1133 hanc
2696 1082 3084 1149 posteriorem.
3123 1082 3257 1135 Nam
3291 1083 3379 1135 illa
3417 1082 3599 1150 digni-

2018 1172 2183 1219 tatem
2214 1166 2437 1237 Opiﬁcis
2466 1179 2842 1241 repraesentat,
2882 1173 2948 1227 de
2978 1189 3083 1243 qua
3118 1174 3329 1229 scilicet
3349 1174 3601 1229 dicitur:

2022 1273 2043 1308 ι
2093 1256 2172 1312 Ad
2228 1259 2519 1331 imaginem
2580 1262 2674 1317 Dei
2724 1264 2856 1320 fecit
2909 1281 3070 1331 eum;
3118 1286 3136 1319 ι
3197 1268 3315 1321 haec
3372 1283 3604 1322 sexuum

2015 1348 2312 1406 discrimen
2360 1353 2607 1413 denOIat.
2647 1357 2800 1410 hisce
2854 1357 3040 1412 verbis
3097 1360 3605 1427 comprehensum:

2020 1458 2040 1492 ι
2086 1439 2290 1496 Marem
2335 1458 2401 1498 ac
2450 1443 2714 1519 feminam
2766 1446 2894 1502 fecit
2944 1465 3059 1503 eos.
3103 1469 3122 1501 ι
3166 1450 3397 1505 Videtur
3423 1459 3605 1506 autem

2013 1532 2131 1587 haec
2163 1534 2341 1591 oratio
2375 1551 2567 1604 parum
2618 1539 2939 1606 tolerabilis,
2969 1542 3066 1596 sed
3099 1542 3168 1597 iis
3201 1545 3290 1612 qui
3329 1546 3603 1600 rationem

2012 1626 2291 1695 prOpriam
2338 1640 2669 1697 sequuntur.
2715 1629 2851 1686 Nam
2897 1634 3133 1696 cmteris,
3180 1650 3333 1689 sacra
3378 1636 3604 1691 Patrum

2014 1717 2217 1787 scripta
2251 1721 2768 1791 pervestigantibus,
2792 1726 3019 1781 omnino
3052 1727 3214 1797 digna
3254 1731 3609 1784 existimatur
3637 1749 3643 1755 ·

2012 1826 2134 1880 qua!
2169 1811 2341 1881 recipi
2373 1814 2593 1879 debeat,
2616 1818 2922 1885 praesertim
2960 1833 3082 1872 cum
3120 1829 3311 1889 aperta
3347 1821 3418 1875 sit
3443 1828 3608 1891 atque

2015 1901 2199 1970 plana.
2267 1903 2409 1969 Quid
2477 1905 2621 1960 idem
2678 1907 3006 1964 Anastasius
3065 1910 3210 1964 dicat
3262 1911 3407 1965 audi.
3470 1912 3604 1966 Nam

2011 1994 2281 2052 hactenus
2324 1999 2593 2066 expositis
2632 2000 2746 2053 Inec
2786 2001 2957 2054 etiam
3009 2002 3230 2070 adjecit,
3263 2004 3514 2073 pluribus
3552 2005 3605 2057 id

2009 2088 2153 2155 quod
2180 2090 2494 2158 protulerat
2525 2094 2811 2147 declarare
2842 2094 3056 2149 volens.
3096 2094 3350 2150 Secunda
3403 2096 3609 2149 crcatio

2010 2189 2095 2234 est
2144 2183 2313 2237 maris
2368 2199 2432 2238 ac
2467 2183 2685 2239 feminae
2731 2186 3009 2253 formatio,
3047 2203 3168 2257 qua:
3205 2188 3459 2258 figmento
3509 2187 3603 2241 Ι)κί

2010 2274 2269 2337 accessit,
2299 2275 2446 2343 quod
2489 2277 2705 2332 ratione
2750 2278 3048 2334 creationis
3093 2282 3283 2349 priuare
3316 2285 3383 2333 ad
3417 2280 3611 2350 imagi-

2012 2380 2142 2420 nem
2192 2366 2285 2422 Dei
2345 2367 2548 2421 factum
2602 2379 2740 2435 erat,
2776 2387 2876 2426 nec
2914 2387 3145 2426 sexuum
3175 2371 3474 2426 discrimen
3510 2373 3612 2425 ba-

2012 2456 2197 2521 bebat,
2224 2458 2442 2527 quando
2471 2474 2575 2513 nec
2626 2459 2681 2513 in
2725 2453 2911 2515 divina
2941 2460 3031 2515 illa
3067 2460 3334 2529 beataque
3374 2461 3611 2531 imagine

2012 2550 2144 2620 quid
2176 2551 2443 2620 ejusmodi
2475 2552 2714 2608 exsistit.
2751 2552 2883 2619 Quae
2916 2569 3041 2608 cum
3076 2554 3148 2606 ita
3179 2554 3311 2616 sint,
3338 2569 3367 2607 a
3395 2554 3609 2608 ratione

2013 2658 2124 2697 non
2166 2643 2448 2707 abhorret,
2476 2643 2662 2701 dicere
2703 2645 2869 2699 Deum
2923 2661 2989 2700 ex
3051 2645 3392 2713 prmscieutia
3446 2644 3605 2698 talem

2012 2737 2082 2788 ab
2116 2734 2273 2788 initio
2304 2746 2662 2791 structuram
2709 2736 2920 2791 Adamo
2955 2736 3320 2799 concessisse,
3353 2752 3474 2790 cum
3507 2735 3612 2789 hoc

2015 2843 2185 2881 sexus
2237 2828 2537 2884 discrimen
2595 2845 2623 2882 a
2672 2829 2911 2884 secunda
2965 2829 3249 2884 creatione
3302 2828 3608 2899 profectum

2016 2920 2203 2984 fuerit,
2260 2914 2424 2989 quam
2473 2924 2789 2976 necessario
2834 2922 3029 2991 priori,
3084 2938 3189 2977 ceu
3245 2922 3449 2977 dictum
3506 2930 3610 2984 est,

2014 3013 2235 3082 adjecit.
2270 3013 2384 3067 Nec
2428 3014 2576 3067 enim
2622 3014 2754 3082 quid
2803 3014 3052 3068 futurum
3108 3026 3255 3069 esset
3292 3014 3604 3084 ignorabat.

2016 3104 2083 3160 Et
2109 3107 2379 3171 animum,
2411 3106 2455 3160 si
2483 3106 2640 3170 libet,
2670 3107 2894 3161 adverte
2918 3106 3151 3161 Joannis
3178 3108 3501 3162 Damasceni
3533 3107 3602 3161 de

270 3183 619 3250 -ἀγγελικῆς
644 3186 906 3250 ἐξέπιπτε
940 3188 1146 3260 βιοτῆς,
1176 3192 1277 3245 οὐκ
1311 3196 1431 3263 ἂνῆ
1465 3196 1574 3247 τῶν
1611 3198 1902 3267 σχημάτων

2020 3199 2240 3253 homine
2288 3199 2466 3266 primo
2507 3199 2713 3254 verbis.
2741 3200 2877 3266 Quia
2924 3199 3067 3255 Deus
3119 3200 3430 3255 futurorum
3467 3217 3611 3269 prae-

293 3274 461 3345 αὖτη
497 3281 1063 3347 προσκατεσκεύαστο
1118 3284 1373 3355 διαφορὰ,
1410 3287 1491 3340 ὅτι
1537 3290 1673 3357 μηδὲ
1718 3289 1902 3359 χρείαν

2014 3290 2156 3346 scius
2193 3301 2350 3344 norat
2405 3290 2681 3345 hominem
2742 3292 3001 3345 mandato
3050 3306 3156 3345 non
3203 3291 3511 3360 pariturum
3544 3308 3609 3346 ac

292 3364 433 3437 εἶχε
468 3369 669 3441 ταύτης
701 3372 728 3425 ό
762 3373 883 3426 κατ’
928 3375 1115 3428 εἰκόνα
1174 3380 1549 3447 γεγενημένος
1585 3382 1721 3434 Θεοῦ
1774 3385 1911 3453 πρός

293 3478 376 3530 τε
411 3463 507 3532 τὴν
551 3468 617 3518 ὲκ
660 3466 914 3538 διαδοχῆς
952 3469 1047 3520 τοῦ
1080 3471 1269 3537 γένους
1303 3472 1584 3537 σύστασιν,
1617 3475 1711 3528 ἅτε
1766 3476 1911 3529 κατὰ

291 3556 443 3618 τοὺς
478 3557 769 3629 ἀγγέλους,
797 3560 872 3623 ὡς
920 3559 1034 3614 ἄνω
1080 3560 1411 3630 διείληπται,
1444 3564 1657 3632 μέλλων
1702 3566 1912 3635 πληθύ-

292 3646 533 3703 νεσθαι.
582 3650 725 3702 Ἀλλ’
757 3651 1177 3721 ἐπαναληπτέον
1209 3654 1312 3707 κᾶν
1341 3650 1499 3720 αὖθις
1533 3658 1622 3710 τὸν
1654 3658 1836 3725 λόγον.

2009 3383 2254 3437 interitui
2281 3383 2527 3437 futurum
2557 3384 2880 3446 obnoxium,
2907 3383 3114 3439 idcirco
3145 3384 3405 3438 feminam
3437 3401 3505 3439 ex
3534 3402 3603 3441 eo

2011 3476 2291 3544 producit.
2347 3475 2611 3546 Adeoque
2666 3477 2709 3530 si
2775 3476 2943 3531 homo
3014 3476 3125 3531 vita
3188 3477 3434 3547 angelica
3496 3494 3607 3532 non

2009 3566 2332 3631 excidisset,
2364 3582 2597 3623 sexuum
2650 3568 2948 3624 discrimen
2983 3568 3193 3623 nullum
3238 3568 3440 3624 factum
3466 3566 3609 3626 fuis-

2010 3668 2116 3723 set,
2155 3661 2363 3731 quippe
2419 3663 2580 3731 cujus
2629 3662 2778 3717 haud
2836 3662 3081 3730 eguisset
3128 3663 3196 3717 ad
3234 3666 3455 3734 generis
3484 3681 3611 3735 pro-

293 3743 660 3812 pagationem
716 3745 764 3798 is
814 3745 908 3815 qui
961 3746 1029 3800 ad
1113 3748 1407 3818 imaginem
1478 3749 1575 3805 Dei
1623 3752 1800 3806 factus
1841 3762 1982 3807 erat.
2023 3753 2158 3809 Nam
2216 3772 2369 3810 more
2421 3756 2762 3826 angelorum,
2820 3766 2879 3811 ut
2928 3755 3230 3812 indicatqu
3286 3768 3369 3811 est
3421 3774 3609 3829 supra,

294 3846 495 3891 semet
530 3837 970 3907 atnpliﬁcalttrltl
1019 3839 1218 3895 fuerat.
1258 3842 1366 3898 Sed
1401 3848 1548 3899 enim
1580 3846 1646 3903 ad
1686 3846 1998 3905 institutam
2038 3850 2345 3906 orationem
2378 3850 2720 3906 redeundum
2754 3860 2857 3906 est.

834 3937 972 4004 Περὶ
1010 3937 1116 3990 τοῦ
1165 3938 1376 4008 ὄφεως.

382 4022 523 4079 Θεία
555 4030 697 4094 μετά
720 4029 821 4099 τὴν
847 4030 1163 4100 παράϐασιν
1186 4034 1321 4105 πρὸς
1351 4036 1444 4089 τὸν
1473 4036 1598 4104 ὅφιν
1624 4038 1906 4107 ἀπόφασις

300 4138 327 4170 σ
388 4119 484 4170 ἐπὶ
506 4118 585 4189 τῷ
625 4121 816 4189 στήθει
859 4123 954 4176 καὶ
988 4127 1052 4196 τῇ
1084 4127 1263 4200 κοιλίᾳ
1305 4129 1572 4202 πορεύσῃ.
1612 4149 1629 4181 ι
1683 4132 1905 4201 Ἐπειδὴ

296 4213 545 4281 καρδίαν
592 4215 886 4283 ὴπάτησας
943 4221 1035 4272 καὶ
1098 4220 1313 4275 κοιλίαν
1374 4223 1604 4286 ἔπεισας
1660 4224 1906 4295 ἅψασθαι

300 4304 645 4374 βρωμάτων,
681 4307 778 4361 ἐπὶ
821 4311 896 4378 τῷ
930 4312 1118 4381 στήθει
1170 4315 1264 4367 καὶ
1296 4316 1362 4384 τῇ
1397 4315 1578 4386 κοιλίᾳ
1630 4317 1902 4385 πορεύσῃ.

297 4398 451 4450 Οὐδὲ
479 4400 589 4469 γὰρ
627 4399 701 4462 ὡς
744 4402 913 4466 πόδας
963 4407 1304 4475 κεκτημένου
1344 4409 1403 4460 τὸ
1434 4408 1723 4478 πρότερον,
1760 4410 1906 4463 καθὰ
1939 4398 1955 4413 ’

309 4488 590 4561 Ἰώσηπός
634 4491 694 4569 τέ
744 4511 880 4564 φησι
924 4497 1082 4568 καὶὴ
1128 4499 1402 4570 λεγομένη
1442 4501 1631 4571 Λεπτὴ
1662 4502 1903 4565 Γένεσις,

298 4581 410 4635 νῦν
436 4585 798 4650 ἀποφαίνεται
831 4588 928 4641 τὸν
960 4590 1051 4641 ἐπὶ
1080 4593 1143 4659 τῇ
1179 4592 1361 4660 κοιλίᾳ.
1395 4594 1719 4662 περίπατον.
1761 4595 1901 4648 Ἀλλ’

299 4674 502 4746 ἐπειδὴ
555 4678 698 4729 κατὰ
750 4678 842 4731 τὸν
899 4684 1332 4753 χρυσορρήμονα
1380 4685 1633 4756 Ἰωάννην
1673 4687 1781 4739 ἀπὸ
1811 4674 1905 4739 τοῦ

300 4766 501 4839 ὀρθίου
552 4771 836 4840 σχήματος
889 4773 1145 4842 τοιαύτην
1176 4774 1361 4829 ἄδειαν
1390 4777 1550 4849 ἔσχεν
1579 4766 1723 4831 ὥςτῗε
1771 4780 1908 4847 πρὸς

302 4861 370 4913 τὸ
412 4856 511 4924 οὖς
538 4865 605 4931 τῇ
642 4861 753 4934 EO;
805 4864 1112 4934 πλησιάσαι
1164 4868 1257 4919 καὶ
1312 4869 1439 4937 περὶ
1487 4869 1750 4922 τοιούτων
1792 4871 1910 4923 δια-

302 4953 599 5025 λεχθῆναι,
651 4960 719 5025 τῇ
781 4961 849 5029 γῇ
896 4961 991 5015 καὶ
1058 4959 1201 5012 πάνυ
1257 4960 1481 5021 δικαίως
1546 4963 1909 5032 ἐπισύρεσθαι

304 5047 705 5117 κατεδικάσθη.
742 5051 804 5102 Εἰ
840 5050 950 5122 γὰρ
985 5053 1082 5105 καὶ
1108 5054 1282 5117 ἄπους
1313 5052 1374 5114 ἐξ
1401 5055 1577 5125 ἀρχῆς
1604 5054 1903 5110 διεπὲπλα-

310 5154 433 5201 ato,
467 5139 607 5193 ἀλλὰ
647 5141 867 5206 κύκλοις
897 5145 1057 5198 τινῶν
1086 5144 1333 5199 κάτωθεν
1364 5146 1607 5215 ἑλιγμῶν
1633 5149 1907 5218 ⁸ἐνορθούε-

312 5246 476 5298 μενος
532 5236 856 5301 τεταμένοις
905 5240 1019 5300 τοῖς
1073 5238 1329 5309 στήθεσιν
1380 5239 1636 5293 ἴππευσε.
1670 5241 1765 5293 Διὸ
1814 5242 1911 5293 καὶ

308 5322 411 5375 νῦν
450 5324 479 5375 ό
522 5323 649 5391 δφις
695 5327 960 5392 πολλάκις
1002 5330 1347 5400 θυμούμενος
1395 5332 1681 5400 ἀνίστησιν
1712 5333 1907 5386 ἑαυτὸν

311 5416 411 5468 καὶ
462 5419 743 5483 κυκλικῶς
779 5418 1130 5492 ἑλισσόμενος
1170 5425 1378 5496 τρέχει.
1423 5425 1641 5496 Προὸὰς
1677 5425 1732 5478 δὲ
1778 5426 1905 5480 ὅσον

315 5511 490 5577 δείξαι
533 5515 628 5568 τοῦ
674 5517 911 5570 παλαιοῦ
961 5518 1297 5589 βαδίσματος
1330 5521 1430 5592 τὴν
1463 5524 1712 5592 μνήμην,
1740 5522 1904 5574 πάλιν

314 5605 395 5676 τῷ
429 5607 524 5673 τῆς
572 5609 909 5679 ἀποφάσεως
961 5614 1364 5668 καταϐάλλεται
1426 5617 1596 5686 νόμῳ,
1651 5614 1795 5682 Ὅρα
1845 5613 1903 5666 δὲ

317 5701 587 5770 νουνεχῶς
628 5704 715 5756 ὅτι
757 5703 1013 5759 τοσοῦτόν
1038 5708 1153 5760 ἐστι
1182 5706 1320 5777 βαρὺ
1362 5708 1422 5759 τό
1460 5725 1580 5763 τινα
1619 5707 1740 5761 καθ’
1773 5708 1899 5762 ὲαυυ

393 5840 435 5871 ³⁸
474 5841 610 5899 Gen.
640 5862 727 5911 ur,
776 5846 864 5899 l4.

2618 3948 2696 4001 De
2725 3960 2989 4018 serpente.

2080 4038 2205 4095 [hec
2253 4049 2340 4095 est
2404 4040 2493 4095 illa
2548 4040 2655 4095 Dei
2699 4040 2766 4095 ad
2824 4049 3139 4109 serpentem
3196 4048 3318 4110 post
3367 4041 3611 4096 hominis

2008 4134 2219 4204 lapsum
2270 4133 2450 4191 oratio
2481 4149 2496 4186 :
2531 4132 2693 4205 104
2734 4152 2749 4184 ι
2794 4134 2849 4187 In
2882 4141 3077 4201 pectus
3107 4148 3170 4187 ac
3198 4144 3446 4187 ventrem
3477 4149 3601 4187 am-

2005 4210 2223 4283 bulabis
2256 4228 2327 4287 ⁸⁵,
2360 4245 2378 4278 ι
2424 4226 2538 4283 [loc
2572 4237 2658 4282 est
2690 4226 3137 4296 quandoquidem
3175 4242 3269 4280 cor
3316 4227 3605 4296 decepisti.

2013 4329 2069 4373 et
2115 4320 2293 4374 ventri
2337 4321 2658 4390 persuasisti
2715 4330 2772 4375 ut
2829 4321 3010 4376 cibum
3061 4321 3210 4374 illum
3261 4320 3602 4389 decerperet,

2015 4410 2223 4465 idcirco
2259 4413 2311 4465 in
2351 4422 2542 4480 pectus
2572 4428 2637 4467 ac
2667 4421 2913 4467 ventrem
2954 4412 3280 4467 ambulabis.
3306 4412 3422 4465 Non
3454 4412 3603 4465 enim

2014 4515 2310 4575 propterea
2350 4506 2491 4559 Deus
2539 4506 3008 4559 inambulaturum
3065 4504 3241 4558 ventri
3292 4516 3601 4573 serpentem

2012 4597 2350 4659 pronuntiat,
2413 4597 2570 4665 quasi
2620 4597 2771 4663 prius
2804 4584 2910 4649 'ille
2964 4588 3137 4663 pedes
3190 4594 3491 4655 habuisset,
3545 4606 3606 4647 ut

2006 4686 2276 4757 .losephus
2306 4697 2359 4742 et
2395 4704 2596 4757 parvus
2629 4688 2720 4742 ille
2752 4688 2819 4742 de
2857 4703 3040 4742 rerum
3071 4696 3192 4741 ortu
3228 4687 3365 4741 liber
3393 4688 3551 4753 aiunt
3585 4703 3601 4738 :

2008 4781 2104 4845 sed
2142 4782 2269 4851 quia
2301 4783 2368 4836 de
2394 4780 2665 4837 sententia
2694 4782 3070 4851 tibrysostomi
3105 4781 3257 4849 prius
3286 4780 3599 4835 facultatem

2010 4877 2218 4931 habens
2249 4886 2434 4932 erecto
2472 4891 2706 4945 corpore
2747 4875 3109 4931 conveniendi
3157 4874 3319 4930 Evam
3370 4883 3426 4927 et
3476 4890 3598 4927 cum

2009 4986 2073 5025 ea
2127 4971 2500 5039 colloquendi,
2531 4984 2679 5023 nunc
2725 4969 3019 5023 damnatus
3066 4969 3254 5027 fuerit.
3284 4984 3348 5021 ac
3405 4968 3604 5021 merito

2008 5062 2253 5133 quidem,
2291 5072 2352 5118 ut
2398 5063 2551 5116 humi
2608 5074 2875 5132 serperet.
2915 5063 3049 5141 Nam
3100 5063 3311 5116 tametsi
3345 5062 3413 5115 ab
3447 5062 3603 5115 initio

2006 5172 2238 5225 serpens
2270 5155 2344 5210 ita
2376 5156 2634 5210 conditus
2665 5165 2782 5209 erat
2817 5170 2845 5208 a
2882 5155 3013 5221 Deo,
3048 5156 3284 5224 pedibus
3320 5155 3403 5207 uti
3448 5170 3601 5207 care-

2007 5258 2112 5311 ret,
2164 5256 2350 5302 tamen
2401 5248 2628 5302 orbibus
2672 5246 3001 5318 quibusdam
3051 5248 3321 5302 factarum
3372 5245 3600 5300 inferius

2008 5338 2457 5392 convolutionum
2515 5348 2737 5395 erectus
2785 5339 2852 5393 iis
2902 5339 3037 5408 ipsis
3096 5350 3329 5393 extenso
3374 5346 3598 5405 pectore

2013 5429 2163 5482 velut
2210 5430 2569 5499 inequitabat.
2622 5431 2833 5486 Idcirco
2868 5432 3121 5485 videmus
3158 5441 3213 5485 et
3269 5429 3431 5482 hodie
3481 5442 3597 5479 ser-

2013 5529 2231 5592 pentem
2271 5523 2467 5579 iratum
2503 5536 2679 5581 semet
2719 5527 2932 5596 erigere
2964 5541 3028 5579 ac
3057 5526 3110 5578 in
3141 5524 3303 5578 orbes
3333 5517 3591 5573 convolu-

2014 5623 2127 5669 tum
2184 5618 2454 5688 progredi.
2509 5618 2627 5685 Quo
2665 5619 2831 5681 facto,
2881 5617 3038 5688 quasi
3095 5613 3292 5670 veteris
3337 5612 3594 5665 incessus

2012 5709 2275 5765 memoria
2316 5710 2476 5767 nobis
2511 5712 2566 5769 in
2598 5722 2835 5767 mentem
2869 5716 3144 5773 revocata»
3173 5716 3391 5761 ΐιπδωη
3433 5704 3594 5774 imm“
