3862 6228
420 311 531 372 215
1704 306 2125 368 M’lCHAELlS
2165 304 2424 366 δινσε
3561 303 3654 374 Ξῖθ

421 421 568 475 clare
590 419 789 475 dicitur
819 419 990 475 Deum
1015 435 1125 476 non
1156 433 1276 475 esse
1307 418 1431 474 mali
1459 428 1762 474 auctorem.
1785 418 1997 488 Quippe

2117 417 2183 468 ὅτι
2235 414 2329 468 τοῦ
2366 413 2540 470 κακοῦ
2595 413 2822 485 ποιητὴς
2853 416 2952 469 οὐκ
2988 415 3136 471 ἐστιν
3185 419 3213 471 ό
3253 417 3406 481 Θεός.
3449 418 3578 488 Οὐχὶ
3605 422 3655 473 δέ

422 527 602 568 rerum
638 527 733 581 per
771 526 831 567 se
862 512 1276 569 subsistentium
1302 512 1554 566 conditor
1587 520 1672 566 cst
1706 512 1864 576 Deus,
1889 525 1996 564 non

2117 507 2205 560 πῶν
2240 507 2313 576 μὴ
2349 507 2537 560 ὖντων.
2581 507 2644 560 El
2683 507 2790 579 γὰρ
2817 507 2886 561 τὰ
2917 508 3054 561 καλὰ
3080 510 3431 579 παραχθῆναι
3457 509 3655 579 λέγεται

422 617 614 656 earum
640 616 763 671 quat
786 615 896 656 non
923 603 1214 658 exsistunt.
1244 602 1448 668 Quodsi
1475 603 1618 657 bona
1651 602 1909 656 dicuntur
1944 601 1998 653 in

2117 601 2253 669 ταρὰ
2316 597 2472 663 Θεοῦ,
2512 596 2690 652 ταῦτα
2729 600 2824 653 καὶ
2887 597 3020 651 ὄντα
3059 598 3280 661 πάντως
3322 600 3452 653 είσί.
3488 602 3558 654 Τὸ
3605 604 3653 655 δὲ

421 704 603 748 ortum
637 710 667 748 a
719 695 830 750 Deo
873 695 1160 766 producta,
1205 697 1506 765 putandum
1563 705 1856 749 esteorum
1907 708 2005 762 ap-

2117 691 2268 744 tatbe
2297 691 2490 760 ἐπειδὴ
2524 693 2584 744 ού
2619 692 2872 762 παρήχθη
2911 690 3065 760 παρὰ
3103 691 3262 756 Θεοῦ,
3291 691 3413 744 οὐδὲ
3443 692 3502 745 δν
3529 693 3653 748 ἐστι.

422 787 716 854 pellatione
741 788 934 842 venire
977 803 1064 842 res
1094 804 1286 843 omnes
1322 803 1445 857 quae
1478 788 1769 841 exsistunt.
1798 783 1868 838 At
1893 799 2005 837 ma-

2117 783 2210 836 Ιῗοῦ
2257 783 2444 836 κακοῦς
2485 783 2668 838 λοιπὸν
2705 784 2806 838 οὐκ
2869 783 2984 836 ἐστι
3013 783 3245 854 ποιητὴς
3285 786 3313 837 ὁ
3368 783 3515 850 Θεὸς,
3554 786 3653 856 εῖγε

420 878 530 932 lum
563 894 685 934 cum
719 895 748 934 a
780 880 889 934 Deo
912 881 1191 935 conditum
1227 895 1334 934 non
1369 879 1552 942 fuerit,
1587 894 1698 932 non
1749 879 1912 930 etiam
1949 877 2003 929 in

2117 874 2211 926 τῶν
2247 875 2322 944 μὴ
2355 873 2545 941 ὄντων,
2579 874 2655 940 ὼς
2685 873 2917 945 ἔφημεν,
2956 875 3056 928 ούκ
3087 875 3203 928 ἔστι
3243 877 3493 945 ποιητὴς,
3519 876 3653 945 λέγε-

417 959 652 1023 numero
708 985 891 1024 rerum
946 979 1032 1024 est
1084 969 1490 1024 exsistentium.
1539 968 1614 1022 De
1647 982 1755 1036 quo
1808 979 2007 1018 conse-

2117 979 2194 1016 rat
2231 964 2288 1017 δὲ
2333 965 2408 1033 μὴ
2447 962 2589 1019 εἶναι
2641 983 2692 1018 τι
2739 967 2798 1019 τὸ
2842 967 3032 1030 κακὸν,
3061 964 3252 1037 ἐπειδὴ
3304 967 3650 1021 ἀνυπόστατον

420 1063 612 1130 quitur
648 1060 816 1115 Deum
862 1077 970 1117 non
1015 1062 1300 1117 esse’mali
1335 1070 1638 1124 auctorem,
1687 1057 1907 1127 quando
1963 1054 2007 1108 is

2117 1056 2202 1107 ιεαὶ
2241 1056 2327 1138 ἐφέ
2367 1055 2564 1110 ἑαυτοῦ
2598 1058 2672 1126 μὴ
2705 1057 3004 1128 ὑφέστηκε.

421 1171 768 1224 nequaquam
803 1171 985 1210 rerum
1019 1171 1127 1210 non
1159 1154 1541 1209 exsistentium
1609 1150 1791 1221 opifex
1841 1155 1945 1213 est,
2017 1153 2074 1201 ut
2107 1146 2227 1216 jam
2274 1151 2768 1204 avntemonuimus.
2826 1150 3035 1206 Dicitur
3081 1160 3260 1206 autem
3314 1151 3510 1205 malum
3563 1167 3653 1206 non

422 1262 544 1301 esse
591 1245 795 1314 aliquid
834 1252 1120 1314 propterea
1175 1244 1319 1314 quod
1372 1242 1734 1298 substantiam
1792 1240 1997 1293 nullam
2039 1237 2206 1292 habet
2243 1254 2344 1294 nec
2376 1256 2475 1310 per
2507 1256 2566 1296 se
2597 1242 2868 1297 subsistit.

498 1338 642 1392 Talis
668 1353 817 1408 ergo,
848 1339 1106 1392 nimirum
1141 1337 1336 1402 bonus,
1367 1351 1398 1392 a
1433 1337 1544 1392 Deo
1598 1334 1852 1390 conditus
1884 1333 2003 1386 dia-

2177 1333 2429 1396 Τοιοῦτος
2458 1333 2554 1388 οὖν
2581 1336 2750 1406 ἤγουν
2779 1336 2985 1403 ἀγαθὸς
3018 1337 3123 1390 ὑπὸ
3146 1337 3282 1392 Θεοῦ
3315 1337 3607 1407 παραχθεὶς
3633 1318 3658 1367 δ

427 1430 606 1494 belus,
663 1429 936 1484 terrestris
966 1429 1177 1484 ordinis
1207 1439 1262 1485 et
1309 1430 1479 1500 ipsius
1526 1429 1662 1484 adeo
1695 1438 1852 1482 terr-.e
1907 1442 2005 1481 cu-

2117 1424 2353 1488 Βιάϐολος
2383 1427 2484 1495 τῆς
2521 1427 2804 1497 περιγείου
2839 1428 3047 1493 τάξεως
3087 1431 3182 1484 καὶ
3212 1430 3312 1500 τῆς
3340 1431 3441 1500 γῆς
3465 1432 3653 1499 ἐνεχει-

427 1518 657 1573 stodiam
694 1534 724 1572 a
761 1517 868 1574 Deo
894 1519 997 1573 sibi
1031 1518 1342 1573 mandatam
1374 1521 1604 1589 accepit.
1653 1521 1789 1574 Cum
1824 1526 2006 1572 autem

2117 1515 2270 1585 ρίσθη
2302 1516 2404 1586 τὴν
2443 1518 2692 1588 φυλακὴν
2724 1519 2854 1590 παρ’
2892 1519 3079 1576 αὐτοῦ.
3105 1521 3197 1587 Μὴ
3233 1521 3462 1588 ἐνέγκας
3490 1520 3546 1573 δὲ
3581 1521 3660 1572 τόν

429 1613 570 1666 ferre
595 1626 702 1665 non
734 1621 920 1682 posset
971 1612 1390 1668 illustrationem
1430 1623 1488 1666 et
1523 1613 1810 1674 honorem,
1845 1628 2006 1680 quem

2117 1625 2166 1660 re
2205 1611 2487 1676 φωτισμὸν
2537 1611 2632 1663 καὶ
2660 1609 2758 1681 τὴν
2787 1611 2955 1682 τιμὴν
2987 1613 3054 1683 ἢν
3091 1615 3120 1665 ὁ
3145 1612 3279 1674 Θεὸς
3309 1612 3458 1682 αὑτῷ
3484 1613 3656 1682 ἐχαρί-

429 1705 571 1758 netis
602 1705 650 1758 ei
680 1704 903 1776 largitus
947 1705 1160 1773 fuerat,
1194 1708 1260 1761 de
1294 1708 1531 1762 naturali
1564 1715 1709 1762 statu
1764 1708 1920 1777 107
1951 1708 2002 1761 in

2117 1716 2262 1759 σατο.
2296 1703 2358 1753 ἐκ
2386 1700 2480 1754 τοῦ
2511 1702 2654 1755 κατὰ
2682 1702 2846 1771 φύσιν
2867 1707 2948 1768 εἰς
2976 1705 3038 1757 τὸ
3062 1705 3215 1774 παρὰ
3245 1705 3411 1773 φύσιν
3437 1705 3678 1772 ἐτράπη,-

425 1797 542 1851 alieh
570 1813 658 1851 um
711 1814 748 1851 a
802 1807 998 1851 natura
1050 1814 1147 1854 sua
1205 1799 1573 1864 exorbitavit,
1636 1800 2006 1869 adversusque

2117 1792 2202 1845 καὶ
2261 1793 2478 1864 ἐπήρθη
2546 1796 2688 1849 κατὰ
2743 1794 2837 1849 τοῦ
2887 1799 3252 1868 πεποιηκότος
3297 1797 3461 1850 αὐτὸν
3503 1796 3653 1848 Θεοῦ’

425 1905 584 1943 suum
615 1890 864 1958 Opiﬁcem
911 1891 1052 1945 fastu
1107 1892 1347 1962 quodam
1380 1893 1558 1948 elatus
1595 1903 1715 1948 est:
1756 1912 1780 1946 ι
1829 1895 2007 1950 Collo-

2117 1900 2133 1934 ι
2170 1883 2333 1953 Θήσω
2366 1903 2384 1936 ι
2426 1885 2657 1956 καὶγὰρ
2696 1881 2818 1940 εἷπε
2863 1905 2882 1940 ι
2930 1887 3019 1942 τὸν
3056 1888 3245 1958 θρόνον
3280 1906 3383 1958 μου
3427 1889 3518 1942 ἐπὶ
3561 1887 3652 1940 τῶν

425 1980 584 2044 cabo,
619 1981 817 2051 inquit,
849 1981 1044 2037 solium
1078 1998 1256 2037 meum
1303 1984 1354 2037 in
1383 1983 1638 2049 nubibus,
1669 1993 1722 2038 et
1753 1999 2006 2052 supremo

2117 1976 2370 2044 νεφελῶν,
2401 2003 2404 2005 λ
2433 1977 2528 2030 καὶ
2577 1977 2774 2046 ἔσομαι
2809 1980 2995 2049 ὅμοιος
3040 1980 3120 2050 τῷ
3156 1981 3386 2050 ὑψίστῳ.
3425 1999 3444 2032 ι
3489 1980 3654 2032 Ἔνθεν

430 2085 528 2138 par
559 2085 655 2126 ero
684 2072 752 2126 ’³.
805 2073 974 2138 Quam
1031 2073 1256 2143 quidem
1310 2075 1381 2129 ob
1429 2090 1651 2130 causam
1691 2076 1853 2131 etiam
1903 2077 2007 2131 l'ul-

2117 2084 2190 2120 τοι
2225 2067 2321 2120 καὶ
2347 2068 2422 2131 ὡς
2453 2068 2710 2142 ἀστραπὴ
2743 2073 2884 2125 κατὰ
2911 2072 3010 2144 τὴν
3035 2071 3130 2126 τοῦ
3153 2072 3359 2143 Κυρίου
3403 2071 3579 2142 φωνὴν
3600 2073 3652 2123 ἐκ

428 2163 581 2232 guris
631 2163 804 2219 instar
837 2163 906 2219 de
942 2165 1081 2220 caelo
1114 2166 1170 2220 in
1205 2173 1403 2221 terram
1441 2167 1660 2234 cecidit,
1700 2169 1776 2223 uti
1827 2168 2007 2224 Domi-

2117 2160 2201 2214 τοῦ
2227 2160 2460 2230 οὐρανοῦ
2487 2161 2627 2217 κατὰ
2653 2163 2754 2232 γῆς
2775 2165 2961 2220 ἔπεσε.
2993 2166 3430 2235 Συναπεσπάσθη
3460 2165 3514 2218 δέ
3530 2164 3655 2232 αὑτῷ

427 2269 532 2308 nus
572 2255 687 2325 ipse
717 2256 959 2326 loquitur
993 2257 1074 2323 ης
1115 2275 1134 2309 ι
1171 2266 1364 2329 estque
1410 2260 1596 2314 avulsa
1638 2275 1761 2314 cum
1812 2276 1900 2325 eo,
1933 2262 2007 2317 si-

2117 2253 2206 2306 καὶ
2240 2254 2506 2308 συνέπεσε
2539 2255 2744 2325 πλῆθος
2781 2257 3007 2329 ἄπειρον
3034 2257 3144 2311 τῶν
3173 2258 3266 2311 ὑπ’
3295 2257 3459 2311 αὑτὸν
3489 2273 3656 2323 τεταγ-

431 2345 651 2413 mulque
685 2330 834 2416 lapsa
891 2348 1184 2404 multitudo
1235 2346 1480 2417 quaedam
1538 2354 1855 2422 angelorum
1907 2351 2007 2423 ipsi

2117 2345 2295 2413 μένων
2317 2347 2596 2414 ἀγγέλων.
2633 2348 2804 2402 Τοῦτο
2840 2349 2897 2403 δέ
2937 2350 3033 2403 καὶ
3061 2352 3089 2403 ό
3132 2353 3417 2422 προφήτης
3453 2351 3655 2412 Ἡσαΐας

432 2435 807 2506 subjectorum
839 2439 1075 2494 inﬁnita.
1106 2440 1440 2510 Signiﬁcavit
1475 2443 1578 2497 hoc
1636 2453 1787 2498 vates
1838 2445 2007 2501 Isaias

2117 2431 2310 2502 ἔδειξεν
2354 2439 2528 2502 οὕτως
2557 2440 2762 2496 εἰπών’
2795 2461 2811 2494 ι
2851 2443 2974 2505 Πῶς
3012 2443 3268 2509 ἐξέπεσεν
3309 2446 3339 2499 ὀ
3371 2443 3654 2513 Ἐωσφόρος

434 2526 583 2581 hisce
615 2529 829 2586 verbis:
897 2549 916 2583 ι
953 2530 1054 2598 Qui
1084 2532 1340 2602 delapsus
1389 2543 1476 2589 est
1518 2533 1733 2591 Lucifer
1772 2536 1884 2604 ille,
1916 2539 2007 2608 qui

2117 2531 2221 2584 δτὺ
2252 2532 2398 2602 πρωϊ
2427 2534 2754 2600 ἀνατέλλων,
2786 2536 2882 2590 καὶ
2920 2536 3205 2609 συνετρίϐη
3235 2536 3318 2601 είς
3343 2543 3442 2603 τὴν
3478 2537 3604 2604 γῆν;
3634 2555 3650 2586 ι

431 2618 640 2686 pridem
696 2620 1019 2688 oriebatur,
1083 2633 1354 2694 terraeque
1405 2625 1592 2681 allisus
1621 2628 1746 2681 est?
1785 2643 1803 2678 ι
1857 2627 2007 2683 Luci-

2127 2623 2440 2695 Ἑωσφόρον
2479 2627 2534 2680 δὲ
2571 2628 2735 2681 αὐτὸν
2771 2629 3025 2681 ἐκάλεσεν
3066 2629 3134 2682 δι’
3158 2630 3226 2700 ἢν
3256 2630 3364 2683 ἀπὸ
3389 2628 3520 2684 Θεοῦ
3547 2629 3656 2698 ἔσχε

431 2708 604 2765 ferum
638 2714 917 2783 appellans
973 2717 1041 2771 ob
1094 2719 1443 2787 splendorem
1480 2717 1744 2776 divinitus
1794 2721 1844 2776 ei
1877 2738 2007 2778 con-

2117 2715 2500 2788 λαμπρότητα.
2547 2717 2769 2783 Τούτοις
2816 2715 2910 2773 οὖν
2953 2721 3261 2785 ἀκολούθως
3303 2722 3399 2777 καὶ
3438 2722 3511 2792 τῷ
3553 2719 3660 2775 θεο-

428 2817 667 2879 cessum.
717 2805 1038 2862 Consimilia
1093 2807 1392 2880 Gregorius
1443 2793 1532 2867 ille
1582 2813 1867 2885 theologus
1905 2825 2007 2871 trao

2117 2810 2259 2879 λόγῳ
2308 2812 2348 2863 Γ
2354 2812 2596 2884 ρηγορίῳ
2643 2812 2974 2883 διείληπται.
3017 2813 3329 2886 Ἑωσφόρον
3362 2817 3468 2886 γὰρ
3517 2814 3660 2868 αὐτὸν

427 2896 581 2959 didit,
603 2913 726 2952 eum
755 2899 1063 2967 Luciferum
1090 2904 1268 2957 vocari
1294 2910 1370 2959 ait
1389 2905 1696 2972 Splendoris
1718 2911 1798 2962 sui
1826 2924 2007 2980 causa,

2117 2899 2238 2956 εἷπε
2268 2903 2356 2957 διὰ
2381 2906 2481 2975 τὴν
2511 2905 2891 2975 λαμπρότητα,
2920 2908 3108 2970 σκότος
3127 2908 3184 2961 δὲ
3215 2908 3303 2960 διὰ
3333 2907 3432 2977 τὴν
3454 2909 3660 2977 ἔπαρσιν

429 2992 520 3057 qui
557 2992 731 3062 caligo
753 2992 1014 3065 deinceps
1050 3006 1274 3066 propter
1304 2998 1596 3054 elationem
1629 3001 1808 3058 factus
1845 3004 1916 3058 sit
1953 3013 2007 3058 et

2117 2995 2208 3048 καὶ
2236 2996 2524 3064 γενόμενον
2553 2995 2646 3049 καὶ
2672 2994 2982 3066 λεγόμενον.
3012 2996 3238 3049 Ἐκτοτε
3272 2996 3328 3051 δέ
3358 2999 3407 3051 οἱ
3435 2997 3665 3067 ἀκάθαρο

430 3081 752 3150 appelletur.
789 3062 1104 3140 Secundum
1136 3062 1250 3144 haec
1281 3089 1482 3160 impuri
1511 3092 1656 3160 genii
1679 3093 1881 3151 bellum
1902 3096 2002 3150 ad-

2117 3101 2193 3136 τοι
2241 3062 2494 3154 δαίμονες
2548 3085 2640 3138 τὸν
2711 3062 2836 3141 καθ’
2868 3087 3024 3158 ἡμῶν
3055 3087 3376 3152 ἀνεδέξαντο
3423 3062 3656 3156 πόλεμον.

427 3187 644 3226 versum
717 3189 804 3230 'tOS
863 3191 1244 3247 susceperunt.
1305 3178 1591 3250 Nequeunt
1643 3184 1790 3237 enim
1848 3201 2004 3255 aequo

2117 3177 2249 3231 Ούδὶ
2298 3177 2407 3248 γὰρ
2453 3177 2739 3248 ἀνέχονται
2775 3181 2900 3242 τοὺς
2957 3178 3283 3248 ἀνθρώπους
3334 3181 3468 3252 ὁρᾷν
3501 3181 3658 3233 ἐκεῖσε

423 3263 607 3320 animo
659 3267 768 3335 pati
821 3278 878 3322 ut
921 3269 1170 3325 homines
1226 3286 1291 3325 eo
1320 3272 1565 3327 studiose
1612 3277 2004 3332 contendentes

2117 3270 2450 3334 σπεύδοντας
2480 3272 2728 3326 ἀνελθεῖν
2747 3273 2870 3326 ὅθεν
2912 3271 3275 3339 κακοϐούλως
3303 3274 3570 3339 ἐξέπεσον,
3595 3272 3658 3334 ὡς

425 3353 671 3420 videant,
734 3359 880 3414 unde
933 3360 1036 3428 ipsi
1091 3363 1329 3430 pessimo
1378 3365 1610 3436 consilio
1660 3367 2001 3434 deciderunt,

424 3449 887 3515 quemadmodum
939 3466 1166 3522 magnus
1204 3453 1297 3508 ille
1353 3453 1589 3510 Basilius
1639 3457 1733 3511 ait.
1792 3457 2005 3530 Quippe

428 3553 551 3591 cum
575 3545 752 3594 omnis
772 3540 1134 3612 improbitatis
1160 3548 1499 3615 receptacula
1533 3549 1665 3615 sint,
1712 3551 1876 3604 etiam
1919 3549 2006 3608 ln-

431 3630 592 3685 vidiae
646 3633 838 3688 morbo
868 3646 996 3690 sunt
1046 3637 1256 3694 infecti.
1294 3637 1406 3695 Nec
1443 3642 1524 3696 sic
1573 3651 1790 3698 creatus
1829 3659 1858 3698 a
1895 3643 2005 3700 Deo

430 3723 609 3790 putari
643 3723 805 3780 debet
833 3727 1104 3796 diabolus,
1137 3740 1193 3785 ut
1236 3732 1410 3787 hostis
1460 3745 1651 3790 noster
1700 3744 1877 3800 esset;
1910 3736 2005 3791 sed

429 3827 496 3867 ex
532 3817 885 3873 a‘mulatione
910 3821 1142 3889 quadam
1177 3838 1278 3878 nos
1335 3833 1630 3896 oppugnat.
1666 3825 1801 3880 Cum
1858 3825 2002 3880 enim

430 3923 490 3962 se
511 3921 764 3966 cerneret
791 3914 1105 3984 angelorum
1128 3917 1320 3970 ordine
1348 3916 1575 3986 locoque
1606 3928 1835 3983 motum,
1861 3917 2006 3981 ferre

432 4014 542 4053 non
570 4012 788 4070 poterat
813 4013 871 4059 ut
907 4005 1184 4060 hominem
1237 4018 1550 4063 terrestrem
1579 4009 1647 4063 ad
1685 4011 2002 4081 angelorum

431 4091 751 4161 dignitatem
785 4095 1029 4161 profectu
1083 4113 1182 4152 suo
1230 4100 1551 4154 subvectum
1587 4102 1876 4169 aspiceret.
1915 4104 2007 4158 Est

433 4195 488 4237 et
519 4187 726 4255 angelis
769 4187 1037 4258 malisque
1093 4190 1267 4261 geniis
1304 4207 1409 4246 una
1462 4193 1707 4262 quaedam
1766 4196 2003 4251 essentia

435 4274 552 4330 sive
590 4287 784 4332 natura
821 4319 835 4343 ,
865 4295 1054 4334 verum
1085 4298 1194 4336 non
1221 4283 1411 4338 eadem
1460 4285 1690 4350 electio;
1747 4289 2008 4355 quemadr

439 4367 739 4423 modum’et
779 4370 831 4424 in
871 4372 1182 4428 hominibus
1226 4385 1337 4429 tum
1382 4375 1539 4431 bonis
1587 4386 1697 4430 tum
1747 4378 2007 4447 improbis

329 4462 336 4468 ’
437 4471 522 4516 est
550 4463 731 4518 videre
756 4475 1003 4520 naturam
1036 4469 1256 4537 quidem
1298 4484 1458 4521 unam
1495 4478 1548 4522 et
1577 4469 1848 4532 eariidem,
1880 4486 2008 4524 sen-

434 4554 660 4608 tentiam
693 4573 823 4612 vero
852 4560 1294 4631 voluntatemque
1321 4561 1615 4616 diversam.

505 4646 632 4704 llzrc
661 4649 728 4703 de
757 4652 911 4706 malis
941 4655 1119 4723 geniis
1150 4669 1338 4708 eorum
1368 4662 1452 4708 est
1487 4654 1757 4709 sententia
1793 4655 1881 4723 qui
1917 4671 2006 4709 re-

433 4750 576 4794 ctam
613 4741 867 4797 Ecclesiae
907 4745 1063 4800 ﬁdem
1100 4746 1520 4816 amplectuntur.
1583 4745 1650 4799 At
1693 4745 2002 4801 Graecorum

439 4831 514 4885 illi
542 4833 835 4902 sapientes,
873 4835 1202 4906 Porphyrius
1232 4836 1666 4898 etJamblichus,
1701 4836 1894 4907 genios
1917 4853 2006 4891 es-

439 4927 616 4979 sintia
649 4937 953 4996 naturaque
980 4928 1201 4986 dill‘erre
1230 4944 1260 4982 a
1289 4943 1346 4982 se
1381 4929 1610 4983 invicem
1637 4930 1880 4995 tradunt,
1912 4944 2005 4984 co-

443 5033 670 5087 rumque
715 5021 902 5074 \olunt
933 5021 1146 5089 aliquos
1177 5021 1401 5075 rationis
1451 5031 1700 5090 expertes
1759 5035 1813 5074 et
1859 5037 2009 5074 cras—
2060 5028 2067 5035 '

442 5110 587 5165 siore
633 5114 867 5190 materia
909 5114 1159 5180 praeditos
1190 5129 1333 5168 esse.
1365 5113 1585 5167 Addunt
1617 5113 1831 5167 irruere
1861 5113 2008 5182 ipsos

2111 3365 2140 3417 ὁ
2197 3365 2369 3434 μέγας
2428 3365 2564 3435 φησὶ
2625 3365 2924 3429 Βασιπλεοος.
2976 3367 3169 3437 Δοχεεα
3207 3367 3303 3420 καὶ
3355 3367 3464 3435 γὰρ
3501 3366 3661 3436 πάσης

2112 3455 2266 3520 ὄντες
2301 3455 2500 3530 κακίας
2546 3457 2641 3510 καὶ
2687 3457 2787 3527 τὴν
2819 3456 2910 3510 τοῦ
2972 3457 3170 3525 φθόνου
3221 3458 3377 3512 νόσον
3411 3456 3656 3522 ἐδέξαντο.

2113 3539 2249 3598 Οὑδέ
2271 3547 2378 3616 γὰρ
2397 3545 2589 3616 ἐχθρὸς
2619 3547 2752 3617 ἡμῖν
2781 3549 2809 3600 ό
2832 3547 3081 3610 διάϐολος
3101 3547 3324 3618 ἐκτίσθη
3349 3547 3498 3618 παρὰ
3518 3545 3654 3604 Θεοῦ.

2113 3637 2227 3693 ἀλλ’
2256 3641 2326 3691 ἐκ
2359 3639 2689 3709 ζηλοτυπίας
2718 3641 2868 3711 ἡμᾶς
2894 3641 3140 3711 πολεμεῖ.
3158 3642 3330 3712 Ὁρῶν
3368 3644 3476 3711 γὰρ
3494 3642 3663 3696 ἑαυτὸν

2113 3731 2178 3783 ἐκ
2208 3730 2319 3785 τῶν
2347 3731 2602 3800 ἀγγέλων
2637 3734 3067 3804 καταρῤιφέντα,
3102 3735 3202 3788 οὐκ
3251 3735 3416 3804 ἔφερε
3465 3734 3660 3804 βλέπειν

2112 3822 2204 3875 τὸν
2233 3823 2419 3893 γήϊνον
2447 3824 2542 3875 ἐπὶ
2588 3825 2687 3893 τὴν
2720 3824 2880 3889 ἀξίαν
2917 3825 3027 3879 τῶν
3073 3827 3320 3894 ἀγγέλων
3353 3826 3443 3880 διὰ
3474 3840 3656 3895 προκο-

2112 3913 2226 3984 πῆς
2259 3914 2656 3985 ἀνυψούμενον.
2681 3918 2793 3971 Καὶ
2821 3918 2920 3987 μία
2957 3919 3056 3987 μὲν
3091 3921 3242 3990 παρά
3272 3935 3336 3986 γε
3365 3921 3480 3982 τοῖς
3510 3916 3652 3986 ἀγγάο

2113 4006 2224 4070 λοις
2246 4010 2341 4060 καὶ
2369 4009 2482 4070 τοῖς
2510 4009 2761 4078 δαίμοσιν
2786 4010 2820 4078 ἡ
2854 4009 3036 4072 οὐσία.
3061 4010 3183 4080 οὐχὶ
3207 4010 3264 4064 δὲ
3293 4011 3390 4063 καὶ
3426 4014 3457 4081 ὴ
3491 4008 3656 4080 προαί-

2116 4115 2290 4167 ρεσις,
2333 4099 2475 4154 καθὰ
2531 4100 2595 4171 δή
2651 4101 2747 4154 καὶ
2808 4101 2905 4154 ἐπὶ
2968 4101 3190 4167 ἀγαθῶν
3231 4101 3535 4174 ἀνθρώπων
3581 4099 3657 4152 καὶ

2113 4192 2369 4263 πονηρῶν
2404 4191 2552 4245 ἐστιν
2613 4193 2773 4246 ἰδεῖν·
2807 4193 2907 4263 μία
2968 4193 3065 4264 μὲν
3118 4195 3212 4246 καὶ
3272 4195 3406 4264 παρ’
3434 4191 3652 4257 αὐτοῖςὴ

2116 4282 2279 4353 φύσις
2315 4283 2483 4352 ἐστὶν,
2519 4285 2581 4338 οὐ
2613 4282 2722 4356 μὴν
2774 4285 2832 4338 δὲ
2882 4286 2975 4340 καὶ
3008 4287 3202 4357 γνώμη
3251 4288 3348 4342 καὶ
3408 4285 3658 4359 θέλησιςή

2115 4378 2278 4448 αὐτή.

2184 4651 2293 4704 Καὶ
2326 4651 2387 4704 τὸ
2435 4651 2535 4721 μὲν
2579 4650 2861 4722 ὀρθόδοξον
2913 4655 3015 4721 τῆς
3060 4651 3385 4721 Ἐκκλησίας
3427 4651 3656 4720 φρόνημα

2110 4745 2298 4796 τοῦτον
2338 4742 2452 4813 ἔχει
2483 4741 2576 4795 τὸν
2601 4744 2831 4814 τρόπον⁹
2869 4745 2917 4796 οἱ
2947 4743 3003 4796 δὲ
3036 4743 3144 4796 τῶν
3190 4743 3463 4813 Ἑλλήνων
3501 4739 3649 4809 σοφοὶ,

2115 4835 2425 4906 Πορφύριος
2457 4837 2551 4889 καὶ
2595 4835 2924 4904 Ίάμϐλιχος,
2955 4835 3236 4905 διαφέρειν
3262 4837 3389 4898 τοὺς
3416 4835 3648 4904 δαίμονας

2113 4927 2254 4980 κατὰ
2280 4925 2379 4997 τὴν
2407 4927 2596 4983 οὐσίαν
2634 4927 2876 4994 λέγουσι,
2913 4927 3008 4980 καὶ
3037 4927 3264 4995 ἀλόγους
3307 4927 3457 4991 τινὰς
3498 4922 3648 4980 αὐτῶν

2115 5017 2209 5070 καὶ
2238 5017 2455 5080 ὑλαίους
2483 5015 2648 5085 εἶναι,
2679 5021 2974 5087 ἐμπίπτειν
3005 5020 3060 5072 δὲ
3094 5021 3296 5083 αὐτοὺς
3317 5023 3447 5090 ἡμῖν
3481 5021 3568 5087 οὐχ
3587 5016 3649 5077 ὡς

2113 5109 2402 5177 δυσμενεῖς
2425 5109 2542 5163 ἀλλ’
2568 5111 2644 5174 ὡς
2680 5111 2839 5181 ήμῶν
2875 5111 3166 5176 κολαστάς.
3191 5112 3354 5166 Ἀλλὰ
3380 5115 3472 5167 καὶ
3489 5124 3652 5182 προγι-

2114 5201 2346 5254 νώσκειν
2379 5201 2577 5265 αὐτοὺς
2606 5190 2784 5256 καὶτὸ
2822 5202 3017 5273 μέλλον
3046 5189 3244 5256 εἰδέναι
3267 5203 3505 5271 λέγουσι,
3535 5197 3651 5267 πλὴν

2113 5294 2236 5364 οὐχὶ
2265 5294 2476 5357 πάντας
2499 5311 2514 5325 ο
2549 5295 2677 5357 τοὺς
2717 5294 2818 5363 μὲν
2869 5294 2980 5365 γὰρ
3027 5294 3096 5348 τὰ
3135 5294 3248 5350 ἄνω
3277 5295 3530 5365 λαχόντας
3553 5288 3650 5344 δαί-
3719 5343 3723 5347 .

2118 5401 2286 5455 μονας
2316 5384 2604 5454 ἀληθεύειν
2649 5385 2989 5450 παντάπασι,
3035 5385 3162 5448 τοὺς
3213 5383 3272 5437 δὲ
3301 5381 3648 5456 ταρταρωθέν-

2114 5495 2212 5540 τας
2241 5476 2459 5547 ψευδεῖς
2490 5461 2630 5530 εῖναι
2664 5495 2821 5549 φασι,
2859 5479 2986 5540 τοὺς
3022 5476 3080 5529 δὲ
3120 5478 3551 5548 περιγειοτέρους
3574 5469 3648 5524 καὶ

2117 5569 2317 5638 μέσους
2346 5567 2532 5634 λοξοὺς
2556 5563 2699 5624 εἶναι
2733 5568 2824 5625 καὶ
2867 5568 3204 5633 ἀμφιϐόλους
3233 5567 3497 5639 λέγουσιν.
3533 5559 3646 5618 Ἀλλ’

442 5201 499 5254 in
535 5217 634 5256 nos
655 5218 764 5256 non
793 5213 848 5258 ut
884 5204 1130 5276 infestos,
1172 5206 1266 5260 sed
1302 5218 1552 5275 tanquam
1585 5206 1962 5277 castigatores,
1987 5219 2018 5260 a

441 5293 642 5361 quibus
667 5296 986 5364 puniamur.
1034 5295 1264 5352 Eosdem
1295 5298 1448 5352 aiunt
1505 5297 1686 5352 futura
1711 5295 2019 5366 prospicere

440 5394 606 5454 atque
634 5402 822 5452 nosse,
856 5404 966 5443 nun
997 5400 1174 5443 tamen
1209 5390 1532 5445 universos:
1565 5405 1690 5442 nam
1733 5387 2017 5457 superiora

445 5473 562 5528 loca
587 5485 779 5530 nactos
803 5477 992 5548 genios
1038 5478 1263 5534 omnino
1311 5496 1434 5534 vera
1484 5478 1782 5548 praedicere
1828 5477 2015 5548 perhi-

447 5569 594 5633 bent,
646 5585 769 5624 cum
826 5571 916 5625 alii
952 5570 1176 5627 Tartaro
1228 5573 1476 5630 conclusi
1539 5571 1826 5629 mendaces
1875 5568 2015 5633 sint;

519 5735 565 5768 ’⁸⁸
600 5739 700 5794 lsa.
736 5758 843 5807 xw,
889 5743 946 5797 lli
1040 5744 1082 5775 "
1119 5744 1252 5800 ibid.
