3862 6228
193 284 309 346 917

1478 280 1887 343 ANNALIUM
1929 280 2124 339 PARS
2161 282 2211 341 ι.
2302 264 2309 269 ’

3341 292 3451 354 (318

190 398 331 465 ἡμῖν
380 396 480 464 οὐχ
520 371 663 448 οὕτω
692 395 859 449 δοκεῖ.
898 380 1023 446 Ὲὰν
1064 394 1174 464 γὰρ
1220 393 1268 447 οί
1311 396 1567 462 φωτεινοὶ
1612 396 1778 461 ἄγγε-

1890 391 2092 444 medios
2142 399 2321 444 autem
2360 400 2629 462 terrasque
2659 395 2905 450 nonnihil
2946 396 3153 450 vicinos
3198 398 3455 453 adserunt

194 506 278 549 itm
312 488 371 539 τὸ
402 490 501 557 τῆς
546 486 915 554 προγνώσεως
948 486 1160 538 οἴκοθεν
1198 486 1298 537 οὒκ
1334 486 1497 556 ἔχωσι
1524 486 1772 555 χάρισμα

191 581 321 645 (καὶ
344 580 455 649 γὰρ
477 580 661 631 ἐκεῖνα
713 576 1062 646 προλέγουσι,
1108 577 1251 630 καθὰ
1286 577 1349 647 δὴ
1410 579 1500 631 καὶ
1530 581 1558 631 6
1591 582 1771 648 Δαμα-

192 670 404 739 σκηνὸς
422 670 675 738 Ἰωάννης
701 669 886 738 φησὶν,
911 670 1008 721 ὃσα
1033 666 1099 721 ἂν
1126 669 1309 733 αὐτοῖς
1328 669 1774 741 ἀποκαλυφθῆναι

196 762 354 827 παρὰ
395 759 530 812 Θεοῦ
564 760 862 827 φθάσωσι),
923 757 1102 829 πολλῷ
1146 762 1349 829 μᾶλλον
1378 764 1425 814 οἱ
1473 762 1777 832 ἀκάθαρτοι

194 850 455 919 δαίμονες
492 852 782 921 προλέγειν
832 852 890 903 οὐ
942 851 1223 907 δύνανται.
1261 855 1624 924 Προγνώστης
1670 856 1777 925 γὰρ

196 943 294 994 καὶ
356 943 799 1012 καρδιογνώστης
852 944 1011 1009 μόνος
1061 944 1090 995 ό
1139 944 1289 1008 Θεός.
1334 946 1449 998 Καὶ
1481 946 1669 999 πείθου
1700 947 1777 1016 τῷ

195 1032 331 1101 θείῳ
368 1032 537 1084 Δαῦὶδ
560 1032 692 1101 πρὸς
716 1032 805 1085 τὸν
831 1020 965 1086 Θεὸν
1003 1030 1147 1086 οὕτω
1170 1034 1417 1103 λέγοντι⁶
1452 1054 1470 1088 ι
1506 1036 1577 1090 Σὺ
1617 1038 1779 1105 γινώ-

197 1140 354 1181 σιιεις
380 1125 481 1186 τὰς
509 1124 732 1195 καρδίας
764 1124 1092 1195 μονώτατος.
1130 1145 1151 1178 ι

286 1389 458 1442 Ἀλλὰ
481 1391 656 1443 ταῦτα
693 1393 812 1462 μὲν,
852 1395 1128 1466 ἀγαπητὲ,
1169 1399 1291 1452 κατ’
1329 1400 1596 1472 ἐπιτομὴν
1634 1404 1661 1455 ὁ
1692 1403 1776 1456 λό-

192 1503 294 1551 γος
326 1486 514 1553 διῆλθέ
565 1504 668 1541 σοι.
720 1490 828 1540 Καὶ
877 1489 952 1560 μὴ
998 1492 1313 1563 δυσχέραινε
1349 1496 1539 1549 τούτου
1592 1498 1780 1552 ἕνεκεν

200 1582 297 1629 ειτε
340 1578 648 1649 φιλομαθὴς
701 1580 810 1631 ὤν’
848 1582 1083 1652 ἀλλαχοῦ
1135 1586 1264 1655 γὰρ,
1306 1584 1469 1652 οἶδας,
1531 1590 1781 1660 ἐσχεδιάο

198 1670 304 1736 σθη
337 1687 423 1722 σοι
449 1672 516 1723 τά
557 1674 684 1741 περὶ
718 1673 924 1728 τούτων
951 1676 1309 1746 πλατύτερον.

1877 484 2142 551 ancipites
2170 499 2231 536 ac
2254 484 2538 553 ambiguos
2568 500 2709 540 esse.
2744 486 2859 552 Qua
2909 488 2964 542 in
3024 491 3294 543 sententia
3353 506 3456 546 nos

1876 575 2103 629 minimc
2135 591 2346 629 sumus.
2398 576 2530 630 Nam
2564 577 2609 630 si
2663 579 2826 633 etiam
2871 580 2975 632 luci
3018 582 3330 636 consimiles
3361 597 3459 636 an-

1877 667 1978 735 geli
2026 681 2131 719 non
2182 683 2247 721 ex
2287 684 2343 720 se
2373 668 2575 721 donum
2615 669 2796 723 futura
2839 671 3198 740 prosliicicndi
3232 672 3455 737 habent,

1880 766 1937 810 ut
1966 760 2055 825 qui
2094 758 2398 826 praedicunt
2439 774 2499 811 ea
2530 771 2667 813 tes‘c
2697 758 2905 815 Joanne
2936 760 3271 819 Damasccno
3303 780 3456 833 qua:—

1878 862 2095 916 cunque
2122 848 2387 902 divinitus
2431 848 2562 916 ipsis
2598 850 2834 903 revelata
2883 850 3106 917 fuerint,
3140 854 3312 907 multo
3342 869 3460 907 ma-

1879 941 1959 1009 gis
1990 941 2185 1009 impuri
2205 942 2345 1010 genii
2364 942 2501 994 nihil
2521 941 2664 1009 quod
2687 942 2980 1010 praedicant
2999 942 3216 997 habent.
3243 944 3457 1014 Quippe

1882 1032 2188 1087 futurorum
2224 1034 2422 1087 notitia
2456 1049 2581 1087 cum
2610 1033 2887 1102 agnitione
2933 1035 3182 1087 cordium
3210 1036 3309 1088 soli
3349 1037 3458 1089 Deo

1879 1126 2169 1193 peculiaris
2200 1135 2300 1179 est.
2341 1124 2512 1194 Cujus
2561 1126 2784 1194 quidem
2837 1127 2913 1180 rei
2963 1126 3121 1180 [idem
3154 1127 3248 1180 tibi
3298 1127 3461 1196 108

1879 1216 2101 1271 Davidis
2133 1218 2249 1271 haec
2308 1219 2472 1285 verba
2532 1218 2773 1273 faciant:
2829 1237 2848 1270 ι
2895 1218 2975 1273 Tu
3028 1219 3176 1273 solus
3234 1220 3461 1273 omnino

1880 1311 2046 1363 corda
2080 1310 2224 1362 nosti
2261 1309 2329 1363 ".
2376 1328 2393 1359 ι
2902 1354 2909 1361 .
3132 1322 3138 1327 ·

1955 1400 2078 1453 llaac
2129 1401 2455 1469 compendio
2495 1401 2732 1470 quodam
2774 1402 3048 1471 explicare
3080 1402 3199 1465 tibi,
3264 1401 3462 1457 dilecte

1884 1490 1976 1555 (ili,
2011 1492 2312 1559 voluimus;
2347 1508 2521 1563 neque
2555 1496 2797 1549 brevitas
2825 1511 2947 1550 esse
2980 1496 3074 1549 tibi
3110 1496 3335 1551 molesta
3366 1494 3462 1549 de-

1885 1584 1995 1644 but,
2030 1583 2233 1637 homini
2288 1584 2535 1639 discendi
2588 1586 2957 1654 perstudiose,
2995 1601 3118 1639 cum
3167 1586 3318 1639 noris
3344 1585 3461 1638 luet:

1883 1691 1910 1728 a
1940 1677 2096 1730 nobis
2121 1676 2250 1729 alibi
2298 1676 2565 1743 prolixius
2602 1678 2872 1747 exposita.

269 1762 441 1827 Λέγει
464 1763 574 1832 γὰρ
604 1740 641 1832 ἠγ
666 1764 857 1836 Γραφή
881 1780 895 1796 ⁸
926 1785 946 1818 ι
985 1770 1092 1822 Καὶ
1124 1740 1264 1823 εἶδεν
1294 1773 1325 1843 ἡ
1354 1775 1489 1843 γυνὴ
1514 1776 1595 1827 ὅτι
1619 1775 1782 1829 καλὸν

1950 1769 2219 1822 Czeterum
2253 1770 2421 1825 sacris
2473 1771 2525 1824 in
2577 1770 2799 1825 Litteris
2829 1770 2945 1826 hac
2976 1772 3142 1826 verba
3194 1773 3457 1840 legimus:

194 1849 259 1902 τὸ
308 1851 473 1916 ξύλον
517 1854 593 1915 είς
634 1853 859 1923 βρῶσιν,
906 1858 1002 1911 καὶ
1035 1859 1112 1911 ὁτι
1158 1860 1386 1927 ἀρεστὸν
1424 1865 1538 1926 τοῖς
1580 1864 1780 1932 ὀφθαλ-

198 1945 325 2008 μοῖς
358 1944 489 1996 ἰδεῖν
524 1948 620 1997 καὶ
650 1947 853 2016 ὡραῖόν
887 1950 1004 2002 ἐστι
1043 1952 1138 2004 τοῦ
1176 1956 1527 2024 κατανοῆσαι,
1561 1957 1655 2010 καὶ
1688 1959 1780 2012 λα-

194 2033 376 2088 ϐοῦσα
406 2035 502 2088 τοῦ
530 2038 748 2107 καρποῦ
781 2041 948 2094 αὑτοῦ
985 2042 1179 2112 ἔφαγε.
1210 2063 1230 2096 ι
1266 2047 1530 2117 Πρόσεχε,
1560 2052 1782 2121 ἀγαπηο

193 2128 282 2190 τὲ,
338 2129 417 2198 τῷ
456 2130 678 2201 μεγάλῳ
710 2134 994 2187 κάνταῦθα
1031 2136 1317 2209 Βασιλείῳ.
1369 2140 1507 2210 Φησὶ
1554 2143 1663 2214 γὰρ
1692 2145 1780 2199 διὰ

193 2220 248 2271 τί
290 2222 351 2274 δὲ
392 2214 491 2276 καὶ
526 2218 594 2294 ἦν
625 2226 682 2277 ὲν
720 2228 1034 2300 παραδείσῳ
1074 2231 1135 2283 τὸ
1170 2231 1326 2295 ξύλον
1359 2236 1458 2303 τῆς
1493 2234 1777 2304 βρώσεως;

194 2316 245 2366 ει
284 2316 362 2384 μὴ
400 2317 512 2388 γὰρ
544 2278 611 2388 ῆν
643 2278 930 2385 αὺτδ,ὀοκ
963 2278 1030 2375 ειῖ
1057 2278 1205 2393 ήμεέ
1235 2326 1262 2377 ὁ
1287 2278 1785 2400 eremigat-tari;

198 2423 301 2469 σας
330 2410 411 2471 είς
448 2409 677 2464 θάνατον
708 2414 1045 2481 κατήγαγεν.
1085 2416 1235 2470 Ἔδει
1266 2414 1408 2470 εἶναι
1431 2419 1655 2489 ἐντολὴν
1682 2422 1782 2491 τὴν

192 2500 616 2568 δοκιμάζουσαν
644 2505 803 2574 ἡμῶν
824 2508 883 2557 τὸ
901 2504 1159 2577 ὑπήκοον.
1199 2510 1299 2562 Διὰ
1325 2512 1482 2565 τοῦτο
1520 2507 1587 2584 ἦν
1615 2515 1781 2581 φυτὸν

192 2592 419 2660 ὡραίων
454 2596 682 2664 καρπῶν
705 2594 954 2667 εὔφορον,
989 2600 1081 2653 ἵνα
1099 2604 1156 2655 ὲν
1189 2606 1255 2673 τῇ
1289 2605 1468 2675 ἀποχῇ
1505 2606 1598 2657 τοῦ
1623 2606 1781 2675 ἡδέος

131 2702 137 2709 ·
192 2685 258 2734 τὸ
290 2687 393 2751 τῆς
437 2688 768 2756 ἐγκρατείας
803 2694 968 2745 καλὸν
1009 2694 1409 2765 ἐπιδειξάμενοι
1460 2698 1569 2751 τῶν
1601 2700 1700 2767 τῆς
1726 2702 1785 2753 ὑ-

194 2778 453 2846 πομονῆς
494 2781 776 2847 στεφάνων
814 2784 1042 2850 δικαίως
1089 2786 1436 2859 ἁξιωθῶμεν.
1499 2791 1607 2845 Καὶ
1653 2794 1782 2863 περὶ

195 2867 306 2937 μὲν
346 2871 558 2925 τούτων
582 2872 779 2937 οὕτως.

1890 1880 1908 1911 ι
1956 1860 2020 1912 lit
2072 1861 2208 1915 vidit
2240 1862 2438 1915 mulier
2471 1862 2721 1916 arborem
2757 1878 2879 1917 esse
2909 1862 2974 1916 ad
3008 1865 3334 1918 veSrcndum
3370 1880 3462 1917 ac-

1882 1954 2221 2029 commodam
2271 1962 2325 2006 et
2381 1936 2691 2007 oculorum.
2726 1954 2971 2023 aspectui
3028 1964 3259 2024 gratam,
3310 1963 3366 2009 et
3394 1955 3462 2008 ad

1883 2045 2202 2099 discendum
2240 2046 2551 2114 pulchram,
2575 2047 2809 2115 sumpsit
2834 2048 2900 2100 de
2927 2048 3105 2101 fructu
3130 2051 3248 2115 ejus
3280 2060 3333 2102 et
3368 2062 3461 2102 co-

1885 2139 2053 2190 medit
2081 2136 2144 2191 ".
2186 2155 2206 2188 ι
2245 2136 2345 2191 llic
2373 2147 2581 2192 attente
2613 2138 2768 2203 mihi,
2817 2138 2945 2205 quid
2985 2155 3209 2209 magnus
3245 2140 3332 2194 ille
3366 2139 3462 2192 Bn-

1883 2227 2038 2282 silius
2063 2228 2229 2290 dicat,
2272 2228 2562 2283 advertito.
2600 2228 2990 2293 Quamobrem,
3031 2230 3227 2298 inquit.
3261 2239 3379 2284 erat
3410 2232 3464 2283 in

1885 2319 2137 2388 paradiso
2180 2318 2386 2389 lignum
2442 2320 2508 2374 de
2564 2335 2675 2388 quo
2726 2321 2871 2375 vesci
2922 2323 3045 2391 quis
3080 2322 3465 2391 passet?Nam

1885 2405 2089 2475 absque
2149 2406 2240 2459 illo
2298 2408 2510 2469 fuisset,
2549 2422 2895 2476 nequaquam
2938 2408 3188 2462 diabolus
3234 2426 3336 2464 nos
3369 2408 3466 2464 de-

1885 2507 2073 2567 ceptos
2096 2497 2147 2552 iu
2172 2509 2402 2552 mortem
2430 2499 2740 2570 pracipites
2764 2501 2981 2570 egisset.
3013 2490 3284 2555 Nimirum
3310 2517 3471 2570 opor-

1888 2595 2033 2645 tebat
2062 2607 2185 2647 esse
2215 2592 2530 2647 mandatum
2572 2594 2840 2662 quoddam
2884 2596 2937 2647 in
2978 2610 3088 2664 quo
3122 2605 3306 2649 nostra
3332 2597 3469 2650 obe-

1885 2684 2088 2738 dientia
2122 2685 2526 2754 exploraretur.
2583 2683 2793 2739 ldcirco
2840 2685 3004 2739 arbor
3033 2686 3180 2739 istaec
3214 2693 3333 2739 erat
3359 2688 3470 2739 ele-

1885 2789 2019 2844 gans
2054 2783 2109 2828 et
2135 2776 2414 2830 fructuum
2439 2774 2615 2841 ferax,
2655 2782 2712 2828 ut
2755 2791 2852 2845 per
2895 2777 3282 2835 abstinentiam
3322 2791 3352 2830 a
3408 2792 3471 2831 re

1886 2868 2035 2920 suavi
2067 2868 2443 2935 temperantiae
2475 2870 2616 2921 bono
2642 2868 2919 2922 declarato
2946 2869 3089 2939 digni
3115 2882 3471 2923 censeremur

1889 2960 2090 3027 quibus
2116 2960 2422 3013 tolerantiae
2460 2971 2608 3014 serta
2640 2960 2836 3014 merito
2866 2960 3261 3015 tribuerentur.

278 3044 350 3097 ⁸0
371 3046 430 3099 δέ
473 3064 534 3114 γε
568 3047 794 3119 Νύσσης
832 3051 1166 3125 ὑψηλότερον
1188 3057 1525 3126 ἐκλαμϐάνει
1550 3059 1619 3114 τὰ
1652 3063 1779 3131 περὶ

1938 3050 2047 3103 'Sic
2078 3050 2168 3103 ille
2191 3050 2259 3105 de
2286 3051 2371 3104 his
2403 3050 2648 3104 disserit.
2687 3050 2968 3120 Nyssenus
3003 3062 3183 3105 autem
3238 3053 3471 3107 antistes

190 3136 422 3200 τούτου,
443 3139 539 3191 καὶ
572 3138 716 3193 οὕτω
740 3144 895 3213 φησί.
934 3146 1320 3215 Προδείκνυσιν
1352 3152 1380 3201 ὀ
1411 3150 1532 3218 ὄφις
1563 3152 1654 3206 τὸν
1683 3171 1779 3205 πο-

191 3232 373 3299 νηρὸν
422 3231 519 3299 τῆς
567 3234 843 3304 ἁμαρτίας
877 3240 1116 3307 καρπὸν,
1150 3241 1246 3312 οὐχ
1281 3241 1356 3306 ὡς
1406 3242 1521 3313 ἔχει
1565 3247 1785 3311 φύσεως

196 3323 282 3388 (σὺ
320 3323 434 3392 γὰρ
460 3324 717 3396 ἠπατήθη
750 3328 778 3379 ὁ
830 3328 1123 3400 ἄνθρωπος
1158 3334 1239 3401 τῷ
1288 3336 1538 3407 προδήλῳ
1579 3338 1783 3408 κακῷ),

191 3411 339 3464 ἀλλὰ
369 3413 461 3466 διά
492 3431 636 3480 τινος
693 3418 843 3488 ὥρας
892 3422 953 3474 τὸ
1008 3425 1336 3495 φαινόμενον
1380 3427 1664 3494 ἀγλαΐσας,
1690 3430 1785 3483 καί

192 3521 325 3557 τινα
357 3508 501 3559 κατὰ
526 3508 623 3579 τὴν
653 3511 912 3581 αἴσθησιν
943 3514 1136 3585 ἡδονὴν
1162 3518 1537 3589 ὲγγοητεύσας
1559 3523 1625 3592 τῇ
1659 3521 1787 3589 γεύ-

196 3612 310 3658 σει,
362 3599 590 3662 πιθανὸς
638 3605 813 3675 ἐφάνη
847 3607 913 3675 τῇ
952 3608 1195 3675 γυναικί.
1235 3610 1425 3681 Τούτῳ
1473 3613 1550 3681 τῷ
1595 3612 1785 3682 τρόπῳ

192 3690 293 3742 τὸν
320 3690 615 3760 ἄνθρωπον
639 3697 666 3747 ὁ
696 3696 944 3761 διάϐολος
984 3701 1175 3753 εἴωθεν
1207 3702 1444 3774 ἀπατᾷν.
1477 3704 1585 3755 Καὶ
1625 3707 1672 3757 εί
1706 3707 1783 3775 μὴ

192 3782 383 3834 διόλου
413 3785 598 3852 νήφων
622 3789 843 3855 ὁρᾶται,
875 3791 975 3843 οὐκ
1000 3793 1067 3845 ἂν
1093 3793 1324 3862 ὲκφύγοι
1354 3798 1451 3857 τὰς
1475 3796 1640 3850 αὑτοῦ
1673 3815 1780 3867 μη-

195 3874 405 3941 χανὰς,
429 3876 527 3927 οὐκ
557 3876 623 3929 ἂν
660 3879 912 3951 εὑρεθείη
948 3882 1056 3935 τῶν
1087 3885 1335 3952 παγίδων
1361 3886 1654 3957 ἁνὼτερος.
1674 3889 1785 3942 Καὶ

194 3963 381 4018 ταῦτα
416 3966 520 4035 μὲν
554 3969 742 4024 τοῦτον
772 3971 886 4042 ἔχει
920 3974 1014 4027 τὸν
1043 3976 1269 4046 τρόπον.

284 4246 356 4300 Ἢ
382 4248 440 4301 δι
470 4249 658 4321 Λεπτὴ
686 4252 905 4314 Γένεσις
932 4252 1083 4316 λέγει
1115 4253 1208 4307 τδν
1251 4255 1422 4323 Ἀδὰμ
1462 4219 1790 4327 mm“...

199 4339 315 4395 ἀπὸ
348 4339 447 4393 τοῦ
480 4341 637 4405 ξύλου
668 4344 856 4398 λαϐεῖν
891 4347 985 4399 καὶ
1013 4350 1227 4414 φαγεῖν,
1266 4350 1361 4401 καὶ
1396 4348 1473 4419 μὴ
1493 4352 1789 4421 προσσχεῖν

1888 3141 2178 3194 sublimius
2232 3140 2347 3193 haec
2407 3139 2584 3193 verbis
2626 3138 2939 3206 huiusmodi
2988 3140 3235 3208 exponit.
3271 3141 3467 3195 Malum

1886 3232 2036 3286 illum
2095 3231 2301 3301 peccati
2350 3230 2587 3284 fructum
2624 3244 2854 3298 serpens
2908 3240 3323 3294 commonstrat,
3357 3248 3469 3287 non

1888 3324 2035 3378 illum
2064 3323 2282 3393 quidem
2317 3337 2383 3377 co
2420 3329 2583 3391 pacto
2609 3337 2717 3392 quo
2766 3334 3114 3388 comparatus
3139 3333 3256 3377 erat
3307 3339 3335 3376 a
3363 3338 3467 3377 na-

1887 3426 2005 3471 tura
2059 3421 2187 3487 (non
2220 3417 2365 3471 enim
2396 3424 2584 3483 aperto
2616 3416 2760 3470 malo
2799 3415 3255 3485 circumscriptus
3291 3416 3470 3471 .homo

1886 3510 2138 3575 fuisset),
2189 3507 2286 3562 sed
2336 3508 2561 3562 externa
2595 3508 2716 3577 ejus
2759 3506 2942 3575 specie
2971 3522 3069 3576 per
3123 3496 3467 3562 venustatem

1885 3603 2173 3672 quamdam
2202 3610 2488 3665 exornata,
2521 3607 2575 3654 et
2628 3599 2684 3653 in
2720 3600 2838 3669 ipso
2864 3614 3023 3654 sensu
3057 3599 3342 3653 dulcedine
3369 3615 3471 3670 gu-

1885 3695 1991 3749 stui
2026 3692 2311 3762 praestigiis
2346 3690 2681 3760 quibusdam
2718 3692 2911 3755 indita,
2951 3692 3101 3745 visus
3134 3700 3217 3745 est
3248 3692 3466 3746 mulieri

1885 3785 2048 3839 ﬁdem
2071 3784 2295 3839 omnino
2328 3783 2547 3837 mereri.
2578 3782 2653 3835 Eo
2681 3792 2840 3851 pacto
2880 3782 3065 3836 fallere
3099 3784 3347 3838 diabolus
3374 3785 3472 3837 ho-

1887 3874 2091 3929 minem
2125 3871 2433 3934 consuevit,
2462 3871 2554 3941 qui
2588 3873 2692 3926 nisi
2729 3873 2888 3940 plane
2917 3872 3155 3940 prudens
3182 3883 3345 3941 atque
3373 3890 3469 3926 so-

1886 3965 2035 4019 brius
2073 3964 2165 4026 sit,
2198 3961 2513 4016 molitioues
2561 3962 2682 4030 ejus
2710 3961 2881 4016 vitare
2928 3961 3262 4030 laqueosque
3303 3978 3469 4033 supe—

1888 4071 2008 4112 rare
2052 4054 2264 4125 nequit.
2304 4053 2482 4124 Atque
2530 4054 2654 4121 haec
2682 4053 2739 4107 in
2791 4055 2937 4108 hunc
2973 4052 3192 4108 modum
3245 4068 3471 4123 compa-

1892 4159 2005 4202 rata
2032 4159 2178 4203 sunt.

1961 4255 2235 4307 Caeterum
2267 4267 2472 4322 parvus
2524 4252 2614 4308 ille
2663 4254 2732 4309 de
2768 4261 2891 4309 ortu
2928 4268 3109 4307 rerum
3145 4250 3283 4305 liber
3330 4248 3473 4304 Ada—

1893 4359 2041 4397 mum
2070 4344 2203 4396 citra
2231 4344 2778 4412 cireumspectionem
2818 4343 3125 4412 sumpsisse
3156 4342 3221 4393 de
3250 4339 3395 4408 ligno
3415 4344 3473 4393 et

199 4432 346 4496 ὅλως
366 4434 618 4506 τῷλόγῳ
652 4436 758 4504 τῆς
790 4437 957 4500 Εὔας,
989 4405 1069 4491 ὅτι
1100 4405 1550 4512 λειποθυμιῦνιῆν
1588 4405 1707 4494 and.
1726 4459 1785 4495 τε

1895 4435 2221 4498 comedisse,
2250 4449 2476 4503 prorsus
2528 4433 2652 4489 Eva;
2707 4434 2882 4488 verbis
2937 4431 3080 4486 haud
3132 4429 3467 4499 impulsum,

208 4525 424 4595 μόχθου
471 4530 564 4578 καὶ
623 4528 838 4596 πείνης.
885 4527 1046 4592 Ἀλλὰ
1102 4527 1276 4582 ταῦτα
1329 4530 1452 4600 μὲν,
1511 4532 1787 4601 ἁγαπητὲ,

208 4620 430 4687 σιωπᾷν
496 4620 740 4687 ἄμεινον,
770 4620 854 4673 ὅτι
889 4621 981 4673 καὶ
1033 4622 1268 4690 σιωπῆς,
1316 4621 1392 4685 ὡς
1444 4625 1792 4694 προείρηται,

203 4710 583 4777 τυγχάνουσιν
644 4709 791 4775 ἄξια.
829 4712 889 4763 El
942 4710 1016 4782 μὴ
1060 4712 1241 4780 βούλει
1283 4714 1471 4768 καὶσὺ
1503 4714 1682 4782 λέγειν
1710 4716 1793 4768 ὅτι

206 4806 455 4870 γυναῖκα
479 4803 675 4855 ἔλασεν
706 4804 733 4854 ὁ
774 4804 965 4874 ’Λδὰμδ
986 4805 1070 4857 ἵνα
1102 4806 1176 4875 μὴ
1208 4805 1296 4874 ἐφ’
1318 4805 1480 4875 ἕτερα
1504 4808 1613 4860 τῶν
1639 4807 1795 4871 ζώων

208 4895 581 4963 τραπήσεται.
624 4892 680 4945 ’0
726 4892 849 4961 ὄφις
885 4896 992 4945 άπὸ
1037 4894 1528 4964 κτήνουςιὲρπετὸν
1555 4894 1795 4960 ἐγένετο,

211 4988 405 5055 χεῖράς
449 5002 509 5038 τε
545 4987 640 5038 καὶ
692 4986 859 5047 πόδας
892 4984 1179 5054 ἐκέκτητο.
1221 4984 1496 5056 Ἀφῃρὲθη
1531 4986 1587 5037 δὲ
1622 4985 1795 5037 ταῦτα

209 5080 299 5131 δια
335 5077 395 5129 τὸ
433 5077 725 5147 τολμηρῶς
762 5078 842 5137 είς
881 5076 973 5127 τὸν
1010 5078 1339 5146 παράδεισον
1390 5076 1674 5139 εἰσελθεῖν,
1702 5077 1796 5128 καὶ

209 5169 300 5222 διὰ
325 5169 389 5222 τὸ
425 5168 636 5238 πρῶτος
665 5170 774 5221 ἀπὸ
803 5169 897 5221 τοῦ
928 5168 1089 5235 ξύλου
1131 5168 1319 5220 λαϐεῖν
1352 5170 1446 5221 καὶ
1476 5170 1694 5237 φαγεῖν.
1739 5167 1798 5219 '0

227 5262 401 5332 Ἀδὰμ
437 5263 701 5314 ἀπεσόϐει
741 5267 808 5315 τὰ
869 5264 1095 5315 πετεινὰ
1159 5266 1253 5315 καὶ
1312 5262 1542 5332 ἑρπετὰ,
1595 5261 1799 5329 συνῆγε

224 5356 306 5405 τὶν
334 5354 547 5424 καρπὸν
585 5356 644 5406 ὲν
680 5354 1015 5423 παραδείσῳ,
1044 5354 1140 5406 καὶ
1172 5356 1268 5407 σὺν
1295 5358 1361 5423 τῇ
1385 5355 1610 5421 γυναικὶ
1632 5351 1800 5405 αὑτοῦ

214 5445 406 5516 ἢσθιεν
441 5446 626 5501 αὐτόν.
659 5443 845 5500 Ταῦτα
877 5447 975 5517 μὲν
1004 5444 1120 5511 οὖν,
1152 5447 1239 5500 ἵνα
1267 5447 1342 5517 μὴ
1392 5446 1556 5514 λέγω,
1593 5446 1690 5498 καὶ
1722 5443 1803 5497 ἔτι

218 5541 405 5613 πολλῴ
454 5540 681 5595 πλείονα
730 5539 1025 5611 τούτων,ἠ
1072 5540 1260 5609 Aemi)
1292 5538 1514 5602 διέξεισι
1560 5539 1798 5601 Γένεσις.

291 5710 336 5739 ’³
367 5708 407 5762 ιι
446 5708 618 5762 l’aral.
653 5725 727 5771 τι,
764 5710 851 5761 56.
929 5709 972 5739 "‘
1013 5708 1149 5761 (leti.
1187 5722 1265 5771 ut,
1296 5707 1346 5759 ϐ.

1840 4580 1853 4597 ,
1903 4526 2360 4593 tradit.,Sensissc
2383 4526 2642 4580 nimirum
2671 4524 2974 4581 molestiam
2994 4524 3157 4577 animi
3178 4522 3470 4591 quamdam

1898 4634 1963 4674 ex
1990 4620 2306 4689 fatigatione
2356 4633 2419 4672 ac
2460 4618 2619 4671 tame.
2663 4614 2866 4671 Verum
2918 4618 3033 4670 haec
3083 4615 3304 4687 silentio
3364 4615 3471 4684 tegi

1901 4722 2141 4783 prwslat,
2178 4728 2300 4767 cum
2335 4693 2655 4780 perpetuum
2686 4710 2960 4764 silentium
3004 4721 3335 4771 mereantur,
3371 4709 3473 4762 nisi

1898 4816 1952 4858 tu
1985 4820 2202 4873 quoque
2233 4805 2366 4859 velis
2384 4804 2564 4858 dicere
2588 4801 2868 4856 mulierem
2904 4804 3110 4855 Adamo
3134 4816 3472 4862 concessam,

1898 4910 1965 4948 ne
2001 4895 2103 4948 alia
2135 4912 2193 4948 se
2218 4895 2284 4947 ad
2324 4892 2581 4947 animalia
2613 4900 2999 4958 converteret;
3049 4900 3358 4959 serpentem
3407 4905 3474 4944 ex

1892 4988 2149 5056 iumento
2180 4986 2382 5037 factum
2416 4983 2641 5037 bestiam
2671 4981 3005 5051 reptibilem,
3037 4996 3159 5035 cum
3183 4994 3375 5035 manus
3407 4994 3477 5035 ac

1899 5076 2065 5144 pedes
2109 5074 2260 5142 prius
2313 5072 2560 5132 haberet,
2618 5071 2814 5139 quibus
2865 5070 3131 5140 spoliatus
3189 5080 3479 5139 prOpterea

1900 5169 2058 5221 luerit
2096 5167 2241 5235 quod
2273 5165 2433 5235 paulo
2478 5163 2740 5217 audacius
2786 5165 3092 5233 paradisum
3147 5163 3339 5218 fuisset
3390 5165 3480 5215 in-

1899 5275 2117 5332 gressus
2164 5273 2226 5312 ac
2261 5257 2470 5326 primus
2508 5257 2577 5311 de
2634 5256 2779 5326 ligno
2827 5257 3155 5326 sumpsisset
3185 5264 3240 5309 et
3291 5270 3476 5309 come-

1900 5352 2101 5414 disset;
2151 5349 2419 5403 Adamum
2452 5349 2701 5402 volucres
2740 5358 2794 5401 et
2840 5350 3064 5417 reptiles
3115 5346 3319 5401 bestias
3344 5347 3477 5398 abe-

1901 5445 2085 5514 gisse,
2139 5456 2204 5496 ac
2250 5440 2523 5496 fructibus
2564 5440 2799 5511 paradisi
2857 5440 3133 5509 congestis
3196 5452 3302 5490 una
3349 5449 3477 5489 cum

1904 5553 2073 5592 uxore
2101 5535 2421 5598 victitasse;
2455 5549 2574 5604 quae
2602 5534 2846 5604 quidem,
2884 5549 2950 5589 ne
3007 5533 3177 5586 multo
3211 5530 3292 5583 his
3322 5527 3482 5599 plum
