3862 6228
359 241 468 302 22'}

1643 241 1696 298 Μ
1715 239 2066 300 ιΟΗΑΕῙᾸΞ
2109 237 2376 298 GLYC/E

3528 237 3633 306 236

358 363 418 408 ιι
454 354 580 409 hinc
640 356 864 424 quidem
937 357 1003 409 ad
1052 355 1269 425 generis
1314 355 1765 426 propagationem
1837 355 2224 418 escitaremur,
2277 354 2404 409 inde
2445 368 2574 409 vero
2605 354 2858 410 miserias
2903 365 3126 410 nostras
3187 354 3621 426 deploraremus,

355 450 554 520 prioris
605 461 786 508 status
837 453 1154 507 memoriam
1209 451 1618 518 refricatemus,
1662 460 1947 522 peccatum
1981 451 2222 521 denique
2292 452 2533 521 graviter
2605 452 3004 518 incusaremus,
3056 454 3214 524 cujus
3259 467 3423 508 causa
3470 466 3631 524 para-

355 544 463 598 disl
498 546 604 599 vita
650 545 871 614 spoliati
905 560 1096 599 sumus
1135 544 1422 614 brutisque
1450 544 1714 612 junientis
1738 543 1951 599 similes
1989 542 2145 597 facti.

748 640 825 693 De
857 639 1026 696 tribus
1059 633 1256 694 anini‘te'
1285 639 1547 708 partibus.

432 733 634 786 Practer
662 732 775 786 haec
806 733 968 786 etiam
996 732 1126 786 illud
1159 733 1298 786 scire
1329 741 1381 785 te
1404 731 1552 796 volo,
1581 736 1790 800 partem
1818 743 1945 782 eam

1971 644 2018 698 Δ

2349 637 2487 705 Περὶ
2519 636 2702 705 τριῶν
2728 633 2928 704 μερῶν
2969 634 3078 704 τῆς
3106 634 3336 704 ψυχῆς.
3489 704 3494 705 ί

2129 730 2272 802 Πρὸς
2308 731 2522 793 τούτοις
2563 731 2764 784 εἰδέναι
2808 733 2905 784 καὶ
2931 730 3090 784 τοῦτό
3123 747 3181 784 σε
3225 729 3515 800 βούλομαι,
3556 731 3636 784 ὅτι

359 827 525 882 animi
562 842 683 898 qua:
735 826 1031 896 appetendi
1081 825 1400 880 facultatem
1434 825 1681 878 continet
1727 824 1780 875 in
1813 822 1950 888 jeci-

2058 825 2116 876 τδ
2140 823 2543 893 ἐπιθυμητικὸν
2577 823 2742 892 μέρος
2769 825 2868 892 τῆς
2893 823 3072 893 ψυχῆς
3103 823 3181 894 τῷ
3206 825 3379 894 ἥπατι
3409 823 3635 891 ἐγκαθε-

364 936 500 979 nore
531 906 716 974 sedem
751 934 902 973 suam
942 918 1219 983 obtinere,
1251 919 1478 972 alteram
1525 934 1630 986 qua
1677 913 1949 969 irascendi

2058 915 2263 986 δρυται,
2304 915 2366 967 τὸ
2413 915 2470 968 δὲ
2519 915 2749 985 θυμικὸν
2805 916 2862 967 ὲν
2914 917 2980 984 τῇ
3015 914 3216 985 καρδίᾳ
3251 917 3491 968 ποιεῖται
3540 915 3639 985 τὴν

362 1013 446 1066 vis
503 1013 821 1068 continetur
869 1012 924 1065 in
966 1011 1152 1076 corde,
1211 1011 1440 1065 rationis
1487 1010 1726 1078 denique
1775 1008 1950 1062 domi-

365 1103 552 1157 cilium
577 1104 632 1156 in
683 1106 910 1158 cerebro
931 1117 1078 1156 esse.
1146 1102 1322 1172 Atque
1377 1104 1514 1156 lianc
1554 1103 1726 1172 ipsam
1757 1101 1949 1166 {ratio-

362 1197 457 1250 nis
485 1194 816 1258 facultatem
844 1195 1182 1265 gubernator
1229 1195 1320 1249 ille
1369 1211 1547 1248 rerum
1578 1195 1951 1247 universitatis

366 1296 654 1355 propterea
688 1286 786 1341 tibi
816 1286 1061 1350 donavit,
1099 1295 1158 1338 ut
1185 1287 1253 1338 ab
1284 1285 1542 1340 irascibili
1574 1285 1831 1339 facultate
1855 1284 1951 1337 ad-

361 1379 516 1446 jutus
557 1377 774 1432 fortiter
813 1377 1088 1431 adversari
1125 1379 1296 1430 bruta:
1328 1377 1686 1446 pecuinaequc
1740 1391 1948 1430 concu-

367 1469 649 1538 piscentiae
683 1470 881 1538 possis.
935 1468 1102 1522 Norat
1121 1469 1270 1522 enim
1305 1470 1563 1523 dominus
1592 1470 1710 1545 [ille
1743 1480 1950 1523 naturae

299 1575 305 1580 ·
365 1570 604 1630 quantus
626 1571 771 1614 esset
801 1562 1211 1630 cjns'impetus.
1250 1561 1314 1614 Et
1345 1562 1487 1616 lianc
1515 1561 1812 1629 appetendi
1839 1560 1948 1614 vim

363 1655 548 1707 sedem
611 1654 663 1707 in
723 1653 970 1722 jecinore
1033 1667 1188 1706 suam
1256 1655 1462 1707 habere
1509 1652 1753 1706 Galenus
1783 1651 1953 1704 etiam

365 1743 503 1816 Tityi
531 1754 957 1798 commemorata
996 1744 1178 1798 fabula
1207 1746 1424 1814 probat,
1461 1745 1514 1797 in
1547 1745 1690 1798 libro
1721 1743 1948 1813 quidem

361 1851 430 1889 eo
474 1839 562 1890 cui
600 1835 979 1908 Diagnostices
1025 1837 1248 1890 titulum
1298 1834 1452 1899 fecit,
1505 1837 1666 1904 jecur
1702 1837 1824 1904 ejus
1879 1834 1951 1890 ab

362 1930 541 1998 aquila
573 1932 814 1996 comedi,
852 1930 908 1983 in
943 1931 1116 1984 altero
1149 1938 1332 1983 autem
1365 1929 1502 1983 libro
1539 1929 1799 1998 singulari
1857 1929 1949 2000 qui

363 2033 448 2076 est
470 2022 538 2076 de
555 2023 720 2076 animi
743 2023 1009 2086 moribus,
1025 2037 1067 2080 ,a
1087 2021 1401 2076 vulturibus
1423 2020 1677 2075 devorari
1706 2021 1950 2078 tradens.

365 2115 584 2169 Etenim
613 2111 805 2185 Tityus
859 2114 967 2179 hic,
1021 2121 1080 2167 ut
1121 2125 1326 2168 exterae
1385 2113 1698 2182 disciplina:
1735 2112 1951 2171 ,fabulis

363 2207 742 2267 continentur.
780 2205 1042 2260 Latonam
1079 2205 1368 2258 adamasse
1415 2203 1757 2272 perhibetur,
1800 2217 1952 2257 eam-

370 2315 476 2365 que
507 2288 576 2351 ob
603 2313 826 2350 causam
856 2298 924 2350 ab
963 2296 1108 2349 illius
1135 2295 1322 2350 liberis
1355 2293 1612 2364 Apolline
1659 2310 1722 2348 ac
1778 2294 1949 2348 Diana

369 2389 636 2459 supplicio
674 2389 934 2451 affectus,
990 2386 1202 2442 Caleno
1231 2387 1450 2458 quidem
1484 2396 1742 2441 narrante
1771 2387 1949 2440 homi-

373 2497 494 2536 nem
549 2481 628 2535 vel
679 2481 746 2534 ab
779 2481 956 2549 aquila
996 2480 1080 2533 vel
1132 2496 1162 2533 a
1190 2479 1503 2534 vulturibus
1531 2479 1784 2542 absumi,
1832 2479 1952 2533 aliis

371 2588 503 2627 vero
535 2572 884 2628 tradentibus
910 2571 1124 2642 sagittis
1148 2587 1273 2625 eum
1302 2570 1471 2625 fuisse
1494 2573 1794 2636 confixum,
1829 2587 1956 2640 qua:

367 2663 588 2732 quidem
618 2663 795 2716 adhuc
822 2660 1056 2731 jecinori
1081 2663 1202 2730 ejus
1243 2661 1566 2714 inhaereant.
1626 2661 1699 2714 De
1726 2675 1832 2727 quo
1869 2661 1954 2712 in—

371 2753 531 2824 telligi
585 2769 692 2806 non
723 2754 954 2808 obscure
987 2764 1164 2818 potest
1205 2762 1552 2824 appetentem
1606 2747 1804 2807 animae
1841 2753 1948 2808 vim

307 2837 314 2847 ’
368 2861 493 2901 esse
520 2845 572 2900 in
598 2846 842 2914 jecinore
869 2847 1061 2900 sitam.

438 2940 617 3009 Atque
651 2938 754 2992 hoc
786 2938 905 2992 loco
957 2938 1087 3006 quid
1131 2937 1230 2994 sim
1289 2938 1538 2994 dicturus
1584 2935 1950 2998 censiderato.

367 3032 506 3086 Cum
552 3031 787 3086 rationis
820 3029 1052 3084 facultas
1087 3029 1379 3100 imperium
1415 3031 1628 3086 obtinet
1663 3033 1824 3118 eiqu.e
1871 3032 1952 3088 vis

371 3124 660 3179 irascibilis
706 3134 883 3192 paret,
916 3133 1212 3193 appetente
1240 3124 1524 3178 debilitate
1554 3129 1954 3196 summisseque

367 3230 427 3271 se
450 3225 694 3287 gerente,
729 3225 841 3268 tum
881 3230 1010 3268 vero
1055 3215 1216 3283 112
1252 3229 1357 3269 nec
1386 3216 1825 3285 intemperanter
1853 3226 1950 3272 bo-

2052 1005 2290 1074 οἴκησιν,
2328 1005 2391 1058 τὸ
2415 1005 2472 1058 δὲ
2501 1004 2719 1074 λογικὸν
2747 1007 2805 1058 ὲν
2837 1003 2988 1074 αὐτῷ
3015 1005 3092 1075 τῷ
3124 1006 3439 1076 ἐγκεφάλῳ.
3465 1005 3640 1060 Τοῦτο

2054 1099 2156 1165 μὲν
2185 1093 2279 1151 οὖν
2304 1098 2365 1150 τὸ
2395 1097 2614 1165 λογικὸν
2636 1097 2932 1166 ἐχαρίσατό
2963 1113 3046 1150 σοι
3075 1098 3104 1149 6
3125 1097 3233 1151 τῶν
3257 1097 3397 1150 ὅλων
3428 1098 3641 1167 πρύτα-

2053 1207 2156 1252 νις,
2203 1189 2292 1242 ἵνα
2331 1193 2604 1258 συμμάχῳ
2660 1189 2756 1241 καὶ
2785 1189 2864 1259 τῷ
2922 1188 3144 1260 θυμικῷ
3195 1190 3484 1259 χρώμενος
3518 1207 3641 1258 γεν-

2053 1281 2222 1344 ναίως
2243 1280 2570 1334 ἀνθίστασαι
2602 1281 2745 1333 κατὰ
2772 1280 2870 1347 τῆς
2913 1281 3112 1348 ἀλόγου
3145 1281 3240 1334 καὶ
3272 1281 3638 1352 βοσκηματὼ-

2052 1373 2177 1435 δους
2208 1373 2408 1441 ψυχῆς,
2444 1373 2543 1441 τῆς
2582 1372 2988 1443 ἐπιθυμητικῆς
3026 1374 3263 1445 δηλαδήσ
3305 1371 3416 1428 οἵδε
3462 1379 3574 1446 γὰρ
3609 1379 3637 1429 6

2051 1466 2154 1534 τῆς
2192 1463 2410 1534 φύσεως
2435 1464 2700 1533 δεσπότης
2732 1465 2833 1532 ὅση
2865 1481 2970 1534 περ
2997 1465 3212 1533 ἐκείνης
3236 1466 3385 1518 ἐστὶν
3408 1468 3442 1538 ἡ
3468 1467 3634 1538 ὁρμή·

2059 1557 2186 1610 Ὅτι
2221 1557 2279 1609 δὲ
2323 1557 2382 1609 τὸ
2411 1557 2510 1625 τῆς
2547 1555 2723 1625 ψυχῆς
2762 1556 3156 1626 ἐπιθυμητικὸν
3188 1559 3338 1630 αύτῷ
3373 1559 3451 1628 τῷ
3469 1559 3638 1629 ἥπατι
3681 1581 3696 1609 ·.

2053 1651 2111 1718 ἐγ
2123 1650 2467 1721 καθίδρυται,
2503 1649 2596 1702 καὶ
2629 1650 2720 1701 τὸν
2748 1649 2942 1702 Τιτυὸν
2968 1651 3208 1720 παράγει
3237 1652 3266 1704 6
3291 1651 3534 1722 Γαληνὸς
3561 1655 3639 1716 εἰς

2055 1745 2318 1799 σύστασιν
2352 1745 2544 1799 τούτου
2593 1745 2690 1798 τοῦ
2711 1744 2982 1814 λόγου,μὲν
3032 1746 3131 1816 μὲν
3179 1749 3243 1817 τῇ
3273 1746 3637 1818 διαγνωστικῇ

2053 1837 2220 1890 αὑτοῦ
2255 1838 2359 1890 ύπδ
2415 1837 2575 1892 ἀετοῦ
2609 1839 2784 1905 λέγων
2832 1839 3000 1892 αὑτοῦ
3052 1840 3439 1895 κατεσθίεσθαι
3488 1843 3547 1896 τὸ
3572 1837 3636 1913 ἧι

1982 1981 2024 2036 Β
2052 1945 2192 1998 παρ,
2234 1930 2290 1982 ὲν
2323 1929 2380 1982 δὲ
2408 1930 2484 1999 τῷ
2519 1931 2650 2000 περὶ
2673 1931 2822 2036 ἠθῶν
2848 1931 3030 2002 ψυχῆς
3075 1933 3378 2004 μονοὸῑὸλῳ
3409 1935 3522 1988 ὑπὸ
3547 1953 3637 2003 γυο

2055 2021 2192 2074 πῶν.
2237 2021 2295 2075 '0
2327 2021 2435 2091 γὰρ
2463 2022 2656 2084 Τιτυὸς
2689 2015 2844 2086 οὗτος
2877 2025 3022 2079 κατὰ
3047 2025 3144 2096 τὴν
3169 2027 3273 2093 ἔξω
3309 2029 3636 2100 μυθολογίαν

2054 2114 2352 2185 ἐρασθῆναι
2384 2114 2604 2183 λέγεται
2625 2117 2723 2186 τῆς
2764 2117 2995 2189 Λητοῦς,
3029 2121 3114 2190 ἐφ’
3145 2113 3188 2189 ᾧ
3217 2123 3311 2175 καὶ
3351 2126 3506 2194 παρὰ
3530 2123 3636 2179 τῶν

2054 2207 2259 2259 παίδων
2287 2206 2457 2274 αὐτῆς
2476 2207 2815 2272 Ἀπόλλωνός
2840 2227 2900 2263 τε
2939 2213 3034 2265 καὶ
3063 2213 3384 2282 ’Δρτέμιδος
3411 2215 3632 2270 κολάσει

2054 2297 2562 2368 καθυποσληθῆναι,
2620 2299 2714 2352 καὶ
2761 2299 2901 2352 κατὰ
2957 2301 3058 2369 μὲν
3109 2301 3200 2354 τὸν
3247 2302 3287 2353 Γ
3289 2302 3488 2373 αληνὸν
3535 2302 3632 2357 ὑπὸ

2054 2388 2211 2441 ἀετοῦ
2257 2389 2369 2442 εἴτε
2417 2392 2512 2442 καὶ
2549 2389 2743 2458 γυπῶν
2787 2391 2848 2443 τὸ
2895 2387 3049 2463 ἧπαρ
3076 2393 3377 2454 ἐσθίεσθαι.
3405 2396 3550 2448 κατὰ
3578 2395 3630 2447 δέ

2054 2495 2206 2538 τινας
2241 2477 2438 2541 ἄλλους
2474 2477 2797 2549 τοξευθῆναι
2847 2480 3011 2534 αὐτὸν
3059 2479 3354 2533 κάντεῦθεν
3385 2480 3533 2550 ἔχειν
3568 2482 3632 2532 τὰ

2055 2569 2184 2641 βέλη
2223 2570 2632 2642 ὲμπεπαρμένα
2669 2571 2747 2642 τῷ
2776 2571 2968 2642 ἥπατι.
2994 2573 3232 2646 Εύδηλον
3263 2572 3356 2627 οὖν
3383 2572 3633 2629 ἐντεῦθεν

2053 2662 2130 2733 τῷ
2157 2663 2329 2733 ἥπατι
2361 2663 2423 2716 τὸ
2454 2665 2554 2736 τῆς
2582 2663 2757 2735 ψυχῆς
2794 2665 3198 2737 ἐπιθυμητικόν
3224 2667 3362 2722 ἐστι.

2127 2933 2372 3006 Πρόσεχε
2388 2935 2779 2994 λοιπόν.⁶’οταν
2805 2928 2904 3011 μὲν
2927 2939 3036 3011 γὰρ
3056 2940 3116 2994 τὸ
3136 2941 3446 3010 λογιστικὸν
3466 2945 3628 3016 ἄρχῃ,

2056 3027 2381 3098 πειθόμενον
2412 3029 2511 3098 μὲν
2545 3031 2729 3104 ὲαυτῷ
2757 3031 2817 3088 τδ
2839 3031 3121 3102 θυμοειδὲς
3147 3034 3295 3104 ἕχον,
3328 3037 3554 3097 ἀσθενὲς
3577 3037 3629 3090 δὲ

2055 3122 2150 3174 καὶ
2203 3121 2456 3175 ταπεινὸν
2512 3122 2572 3176 τὸ
2624 3123 3053 3192 ἐπιθυμητικὸν,
3107 3125 3236 3181 οὔτε
3267 3129 3570 3191 ἀκόλαστος
3601 3130 3630 3182 6

2054 3211 2296 3276 τοιοῦτος
2341 3213 2454 3284 βίος
2485 3215 2612 3269 οὔτε
2639 3211 2752 3271 οἷον
2781 3219 2830 3271 ol
2857 3217 3052 3291 λῃσταὶ
3086 3220 3262 3290 βιοῦσι
3293 3223 3388 3275 καὶ
3429 3222 3629 3292 τύραν-

366 3306 545 3360 mines
571 3306 782 3369 vivunt,
824 3320 924 3359 nec
977 3307 1297 3374 pra-donum
1337 3315 1431 3360 aut
1488 3316 1844 3376 tjrannorum
1897 3310 1950 3362 in

2058 3319 2155 3369 νοι,
2195 3302 2328 3358 ἀλλά
2383 3306 2581 3376 σεμνὸς
2640 3308 2815 3378 πάντη
2871 3311 2967 3363 καὶ
3007 3310 3234 3374 δίκαιος.
3273 3313 3383 3366 Καὶ
3439 3313 3628 3366 τούτου

371 3407 604 3456 morem,
635 3395 727 3446 sed
779 3393 1008 3446 honesta
1042 3394 1200 3461 plane
1251 3395 1508 3464 iustaque
1560 3396 1668 3450 vita
1714 3398 1949 3468 degitur.

370 3482 483 3538 Hoc
517 3487 584 3538 de
615 3499 674 3538 re
703 3484 942 3539 dubitari
979 3501 1085 3540 non
1113 3485 1300 3541 debet.
1338 3486 1473 3541 Nam
1506 3487 1549 3543 si
1578 3503 1665 3544 res
1694 3488 1770 3544 ita
1801 3505 1952 3545 com-

371 3583 557 3644 parata
591 3589 701 3627 non
731 3573 895 3640 foret,
935 3577 1061 3630 etsi
1094 3579 1346 3647 corporis
1367 3579 1424 3634 in
1449 3581 1641 3636 eadem
1674 3594 1950 3639 structura

370 3678 478 3738 non
514 3663 602 3716 hic
627 3661 1020 3725 affectionibus
1066 3664 1210 3720 foret
1245 3667 1544 3733 obnoxius,
1577 3669 1668 3725 ille
1699 3687 1759 3727 se
1786 3688 1948 3743 supc-

371 3753 572 3808 riorem
607 3754 679 3808 iis
715 3755 1046 3824 declararet,
1074 3772 1418 3828 nequaquam
1449 3776 1686 3831 magnus
1725 3764 1817 3820 ille
1856 3765 1956 3820 Ba-

372 3845 528 3899 silius
575 3845 776 3900 lsaiam
834 3857 1015 3904 vatem
1060 3865 1332 3908 enarrans
1379 3855 1650 3922 quosdam
1681 3871 1714 3910 a
1755 3867 1954 3913 natura

373 3939 682 4006 praecellere
707 3938 919 3996 diceret
949 3942 1096 4011 aliis,
1127 3953 1178 3998 et
1209 3942 1382 4013 ipsius
1405 3949 1574 4000 etiam
1602 3948 1782 4002 carnis
1806 3964 1954 4004 com-

375 4029 654 4094 paratione
679 4031 869 4084 multis
905 4043 1190 4098 praestare,
1229 4033 1346 4088 sive
1369 4035 1426 4088 in
1451 4036 1691 4091 scientiae
1719 4038 1952 4103 alicujus

376 4120 733 4188 perceptione
760 4120 879 4175 sive
914 4121 970 4176 in
998 4123 1146 4176 cultu
1180 4124 1423 4182 virtutis.
1481 4126 1618 4182 llinc
1647 4129 1834 4185 videre
1867 4141 1952 4186 est

377 4207 558 4261 varios
613 4208 890 4274 homines,
949 4220 1320 4281 temperantes
1390 4224 1445 4270 et
1501 4217 1949 4288 intemperantes,

376 4297 666 4351 iracundos
698 4307 752 4352 et
776 4299 957 4368 mites,
992 4302 1292 4372 prudentes
1323 4313 1379 4360 et
1405 4307 1659 4372 stolidos,
1695 4318 1754 4364 ut
1787 4327 1950 4381 supra

376 4399 595 4454 quoque
622 4388 963 4446 monuimus.
999 4395 1178 4460 Atque
1206 4393 1323 4449 haec
1353 4394 1423 4450 de
1450 4398 1766 4455 conditione
1799 4402 1952 4457 dete-

377 4478 522 4532 riore
568 4481 624 4534 in
667 4481 863 4538 melius
916 4488 1243 4541 commutari
1295 4499 1546 4557 possunt,
1595 4506 1661 4546 ac
1707 4492 1947 4549 vicissim

376 4583 409 4622 a
448 4569 590 4624 bono
623 4570 680 4624 in
704 4572 862 4642 pejus
888 4573 1013 4637 licet
1043 4574 1359 4644 deflectere,
1387 4580 1848 4649 quemadmodum
1881 4599 1948 4639 ex

2057 3395 2218 3464 χάριν
2263 3396 2637 3465 ἁμφιόάλλειν
2675 3399 2734 3452 ού
2761 3401 2888 3471 χρή.
2936 3401 2997 3455 Ei
3041 3403 3116 3471 μὴ
3151 3404 3259 3472 γὰρ
3283 3403 3440 3455 τοῦτο
3466 3400 3559 3469 ἦν,
3585 3406 3632 3457 ei

2058 3484 2136 3555 μὴ
2190 3485 2250 3550 ἐξ
2305 3486 2474 3556 αὐτῆς
2526 3487 2628 3557 τῆς
2661 3487 2916 3559 σώματος
2954 3493 3307 3563 κατασκευῆς
3350 3487 3510 3559 οὗτος
3537 3496 3633 3564 μὲν

2056 3567 2161 3623 ὑπὸ
2194 3571 2385 3626 παθῶν
2423 3574 2649 3645 ἥττητο,
2678 3577 2886 3642 ἐκεῖνος
2919 3579 2974 3632 δὲ
3017 3581 3180 3634 πάλιν
3219 3583 3506 3655 ἐγκρατὴς
3539 3585 3634 3637 αὖ·

2054 3662 2164 3717 τῶν
2205 3665 2590 3732 κατεφαίνετο,
2637 3668 2739 3724 οὐκ
2803 3671 2871 3724 ἂν
2907 3673 2937 3726 6
2991 3674 3166 3743 μέγας
3217 3676 3498 3741 Βασίλειος
3545 3679 3635 3732 τὸν

2056 3753 2344 3824 προφήτην
2385 3755 2612 3812 Ἡσαΐαν
2641 3757 3012 3830 ἐξηγούμενος
3037 3765 3230 3835 εἰσῆγέ
3255 3782 3409 3831 τινας
3437 3770 3506 3822 ἐκ
3538 3767 3635 3838 φύ-

2058 3859 2197 3905 σεως
2235 3843 2461 3914 ἔχοντάς
2513 3864 2639 3902 τινα
2678 3851 3076 3922 προτερήματα
3125 3856 3220 3908 καὶ
3251 3856 3395 3910 κατά
3434 3873 3501 3925 γε
3541 3857 3634 3927 τὴν

2058 3934 2348 4006 σύγκρισιν
2375 3937 2474 4007 τῆς
2507 3939 2712 4010 σαρκὸς
2742 3941 2953 3995 πολλῶν
2995 3943 3361 4016 διαφέροντας
3393 3949 3476 4008 εἰς
3507 3949 3634 4002 ἀνά-

2055 4025 2221 4096 ληψιν
2260 4029 2631 4100 ἐπιστήμηςῆ
2679 4031 2915 4102 ἄσκησιν
2959 4034 3184 4106 ἀρετῆς.
3223 4038 3508 4092 Ἐντεῦθεν
3546 4033 3637 4094 οὖν

2055 4117 2152 4170 καὶ
2181 4118 2439 4189 σώφρονα
2469 4119 2567 4174 ἴδοι
2598 4138 2686 4185 τις
2723 4124 2789 4177 ἂν
2824 4125 2917 4178 καὶ
2944 4126 3260 4190 ἀκόλαστον,
3295 4129 3519 4200 θυμώδη
3545 4133 3635 4184 καὶ

2061 4211 2260 4280 πρᾶον,
2313 4212 2587 4284 ἐχέφρονα
2629 4217 2725 4268 καὶ
2777 4216 2854 4288 μὴ
2905 4218 3170 4285 τοιοῦτον,
3210 4221 3402 4294 ὥσπερ
3445 4223 3513 4295 δὴ
3546 4225 3632 4295 καὶ

2053 4302 2168 4366 τοῖς
2217 4300 2835 4378 ἔμπροσθενἐῐρηται.
2893 4311 3079 4366 Ταῦτα
3136 4315 3235 4383 μὲν
3276 4311 3369 4370 οὗν
3414 4317 3619 4371 δύναιτ’

2052 4390 2120 4446 ἄν
2172 4409 2259 4456 τις
2288 4395 2384 4449 ἐπὶ
2416 4397 2477 4449 τὸ
2524 4399 2774 4470 κρεῖττον
2803 4405 3140 4474 μεταφέρειν
3189 4406 3298 4459 ἀπὸ
3332 4407 3426 4460 τοῦ
3456 4410 3631 4478 χείρο-

2053 4499 2163 4550 νος,
2219 4486 2314 4540 καὶ
2367 4488 2462 4540 ἐπὶ
2523 4489 2604 4542 τὸ.
2634 4494 2817 4561 χεῖρον
2869 4489 2935 4547 αὖ
2981 4497 3345 4565 μετατρέπειν
3390 4501 3502 4551 ἀπὸ
3545 4499 3632 4554 τοί.

2053 4577 2383 4646 κρείττονος.
2429 4581 2538 4634 Καὶ
2584 4571 2745 4652 δῆλον
2771 4584 2830 4651 ἐξ
2861 4579 2938 4639 ὧν
2984 4587 3012 4638 6
3052 4586 3301 4656 θεολόγος
3336 4589 3635 4659 Γρηγόριος

380 4659 529 4714 hisce
558 4660 808 4732 Gregorii
837 4664 1097 4738 Tlieologi
1140 4669 1326 4724 verbis
1369 4673 1656 4740 perspicue
1687 4673 1949 4748 intelligi-

2058 4666 2280 4735 ἔλεγενο
2323 4688 2340 4721 ι
2391 4669 2652 4742 Ἀρκετὸν
2695 4675 2774 4746 τῷ
2806 4677 3022 4745 σώματι
3069 4679 3301 4749 ἡκακία
3345 4681 3532 4736 αὐτου.
3572 4682 3635 4736 Τί

381 4765 530 4803 Inus:
564 4752 736 4808 (Satis
760 4750 866 4820 εει,
902 4755 1103 4826 inquit,
1130 4760 1348 4828 corpori
1384 4776 1482 4815 sua
1519 4763 1808 4820 vitiositas.
1841 4767 1952 4822 Cur

375 4838 608 4894 flatinna:
641 4843 897 4897 materies
940 4847 1172 4916 amplior
1200 4850 1622 4920 suppeditetur?
1667 4869 1766 4908 cur
1813 4855 1947 4912 huic

377 4932 567 4986 bellum
586 4935 979 4989 nutrimentum
999 4937 1241 5008 largius?
1273 4951 1331 4996 ut
1357 4943 1714 5001 intractabilis
1737 4947 1948 5004 scilicet

375 5025 466 5076 liat
497 5039 558 5078 ac
602 5025 868 5081 rationem
903 5030 1166 5086 violentia
1202 5047 1300 5104 sua
1334 5047 1616 5104 superet.»
1684 5038 1945 5093 Animum

372 5113 535 5184 igitur
561 5115 854 5174 advertito.
895 5118 1163 5185 Quantam
1218 5124 1324 5178 sibi
1358 5127 1738 5191 vimqafferant
1770 5130 1947 5185 bomi-

374 5223 471 5260 nes
492 5207 526 5259 ii
559 5209 652 5276 qui
675 5208 816 5281 frugi
842 5211 1069 5280 quidem
1101 5230 1224 5270 esse
1256 5219 1487 5286 cupiunt
1520 5222 1798 5292 vitamque
1846 5239 1947 5278 an-

369 5299 598 5366 gelicam
633 5301 858 5368 imitari,
889 5319 1078 5360 verum
1134 5306 1446 5364 facultatem
1493 5322 1840 5383 appetentem
1891 5316 1944 5370 in

369 5405 429 5443 se
465 5389 695 5446 validam
719 5396 964 5449 sentiunt
989 5398 1213 5466 (etenim
1244 5410 1438 5456 natura
1473 5407 1702 5474 requirit
1733 5422 1797 5460 ea
1825 5423 1948 5476 qua:

372 5496 470 5533 sua
499 5491 668 5548 sunt;
716 5485 875 5554 cujus
922 5487 1187 5543 voluntati
1217 5499 1382 5560 atque
1419 5495 1662 5550 motibus
1690 5496 1951 5551 adversa-

377 5583 466 5628 tur
493 5578 738 5646 quisquis
785 5579 950 5634 vitam
993 5595 1156 5655 agere
1203 5594 1406 5640 castam
1439 5587 1722 5658 instituit),
1752 5605 1946 5659 quam-

387 5681 494 5724 oue
525 5672 656 5725 adeo
681 5689 844 5742 grave
872 5677 943 5732 sit
981 5694 1281 5750 repugnare
1327 5688 1534 5735 natura:
1577 5682 1735 5748 Velle,
1764 5684 1850 5738 cui
1875 5699 1951 5738 rc-

2054 4764 2110 4817 δὲ
2135 4765 2218 4818 δεῖ
2248 4769 2312 4837 τῇ
2350 4766 2505 4837 φλογὶ
2537 4771 2781 4835 πλείονος
2818 4772 2971 4844 ὕλης,
3010 4775 3087 4845 τῷ
3119 4775 3292 4847 θηρίῳ
3321 4776 3636 4846 δαψιλεστέ-

2057 4873 2160 4925 pa;
2181 4857 2428 4928 τροφῆςις
2485 4861 2572 4915 ἵνα
2609 4862 2975 4920 δυσκάθεκτον
3013 4867 3240 4937 γένηται
3287 4871 3384 4922 καὶ
3420 4871 3513 4925 τοῦ
3552 4873 3636 4926 )0-

2054 4949 2256 5018 γισμοῦ
2314 4951 2647 5024 βιαιότερον.
2696 4974 2717 5008 ι
2755 4957 3146 5031 Πρόσεχε,οὒν
3199 4963 3301 5017 ὅσα
3355 4964 3632 5032 βιάζουσιν

2054 5041 2280 5106 ἑαυτοὺς
2307 5045 2356 5098 οε
2402 5044 2646 5112 θέλοντες
2692 5053 2794 5119 μὲν
2849 5058 3174 5124 σωφρονεῖν,
3218 5056 3439 5127 ἔχοντες
3483 5058 3538 5110 δὲ
3571 5059 3633 5110 τὸ

2053 5132 2450 5216 ὲπιθυμητιξιὸν
2494 5140 2748 5210 ἰσχυρόν·
2790 5144 2822 5213 ἡ
2859 5146 2959 5212 μὲν
2987 5149 3094 5216 γὰρ
3139 5148 3299 5217 φύσις
3333 5151 3402 5203 τὰ
3432 5149 3630 5219 ἑαυτῆς

2053 5226 2111 5292 ἐξ
2137 5227 2381 5300 ἀνάγκης
2410 5231 2679 5302 ἐπιζητεῖ,
2705 5237 2734 5290 6
2769 5236 2824 5290 δὲ
2866 5239 3119 5306 ἁγνεύειν
3152 5242 3481 5312 αἱρούμενος
3515 5247 3627 5304 τοῖς

2055 5317 2325 5388 θελήμασι
2355 5323 2454 5393 τῆς
2488 5326 2692 5396 σαρκὸς
2719 5330 3038 5384 ἀντιπίπτει
3067 5334 3161 5386 καὶ
3189 5332 3308 5403 βίον
3342 5335 3630 5404 ἀγγελικὺν

2057 5411 2345 5479 μιμεῖσθαι
2376 5414 2691 5482 φιλονεικεῖ.
2720 5419 2886 5474 Ὅσον
2923 5421 2980 5474 δὲ
3027 5423 3171 5493 βαρὺ
3201 5424 3261 5476 τδ
3293 5427 3431 5492 πρὸς
3467 5423 3629 5496 φύσιν

2055 5501 2348 5572 μάχεσθαι,
2382 5506 2475 5558 καὶ
2501 5502 2612 5560 οἷον
2639 5510 2890 5566 ἐντεῦθεν
2920 5513 2982 5567 τὸ
3005 5514 3264 5582 ἔπαθλον,
3301 5518 3330 5570 6
3365 5517 3464 5585 τῆς
3505 5514 3630 5568 lui.

2059 5611 2232 5662 μακος
2270 5595 2522 5668 Ἰωάννης
2545 5602 2571 5652 6
2598 5601 2902 5669 ἀγιώτατος
2931 5607 3196 5678 ἐδήλωσεν
3222 5609 3395 5673 οὕτως
3426 5607 3624 5662 εἰπών·

2066 5705 2085 5737 ι
2134 5685 2192 5739 '0
2254 5688 2411 5758 σῶμα
2463 5693 2691 5762 νικήσας
2737 5695 2898 5765 φύσιν
2952 5701 3234 5772 ἐνίκησιν·
3296 5705 3324 5755 6
3374 5701 3429 5754 δὲ
3470 5702 3628 5770 φύσιν
