  <div class='ocr_page' id='page_1' title='image "/cluster/home/n/w/nwhite01/storage/ocr_20150623/158/mdp.39015078384701/150.png"; bbox 0 0 3862 6228; ppageno 0'>
   <div class='ocr_carea' id='block_1_1' title="bbox 169 325 259 406">
    <p class='ocr_par' dir='ltr' id='par_1_1' title="bbox 169 325 259 406">
     <span class='ocr_line' id='line_1_1' title="bbox 169 325 259 406; baseline -0.044 0"><span class='ocrx_word' id='word_1_1' title='bbox 169 325 259 406; x_wconf 72' lang='lat'><strong>225</strong></span> 
     </span>
    </p>
   </div>
   <div class='ocr_carea' id='block_1_2' title="bbox 1413 321 2152 390">
    <p class='ocr_par' dir='ltr' id='par_1_2' title="bbox 1413 321 2152 390">
     <span class='ocr_line' id='line_1_2' title="bbox 1413 321 2152 390; baseline -0.001 -1"><span class='ocrx_word' id='word_1_2' title='bbox 1413 329 1816 390; x_wconf 61' lang='lat' dir='ltr'><strong>AN’NALIUlI</strong></span> <span class='ocrx_word' id='word_1_3' title='bbox 1865 326 2062 388; x_wconf 72' lang='lat' dir='ltr'>PARS</span> <span class='ocrx_word' id='word_1_4' title='bbox 2107 321 2152 388; x_wconf 83' lang='grc' dir='ltr'><strong>Ι.</strong></span> 
     </span>
    </p>
   </div>
   <div class='ocr_carea' id='block_1_3' title="bbox 3286 318 3391 383">
    <p class='ocr_par' dir='ltr' id='par_1_3' title="bbox 3286 318 3391 383">
     <span class='ocr_line' id='line_1_3' title="bbox 3286 318 3391 383; baseline -0.01 0"><span class='ocrx_word' id='word_1_5' title='bbox 3286 318 3391 383; x_wconf 73' lang='grc' dir='ltr'><strong>2ξὸ</strong></span> 
     </span>
    </p>
   </div>
   <div class='ocr_carea' id='block_1_4' title="bbox 168 429 1725 520">
    <p class='ocr_par' dir='ltr' id='par_1_4' title="bbox 168 440 1707 520">
     <span class='ocr_line' id='line_1_4' title="bbox 168 440 1707 520; baseline -0.009 -17"><span class='ocrx_word' id='word_1_6' title='bbox 168 453 372 520; x_wconf 76' lang='grc' dir='ltr'><strong>νικήσας</strong></span> <span class='ocrx_word' id='word_1_7' title='bbox 411 447 550 517; x_wconf 81' lang='grc' dir='ltr'>ὑπὲρ</span> <span class='ocrx_word' id='word_1_8' title='bbox 583 445 743 514; x_wconf 86' lang='grc' dir='ltr'>φύσιν</span> <span class='ocrx_word' id='word_1_9' title='bbox 773 444 987 512; x_wconf 82' lang='grc' dir='ltr'>ἐγένετο</span> <span class='ocrx_word' id='word_1_10' title='bbox 1011 457 1026 475; x_wconf 88' lang='grc'><strong>·</strong></span> <span class='ocrx_word' id='word_1_11' title='bbox 1067 443 1094 495; x_wconf 87' lang='lat'><strong>6</strong></span> <span class='ocrx_word' id='word_1_12' title='bbox 1128 441 1183 496; x_wconf 77' lang='grc' dir='ltr'>δὲ</span> <span class='ocrx_word' id='word_1_13' title='bbox 1224 441 1384 494; x_wconf 86' lang='grc' dir='ltr'>τοῦτο</span> <span class='ocrx_word' id='word_1_14' title='bbox 1414 440 1707 510; x_wconf 79' lang='grc' dir='ltr'>γενόμενος</span> 
     </span>
    </p>
   </div>
   <div class='ocr_carea' id='block_1_5' title="bbox 1831 429 3392 520">
    <p class='ocr_par' dir='ltr' id='par_1_5' title="bbox 1831 429 3392 505">
     <span class='ocr_line' id='line_1_5' title="bbox 1831 429 3392 505; baseline -0.002 -18"><span class='ocrx_word' id='word_1_15' title='bbox 1831 439 2048 505; x_wconf 74' lang='lat' dir='ltr'><strong>:pondet</strong></span> <span class='ocrx_word' id='word_1_16' title='bbox 2096 437 2266 505; x_wconf 81' lang='lat' dir='ltr'><strong>ipsius</strong></span> <span class='ocrx_word' id='word_1_17' title='bbox 2329 435 2492 487; x_wconf 85' lang='lat' dir='ltr'><strong>etiam</strong></span> <span class='ocrx_word' id='word_1_18' title='bbox 2546 429 2750 504; x_wconf 69' lang='lat' dir='ltr'><strong>prmtnii</strong></span> <span class='ocrx_word' id='word_1_19' title='bbox 2804 433 3135 505; x_wconf 73' lang='lat' dir='ltr'><strong>magnitudo.</strong></span> <span class='ocrx_word' id='word_1_20' title='bbox 3174 449 3392 491; x_wconf 71' lang='lat' dir='ltr'><strong>sanctus</strong></span> 
     </span>
    </p>
   </div>
   <div class='ocr_carea' id='block_1_6' title="bbox 169 532 1718 612">
    <p class='ocr_par' dir='ltr' id='par_1_6' title="bbox 169 532 1718 612">
     <span class='ocr_line' id='line_1_6' title="bbox 169 532 1718 612; baseline -0.007 -18"><span class='ocrx_word' id='word_1_21' title='bbox 169 540 326 612; x_wconf 85' lang='grc' dir='ltr'>βραχύ</span> <span class='ocrx_word' id='word_1_22' title='bbox 378 557 428 593; x_wconf 85' lang='grc' dir='ltr'><strong>τι</strong></span> <span class='ocrx_word' id='word_1_23' title='bbox 485 539 614 606; x_wconf 85' lang='grc' dir='ltr'>παρ’</span> <span class='ocrx_word' id='word_1_24' title='bbox 669 538 931 605; x_wconf 80' lang='grc' dir='ltr'><strong>ἀγγέλους</strong></span> <span class='ocrx_word' id='word_1_25' title='bbox 959 536 1289 604; x_wconf 76' lang='grc' dir='ltr'><strong>ἠλάττωται,</strong></span> <span class='ocrx_word' id='word_1_26' title='bbox 1325 535 1411 587; x_wconf 79' lang='grc' dir='ltr'>ἵνα</span> <span class='ocrx_word' id='word_1_27' title='bbox 1466 536 1538 603; x_wconf 73' lang='grc' dir='ltr'>μὴ</span> <span class='ocrx_word' id='word_1_28' title='bbox 1572 532 1718 597; x_wconf 84' lang='grc' dir='ltr'>λέγω</span> 
     </span>
    </p>
   </div>
   <div class='ocr_carea' id='block_1_7' title="bbox 172 619 1718 699">
    <p class='ocr_par' dir='ltr' id='par_1_7' title="bbox 172 619 1718 699">
     <span class='ocr_line' id='line_1_7' title="bbox 172 619 1718 699; baseline -0.01 -14"><span class='ocrx_word' id='word_1_29' title='bbox 172 630 342 699; x_wconf 75' lang='grc' dir='ltr'>μηδέν.</span> <span class='ocrx_word' id='word_1_30' title='bbox 384 646 402 680; x_wconf 71' lang='grc' dir='ltr'><strong>ι</strong></span> <span class='ocrx_word' id='word_1_31' title='bbox 454 627 694 698; x_wconf 82' lang='grc' dir='ltr'>Πρόσεχε</span> <span class='ocrx_word' id='word_1_32' title='bbox 726 625 782 678; x_wconf 81' lang='grc' dir='ltr'>δὲ</span> <span class='ocrx_word' id='word_1_33' title='bbox 833 626 912 678; x_wconf 84' lang='grc' dir='ltr'>ὅτι</span> <span class='ocrx_word' id='word_1_34' title='bbox 964 624 1058 676; x_wconf 79' lang='grc' dir='ltr'><strong>καὶ</strong></span> <span class='ocrx_word' id='word_1_35' title='bbox 1095 624 1302 693; x_wconf 83' lang='grc' dir='ltr'>σφόδρα</span> <span class='ocrx_word' id='word_1_36' title='bbox 1347 619 1718 690; x_wconf 82' lang='grc' dir='ltr'>βαρυαλγοῦσι</span> 
     </span>
    </p>
   </div>
   <div class='ocr_carea' id='block_1_8' title="bbox 166 709 1730 790">
    <p class='ocr_par' dir='ltr' id='par_1_8' title="bbox 166 709 1730 790">
     <span class='ocr_line' id='line_1_8' title="bbox 166 709 1730 790; baseline -0.01 -14"><span class='ocrx_word' id='word_1_37' title='bbox 166 724 248 776; x_wconf 81' lang='grc' dir='ltr'>καὶ</span> <span class='ocrx_word' id='word_1_38' title='bbox 272 723 519 790; x_wconf 74' lang='grc' dir='ltr'>ἄχθονται</span> <span class='ocrx_word' id='word_1_39' title='bbox 548 720 601 772; x_wconf 88' lang='grc' dir='ltr'>οἱ</span> <span class='ocrx_word' id='word_1_40' title='bbox 643 718 885 780; x_wconf 81' lang='grc' dir='ltr'>θέλοντες</span> <span class='ocrx_word' id='word_1_41' title='bbox 928 717 1028 785; x_wconf 86' lang='grc' dir='ltr'>μὲν</span> <span class='ocrx_word' id='word_1_42' title='bbox 1067 715 1388 784; x_wconf 78' lang='grc' dir='ltr'><strong>σωφρονεῖν,</strong></span> <span class='ocrx_word' id='word_1_43' title='bbox 1415 713 1630 782; x_wconf 64' lang='grc' dir='ltr'>ἔχοντες</span> <span class='ocrx_word' id='word_1_44' title='bbox 1661 709 1730 769; x_wconf 53' lang='grc' dir='ltr'><strong>δὲ,</strong></span> 
     </span>
    </p>
   </div>
   <div class='ocr_carea' id='block_1_9' title="bbox 167 795 1717 879">
    <p class='ocr_par' dir='ltr' id='par_1_9' title="bbox 167 795 1717 879">
     <span class='ocr_line' id='line_1_9' title="bbox 167 795 1717 879; baseline -0.009 -14"><span class='ocrx_word' id='word_1_45' title='bbox 167 816 219 866; x_wconf 69' lang='grc' dir='ltr'>τὸ</span> <span class='ocrx_word' id='word_1_46' title='bbox 253 811 641 879; x_wconf 74' lang='grc' dir='ltr'>ἐπιθυμητικὸν</span> <span class='ocrx_word' id='word_1_47' title='bbox 676 809 896 878; x_wconf 74' lang='grc' dir='ltr'>ἰσχυρὸν</span> <span class='ocrx_word' id='word_1_48' title='bbox 944 795 1266 875; x_wconf 79' lang='grc' dir='ltr'>πολυπληθῆ</span> <span class='ocrx_word' id='word_1_49' title='bbox 1301 821 1358 855; x_wconf 85' lang='grc' dir='ltr'><strong>τε</strong></span> <span class='ocrx_word' id='word_1_50' title='bbox 1402 804 1499 872; x_wconf 83' lang='grc' dir='ltr'><strong>τὴν</strong></span> <span class='ocrx_word' id='word_1_51' title='bbox 1530 802 1717 869; x_wconf 79' lang='grc' dir='ltr'>γονὴν,</span> 
     </span>
    </p>
   </div>
   <div class='ocr_carea' id='block_1_10' title="bbox 169 894 1717 974">
    <p class='ocr_par' dir='ltr' id='par_1_10' title="bbox 169 894 1717 974">
     <span class='ocr_line' id='line_1_10' title="bbox 169 894 1717 974; baseline -0.008 -17"><span class='ocrx_word' id='word_1_52' title='bbox 169 905 289 974; x_wconf 71' lang='grc' dir='ltr'>πρὸς</span> <span class='ocrx_word' id='word_1_53' title='bbox 323 901 497 966; x_wconf 81' lang='grc' dir='ltr'>ἔξοδον</span> <span class='ocrx_word' id='word_1_54' title='bbox 527 901 614 953; x_wconf 74' lang='grc' dir='ltr'>ἀεὶ</span> <span class='ocrx_word' id='word_1_55' title='bbox 636 900 998 968; x_wconf 76' lang='grc' dir='ltr'><strong>ἐπειγομένου</strong></span> <span class='ocrx_word' id='word_1_56' title='bbox 1024 896 1114 950; x_wconf 89' lang='grc' dir='ltr'><strong>τοῦ</strong></span> <span class='ocrx_word' id='word_1_57' title='bbox 1147 894 1488 966; x_wconf 71' lang='grc' dir='ltr'><strong>ἐνοχλοῦντος</strong></span> <span class='ocrx_word' id='word_1_58' title='bbox 1511 895 1717 953; x_wconf 81' lang='grc' dir='ltr'>αὐτοῖς’</span> 
     </span>
    </p>
   </div>
   <div class='ocr_carea' id='block_1_11' title="bbox 169 977 1722 1065">
    <p class='ocr_par' dir='ltr' id='par_1_11' title="bbox 169 977 1722 1065">
     <span class='ocr_line' id='line_1_11' title="bbox 169 977 1722 1065; baseline -0.01 -12"><span class='ocrx_word' id='word_1_59' title='bbox 169 997 344 1065; x_wconf 77' lang='grc' dir='ltr'>καὶμὴ</span> <span class='ocrx_word' id='word_1_60' title='bbox 385 998 529 1048; x_wconf 81' lang='grc' dir='ltr'>κατά</span> <span class='ocrx_word' id='word_1_61' title='bbox 569 1008 618 1045; x_wconf 88' lang='grc' dir='ltr'><strong>τι</strong></span> <span class='ocrx_word' id='word_1_62' title='bbox 647 993 974 1060; x_wconf 75' lang='grc' dir='ltr'>ἀμφίϐαλλε.</span> <span class='ocrx_word' id='word_1_63' title='bbox 1010 977 1071 1045; x_wconf 81' lang='lat' dir='ltr'><strong>Ei</strong></span> <span class='ocrx_word' id='word_1_64' title='bbox 1106 992 1212 1060; x_wconf 84' lang='grc' dir='ltr'>γ’ἁρ</span> <span class='ocrx_word' id='word_1_65' title='bbox 1239 993 1266 1043; x_wconf 98' lang='lat'><strong>6</strong></span> <span class='ocrx_word' id='word_1_66' title='bbox 1301 991 1556 1058; x_wconf 80' lang='grc' dir='ltr'><strong>Διογένης</strong></span> <span class='ocrx_word' id='word_1_67' title='bbox 1583 989 1722 1040; x_wconf 78' lang='grc' dir='ltr'>ὲκεί-</span> 
     </span>
    </p>
   </div>
   <div class='ocr_carea' id='block_1_12' title="bbox 167 1079 1717 1153">
    <p class='ocr_par' dir='ltr' id='par_1_12' title="bbox 167 1079 1717 1153">
     <span class='ocr_line' id='line_1_12' title="bbox 167 1079 1717 1153; baseline -0.01 -9"><span class='ocrx_word' id='word_1_68' title='bbox 167 1107 242 1151; x_wconf 86' lang='grc' dir='ltr'><strong>νος</strong></span> <span class='ocrx_word' id='word_1_69' title='bbox 275 1089 302 1141; x_wconf 94' lang='lat'><strong>6</strong></span> <span class='ocrx_word' id='word_1_70' title='bbox 325 1088 580 1151; x_wconf 70' lang='grc' dir='ltr'>Κυνικὸς,</span> <span class='ocrx_word' id='word_1_71' title='bbox 611 1086 667 1138; x_wconf 76' lang='grc' dir='ltr'>τὸ</span> <span class='ocrx_word' id='word_1_72' title='bbox 697 1086 796 1153; x_wconf 84' lang='grc' dir='ltr'><strong>τῆς</strong></span> <span class='ocrx_word' id='word_1_73' title='bbox 853 1086 1069 1151; x_wconf 73' lang='grc' dir='ltr'>φύσεως</span> <span class='ocrx_word' id='word_1_74' title='bbox 1117 1085 1278 1153; x_wconf 84' lang='grc' dir='ltr'>βάρος</span> <span class='ocrx_word' id='word_1_75' title='bbox 1319 1084 1419 1134; x_wconf 74' lang='grc' dir='ltr'><strong>οὐκ</strong></span> <span class='ocrx_word' id='word_1_76' title='bbox 1459 1079 1717 1145; x_wconf 70' lang='grc' dir='ltr'>ἐνεγκὼν,</span> 
     </span>
    </p>
   </div>
   <div class='ocr_carea' id='block_1_13' title="bbox 166 1162 1719 1241">
    <p class='ocr_par' dir='ltr' id='par_1_13' title="bbox 166 1162 1719 1241">
     <span class='ocr_line' id='line_1_13' title="bbox 166 1162 1719 1241; baseline -0.006 -9"><span class='ocrx_word' id='word_1_77' title='bbox 166 1179 434 1232; x_wconf 70' lang='grc' dir='ltr'>καὶταῦτα</span> <span class='ocrx_word' id='word_1_78' title='bbox 464 1162 716 1231; x_wconf 76' lang='grc' dir='ltr'>τοσοῦτον</span> <span class='ocrx_word' id='word_1_79' title='bbox 747 1176 1189 1237; x_wconf 81' lang='grc' dir='ltr'>ἀσκητικώτατος</span> <span class='ocrx_word' id='word_1_80' title='bbox 1226 1174 1324 1236; x_wconf 84' lang='grc' dir='ltr'><strong>ὢν,</strong></span> <span class='ocrx_word' id='word_1_81' title='bbox 1353 1175 1585 1241; x_wconf 84' lang='grc' dir='ltr'>γυναῖκα</span> <span class='ocrx_word' id='word_1_82' title='bbox 1619 1174 1719 1239; x_wconf 78' lang='grc' dir='ltr'><strong>ζη-</strong></span> 
     </span>
    </p>
   </div>
   <div class='ocr_carea' id='block_1_14' title="bbox 165 1263 1720 1341">
    <p class='ocr_par' dir='ltr' id='par_1_14' title="bbox 165 1263 1720 1341">
     <span class='ocr_line' id='line_1_14' title="bbox 165 1263 1720 1341; baseline -0.006 -17"><span class='ocrx_word' id='word_1_83' title='bbox 165 1271 306 1341; x_wconf 79' lang='grc' dir='ltr'>τῆσαι</span> <span class='ocrx_word' id='word_1_84' title='bbox 345 1271 559 1337; x_wconf 77' lang='grc' dir='ltr'>λέγεται</span> <span class='ocrx_word' id='word_1_85' title='bbox 590 1267 729 1322; x_wconf 83' lang='grc' dir='ltr'>ὥστε</span> <span class='ocrx_word' id='word_1_86' title='bbox 787 1268 850 1320; x_wconf 81' lang='grc' dir='ltr'><strong>τὸ</strong></span> <span class='ocrx_word' id='word_1_87' title='bbox 891 1265 1122 1337; x_wconf 76' lang='grc' dir='ltr'>βαρῦνον</span> <span class='ocrx_word' id='word_1_88' title='bbox 1177 1265 1480 1318; x_wconf 76' lang='grc' dir='ltr'>ἀποθέσθαι</span> <span class='ocrx_word' id='word_1_89' title='bbox 1521 1266 1615 1316; x_wconf 73' lang='grc' dir='ltr'>καὶ</span> <span class='ocrx_word' id='word_1_90' title='bbox 1660 1263 1720 1314; x_wconf 75' lang='grc' dir='ltr'>τὸ</span> 
     </span>
    </p>
   </div>
   <div class='ocr_carea' id='block_1_15' title="bbox 166 1354 1719 1426">
    <p class='ocr_par' dir='ltr' id='par_1_15' title="bbox 166 1354 1719 1426">
     <span class='ocr_line' id='line_1_15' title="bbox 166 1354 1719 1426; baseline -0.004 -15"><span class='ocrx_word' id='word_1_91' title='bbox 166 1358 336 1412; x_wconf 72' lang='grc' dir='ltr'>ἑαυτοῦ</span> <span class='ocrx_word' id='word_1_92' title='bbox 367 1359 527 1426; x_wconf 82' lang='grc' dir='ltr'>σῶμα</span> <span class='ocrx_word' id='word_1_93' title='bbox 557 1357 837 1426; x_wconf 79' lang='grc' dir='ltr'>κουφίσαι,</span> <span class='ocrx_word' id='word_1_94' title='bbox 879 1357 932 1409; x_wconf 81' lang='grc' dir='ltr'><strong>τί</strong></span> <span class='ocrx_word' id='word_1_95' title='bbox 971 1355 1076 1426; x_wconf 75' lang='grc' dir='ltr'><strong>χρὴ</strong></span> <span class='ocrx_word' id='word_1_96' title='bbox 1108 1357 1202 1407; x_wconf 78' lang='grc' dir='ltr'>καὶ</span> <span class='ocrx_word' id='word_1_97' title='bbox 1233 1354 1413 1421; x_wconf 85' lang='grc' dir='ltr'>λέγειν</span> <span class='ocrx_word' id='word_1_98' title='bbox 1435 1356 1559 1406; x_wconf 82' lang='grc' dir='ltr'>ὅσον</span> <span class='ocrx_word' id='word_1_99' title='bbox 1586 1354 1719 1406; x_wconf 81' lang='grc' dir='ltr'>ὐπο-</span> 
     </span>
    </p>
   </div>
   <div class='ocr_carea' id='block_1_16' title="bbox 170 1443 1718 1518">
    <p class='ocr_par' dir='ltr' id='par_1_16' title="bbox 170 1443 1718 1518">
     <span class='ocr_line' id='line_1_16' title="bbox 170 1443 1718 1518; baseline -0.005 -18"><span class='ocrx_word' id='word_1_100' title='bbox 170 1448 366 1518; x_wconf 80' lang='grc' dir='ltr'>μένουσι</span> <span class='ocrx_word' id='word_1_101' title='bbox 395 1446 645 1515; x_wconf 84' lang='grc' dir='ltr'>κάματον</span> <span class='ocrx_word' id='word_1_102' title='bbox 671 1447 719 1499; x_wconf 75' lang='grc' dir='ltr'>οἱ</span> <span class='ocrx_word' id='word_1_103' title='bbox 749 1445 980 1515; x_wconf 71' lang='grc' dir='ltr'>σφοῗρὸν</span> <span class='ocrx_word' id='word_1_104' title='bbox 1011 1447 1129 1515; x_wconf 67' lang='grc' dir='ltr'>μὲν,</span> <span class='ocrx_word' id='word_1_105' title='bbox 1158 1444 1231 1508; x_wconf 88' lang='grc' dir='ltr'>ὼς</span> <span class='ocrx_word' id='word_1_106' title='bbox 1259 1445 1499 1514; x_wconf 76' lang='grc' dir='ltr'>εἴρηται,</span> <span class='ocrx_word' id='word_1_107' title='bbox 1522 1443 1718 1511; x_wconf 81' lang='grc' dir='ltr'>λαχόν-</span> 
     </span>
    </p>
   </div>
   <div class='ocr_carea' id='block_1_17' title="bbox 165 1536 1718 1608">
    <p class='ocr_par' dir='ltr' id='par_1_17' title="bbox 165 1536 1718 1608">
     <span class='ocr_line' id='line_1_17' title="bbox 165 1536 1718 1608; baseline -0.004 -16"><span class='ocrx_word' id='word_1_108' title='bbox 165 1557 242 1600; x_wconf 83' lang='grc' dir='ltr'><strong>τες</strong></span> <span class='ocrx_word' id='word_1_109' title='bbox 265 1538 320 1589; x_wconf 88' lang='grc' dir='ltr'><strong>τδ</strong></span> <span class='ocrx_word' id='word_1_110' title='bbox 358 1539 846 1606; x_wconf 65' lang='grc' dir='ltr'>ὲπιθυμητικὲν,ὲν</span> <span class='ocrx_word' id='word_1_111' title='bbox 875 1538 1063 1608; x_wconf 83' lang='grc' dir='ltr'>ἁγνείᾳ</span> <span class='ocrx_word' id='word_1_112' title='bbox 1089 1537 1144 1589; x_wconf 86' lang='grc' dir='ltr'>δὲ</span> <span class='ocrx_word' id='word_1_113' title='bbox 1175 1536 1467 1606; x_wconf 86' lang='grc' dir='ltr'>φυλάσσειν</span> <span class='ocrx_word' id='word_1_114' title='bbox 1494 1536 1718 1597; x_wconf 72' lang='grc' dir='ltr'>ἑαυτοὺς</span> 
     </span>
    </p>
   </div>
   <div class='ocr_carea' id='block_1_18' title="bbox 165 1622 1718 1701">
    <p class='ocr_par' dir='ltr' id='par_1_18' title="bbox 165 1622 1718 1701">
     <span class='ocr_line' id='line_1_18' title="bbox 165 1622 1718 1701; baseline -0.005 -17"><span class='ocrx_word' id='word_1_115' title='bbox 165 1626 623 1701; x_wconf 76' lang='grc' dir='ltr'>προθυμούμενοι;</span> <span class='ocrx_word' id='word_1_116' title='bbox 671 1629 988 1691; x_wconf 81' lang='grc' dir='ltr'>Ἐντεῦθεν,</span> <span class='ocrx_word' id='word_1_117' title='bbox 1048 1626 1330 1698; x_wconf 75' lang='grc' dir='ltr'>ἀγαπητὲ,</span> <span class='ocrx_word' id='word_1_118' title='bbox 1390 1627 1500 1679; x_wconf 80' lang='grc' dir='ltr'><strong>τῶν</strong></span> <span class='ocrx_word' id='word_1_119' title='bbox 1557 1622 1718 1678; x_wconf 78' lang='grc' dir='ltr'>ὁσίων</span> 
     </span>
    </p>
   </div>
   <div class='ocr_carea' id='block_1_19' title="bbox 164 1715 1713 1789">
    <p class='ocr_par' dir='ltr' id='par_1_19' title="bbox 164 1715 1713 1789">
     <span class='ocr_line' id='line_1_19' title="bbox 164 1715 1713 1789; baseline -0.003 -18"><span class='ocrx_word' id='word_1_120' title='bbox 164 1719 311 1782; x_wconf 83' lang='grc' dir='ltr'>τινὲς,</span> <span class='ocrx_word' id='word_1_121' title='bbox 359 1720 442 1772; x_wconf 74' lang='grc' dir='ltr'>ἵνα</span> <span class='ocrx_word' id='word_1_122' title='bbox 472 1719 575 1789; x_wconf 83' lang='grc' dir='ltr'>τὴν</span> <span class='ocrx_word' id='word_1_123' title='bbox 614 1721 852 1788; x_wconf 80' lang='grc' dir='ltr'>φυσικὴν</span> <span class='ocrx_word' id='word_1_124' title='bbox 909 1719 1255 1771; x_wconf 79' lang='grc' dir='ltr'>ἁποσδέσωσι</span> <span class='ocrx_word' id='word_1_125' title='bbox 1305 1716 1573 1785; x_wconf 84' lang='grc' dir='ltr'>πύρωσιν,</span> <span class='ocrx_word' id='word_1_126' title='bbox 1624 1715 1713 1766; x_wconf 73' lang='grc' dir='ltr'>καὶ</span> 
     </span>
    </p>
   </div>
   <div class='ocr_carea' id='block_1_20' title="bbox 1823 525 3388 580">
    <p class='ocr_par' dir='ltr' id='par_1_20' title="bbox 1823 525 3388 580">
     <span class='ocr_line' id='line_1_20' title="bbox 1823 525 3388 580; baseline 0.001 -1"><span class='ocrx_word' id='word_1_127' title='bbox 1823 528 1913 579; x_wconf 87' lang='lat' dir='ltr'><strong>ille</strong></span> <span class='ocrx_word' id='word_1_128' title='bbox 1955 527 2035 578; x_wconf 76' lang='lat' dir='ltr'><strong>vir</strong></span> <span class='ocrx_word' id='word_1_129' title='bbox 2062 525 2301 578; x_wconf 81' lang='lat' dir='ltr'><strong>Joannes</strong></span> <span class='ocrx_word' id='word_1_130' title='bbox 2335 536 2525 578; x_wconf 89' lang='lat' dir='ltr'><strong>auctor</strong></span> <span class='ocrx_word' id='word_1_131' title='bbox 2549 527 2707 579; x_wconf 70' lang='lat' dir='ltr'><strong>scalae</strong></span> <span class='ocrx_word' id='word_1_132' title='bbox 2736 528 2884 580; x_wconf 90' lang='lat' dir='ltr'><strong>hisce</strong></span> <span class='ocrx_word' id='word_1_133' title='bbox 2907 527 3088 579; x_wconf 80' lang='lat' dir='ltr'><strong>verbis</strong></span> <span class='ocrx_word' id='word_1_134' title='bbox 3114 527 3388 580; x_wconf 74' lang='lat' dir='ltr'><strong>declarat:</strong></span> 
     </span>
    </p>
   </div>
   <div class='ocr_carea' id='block_1_21' title="bbox 1831 617 3477 688">
    <p class='ocr_par' dir='ltr' id='par_1_21' title="bbox 1831 617 3477 688">
     <span class='ocr_line' id='line_1_21' title="bbox 1831 617 3477 688; baseline 0.004 -20"><span class='ocrx_word' id='word_1_135' title='bbox 1831 617 1959 683; x_wconf 68' lang='lat' dir='ltr'><strong>«Qui</strong></span> <span class='ocrx_word' id='word_1_136' title='bbox 2021 631 2222 686; x_wconf 91' lang='lat' dir='ltr'><strong>corpus</strong></span> <span class='ocrx_word' id='word_1_137' title='bbox 2273 618 2420 676; x_wconf 87' lang='lat' dir='ltr'><strong>vicit,</strong></span> <span class='ocrx_word' id='word_1_138' title='bbox 2473 626 2722 670; x_wconf 75' lang='lat' dir='ltr'><strong>naturam</strong></span> <span class='ocrx_word' id='word_1_139' title='bbox 2771 618 2940 684; x_wconf 85' lang='lat' dir='ltr'><strong>vicit;</strong></span> <span class='ocrx_word' id='word_1_140' title='bbox 2993 619 3084 688; x_wconf 90' lang='lat' dir='ltr'><strong>qui</strong></span> <span class='ocrx_word' id='word_1_141' title='bbox 3141 627 3390 673; x_wconf 88' lang='lat' dir='ltr'><strong>naturam</strong></span> <span class='ocrx_word' id='word_1_142' title='bbox 3475 673 3477 675; x_wconf 92' lang='lat'><em>_</em></span> 
     </span>
    </p>
   </div>
   <div class='ocr_carea' id='block_1_22' title="bbox 1824 707 3476 785">
    <p class='ocr_par' dir='ltr' id='par_1_22' title="bbox 1824 707 3476 785">
     <span class='ocr_line' id='line_1_22' title="bbox 1824 707 3476 785; baseline 0.002 -24"><span class='ocrx_word' id='word_1_143' title='bbox 1824 708 1977 772; x_wconf 75' lang='lat' dir='ltr'><strong>vicit,</strong></span> <span class='ocrx_word' id='word_1_144' title='bbox 2006 723 2170 776; x_wconf 85' lang='lat' dir='ltr'><strong>supra</strong></span> <span class='ocrx_word' id='word_1_145' title='bbox 2217 719 2467 761; x_wconf 86' lang='lat' dir='ltr'><strong>naturam</strong></span> <span class='ocrx_word' id='word_1_146' title='bbox 2514 717 2690 762; x_wconf 83' lang='lat' dir='ltr'><strong>semet</strong></span> <span class='ocrx_word' id='word_1_147' title='bbox 2724 707 2954 774; x_wconf 80' lang='lat' dir='ltr'><strong>extulit;</strong></span> <span class='ocrx_word' id='word_1_148' title='bbox 2990 711 3092 764; x_wconf 91' lang='lat' dir='ltr'><strong>hoc</strong></span> <span class='ocrx_word' id='word_1_149' title='bbox 3129 711 3220 776; x_wconf 85' lang='lat' dir='ltr'><strong>qui</strong></span> <span class='ocrx_word' id='word_1_150' title='bbox 3260 727 3392 766; x_wconf 61' lang='lat' dir='ltr'><strong>coua</strong></span> <span class='ocrx_word' id='word_1_151' title='bbox 3473 783 3476 785; x_wconf 7' lang='grc' dir='ltr'><strong>γ</strong></span> 
     </span>
    </p>
   </div>
   <div class='ocr_carea' id='block_1_23' title="bbox 1827 801 3393 877">
    <p class='ocr_par' dir='ltr' id='par_1_23' title="bbox 1827 801 3393 877">
     <span class='ocr_line' id='line_1_23' title="bbox 1827 801 3393 877; baseline 0.004 -25"><span class='ocrx_word' id='word_1_152' title='bbox 1827 810 2055 866; x_wconf 85' lang='lat' dir='ltr'><strong>secutus</strong></span> <span class='ocrx_word' id='word_1_153' title='bbox 2107 809 2210 863; x_wconf 89' lang='lat' dir='ltr'><strong>est,</strong></span> <span class='ocrx_word' id='word_1_154' title='bbox 2241 801 2462 869; x_wconf 91' lang='lat' dir='ltr'><strong>paulum</strong></span> <span class='ocrx_word' id='word_1_155' title='bbox 2492 802 2706 877; x_wconf 59' lang='lat' dir='ltr'><strong>pugelis</strong></span> <span class='ocrx_word' id='word_1_156' title='bbox 2736 813 2818 855; x_wconf 78' lang='lat' dir='ltr'><strong>est</strong></span> <span class='ocrx_word' id='word_1_157' title='bbox 2847 802 3095 868; x_wconf 83' lang='lat' dir='ltr'><strong>inferior,</strong></span> <span class='ocrx_word' id='word_1_158' title='bbox 3142 820 3208 858; x_wconf 93' lang='lat' dir='ltr'><strong>ne</strong></span> <span class='ocrx_word' id='word_1_159' title='bbox 3259 802 3393 858; x_wconf 89' lang='lat' dir='ltr'><strong>nihil</strong></span> 
     </span>
    </p>
   </div>
   <div class='ocr_carea' id='block_1_24' title="bbox 1826 891 3391 967">
    <p class='ocr_par' dir='ltr' id='par_1_24' title="bbox 1826 891 3391 967">
     <span class='ocr_line' id='line_1_24' title="bbox 1826 891 3391 967; baseline 0.004 -24"><span class='ocrx_word' id='word_1_160' title='bbox 1826 891 1896 944; x_wconf 87' lang='lat' dir='ltr'><strong>ab</strong></span> <span class='ocrx_word' id='word_1_161' title='bbox 1936 892 2002 944; x_wconf 85' lang='lat' dir='ltr'><strong>iis</strong></span> <span class='ocrx_word' id='word_1_162' title='bbox 2024 891 2242 945; x_wconf 78' lang='lat' dir='ltr'><strong>diﬂerre</strong></span> <span class='ocrx_word' id='word_1_163' title='bbox 2273 894 2472 947; x_wconf 90' lang='lat' dir='ltr'><strong>dicam.</strong></span> <span class='ocrx_word' id='word_1_164' title='bbox 2501 912 2518 943; x_wconf 77' lang='grc' dir='ltr'><strong>ι</strong></span> <span class='ocrx_word' id='word_1_165' title='bbox 2558 895 2824 957; x_wconf 76' lang='lat' dir='ltr'><strong>Nimirum</strong></span> <span class='ocrx_word' id='word_1_166' title='bbox 2854 900 2990 951; x_wconf 87' lang='lat' dir='ltr'><strong>scito</strong></span> <span class='ocrx_word' id='word_1_167' title='bbox 3015 900 3264 967; x_wconf 78' lang='lat' dir='ltr'><strong>gravibus</strong></span> <span class='ocrx_word' id='word_1_168' title='bbox 3300 917 3391 952; x_wconf 81' lang='lat' dir='ltr'><strong>eos</strong></span> 
     </span>
    </p>
   </div>
   <div class='ocr_carea' id='block_1_25' title="bbox 1825 981 3388 1051">
    <p class='ocr_par' dir='ltr' id='par_1_25' title="bbox 1825 981 3388 1051">
     <span class='ocr_line' id='line_1_25' title="bbox 1825 981 3388 1051; baseline 0.004 -19"><span class='ocrx_word' id='word_1_169' title='bbox 1825 981 2087 1034; x_wconf 83' lang='lat' dir='ltr'><strong>molestiis</strong></span> <span class='ocrx_word' id='word_1_170' title='bbox 2127 997 2298 1051; x_wconf 81' lang='lat' dir='ltr'><strong>premi</strong></span> <span class='ocrx_word' id='word_1_171' title='bbox 2332 985 2423 1051; x_wconf 89' lang='lat' dir='ltr'><strong>qui</strong></span> <span class='ocrx_word' id='word_1_172' title='bbox 2467 985 2601 1037; x_wconf 88' lang='lat' dir='ltr'><strong>casti</strong></span> <span class='ocrx_word' id='word_1_173' title='bbox 2675 999 2798 1038; x_wconf 84' lang='lat' dir='ltr'><strong>esse</strong></span> <span class='ocrx_word' id='word_1_174' title='bbox 2844 988 3159 1041; x_wconf 79' lang='lat' dir='ltr'><strong>tlesiderant</strong></span> <span class='ocrx_word' id='word_1_175' title='bbox 3188 1031 3200 1050; x_wconf 87' lang='lat'><strong>,</strong></span> <span class='ocrx_word' id='word_1_176' title='bbox 3266 1005 3388 1042; x_wconf 87' lang='lat' dir='ltr'><strong>cum</strong></span> 
     </span>
    </p>
   </div>
   <div class='ocr_carea' id='block_1_26' title="bbox 1821 1073 3395 1147">
    <p class='ocr_par' dir='ltr' id='par_1_26' title="bbox 1821 1073 3395 1147">
     <span class='ocr_line' id='line_1_26' title="bbox 1821 1073 3395 1147; baseline 0.006 -23"><span class='ocrx_word' id='word_1_177' title='bbox 1821 1073 2120 1140; x_wconf 82' lang='lat' dir='ltr'><strong>appetitum</strong></span> <span class='ocrx_word' id='word_1_178' title='bbox 2159 1075 2209 1126; x_wconf 88' lang='lat' dir='ltr'><strong>itt</strong></span> <span class='ocrx_word' id='word_1_179' title='bbox 2277 1091 2335 1127; x_wconf 88' lang='lat' dir='ltr'><strong>se</strong></span> <span class='ocrx_word' id='word_1_180' title='bbox 2383 1074 2578 1130; x_wconf 87' lang='lat' dir='ltr'><strong>fortem</strong></span> <span class='ocrx_word' id='word_1_181' title='bbox 2631 1079 2984 1146; x_wconf 77' lang='lat' dir='ltr'><strong>experiantur</strong></span> <span class='ocrx_word' id='word_1_182' title='bbox 3033 1093 3084 1132; x_wconf 91' lang='lat' dir='ltr'><strong>et</strong></span> <span class='ocrx_word' id='word_1_183' title='bbox 3130 1082 3395 1147; x_wconf 72' lang='lat' dir='ltr'><strong>genitura:</strong></span> 
     </span>
    </p>
   </div>
   <div class='ocr_carea' id='block_1_27' title="bbox 1822 1166 3389 1245">
    <p class='ocr_par' dir='ltr' id='par_1_27' title="bbox 1822 1166 3389 1245">
     <span class='ocr_line' id='line_1_27' title="bbox 1822 1166 3389 1245; baseline 0.009 -31"><span class='ocrx_word' id='word_1_184' title='bbox 1822 1178 2069 1232; x_wconf 80' lang='lat' dir='ltr'><strong>magnam</strong></span> <span class='ocrx_word' id='word_1_185' title='bbox 2093 1166 2335 1245; x_wconf 70' lang='lat' dir='ltr'><strong>copiam,</strong></span> <span class='ocrx_word' id='word_1_186' title='bbox 2368 1184 2487 1235; x_wconf 73' lang='lat' dir='ltr'><strong>qua:</strong></span> <span class='ocrx_word' id='word_1_187' title='bbox 2531 1171 2732 1237; x_wconf 76' lang='lat' dir='ltr'><strong>negotii</strong></span> <span class='ocrx_word' id='word_1_188' title='bbox 2768 1173 3064 1239; x_wconf 89' lang='lat' dir='ltr'><strong>plurimum</strong></span> <span class='ocrx_word' id='word_1_189' title='bbox 3101 1175 3180 1226; x_wconf 90' lang='lat' dir='ltr'><strong>eis</strong></span> <span class='ocrx_word' id='word_1_190' title='bbox 3215 1175 3389 1227; x_wconf 76' lang='lat' dir='ltr'><strong>fares-</strong></span> 
     </span>
    </p>
   </div>
   <div class='ocr_carea' id='block_1_28' title="bbox 1822 1250 3394 1332">
    <p class='ocr_par' dir='ltr' id='par_1_28' title="bbox 1822 1250 3394 1332">
     <span class='ocr_line' id='line_1_28' title="bbox 1822 1250 3394 1332; baseline 0.007 -26"><span class='ocrx_word' id='word_1_191' title='bbox 1822 1254 1892 1307; x_wconf 91' lang='lat' dir='ltr'><strong>sit</strong></span> <span class='ocrx_word' id='word_1_192' title='bbox 1938 1270 2002 1306; x_wconf 89' lang='lat' dir='ltr'><strong>ac</strong></span> <span class='ocrx_word' id='word_1_193' title='bbox 2046 1250 2332 1322; x_wconf 76' lang='lat' dir='ltr'><strong>nunquam</strong></span> <span class='ocrx_word' id='word_1_194' title='bbox 2384 1267 2520 1320; x_wconf 83' lang='lat' dir='ltr'><strong>non,</strong></span> <span class='ocrx_word' id='word_1_195' title='bbox 2567 1268 2626 1312; x_wconf 90' lang='lat' dir='ltr'><strong>ut</strong></span> <span class='ocrx_word' id='word_1_196' title='bbox 2676 1264 2975 1324; x_wconf 85' lang='lat' dir='ltr'><strong>emittatur,</strong></span> <span class='ocrx_word' id='word_1_197' title='bbox 3027 1274 3201 1332; x_wconf 80' lang='lat' dir='ltr'><strong>urget.</strong></span> <span class='ocrx_word' id='word_1_198' title='bbox 3252 1259 3394 1317; x_wconf 82' lang='lat' dir='ltr'><strong>Nihil</strong></span> 
     </span>
    </p>
   </div>
   <div class='ocr_carea' id='block_1_29' title="bbox 1823 1341 3396 1424">
    <p class='ocr_par' dir='ltr' id='par_1_29' title="bbox 1823 1341 3396 1424">
     <span class='ocr_line' id='line_1_29' title="bbox 1823 1341 3396 1424; baseline 0.011 -33"><span class='ocrx_word' id='word_1_199' title='bbox 1823 1342 1890 1396; x_wconf 86' lang='lat' dir='ltr'><strong>de</strong></span> <span class='ocrx_word' id='word_1_200' title='bbox 1923 1341 2021 1395; x_wconf 90' lang='lat' dir='ltr'><strong>hoc</strong></span> <span class='ocrx_word' id='word_1_201' title='bbox 2053 1344 2462 1410; x_wconf 68' lang='lat' dir='ltr'><strong>ambigendum.</strong></span> <span class='ocrx_word' id='word_1_202' title='bbox 2520 1348 2734 1416; x_wconf 82' lang='lat' dir='ltr'><strong>Quippe</strong></span> <span class='ocrx_word' id='word_1_203' title='bbox 2766 1351 2808 1402; x_wconf 90' lang='lat' dir='ltr'><strong>si</strong></span> <span class='ocrx_word' id='word_1_204' title='bbox 2847 1347 3142 1422; x_wconf 60' lang='lat' dir='ltr'><strong>&#39;Iliogenes&#39;</strong></span> <span class='ocrx_word' id='word_1_205' title='bbox 3167 1354 3255 1407; x_wconf 90' lang='lat' dir='ltr'><strong>ille</strong></span> <span class='ocrx_word' id='word_1_206' title='bbox 3290 1353 3396 1424; x_wconf 69' lang='lat' dir='ltr'><strong>(ly-</strong></span> 
     </span>
    </p>
   </div>
   <div class='ocr_carea' id='block_1_30' title="bbox 1823 1433 3395 1513">
    <p class='ocr_par' dir='ltr' id='par_1_30' title="bbox 1823 1433 3395 1513">
     <span class='ocr_line' id='line_1_30' title="bbox 1823 1433 3395 1513; baseline 0.01 -29"><span class='ocrx_word' id='word_1_207' title='bbox 1823 1433 2004 1494; x_wconf 73' lang='lat' dir='ltr'><strong>uicus,</strong></span> <span class='ocrx_word' id='word_1_208' title='bbox 2061 1450 2183 1487; x_wconf 83' lang='lat' dir='ltr'><strong>cum</strong></span> <span class='ocrx_word' id='word_1_209' title='bbox 2239 1451 2376 1489; x_wconf 88' lang='lat' dir='ltr'><strong>onus</strong></span> <span class='ocrx_word' id='word_1_210' title='bbox 2424 1437 2550 1490; x_wconf 89' lang='lat' dir='ltr'><strong>illud</strong></span> <span class='ocrx_word' id='word_1_211' title='bbox 2607 1449 2816 1493; x_wconf 70' lang='lat' dir='ltr'><strong>natura:</strong></span> <span class='ocrx_word' id='word_1_212' title='bbox 2865 1446 3118 1510; x_wconf 77' lang='lat' dir='ltr'><strong>nequiret</strong></span> <span class='ocrx_word' id='word_1_213' title='bbox 3161 1447 3395 1513; x_wconf 79' lang='lat' dir='ltr'><strong>amplius</strong></span> 
     </span>
    </p>
   </div>
   <div class='ocr_carea' id='block_1_31' title="bbox 1825 1524 3395 1597">
    <p class='ocr_par' dir='ltr' id='par_1_31' title="bbox 1825 1524 3395 1597">
     <span class='ocr_line' id='line_1_31' title="bbox 1825 1524 3395 1597; baseline 0.008 -19"><span class='ocrx_word' id='word_1_214' title='bbox 1825 1524 1990 1591; x_wconf 80' lang='lat' dir='ltr'><strong>ferre,</strong></span> <span class='ocrx_word' id='word_1_215' title='bbox 2023 1525 2183 1579; x_wconf 85' lang='lat' dir='ltr'><strong>homo</strong></span> <span class='ocrx_word' id='word_1_216' title='bbox 2216 1529 2497 1597; x_wconf 83' lang='lat' dir='ltr'><strong>perpetuis</strong></span> <span class='ocrx_word' id='word_1_217' title='bbox 2523 1541 2578 1583; x_wconf 90' lang='lat' dir='ltr'><strong>et</strong></span> <span class='ocrx_word' id='word_1_218' title='bbox 2626 1533 2875 1586; x_wconf 80' lang='lat' dir='ltr'><strong>maximis</strong></span> <span class='ocrx_word' id='word_1_219' title='bbox 2912 1537 3395 1590; x_wconf 66' lang='lat' dir='ltr'><strong>exercitationibus</strong></span> 
     </span>
    </p>
   </div>
   <div class='ocr_carea' id='block_1_32' title="bbox 1822 1617 3396 1696">
    <p class='ocr_par' dir='ltr' id='par_1_32' title="bbox 1822 1617 3396 1696">
     <span class='ocr_line' id='line_1_32' title="bbox 1822 1617 3396 1696; baseline 0.008 -26"><span class='ocrx_word' id='word_1_220' title='bbox 1822 1617 1886 1671; x_wconf 88' lang='lat' dir='ltr'><strong>ad</strong></span> <span class='ocrx_word' id='word_1_221' title='bbox 1908 1618 2293 1682; x_wconf 76' lang='lat' dir='ltr'><strong>abstinentiam</strong></span> <span class='ocrx_word' id='word_1_222' title='bbox 2318 1623 2762 1685; x_wconf 84' lang='lat' dir='ltr'><strong>condocefactus,</strong></span> <span class='ocrx_word' id='word_1_223' title='bbox 2795 1626 3075 1679; x_wconf 76' lang='lat' dir='ltr'><strong>mulierem</strong></span> <span class='ocrx_word' id='word_1_224' title='bbox 3103 1629 3396 1696; x_wconf 86' lang='lat' dir='ltr'><strong>aliquando</strong></span> 
     </span>
    </p>
   </div>
   <div class='ocr_carea' id='block_1_33' title="bbox 1821 1707 3394 1790">
    <p class='ocr_par' dir='ltr' id='par_1_33' title="bbox 1821 1707 3394 1790">
     <span class='ocr_line' id='line_1_33' title="bbox 1821 1707 3394 1790; baseline 0.009 -31"><span class='ocrx_word' id='word_1_225' title='bbox 1821 1707 2080 1776; x_wconf 73' lang='lat' dir='ltr'><strong>qumsissc</strong></span> <span class='ocrx_word' id='word_1_226' title='bbox 2108 1709 2450 1776; x_wconf 88' lang='lat' dir='ltr'><strong>perhibetur,</strong></span> <span class='ocrx_word' id='word_1_227' title='bbox 2479 1727 2585 1781; x_wconf 91' lang='lat' dir='ltr'><strong>quo</strong></span> <span class='ocrx_word' id='word_1_228' title='bbox 2621 1730 2733 1767; x_wconf 85' lang='lat' dir='ltr'><strong>rem</strong></span> <span class='ocrx_word' id='word_1_229' title='bbox 2769 1717 3046 1771; x_wconf 68' lang='lat' dir='ltr'><strong>llltlIOalalll</strong></span> <span class='ocrx_word' id='word_1_230' title='bbox 3079 1719 3180 1773; x_wconf 88' lang='lat' dir='ltr'><strong>sibi</strong></span> <span class='ocrx_word' id='word_1_231' title='bbox 3223 1720 3394 1790; x_wconf 37' lang='lat' dir='ltr'><strong>depos-</strong></span> 
     </span>
    </p>
   </div>
   <div class='ocr_carea' id='block_1_34' title="bbox 167 1801 1725 1882">
    <p class='ocr_par' dir='ltr' id='par_1_34' title="bbox 167 1803 1720 1880">
     <span class='ocr_line' id='line_1_34' title="bbox 167 1803 1720 1880; baseline -0.004 -18"><span class='ocrx_word' id='word_1_232' title='bbox 167 1813 338 1880; x_wconf 73' lang='grc' dir='ltr'>γυμνοὶ</span> <span class='ocrx_word' id='word_1_233' title='bbox 362 1809 420 1863; x_wconf 70' lang='grc' dir='ltr'>τὸ</span> <span class='ocrx_word' id='word_1_234' title='bbox 455 1811 616 1880; x_wconf 84' lang='grc' dir='ltr'>σῶμα</span> <span class='ocrx_word' id='word_1_235' title='bbox 646 1810 810 1878; x_wconf 84' lang='grc' dir='ltr'>μέσον</span> <span class='ocrx_word' id='word_1_236' title='bbox 841 1810 1051 1862; x_wconf 82' lang='grc' dir='ltr'>ὑδάτων</span> <span class='ocrx_word' id='word_1_237' title='bbox 1080 1807 1499 1877; x_wconf 81' lang='grc' dir='ltr'>διημερεύοντες</span> <span class='ocrx_word' id='word_1_238' title='bbox 1531 1803 1720 1873; x_wconf 73' lang='grc' dir='ltr'>ὤφθη-</span> 
     </span>
    </p>
   </div>
   <div class='ocr_carea' id='block_1_35' title="bbox 1831 1801 3392 1882">
    <p class='ocr_par' dir='ltr' id='par_1_35' title="bbox 1831 1805 3392 1882">
     <span class='ocr_line' id='line_1_35' title="bbox 1831 1805 3392 1882; baseline 0.009 -31"><span class='ocrx_word' id='word_1_239' title='bbox 1831 1809 1971 1852; x_wconf 87' lang='lat' dir='ltr'><strong>ncret</strong></span> <span class='ocrx_word' id='word_1_240' title='bbox 2004 1808 2059 1852; x_wconf 88' lang='lat' dir='ltr'><strong>et</strong></span> <span class='ocrx_word' id='word_1_241' title='bbox 2089 1814 2286 1869; x_wconf 85' lang='lat' dir='ltr'><strong>corpus</strong></span> <span class='ocrx_word' id='word_1_242' title='bbox 2313 1817 2479 1857; x_wconf 90' lang='lat' dir='ltr'><strong>onere</strong></span> <span class='ocrx_word' id='word_1_243' title='bbox 2514 1805 2657 1859; x_wconf 83' lang='lat' dir='ltr'><strong>velut</strong></span> <span class='ocrx_word' id='word_1_244' title='bbox 2689 1823 2921 1862; x_wconf 73' lang='lat' dir='ltr'><strong>excusso</strong></span> <span class='ocrx_word' id='word_1_245' title='bbox 2953 1810 3180 1872; x_wconf 86' lang='lat' dir='ltr'><strong>levaret,</strong></span> <span class='ocrx_word' id='word_1_246' title='bbox 3218 1829 3392 1882; x_wconf 84' lang='lat' dir='ltr'><strong>quan-</strong></span> 
     </span>
    </p>
   </div>
   <div class='ocr_carea' id='block_1_36' title="bbox 126 1895 1718 1970">
    <p class='ocr_par' dir='ltr' id='par_1_36' title="bbox 126 1895 1718 1970">
     <span class='ocr_line' id='line_1_36' title="bbox 126 1895 1718 1970; baseline -0.005 -17"><span class='ocrx_word' id='word_1_247' title='bbox 126 1964 130 1966; x_wconf 36' lang='grc'><strong>,</strong></span> <span class='ocrx_word' id='word_1_248' title='bbox 169 1919 273 1954; x_wconf 85' lang='grc' dir='ltr'>σαν.</span> <span class='ocrx_word' id='word_1_249' title='bbox 298 1901 495 1970; x_wconf 76' lang='grc' dir='ltr'>Μηδεὶς</span> <span class='ocrx_word' id='word_1_250' title='bbox 539 1901 729 1954; x_wconf 75' lang='grc' dir='ltr'>λοιπὸν</span> <span class='ocrx_word' id='word_1_251' title='bbox 767 1899 856 1954; x_wconf 78' lang='grc' dir='ltr'>ἐπὶ</span> <span class='ocrx_word' id='word_1_252' title='bbox 890 1900 1059 1970; x_wconf 85' lang='grc' dir='ltr'>μέσου</span> <span class='ocrx_word' id='word_1_253' title='bbox 1100 1897 1457 1966; x_wconf 86' lang='grc' dir='ltr'>προσφερέτω</span> <span class='ocrx_word' id='word_1_254' title='bbox 1493 1895 1592 1965; x_wconf 80' lang='grc' dir='ltr'><strong>τὴν</strong></span> <span class='ocrx_word' id='word_1_255' title='bbox 1625 1895 1718 1962; x_wconf 87' lang='grc' dir='ltr'>γέ-</span> 
     </span>
    </p>
   </div>
   <div class='ocr_carea' id='block_1_37' title="bbox 167 1987 1718 2062">
    <p class='ocr_par' dir='ltr' id='par_1_37' title="bbox 167 1987 1718 2062">
     <span class='ocr_line' id='line_1_37' title="bbox 167 1987 1718 2062; baseline -0.006 -15"><span class='ocrx_word' id='word_1_256' title='bbox 167 2011 315 2060; x_wconf 81' lang='grc' dir='ltr'>νεσιν,</span> <span class='ocrx_word' id='word_1_257' title='bbox 360 1993 550 2062; x_wconf 76' lang='grc' dir='ltr'>μηδεὶς</span> <span class='ocrx_word' id='word_1_258' title='bbox 575 1994 675 2046; x_wconf 82' lang='grc' dir='ltr'><strong>οὐκ</strong></span> <span class='ocrx_word' id='word_1_259' title='bbox 721 1991 959 2059; x_wconf 75' lang='grc' dir='ltr'>ἀγαθοὺς</span> <span class='ocrx_word' id='word_1_260' title='bbox 1004 1991 1252 2060; x_wconf 79' lang='grc' dir='ltr'>ἀστέρων</span> <span class='ocrx_word' id='word_1_261' title='bbox 1293 1987 1718 2059; x_wconf 44' lang='grc' dir='ltr'>προφασειξέσθω</span> 
     </span>
    </p>
   </div>
   <div class='ocr_carea' id='block_1_38' title="bbox 170 2067 1718 2153">
    <p class='ocr_par' dir='ltr' id='par_1_38' title="bbox 170 2067 1718 2153">
     <span class='ocr_line' id='line_1_38' title="bbox 170 2067 1718 2153; baseline -0.005 -19"><span class='ocrx_word' id='word_1_262' title='bbox 170 2083 584 2153; x_wconf 83' lang='grc' dir='ltr'>σχηματισμούς.</span> <span class='ocrx_word' id='word_1_263' title='bbox 632 2083 901 2152; x_wconf 73' lang='grc' dir='ltr'>Ἀστέριον</span> <span class='ocrx_word' id='word_1_264' title='bbox 949 2080 1048 2149; x_wconf 80' lang='grc' dir='ltr'>μὲν</span> <span class='ocrx_word' id='word_1_265' title='bbox 1088 2067 1197 2149; x_wconf 79' lang='grc' dir='ltr'>γὰρ</span> <span class='ocrx_word' id='word_1_266' title='bbox 1235 2081 1501 2146; x_wconf 80' lang='grc' dir='ltr'>κινήσεις,</span> <span class='ocrx_word' id='word_1_267' title='bbox 1529 2079 1718 2129; x_wconf 84' lang='grc' dir='ltr'>ἀνατο-</span> 
     </span>
    </p>
   </div>
   <div class='ocr_carea' id='block_1_39' title="bbox 169 2165 1718 2239">
    <p class='ocr_par' dir='ltr' id='par_1_39' title="bbox 169 2165 1718 2239">
     <span class='ocr_line' id='line_1_39' title="bbox 169 2165 1718 2239; baseline -0.006 -15"><span class='ocrx_word' id='word_1_268' title='bbox 169 2173 249 2236; x_wconf 70' lang='grc' dir='ltr'>λὰς</span> <span class='ocrx_word' id='word_1_269' title='bbox 289 2174 378 2226; x_wconf 72' lang='grc' dir='ltr'>καὶ</span> <span class='ocrx_word' id='word_1_270' title='bbox 432 2172 626 2234; x_wconf 79' lang='grc' dir='ltr'>δύσεις</span> <span class='ocrx_word' id='word_1_271' title='bbox 681 2171 881 2232; x_wconf 81' lang='grc' dir='ltr'>αὐτῶν,</span> <span class='ocrx_word' id='word_1_272' title='bbox 925 2172 1038 2231; x_wconf 79' lang='grc' dir='ltr'>τοῖς</span> <span class='ocrx_word' id='word_1_273' title='bbox 1079 2170 1423 2239; x_wconf 76' lang='grc' dir='ltr'>προσήκουσι</span> <span class='ocrx_word' id='word_1_274' title='bbox 1473 2165 1718 2233; x_wconf 74' lang='grc' dir='ltr'>γίνεσθαι.</span> 
     </span>
    </p>
   </div>
   <div class='ocr_carea' id='block_1_40' title="bbox 169 2256 1716 2334">
    <p class='ocr_par' dir='ltr' id='par_1_40' title="bbox 169 2256 1716 2334">
     <span class='ocr_line' id='line_1_40' title="bbox 169 2256 1716 2334; baseline -0.007 -18"><span class='ocrx_word' id='word_1_275' title='bbox 169 2269 353 2334; x_wconf 75' lang='grc' dir='ltr'>καιροῖς</span> <span class='ocrx_word' id='word_1_276' title='bbox 387 2263 747 2334; x_wconf 82' lang='grc' dir='ltr'>ᾡκονόμησεν</span> <span class='ocrx_word' id='word_1_277' title='bbox 788 2265 814 2314; x_wconf 91' lang='lat'><strong>6</strong></span> <span class='ocrx_word' id='word_1_278' title='bbox 851 2262 1029 2330; x_wconf 78' lang='grc' dir='ltr'>σοφῶς</span> <span class='ocrx_word' id='word_1_279' title='bbox 1068 2260 1138 2312; x_wconf 80' lang='grc' dir='ltr'>τὰ</span> <span class='ocrx_word' id='word_1_280' title='bbox 1183 2262 1358 2313; x_wconf 85' lang='grc' dir='ltr'>πάντα</span> <span class='ocrx_word' id='word_1_281' title='bbox 1402 2256 1716 2319; x_wconf 80' lang='grc' dir='ltr'>διευθετῶν,</span> 
     </span>
    </p>
   </div>
   <div class='ocr_carea' id='block_1_41' title="bbox 167 2349 1721 2425">
    <p class='ocr_par' dir='ltr' id='par_1_41' title="bbox 167 2349 1721 2425">
     <span class='ocr_line' id='line_1_41' title="bbox 167 2349 1721 2425; baseline -0.008 -14"><span class='ocrx_word' id='word_1_282' title='bbox 167 2359 230 2422; x_wconf 84' lang='grc' dir='ltr'><strong>ὡς</strong></span> <span class='ocrx_word' id='word_1_283' title='bbox 252 2357 488 2412; x_wconf 74' lang='grc' dir='ltr'>ἐντεῦθεν</span> <span class='ocrx_word' id='word_1_284' title='bbox 519 2357 682 2425; x_wconf 82' lang='grc' dir='ltr'>ἀέρος</span> <span class='ocrx_word' id='word_1_285' title='bbox 723 2352 1208 2424; x_wconf 87' lang='grc' dir='ltr'>μετατρεπομένου</span> <span class='ocrx_word' id='word_1_286' title='bbox 1257 2353 1349 2404; x_wconf 77' lang='grc' dir='ltr'><strong>καὶ</strong></span> <span class='ocrx_word' id='word_1_287' title='bbox 1375 2349 1596 2419; x_wconf 74' lang='grc' dir='ltr'>δμδρων</span> <span class='ocrx_word' id='word_1_288' title='bbox 1621 2364 1721 2398; x_wconf 81' lang='grc' dir='ltr'>κα-</span> 
     </span>
    </p>
   </div>
   <div class='ocr_carea' id='block_1_42' title="bbox 170 2439 1723 2520">
    <p class='ocr_par' dir='ltr' id='par_1_42' title="bbox 170 2439 1723 2520">
     <span class='ocr_line' id='line_1_42' title="bbox 170 2439 1723 2520; baseline -0.007 -20"><span class='ocrx_word' id='word_1_289' title='bbox 170 2449 611 2520; x_wconf 80' lang='grc' dir='ltr'>ταρῤηγνυμένων</span> <span class='ocrx_word' id='word_1_290' title='bbox 653 2444 925 2513; x_wconf 81' lang='grc' dir='ltr'>εὐκαίρως</span> <span class='ocrx_word' id='word_1_291' title='bbox 979 2442 1240 2508; x_wconf 73' lang='grc' dir='ltr'>αὔξεσθαι</span> <span class='ocrx_word' id='word_1_292' title='bbox 1289 2442 1356 2493; x_wconf 81' lang='grc' dir='ltr'>τὰ</span> <span class='ocrx_word' id='word_1_293' title='bbox 1415 2441 1577 2507; x_wconf 83' lang='grc' dir='ltr'>φυτά.</span> <span class='ocrx_word' id='word_1_294' title='bbox 1615 2439 1723 2490; x_wconf 77' lang='grc' dir='ltr'><strong>Καὶ</strong></span> 
     </span>
    </p>
   </div>
   <div class='ocr_carea' id='block_1_43' title="bbox 170 2521 1725 2615">
    <p class='ocr_par' dir='ltr' id='par_1_43' title="bbox 170 2521 1725 2615">
     <span class='ocr_line' id='line_1_43' title="bbox 170 2521 1725 2615; baseline -0.007 -23"><span class='ocrx_word' id='word_1_295' title='bbox 170 2543 262 2609; x_wconf 72' lang='grc' dir='ltr'>γὰρ</span> <span class='ocrx_word' id='word_1_296' title='bbox 285 2541 385 2591; x_wconf 80' lang='grc' dir='ltr'><strong>τῶν</strong></span> <span class='ocrx_word' id='word_1_297' title='bbox 415 2521 640 2608; x_wconf 46' lang='grc' dir='ltr'>τίροφῶν</span> <span class='ocrx_word' id='word_1_298' title='bbox 670 2536 744 2598; x_wconf 86' lang='grc' dir='ltr'>ὡς</span> <span class='ocrx_word' id='word_1_299' title='bbox 792 2538 846 2588; x_wconf 83' lang='grc' dir='ltr'>ὲν</span> <span class='ocrx_word' id='word_1_300' title='bbox 877 2534 1059 2600; x_wconf 81' lang='grc' dir='ltr'>κύκλῳ</span> <span class='ocrx_word' id='word_1_301' title='bbox 1087 2533 1348 2602; x_wconf 84' lang='grc' dir='ltr'>διηνεκῶς</span> <span class='ocrx_word' id='word_1_302' title='bbox 1382 2532 1725 2615; x_wconf 68' lang='grc' dir='ltr'>χορηγουμέ-</span> 
     </span>
    </p>
   </div>
   <div class='ocr_carea' id='block_1_44' title="bbox 174 2623 1724 2698">
    <p class='ocr_par' dir='ltr' id='par_1_44' title="bbox 174 2623 1724 2698">
     <span class='ocr_line' id='line_1_44' title="bbox 174 2623 1724 2698; baseline -0.008 -15"><span class='ocrx_word' id='word_1_303' title='bbox 174 2649 264 2683; x_wconf 91' lang='grc' dir='ltr'><strong>νων</strong></span> <span class='ocrx_word' id='word_1_304' title='bbox 290 2629 582 2697; x_wconf 81' lang='grc' dir='ltr'>ἀνελλιπὴς</span> <span class='ocrx_word' id='word_1_305' title='bbox 606 2628 702 2680; x_wconf 78' lang='grc' dir='ltr'>καὶ</span> <span class='ocrx_word' id='word_1_306' title='bbox 736 2630 768 2698; x_wconf 77' lang='grc' dir='ltr'>ἡ</span> <span class='ocrx_word' id='word_1_307' title='bbox 807 2626 918 2679; x_wconf 84' lang='grc' dir='ltr'>τῶν</span> <span class='ocrx_word' id='word_1_308' title='bbox 949 2624 1411 2695; x_wconf 83' lang='grc' dir='ltr'>προσφερομένων</span> <span class='ocrx_word' id='word_1_309' title='bbox 1435 2623 1559 2682; x_wconf 78' lang='grc' dir='ltr'>τοὺς</span> <span class='ocrx_word' id='word_1_310' title='bbox 1585 2636 1724 2689; x_wconf 84' lang='grc' dir='ltr'>καρ-</span> 
     </span>
    </p>
   </div>
   <div class='ocr_carea' id='block_1_45' title="bbox 177 2711 1728 2789">
    <p class='ocr_par' dir='ltr' id='par_1_45' title="bbox 177 2711 1728 2789">
     <span class='ocr_line' id='line_1_45' title="bbox 177 2711 1728 2789; baseline -0.005 -17"><span class='ocrx_word' id='word_1_311' title='bbox 177 2723 292 2784; x_wconf 69' lang='grc' dir='ltr'>ποὺς</span> <span class='ocrx_word' id='word_1_312' title='bbox 329 2719 787 2789; x_wconf 72' lang='grc' dir='ltr'>διαμένειφύσις,</span> <span class='ocrx_word' id='word_1_313' title='bbox 817 2718 891 2780; x_wconf 85' lang='grc' dir='ltr'><strong>ὡς</strong></span> <span class='ocrx_word' id='word_1_314' title='bbox 921 2715 1267 2783; x_wconf 82' lang='grc' dir='ltr'>εὑρίσκεσθαι</span> <span class='ocrx_word' id='word_1_315' title='bbox 1302 2713 1401 2783; x_wconf 78' lang='grc' dir='ltr'><strong>μὲν</strong></span> <span class='ocrx_word' id='word_1_316' title='bbox 1437 2713 1617 2764; x_wconf 78' lang='grc' dir='ltr'>ἐκεῖνα</span> <span class='ocrx_word' id='word_1_317' title='bbox 1639 2711 1728 2764; x_wconf 79' lang='grc' dir='ltr'>διὰ</span> 
     </span>
    </p>
   </div>
   <div class='ocr_carea' id='block_1_46' title="bbox 171 2804 1726 2880">
    <p class='ocr_par' dir='ltr' id='par_1_46' title="bbox 171 2804 1726 2880">
     <span class='ocr_line' id='line_1_46' title="bbox 171 2804 1726 2880; baseline -0.006 -16"><span class='ocrx_word' id='word_1_318' title='bbox 171 2816 272 2874; x_wconf 68' lang='grc' dir='ltr'>τοὺς</span> <span class='ocrx_word' id='word_1_319' title='bbox 294 2814 560 2880; x_wconf 79' lang='grc' dir='ltr'>καρποὺς,</span> <span class='ocrx_word' id='word_1_320' title='bbox 580 2813 703 2872; x_wconf 71' lang='grc' dir='ltr'>τοὺς</span> <span class='ocrx_word' id='word_1_321' title='bbox 721 2810 776 2861; x_wconf 82' lang='grc' dir='ltr'><strong>δὲ</strong></span> <span class='ocrx_word' id='word_1_322' title='bbox 794 2807 1038 2879; x_wconf 81' lang='grc' dir='ltr'>καρποὺς</span> <span class='ocrx_word' id='word_1_323' title='bbox 1055 2808 1143 2860; x_wconf 84' lang='grc' dir='ltr'><strong>διά</strong></span> <span class='ocrx_word' id='word_1_324' title='bbox 1163 2806 1232 2862; x_wconf 76' lang='grc' dir='ltr'>τὰ</span> <span class='ocrx_word' id='word_1_325' title='bbox 1258 2804 1373 2868; x_wconf 75' lang='grc' dir='ltr'>ζῶα</span> <span class='ocrx_word' id='word_1_326' title='bbox 1393 2808 1486 2864; x_wconf 76' lang='grc' dir='ltr'><strong>καὶ</strong></span> <span class='ocrx_word' id='word_1_327' title='bbox 1513 2805 1602 2857; x_wconf 65' lang='grc' dir='ltr'><strong>τὸν</strong></span> <span class='ocrx_word' id='word_1_328' title='bbox 1633 2806 1726 2858; x_wconf 83' lang='grc' dir='ltr'>άν-</span> 
     </span>
    </p>
   </div>
   <div class='ocr_carea' id='block_1_47' title="bbox 184 2898 1727 2974">
    <p class='ocr_par' dir='ltr' id='par_1_47' title="bbox 184 2898 1727 2974">
     <span class='ocr_line' id='line_1_47' title="bbox 184 2898 1727 2974; baseline -0.008 -19"><span class='ocrx_word' id='word_1_329' title='bbox 184 2903 476 2974; x_wconf 75' lang='grc' dir='ltr'>θρωπον.οὺ</span> <span class='ocrx_word' id='word_1_330' title='bbox 501 2899 728 2970; x_wconf 77' lang='grc' dir='ltr'>γνώμας</span> <span class='ocrx_word' id='word_1_331' title='bbox 748 2901 937 2952; x_wconf 76' lang='grc' dir='ltr'>λοιπὸν</span> <span class='ocrx_word' id='word_1_332' title='bbox 957 2901 1004 2952; x_wconf 76' lang='grc' dir='ltr'>οἱ</span> <span class='ocrx_word' id='word_1_333' title='bbox 1027 2899 1254 2964; x_wconf 76' lang='grc' dir='ltr'>ἀστέρες</span> <span class='ocrx_word' id='word_1_334' title='bbox 1278 2898 1727 2966; x_wconf 79' lang='grc' dir='ltr'>μετατρέπουσιν,</span> 
     </span>
    </p>
   </div>
   <div class='ocr_carea' id='block_1_48' title="bbox 182 2985 1732 3061">
    <p class='ocr_par' dir='ltr' id='par_1_48' title="bbox 182 2985 1732 3061">
     <span class='ocr_line' id='line_1_48' title="bbox 182 2985 1732 3061; baseline -0.005 -18"><span class='ocrx_word' id='word_1_335' title='bbox 182 2993 282 3043; x_wconf 80' lang='grc' dir='ltr'>οὐδὲ</span> <span class='ocrx_word' id='word_1_336' title='bbox 304 2994 555 3061; x_wconf 72' lang='grc' dir='ltr'>καθάπερ</span> <span class='ocrx_word' id='word_1_337' title='bbox 581 3008 632 3042; x_wconf 92' lang='grc' dir='ltr'><strong>τι</strong></span> <span class='ocrx_word' id='word_1_338' title='bbox 652 2989 990 3058; x_wconf 81' lang='grc' dir='ltr'>ἀνδράποδον</span> <span class='ocrx_word' id='word_1_339' title='bbox 1012 2988 1102 3040; x_wconf 79' lang='grc' dir='ltr'>τὸν</span> <span class='ocrx_word' id='word_1_340' title='bbox 1124 2989 1241 3040; x_wconf 88' lang='grc' dir='ltr'>κατ’</span> <span class='ocrx_word' id='word_1_341' title='bbox 1268 2988 1447 3041; x_wconf 77' lang='grc' dir='ltr'>εἰκόνα</span> <span class='ocrx_word' id='word_1_342' title='bbox 1471 2985 1606 3037; x_wconf 82' lang='grc' dir='ltr'>Θεοῦ</span> <span class='ocrx_word' id='word_1_343' title='bbox 1639 3002 1732 3036; x_wconf 82' lang='grc' dir='ltr'>πε-</span> 
     </span>
    </p>
   </div>
   <div class='ocr_carea' id='block_1_49' title="bbox 175 3077 1732 3155">
    <p class='ocr_par' dir='ltr' id='par_1_49' title="bbox 175 3077 1732 3155">
     <span class='ocr_line' id='line_1_49' title="bbox 175 3077 1732 3155; baseline -0.006 -17"><span class='ocrx_word' id='word_1_344' title='bbox 175 3085 422 3154; x_wconf 81' lang='grc' dir='ltr'>ριάγουσιν</span> <span class='ocrx_word' id='word_1_345' title='bbox 439 3081 890 3155; x_wconf 79' lang='grc' dir='ltr'>ἄνθρωπον.υύδὲ</span> <span class='ocrx_word' id='word_1_346' title='bbox 909 3083 1014 3151; x_wconf 74' lang='grc' dir='ltr'><strong>γὰρ</strong></span> <span class='ocrx_word' id='word_1_347' title='bbox 1028 3081 1106 3142; x_wconf 74' lang='grc' dir='ltr'><strong>είς</strong></span> <span class='ocrx_word' id='word_1_348' title='bbox 1117 3080 1364 3133; x_wconf 76' lang='grc' dir='ltr'>τοσοῦτον</span> <span class='ocrx_word' id='word_1_349' title='bbox 1378 3081 1444 3134; x_wconf 83' lang='grc' dir='ltr'><strong>ἂν</strong></span> <span class='ocrx_word' id='word_1_350' title='bbox 1463 3077 1732 3148; x_wconf 79' lang='grc' dir='ltr'>εὑρεθεῖεν</span> 
     </span>
    </p>
   </div>
   <div class='ocr_carea' id='block_1_50' title="bbox 1829 1890 3393 1966">
    <p class='ocr_par' dir='ltr' id='par_1_50' title="bbox 1829 1890 3393 1966">
     <span class='ocr_line' id='line_1_50' title="bbox 1829 1890 3393 1966; baseline 0.008 -24"><span class='ocrx_word' id='word_1_351' title='bbox 1829 1897 1942 1942; x_wconf 89' lang='lat' dir='ltr'><strong>tum</strong></span> <span class='ocrx_word' id='word_1_352' title='bbox 1981 1890 2102 1943; x_wconf 91' lang='lat' dir='ltr'><strong>illos</strong></span> <span class='ocrx_word' id='word_1_353' title='bbox 2139 1893 2411 1946; x_wconf 83' lang='lat' dir='ltr'><strong>sustinere</strong></span> <span class='ocrx_word' id='word_1_354' title='bbox 2442 1893 2643 1948; x_wconf 89' lang='lat' dir='ltr'><strong>laboris</strong></span> <span class='ocrx_word' id='word_1_355' title='bbox 2674 1907 2838 1966; x_wconf 78' lang='lat' dir='ltr'><strong>atque</strong></span> <span class='ocrx_word' id='word_1_356' title='bbox 2868 1901 3237 1954; x_wconf 84' lang='lat' dir='ltr'><strong>molestiarum</strong></span> <span class='ocrx_word' id='word_1_357' title='bbox 3277 1905 3393 1957; x_wconf 61' lang='grc' dir='ltr'><strong>(ικὶ-</strong></span> 
     </span>
    </p>
   </div>
   <div class='ocr_carea' id='block_1_51' title="bbox 1822 1981 3397 2053">
    <p class='ocr_par' dir='ltr' id='par_1_51' title="bbox 1822 1981 3397 2053">
     <span class='ocr_line' id='line_1_51' title="bbox 1822 1981 3397 2053; baseline 0.008 -17"><span class='ocrx_word' id='word_1_358' title='bbox 1822 1981 2157 2036; x_wconf 80' lang='lat' dir='ltr'><strong>stimandum</strong></span> <span class='ocrx_word' id='word_1_359' title='bbox 2183 1991 2287 2048; x_wconf 86' lang='lat' dir='ltr'><strong>est,</strong></span> <span class='ocrx_word' id='word_1_360' title='bbox 2325 1984 2376 2036; x_wconf 90' lang='lat' dir='ltr'><strong>in</strong></span> <span class='ocrx_word' id='word_1_361' title='bbox 2415 1986 2616 2053; x_wconf 89' lang='lat' dir='ltr'><strong>quibus</strong></span> <span class='ocrx_word' id='word_1_362' title='bbox 2665 2003 2694 2041; x_wconf 87' lang='lat' dir='ltr'><strong>a</strong></span> <span class='ocrx_word' id='word_1_363' title='bbox 2735 1998 2925 2044; x_wconf 88' lang='lat' dir='ltr'><strong>natura</strong></span> <span class='ocrx_word' id='word_1_364' title='bbox 2970 1992 3267 2046; x_wconf 72' lang='lat' dir='ltr'><strong>vehemens</strong></span> <span class='ocrx_word' id='word_1_365' title='bbox 3313 2005 3397 2049; x_wconf 85' lang='lat' dir='ltr'><strong>est</strong></span> 
     </span>
    </p>
   </div>
   <div class='ocr_carea' id='block_1_52' title="bbox 1821 2070 3395 2152">
    <p class='ocr_par' dir='ltr' id='par_1_52' title="bbox 1821 2070 3395 2152">
     <span class='ocr_line' id='line_1_52' title="bbox 1821 2070 3395 2152; baseline 0.009 -30"><span class='ocrx_word' id='word_1_366' title='bbox 1821 2070 2091 2138; x_wconf 80' lang='lat' dir='ltr'><strong>appetitus</strong></span> <span class='ocrx_word' id='word_1_367' title='bbox 2117 2070 2373 2139; x_wconf 87' lang='lat' dir='ltr'><strong>impetus.</strong></span> <span class='ocrx_word' id='word_1_368' title='bbox 2403 2088 2526 2126; x_wconf 89' lang='lat' dir='ltr'><strong>cum</strong></span> <span class='ocrx_word' id='word_1_369' title='bbox 2556 2075 2912 2132; x_wconf 82' lang='lat' dir='ltr'><strong>nihilominus</strong></span> <span class='ocrx_word' id='word_1_370' title='bbox 2950 2091 3165 2134; x_wconf 81' lang='lat' dir='ltr'><strong>servare</strong></span> <span class='ocrx_word' id='word_1_371' title='bbox 3190 2083 3395 2152; x_wconf 89' lang='lat' dir='ltr'><strong>seipsos</strong></span> 
     </span>
    </p>
   </div>
   <div class='ocr_carea' id='block_1_53' title="bbox 1823 2162 3395 2244">
    <p class='ocr_par' dir='ltr' id='par_1_53' title="bbox 1823 2162 3395 2244">
     <span class='ocr_line' id='line_1_53' title="bbox 1823 2162 3395 2244; baseline 0.01 -32"><span class='ocrx_word' id='word_1_372' title='bbox 1823 2162 1879 2212; x_wconf 92' lang='lat' dir='ltr'><strong>in</strong></span> <span class='ocrx_word' id='word_1_373' title='bbox 1907 2163 2248 2215; x_wconf 87' lang='lat' dir='ltr'><strong>continentia</strong></span> <span class='ocrx_word' id='word_1_374' title='bbox 2286 2163 2497 2218; x_wconf 78' lang='lat' dir='ltr'><strong>velint?</strong></span> <span class='ocrx_word' id='word_1_375' title='bbox 2561 2171 2739 2236; x_wconf 86' lang='lat' dir='ltr'><strong>Atque</strong></span> <span class='ocrx_word' id='word_1_376' title='bbox 2769 2170 2909 2222; x_wconf 87' lang='lat' dir='ltr'><strong>hanc</strong></span> <span class='ocrx_word' id='word_1_377' title='bbox 2932 2171 3001 2225; x_wconf 87' lang='lat' dir='ltr'><strong>ob</strong></span> <span class='ocrx_word' id='word_1_378' title='bbox 3037 2188 3278 2238; x_wconf 84' lang='lat' dir='ltr'><strong>causam,</strong></span> <span class='ocrx_word' id='word_1_379' title='bbox 3310 2177 3395 2244; x_wconf 86' lang='lat' dir='ltr'><strong>di_-</strong></span> 
     </span>
    </p>
   </div>
   <div class='ocr_carea' id='block_1_54' title="bbox 1811 2250 3444 2339">
    <p class='ocr_par' dir='ltr' id='par_1_54' title="bbox 1811 2250 3444 2339">
     <span class='ocr_line' id='line_1_54' title="bbox 1811 2250 3444 2339; baseline 0.007 -35"><span class='ocrx_word' id='word_1_380' title='bbox 1811 2250 1964 2306; x_wconf 85' lang='lat' dir='ltr'><strong>lecte</strong></span> <span class='ocrx_word' id='word_1_381' title='bbox 1993 2252 2091 2316; x_wconf 78' lang='lat' dir='ltr'><strong>ﬁli,</strong></span> <span class='ocrx_word' id='word_1_382' title='bbox 2145 2253 2384 2321; x_wconf 86' lang='lat' dir='ltr'><strong>quidam</strong></span> <span class='ocrx_word' id='word_1_383' title='bbox 2421 2256 2524 2309; x_wconf 90' lang='lat' dir='ltr'><strong>viri</strong></span> <span class='ocrx_word' id='word_1_384' title='bbox 2577 2258 2816 2328; x_wconf 82' lang='lat' dir='ltr'><strong>religiosi</strong></span> <span class='ocrx_word' id='word_1_385' title='bbox 2869 2261 3026 2315; x_wconf 92' lang='lat' dir='ltr'><strong>nudis</strong></span> <span class='ocrx_word' id='word_1_386' title='bbox 3063 2263 3395 2331; x_wconf 69' lang='lat' dir='ltr'><strong>corporibus</strong></span> <span class='ocrx_word' id='word_1_387' title='bbox 3437 2333 3444 2339; x_wconf 85' lang='lat'><strong>_</strong></span> 
     </span>
    </p>
   </div>
   <div class='ocr_carea' id='block_1_55' title="bbox 1826 2345 3396 2422">
    <p class='ocr_par' dir='ltr' id='par_1_55' title="bbox 1826 2345 3396 2422">
     <span class='ocr_line' id='line_1_55' title="bbox 1826 2345 3396 2422; baseline 0.008 -24"><span class='ocrx_word' id='word_1_388' title='bbox 1826 2353 1968 2398; x_wconf 89' lang='lat' dir='ltr'><strong>totos</strong></span> <span class='ocrx_word' id='word_1_389' title='bbox 1994 2345 2112 2398; x_wconf 90' lang='lat' dir='ltr'><strong>dies</strong></span> <span class='ocrx_word' id='word_1_390' title='bbox 2142 2347 2195 2398; x_wconf 89' lang='lat' dir='ltr'><strong>in</strong></span> <span class='ocrx_word' id='word_1_391' title='bbox 2223 2347 2432 2401; x_wconf 86' lang='lat' dir='ltr'><strong>medias</strong></span> <span class='ocrx_word' id='word_1_392' title='bbox 2462 2364 2637 2416; x_wconf 79' lang='lat' dir='ltr'><strong>aquas</strong></span> <span class='ocrx_word' id='word_1_393' title='bbox 2666 2365 2841 2404; x_wconf 88' lang='lat' dir='ltr'><strong>semet</strong></span> <span class='ocrx_word' id='word_1_394' title='bbox 2871 2354 3139 2422; x_wconf 84' lang='lat' dir='ltr'><strong>abjeeisse</strong></span> <span class='ocrx_word' id='word_1_395' title='bbox 3175 2357 3396 2410; x_wconf 86' lang='lat' dir='ltr'><strong>tradun-</strong></span> 
     </span>
    </p>
   </div>
   <div class='ocr_carea' id='block_1_56' title="bbox 1830 2436 3400 2516">
    <p class='ocr_par' dir='ltr' id='par_1_56' title="bbox 1830 2436 3400 2516">
     <span class='ocr_line' id='line_1_56' title="bbox 1830 2436 3400 2516; baseline 0.008 -27"><span class='ocrx_word' id='word_1_396' title='bbox 1830 2445 1946 2499; x_wconf 59' lang='lat' dir='ltr'><strong>tur:</strong></span> <span class='ocrx_word' id='word_1_397' title='bbox 1963 2451 2069 2504; x_wconf 90' lang='lat' dir='ltr'><strong>quo</strong></span> <span class='ocrx_word' id='word_1_398' title='bbox 2097 2436 2579 2504; x_wconf 83' lang='lat' dir='ltr'><strong>inﬂammationem</strong></span> <span class='ocrx_word' id='word_1_399' title='bbox 2609 2451 2664 2494; x_wconf 91' lang='lat' dir='ltr'><strong>et</strong></span> <span class='ocrx_word' id='word_1_400' title='bbox 2697 2453 2887 2498; x_wconf 75' lang='lat' dir='ltr'><strong>:estum</strong></span> <span class='ocrx_word' id='word_1_401' title='bbox 2926 2445 3076 2498; x_wconf 84' lang='lat' dir='ltr'><strong>illum</strong></span> <span class='ocrx_word' id='word_1_402' title='bbox 3113 2447 3268 2516; x_wconf 78' lang='lat'><strong>113</strong></span> <span class='ocrx_word' id='word_1_403' title='bbox 3299 2465 3400 2501; x_wconf 87' lang='lat' dir='ltr'><strong>na-</strong></span> 
     </span>
    </p>
   </div>
   <div class='ocr_carea' id='block_1_57' title="bbox 1829 2528 3397 2608">
    <p class='ocr_par' dir='ltr' id='par_1_57' title="bbox 1829 2528 3397 2608">
     <span class='ocr_line' id='line_1_57' title="bbox 1829 2528 3397 2608; baseline 0.006 -28"><span class='ocrx_word' id='word_1_404' title='bbox 1829 2528 2058 2581; x_wconf 82' lang='lat' dir='ltr'><strong>turalem</strong></span> <span class='ocrx_word' id='word_1_405' title='bbox 2099 2529 2526 2600; x_wconf 81' lang='lat' dir='ltr'><strong>restinguerent.</strong></span> <span class='ocrx_word' id='word_1_406' title='bbox 2573 2532 2760 2608; x_wconf 87' lang='lat' dir='ltr'><strong>Itaque</strong></span> <span class='ocrx_word' id='word_1_407' title='bbox 2795 2549 2955 2588; x_wconf 90' lang='lat' dir='ltr'><strong>nemo</strong></span> <span class='ocrx_word' id='word_1_408' title='bbox 2989 2537 3215 2603; x_wconf 83' lang='lat' dir='ltr'><strong>posthac</strong></span> <span class='ocrx_word' id='word_1_409' title='bbox 3264 2539 3397 2591; x_wconf 81' lang='lat' dir='ltr'><strong>uati-</strong></span> 
     </span>
    </p>
   </div>
   <div class='ocr_carea' id='block_1_58' title="bbox 1829 2619 3398 2698">
    <p class='ocr_par' dir='ltr' id='par_1_58' title="bbox 1829 2619 3398 2698">
     <span class='ocr_line' id='line_1_58' title="bbox 1829 2619 3398 2698; baseline 0.006 -28"><span class='ocrx_word' id='word_1_410' title='bbox 1829 2619 2054 2673; x_wconf 75' lang='lat' dir='ltr'><strong>vitatem</strong></span> <span class='ocrx_word' id='word_1_411' title='bbox 2086 2635 2239 2674; x_wconf 89' lang='lat' dir='ltr'><strong>suam</strong></span> <span class='ocrx_word' id='word_1_412' title='bbox 2276 2623 2330 2675; x_wconf 91' lang='lat' dir='ltr'><strong>in</strong></span> <span class='ocrx_word' id='word_1_413' title='bbox 2373 2624 2612 2677; x_wconf 88' lang='lat' dir='ltr'><strong>medium</strong></span> <span class='ocrx_word' id='word_1_414' title='bbox 2650 2624 2913 2693; x_wconf 85' lang='lat' dir='ltr'><strong>proferat,</strong></span> <span class='ocrx_word' id='word_1_415' title='bbox 2961 2643 3124 2681; x_wconf 87' lang='lat' dir='ltr'><strong>nemo</strong></span> <span class='ocrx_word' id='word_1_416' title='bbox 3155 2628 3398 2698; x_wconf 82' lang='lat' dir='ltr'><strong>inauspi-</strong></span> 
     </span>
    </p>
   </div>
   <div class='ocr_carea' id='block_1_59' title="bbox 1829 2711 3400 2782">
    <p class='ocr_par' dir='ltr' id='par_1_59' title="bbox 1829 2711 3400 2782">
     <span class='ocr_line' id='line_1_59' title="bbox 1829 2711 3400 2782; baseline 0.006 -18"><span class='ocrx_word' id='word_1_417' title='bbox 1829 2720 1982 2764; x_wconf 86' lang='lat' dir='ltr'><strong>catos</strong></span> <span class='ocrx_word' id='word_1_418' title='bbox 2016 2711 2259 2766; x_wconf 86' lang='lat' dir='ltr'><strong>siderum</strong></span> <span class='ocrx_word' id='word_1_419' title='bbox 2307 2715 2521 2782; x_wconf 88' lang='lat' dir='ltr'><strong>positus</strong></span> <span class='ocrx_word' id='word_1_420' title='bbox 2565 2723 2619 2767; x_wconf 87' lang='lat' dir='ltr'><strong>et</strong></span> <span class='ocrx_word' id='word_1_421' title='bbox 2660 2716 2802 2770; x_wconf 89' lang='lat' dir='ltr'><strong>inter</strong></span> <span class='ocrx_word' id='word_1_422' title='bbox 2847 2732 2904 2772; x_wconf 89' lang='lat' dir='ltr'><strong>se</strong></span> <span class='ocrx_word' id='word_1_423' title='bbox 2939 2718 3400 2774; x_wconf 79' lang='lat' dir='ltr'><strong>conformationes</strong></span> 
     </span>
    </p>
   </div>
   <div class='ocr_carea' id='block_1_60' title="bbox 1830 2803 3399 2874">
    <p class='ocr_par' dir='ltr' id='par_1_60' title="bbox 1830 2803 3399 2874">
     <span class='ocr_line' id='line_1_60' title="bbox 1830 2803 3399 2874; baseline 0.006 -19"><span class='ocrx_word' id='word_1_424' title='bbox 1830 2815 2111 2856; x_wconf 82' lang='lat' dir='ltr'><strong>causetur.</strong></span> <span class='ocrx_word' id='word_1_425' title='bbox 2143 2803 2276 2856; x_wconf 67' lang='lat' dir='ltr'><strong>Nam</strong></span> <span class='ocrx_word' id='word_1_426' title='bbox 2302 2805 2522 2874; x_wconf 86' lang='lat' dir='ltr'><strong>sapiens</strong></span> <span class='ocrx_word' id='word_1_427' title='bbox 2557 2806 2645 2861; x_wconf 91' lang='lat' dir='ltr'><strong>ille</strong></span> <span class='ocrx_word' id='word_1_428' title='bbox 2678 2807 2984 2863; x_wconf 81' lang='lat' dir='ltr'><strong>Moderator</strong></span> <span class='ocrx_word' id='word_1_429' title='bbox 3021 2811 3399 2868; x_wconf 78' lang='lat' dir='ltr'><strong>universorum</strong></span> 
     </span>
    </p>
   </div>
   <div class='ocr_carea' id='block_1_61' title="bbox 1809 2894 3398 2972">
    <p class='ocr_par' dir='ltr' id='par_1_61' title="bbox 1809 2894 3398 2972">
     <span class='ocr_line' id='line_1_61' title="bbox 1809 2894 3398 2972; baseline 0.01 -29"><span class='ocrx_word' id='word_1_430' title='bbox 1809 2894 2094 2962; x_wconf 70' lang='lat' dir='ltr'><strong>pra-claro</strong></span> <span class='ocrx_word' id='word_1_431' title='bbox 2128 2895 2358 2949; x_wconf 89' lang='lat' dir='ltr'><strong>consilio</strong></span> <span class='ocrx_word' id='word_1_432' title='bbox 2386 2895 2644 2962; x_wconf 86' lang='lat' dir='ltr'><strong>instituit,</strong></span> <span class='ocrx_word' id='word_1_433' title='bbox 2676 2909 2731 2952; x_wconf 91' lang='lat' dir='ltr'><strong>ut</strong></span> <span class='ocrx_word' id='word_1_434' title='bbox 2759 2903 2873 2953; x_wconf 88' lang='lat' dir='ltr'><strong>suis</strong></span> <span class='ocrx_word' id='word_1_435' title='bbox 2898 2905 3238 2972; x_wconf 87' lang='lat' dir='ltr'><strong>temporibus</strong></span> <span class='ocrx_word' id='word_1_436' title='bbox 3265 2907 3398 2960; x_wconf 85' lang='lat' dir='ltr'><strong>t-erti</strong></span> 
     </span>
    </p>
   </div>
   <div class='ocr_carea' id='block_1_62' title="bbox 1832 2984 3400 3063">
    <p class='ocr_par' dir='ltr' id='par_1_62' title="bbox 1832 2984 3400 3063">
     <span class='ocr_line' id='line_1_62' title="bbox 1832 2984 3400 3063; baseline 0.01 -29"><span class='ocrx_word' id='word_1_437' title='bbox 1832 2984 2072 3036; x_wconf 82' lang='lat' dir='ltr'><strong>sidetum</strong></span> <span class='ocrx_word' id='word_1_438' title='bbox 2106 2993 2307 3048; x_wconf 90' lang='lat' dir='ltr'><strong>motus,</strong></span> <span class='ocrx_word' id='word_1_439' title='bbox 2338 2992 2512 3050; x_wconf 90' lang='lat' dir='ltr'><strong>ortus,</strong></span> <span class='ocrx_word' id='word_1_440' title='bbox 2550 3001 2774 3041; x_wconf 87' lang='lat' dir='ltr'><strong>occasus</strong></span> <span class='ocrx_word' id='word_1_441' title='bbox 2809 2992 3083 3056; x_wconf 80' lang='lat' dir='ltr'><strong>eveniant,</strong></span> <span class='ocrx_word' id='word_1_442' title='bbox 3123 3012 3228 3063; x_wconf 86' lang='lat' dir='ltr'><strong>quo</strong></span> <span class='ocrx_word' id='word_1_443' title='bbox 3248 3011 3400 3051; x_wconf 85' lang='lat' dir='ltr'><strong>com-</strong></span> 
     </span>
    </p>
   </div>
   <div class='ocr_carea' id='block_1_63' title="bbox 1835 3075 3400 3148">
    <p class='ocr_par' dir='ltr' id='par_1_63' title="bbox 1835 3075 3400 3148">
     <span class='ocr_line' id='line_1_63' title="bbox 1835 3075 3400 3148; baseline 0.007 -20"><span class='ocrx_word' id='word_1_444' title='bbox 1835 3083 2173 3142; x_wconf 78' lang='lat' dir='ltr'><strong>mutatoper</strong></span> <span class='ocrx_word' id='word_1_445' title='bbox 2197 3075 2294 3126; x_wconf 88' lang='lat' dir='ltr'><strong>bas</strong></span> <span class='ocrx_word' id='word_1_446' title='bbox 2323 3090 2514 3128; x_wconf 87' lang='lat' dir='ltr'><strong>causas</strong></span> <span class='ocrx_word' id='word_1_447' title='bbox 2543 3091 2670 3129; x_wconf 85' lang='lat' dir='ltr'><strong>aere</strong></span> <span class='ocrx_word' id='word_1_448' title='bbox 2698 3078 3001 3148; x_wconf 73' lang='lat' dir='ltr'><strong>pluviisque</strong></span> <span class='ocrx_word' id='word_1_449' title='bbox 3027 3083 3400 3139; x_wconf 80' lang='lat' dir='ltr'><strong>delabentibus</strong></span> 
     </span>
    </p>
   </div>
   <div class='ocr_carea' id='block_1_64' title="bbox 173 3139 1725 3245">
    <p class='ocr_par' dir='ltr' id='par_1_64' title="bbox 173 3170 1722 3245">
     <span class='ocr_line' id='line_1_64' title="bbox 173 3170 1722 3245; baseline -0.008 -14"><span class='ocrx_word' id='word_1_450' title='bbox 173 3176 340 3240; x_wconf 72' lang='grc' dir='ltr'>ἄδικοι,</span> <span class='ocrx_word' id='word_1_451' title='bbox 370 3179 494 3239; x_wconf 75' lang='grc' dir='ltr'>τοὺς</span> <span class='ocrx_word' id='word_1_452' title='bbox 533 3175 634 3245; x_wconf 73' lang='grc' dir='ltr'>μὲν</span> <span class='ocrx_word' id='word_1_453' title='bbox 671 3175 893 3242; x_wconf 70' lang='grc' dir='ltr'>μοιχοὺς</span> <span class='ocrx_word' id='word_1_454' title='bbox 949 3172 1248 3236; x_wconf 73' lang='grc' dir='ltr'>ποιοῦντες,</span> <span class='ocrx_word' id='word_1_455' title='bbox 1276 3172 1400 3233; x_wconf 78' lang='grc' dir='ltr'>τοὺς</span> <span class='ocrx_word' id='word_1_456' title='bbox 1432 3171 1488 3224; x_wconf 86' lang='grc' dir='ltr'>δὲ</span> <span class='ocrx_word' id='word_1_457' title='bbox 1532 3170 1722 3238; x_wconf 63' lang='grc' dir='ltr'>φονέας</span> 
     </span>
    </p>
   </div>
   <div class='ocr_carea' id='block_1_65' title="bbox 1831 3139 3397 3245">
    <p class='ocr_par' dir='ltr' id='par_1_65' title="bbox 1835 3165 3397 3234">
     <span class='ocr_line' id='line_1_65' title="bbox 1835 3165 3397 3234; baseline 0.006 -15"><span class='ocrx_word' id='word_1_458' title='bbox 1835 3167 2031 3234; x_wconf 73' lang='lat' dir='ltr'><strong>planta:</strong></span> <span class='ocrx_word' id='word_1_459' title='bbox 2059 3165 2463 3227; x_wconf 82' lang='lat' dir='ltr'><strong>incrementum</strong></span> <span class='ocrx_word' id='word_1_460' title='bbox 2491 3169 2778 3221; x_wconf 80' lang='lat' dir='ltr'><strong>commode</strong></span> <span class='ocrx_word' id='word_1_461' title='bbox 2813 3183 3052 3226; x_wconf 84' lang='lat' dir='ltr'><strong>sumant.</strong></span> <span class='ocrx_word' id='word_1_462' title='bbox 3085 3172 3220 3226; x_wconf 86' lang='lat' dir='ltr'><strong>Cum</strong></span> <span class='ocrx_word' id='word_1_463' title='bbox 3255 3179 3397 3229; x_wconf 77' lang='grc' dir='ltr'>ιιιιὶιιι</span> 
     </span>
    </p>
   </div>
   <div class='ocr_carea' id='block_1_66' title="bbox 173 3260 1722 3337">
    <p class='ocr_par' dir='ltr' id='par_1_66' title="bbox 173 3260 1722 3337">
     <span class='ocr_line' id='line_1_66' title="bbox 173 3260 1722 3337; baseline -0.005 -20"><span class='ocrx_word' id='word_1_464' title='bbox 173 3269 252 3319; x_wconf 70' lang='grc' dir='ltr'>καὶ</span> <span class='ocrx_word' id='word_1_465' title='bbox 264 3268 539 3337; x_wconf 69' lang='grc' dir='ltr'>ἅρπαγας.</span> <span class='ocrx_word' id='word_1_466' title='bbox 579 3265 742 3317; x_wconf 86' lang='grc' dir='ltr'><strong>Ἀλλά</strong></span> <span class='ocrx_word' id='word_1_467' title='bbox 764 3266 855 3316; x_wconf 71' lang='grc' dir='ltr'><strong>καὶ</strong></span> <span class='ocrx_word' id='word_1_468' title='bbox 883 3262 986 3333; x_wconf 66' lang='grc' dir='ltr'>πρὸ</span> <span class='ocrx_word' id='word_1_469' title='bbox 1011 3264 1117 3315; x_wconf 82' lang='grc' dir='ltr'><strong>τῶν</strong></span> <span class='ocrx_word' id='word_1_470' title='bbox 1145 3263 1386 3332; x_wconf 78' lang='grc' dir='ltr'>ἀστέρων</span> <span class='ocrx_word' id='word_1_471' title='bbox 1415 3263 1442 3314; x_wconf 89' lang='grc' dir='ltr'>ὁ</span> <span class='ocrx_word' id='word_1_472' title='bbox 1463 3260 1722 3330; x_wconf 75' lang='grc' dir='ltr'>δημιουρ·-</span> 
     </span>
    </p>
   </div>
   <div class='ocr_carea' id='block_1_67' title="bbox 174 3351 1724 3428">
    <p class='ocr_par' dir='ltr' id='par_1_67' title="bbox 174 3351 1724 3428">
     <span class='ocr_line' id='line_1_67' title="bbox 174 3351 1724 3428; baseline -0.006 -18"><span class='ocrx_word' id='word_1_473' title='bbox 174 3359 254 3426; x_wconf 80' lang='grc' dir='ltr'><strong>γὺς</strong></span> <span class='ocrx_word' id='word_1_474' title='bbox 279 3359 447 3412; x_wconf 72' lang='grc' dir='ltr'>αὐτῶν</span> <span class='ocrx_word' id='word_1_475' title='bbox 470 3357 572 3428; x_wconf 78' lang='grc' dir='ltr'><strong>τὴν</strong></span> <span class='ocrx_word' id='word_1_476' title='bbox 593 3357 774 3410; x_wconf 77' lang='grc' dir='ltr'>αἰτίαν</span> <span class='ocrx_word' id='word_1_477' title='bbox 796 3356 1152 3424; x_wconf 83' lang='grc' dir='ltr'>ἀποφέρεται,</span> <span class='ocrx_word' id='word_1_478' title='bbox 1172 3355 1331 3420; x_wconf 82' lang='grc' dir='ltr'>εἴπερ</span> <span class='ocrx_word' id='word_1_479' title='bbox 1351 3351 1571 3404; x_wconf 87' lang='grc' dir='ltr'>τοιαῦτα</span> <span class='ocrx_word' id='word_1_480' title='bbox 1594 3366 1724 3401; x_wconf 84' lang='grc' dir='ltr'>κατ-</span> 
     </span>
    </p>
   </div>
   <div class='ocr_carea' id='block_1_68' title="bbox 173 3439 1726 3517">
    <p class='ocr_par' dir='ltr' id='par_1_68' title="bbox 173 3439 1726 3517">
     <span class='ocr_line' id='line_1_68' title="bbox 173 3439 1726 3517; baseline -0.007 -15"><span class='ocrx_word' id='word_1_481' title='bbox 173 3451 443 3504; x_wconf 79' lang='grc' dir='ltr'>εσκεύασεν</span> <span class='ocrx_word' id='word_1_482' title='bbox 464 3451 500 3504; x_wconf 78' lang='grc' dir='ltr'>ἃ.</span> <span class='ocrx_word' id='word_1_483' title='bbox 521 3450 623 3517; x_wconf 84' lang='grc' dir='ltr'><strong>τὴν</strong></span> <span class='ocrx_word' id='word_1_484' title='bbox 645 3448 908 3517; x_wconf 82' lang='grc' dir='ltr'>ἐπιφορὰν</span> <span class='ocrx_word' id='word_1_485' title='bbox 927 3450 957 3515; x_wconf 82' lang='grc' dir='ltr'>ἡ</span> <span class='ocrx_word' id='word_1_486' title='bbox 969 3449 1060 3514; x_wconf 75' lang='grc' dir='ltr'><strong>μίν</strong></span> <span class='ocrx_word' id='word_1_487' title='bbox 1079 3445 1136 3510; x_wconf 72' lang='grc' dir='ltr'><strong>ἐξ</strong></span> <span class='ocrx_word' id='word_1_488' title='bbox 1153 3445 1390 3512; x_wconf 79' lang='grc' dir='ltr'>ἀνάγκης</span> <span class='ocrx_word' id='word_1_489' title='bbox 1416 3443 1523 3495; x_wconf 83' lang='grc' dir='ltr'>τῶν</span> <span class='ocrx_word' id='word_1_490' title='bbox 1540 3439 1726 3493; x_wconf 82' lang='grc' dir='ltr'>κακῶν</span> 
     </span>
    </p>
   </div>
   <div class='ocr_carea' id='block_1_69' title="bbox 174 3533 1725 3613">
    <p class='ocr_par' dir='ltr' id='par_1_69' title="bbox 174 3533 1725 3613">
     <span class='ocr_line' id='line_1_69' title="bbox 174 3533 1725 3613; baseline -0.008 -19"><span class='ocrx_word' id='word_1_491' title='bbox 174 3542 444 3613; x_wconf 76' lang='grc' dir='ltr'>ἐπιτίθησι,</span> <span class='ocrx_word' id='word_1_492' title='bbox 462 3541 609 3595; x_wconf 75' lang='grc' dir='ltr'>καθὰ</span> <span class='ocrx_word' id='word_1_493' title='bbox 627 3541 689 3608; x_wconf 85' lang='grc' dir='ltr'>δὴ</span> <span class='ocrx_word' id='word_1_494' title='bbox 707 3541 803 3592; x_wconf 74' lang='grc' dir='ltr'><strong>καὶ</strong></span> <span class='ocrx_word' id='word_1_495' title='bbox 822 3539 952 3608; x_wconf 82' lang='grc' dir='ltr'>πρὸς</span> <span class='ocrx_word' id='word_1_496' title='bbox 967 3537 1206 3589; x_wconf 81' lang='grc' dir='ltr'>Φαῦστον</span> <span class='ocrx_word' id='word_1_497' title='bbox 1226 3539 1252 3587; x_wconf 83' lang='grc' dir='ltr'>ὁ</span> <span class='ocrx_word' id='word_1_498' title='bbox 1269 3536 1558 3604; x_wconf 81' lang='grc' dir='ltr'>κορυφαῖος</span> <span class='ocrx_word' id='word_1_499' title='bbox 1575 3533 1725 3598; x_wconf 73' lang='grc' dir='ltr'>ἔλεγε</span> 
     </span>
    </p>
   </div>
   <div class='ocr_carea' id='block_1_70' title="bbox 179 3626 1723 3702">
    <p class='ocr_par' dir='ltr' id='par_1_70' title="bbox 179 3626 1723 3702">
     <span class='ocr_line' id='line_1_70' title="bbox 179 3626 1723 3702; baseline -0.005 -18"><span class='ocrx_word' id='word_1_500' title='bbox 179 3634 380 3702; x_wconf 61' lang='grc' dir='ltr'>Πέτρος,</span> <span class='ocrx_word' id='word_1_501' title='bbox 413 3634 635 3701; x_wconf 86' lang='grc' dir='ltr'>γενέσει</span> <span class='ocrx_word' id='word_1_502' title='bbox 665 3631 760 3682; x_wconf 75' lang='grc' dir='ltr'>καὶ</span> <span class='ocrx_word' id='word_1_503' title='bbox 789 3630 1096 3700; x_wconf 72' lang='grc' dir='ltr'>εἱμαρμένῃ</span> <span class='ocrx_word' id='word_1_504' title='bbox 1133 3629 1193 3680; x_wconf 82' lang='grc' dir='ltr'><strong>τὸ</strong></span> <span class='ocrx_word' id='word_1_505' title='bbox 1222 3629 1328 3680; x_wconf 79' lang='grc' dir='ltr'>πᾶν</span> <span class='ocrx_word' id='word_1_506' title='bbox 1349 3626 1723 3693; x_wconf 60' lang='grc' dir='ltr'>ἐπιτρέποντα.</span> 
     </span>
    </p>
   </div>
   <div class='ocr_carea' id='block_1_71' title="bbox 1828 3253 3400 3329">
    <p class='ocr_par' dir='ltr' id='par_1_71' title="bbox 1828 3253 3400 3329">
     <span class='ocr_line' id='line_1_71' title="bbox 1828 3253 3400 3329; baseline 0.005 -21"><span class='ocrx_word' id='word_1_507' title='bbox 1828 3256 2083 3309; x_wconf 74' lang='lat' dir='ltr'><strong>alimenta</strong></span> <span class='ocrx_word' id='word_1_508' title='bbox 2115 3253 2522 3323; x_wconf 71' lang='lat' dir='ltr'><strong>quodamvelut</strong></span> <span class='ocrx_word' id='word_1_509' title='bbox 2543 3255 2749 3308; x_wconf 88' lang='lat' dir='ltr'><strong>ambitu</strong></span> <span class='ocrx_word' id='word_1_510' title='bbox 2773 3267 3037 3326; x_wconf 87' lang='lat' dir='ltr'><strong>perpetuo</strong></span> <span class='ocrx_word' id='word_1_511' title='bbox 3055 3263 3400 3329; x_wconf 79' lang='lat' dir='ltr'><strong>suppeditata</strong></span> 
     </span>
    </p>
   </div>
   <div class='ocr_carea' id='block_1_72' title="bbox 1831 3345 3400 3420">
    <p class='ocr_par' dir='ltr' id='par_1_72' title="bbox 1831 3345 3400 3420">
     <span class='ocr_line' id='line_1_72' title="bbox 1831 3345 3400 3420; baseline 0.003 -20"><span class='ocrx_word' id='word_1_512' title='bbox 1831 3361 1940 3400; x_wconf 89' lang='lat' dir='ltr'><strong>non</strong></span> <span class='ocrx_word' id='word_1_513' title='bbox 1983 3346 2387 3410; x_wconf 79' lang='lat' dir='ltr'><strong>desiderantur,</strong></span> <span class='ocrx_word' id='word_1_514' title='bbox 2439 3345 2602 3399; x_wconf 85' lang='lat' dir='ltr'><strong>etiam</strong></span> <span class='ocrx_word' id='word_1_515' title='bbox 2636 3345 2852 3401; x_wconf 85' lang='lat' dir='ltr'><strong>illorum</strong></span> <span class='ocrx_word' id='word_1_516' title='bbox 2901 3359 3113 3411; x_wconf 86' lang='lat' dir='ltr'><strong>natura,</strong></span> <span class='ocrx_word' id='word_1_517' title='bbox 3163 3354 3253 3420; x_wconf 81' lang='lat' dir='ltr'><strong>qui</strong></span> <span class='ocrx_word' id='word_1_518' title='bbox 3290 3353 3400 3405; x_wconf 83' lang='lat' dir='ltr'><strong>fru-</strong></span> 
     </span>
    </p>
   </div>
   <div class='ocr_carea' id='block_1_73' title="bbox 1832 3437 3396 3515">
    <p class='ocr_par' dir='ltr' id='par_1_73' title="bbox 1832 3437 3396 3515">
     <span class='ocr_line' id='line_1_73' title="bbox 1832 3437 3396 3515; baseline 0.006 -24"><span class='ocrx_word' id='word_1_519' title='bbox 1832 3447 1954 3492; x_wconf 91' lang='lat' dir='ltr'><strong>ctus</strong></span> <span class='ocrx_word' id='word_1_520' title='bbox 1985 3437 2133 3506; x_wconf 90' lang='lat' dir='ltr'><strong>ipsos</strong></span> <span class='ocrx_word' id='word_1_521' title='bbox 2156 3437 2487 3507; x_wconf 84' lang='lat' dir='ltr'><strong>percipiunt,</strong></span> <span class='ocrx_word' id='word_1_522' title='bbox 2520 3439 2607 3492; x_wconf 87' lang='lat' dir='ltr'><strong>vel</strong></span> <span class='ocrx_word' id='word_1_523' title='bbox 2635 3454 2797 3509; x_wconf 79' lang='lat' dir='ltr'><strong>egere</strong></span> <span class='ocrx_word' id='word_1_524' title='bbox 2825 3442 2902 3494; x_wconf 64' lang='lat' dir='ltr'><strong>vel</strong></span> <span class='ocrx_word' id='word_1_525' title='bbox 2925 3443 3157 3496; x_wconf 75' lang='lat' dir='ltr'><strong>tIt&#39;Iit‘Cl‘e</strong></span> <span class='ocrx_word' id='word_1_526' title='bbox 3190 3451 3396 3515; x_wconf 79' lang='lat' dir='ltr'><strong>nequ&#39;t.</strong></span> 
     </span>
    </p>
   </div>
   <div class='ocr_carea' id='block_1_74' title="bbox 1836 3528 3400 3600">
    <p class='ocr_par' dir='ltr' id='par_1_74' title="bbox 1836 3528 3400 3600">
     <span class='ocr_line' id='line_1_74' title="bbox 1836 3528 3400 3600; baseline 0.006 -18"><span class='ocrx_word' id='word_1_527' title='bbox 1836 3531 1908 3583; x_wconf 84' lang='lat' dir='ltr'><strong>De</strong></span> <span class='ocrx_word' id='word_1_528' title='bbox 1937 3545 2046 3599; x_wconf 89' lang='lat' dir='ltr'><strong>quo</strong></span> <span class='ocrx_word' id='word_1_529' title='bbox 2090 3528 2444 3600; x_wconf 78' lang='lat' dir='ltr'><strong>intelligimus</strong></span> <span class='ocrx_word' id='word_1_530' title='bbox 2490 3529 2671 3585; x_wconf 77' lang='lat' dir='ltr'><strong>sidera</strong></span> <span class='ocrx_word' id='word_1_531' title='bbox 2721 3533 2937 3600; x_wconf 81' lang='lat' dir='ltr'><strong>quidem</strong></span> <span class='ocrx_word' id='word_1_532' title='bbox 2995 3549 3116 3599; x_wconf 78' lang='lat' dir='ltr'><strong>eum</strong></span> <span class='ocrx_word' id='word_1_533' title='bbox 3163 3539 3400 3592; x_wconf 80' lang='lat' dir='ltr'><strong>motibus</strong></span> 
     </span>
    </p>
   </div>
   <div class='ocr_carea' id='block_1_75' title="bbox 1835 3620 3397 3696">
    <p class='ocr_par' dir='ltr' id='par_1_75' title="bbox 1835 3620 3397 3696">
     <span class='ocr_line' id='line_1_75' title="bbox 1835 3620 3397 3696; baseline 0.004 -21"><span class='ocrx_word' id='word_1_534' title='bbox 1835 3621 1950 3675; x_wconf 84' lang='lat' dir='ltr'><strong>suis</strong></span> <span class='ocrx_word' id='word_1_535' title='bbox 1983 3620 2282 3686; x_wconf 79' lang='lat' dir='ltr'><strong>fructuum,</strong></span> <span class='ocrx_word' id='word_1_536' title='bbox 2318 3620 2533 3674; x_wconf 89' lang='lat' dir='ltr'><strong>fructus</strong></span> <span class='ocrx_word' id='word_1_537' title='bbox 2561 3630 2737 3674; x_wconf 80' lang='lat' dir='ltr'><strong>autem</strong></span> <span class='ocrx_word' id='word_1_538' title='bbox 2769 3623 3083 3696; x_wconf 61' lang='lat' dir='ltr'><strong>animalium</strong></span> <span class='ocrx_word' id='word_1_539' title='bbox 3132 3633 3186 3678; x_wconf 89' lang='lat' dir='ltr'><strong>et</strong></span> <span class='ocrx_word' id='word_1_540' title='bbox 3218 3627 3397 3681; x_wconf 55' lang='lat' dir='ltr'><strong>homia</strong></span> 
     </span>
    </p>
   </div>
   <div class='ocr_carea' id='block_1_76' title="bbox 177 3707 3401 3790">
    <p class='ocr_par' dir='ltr' id='par_1_76' title="bbox 177 3707 3401 3790">
     <span class='ocr_line' id='line_1_76' title="bbox 177 3707 3401 3790; baseline -0.001 -14"><span class='ocrx_word' id='word_1_541' title='bbox 177 3725 250 3778; x_wconf 89' lang='lat' dir='ltr'><strong>uis</strong></span> <span class='ocrx_word' id='word_1_542' title='bbox 275 3741 388 3780; x_wconf 87' lang='lat' dir='ltr'><strong>esse</strong></span> <span class='ocrx_word' id='word_1_543' title='bbox 421 3741 592 3779; x_wconf 87' lang='lat' dir='ltr'><strong>causa</strong></span> <span class='ocrx_word' id='word_1_544' title='bbox 629 3722 826 3778; x_wconf 88' lang='lat' dir='ltr'><strong>factos.</strong></span> <span class='ocrx_word' id='word_1_545' title='bbox 887 3721 1230 3790; x_wconf 85' lang='lat' dir='ltr'><strong>Quapropter</strong></span> <span class='ocrx_word' id='word_1_546' title='bbox 1297 3707 1606 3772; x_wconf 86' lang='lat' dir='ltr'><strong>animorum</strong></span> <span class='ocrx_word' id='word_1_547' title='bbox 1655 3717 1966 3769; x_wconf 83' lang='lat' dir='ltr'><strong>voluntates</strong></span> <span class='ocrx_word' id='word_1_548' title='bbox 2031 3723 2194 3782; x_wconf 89' lang='lat' dir='ltr'><strong>atque</strong></span> <span class='ocrx_word' id='word_1_549' title='bbox 2259 3713 2563 3767; x_wconf 87' lang='lat' dir='ltr'><strong>sententias</strong></span> <span class='ocrx_word' id='word_1_550' title='bbox 2603 3713 2783 3768; x_wconf 88' lang='lat' dir='ltr'><strong>sidera</strong></span> <span class='ocrx_word' id='word_1_551' title='bbox 2815 3731 2919 3768; x_wconf 90' lang='lat' dir='ltr'><strong>non</strong></span> <span class='ocrx_word' id='word_1_552' title='bbox 2988 3725 3237 3782; x_wconf 87' lang='lat' dir='ltr'><strong>mutant,</strong></span> <span class='ocrx_word' id='word_1_553' title='bbox 3297 3735 3401 3773; x_wconf 86' lang='lat' dir='ltr'><strong>nec</strong></span> 
     </span>
    </p>
   </div>
   <div class='ocr_carea' id='block_1_77' title="bbox 176 3805 3398 3893">
    <p class='ocr_par' dir='ltr' id='par_1_77' title="bbox 176 3805 3398 3893">
     <span class='ocr_line' id='line_1_77' title="bbox 176 3805 3398 3893; baseline -0.003 -23"><span class='ocrx_word' id='word_1_554' title='bbox 176 3820 428 3874; x_wconf 78' lang='lat' dir='ltr'><strong>Immineat</strong></span> <span class='ocrx_word' id='word_1_555' title='bbox 461 3823 531 3874; x_wconf 87' lang='lat' dir='ltr'><strong>ad</strong></span> <span class='ocrx_word' id='word_1_556' title='bbox 561 3819 850 3888; x_wconf 80' lang='lat' dir='ltr'><strong>imaginem</strong></span> <span class='ocrx_word' id='word_1_557' title='bbox 885 3817 976 3870; x_wconf 89' lang='lat' dir='ltr'><strong>Dei</strong></span> <span class='ocrx_word' id='word_1_558' title='bbox 1007 3815 1210 3869; x_wconf 87' lang='lat' dir='ltr'><strong>factum</strong></span> <span class='ocrx_word' id='word_1_559' title='bbox 1263 3810 1828 3886; x_wconf 65' lang='lat' dir='ltr'><strong>ntaniipiicuiusdam</strong></span> <span class='ocrx_word' id='word_1_560' title='bbox 1882 3808 2005 3862; x_wconf 86' lang='lat' dir='ltr'><strong>vilis</strong></span> <span class='ocrx_word' id='word_1_561' title='bbox 2068 3807 2241 3862; x_wconf 85' lang='lat' dir='ltr'><strong>instar</strong></span> <span class='ocrx_word' id='word_1_562' title='bbox 2293 3805 2398 3858; x_wconf 83' lang='lat' dir='ltr'><strong>hac</strong></span> <span class='ocrx_word' id='word_1_563' title='bbox 2455 3805 2580 3858; x_wconf 79' lang='lat' dir='ltr'><strong>Illac</strong></span> <span class='ocrx_word' id='word_1_564' title='bbox 2640 3806 2864 3860; x_wconf 84' lang='lat' dir='ltr'><strong>ducunt.</strong></span> <span class='ocrx_word' id='word_1_565' title='bbox 2931 3807 3050 3860; x_wconf 84' lang='lat' dir='ltr'><strong>Non</strong></span> <span class='ocrx_word' id='word_1_566' title='bbox 3101 3819 3205 3893; x_wconf 68' lang='lat' dir='ltr'><strong>tam</strong></span> <span class='ocrx_word' id='word_1_567' title='bbox 3253 3811 3398 3862; x_wconf 87' lang='lat' dir='ltr'><strong>enim</strong></span> 
     </span>
    </p>
   </div>
   <div class='ocr_carea' id='block_1_78' title="bbox 177 3899 3397 3983">
    <p class='ocr_par' dir='ltr' id='par_1_78' title="bbox 177 3899 3397 3983">
     <span class='ocr_line' id='line_1_78' title="bbox 177 3899 3397 3983; baseline -0.002 -17"><span class='ocrx_word' id='word_1_568' title='bbox 177 3927 276 3981; x_wconf 73' lang='lat' dir='ltr'><strong>ipsa</strong></span> <span class='ocrx_word' id='word_1_569' title='bbox 298 3913 847 3983; x_wconf 83' lang='lat' dir='ltr'><strong>deprehenderentur</strong></span> <span class='ocrx_word' id='word_1_570' title='bbox 878 3911 1078 3980; x_wconf 88' lang='lat' dir='ltr'><strong>iujusta</strong></span> <span class='ocrx_word' id='word_1_571' title='bbox 1105 3925 1246 3976; x_wconf 88' lang='lat' dir='ltr'><strong>esse,</strong></span> <span class='ocrx_word' id='word_1_572' title='bbox 1317 3908 1578 3978; x_wconf 87' lang='lat' dir='ltr'><strong>quosdam</strong></span> <span class='ocrx_word' id='word_1_573' title='bbox 1643 3905 1922 3976; x_wconf 86' lang='lat' dir='ltr'><strong>adulteros</strong></span> <span class='ocrx_word' id='word_1_574' title='bbox 1977 3901 2289 3963; x_wconf 77' lang='lat' dir='ltr'><strong>elﬁcicntia,</strong></span> <span class='ocrx_word' id='word_1_575' title='bbox 2324 3899 2585 3967; x_wconf 85' lang='lat' dir='ltr'><strong>quosdam</strong></span> <span class='ocrx_word' id='word_1_576' title='bbox 2656 3901 2953 3953; x_wconf 76' lang='lat' dir='ltr'><strong>homicidas</strong></span> <span class='ocrx_word' id='word_1_577' title='bbox 2986 3918 3048 3954; x_wconf 88' lang='lat' dir='ltr'><strong>ac</strong></span> <span class='ocrx_word' id='word_1_578' title='bbox 3093 3904 3397 3972; x_wconf 73' lang='lat' dir='ltr'><strong>prtedoucs,</strong></span> 
     </span>
    </p>
   </div>
   <div class='ocr_carea' id='block_1_79' title="bbox 177 3993 3401 4075">
    <p class='ocr_par' dir='ltr' id='par_1_79' title="bbox 177 3993 3401 4075">
     <span class='ocr_line' id='line_1_79' title="bbox 177 3993 3401 4075; baseline -0.002 -16"><span class='ocrx_word' id='word_1_579' title='bbox 177 4023 320 4074; x_wconf 89' lang='lat' dir='ltr'><strong>quam</strong></span> <span class='ocrx_word' id='word_1_580' title='bbox 351 4023 544 4062; x_wconf 88' lang='lat' dir='ltr'><strong>eorum</strong></span> <span class='ocrx_word' id='word_1_581' title='bbox 576 4005 780 4075; x_wconf 83' lang='lat' dir='ltr'><strong>opifex,</strong></span> <span class='ocrx_word' id='word_1_582' title='bbox 839 4007 930 4075; x_wconf 92' lang='lat' dir='ltr'><strong>qui</strong></span> <span class='ocrx_word' id='word_1_583' title='bbox 980 4019 1310 4074; x_wconf 64' lang='lat' dir='ltr'><strong>praecrpuam</strong></span> <span class='ocrx_word' id='word_1_584' title='bbox 1349 4003 1402 4056; x_wconf 92' lang='lat' dir='ltr'><strong>in</strong></span> <span class='ocrx_word' id='word_1_585' title='bbox 1438 4002 1541 4056; x_wconf 85' lang='lat' dir='ltr'><strong>hac</strong></span> <span class='ocrx_word' id='word_1_586' title='bbox 1575 4011 1725 4070; x_wconf 79' lang='lat' dir='ltr'><strong>parte</strong></span> <span class='ocrx_word' id='word_1_587' title='bbox 1765 3999 1979 4068; x_wconf 88' lang='lat' dir='ltr'><strong>culpam</strong></span> <span class='ocrx_word' id='word_1_588' title='bbox 2041 4003 2373 4058; x_wconf 84' lang='lat' dir='ltr'><strong>mereretur,</strong></span> <span class='ocrx_word' id='word_1_589' title='bbox 2418 3993 2487 4046; x_wconf 89' lang='lat' dir='ltr'><strong>ob</strong></span> <span class='ocrx_word' id='word_1_590' title='bbox 2527 4007 2614 4045; x_wconf 86' lang='lat' dir='ltr'><strong>res</strong></span> <span class='ocrx_word' id='word_1_591' title='bbox 2681 3993 2950 4060; x_wconf 86' lang='lat' dir='ltr'><strong>ejusmodi</strong></span> <span class='ocrx_word' id='word_1_592' title='bbox 2988 3998 3235 4050; x_wconf 81' lang='lat' dir='ltr'><strong>conditas</strong></span> <span class='ocrx_word' id='word_1_593' title='bbox 3281 4015 3401 4066; x_wconf 71' lang='lat' dir='ltr'><strong>quae</strong></span> 
     </span>
    </p>
   </div>
   <div class='ocr_carea' id='block_1_80' title="bbox 177 4087 3398 4166">
    <p class='ocr_par' dir='ltr' id='par_1_80' title="bbox 177 4087 3398 4166">
     <span class='ocr_line' id='line_1_80' title="bbox 177 4087 3398 4166; baseline -0.002 -14"><span class='ocrx_word' id='word_1_594' title='bbox 177 4103 468 4156; x_wconf 84' lang='lat' dir='ltr'><strong>necessario</strong></span> <span class='ocrx_word' id='word_1_595' title='bbox 494 4116 600 4154; x_wconf 89' lang='lat' dir='ltr'><strong>nos</strong></span> <span class='ocrx_word' id='word_1_596' title='bbox 627 4100 692 4154; x_wconf 82' lang='lat' dir='ltr'><strong>ad</strong></span> <span class='ocrx_word' id='word_1_597' title='bbox 723 4097 863 4153; x_wconf 87' lang='lat' dir='ltr'><strong>mala</strong></span> <span class='ocrx_word' id='word_1_598' title='bbox 885 4097 1147 4166; x_wconf 87' lang='lat' dir='ltr'><strong>proclives</strong></span> <span class='ocrx_word' id='word_1_599' title='bbox 1168 4096 1478 4150; x_wconf 82' lang='lat' dir='ltr'><strong>redderent.</strong></span> <span class='ocrx_word' id='word_1_600' title='bbox 1543 4093 1754 4147; x_wconf 86' lang='lat' dir='ltr'><strong>Idcirco</strong></span> <span class='ocrx_word' id='word_1_601' title='bbox 1789 4106 1897 4145; x_wconf 89' lang='lat' dir='ltr'><strong>non</strong></span> <span class='ocrx_word' id='word_1_602' title='bbox 1930 4088 2029 4144; x_wconf 88' lang='lat' dir='ltr'><strong>abs</strong></span> <span class='ocrx_word' id='word_1_603' title='bbox 2062 4102 2120 4140; x_wconf 89' lang='lat' dir='ltr'><strong>re</strong></span> <span class='ocrx_word' id='word_1_604' title='bbox 2149 4087 2368 4156; x_wconf 88' lang='lat' dir='ltr'><strong>scripsit</strong></span> <span class='ocrx_word' id='word_1_605' title='bbox 2397 4088 2630 4142; x_wconf 79' lang='lat' dir='ltr'><strong>eximius</strong></span> <span class='ocrx_word' id='word_1_606' title='bbox 2659 4087 2747 4141; x_wconf 90' lang='lat' dir='ltr'><strong>ille</strong></span> <span class='ocrx_word' id='word_1_607' title='bbox 2804 4087 2996 4142; x_wconf 80' lang='lat' dir='ltr'><strong>Petrus</strong></span> <span class='ocrx_word' id='word_1_608' title='bbox 3021 4092 3086 4142; x_wconf 84' lang='lat' dir='ltr'><strong>ad</strong></span> <span class='ocrx_word' id='word_1_609' title='bbox 3120 4089 3398 4158; x_wconf 63' lang='lat' dir='ltr'><strong>Faustum,</strong></span> 
     </span>
    </p>
   </div>
   <div class='ocr_carea' id='block_1_81' title="bbox 174 4182 2340 4262">
    <p class='ocr_par' dir='ltr' id='par_1_81' title="bbox 174 4182 2340 4262">
     <span class='ocr_line' id='line_1_81' title="bbox 174 4182 2340 4262; baseline -0.007 -14"><span class='ocrx_word' id='word_1_610' title='bbox 174 4197 416 4262; x_wconf 83' lang='lat' dir='ltr'><strong>quosdam</strong></span> <span class='ocrx_word' id='word_1_611' title='bbox 450 4196 588 4250; x_wconf 84' lang='lat' dir='ltr'><strong>falso</strong></span> <span class='ocrx_word' id='word_1_612' title='bbox 639 4195 954 4248; x_wconf 88' lang='lat' dir='ltr'><strong>universum</strong></span> <span class='ocrx_word' id='word_1_613' title='bbox 1006 4194 1107 4244; x_wconf 91' lang='lat' dir='ltr'><strong>hoc</strong></span> <span class='ocrx_word' id='word_1_614' title='bbox 1156 4187 1418 4244; x_wconf 85' lang='lat' dir='ltr'><strong>natalitiis</strong></span> <span class='ocrx_word' id='word_1_615' title='bbox 1445 4187 1716 4243; x_wconf 85' lang='lat' dir='ltr'><strong>sideribus</strong></span> <span class='ocrx_word' id='word_1_616' title='bbox 1756 4193 1809 4240; x_wconf 91' lang='lat' dir='ltr'><strong>et</strong></span> <span class='ocrx_word' id='word_1_617' title='bbox 1838 4185 1947 4238; x_wconf 84' lang='lat' dir='ltr'><strong>fato</strong></span> <span class='ocrx_word' id='word_1_618' title='bbox 1976 4182 2340 4238; x_wconf 85' lang='lat' dir='ltr'><strong>committere.</strong></span> 
     </span>
    </p>
   </div>
   <div class='ocr_carea' id='block_1_82' title="bbox 239 4280 1728 4356">
    <p class='ocr_par' dir='ltr' id='par_1_82' title="bbox 239 4280 1728 4356">
     <span class='ocr_line' id='line_1_82' title="bbox 239 4280 1728 4356; baseline -0.005 -17"><span class='ocrx_word' id='word_1_619' title='bbox 239 4287 375 4356; x_wconf 83' lang='grc' dir='ltr'>Ὅρα</span> <span class='ocrx_word' id='word_1_620' title='bbox 427 4286 620 4339; x_wconf 78' lang='grc' dir='ltr'>λοιπὸν</span> <span class='ocrx_word' id='word_1_621' title='bbox 675 4281 962 4355; x_wconf 82' lang='grc' dir='ltr'>νουνεχῶς,</span> <span class='ocrx_word' id='word_1_622' title='bbox 1014 4284 1107 4335; x_wconf 76' lang='grc' dir='ltr'>καὶ</span> <span class='ocrx_word' id='word_1_623' title='bbox 1164 4282 1238 4353; x_wconf 80' lang='grc' dir='ltr'>μὴ</span> <span class='ocrx_word' id='word_1_624' title='bbox 1289 4282 1382 4333; x_wconf 72' lang='grc' dir='ltr'><strong>ἐπὶ</strong></span> <span class='ocrx_word' id='word_1_625' title='bbox 1421 4282 1581 4332; x_wconf 85' lang='grc' dir='ltr'>πλέον</span> <span class='ocrx_word' id='word_1_626' title='bbox 1613 4280 1728 4339; x_wconf 85' lang='grc' dir='ltr'>τοῖς</span> 
     </span>
    </p>
   </div>
   <div class='ocr_carea' id='block_1_83' title="bbox 177 4369 1722 4446">
    <p class='ocr_par' dir='ltr' id='par_1_83' title="bbox 177 4369 1722 4446">
     <span class='ocr_line' id='line_1_83' title="bbox 177 4369 1722 4446; baseline -0.01 -12"><span class='ocrx_word' id='word_1_627' title='bbox 177 4375 338 4444; x_wconf 81' lang='grc' dir='ltr'>λόγοις</span> <span class='ocrx_word' id='word_1_628' title='bbox 377 4377 562 4431; x_wconf 79' lang='grc' dir='ltr'>αὐτῶν</span> <span class='ocrx_word' id='word_1_629' title='bbox 603 4376 857 4446; x_wconf 78' lang='grc' dir='ltr'>Θορυϐοῦ.</span> <span class='ocrx_word' id='word_1_630' title='bbox 903 4376 963 4427; x_wconf 92' lang='grc' dir='ltr'><strong>Εἰ</strong></span> <span class='ocrx_word' id='word_1_631' title='bbox 1003 4375 1112 4444; x_wconf 88' lang='grc' dir='ltr'><strong>γάρ</strong></span> <span class='ocrx_word' id='word_1_632' title='bbox 1157 4377 1249 4427; x_wconf 72' lang='grc' dir='ltr'><strong>καὶ</strong></span> <span class='ocrx_word' id='word_1_633' title='bbox 1288 4373 1540 4437; x_wconf 82' lang='grc' dir='ltr'>λέγουσιν</span> <span class='ocrx_word' id='word_1_634' title='bbox 1575 4371 1657 4421; x_wconf 86' lang='grc' dir='ltr'>ὅτι</span> <span class='ocrx_word' id='word_1_635' title='bbox 1689 4369 1722 4436; x_wconf 86' lang='grc' dir='ltr'><strong>ἡ</strong></span> 
     </span>
    </p>
   </div>
   <div class='ocr_carea' id='block_1_84' title="bbox 1905 4273 3401 4348">
    <p class='ocr_par' dir='ltr' id='par_1_84' title="bbox 1905 4273 3401 4348">
     <span class='ocr_line' id='line_1_84' title="bbox 1905 4273 3401 4348; baseline 0 -19"><span class='ocrx_word' id='word_1_636' title='bbox 1905 4276 2210 4330; x_wconf 83' lang='lat' dir='ltr'><strong>Prudenter</strong></span> <span class='ocrx_word' id='word_1_637' title='bbox 2255 4278 2420 4348; x_wconf 80' lang='lat' dir='ltr'><strong>igitur</strong></span> <span class='ocrx_word' id='word_1_638' title='bbox 2458 4273 2575 4331; x_wconf 60' lang='lat' dir='ltr'><strong>huic</strong></span> <span class='ocrx_word' id='word_1_639' title='bbox 2623 4273 3010 4337; x_wconf 84' lang='lat' dir='ltr'><strong>considerato,</strong></span> <span class='ocrx_word' id='word_1_640' title='bbox 3058 4288 3160 4327; x_wconf 89' lang='lat' dir='ltr'><strong>nec</strong></span> <span class='ocrx_word' id='word_1_641' title='bbox 3209 4273 3401 4329; x_wconf 87' lang='lat' dir='ltr'><strong>horum</strong></span> 
     </span>
    </p>
   </div>
   <div class='ocr_carea' id='block_1_85' title="bbox 1830 4366 3401 4440">
    <p class='ocr_par' dir='ltr' id='par_1_85' title="bbox 1830 4366 3401 4440">
     <span class='ocr_line' id='line_1_85' title="bbox 1830 4366 3401 4440; baseline -0.003 -18"><span class='ocrx_word' id='word_1_642' title='bbox 1830 4369 2010 4424; x_wconf 83' lang='lat' dir='ltr'><strong>verbis</strong></span> <span class='ocrx_word' id='word_1_643' title='bbox 2043 4369 2161 4438; x_wconf 89' lang='lat' dir='ltr'><strong>plus</strong></span> <span class='ocrx_word' id='word_1_644' title='bbox 2189 4385 2344 4438; x_wconf 67' lang='lat' dir='ltr'><strong>aequo</strong></span> <span class='ocrx_word' id='word_1_645' title='bbox 2389 4366 2695 4440; x_wconf 86' lang='lat' dir='ltr'><strong>perturbari</strong></span> <span class='ocrx_word' id='word_1_646' title='bbox 2745 4378 2798 4423; x_wconf 76' lang='lat' dir='ltr'><strong>tt:</strong></span> <span class='ocrx_word' id='word_1_647' title='bbox 2850 4366 3038 4419; x_wconf 91' lang='lat' dir='ltr'><strong>sinito.</strong></span> <span class='ocrx_word' id='word_1_648' title='bbox 3075 4366 3209 4420; x_wconf 87' lang='lat' dir='ltr'><strong>Cum</strong></span> <span class='ocrx_word' id='word_1_649' title='bbox 3255 4371 3401 4420; x_wconf 89' lang='lat' dir='ltr'><strong>enim</strong></span> 
     </span>
    </p>
   </div>
   <div class='ocr_carea' id='block_1_86' title="bbox 181 4454 1725 4540">
    <p class='ocr_par' dir='ltr' id='par_1_86' title="bbox 181 4454 1725 4540">
     <span class='ocr_line' id='line_1_86' title="bbox 181 4454 1725 4540; baseline -0.008 -15"><span class='ocrx_word' id='word_1_650' title='bbox 181 4467 288 4539; x_wconf 82' lang='grc' dir='ltr'>ὥρα</span> <span class='ocrx_word' id='word_1_651' title='bbox 324 4470 448 4524; x_wconf 77' lang='grc' dir='ltr'>καθ’</span> <span class='ocrx_word' id='word_1_652' title='bbox 486 4471 556 4540; x_wconf 80' lang='grc' dir='ltr'>ἠν</span> <span class='ocrx_word' id='word_1_653' title='bbox 586 4471 620 4538; x_wconf 81' lang='grc' dir='ltr'><strong>ἡ</strong></span> <span class='ocrx_word' id='word_1_654' title='bbox 661 4468 919 4537; x_wconf 73' lang='grc' dir='ltr'>σύλληψις</span> <span class='ocrx_word' id='word_1_655' title='bbox 945 4465 1038 4520; x_wconf 87' lang='grc' dir='ltr'><strong>τοῦ</strong></span> <span class='ocrx_word' id='word_1_656' title='bbox 1087 4454 1601 4534; x_wconf 74' lang='grc' dir='ltr'>συλλαμϐανομένου</span> <span class='ocrx_word' id='word_1_657' title='bbox 1642 4461 1725 4528; x_wconf 65' lang='grc' dir='ltr'>γίι-</span> 
     </span>
    </p>
   </div>
   <div class='ocr_carea' id='block_1_87' title="bbox 1831 4454 3401 4540">
    <p class='ocr_par' dir='ltr' id='par_1_87' title="bbox 1834 4457 3401 4530">
     <span class='ocr_line' id='line_1_87' title="bbox 1834 4457 3401 4530; baseline -0.002 -16"><span class='ocrx_word' id='word_1_658' title='bbox 1834 4461 2022 4514; x_wconf 89' lang='lat' dir='ltr'><strong>dicuut</strong></span> <span class='ocrx_word' id='word_1_659' title='bbox 2044 4475 2165 4514; x_wconf 87' lang='lat' dir='ltr'><strong>eam</strong></span> <span class='ocrx_word' id='word_1_660' title='bbox 2203 4461 2393 4516; x_wconf 87' lang='lat' dir='ltr'><strong>horam</strong></span> <span class='ocrx_word' id='word_1_661' title='bbox 2425 4478 2529 4530; x_wconf 89' lang='lat' dir='ltr'><strong>qua</strong></span> <span class='ocrx_word' id='word_1_662' title='bbox 2565 4461 2708 4517; x_wconf 84' lang='lat' dir='ltr'><strong>fetus</strong></span> <span class='ocrx_word' id='word_1_663' title='bbox 2754 4457 3043 4530; x_wconf 84' lang='lat' dir='ltr'><strong>ceuceptio</strong></span> <span class='ocrx_word' id='word_1_664' title='bbox 3085 4457 3197 4524; x_wconf 69' lang='lat' dir='ltr'><strong>ﬁat,</strong></span> <span class='ocrx_word' id='word_1_665' title='bbox 3233 4457 3401 4512; x_wconf 85' lang='lat' dir='ltr'><strong>fetum</strong></span> 
     </span>
    </p>
   </div>
   <div class='ocr_carea' id='block_1_88' title="bbox 149 4541 1761 4630">
    <p class='ocr_par' dir='ltr' id='par_1_88' title="bbox 149 4541 1761 4630">
     <span class='ocr_line' id='line_1_88' title="bbox 149 4541 1761 4630; baseline -0.002 -19"><span class='ocrx_word' id='word_1_666' title='bbox 149 4541 338 4626; x_wconf 53' lang='grc' dir='ltr'>λνεται,</span> <span class='ocrx_word' id='word_1_667' title='bbox 369 4563 556 4630; x_wconf 78' lang='grc' dir='ltr'>ἐκείνη</span> <span class='ocrx_word' id='word_1_668' title='bbox 595 4561 689 4614; x_wconf 72' lang='lat' dir='ltr'><strong>xui</strong></span> <span class='ocrx_word' id='word_1_669' title='bbox 712 4561 772 4612; x_wconf 82' lang='grc' dir='ltr'><strong>τὸ</strong></span> <span class='ocrx_word' id='word_1_670' title='bbox 813 4557 1380 4628; x_wconf 82' lang='grc' dir='ltr'>πλαστουργούμενον,</span> <span class='ocrx_word' id='word_1_671' title='bbox 1421 4557 1532 4608; x_wconf 75' lang='grc' dir='ltr'>εἴτε</span> <span class='ocrx_word' id='word_1_672' title='bbox 1563 4556 1730 4626; x_wconf 78' lang='grc' dir='ltr'>άρῥεν</span> <span class='ocrx_word' id='word_1_673' title='bbox 1750 4618 1761 4628; x_wconf 42' lang='grc' dir='ltr'><strong><em>ι</em></strong></span> 
     </span>
    </p>
   </div>
   <div class='ocr_carea' id='block_1_89' title="bbox 177 4647 1732 4725">
    <p class='ocr_par' dir='ltr' id='par_1_89' title="bbox 177 4647 1732 4725">
     <span class='ocr_line' id='line_1_89' title="bbox 177 4647 1732 4725; baseline -0.004 -21"><span class='ocrx_word' id='word_1_674' title='bbox 177 4654 276 4706; x_wconf 73' lang='grc' dir='ltr'>εἴτε</span> <span class='ocrx_word' id='word_1_675' title='bbox 309 4653 464 4725; x_wconf 84' lang='grc' dir='ltr'>θῆλυ,</span> <span class='ocrx_word' id='word_1_676' title='bbox 493 4653 845 4708; x_wconf 85' lang='grc' dir='ltr'>διαπλάττειν</span> <span class='ocrx_word' id='word_1_677' title='bbox 896 4652 1090 4718; x_wconf 81' lang='grc' dir='ltr'>ἄριστα</span> <span class='ocrx_word' id='word_1_678' title='bbox 1141 4650 1352 4710; x_wconf 80' lang='grc' dir='ltr'>εἴωθεν,</span> <span class='ocrx_word' id='word_1_679' title='bbox 1377 4647 1492 4700; x_wconf 84' lang='grc' dir='ltr'>ἀλλ’</span> <span class='ocrx_word' id='word_1_680' title='bbox 1527 4648 1732 4709; x_wconf 78' lang='grc' dir='ltr'>εὐθέως</span> 
     </span>
    </p>
   </div>
   <div class='ocr_carea' id='block_1_90' title="bbox 179 4737 1730 4812">
    <p class='ocr_par' dir='ltr' id='par_1_90' title="bbox 179 4737 1730 4812">
     <span class='ocr_line' id='line_1_90' title="bbox 179 4737 1730 4812; baseline -0.003 -21"><span class='ocrx_word' id='word_1_681' title='bbox 179 4739 572 4812; x_wconf 79' lang='grc' dir='ltr'>ἅνθυποφέρειν</span> <span class='ocrx_word' id='word_1_682' title='bbox 600 4740 741 4810; x_wconf 75' lang='grc' dir='ltr'>ἔχεις</span> <span class='ocrx_word' id='word_1_683' title='bbox 769 4741 863 4793; x_wconf 70' lang='grc' dir='ltr'>καὶ</span> <span class='ocrx_word' id='word_1_684' title='bbox 897 4740 983 4802; x_wconf 82' lang='grc' dir='ltr'><strong>σὺ,</strong></span> <span class='ocrx_word' id='word_1_685' title='bbox 1010 4737 1106 4791; x_wconf 68' lang='grc' dir='ltr'><strong>καὶ</strong></span> <span class='ocrx_word' id='word_1_686' title='bbox 1135 4738 1277 4789; x_wconf 80' lang='grc' dir='ltr'>οὓτω</span> <span class='ocrx_word' id='word_1_687' title='bbox 1305 4737 1487 4804; x_wconf 84' lang='grc' dir='ltr'>λέγειν</span> <span class='ocrx_word' id='word_1_688' title='bbox 1525 4738 1730 4800; x_wconf 79' lang='grc' dir='ltr'>αὐτοῖς,</span> 
     </span>
    </p>
   </div>
   <div class='ocr_carea' id='block_1_91' title="bbox 180 4818 1731 4902">
    <p class='ocr_par' dir='ltr' id='par_1_91' title="bbox 180 4818 1731 4902">
     <span class='ocr_line' id='line_1_91' title="bbox 180 4818 1731 4902; baseline -0.003 -20"><span class='ocrx_word' id='word_1_689' title='bbox 180 4833 247 4893; x_wconf 87' lang='grc' dir='ltr'>ὠς</span> <span class='ocrx_word' id='word_1_690' title='bbox 275 4818 456 4902; x_wconf 43' lang='grc' dir='ltr'>εἰπερ-</span> <span class='ocrx_word' id='word_1_691' title='bbox 487 4836 545 4886; x_wconf 83' lang='grc' dir='ltr'>ἐν</span> <span class='ocrx_word' id='word_1_692' title='bbox 613 4834 709 4901; x_wconf 81' lang='grc' dir='ltr'>μιᾷ</span> <span class='ocrx_word' id='word_1_693' title='bbox 769 4831 889 4900; x_wconf 84' lang='grc' dir='ltr'><strong>ὦρᾳ</strong></span> <span class='ocrx_word' id='word_1_694' title='bbox 927 4831 1022 4882; x_wconf 76' lang='grc' dir='ltr'>καὶ</span> <span class='ocrx_word' id='word_1_695' title='bbox 1058 4833 1122 4900; x_wconf 84' lang='grc' dir='ltr'>τῇ</span> <span class='ocrx_word' id='word_1_696' title='bbox 1155 4832 1292 4899; x_wconf 82' lang='grc' dir='ltr'>αὐτῇ</span> <span class='ocrx_word' id='word_1_697' title='bbox 1319 4829 1591 4898; x_wconf 74' lang='grc' dir='ltr'>καταϐολῇ</span> <span class='ocrx_word' id='word_1_698' title='bbox 1624 4830 1731 4879; x_wconf 84' lang='grc' dir='ltr'>τῶν</span> 
     </span>
    </p>
   </div>
   <div class='ocr_carea' id='block_1_92' title="bbox 179 4910 1733 4991">
    <p class='ocr_par' dir='ltr' id='par_1_92' title="bbox 179 4910 1733 4991">
     <span class='ocr_line' id='line_1_92' title="bbox 179 4910 1733 4991; baseline -0.003 -26"><span class='ocrx_word' id='word_1_699' title='bbox 179 4915 403 4985; x_wconf 82' lang='grc' dir='ltr'>διδύμων</span> <span class='ocrx_word' id='word_1_700' title='bbox 441 4920 472 4986; x_wconf 81' lang='grc' dir='ltr'><strong>ἠ</strong></span> <span class='ocrx_word' id='word_1_701' title='bbox 511 4915 774 4991; x_wconf 80' lang='grc' dir='ltr'>σύλληψις</span> <span class='ocrx_word' id='word_1_702' title='bbox 803 4915 1035 4977; x_wconf 76' lang='grc' dir='ltr'>γίνεται,</span> <span class='ocrx_word' id='word_1_703' title='bbox 1087 4914 1291 4981; x_wconf 70' lang='grc' dir='ltr'>ἔπρεπε</span> <span class='ocrx_word' id='word_1_704' title='bbox 1325 4916 1538 4974; x_wconf 80' lang='grc' dir='ltr'>πάντως</span> <span class='ocrx_word' id='word_1_705' title='bbox 1567 4911 1641 4981; x_wconf 84' lang='grc' dir='ltr'>μὴ</span> <span class='ocrx_word' id='word_1_706' title='bbox 1673 4910 1733 4962; x_wconf 87' lang='grc' dir='ltr'><strong>τὸ</strong></span> 
     </span>
    </p>
   </div>
   <div class='ocr_carea' id='block_1_93' title="bbox 183 5005 1736 5082">
    <p class='ocr_par' dir='ltr' id='par_1_93' title="bbox 183 5005 1736 5082">
     <span class='ocr_line' id='line_1_93' title="bbox 183 5005 1736 5082; baseline -0.003 -22"><span class='ocrx_word' id='word_1_707' title='bbox 183 5011 272 5075; x_wconf 55' lang='grc' dir='ltr'><strong>μὲν</strong></span> <span class='ocrx_word' id='word_1_708' title='bbox 323 5011 501 5063; x_wconf 83' lang='grc' dir='ltr'>αὐτῶν</span> <span class='ocrx_word' id='word_1_709' title='bbox 540 5012 731 5082; x_wconf 79' lang='grc' dir='ltr'>ἄρρεν,</span> <span class='ocrx_word' id='word_1_710' title='bbox 754 5011 814 5062; x_wconf 82' lang='grc' dir='ltr'><strong>τὸ</strong></span> <span class='ocrx_word' id='word_1_711' title='bbox 833 5009 892 5062; x_wconf 71' lang='grc' dir='ltr'>δὲ</span> <span class='ocrx_word' id='word_1_712' title='bbox 906 5009 1060 5078; x_wconf 81' lang='grc' dir='ltr'>θῆλυ,</span> <span class='ocrx_word' id='word_1_713' title='bbox 1085 5007 1201 5061; x_wconf 82' lang='grc' dir='ltr'>ἀλλ’</span> <span class='ocrx_word' id='word_1_714' title='bbox 1237 5007 1441 5078; x_wconf 72' lang='grc' dir='ltr'>ἄρρενα</span> <span class='ocrx_word' id='word_1_715' title='bbox 1456 5008 1547 5058; x_wconf 75' lang='grc' dir='ltr'><strong>καὶ</strong></span> <span class='ocrx_word' id='word_1_716' title='bbox 1569 5005 1736 5074; x_wconf 75' lang='grc' dir='ltr'>ἄμφω</span> 
     </span>
    </p>
   </div>
   <div class='ocr_carea' id='block_1_94' title="bbox 126 5096 1736 5171">
    <p class='ocr_par' dir='ltr' id='par_1_94' title="bbox 126 5096 1736 5171">
     <span class='ocr_line' id='line_1_94' title="bbox 126 5096 1736 5171; baseline -0.001 -21"><span class='ocrx_word' id='word_1_717' title='bbox 126 5122 128 5125; x_wconf 93' lang='grc'>·</span> <span class='ocrx_word' id='word_1_718' title='bbox 183 5102 315 5153; x_wconf 82' lang='grc' dir='ltr'><strong>κατά</strong></span> <span class='ocrx_word' id='word_1_719' title='bbox 357 5103 456 5171; x_wconf 80' lang='grc' dir='ltr'><strong>τὴν</strong></span> <span class='ocrx_word' id='word_1_720' title='bbox 489 5101 898 5169; x_wconf 78' lang='grc' dir='ltr'>ἐπικρατοῦσαν</span> <span class='ocrx_word' id='word_1_721' title='bbox 943 5100 1093 5170; x_wconf 81' lang='grc' dir='ltr'>ὥραν</span> <span class='ocrx_word' id='word_1_722' title='bbox 1140 5099 1173 5169; x_wconf 82' lang='grc' dir='ltr'>ἢ</span> <span class='ocrx_word' id='word_1_723' title='bbox 1215 5098 1384 5169; x_wconf 76' lang='grc' dir='ltr'>θήλεα</span> <span class='ocrx_word' id='word_1_724' title='bbox 1422 5099 1580 5150; x_wconf 72' lang='grc' dir='ltr'>ταυτὶ</span> <span class='ocrx_word' id='word_1_725' title='bbox 1624 5096 1736 5149; x_wconf 83' lang='grc' dir='ltr'>δια-</span> 
     </span>
    </p>
   </div>
   <div class='ocr_carea' id='block_1_95' title="bbox 186 5188 1737 5261">
    <p class='ocr_par' dir='ltr' id='par_1_95' title="bbox 186 5188 1737 5261">
     <span class='ocr_line' id='line_1_95' title="bbox 186 5188 1737 5261; baseline -0.001 -21"><span class='ocrx_word' id='word_1_726' title='bbox 186 5189 525 5247; x_wconf 76' lang='grc' dir='ltr'>πλάττεσθαι.</span> <span class='ocrx_word' id='word_1_727' title='bbox 553 5192 710 5245; x_wconf 78' lang='grc' dir='ltr'>Οὕτω</span> <span class='ocrx_word' id='word_1_728' title='bbox 743 5193 843 5260; x_wconf 83' lang='grc' dir='ltr'>μὲν</span> <span class='ocrx_word' id='word_1_729' title='bbox 866 5188 958 5244; x_wconf 81' lang='grc' dir='ltr'>οὖν</span> <span class='ocrx_word' id='word_1_730' title='bbox 980 5191 1088 5243; x_wconf 75' lang='grc' dir='ltr'>ἔδει</span> <span class='ocrx_word' id='word_1_731' title='bbox 1118 5190 1192 5261; x_wconf 83' lang='grc' dir='ltr'>μὴ</span> <span class='ocrx_word' id='word_1_732' title='bbox 1220 5193 1280 5242; x_wconf 85' lang='grc' dir='ltr'>τὸ</span> <span class='ocrx_word' id='word_1_733' title='bbox 1311 5190 1408 5259; x_wconf 81' lang='grc' dir='ltr'>μὲν</span> <span class='ocrx_word' id='word_1_734' title='bbox 1433 5188 1614 5242; x_wconf 80' lang='grc' dir='ltr'>αὐτῶν</span> <span class='ocrx_word' id='word_1_735' title='bbox 1642 5188 1737 5238; x_wconf 73' lang='grc' dir='ltr'>τά-</span> 
     </span>
    </p>
   </div>
   <div class='ocr_carea' id='block_1_96' title="bbox 185 5278 1736 5355">
    <p class='ocr_par' dir='ltr' id='par_1_96' title="bbox 185 5278 1736 5355">
     <span class='ocr_line' id='line_1_96' title="bbox 185 5278 1736 5355; baseline -0.003 -21"><span class='ocrx_word' id='word_1_736' title='bbox 185 5301 290 5352; x_wconf 80' lang='grc' dir='ltr'>χιον</span> <span class='ocrx_word' id='word_1_737' title='bbox 337 5286 616 5355; x_wconf 72' lang='grc' dir='ltr'>τελευτᾷν,</span> <span class='ocrx_word' id='word_1_738' title='bbox 647 5285 710 5334; x_wconf 85' lang='grc' dir='ltr'><strong>τὸ</strong></span> <span class='ocrx_word' id='word_1_739' title='bbox 741 5283 796 5335; x_wconf 86' lang='grc' dir='ltr'>δὲ</span> <span class='ocrx_word' id='word_1_740' title='bbox 837 5282 1074 5353; x_wconf 80' lang='grc' dir='ltr'>βράδιον,</span> <span class='ocrx_word' id='word_1_741' title='bbox 1110 5282 1224 5335; x_wconf 84' lang='grc' dir='ltr'>ἀλλ’</span> <span class='ocrx_word' id='word_1_742' title='bbox 1263 5280 1395 5349; x_wconf 84' lang='grc' dir='ltr'>ὁμοῦ</span> <span class='ocrx_word' id='word_1_743' title='bbox 1429 5281 1521 5333; x_wconf 69' lang='grc' dir='ltr'><strong>καὶ</strong></span> <span class='ocrx_word' id='word_1_744' title='bbox 1569 5278 1736 5346; x_wconf 84' lang='grc' dir='ltr'>ἄμφω</span> 
     </span>
    </p>
   </div>
   <div class='ocr_carea' id='block_1_97' title="bbox 185 5365 1735 5440">
    <p class='ocr_par' dir='ltr' id='par_1_97' title="bbox 185 5365 1735 5440">
     <span class='ocr_line' id='line_1_97' title="bbox 185 5365 1735 5440; baseline -0.002 -20"><span class='ocrx_word' id='word_1_745' title='bbox 185 5372 284 5423; x_wconf 83' lang='grc' dir='ltr'>τῶν</span> <span class='ocrx_word' id='word_1_746' title='bbox 307 5365 407 5426; x_wconf 79' lang='grc' dir='ltr'>ὦδε</span> <span class='ocrx_word' id='word_1_747' title='bbox 445 5374 844 5439; x_wconf 77' lang='grc' dir='ltr'>μεθίστασθαι·</span> <span class='ocrx_word' id='word_1_748' title='bbox 877 5374 1018 5424; x_wconf 85' lang='grc' dir='ltr'><strong>κατά</strong></span> <span class='ocrx_word' id='word_1_749' title='bbox 1058 5372 1162 5439; x_wconf 80' lang='grc' dir='ltr'>γὰρ</span> <span class='ocrx_word' id='word_1_750' title='bbox 1192 5371 1434 5440; x_wconf 73' lang='grc' dir='ltr'>ἐκείνους</span> <span class='ocrx_word' id='word_1_751' title='bbox 1473 5371 1666 5430; x_wconf 83' lang='grc' dir='ltr'>εἰπεῖν,</span> <span class='ocrx_word' id='word_1_752' title='bbox 1706 5367 1735 5418; x_wconf 90' lang='lat'><strong>6</strong></span> 
     </span>
    </p>
   </div>
   <div class='ocr_carea' id='block_1_98' title="bbox 186 5459 1737 5536">
    <p class='ocr_par' dir='ltr' id='par_1_98' title="bbox 186 5459 1737 5536">
     <span class='ocr_line' id='line_1_98' title="bbox 186 5459 1737 5536; baseline 0.002 -23"><span class='ocrx_word' id='word_1_753' title='bbox 186 5462 337 5528; x_wconf 67' lang='grc' dir='ltr'>αὐτὸς</span> <span class='ocrx_word' id='word_1_754' title='bbox 389 5466 563 5536; x_wconf 79' lang='grc' dir='ltr'>ἀστὴρ</span> <span class='ocrx_word' id='word_1_755' title='bbox 601 5463 840 5533; x_wconf 80' lang='grc' dir='ltr'>κάκείνῳ</span> <span class='ocrx_word' id='word_1_756' title='bbox 885 5464 978 5516; x_wconf 75' lang='grc' dir='ltr'><strong>καὶ</strong></span> <span class='ocrx_word' id='word_1_757' title='bbox 1021 5463 1194 5532; x_wconf 84' lang='grc' dir='ltr'>τούτῳ</span> <span class='ocrx_word' id='word_1_758' title='bbox 1232 5462 1328 5531; x_wconf 80' lang='grc' dir='ltr'>τὴν</span> <span class='ocrx_word' id='word_1_759' title='bbox 1368 5460 1512 5529; x_wconf 77' lang='grc' dir='ltr'>ζωὴν</span> <span class='ocrx_word' id='word_1_760' title='bbox 1550 5459 1737 5528; x_wconf 79' lang='grc' dir='ltr'>ἐχαρί-</span> 
     </span>
    </p>
   </div>
   <div class='ocr_carea' id='block_1_99' title="bbox 192 5551 1738 5624">
    <p class='ocr_par' dir='ltr' id='par_1_99' title="bbox 192 5551 1738 5624">
     <span class='ocr_line' id='line_1_99' title="bbox 192 5551 1738 5624; baseline -0.003 -18"><span class='ocrx_word' id='word_1_761' title='bbox 192 5569 332 5608; x_wconf 75' lang='grc' dir='ltr'>σατο.</span> <span class='ocrx_word' id='word_1_762' title='bbox 375 5551 534 5609; x_wconf 78' lang='grc' dir='ltr'>Ἀλλά</span> <span class='ocrx_word' id='word_1_763' title='bbox 562 5559 657 5611; x_wconf 69' lang='grc' dir='ltr'><strong>καὶ</strong></span> <span class='ocrx_word' id='word_1_764' title='bbox 713 5557 804 5608; x_wconf 65' lang='grc' dir='ltr'><strong>ἐπὶ</strong></span> <span class='ocrx_word' id='word_1_765' title='bbox 835 5571 944 5608; x_wconf 91' lang='grc' dir='ltr'>τισι</span> <span class='ocrx_word' id='word_1_766' title='bbox 974 5556 1262 5624; x_wconf 84' lang='grc' dir='ltr'>παθήμασι</span> <span class='ocrx_word' id='word_1_767' title='bbox 1313 5556 1405 5606; x_wconf 78' lang='grc' dir='ltr'><strong>καὶ</strong></span> <span class='ocrx_word' id='word_1_768' title='bbox 1441 5552 1738 5619; x_wconf 85' lang='grc' dir='ltr'>σινώμασιν</span> 
     </span>
    </p>
   </div>
   <div class='ocr_carea' id='block_1_100' title="bbox 191 5640 1738 5714">
    <p class='ocr_par' dir='ltr' id='par_1_100' title="bbox 191 5640 1738 5714">
     <span class='ocr_line' id='line_1_100' title="bbox 191 5640 1738 5714; baseline -0.013 -14"><span class='ocrx_word' id='word_1_769' title='bbox 191 5643 276 5713; x_wconf 56' lang='grc' dir='ltr'><strong>ὑφ’</strong></span> <span class='ocrx_word' id='word_1_770' title='bbox 308 5640 380 5697; x_wconf 77' lang='grc' dir='ltr'>ὧν</span> <span class='ocrx_word' id='word_1_771' title='bbox 421 5648 732 5700; x_wconf 82' lang='grc' dir='ltr'>ἁλίσκονται</span> <span class='ocrx_word' id='word_1_772' title='bbox 773 5648 1028 5709; x_wconf 81' lang='grc' dir='ltr'>πολλάκις</span> <span class='ocrx_word' id='word_1_773' title='bbox 1070 5649 1136 5700; x_wconf 75' lang='grc' dir='ltr'><strong>τά</strong></span> <span class='ocrx_word' id='word_1_774' title='bbox 1168 5648 1307 5700; x_wconf 80' lang='grc' dir='ltr'><strong>κατά</strong></span> <span class='ocrx_word' id='word_1_775' title='bbox 1349 5645 1562 5714; x_wconf 79' lang='grc' dir='ltr'>μήτραν</span> <span class='ocrx_word' id='word_1_776' title='bbox 1594 5659 1738 5712; x_wconf 81' lang='grc' dir='ltr'>πηγ..</span> 
     </span>
    </p>
   </div>
   <div class='ocr_carea' id='block_1_101' title="bbox 193 5734 1739 5808">
    <p class='ocr_par' dir='ltr' id='par_1_101' title="bbox 193 5734 1739 5808">
     <span class='ocr_line' id='line_1_101' title="bbox 193 5734 1739 5808; baseline 0 -21"><span class='ocrx_word' id='word_1_777' title='bbox 193 5734 386 5807; x_wconf 70' lang='grc' dir='ltr'>νύμενα</span> <span class='ocrx_word' id='word_1_778' title='bbox 431 5739 516 5808; x_wconf 84' lang='grc' dir='ltr'>(τά</span> <span class='ocrx_word' id='word_1_779' title='bbox 542 5756 599 5792; x_wconf 84' lang='grc' dir='ltr'><strong>τε</strong></span> <span class='ocrx_word' id='word_1_780' title='bbox 654 5739 766 5808; x_wconf 89' lang='grc' dir='ltr'>γὰρ</span> <span class='ocrx_word' id='word_1_781' title='bbox 803 5738 970 5806; x_wconf 81' lang='grc' dir='ltr'>θήλεα</span> <span class='ocrx_word' id='word_1_782' title='bbox 1029 5739 1212 5806; x_wconf 79' lang='grc' dir='ltr'>σχῆμα</span> <span class='ocrx_word' id='word_1_783' title='bbox 1247 5737 1502 5798; x_wconf 80' lang='grc' dir='ltr'>πολλάκις</span> <span class='ocrx_word' id='word_1_784' title='bbox 1533 5734 1739 5804; x_wconf 80' lang='grc' dir='ltr'>ἀνδρῶν</span> 
     </span>
    </p>
   </div>
   <div class='ocr_carea' id='block_1_102' title="bbox 389 5835 1112 5898">
    <p class='ocr_par' dir='ltr' id='par_1_102' title="bbox 389 5835 1112 5898">
     <span class='ocr_line' id='line_1_102' title="bbox 389 5835 1112 5898; baseline 0.003 -4"><span class='ocrx_word' id='word_1_785' title='bbox 389 5839 656 5897; x_wconf 76' lang='grc' dir='ltr'>ΡΔτιιοι..</span> <span class='ocrx_word' id='word_1_786' title='bbox 691 5838 810 5895; x_wconf 69' lang='lat' dir='ltr'><strong>(in.</strong></span> <span class='ocrx_word' id='word_1_787' title='bbox 853 5835 1112 5898; x_wconf 84' lang='lat' dir='ltr'><strong>CLVIII.</strong></span> 
     </span>
    </p>
   </div>
   <div class='ocr_carea' id='block_1_103' title="bbox 1841 4551 3398 4622">
    <p class='ocr_par' dir='ltr' id='par_1_103' title="bbox 1841 4551 3398 4622">
     <span class='ocr_line' id='line_1_103' title="bbox 1841 4551 3398 4622; baseline 0.003 -19"><span class='ocrx_word' id='word_1_788' title='bbox 1841 4551 2039 4620; x_wconf 89' lang='lat' dir='ltr'><strong>ipsum,</strong></span> <span class='ocrx_word' id='word_1_789' title='bbox 2073 4560 2180 4605; x_wconf 87' lang='lat' dir='ltr'><strong>tatu</strong></span> <span class='ocrx_word' id='word_1_790' title='bbox 2227 4567 2430 4608; x_wconf 85' lang='lat' dir='ltr'><strong>marem</strong></span> <span class='ocrx_word' id='word_1_791' title='bbox 2467 4569 2627 4622; x_wconf 88' lang='lat' dir='ltr'><strong>quam</strong></span> <span class='ocrx_word' id='word_1_792' title='bbox 2676 4554 2993 4615; x_wconf 79' lang='lat' dir='ltr'><strong>fcmineum,</strong></span> <span class='ocrx_word' id='word_1_793' title='bbox 3037 4554 3240 4622; x_wconf 79' lang='lat' dir='ltr'><strong>optime</strong></span> <span class='ocrx_word' id='word_1_794' title='bbox 3287 4555 3398 4608; x_wconf 85' lang='lat' dir='ltr'><strong>Ior-</strong></span> 
     </span>
    </p>
   </div>
   <div class='ocr_carea' id='block_1_104' title="bbox 1836 4644 3398 4714">
    <p class='ocr_par' dir='ltr' id='par_1_104' title="bbox 1836 4644 3398 4714">
     <span class='ocr_line' id='line_1_104' title="bbox 1836 4644 3398 4714; baseline 0.001 -18"><span class='ocrx_word' id='word_1_795' title='bbox 1836 4659 2005 4708; x_wconf 77' lang='lat' dir='ltr'><strong>mare,</strong></span> <span class='ocrx_word' id='word_1_796' title='bbox 2041 4659 2167 4698; x_wconf 84' lang='lat' dir='ltr'><strong>mox</strong></span> <span class='ocrx_word' id='word_1_797' title='bbox 2196 4644 2275 4698; x_wconf 87' lang='lat' dir='ltr'><strong>eis</strong></span> <span class='ocrx_word' id='word_1_798' title='bbox 2308 4644 2549 4712; x_wconf 84' lang='lat' dir='ltr'><strong>objicere</strong></span> <span class='ocrx_word' id='word_1_799' title='bbox 2578 4645 2816 4699; x_wconf 84' lang='lat' dir='ltr'><strong>vicissim</strong></span> <span class='ocrx_word' id='word_1_800' title='bbox 2849 4655 3002 4713; x_wconf 89' lang='lat' dir='ltr'><strong>potes</strong></span> <span class='ocrx_word' id='word_1_801' title='bbox 3026 4646 3171 4713; x_wconf 89' lang='lat' dir='ltr'><strong>quod</strong></span> <span class='ocrx_word' id='word_1_802' title='bbox 3207 4646 3249 4700; x_wconf 89' lang='lat' dir='ltr'><strong>si</strong></span> <span class='ocrx_word' id='word_1_803' title='bbox 3277 4649 3398 4714; x_wconf 84' lang='lat' dir='ltr'><strong>qui-</strong></span> 
     </span>
    </p>
   </div>
   <div class='ocr_carea' id='block_1_105' title="bbox 1835 4734 3402 4799">
    <p class='ocr_par' dir='ltr' id='par_1_105' title="bbox 1835 4734 3402 4799">
     <span class='ocr_line' id='line_1_105' title="bbox 1835 4734 3402 4799; baseline 0.003 -12"><span class='ocrx_word' id='word_1_804' title='bbox 1835 4734 1958 4787; x_wconf 88' lang='lat' dir='ltr'><strong>dem</strong></span> <span class='ocrx_word' id='word_1_805' title='bbox 2008 4751 2114 4788; x_wconf 81' lang='lat' dir='ltr'><strong>una</strong></span> <span class='ocrx_word' id='word_1_806' title='bbox 2170 4744 2224 4792; x_wconf 90' lang='lat' dir='ltr'><strong>et</strong></span> <span class='ocrx_word' id='word_1_807' title='bbox 2259 4737 2445 4790; x_wconf 82' lang='lat' dir='ltr'><strong>eadem</strong></span> <span class='ocrx_word' id='word_1_808' title='bbox 2503 4737 2657 4799; x_wconf 87' lang='lat' dir='ltr'><strong>hora,</strong></span> <span class='ocrx_word' id='word_1_809' title='bbox 2693 4753 2797 4789; x_wconf 91' lang='lat' dir='ltr'><strong>ttna</strong></span> <span class='ocrx_word' id='word_1_810' title='bbox 2847 4748 2901 4789; x_wconf 89' lang='lat' dir='ltr'><strong>et</strong></span> <span class='ocrx_word' id='word_1_811' title='bbox 2952 4738 3138 4791; x_wconf 88' lang='lat' dir='ltr'><strong>eadem</strong></span> <span class='ocrx_word' id='word_1_812' title='bbox 3182 4740 3402 4792; x_wconf 84' lang='lat' dir='ltr'><strong>seminis</strong></span> 
     </span>
    </p>
   </div>
   <div class='ocr_carea' id='block_1_106' title="bbox 1835 4827 3400 4897">
    <p class='ocr_par' dir='ltr' id='par_1_106' title="bbox 1835 4827 3400 4897">
     <span class='ocr_line' id='line_1_106' title="bbox 1835 4827 3400 4897; baseline 0.002 -17"><span class='ocrx_word' id='word_1_813' title='bbox 1835 4827 2144 4895; x_wconf 82' lang='lat' dir='ltr'><strong>dejectione</strong></span> <span class='ocrx_word' id='word_1_814' title='bbox 2170 4828 2524 4897; x_wconf 81' lang='lat' dir='ltr'><strong>gemeliorum</strong></span> <span class='ocrx_word' id='word_1_815' title='bbox 2563 4829 2848 4896; x_wconf 89' lang='lat' dir='ltr'><strong>conceptio</strong></span> <span class='ocrx_word' id='word_1_816' title='bbox 2893 4833 3004 4890; x_wconf 83' lang='lat' dir='ltr'><strong>ttat,</strong></span> <span class='ocrx_word' id='word_1_817' title='bbox 3041 4830 3264 4884; x_wconf 90' lang='lat' dir='ltr'><strong>omnino</strong></span> <span class='ocrx_word' id='word_1_818' title='bbox 3302 4846 3400 4885; x_wconf 88' lang='lat' dir='ltr'><strong>ne-</strong></span> 
     </span>
    </p>
   </div>
   <div class='ocr_carea' id='block_1_107' title="bbox 1838 4918 3444 4984">
    <p class='ocr_par' dir='ltr' id='par_1_107' title="bbox 1838 4918 3444 4984">
     <span class='ocr_line' id='line_1_107' title="bbox 1838 4918 3444 4984; baseline 0.004 -14"><span class='ocrx_word' id='word_1_819' title='bbox 1838 4932 1992 4972; x_wconf 88' lang='lat' dir='ltr'><strong>cesse</strong></span> <span class='ocrx_word' id='word_1_820' title='bbox 2025 4918 2095 4972; x_wconf 89' lang='lat' dir='ltr'><strong>sit</strong></span> <span class='ocrx_word' id='word_1_821' title='bbox 2123 4919 2356 4972; x_wconf 88' lang='lat' dir='ltr'><strong>alterum</strong></span> <span class='ocrx_word' id='word_1_822' title='bbox 2383 4933 2573 4973; x_wconf 87' lang='lat' dir='ltr'><strong>eorum</strong></span> <span class='ocrx_word' id='word_1_823' title='bbox 2615 4935 2724 4972; x_wconf 92' lang='lat' dir='ltr'><strong>non</strong></span> <span class='ocrx_word' id='word_1_824' title='bbox 2757 4935 2878 4973; x_wconf 85' lang='lat' dir='ltr'><strong>esse</strong></span> <span class='ocrx_word' id='word_1_825' title='bbox 2918 4936 3145 4984; x_wconf 86' lang='lat' dir='ltr'><strong>marem,</strong></span> <span class='ocrx_word' id='word_1_826' title='bbox 3171 4924 3402 4975; x_wconf 87' lang='lat' dir='ltr'><strong>alterum</strong></span> <span class='ocrx_word' id='word_1_827' title='bbox 3436 4975 3444 4978; x_wconf 90' lang='lat'><strong>_</strong></span> 
     </span>
    </p>
   </div>
   <div class='ocr_carea' id='block_1_108' title="bbox 1837 5009 3412 5073">
    <p class='ocr_par' dir='ltr' id='par_1_108' title="bbox 1837 5009 3412 5073">
     <span class='ocr_line' id='line_1_108' title="bbox 1837 5009 3412 5073; baseline 0.001 -10"><span class='ocrx_word' id='word_1_828' title='bbox 1837 5010 2118 5073; x_wconf 86' lang='lat' dir='ltr'><strong>feminam,</strong></span> <span class='ocrx_word' id='word_1_829' title='bbox 2139 5009 2235 5063; x_wconf 90' lang='lat' dir='ltr'><strong>sed</strong></span> <span class='ocrx_word' id='word_1_830' title='bbox 2259 5010 2341 5062; x_wconf 89' lang='lat' dir='ltr'><strong>vel</strong></span> <span class='ocrx_word' id='word_1_831' title='bbox 2374 5010 2564 5063; x_wconf 87' lang='lat' dir='ltr'><strong>ambos</strong></span> <span class='ocrx_word' id='word_1_832' title='bbox 2588 5025 2766 5064; x_wconf 84' lang='lat' dir='ltr'><strong>mares</strong></span> <span class='ocrx_word' id='word_1_833' title='bbox 2790 5011 2870 5064; x_wconf 85' lang='lat' dir='ltr'><strong>vel</strong></span> <span class='ocrx_word' id='word_1_834' title='bbox 2898 5012 3128 5064; x_wconf 82' lang='lat' dir='ltr'><strong>feminas</strong></span> <span class='ocrx_word' id='word_1_835' title='bbox 3152 5012 3412 5066; x_wconf 62' lang='lat' dir='ltr'><strong>forma-ri;</strong></span> 
     </span>
    </p>
   </div>
   <div class='ocr_carea' id='block_1_109' title="bbox 1837 5101 3399 5172">
    <p class='ocr_par' dir='ltr' id='par_1_109' title="bbox 1837 5101 3399 5172">
     <span class='ocr_line' id='line_1_109' title="bbox 1837 5101 3399 5172; baseline 0.001 -16"><span class='ocrx_word' id='word_1_836' title='bbox 1837 5101 2211 5156; x_wconf 75' lang='lat' dir='ltr'><strong>Consimiliter</strong></span> <span class='ocrx_word' id='word_1_837' title='bbox 2269 5101 2458 5155; x_wconf 90' lang='lat' dir='ltr'><strong>eadem</strong></span> <span class='ocrx_word' id='word_1_838' title='bbox 2517 5103 2727 5156; x_wconf 89' lang='lat' dir='ltr'><strong>ratione</strong></span> <span class='ocrx_word' id='word_1_839' title='bbox 2796 5113 3114 5172; x_wconf 84' lang='lat' dir='ltr'><strong>sequeretur</strong></span> <span class='ocrx_word' id='word_1_840' title='bbox 3171 5105 3399 5159; x_wconf 86' lang='lat' dir='ltr'><strong>alterum</strong></span> 
     </span>
    </p>
   </div>
   <div class='ocr_carea' id='block_1_110' title="bbox 1836 5192 3402 5264">
    <p class='ocr_par' dir='ltr' id='par_1_110' title="bbox 1836 5192 3402 5264">
     <span class='ocr_line' id='line_1_110' title="bbox 1836 5192 3402 5264; baseline 0.003 -18"><span class='ocrx_word' id='word_1_841' title='bbox 1836 5208 2026 5247; x_wconf 89' lang='lat' dir='ltr'><strong>eorum</strong></span> <span class='ocrx_word' id='word_1_842' title='bbox 2050 5207 2158 5245; x_wconf 90' lang='lat' dir='ltr'><strong>non</strong></span> <span class='ocrx_word' id='word_1_843' title='bbox 2183 5193 2386 5246; x_wconf 86' lang='lat' dir='ltr'><strong>debere</strong></span> <span class='ocrx_word' id='word_1_844' title='bbox 2407 5192 2567 5246; x_wconf 90' lang='lat' dir='ltr'><strong>citius</strong></span> <span class='ocrx_word' id='word_1_845' title='bbox 2592 5194 2884 5264; x_wconf 75' lang='lat' dir='ltr'><strong>exstingui,</strong></span> <span class='ocrx_word' id='word_1_846' title='bbox 2917 5197 3123 5250; x_wconf 89' lang='lat' dir='ltr'><strong>tardius</strong></span> <span class='ocrx_word' id='word_1_847' title='bbox 3147 5199 3402 5256; x_wconf 85' lang='lat' dir='ltr'><strong>alterum,</strong></span> 
     </span>
    </p>
   </div>
   <div class='ocr_carea' id='block_1_111' title="bbox 1839 5284 3482 5355">
    <p class='ocr_par' dir='ltr' id='par_1_111' title="bbox 1839 5284 3482 5355">
     <span class='ocr_line' id='line_1_111' title="bbox 1839 5284 3482 5355; baseline 0.003 -17"><span class='ocrx_word' id='word_1_848' title='bbox 1839 5284 1933 5338; x_wconf 88' lang='lat' dir='ltr'><strong>sed</strong></span> <span class='ocrx_word' id='word_1_849' title='bbox 1971 5293 2263 5352; x_wconf 89' lang='lat' dir='ltr'><strong>utrumque</strong></span> <span class='ocrx_word' id='word_1_850' title='bbox 2295 5284 2454 5338; x_wconf 85' lang='lat' dir='ltr'><strong>rebus</strong></span> <span class='ocrx_word' id='word_1_851' title='bbox 2503 5286 2756 5340; x_wconf 84' lang='lat' dir='ltr'><strong>humanis</strong></span> <span class='ocrx_word' id='word_1_852' title='bbox 2794 5289 2995 5355; x_wconf 87' lang='lat' dir='ltr'><strong>pariter</strong></span> <span class='ocrx_word' id='word_1_853' title='bbox 3029 5291 3215 5344; x_wconf 80' lang='lat' dir='ltr'><strong>eximi.</strong></span> <span class='ocrx_word' id='word_1_854' title='bbox 3247 5290 3400 5352; x_wconf 74' lang='lat' dir='ltr'><strong>Nam,</strong></span> <span class='ocrx_word' id='word_1_855' title='bbox 3477 5286 3482 5290; x_wconf 77' lang='grc'><em>’</em></span> 
     </span>
    </p>
   </div>
   <div class='ocr_carea' id='block_1_112' title="bbox 1841 5375 3400 5447">
    <p class='ocr_par' dir='ltr' id='par_1_112' title="bbox 1841 5375 3400 5447">
     <span class='ocr_line' id='line_1_112' title="bbox 1841 5375 3400 5447; baseline 0.001 -18"><span class='ocrx_word' id='word_1_856' title='bbox 1841 5384 1899 5429; x_wconf 92' lang='lat' dir='ltr'><strong>ut</strong></span> <span class='ocrx_word' id='word_1_857' title='bbox 1932 5375 2031 5443; x_wconf 87' lang='lat' dir='ltr'><strong>ipsi</strong></span> <span class='ocrx_word' id='word_1_858' title='bbox 2065 5375 2381 5443; x_wconf 85' lang='lat' dir='ltr'><strong>loquuntur,</strong></span> <span class='ocrx_word' id='word_1_859' title='bbox 2433 5375 2574 5429; x_wconf 80' lang='lat' dir='ltr'><strong>idem</strong></span> <span class='ocrx_word' id='word_1_860' title='bbox 2623 5377 2774 5431; x_wconf 87' lang='lat' dir='ltr'><strong>sidus</strong></span> <span class='ocrx_word' id='word_1_861' title='bbox 2807 5388 2916 5431; x_wconf 87' lang='lat' dir='ltr'><strong>tam</strong></span> <span class='ocrx_word' id='word_1_862' title='bbox 2964 5381 3086 5432; x_wconf 89' lang='lat' dir='ltr'><strong>huic</strong></span> <span class='ocrx_word' id='word_1_863' title='bbox 3131 5396 3292 5447; x_wconf 82' lang='lat' dir='ltr'><strong>quam</strong></span> <span class='ocrx_word' id='word_1_864' title='bbox 3326 5381 3400 5432; x_wconf 90' lang='lat' dir='ltr'><strong>illi</strong></span> 
     </span>
    </p>
   </div>
   <div class='ocr_carea' id='block_1_113' title="bbox 1841 5465 3403 5538">
    <p class='ocr_par' dir='ltr' id='par_1_113' title="bbox 1841 5465 3403 5538">
     <span class='ocr_line' id='line_1_113' title="bbox 1841 5465 3403 5538; baseline 0.001 -18"><span class='ocrx_word' id='word_1_865' title='bbox 1841 5465 2006 5520; x_wconf 82' lang='lat' dir='ltr'><strong>vitam</strong></span> <span class='ocrx_word' id='word_1_866' title='bbox 2048 5467 2302 5534; x_wconf 69' lang='lat' dir='ltr'><strong>prmbuit.</strong></span> <span class='ocrx_word' id='word_1_867' title='bbox 2359 5466 2501 5530; x_wconf 84' lang='lat' dir='ltr'><strong>Quin</strong></span> <span class='ocrx_word' id='word_1_868' title='bbox 2553 5469 2714 5521; x_wconf 85' lang='lat' dir='ltr'><strong>etiam</strong></span> <span class='ocrx_word' id='word_1_869' title='bbox 2765 5484 2832 5522; x_wconf 88' lang='lat' dir='ltr'><strong>eo</strong></span> <span class='ocrx_word' id='word_1_870' title='bbox 2864 5470 3301 5538; x_wconf 82' lang='lat' dir='ltr'><strong>progrediuntur,</strong></span> <span class='ocrx_word' id='word_1_871' title='bbox 3346 5476 3403 5522; x_wconf 84' lang='lat' dir='ltr'><strong>ut</strong></span> 
     </span>
    </p>
   </div>
   <div class='ocr_carea' id='block_1_114' title="bbox 1843 5552 3399 5625">
    <p class='ocr_par' dir='ltr' id='par_1_114' title="bbox 1843 5552 3399 5625">
     <span class='ocr_line' id='line_1_114' title="bbox 1843 5552 3399 5625; baseline 0.001 -16"><span class='ocrx_word' id='word_1_872' title='bbox 1843 5555 2061 5609; x_wconf 88' lang='lat' dir='ltr'><strong>morbos</strong></span> <span class='ocrx_word' id='word_1_873' title='bbox 2091 5552 2350 5622; x_wconf 82' lang='lat' dir='ltr'><strong>quosdam</strong></span> <span class='ocrx_word' id='word_1_874' title='bbox 2397 5567 2452 5608; x_wconf 87' lang='lat' dir='ltr'><strong>et</strong></span> <span class='ocrx_word' id='word_1_875' title='bbox 2507 5557 2706 5608; x_wconf 83' lang='lat' dir='ltr'><strong>formas</strong></span> <span class='ocrx_word' id='word_1_876' title='bbox 2756 5573 2874 5624; x_wconf 68' lang='lat' dir='ltr'><strong>qua:</strong></span> <span class='ocrx_word' id='word_1_877' title='bbox 2927 5559 3124 5610; x_wconf 85' lang='lat' dir='ltr'><strong>fotibus</strong></span> <span class='ocrx_word' id='word_1_878' title='bbox 3175 5558 3227 5608; x_wconf 92' lang='lat' dir='ltr'><strong>in</strong></span> <span class='ocrx_word' id='word_1_879' title='bbox 3285 5559 3399 5625; x_wconf 79' lang='lat' dir='ltr'><strong>ipsa</strong></span> 
     </span>
    </p>
   </div>
   <div class='ocr_carea' id='block_1_115' title="bbox 1846 5645 3402 5714">
    <p class='ocr_par' dir='ltr' id='par_1_115' title="bbox 1846 5645 3402 5714">
     <span class='ocr_line' id='line_1_115' title="bbox 1846 5645 3402 5714; baseline 0 -15"><span class='ocrx_word' id='word_1_880' title='bbox 1846 5645 2072 5700; x_wconf 88' lang='lat' dir='ltr'><strong>matrice</strong></span> <span class='ocrx_word' id='word_1_881' title='bbox 2110 5658 2498 5714; x_wconf 86' lang='lat' dir='ltr'><strong>nonnunquam</strong></span> <span class='ocrx_word' id='word_1_882' title='bbox 2534 5645 2787 5698; x_wconf 89' lang='lat' dir='ltr'><strong>accidunt</strong></span> <span class='ocrx_word' id='word_1_883' title='bbox 2833 5647 3030 5710; x_wconf 87' lang='lat' dir='ltr'><strong>(solent</strong></span> <span class='ocrx_word' id='word_1_884' title='bbox 3062 5647 3204 5698; x_wconf 90' lang='lat' dir='ltr'><strong>enim</strong></span> <span class='ocrx_word' id='word_1_885' title='bbox 3235 5647 3402 5698; x_wconf 87' lang='lat' dir='ltr'><strong>inter-</strong></span> 
     </span>
    </p>
   </div>
   <div class='ocr_carea' id='block_1_116' title="bbox 1847 5733 3401 5802">
    <p class='ocr_par' dir='ltr' id='par_1_116' title="bbox 1847 5733 3401 5802">
     <span class='ocr_line' id='line_1_116' title="bbox 1847 5733 3401 5802; baseline 0.001 -12"><span class='ocrx_word' id='word_1_886' title='bbox 1847 5736 1970 5790; x_wconf 89' lang='lat' dir='ltr'><strong>dum</strong></span> <span class='ocrx_word' id='word_1_887' title='bbox 1996 5734 2224 5789; x_wconf 68' lang='lat' dir='ltr'><strong>fcmell&#39;n</strong></span> <span class='ocrx_word' id='word_1_888' title='bbox 2256 5734 2508 5789; x_wconf 86' lang='lat' dir='ltr'><strong>verendis</strong></span> <span class='ocrx_word' id='word_1_889' title='bbox 2546 5733 2598 5786; x_wconf 92' lang='lat' dir='ltr'><strong>in</strong></span> <span class='ocrx_word' id='word_1_890' title='bbox 2647 5735 2894 5802; x_wconf 87' lang='lat' dir='ltr'><strong>partibus</strong></span> <span class='ocrx_word' id='word_1_891' title='bbox 2946 5734 3156 5787; x_wconf 81' lang='lat' dir='ltr'><strong>virilem</strong></span> <span class='ocrx_word' id='word_1_892' title='bbox 3199 5734 3401 5791; x_wconf 82' lang='lat' dir='ltr'><strong>habere</strong></span> 
     </span>
    </p>
   </div>
   <div class='ocr_carea' id='block_1_117' title="bbox 2983 5832 3047 5890">
    <p class='ocr_par' dir='ltr' id='par_1_117' title="bbox 2983 5832 3047 5890">
     <span class='ocr_line' id='line_1_117' title="bbox 2983 5832 3047 5890; baseline 0 0"><span class='ocrx_word' id='word_1_893' title='bbox 2983 5842 2988 5846; x_wconf 72' lang='grc'><strong><em>⁷</em></strong></span> <span class='ocrx_word' id='word_1_894' title='bbox 3011 5832 3047 5890; x_wconf 89' lang='grc'>8</span> 
     </span>
    </p>
   </div>
  </div>
