  <div class='ocr_page' id='page_1' title='image "/cluster/home/n/w/nwhite01/storage/ocr_20150623/158/mdp.39015078384701/151.png"; bbox 0 0 3862 6228; ppageno 0'>
   <div class='ocr_carea' id='block_1_1' title="bbox 481 275 585 340">
    <p class='ocr_par' dir='ltr' id='par_1_1' title="bbox 481 275 585 340">
     <span class='ocr_line' id='line_1_1' title="bbox 481 275 585 340; baseline 0 -1"><span class='ocrx_word' id='word_1_1' title='bbox 481 275 585 340; x_wconf 68' lang='lat'><strong>2.27</strong></span> 
     </span>
    </p>
   </div>
   <div class='ocr_carea' id='block_1_2' title="bbox 1763 272 2482 333">
    <p class='ocr_par' dir='ltr' id='par_1_2' title="bbox 1763 272 2482 333">
     <span class='ocr_line' id='line_1_2' title="bbox 1763 272 2482 333; baseline 0 -3"><span class='ocrx_word' id='word_1_2' title='bbox 1763 274 1998 332; x_wconf 68' lang='lat' dir='ltr'><strong>MiCllA</strong></span> <span class='ocrx_word' id='word_1_3' title='bbox 2012 274 2183 333; x_wconf 83' lang='lat' dir='ltr'><strong>ELIS</strong></span> <span class='ocrx_word' id='word_1_4' title='bbox 2223 272 2482 332; x_wconf 61' lang='lat' dir='ltr'><strong>GLYCt’E</strong></span> 
     </span>
    </p>
   </div>
   <div class='ocr_carea' id='block_1_3' title="bbox 3617 280 3709 347">
    <p class='ocr_par' dir='ltr' id='par_1_3' title="bbox 3617 280 3709 347">
     <span class='ocr_line' id='line_1_3' title="bbox 3617 280 3709 347; baseline 0.065 -7"><span class='ocrx_word' id='word_1_5' title='bbox 3617 280 3709 347; x_wconf 68' lang='lat'><strong>238</strong></span> 
     </span>
    </p>
   </div>
   <div class='ocr_carea' id='block_1_4' title="bbox 2829 335 2839 355">
    <p class='ocr_par' dir='ltr' id='par_1_4' title="bbox 2829 335 2839 355">
     <span class='ocr_line' id='line_1_4' title="bbox 2829 335 2839 355; baseline 0 0"><span class='ocrx_word' id='word_1_6' title='bbox 2829 335 2839 355; x_wconf 86' lang='lat'><em>\</em></span> 
     </span>
    </p>
   </div>
   <div class='ocr_carea' id='block_1_5' title="bbox 477 379 2050 454">
    <p class='ocr_par' dir='ltr' id='par_1_5' title="bbox 477 379 2045 453">
     <span class='ocr_line' id='line_1_5' title="bbox 477 379 2045 453; baseline -0.003 -12"><span class='ocrx_word' id='word_1_7' title='bbox 477 384 737 453; x_wconf 82' lang='lat' dir='ltr'><strong>speciem,</strong></span> <span class='ocrx_word' id='word_1_8' title='bbox 792 397 857 439; x_wconf 90' lang='lat' dir='ltr'><strong>ac</strong></span> <span class='ocrx_word' id='word_1_9' title='bbox 909 383 1029 438; x_wconf 84' lang='lat' dir='ltr'><strong>vice</strong></span> <span class='ocrx_word' id='word_1_10' title='bbox 1081 396 1236 436; x_wconf 87' lang='lat' dir='ltr'><strong>versa</strong></span> <span class='ocrx_word' id='word_1_11' title='bbox 1284 395 1464 435; x_wconf 85' lang='lat' dir='ltr'><strong>mares</strong></span> <span class='ocrx_word' id='word_1_12' title='bbox 1518 379 1838 451; x_wconf 80' lang='lat' dir='ltr'><strong>femineam)</strong></span> <span class='ocrx_word' id='word_1_13' title='bbox 1887 383 2045 437; x_wconf 86' lang='lat' dir='ltr'><strong>astris</strong></span> 
     </span>
    </p>
   </div>
   <div class='ocr_carea' id='block_1_6' title="bbox 2154 379 3705 454">
    <p class='ocr_par' dir='ltr' id='par_1_6' title="bbox 2154 383 3705 454">
     <span class='ocr_line' id='line_1_6' title="bbox 2154 383 3705 454; baseline 0.002 -18"><span class='ocrx_word' id='word_1_14' title='bbox 2154 386 2277 452; x_wconf 83' lang='grc' dir='ltr'><strong>περί</strong></span> <span class='ocrx_word' id='word_1_15' title='bbox 2316 400 2421 435; x_wconf 84' lang='grc' dir='ltr'><strong>που</strong></span> <span class='ocrx_word' id='word_1_16' title='bbox 2456 386 2522 435; x_wconf 74' lang='grc' dir='ltr'><strong>τά</strong></span> <span class='ocrx_word' id='word_1_17' title='bbox 2561 383 2856 453; x_wconf 78' lang='grc' dir='ltr'><strong>γεννητικὰ</strong></span> <span class='ocrx_word' id='word_1_18' title='bbox 2889 384 3112 452; x_wconf 74' lang='grc' dir='ltr'><strong>φέρουσι</strong></span> <span class='ocrx_word' id='word_1_19' title='bbox 3152 383 3339 454; x_wconf 78' lang='grc' dir='ltr'><strong>μόρια,</strong></span> <span class='ocrx_word' id='word_1_20' title='bbox 3372 390 3472 441; x_wconf 67' lang='grc' dir='ltr'><strong>καὶ</strong></span> <span class='ocrx_word' id='word_1_21' title='bbox 3501 387 3705 442; x_wconf 71' lang='grc' dir='ltr'><strong>τοῦνανε</strong></span> 
     </span>
    </p>
   </div>
   <div class='ocr_carea' id='block_1_7' title="bbox 479 478 2079 556">
    <p class='ocr_par' dir='ltr' id='par_1_7' title="bbox 479 478 2079 556">
     <span class='ocr_line' id='line_1_7' title="bbox 479 478 2079 556; baseline -0.001 -21"><span class='ocrx_word' id='word_1_22' title='bbox 479 479 799 535; x_wconf 71' lang='lat' dir='ltr'><strong>auctoribus</strong></span> <span class='ocrx_word' id='word_1_23' title='bbox 848 479 1112 535; x_wconf 91' lang='lat' dir='ltr'><strong>tribuant.</strong></span> <span class='ocrx_word' id='word_1_24' title='bbox 1175 479 1381 532; x_wconf 85' lang='lat' dir='ltr'><strong>Vocant</strong></span> <span class='ocrx_word' id='word_1_25' title='bbox 1440 478 1705 547; x_wconf 72' lang='lat' dir='ltr'><strong>ejusmodi</strong></span> <span class='ocrx_word' id='word_1_26' title='bbox 1758 478 1922 541; x_wconf 89' lang='lat' dir='ltr'><strong>fetus,</strong></span> <span class='ocrx_word' id='word_1_27' title='bbox 1979 479 2079 556; x_wconf 44' lang='lat' dir='ltr'><strong>de.</strong></span> 
     </span>
    </p>
   </div>
   <div class='ocr_carea' id='block_1_8' title="bbox 481 568 2046 643">
    <p class='ocr_par' dir='ltr' id='par_1_8' title="bbox 481 568 2046 643">
     <span class='ocr_line' id='line_1_8' title="bbox 481 568 2046 643; baseline -0.002 -17"><span class='ocrx_word' id='word_1_28' title='bbox 481 572 681 643; x_wconf 78' lang='lat' dir='ltr'><strong>quibus</strong></span> <span class='ocrx_word' id='word_1_29' title='bbox 733 572 897 626; x_wconf 89' lang='lat' dir='ltr'><strong>modo</strong></span> <span class='ocrx_word' id='word_1_30' title='bbox 959 571 1337 639; x_wconf 79' lang='lat' dir='ltr'><strong>loquebamur,</strong></span> <span class='ocrx_word' id='word_1_31' title='bbox 1389 568 1885 638; x_wconf 84' lang='lat' dir='ltr'><strong>hermaphroditos.</strong></span> <span class='ocrx_word' id='word_1_32' title='bbox 1911 568 2046 623; x_wconf 88' lang='lat' dir='ltr'><strong>Nam</strong></span> 
     </span>
    </p>
   </div>
   <div class='ocr_carea' id='block_1_9' title="bbox 481 652 2048 733">
    <p class='ocr_par' dir='ltr' id='par_1_9' title="bbox 481 652 2048 733">
     <span class='ocr_line' id='line_1_9' title="bbox 481 652 2048 733; baseline -0.001 -16"><span class='ocrx_word' id='word_1_33' title='bbox 481 662 722 733; x_wconf 82' lang='lat' dir='ltr'><strong>perbelle</strong></span> <span class='ocrx_word' id='word_1_34' title='bbox 769 661 980 732; x_wconf 68' lang='lat' dir='ltr'><strong>ﬁllth</strong></span> <span class='ocrx_word' id='word_1_35' title='bbox 1027 652 1362 715; x_wconf 79' lang='lat' dir='ltr'><strong>Mercurium</strong></span> <span class='ocrx_word' id='word_1_36' title='bbox 1412 659 1528 729; x_wconf 85' lang='lat' dir='ltr'><strong>(qui</strong></span> <span class='ocrx_word' id='word_1_37' title='bbox 1570 660 1771 715; x_wconf 78' lang='lat' dir='ltr'><strong>Graecis</strong></span> <span class='ocrx_word' id='word_1_38' title='bbox 1821 662 2048 715; x_wconf 84' lang='lat' dir='ltr'><strong>Hermes</strong></span> 
     </span>
    </p>
   </div>
   <div class='ocr_carea' id='block_1_10' title="bbox 482 750 2049 822">
    <p class='ocr_par' dir='ltr' id='par_1_10' title="bbox 482 750 2049 822">
     <span class='ocr_line' id='line_1_10' title="bbox 482 750 2049 822; baseline -0.001 -15"><span class='ocrx_word' id='word_1_39' title='bbox 482 752 589 822; x_wconf 86' lang='lat' dir='ltr'><strong>est)</strong></span> <span class='ocrx_word' id='word_1_40' title='bbox 623 765 678 807; x_wconf 88' lang='lat' dir='ltr'><strong>et</strong></span> <span class='ocrx_word' id='word_1_41' title='bbox 703 751 971 806; x_wconf 83' lang='lat' dir='ltr'><strong>Venerem</strong></span> <span class='ocrx_word' id='word_1_42' title='bbox 1011 750 1152 819; x_wconf 77' lang='lat' dir='ltr'><strong>(quae</strong></span> <span class='ocrx_word' id='word_1_43' title='bbox 1185 751 1509 821; x_wconf 81' lang='lat' dir='ltr'><strong>Aphrodite)</strong></span> <span class='ocrx_word' id='word_1_44' title='bbox 1546 752 1601 804; x_wconf 90' lang='lat' dir='ltr'><strong>in</strong></span> <span class='ocrx_word' id='word_1_45' title='bbox 1634 752 1825 806; x_wconf 87' lang='lat' dir='ltr'><strong>iisdem</strong></span> <span class='ocrx_word' id='word_1_46' title='bbox 1848 754 2049 806; x_wconf 83' lang='lat' dir='ltr'><strong>centris</strong></span> 
     </span>
    </p>
   </div>
   <div class='ocr_carea' id='block_1_11' title="bbox 482 823 2048 914">
    <p class='ocr_par' dir='ltr' id='par_1_11' title="bbox 482 823 2048 914">
     <span class='ocr_line' id='line_1_11' title="bbox 482 823 2048 914; baseline -0.002 -15"><span class='ocrx_word' id='word_1_47' title='bbox 482 830 827 914; x_wconf 71' lang='lat' dir='ltr'><strong>coniunctos.</strong></span> <span class='ocrx_word' id='word_1_48' title='bbox 859 846 1100 896; x_wconf 87' lang='lat' dir='ltr'><strong>Saturno</strong></span> <span class='ocrx_word' id='word_1_49' title='bbox 1125 843 1287 897; x_wconf 87' lang='lat' dir='ltr'><strong>etiam</strong></span> <span class='ocrx_word' id='word_1_50' title='bbox 1316 844 1611 898; x_wconf 85' lang='lat' dir='ltr'><strong>accedente</strong></span> <span class='ocrx_word' id='word_1_51' title='bbox 1639 853 1894 911; x_wconf 89' lang='lat' dir='ltr'><strong>certaque</strong></span> <span class='ocrx_word' id='word_1_52' title='bbox 1915 823 2048 897; x_wconf 77' lang='lat' dir='ltr'><strong>con-</strong></span> 
     </span>
    </p>
   </div>
   <div class='ocr_carea' id='block_1_12' title="bbox 483 932 2046 1002">
    <p class='ocr_par' dir='ltr' id='par_1_12' title="bbox 483 932 2046 1002">
     <span class='ocr_line' id='line_1_12' title="bbox 483 932 2046 1002; baseline -0.003 -13"><span class='ocrx_word' id='word_1_53' title='bbox 483 934 813 989; x_wconf 81' lang='lat' dir='ltr'><strong>formatione</strong></span> <span class='ocrx_word' id='word_1_54' title='bbox 840 934 1006 997; x_wconf 88' lang='lat' dir='ltr'><strong>aeris,</strong></span> <span class='ocrx_word' id='word_1_55' title='bbox 1059 932 1201 986; x_wconf 89' lang='lat' dir='ltr'><strong>fetus</strong></span> <span class='ocrx_word' id='word_1_56' title='bbox 1247 933 1515 1002; x_wconf 86' lang='lat' dir='ltr'><strong>quosdam</strong></span> <span class='ocrx_word' id='word_1_57' title='bbox 1558 942 1756 1001; x_wconf 67' lang='lat' dir='ltr'><strong>praeter</strong></span> <span class='ocrx_word' id='word_1_58' title='bbox 1796 941 2046 986; x_wconf 89' lang='lat' dir='ltr'><strong>naturam</strong></span> 
     </span>
    </p>
   </div>
   <div class='ocr_carea' id='block_1_13' title="bbox 482 1022 2047 1094">
    <p class='ocr_par' dir='ltr' id='par_1_13' title="bbox 482 1022 2047 1094">
     <span class='ocr_line' id='line_1_13' title="bbox 482 1022 2047 1094; baseline -0.002 -16"><span class='ocrx_word' id='word_1_59' title='bbox 482 1025 707 1080; x_wconf 64' lang='lat' dir='ltr'><strong>allectos</strong></span> <span class='ocrx_word' id='word_1_60' title='bbox 741 1025 1062 1094; x_wconf 86' lang='lat' dir='ltr'><strong>producere.</strong></span> <span class='ocrx_word' id='word_1_61' title='bbox 1095 1022 1201 1078; x_wconf 87' lang='lat' dir='ltr'><strong>Sed</strong></span> <span class='ocrx_word' id='word_1_62' title='bbox 1242 1023 1387 1077; x_wconf 91' lang='lat' dir='ltr'><strong>enim</strong></span> <span class='ocrx_word' id='word_1_63' title='bbox 1438 1023 1542 1077; x_wconf 87' lang='lat' dir='ltr'><strong>hoc</strong></span> <span class='ocrx_word' id='word_1_64' title='bbox 1584 1023 1812 1077; x_wconf 88' lang='lat' dir='ltr'><strong>minime</strong></span> <span class='ocrx_word' id='word_1_65' title='bbox 1858 1037 2047 1077; x_wconf 90' lang='lat' dir='ltr'><strong>verum</strong></span> 
     </span>
    </p>
   </div>
   <div class='ocr_carea' id='block_1_14' title="bbox 483 1112 2049 1184">
    <p class='ocr_par' dir='ltr' id='par_1_14' title="bbox 483 1112 2049 1184">
     <span class='ocr_line' id='line_1_14' title="bbox 483 1112 2049 1184; baseline -0.004 -14"><span class='ocrx_word' id='word_1_66' title='bbox 483 1124 590 1172; x_wconf 90' lang='lat' dir='ltr'><strong>est.</strong></span> <span class='ocrx_word' id='word_1_67' title='bbox 624 1115 760 1169; x_wconf 81' lang='lat' dir='ltr'><strong>Nam</strong></span> <span class='ocrx_word' id='word_1_68' title='bbox 792 1116 906 1184; x_wconf 90' lang='lat' dir='ltr'><strong>ipsa</strong></span> <span class='ocrx_word' id='word_1_69' title='bbox 955 1113 1100 1169; x_wconf 87' lang='lat' dir='ltr'><strong>fetus</strong></span> <span class='ocrx_word' id='word_1_70' title='bbox 1151 1114 1432 1168; x_wconf 87' lang='lat' dir='ltr'><strong>formatrix</strong></span> <span class='ocrx_word' id='word_1_71' title='bbox 1469 1112 1627 1183; x_wconf 66' lang='grc'><strong>114</strong></span> <span class='ocrx_word' id='word_1_72' title='bbox 1670 1122 1866 1166; x_wconf 82' lang='lat' dir='ltr'><strong>natura</strong></span> <span class='ocrx_word' id='word_1_73' title='bbox 1908 1125 2049 1166; x_wconf 90' lang='lat' dir='ltr'><strong>non-</strong></span> 
     </span>
    </p>
   </div>
   <div class='ocr_carea' id='block_1_15' title="bbox 482 1203 2051 1285">
    <p class='ocr_par' dir='ltr' id='par_1_15' title="bbox 482 1203 2051 1285">
     <span class='ocr_line' id='line_1_15' title="bbox 482 1203 2051 1285; baseline -0.003 -23"><span class='ocrx_word' id='word_1_74' title='bbox 482 1222 767 1277; x_wconf 84' lang='lat' dir='ltr'><strong>nunquam</strong></span> <span class='ocrx_word' id='word_1_75' title='bbox 840 1205 1108 1274; x_wconf 83' lang='lat' dir='ltr'><strong>ejusmodi</strong></span> <span class='ocrx_word' id='word_1_76' title='bbox 1169 1204 1377 1269; x_wconf 81' lang='lat' dir='ltr'><strong>eflicit,</strong></span> <span class='ocrx_word' id='word_1_77' title='bbox 1440 1203 1904 1285; x_wconf 65' lang='lat' dir='ltr'><strong>quemadmodum</strong></span> <span class='ocrx_word' id='word_1_78' title='bbox 1966 1211 2051 1258; x_wconf 87' lang='lat' dir='ltr'><strong>est</strong></span> 
     </span>
    </p>
   </div>
   <div class='ocr_carea' id='block_1_16' title="bbox 424 1294 2052 1370">
    <p class='ocr_par' dir='ltr' id='par_1_16' title="bbox 424 1294 2052 1370">
     <span class='ocr_line' id='line_1_16' title="bbox 424 1294 2052 1370; baseline -0.004 -16"><span class='ocrx_word' id='word_1_79' title='bbox 424 1316 447 1336; x_wconf 81' lang='lat'><em>-</em></span> <span class='ocrx_word' id='word_1_80' title='bbox 483 1314 648 1370; x_wconf 83' lang='lat' dir='ltr'><strong>supra</strong></span> <span class='ocrx_word' id='word_1_81' title='bbox 679 1299 1133 1355; x_wconf 76' lang='lat' dir='ltr'><strong>demonstratum.</strong></span> <span class='ocrx_word' id='word_1_82' title='bbox 1186 1296 1412 1351; x_wconf 79' lang='lat' dir='ltr'><strong>Hermes</strong></span> <span class='ocrx_word' id='word_1_83' title='bbox 1459 1296 1680 1364; x_wconf 87' lang='lat' dir='ltr'><strong>quidem</strong></span> <span class='ocrx_word' id='word_1_84' title='bbox 1728 1294 1818 1348; x_wconf 91' lang='lat' dir='ltr'><strong>ille</strong></span> <span class='ocrx_word' id='word_1_85' title='bbox 1872 1294 2052 1363; x_wconf 88' lang='lat' dir='ltr'><strong>philo-</strong></span> 
     </span>
    </p>
   </div>
   <div class='ocr_carea' id='block_1_17' title="bbox 483 1386 2049 1458">
    <p class='ocr_par' dir='ltr' id='par_1_17' title="bbox 483 1386 2049 1458">
     <span class='ocr_line' id='line_1_17' title="bbox 483 1386 2049 1458; baseline -0.003 -14"><span class='ocrx_word' id='word_1_86' title='bbox 483 1390 710 1458; x_wconf 85' lang='lat' dir='ltr'><strong>sophus,</strong></span> <span class='ocrx_word' id='word_1_87' title='bbox 742 1404 904 1457; x_wconf 88' lang='lat' dir='ltr'><strong>quem</strong></span> <span class='ocrx_word' id='word_1_88' title='bbox 936 1387 1109 1442; x_wconf 81' lang='lat' dir='ltr'><strong>Graeci</strong></span> <span class='ocrx_word' id='word_1_89' title='bbox 1144 1396 1291 1440; x_wconf 89' lang='lat' dir='ltr'><strong>tanto</strong></span> <span class='ocrx_word' id='word_1_90' title='bbox 1323 1386 1527 1440; x_wconf 83' lang='lat' dir='ltr'><strong>habent</strong></span> <span class='ocrx_word' id='word_1_91' title='bbox 1575 1386 1630 1439; x_wconf 90' lang='lat' dir='ltr'><strong>in</strong></span> <span class='ocrx_word' id='word_1_92' title='bbox 1659 1386 1882 1451; x_wconf 90' lang='lat' dir='ltr'><strong>honore,</strong></span> <span class='ocrx_word' id='word_1_93' title='bbox 1910 1387 2049 1441; x_wconf 81' lang='lat' dir='ltr'><strong>seri-</strong></span> 
     </span>
    </p>
   </div>
   <div class='ocr_carea' id='block_1_18' title="bbox 494 1464 2050 1550">
    <p class='ocr_par' dir='ltr' id='par_1_18' title="bbox 494 1464 2050 1550">
     <span class='ocr_line' id='line_1_18' title="bbox 494 1464 2050 1550; baseline -0.001 -18"><span class='ocrx_word' id='word_1_94' title='bbox 494 1480 601 1550; x_wconf 84' lang='lat' dir='ltr'><strong>ptis</strong></span> <span class='ocrx_word' id='word_1_95' title='bbox 632 1480 701 1533; x_wconf 88' lang='lat' dir='ltr'><strong>ad</strong></span> <span class='ocrx_word' id='word_1_96' title='bbox 723 1464 1022 1548; x_wconf 80' lang='lat' dir='ltr'><strong>sapientem</strong></span> <span class='ocrx_word' id='word_1_97' title='bbox 1052 1478 1374 1530; x_wconf 87' lang='lat' dir='ltr'><strong>Ammonem</strong></span> <span class='ocrx_word' id='word_1_98' title='bbox 1405 1476 1625 1542; x_wconf 87' lang='lat' dir='ltr'><strong>litteris,</strong></span> <span class='ocrx_word' id='word_1_99' title='bbox 1652 1476 1962 1545; x_wconf 81' lang='lat' dir='ltr'><strong>morborum</strong></span> <span class='ocrx_word' id='word_1_100' title='bbox 1995 1477 2050 1531; x_wconf 89' lang='lat' dir='ltr'><strong>in</strong></span> 
     </span>
    </p>
   </div>
   <div class='ocr_carea' id='block_1_19' title="bbox 489 1567 2052 1638">
    <p class='ocr_par' dir='ltr' id='par_1_19' title="bbox 489 1567 2052 1638">
     <span class='ocr_line' id='line_1_19' title="bbox 489 1567 2052 1638; baseline -0.001 -15"><span class='ocrx_word' id='word_1_101' title='bbox 489 1573 554 1625; x_wconf 92' lang='lat' dir='ltr'><strong>iis</strong></span> <span class='ocrx_word' id='word_1_102' title='bbox 593 1585 785 1624; x_wconf 85' lang='lat' dir='ltr'><strong>causas</strong></span> <span class='ocrx_word' id='word_1_103' title='bbox 839 1570 930 1638; x_wconf 90' lang='lat' dir='ltr'><strong>qui</strong></span> <span class='ocrx_word' id='word_1_104' title='bbox 978 1570 1162 1623; x_wconf 81' lang='lat' dir='ltr'><strong>furore</strong></span> <span class='ocrx_word' id='word_1_105' title='bbox 1203 1567 1572 1637; x_wconf 86' lang='lat' dir='ltr'><strong>corripiuntur</strong></span> <span class='ocrx_word' id='word_1_106' title='bbox 1607 1575 1657 1621; x_wconf 86' lang='lat' dir='ltr'><strong>et</strong></span> <span class='ocrx_word' id='word_1_107' title='bbox 1701 1575 1885 1621; x_wconf 89' lang='lat' dir='ltr'><strong>mente</strong></span> <span class='ocrx_word' id='word_1_108' title='bbox 1921 1575 2052 1622; x_wconf 77' lang='lat' dir='ltr'><strong>sunt</strong></span> 
     </span>
    </p>
   </div>
   <div class='ocr_carea' id='block_1_20' title="bbox 482 1657 2048 1727">
    <p class='ocr_par' dir='ltr' id='par_1_20' title="bbox 482 1657 2048 1727">
     <span class='ocr_line' id='line_1_20' title="bbox 482 1657 2048 1727; baseline -0.001 -11"><span class='ocrx_word' id='word_1_109' title='bbox 482 1662 725 1725; x_wconf 83' lang='lat' dir='ltr'><strong>alienati,</strong></span> <span class='ocrx_word' id='word_1_110' title='bbox 766 1660 830 1714; x_wconf 88' lang='lat' dir='ltr'><strong>ad</strong></span> <span class='ocrx_word' id='word_1_111' title='bbox 860 1661 1036 1715; x_wconf 83' lang='lat' dir='ltr'><strong>sidera</strong></span> <span class='ocrx_word' id='word_1_112' title='bbox 1077 1659 1264 1714; x_wconf 90' lang='lat' dir='ltr'><strong>refert.</strong></span> <span class='ocrx_word' id='word_1_113' title='bbox 1293 1658 1427 1712; x_wconf 87' lang='lat' dir='ltr'><strong>Cum</strong></span> <span class='ocrx_word' id='word_1_114' title='bbox 1457 1658 1627 1721; x_wconf 90' lang='lat' dir='ltr'><strong>enim,</strong></span> <span class='ocrx_word' id='word_1_115' title='bbox 1665 1657 1861 1727; x_wconf 87' lang='lat' dir='ltr'><strong>inquit,</strong></span> <span class='ocrx_word' id='word_1_116' title='bbox 1895 1658 2048 1714; x_wconf 85' lang='lat' dir='ltr'><strong>sidus</strong></span> 
     </span>
    </p>
   </div>
   <div class='ocr_carea' id='block_1_21' title="bbox 481 1723 2124 1821">
    <p class='ocr_par' dir='ltr' id='par_1_21' title="bbox 481 1723 2124 1821">
     <span class='ocr_line' id='line_1_21' title="bbox 481 1723 2124 1821; baseline -0.001 -14"><span class='ocrx_word' id='word_1_117' title='bbox 481 1753 611 1808; x_wconf 90' lang='lat' dir='ltr'><strong>illud</strong></span> <span class='ocrx_word' id='word_1_118' title='bbox 636 1753 692 1806; x_wconf 92' lang='lat' dir='ltr'><strong>in</strong></span> <span class='ocrx_word' id='word_1_119' title='bbox 713 1723 874 1821; x_wconf 71' lang='lat' dir='ltr'><strong>cuius</strong></span> <span class='ocrx_word' id='word_1_120' title='bbox 901 1761 1168 1821; x_wconf 83' lang='lat' dir='ltr'><strong>potestate</strong></span> <span class='ocrx_word' id='word_1_121' title='bbox 1205 1750 1490 1803; x_wconf 83' lang='lat' dir='ltr'><strong>cerebrum</strong></span> <span class='ocrx_word' id='word_1_122' title='bbox 1541 1757 1646 1814; x_wconf 88' lang='lat' dir='ltr'><strong>est,</strong></span> <span class='ocrx_word' id='word_1_123' title='bbox 1684 1723 1854 1803; x_wconf 78' lang='lat' dir='ltr'><strong>fetum</strong></span> <span class='ocrx_word' id='word_1_124' title='bbox 1905 1749 2048 1806; x_wconf 88' lang='lat' dir='ltr'><strong>bono</strong></span> <span class='ocrx_word' id='word_1_125' title='bbox 2076 1723 2124 1784; x_wconf 71' lang='grc' dir='ltr'><strong>Β</strong></span> 
     </span>
    </p>
   </div>
   <div class='ocr_carea' id='block_1_22' title="bbox 479 1842 2045 1915">
    <p class='ocr_par' dir='ltr' id='par_1_22' title="bbox 479 1842 2045 1915">
     <span class='ocr_line' id='line_1_22' title="bbox 479 1842 2045 1915; baseline -0.001 -16"><span class='ocrx_word' id='word_1_126' title='bbox 479 1846 714 1915; x_wconf 88' lang='lat' dir='ltr'><strong>quodam</strong></span> <span class='ocrx_word' id='word_1_127' title='bbox 769 1844 1323 1914; x_wconf 56' lang='lat' dir='ltr'><strong>aspectujntuctur,</strong></span> <span class='ocrx_word' id='word_1_128' title='bbox 1374 1843 1603 1911; x_wconf 90' lang='lat' dir='ltr'><strong>ejusque</strong></span> <span class='ocrx_word' id='word_1_129' title='bbox 1651 1842 1936 1897; x_wconf 88' lang='lat' dir='ltr'><strong>cerebrum</strong></span> <span class='ocrx_word' id='word_1_130' title='bbox 1988 1843 2045 1898; x_wconf 90' lang='lat' dir='ltr'><strong>in</strong></span> 
     </span>
    </p>
   </div>
   <div class='ocr_carea' id='block_1_23' title="bbox 481 1931 2045 2008">
    <p class='ocr_par' dir='ltr' id='par_1_23' title="bbox 481 1931 2045 2008">
     <span class='ocr_line' id='line_1_23' title="bbox 481 1931 2045 2008; baseline -0.003 -17"><span class='ocrx_word' id='word_1_131' title='bbox 481 1942 598 2006; x_wconf 81' lang='lat' dir='ltr'><strong>ipse</strong></span> <span class='ocrx_word' id='word_1_132' title='bbox 626 1936 953 2008; x_wconf 66' lang='lat' dir='ltr'><strong>formatione</strong></span> <span class='ocrx_word' id='word_1_133' title='bbox 980 1934 1148 1987; x_wconf 86' lang='lat' dir='ltr'><strong>radiis</strong></span> <span class='ocrx_word' id='word_1_134' title='bbox 1178 1933 1443 2000; x_wconf 87' lang='lat' dir='ltr'><strong>ejusmodi</strong></span> <span class='ocrx_word' id='word_1_135' title='bbox 1486 1931 1788 1997; x_wconf 89' lang='lat' dir='ltr'><strong>collustrat,</strong></span> <span class='ocrx_word' id='word_1_136' title='bbox 1820 1933 2045 1987; x_wconf 90' lang='lat' dir='ltr'><strong>omnino</strong></span> 
     </span>
    </p>
   </div>
   <div class='ocr_carea' id='block_1_24' title="bbox 479 2023 2045 2095">
    <p class='ocr_par' dir='ltr' id='par_1_24' title="bbox 479 2023 2045 2095">
     <span class='ocr_line' id='line_1_24' title="bbox 479 2023 2045 2095; baseline -0.002 -14"><span class='ocrx_word' id='word_1_137' title='bbox 479 2031 538 2082; x_wconf 84' lang='lat' dir='ltr'><strong>tit</strong></span> <span class='ocrx_word' id='word_1_138' title='bbox 567 2039 625 2083; x_wconf 90' lang='lat' dir='ltr'><strong>ut</strong></span> <span class='ocrx_word' id='word_1_139' title='bbox 654 2028 942 2082; x_wconf 82' lang='lat' dir='ltr'><strong>facultates</strong></span> <span class='ocrx_word' id='word_1_140' title='bbox 984 2024 1150 2079; x_wconf 89' lang='lat' dir='ltr'><strong>animi</strong></span> <span class='ocrx_word' id='word_1_141' title='bbox 1185 2024 1460 2095; x_wconf 74' lang='lat' dir='ltr'><strong>principes</strong></span> <span class='ocrx_word' id='word_1_142' title='bbox 1508 2024 1563 2077; x_wconf 88' lang='lat' dir='ltr'><strong>in</strong></span> <span class='ocrx_word' id='word_1_143' title='bbox 1612 2023 1701 2077; x_wconf 88' lang='lat' dir='ltr'><strong>tali</strong></span> <span class='ocrx_word' id='word_1_144' title='bbox 1739 2023 1853 2078; x_wconf 91' lang='lat' dir='ltr'><strong>fetu</strong></span> <span class='ocrx_word' id='word_1_145' title='bbox 1901 2039 2045 2094; x_wconf 66' lang='lat' dir='ltr'><strong>pra:-</strong></span> 
     </span>
    </p>
   </div>
   <div class='ocr_carea' id='block_1_25' title="bbox 479 2116 2047 2189">
    <p class='ocr_par' dir='ltr' id='par_1_25' title="bbox 479 2116 2047 2189">
     <span class='ocr_line' id='line_1_25' title="bbox 479 2116 2047 2189; baseline 0.001 -17"><span class='ocrx_word' id='word_1_146' title='bbox 479 2122 625 2175; x_wconf 76' lang='lat' dir='ltr'><strong>clare</strong></span> <span class='ocrx_word' id='word_1_147' title='bbox 660 2127 989 2189; x_wconf 67' lang='lat' dir='ltr'><strong>comparata:</strong></span> <span class='ocrx_word' id='word_1_148' title='bbox 1013 2118 1143 2172; x_wconf 87' lang='lat' dir='ltr'><strong>sint.</strong></span> <span class='ocrx_word' id='word_1_149' title='bbox 1186 2117 1256 2171; x_wconf 85' lang='lat' dir='ltr'><strong>At</strong></span> <span class='ocrx_word' id='word_1_150' title='bbox 1283 2116 1326 2171; x_wconf 83' lang='lat' dir='ltr'><strong>si</strong></span> <span class='ocrx_word' id='word_1_151' title='bbox 1367 2116 1865 2186; x_wconf 88' lang='lat' dir='ltr'><strong>quomodocunque</strong></span> <span class='ocrx_word' id='word_1_152' title='bbox 1896 2117 2047 2173; x_wconf 88' lang='lat' dir='ltr'><strong>sidus</strong></span> 
     </span>
    </p>
   </div>
   <div class='ocr_carea' id='block_1_26' title="bbox 476 2208 2048 2282">
    <p class='ocr_par' dir='ltr' id='par_1_26' title="bbox 476 2208 2048 2282">
     <span class='ocr_line' id='line_1_26' title="bbox 476 2208 2048 2282; baseline -0.003 -15"><span class='ocrx_word' id='word_1_153' title='bbox 476 2212 658 2282; x_wconf 87' lang='lat' dir='ltr'><strong>ipsum</strong></span> <span class='ocrx_word' id='word_1_154' title='bbox 694 2211 833 2265; x_wconf 89' lang='lat' dir='ltr'><strong>male</strong></span> <span class='ocrx_word' id='word_1_155' title='bbox 859 2209 1145 2274; x_wconf 85' lang='lat' dir='ltr'><strong>aiIiciatur,</strong></span> <span class='ocrx_word' id='word_1_156' title='bbox 1191 2208 1357 2263; x_wconf 86' lang='lat' dir='ltr'><strong>etiam</strong></span> <span class='ocrx_word' id='word_1_157' title='bbox 1405 2208 1620 2262; x_wconf 82' lang='lat' dir='ltr'><strong>diversa</strong></span> <span class='ocrx_word' id='word_1_158' title='bbox 1661 2208 1769 2262; x_wconf 87' lang='lat' dir='ltr'><strong>erit</strong></span> <span class='ocrx_word' id='word_1_159' title='bbox 1816 2220 1873 2261; x_wconf 89' lang='lat' dir='ltr'><strong>et</strong></span> <span class='ocrx_word' id='word_1_160' title='bbox 1914 2223 2048 2263; x_wconf 90' lang='lat' dir='ltr'><strong>con—</strong></span> 
     </span>
    </p>
   </div>
   <div class='ocr_carea' id='block_1_27' title="bbox 483 2295 2047 2369">
    <p class='ocr_par' dir='ltr' id='par_1_27' title="bbox 483 2295 2047 2369">
     <span class='ocr_line' id='line_1_27' title="bbox 483 2295 2047 2369; baseline -0.004 -14"><span class='ocrx_word' id='word_1_161' title='bbox 483 2300 649 2355; x_wconf 88' lang='lat' dir='ltr'><strong>traria</strong></span> <span class='ocrx_word' id='word_1_162' title='bbox 674 2299 845 2369; x_wconf 91' lang='lat' dir='ltr'><strong>priori</strong></span> <span class='ocrx_word' id='word_1_163' title='bbox 877 2299 996 2368; x_wconf 75' lang='lat' dir='ltr'><strong>eius</strong></span> <span class='ocrx_word' id='word_1_164' title='bbox 1029 2296 1266 2351; x_wconf 81' lang='lat' dir='ltr'><strong>eﬂ&#39;ectio.</strong></span> <span class='ocrx_word' id='word_1_165' title='bbox 1298 2295 1452 2350; x_wconf 80' lang='lat' dir='ltr'><strong>lluac</strong></span> <span class='ocrx_word' id='word_1_166' title='bbox 1479 2296 1535 2350; x_wconf 91' lang='lat' dir='ltr'><strong>in</strong></span> <span class='ocrx_word' id='word_1_167' title='bbox 1580 2295 1799 2350; x_wconf 91' lang='lat' dir='ltr'><strong>modum</strong></span> <span class='ocrx_word' id='word_1_168' title='bbox 1828 2306 2047 2365; x_wconf 85' lang='lat' dir='ltr'><strong>specta-</strong></span> 
     </span>
    </p>
   </div>
   <div class='ocr_carea' id='block_1_28' title="bbox 483 2386 2046 2455">
    <p class='ocr_par' dir='ltr' id='par_1_28' title="bbox 483 2386 2046 2455">
     <span class='ocr_line' id='line_1_28' title="bbox 483 2386 2046 2455; baseline -0.003 -11"><span class='ocrx_word' id='word_1_169' title='bbox 483 2402 628 2445; x_wconf 89' lang='lat' dir='ltr'><strong>tores</strong></span> <span class='ocrx_word' id='word_1_170' title='bbox 692 2389 769 2445; x_wconf 87' lang='lat' dir='ltr'><strong>illi</strong></span> <span class='ocrx_word' id='word_1_171' title='bbox 828 2387 1143 2443; x_wconf 88' lang='lat' dir='ltr'><strong>sublimium</strong></span> <span class='ocrx_word' id='word_1_172' title='bbox 1198 2387 1444 2440; x_wconf 86' lang='lat' dir='ltr'><strong>sentiunt</strong></span> <span class='ocrx_word' id='word_1_173' title='bbox 1510 2398 1675 2455; x_wconf 86' lang='lat' dir='ltr'><strong>atque</strong></span> <span class='ocrx_word' id='word_1_174' title='bbox 1727 2386 2046 2455; x_wconf 70' lang='lat' dir='ltr'><strong>loquuntur.</strong></span> 
     </span>
    </p>
   </div>
   <div class='ocr_carea' id='block_1_29' title="bbox 480 2477 2049 2548">
    <p class='ocr_par' dir='ltr' id='par_1_29' title="bbox 480 2477 2049 2548">
     <span class='ocr_line' id='line_1_29' title="bbox 480 2477 2049 2548; baseline -0.004 -13"><span class='ocrx_word' id='word_1_175' title='bbox 480 2481 684 2536; x_wconf 86' lang='lat' dir='ltr'><strong>Eorum</strong></span> <span class='ocrx_word' id='word_1_176' title='bbox 719 2491 776 2534; x_wconf 90' lang='lat' dir='ltr'><strong>tu</strong></span> <span class='ocrx_word' id='word_1_177' title='bbox 807 2478 1121 2548; x_wconf 88' lang='lat' dir='ltr'><strong>opinionem</strong></span> <span class='ocrx_word' id='word_1_178' title='bbox 1156 2477 1386 2547; x_wconf 79' lang='lat' dir='ltr'><strong>rejicito,</strong></span> <span class='ocrx_word' id='word_1_179' title='bbox 1416 2492 1480 2531; x_wconf 90' lang='lat' dir='ltr'><strong>ae</strong></span> <span class='ocrx_word' id='word_1_180' title='bbox 1514 2477 1696 2546; x_wconf 83' lang='lat' dir='ltr'><strong>pravis</strong></span> <span class='ocrx_word' id='word_1_181' title='bbox 1721 2477 2049 2546; x_wconf 87' lang='lat' dir='ltr'><strong>quibusdam</strong></span> 
     </span>
    </p>
   </div>
   <div class='ocr_carea' id='block_1_30' title="bbox 480 2564 2049 2636">
    <p class='ocr_par' dir='ltr' id='par_1_30' title="bbox 480 2564 2049 2636">
     <span class='ocr_line' id='line_1_30' title="bbox 480 2564 2049 2636; baseline -0.006 -9"><span class='ocrx_word' id='word_1_182' title='bbox 480 2571 806 2627; x_wconf 89' lang='lat' dir='ltr'><strong>humoribus</strong></span> <span class='ocrx_word' id='word_1_183' title='bbox 837 2569 1123 2625; x_wconf 87' lang='lat' dir='ltr'><strong>cerebrum</strong></span> <span class='ocrx_word' id='word_1_184' title='bbox 1167 2569 1286 2636; x_wconf 85' lang='lat' dir='ltr'><strong>ejus</strong></span> <span class='ocrx_word' id='word_1_185' title='bbox 1325 2567 1587 2636; x_wconf 90' lang='lat' dir='ltr'><strong>repletum</strong></span> <span class='ocrx_word' id='word_1_186' title='bbox 1645 2579 1766 2620; x_wconf 89' lang='lat' dir='ltr'><strong>esse</strong></span> <span class='ocrx_word' id='word_1_187' title='bbox 1814 2564 2049 2630; x_wconf 81' lang='lat' dir='ltr'><strong>credito,</strong></span> 
     </span>
    </p>
   </div>
   <div class='ocr_carea' id='block_1_31' title="bbox 477 2652 2050 2733">
    <p class='ocr_par' dir='ltr' id='par_1_31' title="bbox 477 2652 2050 2733">
     <span class='ocr_line' id='line_1_31' title="bbox 477 2652 2050 2733; baseline -0.006 -16"><span class='ocrx_word' id='word_1_188' title='bbox 477 2678 642 2733; x_wconf 88' lang='lat' dir='ltr'><strong>quem</strong></span> <span class='ocrx_word' id='word_1_189' title='bbox 669 2663 854 2716; x_wconf 87' lang='lat' dir='ltr'><strong>animo</strong></span> <span class='ocrx_word' id='word_1_190' title='bbox 883 2661 1178 2714; x_wconf 85' lang='lat' dir='ltr'><strong>alienatum</strong></span> <span class='ocrx_word' id='word_1_191' title='bbox 1205 2656 1574 2725; x_wconf 84' lang='lat' dir='ltr'><strong>conspexeris.</strong></span> <span class='ocrx_word' id='word_1_192' title='bbox 1598 2652 1733 2709; x_wconf 83' lang='lat' dir='ltr'><strong>Nam</strong></span> <span class='ocrx_word' id='word_1_193' title='bbox 1765 2655 2050 2710; x_wconf 85' lang='lat' dir='ltr'><strong>cerebrum</strong></span> 
     </span>
    </p>
   </div>
   <div class='ocr_carea' id='block_1_32' title="bbox 481 2744 2053 2816">
    <p class='ocr_par' dir='ltr' id='par_1_32' title="bbox 481 2744 2053 2816">
     <span class='ocr_line' id='line_1_32' title="bbox 481 2744 2053 2816; baseline -0.007 -8"><span class='ocrx_word' id='word_1_194' title='bbox 481 2752 684 2809; x_wconf 89' lang='lat' dir='ltr'><strong>mentis</strong></span> <span class='ocrx_word' id='word_1_195' title='bbox 714 2755 808 2811; x_wconf 73' lang='lat' dir='ltr'><strong>esti</strong></span> <span class='ocrx_word' id='word_1_196' title='bbox 854 2752 1300 2810; x_wconf 69' lang='lat' dir='ltr'><strong>iusti-tmtentum,</strong></span> <span class='ocrx_word' id='word_1_197' title='bbox 1341 2747 1569 2816; x_wconf 87' lang='lat' dir='ltr'><strong>ideoque</strong></span> <span class='ocrx_word' id='word_1_198' title='bbox 1615 2760 1713 2815; x_wconf 89' lang='lat' dir='ltr'><strong>pro</strong></span> <span class='ocrx_word' id='word_1_199' title='bbox 1760 2745 1930 2814; x_wconf 82' lang='lat' dir='ltr'><strong>ipsius</strong></span> <span class='ocrx_word' id='word_1_200' title='bbox 1967 2744 2053 2797; x_wconf 86' lang='lat' dir='ltr'><strong>in-</strong></span> 
     </span>
    </p>
   </div>
   <div class='ocr_carea' id='block_1_33' title="bbox 480 2832 2051 2902">
    <p class='ocr_par' dir='ltr' id='par_1_33' title="bbox 480 2832 2051 2902">
     <span class='ocr_line' id='line_1_33' title="bbox 480 2832 2051 2902; baseline -0.007 -5"><span class='ocrx_word' id='word_1_201' title='bbox 480 2844 769 2897; x_wconf 87' lang='lat' dir='ltr'><strong>strumenti</strong></span> <span class='ocrx_word' id='word_1_202' title='bbox 813 2840 1101 2895; x_wconf 80' lang='lat' dir='ltr'><strong>affectione</strong></span> <span class='ocrx_word' id='word_1_203' title='bbox 1160 2852 1318 2891; x_wconf 90' lang='lat' dir='ltr'><strong>mens</strong></span> <span class='ocrx_word' id='word_1_204' title='bbox 1368 2839 1573 2901; x_wconf 75' lang='lat' dir='ltr'><strong>etiam,</strong></span> <span class='ocrx_word' id='word_1_205' title='bbox 1629 2836 1773 2890; x_wconf 74' lang='lat' dir='ltr'><strong>velut</strong></span> <span class='ocrx_word' id='word_1_206' title='bbox 1823 2832 2051 2902; x_wconf 82' lang='lat' dir='ltr'><strong>artifex,</strong></span> 
     </span>
    </p>
   </div>
   <div class='ocr_carea' id='block_1_34' title="bbox 477 2928 2051 3006">
    <p class='ocr_par' dir='ltr' id='par_1_34' title="bbox 477 2928 2051 3006">
     <span class='ocr_line' id='line_1_34' title="bbox 477 2928 2051 3006; baseline -0.005 -18"><span class='ocrx_word' id='word_1_207' title='bbox 477 2951 638 3006; x_wconf 74' lang='lat' dir='ltr'><strong>agere</strong></span> <span class='ocrx_word' id='word_1_208' title='bbox 671 2933 979 2990; x_wconf 87' lang='lat' dir='ltr'><strong>consuevit.</strong></span> <span class='ocrx_word' id='word_1_209' title='bbox 1033 2932 1328 3000; x_wconf 64' lang='lat' dir='ltr'><strong>Proliterea</strong></span> <span class='ocrx_word' id='word_1_210' title='bbox 1380 2929 1521 2983; x_wconf 86' lang='lat' dir='ltr'><strong>Deus</strong></span> <span class='ocrx_word' id='word_1_211' title='bbox 1564 2929 1760 2983; x_wconf 83' lang='lat' dir='ltr'><strong>herbas</strong></span> <span class='ocrx_word' id='word_1_212' title='bbox 1790 2928 2051 2997; x_wconf 87' lang='lat' dir='ltr'><strong>quasdam</strong></span> 
     </span>
    </p>
   </div>
   <div class='ocr_carea' id='block_1_35' title="bbox 479 3018 2049 3095">
    <p class='ocr_par' dir='ltr' id='par_1_35' title="bbox 479 3018 2049 3095">
     <span class='ocr_line' id='line_1_35' title="bbox 479 3018 2049 3095; baseline -0.007 -13"><span class='ocrx_word' id='word_1_213' title='bbox 479 3018 984 3095; x_wconf 24' lang='lat' dir='ltr'><strong>condidit’quibus</strong></span> <span class='ocrx_word' id='word_1_214' title='bbox 1038 3022 1202 3077; x_wconf 87' lang='lat' dir='ltr'><strong>variis</strong></span> <span class='ocrx_word' id='word_1_215' title='bbox 1266 3020 1547 3075; x_wconf 81' lang='lat' dir='ltr'><strong>doloribus</strong></span> <span class='ocrx_word' id='word_1_216' title='bbox 1618 3029 1783 3089; x_wconf 89' lang='lat' dir='ltr'><strong>atque</strong></span> <span class='ocrx_word' id='word_1_217' title='bbox 1845 3019 2049 3073; x_wconf 86' lang='lat' dir='ltr'><strong>morbis</strong></span> 
     </span>
    </p>
   </div>
   <div class='ocr_carea' id='block_1_36' title="bbox 480 3111 2051 3185">
    <p class='ocr_par' dir='ltr' id='par_1_36' title="bbox 480 3111 2051 3185">
     <span class='ocr_line' id='line_1_36' title="bbox 480 3111 2051 3185; baseline -0.008 -10"><span class='ocrx_word' id='word_1_218' title='bbox 480 3121 833 3185; x_wconf 88' lang='lat' dir='ltr'><strong>medeamur,</strong></span> <span class='ocrx_word' id='word_1_219' title='bbox 892 3126 949 3172; x_wconf 88' lang='lat' dir='ltr'><strong>et</strong></span> <span class='ocrx_word' id='word_1_220' title='bbox 1009 3114 1326 3170; x_wconf 88' lang='lat' dir='ltr'><strong>hominibus</strong></span> <span class='ocrx_word' id='word_1_221' title='bbox 1393 3112 1661 3166; x_wconf 83' lang='lat' dir='ltr'><strong>medicam</strong></span> <span class='ocrx_word' id='word_1_222' title='bbox 1727 3111 2051 3181; x_wconf 84' lang='lat' dir='ltr'><strong>sapientiam</strong></span> 
     </span>
    </p>
   </div>
   <div class='ocr_carea' id='block_1_37' title="bbox 477 3202 2053 3283">
    <p class='ocr_par' dir='ltr' id='par_1_37' title="bbox 477 3202 2053 3283">
     <span class='ocr_line' id='line_1_37' title="bbox 477 3202 2053 3283; baseline -0.007 -14"><span class='ocrx_word' id='word_1_223' title='bbox 477 3213 697 3269; x_wconf 85' lang='lat' dir='ltr'><strong>abunde</strong></span> <span class='ocrx_word' id='word_1_224' title='bbox 726 3202 957 3282; x_wconf 76' lang='lat' dir='ltr'><strong>largitus</strong></span> <span class='ocrx_word' id='word_1_225' title='bbox 985 3219 1087 3283; x_wconf 83' lang='lat' dir='ltr'><strong>est.</strong></span> <span class='ocrx_word' id='word_1_226' title='bbox 1122 3208 1258 3262; x_wconf 89' lang='lat' dir='ltr'><strong>lline</strong></span> <span class='ocrx_word' id='word_1_227' title='bbox 1307 3216 1363 3261; x_wconf 90' lang='lat' dir='ltr'><strong>et</strong></span> <span class='ocrx_word' id='word_1_228' title='bbox 1410 3206 1695 3261; x_wconf 89' lang='lat' dir='ltr'><strong>cerebrum</strong></span> <span class='ocrx_word' id='word_1_229' title='bbox 1729 3204 1942 3275; x_wconf 72' lang='lat' dir='ltr'><strong>purgari</strong></span> <span class='ocrx_word' id='word_1_230' title='bbox 1972 3204 2053 3258; x_wconf 84' lang='lat' dir='ltr'><strong>vi-</strong></span> 
     </span>
    </p>
   </div>
   <div class='ocr_carea' id='block_1_38' title="bbox 479 3298 2052 3370">
    <p class='ocr_par' dir='ltr' id='par_1_38' title="bbox 479 3298 2052 3370">
     <span class='ocr_line' id='line_1_38' title="bbox 479 3298 2052 3370; baseline -0.006 -10"><span class='ocrx_word' id='word_1_231' title='bbox 479 3306 696 3370; x_wconf 88' lang='lat' dir='ltr'><strong>demus,</strong></span> <span class='ocrx_word' id='word_1_232' title='bbox 730 3314 786 3357; x_wconf 90' lang='lat' dir='ltr'><strong>et</strong></span> <span class='ocrx_word' id='word_1_233' title='bbox 813 3304 1035 3357; x_wconf 89' lang='lat' dir='ltr'><strong>morbos</strong></span> <span class='ocrx_word' id='word_1_234' title='bbox 1065 3301 1222 3365; x_wconf 87' lang='lat' dir='ltr'><strong>alios,</strong></span> <span class='ocrx_word' id='word_1_235' title='bbox 1259 3299 1351 3368; x_wconf 91' lang='lat' dir='ltr'><strong>qui</strong></span> <span class='ocrx_word' id='word_1_236' title='bbox 1375 3298 1713 3352; x_wconf 88' lang='lat' dir='ltr'><strong>curationem</strong></span> <span class='ocrx_word' id='word_1_237' title='bbox 1749 3298 2052 3365; x_wconf 83' lang='lat' dir='ltr'><strong>requirunt,</strong></span> 
     </span>
    </p>
   </div>
   <div class='ocr_carea' id='block_1_39' title="bbox 479 3393 2056 3457">
    <p class='ocr_par' dir='ltr' id='par_1_39' title="bbox 479 3393 2056 3457">
     <span class='ocr_line' id='line_1_39' title="bbox 479 3393 2056 3457; baseline -0.007 -1"><span class='ocrx_word' id='word_1_238' title='bbox 479 3401 926 3457; x_wconf 85' lang='lat' dir='ltr'><strong>convenientium</strong></span> <span class='ocrx_word' id='word_1_239' title='bbox 980 3396 1505 3450; x_wconf 85' lang='lat' dir='ltr'><strong>medicamentorum</strong></span> <span class='ocrx_word' id='word_1_240' title='bbox 1576 3393 1914 3448; x_wconf 88' lang='lat' dir='ltr'><strong>adhibitione</strong></span> <span class='ocrx_word' id='word_1_241' title='bbox 1964 3406 2056 3446; x_wconf 86' lang='lat' dir='ltr'><strong>sa-</strong></span> 
     </span>
    </p>
   </div>
   <div class='ocr_carea' id='block_1_40' title="bbox 480 3483 2057 3557">
    <p class='ocr_par' dir='ltr' id='par_1_40' title="bbox 480 3483 2057 3557">
     <span class='ocr_line' id='line_1_40' title="bbox 480 3483 2057 3557; baseline -0.006 -12"><span class='ocrx_word' id='word_1_242' title='bbox 480 3491 621 3545; x_wconf 91' lang='lat' dir='ltr'><strong>nari.</strong></span> <span class='ocrx_word' id='word_1_243' title='bbox 652 3490 772 3544; x_wconf 83' lang='lat' dir='ltr'><strong>Non</strong></span> <span class='ocrx_word' id='word_1_244' title='bbox 803 3488 965 3557; x_wconf 77' lang='lat' dir='ltr'><strong>igitur</strong></span> <span class='ocrx_word' id='word_1_245' title='bbox 993 3501 1185 3541; x_wconf 88' lang='lat' dir='ltr'><strong>eorum</strong></span> <span class='ocrx_word' id='word_1_246' title='bbox 1229 3484 1415 3539; x_wconf 84' lang='lat' dir='ltr'><strong>verbis</strong></span> <span class='ocrx_word' id='word_1_247' title='bbox 1445 3483 1622 3553; x_wconf 85' lang='lat' dir='ltr'><strong>decipi</strong></span> <span class='ocrx_word' id='word_1_248' title='bbox 1649 3493 1701 3538; x_wconf 91' lang='lat' dir='ltr'><strong>te</strong></span> <span class='ocrx_word' id='word_1_249' title='bbox 1730 3485 1949 3552; x_wconf 87' lang='lat' dir='ltr'><strong>patitor.</strong></span> <span class='ocrx_word' id='word_1_250' title='bbox 1975 3484 2057 3538; x_wconf 85' lang='lat' dir='ltr'><strong>Ac</strong></span> 
     </span>
    </p>
   </div>
   <div class='ocr_carea' id='block_1_41' title="bbox 482 3574 2055 3660">
    <p class='ocr_par' dir='ltr' id='par_1_41' title="bbox 482 3574 2055 3660">
     <span class='ocr_line' id='line_1_41' title="bbox 482 3574 2055 3660; baseline -0.005 -24"><span class='ocrx_word' id='word_1_251' title='bbox 482 3599 553 3637; x_wconf 90' lang='lat' dir='ltr'><strong>ne</strong></span> <span class='ocrx_word' id='word_1_252' title='bbox 580 3582 692 3636; x_wconf 90' lang='lat' dir='ltr'><strong>fato</strong></span> <span class='ocrx_word' id='word_1_253' title='bbox 725 3580 969 3660; x_wconf 55' lang='lat' dir='ltr'><strong>quidc‘m,</strong></span> <span class='ocrx_word' id='word_1_254' title='bbox 997 3594 1096 3632; x_wconf 90' lang='lat' dir='ltr'><strong>ceu</strong></span> <span class='ocrx_word' id='word_1_255' title='bbox 1126 3577 1333 3632; x_wconf 74' lang='lat' dir='ltr'><strong>dictum</strong></span> <span class='ocrx_word' id='word_1_256' title='bbox 1367 3585 1473 3641; x_wconf 91' lang='lat' dir='ltr'><strong>est,</strong></span> <span class='ocrx_word' id='word_1_257' title='bbox 1506 3576 1565 3630; x_wconf 87' lang='lat' dir='ltr'><strong>bi</strong></span> <span class='ocrx_word' id='word_1_258' title='bbox 1609 3574 1787 3630; x_wconf 90' lang='lat' dir='ltr'><strong>morbi</strong></span> <span class='ocrx_word' id='word_1_259' title='bbox 1819 3575 2055 3630; x_wconf 83' lang='lat' dir='ltr'><strong>homini-</strong></span> 
     </span>
    </p>
   </div>
   <div class='ocr_carea' id='block_1_42' title="bbox 485 3671 2057 3739">
    <p class='ocr_par' dir='ltr' id='par_1_42' title="bbox 485 3671 2057 3739">
     <span class='ocr_line' id='line_1_42' title="bbox 485 3671 2057 3739; baseline -0.004 -8"><span class='ocrx_word' id='word_1_260' title='bbox 485 3679 586 3731; x_wconf 85' lang='lat' dir='ltr'><strong>bus</strong></span> <span class='ocrx_word' id='word_1_261' title='bbox 612 3674 890 3730; x_wconf 88' lang='lat' dir='ltr'><strong>accidunt.</strong></span> <span class='ocrx_word' id='word_1_262' title='bbox 922 3673 1061 3739; x_wconf 81' lang='lat' dir='ltr'><strong>Quid</strong></span> <span class='ocrx_word' id='word_1_263' title='bbox 1088 3673 1235 3726; x_wconf 91' lang='lat' dir='ltr'><strong>enim</strong></span> <span class='ocrx_word' id='word_1_264' title='bbox 1272 3673 1421 3726; x_wconf 81' lang='lat' dir='ltr'><strong>aliud</strong></span> <span class='ocrx_word' id='word_1_265' title='bbox 1463 3671 1568 3726; x_wconf 90' lang='lat' dir='ltr'><strong>sibi</strong></span> <span class='ocrx_word' id='word_1_266' title='bbox 1609 3671 1704 3727; x_wconf 86' lang='lat' dir='ltr'><strong>fati</strong></span> <span class='ocrx_word' id='word_1_267' title='bbox 1749 3671 1865 3726; x_wconf 84' lang='lat' dir='ltr'><strong>vult</strong></span> <span class='ocrx_word' id='word_1_268' title='bbox 1893 3686 2057 3726; x_wconf 84' lang='lat' dir='ltr'><strong>voca-</strong></span> 
     </span>
    </p>
   </div>
   <div class='ocr_carea' id='block_1_43' title="bbox 481 3767 2054 3836">
    <p class='ocr_par' dir='ltr' id='par_1_43' title="bbox 481 3767 2054 3836">
     <span class='ocr_line' id='line_1_43' title="bbox 481 3767 2054 3836; baseline -0.002 -12"><span class='ocrx_word' id='word_1_269' title='bbox 481 3770 695 3832; x_wconf 90' lang='lat' dir='ltr'><strong>bulum,</strong></span> <span class='ocrx_word' id='word_1_270' title='bbox 764 3768 831 3821; x_wconf 92' lang='lat' dir='ltr'><strong>de</strong></span> <span class='ocrx_word' id='word_1_271' title='bbox 886 3767 1129 3836; x_wconf 88' lang='lat' dir='ltr'><strong>ipsorum</strong></span> <span class='ocrx_word' id='word_1_272' title='bbox 1192 3768 1506 3828; x_wconf 86' lang='lat' dir='ltr'><strong>sententia,</strong></span> <span class='ocrx_word' id='word_1_273' title='bbox 1560 3781 1725 3835; x_wconf 88' lang='lat' dir='ltr'><strong>quam</strong></span> <span class='ocrx_word' id='word_1_274' title='bbox 1787 3768 1933 3835; x_wconf 88' lang='lat' dir='ltr'><strong>quod</strong></span> <span class='ocrx_word' id='word_1_275' title='bbox 1983 3772 2054 3822; x_wconf 86' lang='lat' dir='ltr'><strong>sit</strong></span> 
     </span>
    </p>
   </div>
   <div class='ocr_carea' id='block_1_44' title="bbox 480 3859 2054 3932">
    <p class='ocr_par' dir='ltr' id='par_1_44' title="bbox 480 3859 2054 3932">
     <span class='ocr_line' id='line_1_44' title="bbox 480 3859 2054 3932; baseline -0.003 -14"><span class='ocrx_word' id='word_1_276' title='bbox 480 3873 713 3918; x_wconf 85' lang='lat' dir='ltr'><strong>eventus</strong></span> <span class='ocrx_word' id='word_1_277' title='bbox 732 3862 949 3932; x_wconf 87' lang='lat' dir='ltr'><strong>quidam</strong></span> <span class='ocrx_word' id='word_1_278' title='bbox 976 3859 1326 3924; x_wconf 82' lang='lat' dir='ltr'><strong>inevitabilis,</strong></span> <span class='ocrx_word' id='word_1_279' title='bbox 1354 3871 1504 3913; x_wconf 89' lang='lat' dir='ltr'><strong>ortus</strong></span> <span class='ocrx_word' id='word_1_280' title='bbox 1533 3874 1601 3913; x_wconf 80' lang='lat' dir='ltr'><strong>ex</strong></span> <span class='ocrx_word' id='word_1_281' title='bbox 1621 3859 1760 3914; x_wconf 91' lang='lat' dir='ltr'><strong>serie</strong></span> <span class='ocrx_word' id='word_1_282' title='bbox 1791 3873 2054 3930; x_wconf 87' lang='lat' dir='ltr'><strong>perpetua</strong></span> 
     </span>
    </p>
   </div>
   <div class='ocr_carea' id='block_1_45' title="bbox 481 3948 2056 4027">
    <p class='ocr_par' dir='ltr' id='par_1_45' title="bbox 481 3948 2056 4027">
     <span class='ocr_line' id='line_1_45' title="bbox 481 3948 2056 4027; baseline -0.002 -18"><span class='ocrx_word' id='word_1_283' title='bbox 481 3964 660 4027; x_wconf 85' lang='lat' dir='ltr'><strong>motus</strong></span> <span class='ocrx_word' id='word_1_284' title='bbox 726 3952 1031 4008; x_wconf 59' lang='lat' dir='ltr'><strong>caelestium</strong></span> <span class='ocrx_word' id='word_1_285' title='bbox 1093 3950 1421 4018; x_wconf 87' lang='lat' dir='ltr'><strong>corporum?</strong></span> <span class='ocrx_word' id='word_1_286' title='bbox 1477 3948 1630 4014; x_wconf 86' lang='lat' dir='ltr'><strong>Quod</strong></span> <span class='ocrx_word' id='word_1_287' title='bbox 1686 3950 1861 4019; x_wconf 87' lang='lat' dir='ltr'><strong>ipsum</strong></span> <span class='ocrx_word' id='word_1_288' title='bbox 1911 3960 2056 4006; x_wconf 87' lang='lat' dir='ltr'><strong>totus</strong></span> 
     </span>
    </p>
   </div>
   <div class='ocr_carea' id='block_1_46' title="bbox 484 4041 2051 4111">
    <p class='ocr_par' dir='ltr' id='par_1_46' title="bbox 484 4041 2051 4111">
     <span class='ocr_line' id='line_1_46' title="bbox 484 4041 2051 4111; baseline -0.002 -13"><span class='ocrx_word' id='word_1_289' title='bbox 484 4047 570 4098; x_wconf 93' lang='lat' dir='ltr'><strong>ille</strong></span> <span class='ocrx_word' id='word_1_290' title='bbox 601 4054 917 4098; x_wconf 89' lang='lat' dir='ltr'><strong>sanctorum</strong></span> <span class='ocrx_word' id='word_1_291' title='bbox 972 4043 1211 4095; x_wconf 83' lang='lat' dir='ltr'><strong>virorum</strong></span> <span class='ocrx_word' id='word_1_292' title='bbox 1264 4053 1441 4097; x_wconf 78' lang='lat' dir='ltr'><strong>coetus</strong></span> <span class='ocrx_word' id='word_1_293' title='bbox 1490 4041 1805 4111; x_wconf 82' lang='lat' dir='ltr'><strong>longissime</strong></span> <span class='ocrx_word' id='word_1_294' title='bbox 1854 4042 2051 4111; x_wconf 89' lang='lat' dir='ltr'><strong>rejieit.</strong></span> 
     </span>
    </p>
   </div>
   <div class='ocr_carea' id='block_1_47' title="bbox 482 4133 2052 4202">
    <p class='ocr_par' dir='ltr' id='par_1_47' title="bbox 482 4133 2052 4202">
     <span class='ocr_line' id='line_1_47' title="bbox 482 4133 2052 4202; baseline -0.001 -13"><span class='ocrx_word' id='word_1_295' title='bbox 482 4137 849 4202; x_wconf 87' lang='lat' dir='ltr'><strong>Quamobrem</strong></span> <span class='ocrx_word' id='word_1_296' title='bbox 884 4135 1059 4189; x_wconf 85' lang='lat' dir='ltr'><strong>istuc?</strong></span> <span class='ocrx_word' id='word_1_297' title='bbox 1107 4133 1243 4199; x_wconf 84' lang='lat' dir='ltr'><strong>Quia</strong></span> <span class='ocrx_word' id='word_1_298' title='bbox 1278 4135 1508 4188; x_wconf 89' lang='lat' dir='ltr'><strong>multum</strong></span> <span class='ocrx_word' id='word_1_299' title='bbox 1544 4135 1797 4188; x_wconf 67' lang='lat' dir='ltr'><strong>amentia:</strong></span> <span class='ocrx_word' id='word_1_300' title='bbox 1838 4133 2052 4189; x_wconf 88' lang='lat' dir='ltr'><strong>stolidi-</strong></span> 
     </span>
    </p>
   </div>
   <div class='ocr_carea' id='block_1_48' title="bbox 484 4210 2053 4298">
    <p class='ocr_par' dir='ltr' id='par_1_48' title="bbox 484 4210 2053 4298">
     <span class='ocr_line' id='line_1_48' title="bbox 484 4210 2053 4298; baseline 0.001 -19"><span class='ocrx_word' id='word_1_301' title='bbox 484 4231 715 4295; x_wconf 83' lang='lat' dir='ltr'><strong>tatisque</strong></span> <span class='ocrx_word' id='word_1_302' title='bbox 746 4228 1013 4287; x_wconf 84' lang='lat' dir='ltr'><strong>continet,</strong></span> <span class='ocrx_word' id='word_1_303' title='bbox 1059 4227 1183 4296; x_wconf 89' lang='lat' dir='ltr'><strong>plus</strong></span> <span class='ocrx_word' id='word_1_304' title='bbox 1236 4210 1554 4295; x_wconf 74' lang='lat' dir='ltr'><strong>impietatis,</strong></span> <span class='ocrx_word' id='word_1_305' title='bbox 1600 4237 1659 4281; x_wconf 90' lang='lat' dir='ltr'><strong>ut</strong></span> <span class='ocrx_word' id='word_1_306' title='bbox 1693 4242 1922 4298; x_wconf 80' lang='lat' dir='ltr'><strong>magnus</strong></span> <span class='ocrx_word' id='word_1_307' title='bbox 1962 4227 2053 4280; x_wconf 88' lang='lat' dir='ltr'><strong>ille</strong></span> 
     </span>
    </p>
   </div>
   <div class='ocr_carea' id='block_1_49' title="bbox 484 4319 1008 4389">
    <p class='ocr_par' dir='ltr' id='par_1_49' title="bbox 484 4319 1008 4389">
     <span class='ocr_line' id='line_1_49' title="bbox 484 4319 1008 4389; baseline -0.004 -17"><span class='ocrx_word' id='word_1_308' title='bbox 484 4319 714 4374; x_wconf 79' lang='lat' dir='ltr'><strong>Basilius</strong></span> <span class='ocrx_word' id='word_1_309' title='bbox 750 4319 1008 4389; x_wconf 84' lang='lat' dir='ltr'><strong>loquitur.</strong></span> 
     </span>
    </p>
   </div>
   <div class='ocr_carea' id='block_1_50' title="bbox 2147 475 3708 552">
    <p class='ocr_par' dir='ltr' id='par_1_50' title="bbox 2147 475 3708 552">
     <span class='ocr_line' id='line_1_50' title="bbox 2147 475 3708 552; baseline -0.004 -21"><span class='ocrx_word' id='word_1_310' title='bbox 2147 480 2260 531; x_wconf 86' lang='grc' dir='ltr'><strong>τίον</strong></span> <span class='ocrx_word' id='word_1_311' title='bbox 2297 477 2452 541; x_wconf 84' lang='grc' dir='ltr'><strong>αὖθις</strong></span> <span class='ocrx_word' id='word_1_312' title='bbox 2491 476 2558 530; x_wconf 85' lang='grc' dir='ltr'><strong>τά</strong></span> <span class='ocrx_word' id='word_1_313' title='bbox 2594 475 2844 547; x_wconf 75' lang='grc' dir='ltr'><strong>ἄρρενα),</strong></span> <span class='ocrx_word' id='word_1_314' title='bbox 2867 478 2993 539; x_wconf 82' lang='grc' dir='ltr'><strong>τοὺς</strong></span> <span class='ocrx_word' id='word_1_315' title='bbox 3024 477 3263 546; x_wconf 79' lang='grc' dir='ltr'><strong>ἀστέρας</strong></span> <span class='ocrx_word' id='word_1_316' title='bbox 3300 479 3511 539; x_wconf 64' lang='grc' dir='ltr'><strong>αἰτίους</strong></span> <span class='ocrx_word' id='word_1_317' title='bbox 3547 481 3708 552; x_wconf 71' lang='grc' dir='ltr'><strong>ἥγην.</strong></span> 
     </span>
    </p>
   </div>
   <div class='ocr_carea' id='block_1_51' title="bbox 2147 567 3706 640">
    <p class='ocr_par' dir='ltr' id='par_1_51' title="bbox 2147 567 3706 640">
     <span class='ocr_line' id='line_1_51' title="bbox 2147 567 3706 640; baseline 0.003 -18"><span class='ocrx_word' id='word_1_318' title='bbox 2147 587 2259 624; x_wconf 84' lang='grc' dir='ltr'><strong>ται.</strong></span> <span class='ocrx_word' id='word_1_319' title='bbox 2293 570 2476 640; x_wconf 80' lang='grc' dir='ltr'><strong>Ταύτῃ</strong></span> <span class='ocrx_word' id='word_1_320' title='bbox 2546 586 2629 620; x_wconf 92' lang='grc' dir='ltr'><strong>τοι</strong></span> <span class='ocrx_word' id='word_1_321' title='bbox 2662 567 2755 626; x_wconf 82' lang='grc' dir='ltr'><strong>καὶ</strong></span> <span class='ocrx_word' id='word_1_322' title='bbox 2793 568 3226 637; x_wconf 83' lang='grc' dir='ltr'><strong>ἐρμαφροδίτους</strong></span> <span class='ocrx_word' id='word_1_323' title='bbox 3274 571 3402 633; x_wconf 85' lang='grc' dir='ltr'><strong>τοὺς</strong></span> <span class='ocrx_word' id='word_1_324' title='bbox 3444 572 3706 636; x_wconf 80' lang='grc' dir='ltr'><strong>τοιούτους</strong></span> 
     </span>
    </p>
   </div>
   <div class='ocr_carea' id='block_1_52' title="bbox 2151 659 3709 734">
    <p class='ocr_par' dir='ltr' id='par_1_52' title="bbox 2151 659 3709 734">
     <span class='ocr_line' id='line_1_52' title="bbox 2151 659 3709 734; baseline 0.003 -21"><span class='ocrx_word' id='word_1_325' title='bbox 2151 660 2576 730; x_wconf 75' lang='grc' dir='ltr'><strong>ἐπονομάζουσι.</strong></span> <span class='ocrx_word' id='word_1_326' title='bbox 2616 659 2997 728; x_wconf 70' lang='grc' dir='ltr'><strong>Κομψεύονται</strong></span> <span class='ocrx_word' id='word_1_327' title='bbox 3028 660 3157 729; x_wconf 84' lang='grc' dir='ltr'><strong>γάρ,</strong></span> <span class='ocrx_word' id='word_1_328' title='bbox 3189 660 3409 715; x_wconf 75' lang='grc' dir='ltr'><strong>ἐπειδάν</strong></span> <span class='ocrx_word' id='word_1_329' title='bbox 3438 663 3468 714; x_wconf 88' lang='lat'><strong>6</strong></span> <span class='ocrx_word' id='word_1_330' title='bbox 3507 662 3709 734; x_wconf 81' lang='grc' dir='ltr'><strong>Ἐρμῆς</strong></span> 
     </span>
    </p>
   </div>
   <div class='ocr_carea' id='block_1_53' title="bbox 2150 750 3706 821">
    <p class='ocr_par' dir='ltr' id='par_1_53' title="bbox 2150 750 3706 821">
     <span class='ocr_line' id='line_1_53' title="bbox 2150 750 3706 821; baseline 0.003 -18"><span class='ocrx_word' id='word_1_331' title='bbox 2150 751 2296 819; x_wconf 68' lang='grc' dir='ltr'><strong>καλή</strong></span> <span class='ocrx_word' id='word_1_332' title='bbox 2347 751 2630 821; x_wconf 77' lang='grc' dir='ltr'><strong>’Λφροδίτη</strong></span> <span class='ocrx_word' id='word_1_333' title='bbox 2672 750 2947 820; x_wconf 77' lang='grc' dir='ltr'><strong>εὑρεθεῖεν</strong></span> <span class='ocrx_word' id='word_1_334' title='bbox 2967 752 3305 821; x_wconf 83' lang='grc' dir='ltr'><strong>ὁμόκεντροι,</strong></span> <span class='ocrx_word' id='word_1_335' title='bbox 3343 753 3593 817; x_wconf 74' lang='grc' dir='ltr'><strong>συνόντος</strong></span> <span class='ocrx_word' id='word_1_336' title='bbox 3618 758 3706 808; x_wconf 73' lang='grc' dir='ltr'><strong>αὖ-</strong></span> 
     </span>
    </p>
   </div>
   <div class='ocr_carea' id='block_1_54' title="bbox 2149 830 3705 915">
    <p class='ocr_par' dir='ltr' id='par_1_54' title="bbox 2149 830 3705 915">
     <span class='ocr_line' id='line_1_54' title="bbox 2149 830 3705 915; baseline 0.005 -22"><span class='ocrx_word' id='word_1_337' title='bbox 2149 842 2261 901; x_wconf 66' lang='lat' dir='ltr'><strong>rei;</strong></span> <span class='ocrx_word' id='word_1_338' title='bbox 2293 841 2386 894; x_wconf 90' lang='grc' dir='ltr'><strong>τοῦ</strong></span> <span class='ocrx_word' id='word_1_339' title='bbox 2438 842 2668 910; x_wconf 77' lang='grc' dir='ltr'><strong>Κρόνου,</strong></span> <span class='ocrx_word' id='word_1_340' title='bbox 2713 842 2849 909; x_wconf 79' lang='grc' dir='ltr'><strong>πρὸς</strong></span> <span class='ocrx_word' id='word_1_341' title='bbox 2879 841 2936 895; x_wconf 79' lang='grc' dir='ltr'><strong>δὲ</strong></span> <span class='ocrx_word' id='word_1_342' title='bbox 2969 839 3065 893; x_wconf 77' lang='grc' dir='ltr'><strong>καὶ</strong></span> <span class='ocrx_word' id='word_1_343' title='bbox 3114 830 3605 915; x_wconf 69' lang='grc' dir='ltr'><strong>σχημᾶτιζομένοιν</strong></span> <span class='ocrx_word' id='word_1_344' title='bbox 3625 850 3705 901; x_wconf 78' lang='grc' dir='ltr'><strong>τοῦ</strong></span> 
     </span>
    </p>
   </div>
   <div class='ocr_carea' id='block_1_55' title="bbox 2154 931 3708 1002">
    <p class='ocr_par' dir='ltr' id='par_1_55' title="bbox 2154 931 3708 1002">
     <span class='ocr_line' id='line_1_55' title="bbox 2154 931 3708 1002; baseline 0.005 -19"><span class='ocrx_word' id='word_1_345' title='bbox 2154 932 2370 1000; x_wconf 81' lang='grc' dir='ltr'><strong>Ἀρεος,</strong></span> <span class='ocrx_word' id='word_1_346' title='bbox 2401 931 2563 983; x_wconf 69' lang='grc' dir='ltr'><strong>αἴτιοι</strong></span> <span class='ocrx_word' id='word_1_347' title='bbox 2587 931 2886 998; x_wconf 82' lang='grc' dir='ltr'><strong>τηνικαῦτα</strong></span> <span class='ocrx_word' id='word_1_348' title='bbox 2914 934 3005 984; x_wconf 79' lang='grc' dir='ltr'><strong>καὶ</strong></span> <span class='ocrx_word' id='word_1_349' title='bbox 3029 932 3138 985; x_wconf 85' lang='grc' dir='ltr'><strong>τῶν</strong></span> <span class='ocrx_word' id='word_1_350' title='bbox 3168 933 3318 1001; x_wconf 84' lang='grc' dir='ltr'><strong>παρὰ</strong></span> <span class='ocrx_word' id='word_1_351' title='bbox 3346 934 3512 1002; x_wconf 84' lang='grc' dir='ltr'><strong>φύσιν</strong></span> <span class='ocrx_word' id='word_1_352' title='bbox 3533 937 3708 990; x_wconf 78' lang='grc' dir='ltr'><strong>παθῶν</strong></span> 
     </span>
    </p>
   </div>
   <div class='ocr_carea' id='block_1_56' title="bbox 2150 1004 3705 1093">
    <p class='ocr_par' dir='ltr' id='par_1_56' title="bbox 2150 1004 3705 1093">
     <span class='ocr_line' id='line_1_56' title="bbox 2150 1004 3705 1093; baseline 0.004 -17"><span class='ocrx_word' id='word_1_353' title='bbox 2150 1026 2261 1085; x_wconf 83' lang='grc' dir='ltr'><strong>τοῖς</strong></span> <span class='ocrx_word' id='word_1_354' title='bbox 2285 1026 2623 1093; x_wconf 82' lang='grc' dir='ltr'><strong>τικτομένοις</strong></span> <span class='ocrx_word' id='word_1_355' title='bbox 2655 1025 3035 1079; x_wconf 86' lang='grc' dir='ltr'><strong>καθίστανται.</strong></span> <span class='ocrx_word' id='word_1_356' title='bbox 3074 1025 3215 1079; x_wconf 79' lang='grc' dir='ltr'><strong>’Δλλ’</strong></span> <span class='ocrx_word' id='word_1_357' title='bbox 3244 1027 3344 1080; x_wconf 74' lang='grc' dir='ltr'><strong>οὐκ</strong></span> <span class='ocrx_word' id='word_1_358' title='bbox 3390 1027 3511 1079; x_wconf 80' lang='grc' dir='ltr'><strong>ἔστι</strong></span> <span class='ocrx_word' id='word_1_359' title='bbox 3541 1004 3705 1093; x_wconf 79' lang='grc' dir='ltr'><strong>τοῦτο,</strong></span> 
     </span>
    </p>
   </div>
   <div class='ocr_carea' id='block_1_57' title="bbox 2151 1117 3707 1189">
    <p class='ocr_par' dir='ltr' id='par_1_57' title="bbox 2151 1117 3707 1189">
     <span class='ocr_line' id='line_1_57' title="bbox 2151 1117 3707 1189; baseline 0.001 -18"><span class='ocrx_word' id='word_1_360' title='bbox 2151 1121 2252 1173; x_wconf 83' lang='grc' dir='ltr'><strong>οὐκ</strong></span> <span class='ocrx_word' id='word_1_361' title='bbox 2285 1119 2465 1171; x_wconf 76' lang='grc' dir='ltr'><strong>ἐστιν’</strong></span> <span class='ocrx_word' id='word_1_362' title='bbox 2525 1120 2557 1188; x_wconf 76' lang='grc' dir='ltr'>ἡ</span> <span class='ocrx_word' id='word_1_363' title='bbox 2596 1118 2704 1188; x_wconf 79' lang='grc' dir='ltr'><strong>γάρ</strong></span> <span class='ocrx_word' id='word_1_364' title='bbox 2752 1117 3155 1172; x_wconf 78' lang='grc' dir='ltr'><strong>διαπλάττουσα</strong></span> <span class='ocrx_word' id='word_1_365' title='bbox 3176 1117 3238 1171; x_wconf 80' lang='grc' dir='ltr'><strong>τὸ</strong></span> <span class='ocrx_word' id='word_1_366' title='bbox 3279 1117 3522 1189; x_wconf 72' lang='grc' dir='ltr'><strong>ἔμϐρυον</strong></span> <span class='ocrx_word' id='word_1_367' title='bbox 3559 1120 3707 1189; x_wconf 79' lang='grc' dir='ltr'><strong>φύσις</strong></span> 
     </span>
    </p>
   </div>
   <div class='ocr_carea' id='block_1_58' title="bbox 2150 1209 3707 1280">
    <p class='ocr_par' dir='ltr' id='par_1_58' title="bbox 2150 1209 3707 1280">
     <span class='ocr_line' id='line_1_58' title="bbox 2150 1209 3707 1280; baseline 0.001 -16"><span class='ocrx_word' id='word_1_368' title='bbox 2150 1211 2299 1265; x_wconf 78' lang='grc' dir='ltr'><strong>αἰτία</strong></span> <span class='ocrx_word' id='word_1_369' title='bbox 2353 1210 2614 1272; x_wconf 81' lang='grc' dir='ltr'><strong>πολλάκις</strong></span> <span class='ocrx_word' id='word_1_370' title='bbox 2671 1212 2781 1263; x_wconf 85' lang='grc' dir='ltr'><strong>τῶν</strong></span> <span class='ocrx_word' id='word_1_371' title='bbox 2828 1209 3085 1265; x_wconf 79' lang='grc' dir='ltr'><strong>τοιούτων</strong></span> <span class='ocrx_word' id='word_1_372' title='bbox 3139 1211 3478 1280; x_wconf 76' lang='grc' dir='ltr'><strong>εὑρίσκεται,</strong></span> <span class='ocrx_word' id='word_1_373' title='bbox 3536 1212 3707 1279; x_wconf 81' lang='grc' dir='ltr'><strong>καθὼς</strong></span> 
     </span>
    </p>
   </div>
   <div class='ocr_carea' id='block_1_59' title="bbox 2151 1303 3707 1377">
    <p class='ocr_par' dir='ltr' id='par_1_59' title="bbox 2151 1303 3707 1377">
     <span class='ocr_line' id='line_1_59' title="bbox 2151 1303 3707 1377; baseline 0 -19"><span class='ocrx_word' id='word_1_374' title='bbox 2151 1305 2360 1359; x_wconf 72' lang='grc' dir='ltr'><strong>ἄνωθεν</strong></span> <span class='ocrx_word' id='word_1_375' title='bbox 2381 1304 2616 1374; x_wconf 81' lang='grc' dir='ltr'><strong>εἴρηται.</strong></span> <span class='ocrx_word' id='word_1_376' title='bbox 2655 1304 2819 1358; x_wconf 83' lang='grc' dir='ltr'><strong>Ἀλλά</strong></span> <span class='ocrx_word' id='word_1_377' title='bbox 2839 1306 2932 1357; x_wconf 78' lang='grc' dir='ltr'><strong>καὶ</strong></span> <span class='ocrx_word' id='word_1_378' title='bbox 2960 1306 2988 1357; x_wconf 97' lang='lat'><strong>6</strong></span> <span class='ocrx_word' id='word_1_379' title='bbox 3010 1303 3138 1374; x_wconf 83' lang='grc' dir='ltr'><strong>παρ’</strong></span> <span class='ocrx_word' id='word_1_380' title='bbox 3159 1305 3340 1367; x_wconf 70' lang='grc' dir='ltr'><strong>αὐτοῖς</strong></span> <span class='ocrx_word' id='word_1_381' title='bbox 3370 1307 3485 1369; x_wconf 83' lang='grc' dir='ltr'><strong>τοῖς</strong></span> <span class='ocrx_word' id='word_1_382' title='bbox 3523 1305 3707 1377; x_wconf 69' lang='grc' dir='ltr'><strong>Ἕλλη-</strong></span> 
     </span>
    </p>
   </div>
   <div class='ocr_carea' id='block_1_60' title="bbox 2153 1393 3704 1466">
    <p class='ocr_par' dir='ltr' id='par_1_60' title="bbox 2153 1393 3704 1466">
     <span class='ocr_line' id='line_1_60' title="bbox 2153 1393 3704 1466; baseline 0.002 -16"><span class='ocrx_word' id='word_1_383' title='bbox 2153 1414 2203 1450; x_wconf 91' lang='grc' dir='ltr'><strong>σι</strong></span> <span class='ocrx_word' id='word_1_384' title='bbox 2239 1396 2547 1466; x_wconf 83' lang='grc' dir='ltr'><strong>τιμώμενος</strong></span> <span class='ocrx_word' id='word_1_385' title='bbox 2587 1395 2792 1465; x_wconf 86' lang='grc' dir='ltr'><strong>Ἐρμῆς</strong></span> <span class='ocrx_word' id='word_1_386' title='bbox 2822 1396 3081 1465; x_wconf 78' lang='grc' dir='ltr'><strong>’Ἄμμωνι</strong></span> <span class='ocrx_word' id='word_1_387' title='bbox 3102 1393 3179 1464; x_wconf 83' lang='grc' dir='ltr'><strong>τῷ</strong></span> <span class='ocrx_word' id='word_1_388' title='bbox 3206 1396 3355 1465; x_wconf 82' lang='grc' dir='ltr'><strong>σοφῷ</strong></span> <span class='ocrx_word' id='word_1_389' title='bbox 3384 1397 3704 1453; x_wconf 74' lang='grc' dir='ltr'><strong>ἐπιστέλλων</strong></span> 
     </span>
    </p>
   </div>
   <div class='ocr_carea' id='block_1_61' title="bbox 2152 1489 3705 1561">
    <p class='ocr_par' dir='ltr' id='par_1_61' title="bbox 2152 1489 3705 1561">
     <span class='ocr_line' id='line_1_61' title="bbox 2152 1489 3705 1561; baseline -0.001 -17"><span class='ocrx_word' id='word_1_390' title='bbox 2152 1493 2347 1554; x_wconf 80' lang='grc' dir='ltr'><strong>αὐτοὺς</strong></span> <span class='ocrx_word' id='word_1_391' title='bbox 2386 1492 2624 1543; x_wconf 79' lang='grc' dir='ltr'><strong>αἰτιᾶται</strong></span> <span class='ocrx_word' id='word_1_392' title='bbox 2652 1491 2780 1552; x_wconf 78' lang='grc' dir='ltr'><strong>τοὺς</strong></span> <span class='ocrx_word' id='word_1_393' title='bbox 2818 1489 3051 1559; x_wconf 75' lang='grc' dir='ltr'><strong>ἀστέρας</strong></span> <span class='ocrx_word' id='word_1_394' title='bbox 3089 1489 3181 1542; x_wconf 80' lang='grc' dir='ltr'><strong>ἐπί</strong></span> <span class='ocrx_word' id='word_1_395' title='bbox 3208 1505 3266 1541; x_wconf 85' lang='grc' dir='ltr'><strong>τε</strong></span> <span class='ocrx_word' id='word_1_396' title='bbox 3299 1492 3411 1553; x_wconf 81' lang='grc' dir='ltr'><strong>τοῖς</strong></span> <span class='ocrx_word' id='word_1_397' title='bbox 3454 1492 3705 1561; x_wconf 85' lang='grc' dir='ltr'><strong>μαινομέ-</strong></span> 
     </span>
    </p>
   </div>
   <div class='ocr_carea' id='block_1_62' title="bbox 2153 1580 3705 1651">
    <p class='ocr_par' dir='ltr' id='par_1_62' title="bbox 2153 1580 3705 1651">
     <span class='ocr_line' id='line_1_62' title="bbox 2153 1580 3705 1651; baseline -0.008 -14"><span class='ocrx_word' id='word_1_398' title='bbox 2153 1601 2261 1646; x_wconf 86' lang='grc' dir='ltr'><strong>νοις</strong></span> <span class='ocrx_word' id='word_1_399' title='bbox 2294 1583 2388 1636; x_wconf 78' lang='grc' dir='ltr'><strong>καὶ</strong></span> <span class='ocrx_word' id='word_1_400' title='bbox 2413 1582 2473 1635; x_wconf 82' lang='grc' dir='ltr'><strong>τὸ</strong></span> <span class='ocrx_word' id='word_1_401' title='bbox 2509 1583 2763 1651; x_wconf 79' lang='grc' dir='ltr'><strong>φρόνημα</strong></span> <span class='ocrx_word' id='word_1_402' title='bbox 2792 1581 3149 1649; x_wconf 78' lang='grc' dir='ltr'><strong>κεκτημένοις</strong></span> <span class='ocrx_word' id='word_1_403' title='bbox 3186 1580 3514 1650; x_wconf 72' lang='grc' dir='ltr'><strong>παράφορον</strong></span> <span class='ocrx_word' id='word_1_404' title='bbox 3537 1583 3611 1645; x_wconf 81' lang='grc' dir='ltr'><strong>ὼς</strong></span> <span class='ocrx_word' id='word_1_405' title='bbox 3631 1586 3705 1637; x_wconf 78' lang='grc' dir='ltr'><strong>αι.</strong></span> 
     </span>
    </p>
   </div>
   <div class='ocr_carea' id='block_1_63' title="bbox 2152 1672 3706 1743">
    <p class='ocr_par' dir='ltr' id='par_1_63' title="bbox 2152 1672 3706 1743">
     <span class='ocr_line' id='line_1_63' title="bbox 2152 1672 3706 1743; baseline -0.001 -15"><span class='ocrx_word' id='word_1_406' title='bbox 2152 1676 2299 1738; x_wconf 85' lang='grc' dir='ltr'><strong>τίους</strong></span> <span class='ocrx_word' id='word_1_407' title='bbox 2334 1673 2494 1743; x_wconf 74' lang='grc' dir='ltr'><strong>δῆθεν</strong></span> <span class='ocrx_word' id='word_1_408' title='bbox 2523 1674 2779 1726; x_wconf 74' lang='grc' dir='ltr'><strong>τοιούτων</strong></span> <span class='ocrx_word' id='word_1_409' title='bbox 2803 1672 3008 1725; x_wconf 83' lang='grc' dir='ltr'><strong>παθῶν.</strong></span> <span class='ocrx_word' id='word_1_410' title='bbox 3041 1673 3177 1739; x_wconf 77' lang='grc' dir='ltr'><strong>Φησὶ</strong></span> <span class='ocrx_word' id='word_1_411' title='bbox 3207 1674 3299 1725; x_wconf 75' lang='grc' dir='ltr'><strong>καὶ</strong></span> <span class='ocrx_word' id='word_1_412' title='bbox 3333 1673 3443 1741; x_wconf 84' lang='grc' dir='ltr'><strong>γὰρ</strong></span> <span class='ocrx_word' id='word_1_413' title='bbox 3472 1673 3549 1735; x_wconf 79' lang='grc' dir='ltr'><strong>ὡς</strong></span> <span class='ocrx_word' id='word_1_414' title='bbox 3571 1677 3706 1727; x_wconf 81' lang='grc' dir='ltr'><strong>ἐπει-</strong></span> 
     </span>
    </p>
   </div>
   <div class='ocr_carea' id='block_1_64' title="bbox 2154 1763 3704 1835">
    <p class='ocr_par' dir='ltr' id='par_1_64' title="bbox 2154 1763 3704 1835">
     <span class='ocr_line' id='line_1_64' title="bbox 2154 1763 3704 1835; baseline -0.001 -17"><span class='ocrx_word' id='word_1_415' title='bbox 2154 1767 2250 1820; x_wconf 79' lang='grc' dir='ltr'><strong>δὰν</strong></span> <span class='ocrx_word' id='word_1_416' title='bbox 2282 1766 2339 1829; x_wconf 79' lang='grc' dir='ltr'><strong>ἐξ</strong></span> <span class='ocrx_word' id='word_1_417' title='bbox 2369 1764 2572 1833; x_wconf 81' lang='grc' dir='ltr'><strong>ἀγαθοῦ</strong></span> <span class='ocrx_word' id='word_1_418' title='bbox 2601 1765 2876 1835; x_wconf 88' lang='grc' dir='ltr'><strong>σχήματος</strong></span> <span class='ocrx_word' id='word_1_419' title='bbox 2914 1765 2942 1817; x_wconf 91' lang='lat'><strong>6</strong></span> <span class='ocrx_word' id='word_1_420' title='bbox 2978 1764 3072 1816; x_wconf 88' lang='grc' dir='ltr'><strong>τοῦ</strong></span> <span class='ocrx_word' id='word_1_421' title='bbox 3113 1764 3415 1832; x_wconf 76' lang='grc' dir='ltr'><strong>ἐγκεφάλου</strong></span> <span class='ocrx_word' id='word_1_422' title='bbox 3442 1763 3704 1833; x_wconf 80' lang='grc' dir='ltr'><strong>κυριεύων</strong></span> 
     </span>
    </p>
   </div>
   <div class='ocr_carea' id='block_1_65' title="bbox 2154 1853 3695 1928">
    <p class='ocr_par' dir='ltr' id='par_1_65' title="bbox 2154 1853 3695 1928">
     <span class='ocr_line' id='line_1_65' title="bbox 2154 1853 3695 1928; baseline -0.004 -17"><span class='ocrx_word' id='word_1_423' title='bbox 2154 1857 2330 1928; x_wconf 72' lang='grc' dir='ltr'><strong>ἀστὴρ</strong></span> <span class='ocrx_word' id='word_1_424' title='bbox 2369 1855 2696 1910; x_wconf 83' lang='grc' dir='ltr'><strong>κατοπτεύει</strong></span> <span class='ocrx_word' id='word_1_425' title='bbox 2732 1853 2794 1906; x_wconf 86' lang='grc' dir='ltr'><strong>τδ</strong></span> <span class='ocrx_word' id='word_1_426' title='bbox 2836 1854 3403 1923; x_wconf 66' lang='grc' dir='ltr'><strong>πλαστουργούμενον,</strong></span> <span class='ocrx_word' id='word_1_427' title='bbox 3447 1857 3695 1908; x_wconf 75' lang='grc' dir='ltr'><strong>κάκεῖθεν</strong></span> 
     </span>
    </p>
   </div>
   <div class='ocr_carea' id='block_1_66' title="bbox 2156 1945 3702 2023">
    <p class='ocr_par' dir='ltr' id='par_1_66' title="bbox 2156 1945 3702 2023">
     <span class='ocr_line' id='line_1_66' title="bbox 2156 1945 3702 2023; baseline -0.003 -23"><span class='ocrx_word' id='word_1_428' title='bbox 2156 1950 2352 2023; x_wconf 70' lang='grc' dir='ltr'><strong>ἀκτῖνα</strong></span> <span class='ocrx_word' id='word_1_429' title='bbox 2386 1945 2566 2016; x_wconf 81' lang='grc' dir='ltr'><strong>βάλλει</strong></span> <span class='ocrx_word' id='word_1_430' title='bbox 2593 1945 2669 2015; x_wconf 84' lang='grc' dir='ltr'><strong>τῷ</strong></span> <span class='ocrx_word' id='word_1_431' title='bbox 2692 1945 2978 2015; x_wconf 74' lang='grc' dir='ltr'><strong>ἐγκεφάλῳ</strong></span> <span class='ocrx_word' id='word_1_432' title='bbox 3008 1945 3103 1999; x_wconf 88' lang='grc' dir='ltr'><strong>τοῦ</strong></span> <span class='ocrx_word' id='word_1_433' title='bbox 3138 1945 3518 2016; x_wconf 80' lang='grc' dir='ltr'><strong>πηγνυμένου,</strong></span> <span class='ocrx_word' id='word_1_434' title='bbox 3538 1947 3702 2012; x_wconf 83' lang='grc' dir='ltr'><strong>καλῶς</strong></span> 
     </span>
    </p>
   </div>
   <div class='ocr_carea' id='block_1_67' title="bbox 2156 2039 3704 2112">
    <p class='ocr_par' dir='ltr' id='par_1_67' title="bbox 2156 2039 3704 2112">
     <span class='ocr_line' id='line_1_67' title="bbox 2156 2039 3704 2112; baseline 0 -17"><span class='ocrx_word' id='word_1_435' title='bbox 2156 2039 2365 2104; x_wconf 77' lang='grc' dir='ltr'><strong>ἕξουσιν</strong></span> <span class='ocrx_word' id='word_1_436' title='bbox 2430 2042 2486 2095; x_wconf 80' lang='grc' dir='ltr'><strong>αἱ</strong></span> <span class='ocrx_word' id='word_1_437' title='bbox 2544 2041 2868 2112; x_wconf 66' lang='grc' dir='ltr'><strong>ήγεμονικαὶ</strong></span> <span class='ocrx_word' id='word_1_438' title='bbox 2922 2042 3178 2111; x_wconf 86' lang='grc' dir='ltr'><strong>δυνάμεις</strong></span> <span class='ocrx_word' id='word_1_439' title='bbox 3223 2042 3301 2111; x_wconf 85' lang='grc' dir='ltr'><strong>τῷ</strong></span> <span class='ocrx_word' id='word_1_440' title='bbox 3359 2044 3704 2112; x_wconf 74' lang='grc' dir='ltr'><strong>πλαττομένῳ</strong></span> 
     </span>
    </p>
   </div>
   <div class='ocr_carea' id='block_1_68' title="bbox 2154 2131 3703 2203">
    <p class='ocr_par' dir='ltr' id='par_1_68' title="bbox 2154 2131 3703 2203">
     <span class='ocr_line' id='line_1_68' title="bbox 2154 2131 3703 2203; baseline -0.001 -18"><span class='ocrx_word' id='word_1_441' title='bbox 2154 2131 2455 2200; x_wconf 76' lang='grc' dir='ltr'><strong>τηνικαῦτα</strong></span> <span class='ocrx_word' id='word_1_442' title='bbox 2485 2131 2745 2201; x_wconf 74' lang='grc' dir='ltr'><strong>ἐμϐρύῳο</strong></span> <span class='ocrx_word' id='word_1_443' title='bbox 2791 2135 2838 2186; x_wconf 84' lang='grc' dir='ltr'><strong>εί</strong></span> <span class='ocrx_word' id='word_1_444' title='bbox 2883 2131 2941 2185; x_wconf 76' lang='grc' dir='ltr'><strong>δὲ</strong></span> <span class='ocrx_word' id='word_1_445' title='bbox 2975 2133 3314 2203; x_wconf 78' lang='grc' dir='ltr'><strong>κακούμενος</strong></span> <span class='ocrx_word' id='word_1_446' title='bbox 3359 2135 3703 2203; x_wconf 75' lang='grc' dir='ltr'><strong>ὁπωσδήποτε</strong></span> 
     </span>
    </p>
   </div>
   <div class='ocr_carea' id='block_1_69' title="bbox 2157 2219 3705 2292">
    <p class='ocr_par' dir='ltr' id='par_1_69' title="bbox 2157 2219 3705 2292">
     <span class='ocr_line' id='line_1_69' title="bbox 2157 2219 3705 2292; baseline -0.001 -17"><span class='ocrx_word' id='word_1_447' title='bbox 2157 2222 2295 2292; x_wconf 86' lang='grc' dir='ltr'><strong>τύχῃ</strong></span> <span class='ocrx_word' id='word_1_448' title='bbox 2331 2223 2358 2275; x_wconf 94' lang='lat'><strong>6</strong></span> <span class='ocrx_word' id='word_1_449' title='bbox 2399 2221 2639 2284; x_wconf 87' lang='grc' dir='ltr'><strong>τοιοῦτος</strong></span> <span class='ocrx_word' id='word_1_450' title='bbox 2692 2219 2891 2291; x_wconf 81' lang='grc' dir='ltr'><strong>ἀστὴρ,</strong></span> <span class='ocrx_word' id='word_1_451' title='bbox 2929 2221 3038 2274; x_wconf 82' lang='grc' dir='ltr'><strong>τῶν</strong></span> <span class='ocrx_word' id='word_1_452' title='bbox 3094 2221 3351 2274; x_wconf 74' lang='grc' dir='ltr'><strong>ἐναντίων</strong></span> <span class='ocrx_word' id='word_1_453' title='bbox 3392 2221 3549 2275; x_wconf 81' lang='grc' dir='ltr'><strong>ἔσται</strong></span> <span class='ocrx_word' id='word_1_454' title='bbox 3585 2224 3705 2276; x_wconf 83' lang='grc' dir='ltr'><strong>πάν-</strong></span> 
     </span>
    </p>
   </div>
   <div class='ocr_carea' id='block_1_70' title="bbox 2159 2312 3706 2386">
    <p class='ocr_par' dir='ltr' id='par_1_70' title="bbox 2159 2312 3706 2386">
     <span class='ocr_line' id='line_1_70' title="bbox 2159 2312 3706 2386; baseline 0 -17"><span class='ocrx_word' id='word_1_455' title='bbox 2159 2330 2263 2375; x_wconf 89' lang='grc' dir='ltr'><strong>τως</strong></span> <span class='ocrx_word' id='word_1_456' title='bbox 2306 2314 2608 2385; x_wconf 82' lang='grc' dir='ltr'><strong>ποιητικός.</strong></span> <span class='ocrx_word' id='word_1_457' title='bbox 2660 2313 2770 2366; x_wconf 73' lang='grc' dir='ltr'><strong>Καὶ</strong></span> <span class='ocrx_word' id='word_1_458' title='bbox 2813 2312 2956 2366; x_wconf 77' lang='grc' dir='ltr'><strong>οὕτω</strong></span> <span class='ocrx_word' id='word_1_459' title='bbox 3001 2313 3101 2382; x_wconf 81' lang='grc' dir='ltr'><strong>μὲν</strong></span> <span class='ocrx_word' id='word_1_460' title='bbox 3153 2315 3203 2367; x_wconf 86' lang='grc' dir='ltr'><strong>οί</strong></span> <span class='ocrx_word' id='word_1_461' title='bbox 3255 2317 3369 2379; x_wconf 74' lang='grc' dir='ltr'><strong>τοῖς</strong></span> <span class='ocrx_word' id='word_1_462' title='bbox 3420 2317 3706 2386; x_wconf 81' lang='grc' dir='ltr'><strong>μετεώροις</strong></span> 
     </span>
    </p>
   </div>
   <div class='ocr_carea' id='block_1_71' title="bbox 2162 2404 3705 2476">
    <p class='ocr_par' dir='ltr' id='par_1_71' title="bbox 2162 2404 3705 2476">
     <span class='ocr_line' id='line_1_71' title="bbox 2162 2404 3705 2476; baseline 0.002 -18"><span class='ocrx_word' id='word_1_463' title='bbox 2162 2405 2521 2476; x_wconf 81' lang='grc' dir='ltr'><strong>προσέχοντες</strong></span> <span class='ocrx_word' id='word_1_464' title='bbox 2569 2406 2663 2458; x_wconf 75' lang='grc' dir='ltr'><strong>καὶ</strong></span> <span class='ocrx_word' id='word_1_465' title='bbox 2702 2405 2958 2474; x_wconf 83' lang='grc' dir='ltr'><strong>φρονοῦσι</strong></span> <span class='ocrx_word' id='word_1_466' title='bbox 2986 2404 3118 2474; x_wconf 79' lang='grc' dir='ltr'><strong>περὶ</strong></span> <span class='ocrx_word' id='word_1_467' title='bbox 3168 2405 3375 2460; x_wconf 86' lang='grc' dir='ltr'><strong>τούτων</strong></span> <span class='ocrx_word' id='word_1_468' title='bbox 3412 2407 3513 2460; x_wconf 76' lang='grc' dir='ltr'><strong>καὶ</strong></span> <span class='ocrx_word' id='word_1_469' title='bbox 3533 2406 3705 2475; x_wconf 83' lang='grc' dir='ltr'><strong>λέγου-</strong></span> 
     </span>
    </p>
   </div>
   <div class='ocr_carea' id='block_1_72' title="bbox 2161 2480 3705 2573">
    <p class='ocr_par' dir='ltr' id='par_1_72' title="bbox 2161 2480 3705 2573">
     <span class='ocr_line' id='line_1_72' title="bbox 2161 2480 3705 2573; baseline 0.004 -23"><span class='ocrx_word' id='word_1_470' title='bbox 2161 2515 2247 2551; x_wconf 88' lang='grc' dir='ltr'><strong>σιν</strong></span> <span class='ocrx_word' id='word_1_471' title='bbox 2282 2499 2416 2570; x_wconf 65' lang='grc'><strong>(24).</strong></span> <span class='ocrx_word' id='word_1_472' title='bbox 2451 2499 2521 2551; x_wconf 82' lang='grc' dir='ltr'><strong>Σὺ</strong></span> <span class='ocrx_word' id='word_1_473' title='bbox 2551 2498 2630 2564; x_wconf 85' lang='grc' dir='ltr'><strong>δὲ,</strong></span> <span class='ocrx_word' id='word_1_474' title='bbox 2669 2497 2937 2568; x_wconf 78' lang='grc' dir='ltr'><strong>ἀγαπητέ,</strong></span> <span class='ocrx_word' id='word_1_475' title='bbox 3000 2498 3075 2567; x_wconf 86' lang='grc' dir='ltr'><strong>μὴ</strong></span> <span class='ocrx_word' id='word_1_476' title='bbox 3107 2497 3313 2573; x_wconf 36' lang='grc' dir='ltr'><strong>οὕτως,</strong></span> <span class='ocrx_word' id='word_1_477' title='bbox 3346 2498 3487 2553; x_wconf 79' lang='grc' dir='ltr'><strong>ἀλλὰ</strong></span> <span class='ocrx_word' id='word_1_478' title='bbox 3519 2480 3705 2570; x_wconf 56' lang='grc' dir='ltr'><strong>μοχθηέ</strong></span> 
     </span>
    </p>
   </div>
   <div class='ocr_carea' id='block_1_73' title="bbox 2163 2588 3707 2659">
    <p class='ocr_par' dir='ltr' id='par_1_73' title="bbox 2163 2588 3707 2659">
     <span class='ocr_line' id='line_1_73' title="bbox 2163 2588 3707 2659; baseline 0.001 -18"><span class='ocrx_word' id='word_1_479' title='bbox 2163 2591 2277 2659; x_wconf 84' lang='grc' dir='ltr'><strong>ροῖς</strong></span> <span class='ocrx_word' id='word_1_480' title='bbox 2318 2605 2428 2641; x_wconf 81' lang='grc' dir='ltr'><strong>τισι</strong></span> <span class='ocrx_word' id='word_1_481' title='bbox 2492 2591 2688 2659; x_wconf 78' lang='grc' dir='ltr'><strong>χυμοῖς</strong></span> <span class='ocrx_word' id='word_1_482' title='bbox 2750 2588 3214 2659; x_wconf 79' lang='grc' dir='ltr'><strong>κατακρατεῖσθαι</strong></span> <span class='ocrx_word' id='word_1_483' title='bbox 3280 2588 3374 2643; x_wconf 82' lang='grc' dir='ltr'><strong>τὸν</strong></span> <span class='ocrx_word' id='word_1_484' title='bbox 3418 2590 3707 2659; x_wconf 80' lang='grc' dir='ltr'><strong>ἐγκέφαλον</strong></span> 
     </span>
    </p>
   </div>
   <div class='ocr_carea' id='block_1_74' title="bbox 2161 2680 3706 2753">
    <p class='ocr_par' dir='ltr' id='par_1_74' title="bbox 2161 2680 3706 2753">
     <span class='ocr_line' id='line_1_74' title="bbox 2161 2680 3706 2753; baseline 0 -20"><span class='ocrx_word' id='word_1_485' title='bbox 2161 2683 2406 2749; x_wconf 80' lang='grc' dir='ltr'><strong>πίστευε,</strong></span> <span class='ocrx_word' id='word_1_486' title='bbox 2461 2682 2619 2750; x_wconf 82' lang='grc' dir='ltr'><strong>ἡνίκα</strong></span> <span class='ocrx_word' id='word_1_487' title='bbox 2677 2680 2734 2733; x_wconf 71' lang='grc' dir='ltr'><strong>δὲ</strong></span> <span class='ocrx_word' id='word_1_488' title='bbox 2771 2680 2937 2751; x_wconf 82' lang='grc' dir='ltr'><strong>θεάσῃ</strong></span> <span class='ocrx_word' id='word_1_489' title='bbox 2991 2681 3110 2734; x_wconf 77' lang='grc' dir='ltr'><strong>τινά</strong></span> <span class='ocrx_word' id='word_1_490' title='bbox 3169 2684 3465 2752; x_wconf 77' lang='grc' dir='ltr'><strong>παρακοπῇ</strong></span> <span class='ocrx_word' id='word_1_491' title='bbox 3508 2683 3706 2753; x_wconf 80' lang='grc' dir='ltr'><strong>φρενῶν</strong></span> 
     </span>
    </p>
   </div>
   <div class='ocr_carea' id='block_1_75' title="bbox 2164 2771 3706 2842">
    <p class='ocr_par' dir='ltr' id='par_1_75' title="bbox 2164 2771 3706 2842">
     <span class='ocr_line' id='line_1_75' title="bbox 2164 2771 3706 2842; baseline 0.001 -18"><span class='ocrx_word' id='word_1_492' title='bbox 2164 2773 2541 2842; x_wconf 61' lang='grc' dir='ltr'><strong>συνεχόμενον</strong></span> <span class='ocrx_word' id='word_1_493' title='bbox 2603 2775 2629 2825; x_wconf 87' lang='grc' dir='ltr'>ὁ</span> <span class='ocrx_word' id='word_1_494' title='bbox 2656 2773 2782 2841; x_wconf 80' lang='grc' dir='ltr'><strong>,γὰρ</strong></span> <span class='ocrx_word' id='word_1_495' title='bbox 2820 2772 3122 2840; x_wconf 83' lang='grc' dir='ltr'><strong>ἐγκέφαλος</strong></span> <span class='ocrx_word' id='word_1_496' title='bbox 3167 2771 3402 2842; x_wconf 77' lang='grc' dir='ltr'><strong>ὄργανόν</strong></span> <span class='ocrx_word' id='word_1_497' title='bbox 3455 2774 3571 2827; x_wconf 83' lang='grc' dir='ltr'><strong>ἐστι</strong></span> <span class='ocrx_word' id='word_1_498' title='bbox 3622 2772 3706 2827; x_wconf 83' lang='grc' dir='ltr'><strong>τοῦ</strong></span> 
     </span>
    </p>
   </div>
   <div class='ocr_carea' id='block_1_76' title="bbox 2124 2864 3706 2945">
    <p class='ocr_par' dir='ltr' id='par_1_76' title="bbox 2124 2864 3706 2945">
     <span class='ocr_line' id='line_1_76' title="bbox 2124 2864 3706 2945; baseline 0 -27"><span class='ocrx_word' id='word_1_499' title='bbox 2124 2866 2516 2937; x_wconf 73' lang='grc' dir='ltr'><strong>ενοόςοταύτῃ</strong></span> <span class='ocrx_word' id='word_1_500' title='bbox 2562 2882 2643 2945; x_wconf 71' lang='grc' dir='ltr'><strong>τοι</strong></span> <span class='ocrx_word' id='word_1_501' title='bbox 2684 2864 2776 2917; x_wconf 78' lang='grc' dir='ltr'><strong>καὶ</strong></span> <span class='ocrx_word' id='word_1_502' title='bbox 2836 2865 2977 2918; x_wconf 83' lang='grc' dir='ltr'><strong>κατὰ</strong></span> <span class='ocrx_word' id='word_1_503' title='bbox 3036 2864 3135 2935; x_wconf 84' lang='grc' dir='ltr'><strong>τὴν</strong></span> <span class='ocrx_word' id='word_1_504' title='bbox 3181 2864 3415 2934; x_wconf 79' lang='grc' dir='ltr'><strong>ὀργάνου</strong></span> <span class='ocrx_word' id='word_1_505' title='bbox 3480 2864 3706 2919; x_wconf 83' lang='grc' dir='ltr'><strong>διάθεσιν</strong></span> 
     </span>
    </p>
   </div>
   <div class='ocr_carea' id='block_1_77' title="bbox 2162 2955 3706 3028">
    <p class='ocr_par' dir='ltr' id='par_1_77' title="bbox 2162 2955 3706 3028">
     <span class='ocr_line' id='line_1_77' title="bbox 2162 2955 3706 3028; baseline 0.003 -21"><span class='ocrx_word' id='word_1_506' title='bbox 2162 2955 2258 3009; x_wconf 82' lang='grc' dir='ltr'><strong>καὶ</strong></span> <span class='ocrx_word' id='word_1_507' title='bbox 2289 2957 2317 3008; x_wconf 93' lang='lat'><strong>6</strong></span> <span class='ocrx_word' id='word_1_508' title='bbox 2348 2956 2593 3025; x_wconf 83' lang='grc' dir='ltr'><strong>τεχνίτης</strong></span> <span class='ocrx_word' id='word_1_509' title='bbox 2613 2956 2773 3008; x_wconf 78' lang='grc' dir='ltr'><strong>εἴωθε</strong></span> <span class='ocrx_word' id='word_1_510' title='bbox 2808 2956 2931 3019; x_wconf 83' lang='grc' dir='ltr'><strong>νοῦς</strong></span> <span class='ocrx_word' id='word_1_511' title='bbox 2958 2957 3223 3024; x_wconf 80' lang='grc' dir='ltr'><strong>ἐνεργεῖν.</strong></span> <span class='ocrx_word' id='word_1_512' title='bbox 3266 2957 3389 3010; x_wconf 77' lang='grc' dir='ltr'><strong>Ἐπὶ</strong></span> <span class='ocrx_word' id='word_1_513' title='bbox 3415 2957 3530 3028; x_wconf 81' lang='grc' dir='ltr'><strong>γάρ</strong></span> <span class='ocrx_word' id='word_1_514' title='bbox 3550 2957 3706 3026; x_wconf 74' lang='grc' dir='ltr'><strong>τούτῳ</strong></span> 
     </span>
    </p>
   </div>
   <div class='ocr_carea' id='block_1_78' title="bbox 2076 3046 3707 3118">
    <p class='ocr_par' dir='ltr' id='par_1_78' title="bbox 2076 3046 3707 3118">
     <span class='ocr_line' id='line_1_78' title="bbox 2076 3046 3707 3118; baseline 0.001 -18"><span class='ocrx_word' id='word_1_515' title='bbox 2076 3054 2122 3112; x_wconf 67' lang='grc' dir='ltr'>Ε</span> <span class='ocrx_word' id='word_1_516' title='bbox 2155 3047 2250 3100; x_wconf 77' lang='grc' dir='ltr'><strong>καὶ</strong></span> <span class='ocrx_word' id='word_1_517' title='bbox 2291 3046 2521 3117; x_wconf 74' lang='grc' dir='ltr'><strong>βοτάναις</strong></span> <span class='ocrx_word' id='word_1_518' title='bbox 2553 3048 2927 3110; x_wconf 85' lang='grc' dir='ltr'><strong>άκεσωδύνους</strong></span> <span class='ocrx_word' id='word_1_519' title='bbox 2958 3047 3290 3118; x_wconf 75' lang='grc' dir='ltr'><strong>παρήγαγεν</strong></span> <span class='ocrx_word' id='word_1_520' title='bbox 3339 3050 3365 3101; x_wconf 88' lang='lat'><strong>6</strong></span> <span class='ocrx_word' id='word_1_521' title='bbox 3431 3047 3587 3116; x_wconf 75' lang='grc' dir='ltr'><strong>Θεὸς,</strong></span> <span class='ocrx_word' id='word_1_522' title='bbox 3623 3050 3707 3101; x_wconf 77' lang='grc' dir='ltr'><strong>καὶ</strong></span> 
     </span>
    </p>
   </div>
   <div class='ocr_carea' id='block_1_79' title="bbox 2160 3139 3708 3211">
    <p class='ocr_par' dir='ltr' id='par_1_79' title="bbox 2160 3139 3708 3211">
     <span class='ocr_line' id='line_1_79' title="bbox 2160 3139 3708 3211; baseline -0.001 -17"><span class='ocrx_word' id='word_1_523' title='bbox 2160 3140 2350 3209; x_wconf 68' lang='grc' dir='ltr'><strong>σοφίας</strong></span> <span class='ocrx_word' id='word_1_524' title='bbox 2392 3142 2642 3210; x_wconf 78' lang='grc' dir='ltr'><strong>ἰατρικῆς</strong></span> <span class='ocrx_word' id='word_1_525' title='bbox 2704 3142 2830 3204; x_wconf 86' lang='grc' dir='ltr'><strong>τοὺς</strong></span> <span class='ocrx_word' id='word_1_526' title='bbox 2881 3139 3208 3209; x_wconf 66' lang='grc' dir='ltr'><strong>ἀνθρώπους</strong></span> <span class='ocrx_word' id='word_1_527' title='bbox 3258 3140 3561 3211; x_wconf 73' lang='grc' dir='ltr'><strong>ἐνέπλησεν</strong></span> <span class='ocrx_word' id='word_1_528' title='bbox 3588 3159 3601 3171; x_wconf 90' lang='grc'><strong>·</strong></span> <span class='ocrx_word' id='word_1_529' title='bbox 3629 3144 3708 3195; x_wconf 82' lang='grc' dir='ltr'><strong>ἐν·</strong></span> 
     </span>
    </p>
   </div>
   <div class='ocr_carea' id='block_1_80' title="bbox 2157 3232 3707 3304">
    <p class='ocr_par' dir='ltr' id='par_1_80' title="bbox 2157 3232 3707 3304">
     <span class='ocr_line' id='line_1_80' title="bbox 2157 3232 3707 3304; baseline -0.002 -17"><span class='ocrx_word' id='word_1_530' title='bbox 2157 3233 2348 3287; x_wconf 87' lang='grc' dir='ltr'><strong>τεῦθεν</strong></span> <span class='ocrx_word' id='word_1_531' title='bbox 2379 3234 2487 3304; x_wconf 85' lang='grc' dir='ltr'><strong>γὰρ</strong></span> <span class='ocrx_word' id='word_1_532' title='bbox 2516 3235 2611 3288; x_wconf 79' lang='grc' dir='ltr'><strong>καὶ</strong></span> <span class='ocrx_word' id='word_1_533' title='bbox 2640 3235 2884 3304; x_wconf 83' lang='grc' dir='ltr'><strong>κεφαλὴν</strong></span> <span class='ocrx_word' id='word_1_534' title='bbox 2914 3232 3325 3304; x_wconf 79' lang='grc' dir='ltr'><strong>καθαιρομένην</strong></span> <span class='ocrx_word' id='word_1_535' title='bbox 3366 3234 3453 3304; x_wconf 74' lang='grc' dir='ltr'><strong>ἴδῃ</strong></span> <span class='ocrx_word' id='word_1_536' title='bbox 3483 3251 3591 3296; x_wconf 87' lang='grc' dir='ltr'><strong>τις,</strong></span> <span class='ocrx_word' id='word_1_537' title='bbox 3624 3235 3707 3286; x_wconf 82' lang='grc' dir='ltr'><strong>καὶ</strong></span> 
     </span>
    </p>
   </div>
   <div class='ocr_carea' id='block_1_81' title="bbox 2159 3321 3709 3393">
    <p class='ocr_par' dir='ltr' id='par_1_81' title="bbox 2159 3321 3709 3393">
     <span class='ocr_line' id='line_1_81' title="bbox 2159 3321 3709 3393; baseline -0.001 -19"><span class='ocrx_word' id='word_1_538' title='bbox 2159 3322 2308 3393; x_wconf 78' lang='grc' dir='ltr'><strong>πάθη</strong></span> <span class='ocrx_word' id='word_1_539' title='bbox 2344 3323 2482 3376; x_wconf 79' lang='grc' dir='ltr'><strong>ἄλλα</strong></span> <span class='ocrx_word' id='word_1_540' title='bbox 2522 3322 2645 3375; x_wconf 77' lang='grc' dir='ltr'><strong>τινὰ</strong></span> <span class='ocrx_word' id='word_1_541' title='bbox 2695 3323 2990 3391; x_wconf 81' lang='grc' dir='ltr'><strong>θεραπείας</strong></span> <span class='ocrx_word' id='word_1_542' title='bbox 3046 3321 3344 3390; x_wconf 77' lang='grc' dir='ltr'><strong>ἀξιούμενα</strong></span> <span class='ocrx_word' id='word_1_543' title='bbox 3404 3323 3709 3392; x_wconf 81' lang='grc' dir='ltr'><strong>φαρμάκων</strong></span> 
     </span>
    </p>
   </div>
   <div class='ocr_carea' id='block_1_82' title="bbox 2157 3410 3709 3485">
    <p class='ocr_par' dir='ltr' id='par_1_82' title="bbox 2157 3410 3709 3485">
     <span class='ocr_line' id='line_1_82' title="bbox 2157 3410 3709 3485; baseline -0.001 -18"><span class='ocrx_word' id='word_1_544' title='bbox 2157 3415 2514 3484; x_wconf 83' lang='grc' dir='ltr'><strong>καταλλήλων</strong></span> <span class='ocrx_word' id='word_1_545' title='bbox 2553 3416 2889 3483; x_wconf 76' lang='grc' dir='ltr'><strong>ἐπαγωγαῖς.</strong></span> <span class='ocrx_word' id='word_1_546' title='bbox 2931 3414 3023 3481; x_wconf 82' lang='grc' dir='ltr'><strong>Μὴ</strong></span> <span class='ocrx_word' id='word_1_547' title='bbox 3080 3410 3174 3467; x_wconf 68' lang='grc' dir='ltr'><strong>οὖν</strong></span> <span class='ocrx_word' id='word_1_548' title='bbox 3209 3414 3559 3484; x_wconf 76' lang='grc' dir='ltr'><strong>συναρπάζου</strong></span> <span class='ocrx_word' id='word_1_549' title='bbox 3608 3416 3709 3485; x_wconf 64' lang='lat' dir='ltr'><strong>toi;</strong></span> 
     </span>
    </p>
   </div>
   <div class='ocr_carea' id='block_1_83' title="bbox 2157 3505 3709 3576">
    <p class='ocr_par' dir='ltr' id='par_1_83' title="bbox 2157 3505 3709 3576">
     <span class='ocr_line' id='line_1_83' title="bbox 2157 3505 3709 3576; baseline 0.001 -18"><span class='ocrx_word' id='word_1_550' title='bbox 2157 3506 2336 3575; x_wconf 84' lang='grc' dir='ltr'><strong>λόγοις</strong></span> <span class='ocrx_word' id='word_1_551' title='bbox 2387 3506 2589 3570; x_wconf 77' lang='grc' dir='ltr'><strong>αὐτῶν,</strong></span> <span class='ocrx_word' id='word_1_552' title='bbox 2623 3506 2704 3559; x_wconf 83' lang='grc' dir='ltr'><strong>ὃτι</strong></span> <span class='ocrx_word' id='word_1_553' title='bbox 2737 3508 2872 3576; x_wconf 85' lang='grc' dir='ltr'><strong>μηδέ</strong></span> <span class='ocrx_word' id='word_1_554' title='bbox 2903 3505 3025 3560; x_wconf 80' lang='grc' dir='ltr'><strong>καθ’</strong></span> <span class='ocrx_word' id='word_1_555' title='bbox 3062 3506 3428 3576; x_wconf 75' lang='grc' dir='ltr'><strong>εἱμαρμένην,</strong></span> <span class='ocrx_word' id='word_1_556' title='bbox 3462 3508 3541 3569; x_wconf 84' lang='grc' dir='ltr'><strong>ὡς</strong></span> <span class='ocrx_word' id='word_1_557' title='bbox 3566 3507 3709 3576; x_wconf 74' lang='grc' dir='ltr'><strong>εἴρη-</strong></span> 
     </span>
    </p>
   </div>
   <div class='ocr_carea' id='block_1_84' title="bbox 2157 3596 3709 3669">
    <p class='ocr_par' dir='ltr' id='par_1_84' title="bbox 2157 3596 3709 3669">
     <span class='ocr_line' id='line_1_84' title="bbox 2157 3596 3709 3669; baseline -0.003 -16"><span class='ocrx_word' id='word_1_558' title='bbox 2157 3617 2268 3665; x_wconf 89' lang='grc' dir='ltr'><strong>ται,</strong></span> <span class='ocrx_word' id='word_1_559' title='bbox 2298 3600 2367 3652; x_wconf 85' lang='grc' dir='ltr'><strong>τὰ</strong></span> <span class='ocrx_word' id='word_1_560' title='bbox 2399 3599 2546 3668; x_wconf 86' lang='grc' dir='ltr'><strong>πάθη</strong></span> <span class='ocrx_word' id='word_1_561' title='bbox 2601 3602 2714 3662; x_wconf 82' lang='grc' dir='ltr'><strong>τοῖς</strong></span> <span class='ocrx_word' id='word_1_562' title='bbox 2751 3599 3061 3668; x_wconf 81' lang='grc' dir='ltr'><strong>ἀνθρώποις</strong></span> <span class='ocrx_word' id='word_1_563' title='bbox 3115 3598 3504 3669; x_wconf 80' lang='grc' dir='ltr'><strong>ἐμπίπτουσιν.</strong></span> <span class='ocrx_word' id='word_1_564' title='bbox 3557 3598 3621 3651; x_wconf 83' lang='grc' dir='ltr'><strong>Τί</strong></span> <span class='ocrx_word' id='word_1_565' title='bbox 3661 3596 3709 3648; x_wconf 82' lang='grc' dir='ltr'><strong>δὲ</strong></span> 
     </span>
    </p>
   </div>
   <div class='ocr_carea' id='block_1_85' title="bbox 2158 3673 3733 3758">
    <p class='ocr_par' dir='ltr' id='par_1_85' title="bbox 2158 3673 3733 3758">
     <span class='ocr_line' id='line_1_85' title="bbox 2158 3673 3733 3758; baseline -0.004 -16"><span class='ocrx_word' id='word_1_566' title='bbox 2158 3690 2218 3742; x_wconf 77' lang='grc' dir='ltr'><strong>τὸ</strong></span> <span class='ocrx_word' id='word_1_567' title='bbox 2246 3689 2345 3758; x_wconf 72' lang='grc' dir='ltr'><strong>τῆς</strong></span> <span class='ocrx_word' id='word_1_568' title='bbox 2373 3689 2711 3758; x_wconf 80' lang='grc' dir='ltr'><strong>εἱμαρμένης</strong></span> <span class='ocrx_word' id='word_1_569' title='bbox 2742 3689 2860 3740; x_wconf 76' lang='grc' dir='ltr'><strong>ἐστὶ</strong></span> <span class='ocrx_word' id='word_1_570' title='bbox 2896 3691 3298 3758; x_wconf 85' lang='grc' dir='ltr'><strong>σημαινόμενον</strong></span> <span class='ocrx_word' id='word_1_571' title='bbox 3327 3707 3342 3754; x_wconf 89' lang='lat'><strong>;</strong></span> <span class='ocrx_word' id='word_1_572' title='bbox 3378 3688 3468 3749; x_wconf 69' lang='grc' dir='ltr'><strong>Ὠς</strong></span> <span class='ocrx_word' id='word_1_573' title='bbox 3517 3673 3733 3740; x_wconf 50' lang='grc' dir='ltr'><strong>ἐκεῖνοί</strong></span> 
     </span>
    </p>
   </div>
   <div class='ocr_carea' id='block_1_86' title="bbox 2158 3780 3710 3851">
    <p class='ocr_par' dir='ltr' id='par_1_86' title="bbox 2158 3780 3710 3851">
     <span class='ocr_line' id='line_1_86' title="bbox 2158 3780 3710 3851; baseline -0.001 -18"><span class='ocrx_word' id='word_1_574' title='bbox 2158 3784 2342 3849; x_wconf 66' lang='grc' dir='ltr'><strong>φασιν,</strong></span> <span class='ocrx_word' id='word_1_575' title='bbox 2377 3783 2407 3850; x_wconf 78' lang='grc' dir='ltr'>ἡ</span> <span class='ocrx_word' id='word_1_576' title='bbox 2446 3781 2551 3833; x_wconf 83' lang='grc' dir='ltr'><strong>ἀπὸ</strong></span> <span class='ocrx_word' id='word_1_577' title='bbox 2607 3782 2705 3849; x_wconf 78' lang='grc' dir='ltr'><strong>τῆς</strong></span> <span class='ocrx_word' id='word_1_578' title='bbox 2741 3780 2865 3833; x_wconf 85' lang='grc' dir='ltr'><strong>καθ’</strong></span> <span class='ocrx_word' id='word_1_579' title='bbox 2898 3783 3090 3851; x_wconf 77' lang='grc' dir='ltr'><strong>εἱρμὸν</strong></span> <span class='ocrx_word' id='word_1_580' title='bbox 3156 3780 3265 3834; x_wconf 85' lang='grc' dir='ltr'><strong>τῶν</strong></span> <span class='ocrx_word' id='word_1_581' title='bbox 3318 3780 3588 3851; x_wconf 77' lang='grc' dir='ltr'><strong>οὐρανίων</strong></span> <span class='ocrx_word' id='word_1_582' title='bbox 3621 3796 3710 3831; x_wconf 87' lang='grc' dir='ltr'><strong>σω-</strong></span> 
     </span>
    </p>
   </div>
   <div class='ocr_carea' id='block_1_87' title="bbox 2161 3872 3711 3945">
    <p class='ocr_par' dir='ltr' id='par_1_87' title="bbox 2161 3872 3711 3945">
     <span class='ocr_line' id='line_1_87' title="bbox 2161 3872 3711 3945; baseline -0.002 -19"><span class='ocrx_word' id='word_1_583' title='bbox 2161 3873 2350 3941; x_wconf 74' lang='grc' dir='ltr'><strong>μάῖων</strong></span> <span class='ocrx_word' id='word_1_584' title='bbox 2389 3873 2654 3941; x_wconf 82' lang='grc' dir='ltr'><strong>κινήσεως</strong></span> <span class='ocrx_word' id='word_1_585' title='bbox 2680 3873 3034 3941; x_wconf 79' lang='grc' dir='ltr'><strong>ἀπαράϐατος</strong></span> <span class='ocrx_word' id='word_1_586' title='bbox 3090 3872 3342 3937; x_wconf 74' lang='grc' dir='ltr'><strong>ἔκϐασις,</strong></span> <span class='ocrx_word' id='word_1_587' title='bbox 3400 3874 3468 3944; x_wconf 80' lang='grc' dir='ltr'><strong>ἢν</strong></span> <span class='ocrx_word' id='word_1_588' title='bbox 3502 3873 3566 3945; x_wconf 77' lang='grc' dir='ltr'>δὴ</span> <span class='ocrx_word' id='word_1_589' title='bbox 3625 3873 3711 3925; x_wconf 68' lang='grc' dir='ltr'><strong>καὶ</strong></span> 
     </span>
    </p>
   </div>
   <div class='ocr_carea' id='block_1_88' title="bbox 2159 3964 3711 4036">
    <p class='ocr_par' dir='ltr' id='par_1_88' title="bbox 2159 3964 3711 4036">
     <span class='ocr_line' id='line_1_88' title="bbox 2159 3964 3711 4036; baseline -0.003 -17"><span class='ocrx_word' id='word_1_590' title='bbox 2159 3966 2376 4035; x_wconf 82' lang='grc' dir='ltr'><strong>πάντων</strong></span> <span class='ocrx_word' id='word_1_591' title='bbox 2405 3966 2432 4016; x_wconf 90' lang='lat'><strong>6</strong></span> <span class='ocrx_word' id='word_1_592' title='bbox 2454 3965 2562 4017; x_wconf 82' lang='grc' dir='ltr'><strong>τῶν</strong></span> <span class='ocrx_word' id='word_1_593' title='bbox 2596 3964 2766 4032; x_wconf 84' lang='grc' dir='ltr'><strong>ἁγίων</strong></span> <span class='ocrx_word' id='word_1_594' title='bbox 2812 3965 2973 4035; x_wconf 80' lang='grc' dir='ltr'><strong>χορὸς</strong></span> <span class='ocrx_word' id='word_1_595' title='bbox 3008 3965 3199 4034; x_wconf 78' lang='grc' dir='ltr'><strong>πόρῤω</strong></span> <span class='ocrx_word' id='word_1_596' title='bbox 3248 3983 3352 4019; x_wconf 87' lang='grc' dir='ltr'><strong>που</strong></span> <span class='ocrx_word' id='word_1_597' title='bbox 3387 3967 3574 4036; x_wconf 80' lang='grc' dir='ltr'><strong>ῥίπτει</strong></span> <span class='ocrx_word' id='word_1_598' title='bbox 3627 3967 3711 4019; x_wconf 77' lang='grc' dir='ltr'><strong>καὶ</strong></span> 
     </span>
    </p>
   </div>
   <div class='ocr_carea' id='block_1_89' title="bbox 2157 4047 3708 4128">
    <p class='ocr_par' dir='ltr' id='par_1_89' title="bbox 2157 4047 3708 4128">
     <span class='ocr_line' id='line_1_89' title="bbox 2157 4047 3708 4128; baseline 0 -17"><span class='ocrx_word' id='word_1_599' title='bbox 2157 4047 2568 4128; x_wconf 70' lang='grc' dir='ltr'><strong>ἀποπέμπεται.</strong></span> <span class='ocrx_word' id='word_1_600' title='bbox 2595 4058 2752 4120; x_wconf 69' lang='grc' dir='ltr'><strong>Τίνος</strong></span> <span class='ocrx_word' id='word_1_601' title='bbox 2782 4058 3002 4122; x_wconf 76' lang='grc' dir='ltr'><strong>ἕνεκενς</strong></span> <span class='ocrx_word' id='word_1_602' title='bbox 3036 4057 3159 4111; x_wconf 75' lang='grc' dir='ltr'><strong>Ὀτι</strong></span> <span class='ocrx_word' id='word_1_603' title='bbox 3187 4057 3321 4111; x_wconf 81' lang='grc' dir='ltr'><strong>πολὺ</strong></span> <span class='ocrx_word' id='word_1_604' title='bbox 3347 4057 3447 4128; x_wconf 79' lang='grc' dir='ltr'><strong>μὲν</strong></span> <span class='ocrx_word' id='word_1_605' title='bbox 3466 4060 3528 4111; x_wconf 84' lang='grc' dir='ltr'><strong>τὸ</strong></span> <span class='ocrx_word' id='word_1_606' title='bbox 3555 4059 3708 4127; x_wconf 81' lang='grc' dir='ltr'>ἀνόη-</span> 
     </span>
    </p>
   </div>
   <div class='ocr_carea' id='block_1_90' title="bbox 2154 4147 3708 4221">
    <p class='ocr_par' dir='ltr' id='par_1_90' title="bbox 2154 4147 3708 4221">
     <span class='ocr_line' id='line_1_90' title="bbox 2154 4147 3708 4221; baseline 0.001 -19"><span class='ocrx_word' id='word_1_607' title='bbox 2154 4165 2247 4202; x_wconf 90' lang='grc' dir='ltr'><strong>τον</strong></span> <span class='ocrx_word' id='word_1_608' title='bbox 2286 4152 2577 4218; x_wconf 77' lang='grc' dir='ltr'><strong>κέκτηται,</strong></span> <span class='ocrx_word' id='word_1_609' title='bbox 2614 4147 3020 4203; x_wconf 79' lang='grc' dir='ltr'><strong>πολλαπλάσιον</strong></span> <span class='ocrx_word' id='word_1_610' title='bbox 3057 4148 3112 4202; x_wconf 81' lang='grc' dir='ltr'><strong>δὲ</strong></span> <span class='ocrx_word' id='word_1_611' title='bbox 3143 4147 3203 4202; x_wconf 78' lang='grc' dir='ltr'><strong>τὸ</strong></span> <span class='ocrx_word' id='word_1_612' title='bbox 3228 4148 3446 4214; x_wconf 75' lang='grc' dir='ltr'><strong>άσεῦὲς,</strong></span> <span class='ocrx_word' id='word_1_613' title='bbox 3474 4149 3549 4213; x_wconf 73' lang='grc' dir='ltr'><strong>ὠ,</strong></span> <span class='ocrx_word' id='word_1_614' title='bbox 3580 4152 3607 4203; x_wconf 87' lang='grc' dir='ltr'>ὁ</span> <span class='ocrx_word' id='word_1_615' title='bbox 3625 4152 3708 4221; x_wconf 65' lang='grc' dir='ltr'><strong>μέυ</strong></span> 
     </span>
    </p>
   </div>
   <div class='ocr_carea' id='block_1_91' title="bbox 2156 4236 2750 4306">
    <p class='ocr_par' dir='ltr' id='par_1_91' title="bbox 2156 4236 2750 4306">
     <span class='ocr_line' id='line_1_91' title="bbox 2156 4236 2750 4306; baseline 0.002 -16"><span class='ocrx_word' id='word_1_616' title='bbox 2156 4255 2254 4306; x_wconf 83' lang='grc' dir='ltr'><strong>γας</strong></span> <span class='ocrx_word' id='word_1_617' title='bbox 2286 4236 2419 4306; x_wconf 76' lang='grc' dir='ltr'><strong>φησὶ</strong></span> <span class='ocrx_word' id='word_1_618' title='bbox 2453 4237 2750 4299; x_wconf 84' lang='grc' dir='ltr'><strong>Βασίλειος.</strong></span> 
     </span>
    </p>
   </div>
   <div class='ocr_carea' id='block_1_92' title="bbox 554 4410 2050 4493">
    <p class='ocr_par' dir='ltr' id='par_1_92' title="bbox 554 4420 2050 4493">
     <span class='ocr_line' id='line_1_92' title="bbox 554 4420 2050 4493; baseline 0.003 -18"><span class='ocrx_word' id='word_1_619' title='bbox 554 4422 881 4478; x_wconf 74' lang='lat' dir='ltr'><strong>Naturaliter</strong></span> <span class='ocrx_word' id='word_1_620' title='bbox 911 4422 1150 4491; x_wconf 86' lang='lat' dir='ltr'><strong>quidem,</strong></span> <span class='ocrx_word' id='word_1_621' title='bbox 1188 4436 1287 4476; x_wconf 85' lang='lat' dir='ltr'><strong>ceu</strong></span> <span class='ocrx_word' id='word_1_622' title='bbox 1320 4422 1577 4487; x_wconf 79' lang='lat' dir='ltr'><strong>diximus,</strong></span> <span class='ocrx_word' id='word_1_623' title='bbox 1628 4420 1913 4493; x_wconf 79' lang='lat' dir='ltr'><strong>gubernari</strong></span> <span class='ocrx_word' id='word_1_624' title='bbox 1961 4438 2050 4480; x_wconf 79' lang='lat' dir='ltr'><strong>re—</strong></span> 
     </span>
    </p>
   </div>
   <div class='ocr_carea' id='block_1_93' title="bbox 2154 4410 3711 4493">
    <p class='ocr_par' dir='ltr' id='par_1_93' title="bbox 2225 4415 3711 4489">
     <span class='ocr_line' id='line_1_93' title="bbox 2225 4415 3711 4489; baseline -0.003 -15"><span class='ocrx_word' id='word_1_625' title='bbox 2225 4419 2474 4483; x_wconf 85' lang='grc' dir='ltr'><strong>Φυσικῶς</strong></span> <span class='ocrx_word' id='word_1_626' title='bbox 2499 4419 2598 4489; x_wconf 87' lang='grc' dir='ltr'><strong>μὲν</strong></span> <span class='ocrx_word' id='word_1_627' title='bbox 2633 4415 2747 4483; x_wconf 81' lang='grc' dir='ltr'><strong>οὖν,</strong></span> <span class='ocrx_word' id='word_1_628' title='bbox 2774 4418 2848 4479; x_wconf 82' lang='grc' dir='ltr'><strong>ὡς</strong></span> <span class='ocrx_word' id='word_1_629' title='bbox 2871 4417 3214 4488; x_wconf 84' lang='grc' dir='ltr'><strong>προείρηται,</strong></span> <span class='ocrx_word' id='word_1_630' title='bbox 3260 4417 3357 4471; x_wconf 78' lang='grc' dir='ltr'><strong>καὶ</strong></span> <span class='ocrx_word' id='word_1_631' title='bbox 3402 4416 3711 4472; x_wconf 80' lang='grc' dir='ltr'><strong>διοικεῖσθαι</strong></span> 
     </span>
    </p>
   </div>
   <div class='ocr_carea' id='block_1_94' title="bbox 481 4514 2047 4586">
    <p class='ocr_par' dir='ltr' id='par_1_94' title="bbox 481 4514 2047 4586">
     <span class='ocr_line' id='line_1_94' title="bbox 481 4514 2047 4586; baseline 0.001 -19"><span class='ocrx_word' id='word_1_632' title='bbox 481 4518 641 4586; x_wconf 82' lang='lat' dir='ltr'><strong>gique</strong></span> <span class='ocrx_word' id='word_1_633' title='bbox 666 4522 864 4586; x_wconf 59' lang='lat' dir='ltr'><strong>corpus</strong></span> <span class='ocrx_word' id='word_1_634' title='bbox 898 4525 1145 4568; x_wconf 83' lang='lat' dir='ltr'><strong>nostrum</strong></span> <span class='ocrx_word' id='word_1_635' title='bbox 1187 4515 1299 4583; x_wconf 86' lang='lat' dir='ltr'><strong>ipse</strong></span> <span class='ocrx_word' id='word_1_636' title='bbox 1332 4530 1515 4568; x_wconf 86' lang='lat' dir='ltr'><strong>rerum</strong></span> <span class='ocrx_word' id='word_1_637' title='bbox 1552 4514 1814 4569; x_wconf 86' lang='lat' dir='ltr'><strong>Dominus</strong></span> <span class='ocrx_word' id='word_1_638' title='bbox 1847 4515 2047 4581; x_wconf 82' lang='lat' dir='ltr'><strong>voluit;</strong></span> 
     </span>
    </p>
   </div>
   <div class='ocr_carea' id='block_1_95' title="bbox 483 4606 2047 4677">
    <p class='ocr_par' dir='ltr' id='par_1_95' title="bbox 483 4606 2047 4677">
     <span class='ocr_line' id='line_1_95' title="bbox 483 4606 2047 4677; baseline 0.002 -19"><span class='ocrx_word' id='word_1_639' title='bbox 483 4610 688 4677; x_wconf 81' lang='lat' dir='ltr'><strong>absque</strong></span> <span class='ocrx_word' id='word_1_640' title='bbox 719 4622 824 4677; x_wconf 89' lang='lat' dir='ltr'><strong>quo</strong></span> <span class='ocrx_word' id='word_1_641' title='bbox 850 4607 1011 4670; x_wconf 89' lang='lat' dir='ltr'><strong>foret,</strong></span> <span class='ocrx_word' id='word_1_642' title='bbox 1043 4621 1145 4661; x_wconf 89' lang='lat' dir='ltr'><strong>nec</strong></span> <span class='ocrx_word' id='word_1_643' title='bbox 1178 4621 1303 4660; x_wconf 89' lang='lat' dir='ltr'><strong>aere</strong></span> <span class='ocrx_word' id='word_1_644' title='bbox 1334 4620 1471 4675; x_wconf 88' lang='lat' dir='ltr'><strong>puro</strong></span> <span class='ocrx_word' id='word_1_645' title='bbox 1502 4621 1605 4660; x_wconf 91' lang='lat' dir='ltr'><strong>nec</strong></span> <span class='ocrx_word' id='word_1_646' title='bbox 1653 4606 1842 4676; x_wconf 87' lang='lat' dir='ltr'><strong>aequis</strong></span> <span class='ocrx_word' id='word_1_647' title='bbox 1871 4607 2047 4676; x_wconf 87' lang='lat' dir='ltr'><strong>pellu-</strong></span> 
     </span>
    </p>
   </div>
   <div class='ocr_carea' id='block_1_96' title="bbox 480 4698 2049 4767">
    <p class='ocr_par' dir='ltr' id='par_1_96' title="bbox 480 4698 2049 4767">
     <span class='ocr_line' id='line_1_96' title="bbox 480 4698 2049 4767; baseline -0.003 -12"><span class='ocrx_word' id='word_1_648' title='bbox 480 4702 616 4755; x_wconf 90' lang='lat' dir='ltr'><strong>cidis</strong></span> <span class='ocrx_word' id='word_1_649' title='bbox 652 4716 753 4754; x_wconf 90' lang='lat' dir='ltr'><strong>nec</strong></span> <span class='ocrx_word' id='word_1_650' title='bbox 777 4700 898 4754; x_wconf 93' lang='lat' dir='ltr'><strong>loco</strong></span> <span class='ocrx_word' id='word_1_651' title='bbox 936 4699 1138 4753; x_wconf 84' lang='lat' dir='ltr'><strong>salubri</strong></span> <span class='ocrx_word' id='word_1_652' title='bbox 1174 4713 1275 4753; x_wconf 90' lang='lat' dir='ltr'><strong>nee</strong></span> <span class='ocrx_word' id='word_1_653' title='bbox 1315 4698 1547 4767; x_wconf 83' lang='lat' dir='ltr'><strong>sumptis</strong></span> <span class='ocrx_word' id='word_1_654' title='bbox 1592 4714 1687 4767; x_wconf 87' lang='lat' dir='ltr'><strong>per</strong></span> <span class='ocrx_word' id='word_1_655' title='bbox 1716 4700 1865 4753; x_wconf 77' lang='lat' dir='ltr'><strong>vic&#39;es</strong></span> <span class='ocrx_word' id='word_1_656' title='bbox 1892 4714 2049 4754; x_wconf 80' lang='lat' dir='ltr'><strong>escu-</strong></span> 
     </span>
    </p>
   </div>
   <div class='ocr_carea' id='block_1_97' title="bbox 383 4789 2042 4861">
    <p class='ocr_par' dir='ltr' id='par_1_97' title="bbox 383 4789 2042 4861">
     <span class='ocr_line' id='line_1_97' title="bbox 383 4789 2042 4861; baseline -0.001 -17"><span class='ocrx_word' id='word_1_657' title='bbox 383 4798 388 4804; x_wconf 85' lang='lat'>&#39;</span> <span class='ocrx_word' id='word_1_658' title='bbox 481 4792 642 4846; x_wconf 85' lang='lat' dir='ltr'><strong>lentis</strong></span> <span class='ocrx_word' id='word_1_659' title='bbox 670 4806 733 4845; x_wconf 88' lang='lat' dir='ltr'><strong>ac</strong></span> <span class='ocrx_word' id='word_1_660' title='bbox 763 4790 1071 4861; x_wconf 85' lang='lat' dir='ltr'><strong>poculentis</strong></span> <span class='ocrx_word' id='word_1_661' title='bbox 1122 4790 1232 4844; x_wconf 89' lang='lat' dir='ltr'><strong>vita</strong></span> <span class='ocrx_word' id='word_1_662' title='bbox 1286 4800 1475 4845; x_wconf 88' lang='lat' dir='ltr'><strong>nostra</strong></span> <span class='ocrx_word' id='word_1_663' title='bbox 1532 4790 1816 4859; x_wconf 79' lang='lat' dir='ltr'><strong>indigeret.</strong></span> <span class='ocrx_word' id='word_1_664' title='bbox 1853 4789 2042 4843; x_wconf 85' lang='lat' dir='ltr'><strong>Enim-</strong></span> 
     </span>
    </p>
   </div>
   <div class='ocr_carea' id='block_1_98' title="bbox 478 4882 2044 4951">
    <p class='ocr_par' dir='ltr' id='par_1_98' title="bbox 478 4882 2044 4951">
     <span class='ocr_line' id='line_1_98' title="bbox 478 4882 2044 4951; baseline -0.003 -13"><span class='ocrx_word' id='word_1_665' title='bbox 478 4901 630 4951; x_wconf 80' lang='lat' dir='ltr'><strong>vero,</strong></span> <span class='ocrx_word' id='word_1_666' title='bbox 662 4887 825 4939; x_wconf 82' lang='lat' dir='ltr'><strong>citare</strong></span> <span class='ocrx_word' id='word_1_667' title='bbox 879 4882 979 4948; x_wconf 86' lang='lat' dir='ltr'><strong>ﬁli,</strong></span> <span class='ocrx_word' id='word_1_668' title='bbox 1021 4882 1101 4936; x_wconf 84' lang='lat' dir='ltr'><strong>fac</strong></span> <span class='ocrx_word' id='word_1_669' title='bbox 1128 4883 1365 4937; x_wconf 83' lang='lat' dir='ltr'><strong>divinam</strong></span> <span class='ocrx_word' id='word_1_670' title='bbox 1415 4882 1549 4936; x_wconf 87' lang='lat' dir='ltr'><strong>mihi</strong></span> <span class='ocrx_word' id='word_1_671' title='bbox 1592 4882 1914 4951; x_wconf 87' lang='lat' dir='ltr'><strong>sapientiam</strong></span> <span class='ocrx_word' id='word_1_672' title='bbox 1958 4883 2044 4935; x_wconf 82' lang='lat' dir='ltr'><strong>in-</strong></span> 
     </span>
    </p>
   </div>
   <div class='ocr_carea' id='block_1_99' title="bbox 477 4970 2045 5042">
    <p class='ocr_par' dir='ltr' id='par_1_99' title="bbox 477 4970 2045 5042">
     <span class='ocr_line' id='line_1_99' title="bbox 477 4970 2045 5042; baseline -0.002 -15"><span class='ocrx_word' id='word_1_673' title='bbox 477 4984 686 5038; x_wconf 84' lang='lat' dir='ltr'><strong>tueare,</strong></span> <span class='ocrx_word' id='word_1_674' title='bbox 715 4970 983 5042; x_wconf 87' lang='lat' dir='ltr'><strong>siquidem</strong></span> <span class='ocrx_word' id='word_1_675' title='bbox 1012 4970 1262 5023; x_wconf 87' lang='lat' dir='ltr'><strong>nonnihil</strong></span> <span class='ocrx_word' id='word_1_676' title='bbox 1309 4970 1377 5023; x_wconf 89' lang='lat' dir='ltr'><strong>de</strong></span> <span class='ocrx_word' id='word_1_677' title='bbox 1420 4985 1600 5024; x_wconf 86' lang='lat' dir='ltr'><strong>rerum</strong></span> <span class='ocrx_word' id='word_1_678' title='bbox 1642 4972 1833 5023; x_wconf 86' lang='lat' dir='ltr'><strong>natura</strong></span> <span class='ocrx_word' id='word_1_679' title='bbox 1887 4970 2045 5024; x_wconf 88' lang='lat' dir='ltr'><strong>nobis</strong></span> 
     </span>
    </p>
   </div>
   <div class='ocr_carea' id='block_1_100' title="bbox 470 5061 2045 5131">
    <p class='ocr_par' dir='ltr' id='par_1_100' title="bbox 470 5061 2045 5131">
     <span class='ocr_line' id='line_1_100' title="bbox 470 5061 2045 5131; baseline -0.003 -10"><span class='ocrx_word' id='word_1_680' title='bbox 470 5064 1089 5121; x_wconf 86' lang='lat' dir='ltr'><strong>cst&#39;commentaudum.</strong></span> <span class='ocrx_word' id='word_1_681' title='bbox 1118 5061 1333 5117; x_wconf 86' lang='lat' dir='ltr'><strong>Etenim</strong></span> <span class='ocrx_word' id='word_1_682' title='bbox 1360 5075 1428 5114; x_wconf 86' lang='lat' dir='ltr'><strong>ne</strong></span> <span class='ocrx_word' id='word_1_683' title='bbox 1458 5061 1689 5116; x_wconf 81' lang='lat' dir='ltr'><strong>maxime</strong></span> <span class='ocrx_word' id='word_1_684' title='bbox 1718 5061 2045 5131; x_wconf 85' lang='lat' dir='ltr'><strong>principales</strong></span> 
     </span>
    </p>
   </div>
   <div class='ocr_carea' id='block_1_101' title="bbox 474 5152 2045 5225">
    <p class='ocr_par' dir='ltr' id='par_1_101' title="bbox 474 5152 2045 5225">
     <span class='ocr_line' id='line_1_101' title="bbox 474 5152 2045 5225; baseline -0.004 -12"><span class='ocrx_word' id='word_1_685' title='bbox 474 5157 912 5225; x_wconf 67' lang='lat' dir='ltr'><strong>necessariaeque</strong></span> <span class='ocrx_word' id='word_1_686' title='bbox 943 5156 1188 5225; x_wconf 79' lang='lat' dir='ltr'><strong>corporis</strong></span> <span class='ocrx_word' id='word_1_687' title='bbox 1231 5153 1403 5206; x_wconf 90' lang='lat' dir='ltr'><strong>nostri</strong></span> <span class='ocrx_word' id='word_1_688' title='bbox 1449 5162 1633 5221; x_wconf 88' lang='lat' dir='ltr'><strong>partes</strong></span> <span class='ocrx_word' id='word_1_689' title='bbox 1662 5154 1944 5222; x_wconf 86' lang='lat' dir='ltr'><strong>quibusvis</strong></span> <span class='ocrx_word' id='word_1_690' title='bbox 1974 5152 2045 5207; x_wconf 88' lang='lat' dir='ltr'><strong>de</strong></span> 
     </span>
    </p>
   </div>
   <div class='ocr_carea' id='block_1_102' title="bbox 474 5243 2051 5314">
    <p class='ocr_par' dir='ltr' id='par_1_102' title="bbox 474 5243 2051 5314">
     <span class='ocr_line' id='line_1_102' title="bbox 474 5243 2051 5314; baseline -0.001 -12"><span class='ocrx_word' id='word_1_691' title='bbox 474 5248 656 5303; x_wconf 80' lang='lat' dir='ltr'><strong>causis</strong></span> <span class='ocrx_word' id='word_1_692' title='bbox 673 5246 1017 5311; x_wconf 66' lang='lat' dir='ltr'><strong>laederentur,</strong></span> <span class='ocrx_word' id='word_1_693' title='bbox 1049 5252 1211 5313; x_wconf 83' lang='lat' dir='ltr'><strong>caput</strong></span> <span class='ocrx_word' id='word_1_694' title='bbox 1227 5255 1497 5310; x_wconf 74' lang='lat' dir='ltr'><strong>nosuum,</strong></span> <span class='ocrx_word' id='word_1_695' title='bbox 1515 5243 1586 5306; x_wconf 88' lang='lat' dir='ltr'><strong>uti</strong></span> <span class='ocrx_word' id='word_1_696' title='bbox 1613 5245 1755 5314; x_wconf 89' lang='lat' dir='ltr'><strong>quod</strong></span> <span class='ocrx_word' id='word_1_697' title='bbox 1767 5247 2051 5300; x_wconf 89' lang='lat' dir='ltr'><strong>cerebrum</strong></span> 
     </span>
    </p>
   </div>
   <div class='ocr_carea' id='block_1_103' title="bbox 476 5333 2051 5411">
    <p class='ocr_par' dir='ltr' id='par_1_103' title="bbox 476 5333 2051 5411">
     <span class='ocr_line' id='line_1_103' title="bbox 476 5333 2051 5411; baseline -0.004 -17"><span class='ocrx_word' id='word_1_698' title='bbox 476 5338 722 5411; x_wconf 71' lang='lat' dir='ltr'><strong>continet</strong></span> <span class='ocrx_word' id='word_1_699' title='bbox 739 5353 847 5407; x_wconf 86' lang='lat' dir='ltr'><strong>quo</strong></span> <span class='ocrx_word' id='word_1_700' title='bbox 863 5337 969 5391; x_wconf 87' lang='lat' dir='ltr'><strong>vita</strong></span> <span class='ocrx_word' id='word_1_701' title='bbox 992 5344 1173 5388; x_wconf 85' lang='lat' dir='ltr'><strong>nostra</strong></span> <span class='ocrx_word' id='word_1_702' title='bbox 1206 5342 1314 5387; x_wconf 89' lang='lat' dir='ltr'><strong>tota</strong></span> <span class='ocrx_word' id='word_1_703' title='bbox 1340 5333 1553 5398; x_wconf 88' lang='lat' dir='ltr'><strong>nititur,</strong></span> <span class='ocrx_word' id='word_1_704' title='bbox 1572 5343 1684 5389; x_wconf 88' lang='lat' dir='ltr'><strong>tum</strong></span> <span class='ocrx_word' id='word_1_705' title='bbox 1708 5335 1922 5404; x_wconf 68' lang='lat' dir='ltr'><strong>capallis</strong></span> <span class='ocrx_word' id='word_1_706' title='bbox 1940 5346 2051 5389; x_wconf 91' lang='lat' dir='ltr'><strong>tum</strong></span> 
     </span>
    </p>
   </div>
   <div class='ocr_carea' id='block_1_104' title="bbox 476 5424 2052 5500">
    <p class='ocr_par' dir='ltr' id='par_1_104' title="bbox 476 5424 2052 5500">
     <span class='ocr_line' id='line_1_104' title="bbox 476 5424 2052 5500; baseline -0.002 -16"><span class='ocrx_word' id='word_1_707' title='bbox 476 5431 696 5485; x_wconf 88' lang='lat' dir='ltr'><strong>ossibus</strong></span> <span class='ocrx_word' id='word_1_708' title='bbox 729 5441 923 5500; x_wconf 67' lang='lat' dir='ltr'><strong>printer</strong></span> <span class='ocrx_word' id='word_1_709' title='bbox 958 5427 1079 5481; x_wconf 89' lang='lat' dir='ltr'><strong>illos</strong></span> <span class='ocrx_word' id='word_1_710' title='bbox 1098 5424 1289 5480; x_wconf 87' lang='lat' dir='ltr'><strong>solidis</strong></span> <span class='ocrx_word' id='word_1_711' title='bbox 1317 5426 1583 5495; x_wconf 82' lang='lat' dir='ltr'><strong>durisque</strong></span> <span class='ocrx_word' id='word_1_712' title='bbox 1599 5428 1856 5481; x_wconf 62' lang='lat' dir='ltr'><strong>munivit.</strong></span> <span class='ocrx_word' id='word_1_713' title='bbox 1886 5429 2052 5482; x_wconf 80' lang='lat' dir='ltr'><strong>Cere-</strong></span> 
     </span>
    </p>
   </div>
   <div class='ocr_carea' id='block_1_105' title="bbox 2154 4510 3711 4583">
    <p class='ocr_par' dir='ltr' id='par_1_105' title="bbox 2154 4510 3711 4583">
     <span class='ocr_line' id='line_1_105' title="bbox 2154 4510 3711 4583; baseline -0.004 -18"><span class='ocrx_word' id='word_1_714' title='bbox 2154 4512 2215 4565; x_wconf 72' lang='grc' dir='ltr'><strong>τὺ</strong></span> <span class='ocrx_word' id='word_1_715' title='bbox 2241 4513 2509 4583; x_wconf 79' lang='grc' dir='ltr'><strong>ἡμέτερον</strong></span> <span class='ocrx_word' id='word_1_716' title='bbox 2552 4510 2710 4581; x_wconf 82' lang='grc' dir='ltr'><strong>σῶμα</strong></span> <span class='ocrx_word' id='word_1_717' title='bbox 2769 4512 2861 4563; x_wconf 80' lang='grc' dir='ltr'><strong>καὶ</strong></span> <span class='ocrx_word' id='word_1_718' title='bbox 2898 4510 3244 4579; x_wconf 80' lang='grc' dir='ltr'><strong>διεξάγεσθαι</strong></span> <span class='ocrx_word' id='word_1_719' title='bbox 3301 4510 3711 4580; x_wconf 80' lang='grc' dir='ltr'><strong>συγκεχώρηται</strong></span> 
     </span>
    </p>
   </div>
   <div class='ocr_carea' id='block_1_106' title="bbox 2155 4600 3709 4675">
    <p class='ocr_par' dir='ltr' id='par_1_106' title="bbox 2155 4600 3709 4675">
     <span class='ocr_line' id='line_1_106' title="bbox 2155 4600 3709 4675; baseline -0.003 -18"><span class='ocrx_word' id='word_1_720' title='bbox 2155 4606 2373 4668; x_wconf 85' lang='grc' dir='ltr'><strong>πάντως</strong></span> <span class='ocrx_word' id='word_1_721' title='bbox 2403 4605 2535 4675; x_wconf 81' lang='grc' dir='ltr'><strong>παρ’</strong></span> <span class='ocrx_word' id='word_1_722' title='bbox 2566 4603 2730 4659; x_wconf 81' lang='grc' dir='ltr'><strong>αὑτοῦ</strong></span> <span class='ocrx_word' id='word_1_723' title='bbox 2761 4603 2862 4656; x_wconf 83' lang='grc' dir='ltr'><strong>τοῦ</strong></span> <span class='ocrx_word' id='word_1_724' title='bbox 2889 4604 3160 4657; x_wconf 85' lang='grc' dir='ltr'><strong>Δεσπότου</strong></span> <span class='ocrx_word' id='word_1_725' title='bbox 3221 4604 3320 4673; x_wconf 73' lang='grc' dir='ltr'><strong>τῆς</strong></span> <span class='ocrx_word' id='word_1_726' title='bbox 3358 4604 3599 4670; x_wconf 84' lang='grc' dir='ltr'><strong>φύσεως.</strong></span> <span class='ocrx_word' id='word_1_727' title='bbox 3656 4600 3709 4653; x_wconf 79' lang='grc' dir='ltr'><strong>Εἰ</strong></span> 
     </span>
    </p>
   </div>
   <div class='ocr_carea' id='block_1_107' title="bbox 2158 4692 3707 4767">
    <p class='ocr_par' dir='ltr' id='par_1_107' title="bbox 2158 4692 3707 4767">
     <span class='ocr_line' id='line_1_107' title="bbox 2158 4692 3707 4767; baseline -0.017 0"><span class='ocrx_word' id='word_1_728' title='bbox 2158 4697 2233 4767; x_wconf 71' lang='grc' dir='ltr'><strong>μὴ</strong></span> <span class='ocrx_word' id='word_1_729' title='bbox 2257 4699 2365 4767; x_wconf 69' lang='grc' dir='ltr'><strong>γὰρ</strong></span> <span class='ocrx_word' id='word_1_730' title='bbox 2400 4696 2559 4748; x_wconf 68' lang='grc' dir='ltr'><strong>τοῦτο</strong></span> <span class='ocrx_word' id='word_1_731' title='bbox 2597 4692 2686 4765; x_wconf 74' lang='grc' dir='ltr'><strong>ἦν,</strong></span> <span class='ocrx_word' id='word_1_732' title='bbox 2721 4696 2820 4748; x_wconf 78' lang='grc' dir='ltr'><strong>οὒκ</strong></span> <span class='ocrx_word' id='word_1_733' title='bbox 2850 4696 2915 4748; x_wconf 79' lang='grc' dir='ltr'><strong>ἂν</strong></span> <span class='ocrx_word' id='word_1_734' title='bbox 2944 4697 2976 4765; x_wconf 83' lang='grc' dir='ltr'>ἡ</span> <span class='ocrx_word' id='word_1_735' title='bbox 3009 4696 3105 4765; x_wconf 81' lang='grc' dir='ltr'><strong>τῆς</strong></span> <span class='ocrx_word' id='word_1_736' title='bbox 3133 4695 3281 4763; x_wconf 83' lang='grc' dir='ltr'><strong>ζωῆς</strong></span> <span class='ocrx_word' id='word_1_737' title='bbox 3322 4695 3484 4765; x_wconf 79' lang='grc' dir='ltr'><strong>ἡμῶν</strong></span> <span class='ocrx_word' id='word_1_738' title='bbox 3517 4693 3707 4747; x_wconf 81' lang='grc' dir='ltr'><strong>σύστα-</strong></span> 
     </span>
    </p>
   </div>
   <div class='ocr_carea' id='block_1_108' title="bbox 2157 4779 3708 4859">
    <p class='ocr_par' dir='ltr' id='par_1_108' title="bbox 2157 4779 3708 4859">
     <span class='ocr_line' id='line_1_108' title="bbox 2157 4779 3708 4859; baseline -0.005 -18"><span class='ocrx_word' id='word_1_739' title='bbox 2157 4779 2376 4851; x_wconf 64' lang='grc' dir='ltr'><strong>σις²καὶ</strong></span> <span class='ocrx_word' id='word_1_740' title='bbox 2414 4790 2578 4859; x_wconf 83' lang='grc' dir='ltr'><strong>ἀέρος</strong></span> <span class='ocrx_word' id='word_1_741' title='bbox 2602 4788 2803 4858; x_wconf 77' lang='grc' dir='ltr'><strong>ἔχρῃζε</strong></span> <span class='ocrx_word' id='word_1_742' title='bbox 2837 4786 3086 4858; x_wconf 80' lang='grc' dir='ltr'><strong>καθαροῦ</strong></span> <span class='ocrx_word' id='word_1_743' title='bbox 3125 4786 3220 4839; x_wconf 81' lang='grc' dir='ltr'><strong>καὶ</strong></span> <span class='ocrx_word' id='word_1_744' title='bbox 3262 4786 3475 4839; x_wconf 72' lang='grc' dir='ltr'><strong>ὑδάτων</strong></span> <span class='ocrx_word' id='word_1_745' title='bbox 3501 4782 3708 4838; x_wconf 81' lang='grc' dir='ltr'><strong>διειδῶν</strong></span> 
     </span>
    </p>
   </div>
   <div class='ocr_carea' id='block_1_109' title="bbox 2151 4876 3710 4950">
    <p class='ocr_par' dir='ltr' id='par_1_109' title="bbox 2151 4876 3710 4950">
     <span class='ocr_line' id='line_1_109' title="bbox 2151 4876 3710 4950; baseline -0.003 -16"><span class='ocrx_word' id='word_1_746' title='bbox 2151 4881 2318 4934; x_wconf 83' lang='grc' dir='ltr'><strong>τόπου</strong></span> <span class='ocrx_word' id='word_1_747' title='bbox 2359 4899 2418 4935; x_wconf 86' lang='grc' dir='ltr'><strong>τε</strong></span> <span class='ocrx_word' id='word_1_748' title='bbox 2444 4879 2685 4949; x_wconf 87' lang='grc' dir='ltr'><strong>ὑγιεινοῦ</strong></span> <span class='ocrx_word' id='word_1_749' title='bbox 2747 4880 2840 4933; x_wconf 79' lang='grc' dir='ltr'><strong>καὶ</strong></span> <span class='ocrx_word' id='word_1_750' title='bbox 2875 4879 3230 4950; x_wconf 82' lang='grc' dir='ltr'><strong>καταλλήλων</strong></span> <span class='ocrx_word' id='word_1_751' title='bbox 3257 4878 3522 4939; x_wconf 84' lang='grc' dir='ltr'><strong>ὡσαύτως</strong></span> <span class='ocrx_word' id='word_1_752' title='bbox 3579 4876 3710 4945; x_wconf 79' lang='grc' dir='ltr'><strong>βρω-</strong></span> 
     </span>
    </p>
   </div>
   <div class='ocr_carea' id='block_1_110' title="bbox 2152 4967 3703 5041">
    <p class='ocr_par' dir='ltr' id='par_1_110' title="bbox 2152 4967 3703 5041">
     <span class='ocr_line' id='line_1_110' title="bbox 2152 4967 3703 5041; baseline -0.004 -18"><span class='ocrx_word' id='word_1_753' title='bbox 2152 4970 2261 5023; x_wconf 80' lang='grc' dir='ltr'><strong>τῶν</strong></span> <span class='ocrx_word' id='word_1_754' title='bbox 2296 4973 2389 5024; x_wconf 75' lang='grc' dir='ltr'><strong>καὶ</strong></span> <span class='ocrx_word' id='word_1_755' title='bbox 2456 4970 2654 5041; x_wconf 80' lang='grc' dir='ltr'><strong>ποτῶν.</strong></span> <span class='ocrx_word' id='word_1_756' title='bbox 2700 4970 2840 5023; x_wconf 86' lang='grc' dir='ltr'><strong>Ἀλλ’</strong></span> <span class='ocrx_word' id='word_1_757' title='bbox 2873 4970 2976 5041; x_wconf 83' lang='grc' dir='ltr'><strong>ὅρα</strong></span> <span class='ocrx_word' id='word_1_758' title='bbox 3009 4970 3109 5039; x_wconf 81' lang='grc' dir='ltr'><strong>τὴν</strong></span> <span class='ocrx_word' id='word_1_759' title='bbox 3145 4968 3241 5023; x_wconf 89' lang='grc' dir='ltr'><strong>τοῦ</strong></span> <span class='ocrx_word' id='word_1_760' title='bbox 3299 4969 3436 5022; x_wconf 82' lang='grc' dir='ltr'><strong>Θεοῦ</strong></span> <span class='ocrx_word' id='word_1_761' title='bbox 3497 4967 3703 5035; x_wconf 75' lang='grc' dir='ltr'><strong>σοφίαν,</strong></span> 
     </span>
    </p>
   </div>
   <div class='ocr_carea' id='block_1_111' title="bbox 2151 5038 3705 5134">
    <p class='ocr_par' dir='ltr' id='par_1_111' title="bbox 2151 5038 3705 5134">
     <span class='ocr_line' id='line_1_111' title="bbox 2151 5038 3705 5134; baseline -0.004 -15"><span class='ocrx_word' id='word_1_762' title='bbox 2151 5066 2425 5133; x_wconf 80' lang='grc' dir='ltr'><strong>ἀγαπητέ,</strong></span> <span class='ocrx_word' id='word_1_763' title='bbox 2463 5038 2517 5116; x_wconf 73' lang='grc' dir='ltr'><strong>ἐς</strong></span> <span class='ocrx_word' id='word_1_764' title='bbox 2537 5080 2601 5132; x_wconf 86' lang='grc' dir='ltr'><strong>γε</strong></span> <span class='ocrx_word' id='word_1_765' title='bbox 2651 5065 2744 5119; x_wconf 74' lang='grc' dir='ltr'><strong>καὶ</strong></span> <span class='ocrx_word' id='word_1_766' title='bbox 2803 5038 3157 5133; x_wconf 81' lang='grc' dir='ltr'><strong>φυσιολογίας</strong></span> <span class='ocrx_word' id='word_1_767' title='bbox 3211 5063 3408 5134; x_wconf 79' lang='grc' dir='ltr'><strong>μικρὸν</strong></span> <span class='ocrx_word' id='word_1_768' title='bbox 3448 5060 3705 5131; x_wconf 73' lang='grc' dir='ltr'><strong>ἅψασθαι.</strong></span> 
     </span>
    </p>
   </div>
   <div class='ocr_carea' id='block_1_112' title="bbox 2153 5154 3706 5228">
    <p class='ocr_par' dir='ltr' id='par_1_112' title="bbox 2153 5154 3706 5228">
     <span class='ocr_line' id='line_1_112' title="bbox 2153 5154 3706 5228; baseline -0.005 -16"><span class='ocrx_word' id='word_1_769' title='bbox 2153 5159 2268 5212; x_wconf 82' lang='grc' dir='ltr'><strong>Ἵνα</strong></span> <span class='ocrx_word' id='word_1_770' title='bbox 2300 5159 2408 5228; x_wconf 81' lang='grc' dir='ltr'><strong>γὰρ</strong></span> <span class='ocrx_word' id='word_1_771' title='bbox 2451 5157 2525 5228; x_wconf 81' lang='grc' dir='ltr'><strong>μὴ</strong></span> <span class='ocrx_word' id='word_1_772' title='bbox 2584 5159 2654 5210; x_wconf 81' lang='grc' dir='ltr'><strong>τὰ</strong></span> <span class='ocrx_word' id='word_1_773' title='bbox 2723 5155 3066 5227; x_wconf 70' lang='grc' dir='ltr'><strong>καιριώτατα.</strong></span> <span class='ocrx_word' id='word_1_774' title='bbox 3112 5157 3207 5209; x_wconf 88' lang='grc' dir='ltr'><strong>τοῦ</strong></span> <span class='ocrx_word' id='word_1_775' title='bbox 3269 5157 3520 5227; x_wconf 78' lang='grc' dir='ltr'><strong>σώματος</strong></span> <span class='ocrx_word' id='word_1_776' title='bbox 3558 5154 3706 5223; x_wconf 81' lang='grc' dir='ltr'><strong>ἡμῶν</strong></span> 
     </span>
    </p>
   </div>
   <div class='ocr_carea' id='block_1_113' title="bbox 2153 5244 3705 5320">
    <p class='ocr_par' dir='ltr' id='par_1_113' title="bbox 2153 5244 3705 5320">
     <span class='ocr_line' id='line_1_113' title="bbox 2153 5244 3705 5320; baseline -0.003 -20"><span class='ocrx_word' id='word_1_777' title='bbox 2153 5251 2317 5320; x_wconf 80' lang='grc' dir='ltr'><strong>μόρια</strong></span> <span class='ocrx_word' id='word_1_778' title='bbox 2372 5249 2467 5303; x_wconf 76' lang='grc' dir='ltr'><strong>καὶ</strong></span> <span class='ocrx_word' id='word_1_779' title='bbox 2521 5252 2643 5313; x_wconf 83' lang='grc' dir='ltr'><strong>ταῖς</strong></span> <span class='ocrx_word' id='word_1_780' title='bbox 2712 5249 3009 5318; x_wconf 85' lang='grc' dir='ltr'><strong>τυχούσαις</strong></span> <span class='ocrx_word' id='word_1_781' title='bbox 3069 5247 3373 5319; x_wconf 77' lang='grc' dir='ltr'><strong>προφάσεσι</strong></span> <span class='ocrx_word' id='word_1_782' title='bbox 3443 5244 3705 5300; x_wconf 74' lang='grc' dir='ltr'><strong>καταϐλάο</strong></span> 
     </span>
    </p>
   </div>
   <div class='ocr_carea' id='block_1_114' title="bbox 2152 5339 3707 5412">
    <p class='ocr_par' dir='ltr' id='par_1_114' title="bbox 2152 5339 3707 5412">
     <span class='ocr_line' id='line_1_114' title="bbox 2152 5339 3707 5412; baseline -0.005 -18"><span class='ocrx_word' id='word_1_783' title='bbox 2152 5360 2418 5405; x_wconf 84' lang='grc' dir='ltr'><strong>πτωνται,</strong></span> <span class='ocrx_word' id='word_1_784' title='bbox 2452 5341 2842 5410; x_wconf 70' lang='grc' dir='ltr'><strong>πολυτρόπως,</strong></span> <span class='ocrx_word' id='word_1_785' title='bbox 2881 5343 2955 5405; x_wconf 84' lang='grc' dir='ltr'><strong>ὼς</strong></span> <span class='ocrx_word' id='word_1_786' title='bbox 2989 5341 3349 5412; x_wconf 85' lang='grc' dir='ltr'><strong>προείπομεν,</strong></span> <span class='ocrx_word' id='word_1_787' title='bbox 3385 5339 3475 5393; x_wconf 75' lang='grc' dir='ltr'><strong>καὶ</strong></span> <span class='ocrx_word' id='word_1_788' title='bbox 3503 5339 3707 5391; x_wconf 78' lang='grc' dir='ltr'><strong>πολυει-</strong></span> 
     </span>
    </p>
   </div>
   <div class='ocr_carea' id='block_1_115' title="bbox 2145 5429 3703 5504">
    <p class='ocr_par' dir='ltr' id='par_1_115' title="bbox 2145 5429 3703 5504">
     <span class='ocr_line' id='line_1_115' title="bbox 2145 5429 3703 5504; baseline -0.004 -18"><span class='ocrx_word' id='word_1_789' title='bbox 2145 5434 2249 5495; x_wconf 79' lang='grc' dir='ltr'><strong>ὃὼς</strong></span> <span class='ocrx_word' id='word_1_790' title='bbox 2289 5434 2648 5503; x_wconf 79' lang='grc' dir='ltr'><strong>ἠσφαλίσατο.</strong></span> <span class='ocrx_word' id='word_1_791' title='bbox 2693 5434 2903 5487; x_wconf 76' lang='grc' dir='ltr'><strong>Αὑτίκιί</strong></span> <span class='ocrx_word' id='word_1_792' title='bbox 2935 5435 3046 5504; x_wconf 67' lang='grc' dir='ltr'><strong>γὰρ</strong></span> <span class='ocrx_word' id='word_1_793' title='bbox 3085 5435 3183 5503; x_wconf 73' lang='grc' dir='ltr'><strong>τὴν</strong></span> <span class='ocrx_word' id='word_1_794' title='bbox 3241 5433 3481 5502; x_wconf 77' lang='grc' dir='ltr'><strong>κεφαλὴν</strong></span> <span class='ocrx_word' id='word_1_795' title='bbox 3528 5429 3703 5500; x_wconf 73' lang='grc' dir='ltr'><strong>ἡμῶν,</strong></span> 
     </span>
    </p>
   </div>
   <div class='ocr_carea' id='block_1_116' title="bbox 476 5513 2050 5597">
    <p class='ocr_par' dir='ltr' id='par_1_116' title="bbox 476 5520 2047 5593">
     <span class='ocr_line' id='line_1_116' title="bbox 476 5520 2047 5593; baseline -0.003 -16"><span class='ocrx_word' id='word_1_796' title='bbox 476 5524 637 5578; x_wconf 87' lang='lat' dir='ltr'><strong>brutn</strong></span> <span class='ocrx_word' id='word_1_797' title='bbox 668 5523 848 5593; x_wconf 76' lang='lat' dir='ltr'><strong>ipsum</strong></span> <span class='ocrx_word' id='word_1_798' title='bbox 882 5532 1075 5575; x_wconf 86' lang='lat' dir='ltr'><strong>natura</strong></span> <span class='ocrx_word' id='word_1_799' title='bbox 1127 5531 1371 5575; x_wconf 81' lang='lat' dir='ltr'><strong>tenerum</strong></span> <span class='ocrx_word' id='word_1_800' title='bbox 1420 5520 1571 5586; x_wconf 80' lang='lat' dir='ltr'><strong>fecit,</strong></span> <span class='ocrx_word' id='word_1_801' title='bbox 1606 5521 2047 5589; x_wconf 80' lang='lat' dir='ltr'><strong>quandoquidem</strong></span> 
     </span>
    </p>
   </div>
   <div class='ocr_carea' id='block_1_117' title="bbox 2154 5513 3705 5597">
    <p class='ocr_par' dir='ltr' id='par_1_117' title="bbox 2154 5513 3705 5597">
     <span class='ocr_line' id='line_1_117' title="bbox 2154 5513 3705 5597; baseline -0.004 -20"><span class='ocrx_word' id='word_1_802' title='bbox 2154 5526 2244 5577; x_wconf 65' lang='grc' dir='ltr'><strong>ἅτε</strong></span> <span class='ocrx_word' id='word_1_803' title='bbox 2285 5524 2356 5595; x_wconf 73' lang='grc' dir='ltr'><strong>δὴ</strong></span> <span class='ocrx_word' id='word_1_804' title='bbox 2383 5525 2471 5579; x_wconf 57' lang='grc' dir='ltr'><strong>τὶν</strong></span> <span class='ocrx_word' id='word_1_805' title='bbox 2504 5523 2810 5593; x_wconf 81' lang='grc' dir='ltr'><strong>ἐγκέφαλον</strong></span> <span class='ocrx_word' id='word_1_806' title='bbox 2836 5524 3000 5578; x_wconf 79' lang='grc' dir='ltr'><strong>αὑτὸν</strong></span> <span class='ocrx_word' id='word_1_807' title='bbox 3054 5524 3418 5597; x_wconf 74' lang='grc' dir='ltr'><strong>περιέχουσαν</strong></span> <span class='ocrx_word' id='word_1_808' title='bbox 3456 5523 3514 5575; x_wconf 82' lang='grc' dir='ltr'><strong>ἐν</strong></span> <span class='ocrx_word' id='word_1_809' title='bbox 3557 5513 3602 5589; x_wconf 84' lang='grc' dir='ltr'>ᾧ</span> <span class='ocrx_word' id='word_1_810' title='bbox 3642 5516 3705 5571; x_wconf 82' lang='grc' dir='ltr'><strong>τὰ</strong></span> 
     </span>
    </p>
   </div>
   <div class='ocr_carea' id='block_1_118' title="bbox 572 5695 1263 5781">
    <p class='ocr_par' dir='ltr' id='par_1_118' title="bbox 572 5695 1263 5781">
     <span class='ocr_line' id='line_1_118' title="bbox 572 5695 1263 5781; baseline -0.003 -31"><span class='ocrx_word' id='word_1_811' title='bbox 572 5695 684 5762; x_wconf 70' lang='lat' dir='ltr'><strong>(at)</strong></span> <span class='ocrx_word' id='word_1_812' title='bbox 758 5697 892 5752; x_wconf 80' lang='grc' dir='ltr'><strong>Ἐπί</strong></span> <span class='ocrx_word' id='word_1_813' title='bbox 954 5713 1263 5781; x_wconf 81' lang='grc' dir='ltr'><strong>τε</strong></span> 
     </span>
    </p>
   </div>
   <div class='ocr_carea' id='block_1_119' title="bbox 1330 5693 2143 5763">
    <p class='ocr_par' dir='ltr' id='par_1_119' title="bbox 1330 5693 2143 5763">
     <span class='ocr_line' id='line_1_119' title="bbox 1330 5693 2143 5763; baseline 0.005 -17"><span class='ocrx_word' id='word_1_814' title='bbox 1330 5693 1640 5763; x_wconf 59' lang='grc' dir='ltr'><strong>λέγουσιν.</strong></span> <span class='ocrx_word' id='word_1_815' title='bbox 1712 5694 1789 5747; x_wconf 79' lang='lat' dir='ltr'><strong>Ex</strong></span> <span class='ocrx_word' id='word_1_816' title='bbox 1856 5696 1915 5749; x_wconf 74' lang='grc' dir='ltr'><strong>ν.</strong></span> <span class='ocrx_word' id='word_1_817' title='bbox 1974 5704 2030 5750; x_wconf 88' lang='lat' dir='ltr'><strong>et</strong></span> <span class='ocrx_word' id='word_1_818' title='bbox 2084 5697 2143 5750; x_wconf 64' lang='grc' dir='ltr'><strong>ιτ.</strong></span> 
     </span>
    </p>
   </div>
  </div>
