3862 6228
202 344 294 406 239
1371 282 1743 408 ἈΝΝᾹΙΛΠ

1854 331 2038 395 PARS
2081 337 2126 397 Ι.

3293 318 3398 395 2:0

196 461 283 526 τῆς
326 455 462 524 ζωῆς
506 451 660 522 ἡμῶν
695 447 1100 522 περιείληπται,
1152 445 1245 501 καὶ
1279 447 1424 517 θριξὶ
1484 445 1733 516 κατὼχὺ-

1854 448 2054 502 :unctis
2107 449 2354 521 sensibus
2432 464 2560 505 suos
2622 450 2777 519 quasi
2837 449 3014 503 fontes
3075 449 3402 517 suppeditat.

197 562 320 616 ρωσε
355 545 445 595 καὶ
487 543 692 603 ὀστέοις
745 538 852 609 πρὸ
911 538 1115 591 τούτων
1163 539 1434 619 στερροῖς.
1498 537 1731 589 Ἀπαλδν

196 639 297 704 δὲὴ
332 634 485 701 φύσις
515 632 701 684 τοῦτον
741 630 1024 702 ἐποίησεν,
1067 627 1257 696 ἐπειδὴ
1275 630 1395 689 ταῖς
1442 626 1730 695 αἰσθήσεσι

197 730 374 789 πάσαις
406 725 562 786 αὑτὸς
609 724 839 792 χορηγεῖ
900 721 1002 782 τὰς
1049 719 1258 805 πηγάς.
1289 718 1406 771 Ἵνα
1439 717 1496 769 δὲ
1555 715 1631 786 μὴ
1665 717 1730 784 τῇ

200 817 494 888 στερρότητι
556 813 665 866 τῶν
721 811 895 865 ὀστῶν
973 809 1395 879 συντριϐόμενος
1447 807 1576 876 περὶ
1634 809 1734 873 τὴν

199 911 384 962 οἰκείαν
436 905 742 976 βλάπτηται
808 904 992 973 φύσιν,
1043 902 1246 964 ἁπαλὸς
1289 902 1382 952 καὶ
1431 902 1557 968 γὰρ,
1612 897 1735 949 δυσὶ

203 998 430 1070 μήνιγξιν
463 996 623 1048 αὑτὸν
669 994 985 1064 περιέλαϐε,
1025 995 1120 1046 καὶ
1141 992 1364 1052 ταύταις
1405 988 1730 1059 οὑχὰπλῶς,

202 1089 496 1158 ἁλλ’ἁπςιλῇ
540 1085 796 1157 μὲνιοὺσῃ
823 1089 887 1156 τῇ
920 1085 1123 1138 ἔσωθεν
1151 1085 1238 1138 διά
1280 1101 1342 1152 γε
1379 1084 1478 1152 τὴν
1508 1081 1602 1133 τοῦ
1646 1083 1738 1147 ὲγ-

200 1182 412 1249 κεφάλου
467 1177 1163 1248 ἁνάπαυσιν,-στερῤοτέρᾳ
1217 1176 1274 1228 δὲ
1313 1176 1476 1228 πάλιν
1500 1177 1564 1243 τῇ
1601 1172 1734 1236 ἔξω·

202 1275 298 1337 θεν,
352 1271 422 1333 ὡς
451 1271 704 1323 ἐντεῦθεν
752 1270 920 1339 ἄμφω
971 1266 1381 1336 φυλάττεσθαι*
1444 1264 1583 1316 οὕτω
1640 1262 1738 1331 μὲν

201 1363 280 1419 οὖν
301 1366 389 1416 καὶ
414 1363 628 1432 ἐπἰτῆς
685 1362 920 1431 καρδίας
975 1359 1225 1429 ἐποίησε,
1286 1358 1428 1410 καθὰ
1467 1356 1531 1426 δὴ
1584 1356 1737 1408 καὶό

202 1457 576 1527 χρυσορρήμων
623 1455 878 1523 Ἰωάννης
933 1455 1122 1522 φησὶν,
1187 1451 1396 1512 ὀστέοις
1451 1450 1548 1518 μὲν
1578 1463 1738 1516 περι-

202 1547 486 1608 κυκλώσας,
559 1546 832 1615 παραθεὶς
894 1544 950 1597 δὲ
1029 1545 1165 1613 αὐτῇ
1231 1541 1485 1610 καθάπερ
1532 1538 1740 1592 ἁπαλὸν

205 1638 411 1707 στρῶμα
447 1638 536 1690 τὸν
572 1638 875 1706 πνεύμονα,
925 1636 1014 1690 ἵνα
1061 1635 1135 1705 μὴ
1170 1637 1235 1705 τῇ
1269 1632 1584 1702 ἀεικινησία
1645 1631 1739 1683 καὶ

204 1728 324 1796 αὓτη
353 1731 462 1789 τοῖς
509 1727 746 1788 ὀστέοιςί
785 1725 1159 1795 συντρίϐηται.
1213 1725 1373 1778 Ἀλλὰ
1411 1720 1739 1790 πολλαχόθεν

206 1821 332 1890 ἔχειν
365 1820 538 1891 ῥαφὰς
572 1818 773 1887 πολλῆς
819 1818 1122 1885 ἀσφαλείας
1173 1815 1433 1876 ὑπόθεσις
1458 1829 1474 1844 ⁸
1523 1809 1745 1880 ἐξατμί-

204 1908 470 1976 ζεταιγὰρ
529 1907 736 1958 ἐκεῖθεν
796 1903 981 1971 αὑτὸς,
1034 1903 1175 1955 ὥστε
1208 1902 1285 1972 μὴ
1342 1900 1742 1970 συμπνίγεσθαι

204 1998 294 2049 ὑπὸ
320 1997 422 2048 τῶν
466 1995 892 2064 ἀναφερομένων
948 1992 1179 2061 ἁτμῶν.’
1220 1991 1410 2061 Πληγή
1470 2007 1531 2043 τε
1579 1989 1631 2040 εῐ
1661 2004 1745 2048 τις

206 2087 500 2156 ἐπενεχθείη
547 2088 699 2150 ποτὲ,
754 2086 854 2152 οὐχ
895 2081 1204 2154 ὁλοσχερῶς
1234 2085 1267 2152 ὴ
1301 2081 1474 2152 βλάϐη
1515 2082 1742 2148 γίνεται⁶

203 2181 478 2246 είμὲνγὰρ
512 2176 572 2230 ἓν
605 2179 699 2231 καὶ
736 2175 960 2244 συνεχὲς
1014 2171 1082 2244 ἦν
1129 2175 1190 2226 τὺ
1238 2172 1457 2236 ὀστοῦν,
1501 2171 1593 2224 καὶ
1650 2170 1747 2239 μία

206 2272 570 2337 κατενεχθεῖσα
599 2267 784 2338 πληγή
814 2267 875 2320 τὸ
927 2268 1037 2319 πᾶν
1068 2265 1397 2334 ἐλυμήνατο,
1441 2263 1520 2324 είς
1577 2262 1748 2315 πολλὰ

191 2360 251 2412 δὲ
273 2361 380 2411 νυνὶ
416 2360 808 2430 διαιρουμένου
849 2355 1110 2425 γενέσθαι
1144 2355 1304 2408 τοῦτο
1337 2356 1556 2416 πάντως
1603 2355 1747 2421 ἀμή-

204 2469 362 2521 χτνον.
409 2453 603 2520 Ιζίγάιρ
656 2453 753 2504 καὶ
800 2449 1047 2518 συμϐαίη
1100 2449 1374 2517 τρωθῆναι
1437 2445 1602 2516 μέρος
1666 2445 1745 2508 ἓν,

207 2546 396 2614 ἀνάγκη
432 2545 590 2597 πᾶσι
643 2542 704 2595 τὺ
753 2541 878 2594 κατ’
945 2544 1140 2606 έκεῖνο,
1176 2524 1236 2592 τό
1293 2540 1453 2609 μέρος
1501 2540 1749 2606 κείμενον

207 2619 379 2692 ὀστοῦν
414 2635 933 2706 παραὸλάπτεσθαι,
970 2633 1134 2703 ἀσινῆ
1173 2633 1228 2686 δὲ
1263 2634 1329 2686 τὰ
1357 2632 1517 2684 λοιπὰ
1573 2633 1751 2684 πάντα

205 2727 659 2797 διαφυλάττεσθαι,
689 2725 783 2778 τοῦ
825 2724 1082 2795 συνεχοῦς
1145 2724 1246 2792 τῆς
1285 2723 1501 2793 πληγῆς
1572 2724 1751 2775 διακο-

213 2821 462 2890 πτομένου
493 2823 563 2889 τῇ
594 2821 702 2873 τῶν
734 2819 908 2871 ὀστῶν
947 2819 1232 2887 διαιρέσει.
1275 2818 1407 2886 Περὶ
1432 2817 1488 2868 δὲ
1517 2816 1624 2867 τῶν
1653 2816 1750 2884 τῆς

205 2913 426 2982 κεφαλῆς
459 2912 897 2980 περιττωμάτων
965 2912 1017 2964 τί
1052 2912 1158 2981 χρὴ
1193 2912 1286 2964 καὶ
1328 2897 1528 2975 λέγειν,
1582 2909 1637 2960 εἴ
1686 2924 1751 2974 γε

207 3002 290 3062 τὰς
309 3003 584 3072 ἐκκρίσεις
623 3002 824 3066 αὐτῶν,
858 3001 932 3063 ὡς
988 3002 1144 3072 ὁρᾷς,
1197 3002 1229 3069 ἡ
1265 2999 1532 3070 ὄσφρησις
1593 2997 1755 3049 πεπί-

211 3109 450 3158 στευται;
509 3092 729 3161 Ἐπειδὴ
793 3091 901 3162 γὰρ
955 3094 1080 3154 τοὺς
1111 3093 1356 3145 κάτωθεν
1432 3093 1753 3160 ἀναπεμπο-

1847 538 2077 592 Rursum
2115 556 2183 594 ne
2216 550 2322 594 tam
2359 549 2543 596 tenera
2581 542 2884 596 substantia
2928 550 3147 609 propter
3194 541 3402 594 ossium
3481 589 3484 596 .

1847 629 2104 685 duritiem
2133 633 2317 686 collisa
2346 633 2491 687 velut
2519 616 2844 687 attererettir
2903 649 2966 687 ac
3015 633 3405 687 detrimentum

1842 732 2081 791 caperet,
2118 725 2329 777 duabus
2380 741 2499 778 eam
2555 727 2886 780 membranis
2925 725 3079 794 115
3125 735 3205 779 est
3259 740 3408 778 com-

1842 813 2020 881 plexa,
2049 813 2220 881 iisque
2248 830 2352 867 non
2389 815 2550 869 unius
2573 817 2814 886 generis,
2867 817 2959 870 sed
2993 819 3253 871 interiore
3283 820 3407 886 qui-

1843 902 1965 957 dem
2031 905 2175 956 molli
2234 905 2302 958 ob
2357 906 2564 958 cerebri
2620 893 2894 974 quietem,
2963 911 3228 962 exteriore
3281 923 3420 964 vero

1844 993 2111 1055 solitliori,
2144 1011 2249 1063 quo
2283 1012 2377 1064 per
2410 997 2554 1048 illam
2585 998 2870 1066 utriusque
2906 999 3063 1052 saluti
3095 1003 3409 1053 consulere-

1847 1096 1956 1138 tur.
1993 1085 2137 1138 Idem
2191 1087 2242 1138 in
2275 1089 2439 1140 corde
2489 1088 2719 1150 factum,
2769 1090 2978 1142 Joanne
3025 1090 3412 1160 Chrysoetomo

1846 1183 2002 1248 teste,
2031 1175 2169 1242 quod
2198 1175 2411 1228 ossibus
2427 1176 2642 1244 quidem
2666 1177 2832 1229 cinxit
2865 1176 3003 1230 Deus
3031 1193 3045 1240 ;
3076 1177 3167 1229 sed
3211 1177 3413 1228 nihilo-

1846 1266 2028 1317 minus
2090 1266 2302 1331 eidem,
2355 1267 2509 1336 quasi
2566 1276 2804 1320 teneram
2856 1270 3145 1336 quamdam
3207 1278 3412 1319 vestem

1845 1357 2161 1425 stragulam,
2189 1357 2496 1424 pulmonem
2528 1358 2793 1425 adjunxit,
2826 1374 2891 1410 ne
2917 1368 2970 1410 et
2999 1361 3171 1426 ipsum
3207 1359 3268 1410 ad
3293 1372 3414 1412 ossa

1847 1455 2070 1513 propter
2141 1446 2559 1514 perpetuitatem
2619 1456 2797 1500 motus
2857 1448 3195 1501 allideretur.
3273 1447 3414 1512 Quin

1852 1535 1984 1589 illud
2016 1538 2200 1601 etiam,
2245 1537 2388 1605 quod
2438 1553 2546 1589 non
2583 1537 2904 1590 continuum
2951 1549 3002 1592 et
3047 1556 3210 1591 unum
3241 1540 3310 1592 sit
3353 1557 3415 1590 os

1849 1641 1956 1694 quo
1995 1628 2277 1681 cerebrum
2310 1629 2527 1698 tegitur,
2585 1630 2677 1682 sed
2709 1631 2855 1682 omni
2910 1647 2973 1683 ex
3018 1645 3167 1700 parte
3200 1643 3415 1686 suturas

1850 1717 2070 1784 habeat,
2109 1735 2268 1786 quam
2305 1721 2562 1793 praeclare
2595 1723 2899 1776 consultum
2949 1725 3168 1777 sanitati
3215 1737 3414 1778 nostra:

1772 1801 1937 1874 Bsit,
1976 1822 2296 1881 argumento
2353 1822 2457 1870 est.
2514 1813 2646 1867 Nam
2703 1830 2799 1883 per
2849 1831 2946 1870 eas
2992 1833 3219 1884 vapores
3283 1832 3414 1872 suos

1850 1901 2088 1965 emittit,
2150 1917 2222 1954 ne
2300 1919 2395 1971 per
2469 1902 2670 1958 halitus
2739 1922 2956 1960 sursum
3021 1911 3416 1962 contendentes

1850 1991 2184 2056 suﬂocetur;
2217 2003 2271 2046 et
2303 1995 2496 2048 eadem
2527 1996 2736 2048 ratione
2769 2000 3150 2065 consequimur
3181 2011 3234 2052 ut
3269 2000 3415 2054 illata

1849 2079 1993 2135 forte
2024 2085 2250 2136 cerebro
2291 2085 2442 2154 plaga
2481 2101 2586 2137 non
2617 2096 2784 2141 totum
2829 2090 3005 2142 laedat.
3034 2090 3243 2160 Quippe
3278 2094 3320 2144 si
3353 2107 3414 2146 os

1851 2172 2168 2225 continuum
2209 2184 2263 2227 et
2296 2190 2461 2227 unum
2497 2176 2657 2241 foret,
2711 2179 2778 2232 ab
2815 2195 2924 2232 uno
2969 2182 3191 2235 vulnere
3243 2192 3416 2238 totum

1849 2261 2162 2318 laederetur.
2199 2263 2355 2319 Nunc
2389 2282 2508 2320 cum
2561 2267 2612 2320 in
2668 2284 2791 2322 ossa
2846 2272 3001 2340 plura
3055 2273 3289 2326 divisum
3323 2275 3413 2334 sit,

1853 2349 1968 2404 ﬁeri
2026 2352 2132 2406 hoc
2173 2354 2399 2407 omnino
2461 2357 2668 2425 nequit.
2723 2357 2855 2411 Nam
2911 2361 2953 2414 si
3011 2363 3244 2415 maxime
3294 2379 3416 2430 pars

1853 2458 1960 2496 una
2003 2447 2339 2512 vulneretur,
2394 2463 2619 2502 necesse
2672 2459 2758 2512 est
2819 2451 2946 2506 illud
2996 2469 3057 2506 os
3108 2453 3224 2507 lmdi
3273 2455 3417 2523 quod

1853 2534 1942 2586 illa
1973 2545 2056 2587 est
2086 2537 2137 2588 in
2165 2546 2316 2605 parte
2351 2538 2538 2604 situm,
2562 2555 2684 2592 cum
2717 2541 2883 2595 illtesa
2914 2553 3104 2597 caetera
3140 2549 3416 2607 maneant,

1855 2628 2098 2681 vulneris
2152 2629 2514 2685 continuitate
2535 2647 2631 2700 per
2659 2635 2864 2686 ossium
2892 2634 3208 2689 divisionem
3257 2638 3419 2690 inter-

1855 2727 2031 2785 rupta.
2064 2718 2201 2782 Quid
2235 2720 2301 2773 de
2333 2721 2528 2790 capitis
2559 2724 2922 2778 excrementis
2944 2726 3160 2780 dicam?
3190 2745 3415 2797 quorum

1859 2809 2126 2876 egestioni
2148 2823 2306 2864 nat-cs
2325 2821 2472 2876 sunt,
2493 2815 2568 2864 uti
2596 2813 2770 2876 vides.
2797 2815 3102 2874 destinatae.
3121 2818 3254 2872 Ctnn
3273 2821 3415 2872 enim

1856 2906 2018 2966 caput
2041 2907 2294 2967 tanquam
2328 2917 2646 2971 supremum
2680 2905 2733 2957 in
2763 2920 2990 2974 corpore
3030 2909 3202 2962 locum
3231 2926 3422 2964 conse-

1856 3002 2041 3043 cutum
2064 3005 2290 3058 vapores
2305 2993 2560 3047 deorsum
2583 2999 2939 3051 ascendentes
2957 3000 3208 3068 excipere
3228 3001 3416 3066 soleat,

1858 3095 2090 3149 quorum
2124 3082 2485 3136 redundantia
2514 3087 2739 3138 cerebro
2774 3089 3066 3155 plurimum
3103 3089 3417 3152 detrimenti

208 3182 379 3248 μένους
401 3182 612 3247 ἁτμοὺς
641 3180 716 3240 ὡς
757 3183 1127 3250 ὑπερκειμένη
1163 3179 1302 3248 αὕτη
1357 3179 1450 3231 τοῦ
1495 3179 1746 3247 σώματος

1855 3176 2085 3228 allatura
2119 3186 2254 3241 erat,
2285 3192 2356 3231 ne
2392 3178 2441 3231 id
2474 3179 2694 3248 quidem
2726 3182 2907 3246 epifex
2939 3183 3028 3236 ille
3052 3200 3230 3237 rerum
3251 3187 3421 3255 negli-

207 3272 547 3342 ὑποδέχεσθαι
590 3270 807 3333 εἴωθεν,
862 3271 980 3340 ἠδὲ
1009 3271 1216 3323 τούτων
1265 3271 1576 3338 πλημμύρα
1628 3273 1752 3321 πολ-

149 3401 160 3418 ,
202 3359 289 3430 λὴν
317 3361 380 3414 ἂν
405 3361 704 3432 εἰργάσατο
737 3359 812 3430 τῷ
839 3351 1125 3430 ἐγκεφάλῴ
1163 3359 1261 3431 τὴν
1278 3359 1478 3428 λώϐην,
1497 3358 1754 3412 οὐδὲ-τοὺ-

204 3467 286 3506 του
341 3455 722 3523 κατημέλησεν
756 3455 784 3505 6
827 3455 955 3506 τῶν.
997 3453 1251 3506 ἁπάντων
1306 3451 1558 3522 ποιητὴς,
1613 3452 1752 3503 ἀλλὰ

205 3545 389 3614 πόρους
419 3545 577 3606 τινὰς
608 3546 664 3596 ἐν
691 3546 806 3605 τοῖς
842 3544 1052 3605 ὀστέοις
1105 3545 1481 3613 ἐργασάμενος
1513 3544 1582 3596 τὰ
1611 3541 1753 3612 ὑγρά

204 3636 286 3685 καὶ
320 3637 494 3705 παχέα
544 3635 653 3686 τῶν
695 3636 1130 3704 περιττωμάτων
1187 3635 1283 3686 ἐπὶ
1348 3636 1446 3704 τὴν
1495 3634 1752 3706 ὑπερῴαν

204 3721 288 3773 καὶ
315 3723 435 3784 τοὺς
469 3723 759 3792 μυκτῆρας
787 3721 1062 3793 ὡδήγησε,
1125 3725 1221 3776 καὶ
1255 3722 1348 3775 δύο
1404 3723 1618 3785 τούτοις
1665 3725 1754 3774 ὲκ-

207 3813 423 3879 κρίσεων
455 3815 723 3883 ἀπένειμε
768 3813 1079 3886 μόριαηῖνα
1112 3815 1393 3884 συντόμως
1458 3814 1518 3867 τὸ
1558 3812 1753 3885 βλαϐε-

207 3904 290 3972 ρὸν
318 3905 644 3974 ὲκφορῆται.
681 3889 754 3957 τὸ
781 3905 838 3958 δέ
882 3922 945 3972 γε
1006 3906 1254 3975 ἀτμῶδες
1295 3907 1620 3976 περίττωμα
1663 3908 1754 3960 διὰ

203 3995 298 4048 τῶν
339 3997 428 4050 τοῦ
503 3996 730 4064 κρανίου
771 3998 958 4067 ραφῶν
1025 3996 1232 4050 ἄνωθεν
1312 3997 1614 4061 ἐξωθεῖται.
1659 3999 1751 4067 Μὴ

207 4085 438 4158 θαύμαζε
482 4089 538 4142 εί
574 4106 640 4155 γε
692 4087 898 4159 ψυχρός
954 4091 1105 4143 ἔστιν
1151 4093 1178 4144 ὁ
1214 4090 1515 4160 ἐγκέφαλος
1567 4090 1751 4159 φύσει,

205 4183 289 4233 καὶ
315 4182 397 4234 ὅτι
453 4182 682 4252 μείζονα
711 4183 902 4235 τοῦτον
957 4185 988 4236 6
1043 4184 1334 4254 ἄνθρωπος
1393 4184 1542 4254 ἣιτὰ
1592 4183 1755 4236 λοιπὰ

208 4271 308 4334 ζῶα
339 4275 632 4344 κέκτηται.
675 4274 786 4346 Τὴν
816 4276 925 4346 γὰρ
983 4279 1040 4330 ἐν
1092 4281 1159 4348 τῇ
1194 4277 1394 4349 καρδίᾳ
1446 4275 1756 4348 θερμότητά

207 4379 258 4414 τε
291 4365 380 4417 καὶ
406 4365 559 4428 ζέσιν
618 4367 815 4435 χωρεῖν
863 4367 954 4418 ἐπὶ
1001 4365 1063 4417 τὸ
1115 4365 1385 4437 εὑκρατον
1426 4367 1674 4418 ἐντεῦθεν
1728 4367 1756 4418 ὀ

1852 3281 1981 3333 gere
2003 3267 2187 3333 voluit,
2222 3267 2314 3322 sed
2351 3269 2674 3336 quibusdam
2698 3272 2966 3326 meatibus
2983 3273 3189 3326 eil'ectis
3211 3276 3261 3327 in
3287 3277 3419 3343 ipsis

1851 3361 2431 3415 essibusexcrementa
2455 3361 2673 3416 humida
2703 3372 2757 3416 et
2780 3379 2960 3417 crassa
3005 3364 3060 3417 in
3104 3365 3336 3434 palatum
3356 3383 3419 3420 ac

1854 3468 2015 3506 nares
2056 3453 2303 3515 deduxit,
2341 3469 2476 3522 quas
2514 3453 2658 3520 ipsas
2705 3471 2919 3524 quoque
2964 3457 3096 3512 duas
3126 3459 3180 3510 in
3235 3470 3418 3527 partes

1851 3544 2058 3609 divisit,
2079 3545 2527 3614 quibusexcretio
2544 3545 2653 3610 fiat,
2671 3550 3144 3620 utcompendiaria
3167 3551 3314 3620 quasi
3335 3552 3418 3605 via

1854 3637 2200 3706 breviterque
2222 3640 2382 3692 noxia
2409 3648 2701 3710 cgerantur
2733 3650 2788 3695 et
2819 3654 3162 3697 excrementa
3200 3660 3418 3697 sursum

1855 3729 2163 3783 exhalantia
2196 3745 2294 3798 per
2329 3731 2498 3784 cranii
2529 3742 2749 3786 suturas
2801 3749 3016 3786 sursum
3051 3736 3417 3803 expelluntur.

1851 3817 2040 3887 Neque
2084 3820 2293 3873 cerebri
2345 3830 2591 3875 naturam
2638 3837 2760 3876 esse
2810 3823 3059 3892 frigidam
3099 3825 3422 3894 miraberis,

1855 3922 1960 3962 nec
1997 3908 2141 3977 quod
2196 3911 2252 3962 in
2287 3909 2508 3964 homine
2560 3913 2843 3965 cerebrum
2885 3913 3224 3982 sit~amplius
3255 3930 3419 3982 quam

1856 3999 1911 4053 in
1945 4000 2274 4060 animalibus
2304 4002 2540 4056 caeteris.
2574 4002 2708 4056 Nam
2751 4004 2876 4055 hinc
2912 4004 3076 4056 tradit
3102 4006 3421 4060 Aristoteles

1855 4090 2092 4144 calorem
2121 4090 2604 4158 ebullitionemque
2636 4092 2815 4145 cordis
2865 4095 3300 4161 temperatiorem
3346 4095 3424 4148 et-

1858 4181 1968 4246 ﬁei,
1996 4191 2050 4236 et
2097 4182 2274 4252 ipsum
2326 4183 2611 4237 cerebrum
2652 4195 2876 4252 propter
2919 4187 3157 4239 calorem
3205 4203 3418 4240 sursum

1862 4275 2180 4330 tendentem
2235 4289 2345 4330 non
2399 4275 2630 4330 nimium
2671 4260 3077 4331 elferveseerea
3109 4276 3259 4342 Quod
3291 4294 3423 4332 sane

1861 4368 1904 4421 si
1939 4367 2114 4432 ﬁeret,
2143 4381 2252 4421 non
2287 4382 2480 4436 parum
2513 4367 2828 4422 eﬂ‘ectione's
2860 4371 2977 4437 ejus
3010 4369 3422 4437 impedirentur.

217 4454 584 4526 Ἀριστοτέλης
630 4459 817 4526 φησὶν,
881 4457 1044 4510 αὑτὸν
1076 4456 1133 4509 δὲ
1192 4454 1257 4511 αὖ
1293 4459 1382 4512 τὸν
1455 4458 1747 4526 ἐγκέφαλον

1863 4457 2040 4529 Atque
2065 4458 2171 4513 hoc
2205 4459 2324 4512 loco
2349 4467 2586 4512 mentem
2615 4458 2749 4512 mihi
2784 4460 2941 4512 velint
2974 4460 3252 4515 adhibeas.
3285 4464 3423 4527 Quia

211 4547 278 4614 μὴ
306 4548 850 4619 ὑπερθερμαίνεσθαι
881 4551 946 4618 τῇ
988 4551 1378 4619 ἀναφερομένη
1432 4549 1758 4622 θερμότητας

209 4637 338 4712 Ὅρα
369 4642 424 4693 δὲ
449 4641 719 4710 νοηνεχὼς
748 4656 763 4671 ⁶
802 4641 990 4710 ἐπειδὴ
1030 4643 1137 4711 γὰρ
1168 4643 1444 4711 ἡτοιαύτη
1481 4644 1756 4712 θερμότης

211 4730 396 4794 μείζων
427 4733 564 4794 ἐστὶ,
596 4731 797 4799 μείζων
844 4732 951 4800 ἄρα
999 4733 1092 4783 καὶ
1130 4732 1248 4801 ηεξ
1299 4733 1600 4800 ἐγκεφάλου
1655 4735 1756 4801 ψυ-

209 4821 395 4890 χρότης
432 4840 492 4874 τε
548 4823 683 4890 ὀμοῦ
725 4826 816 4875 καὶ
865 4823 1096 4891 ὑγρότης
1134 4824 1462 4889 ἀντίκειται,
1489 4820 1556 4894 ἧς
1591 4826 1754 4894 ὑγρό-

208 4928 355 4981 τητος
378 4915 541 4967 ἕνεκα
575 4915 671 4967 καὶ
711 4914 1004 4983 ὀψιαίτατα
1053 4915 1330 4984 πήγνυται
1387 4917 1449 4967 τὸ
1477 4921 1606 4984 περὶ
1653 4917 1752 4984 τὴν

209 5006 436 5078 κεφαλὴν
461 5008 676 5073 ὀστοῦν,
707 5008 735 5060 ὂ
791 5009 854 5076 δὴ
905 5007 1000 5066 καὶ
1062 5007 1277 5076 βρέγμα
1317 5007 1541 5088 καλοῦσί
1581 5025 1748 5068 τινες.

209 5093 356 5150 Ἀλλὰ
384 5100 477 5152 καὶ
510 5101 688 5170 ῥαφὰς
721 5100 942 5162 πλείους
973 5099 1001 5150 ὀ
1028 5100 1313 5168 ἄνθρωπος
1345 5099 1628 5168 κέκτηται,
1661 5101 1752 5152 καὶ

213 5187 401 5252 μᾶλλον
432 5191 457 5241 6
488 5191 648 5260 ἁνήρ.
683 5190 839 5250 Τίνος
873 5190 1058 5242 ἕνεκεν
1087 5207 1101 5254 ;
1162 5190 1285 5242 ’Ότι
1346 5191 1440 5242 καὶ
1488 5191 1688 5245 πλείων
1728 5196 1756 5245 6

211 5279 495 5346 ἐγκέφαλος
552 5282 699 5349 αὐτῷ
739 5282 1056 5349 πρόσεστιν·
1091 5281 1177 5333 ἵνα
1239 5283 1371 5350 γοῦν
1439 5283 1676 5352 ἔμπνους
1727 5289 1755 5337 6

213 5369 362 5430 τόπος
391 5367 446 5441 ᾖ,
482 5371 746 5422 πλειόνων
779 5372 807 5422 ό
839 5373 977 5439 ἀνὴρ
1007 5370 1200 5439 ἐδεήθη
1250 5371 1459 5441 ῥαςρῶν.
1495 5372 1604 5424 Καὶ
1662 5371 1756 5442 ξη-

214 5458 295 5522 ρδς
329 5459 469 5527 μὲνό
513 5460 754 5522 τοιοῦτος
785 5463 878 5512 καὶ
909 5461 1200 5531 ἀπέριττος
1246 5462 1320 5514 ὢν
1364 5465 1585 5516 συνετόν
1634 5482 1754 5517 τινα

213 5552 345 5601 ποιεῖ
369 5553 459 5602 καὶ
492 5554 777 5618 νηφάλιον,
813 5551 1086 5620 κάθυγρος
1116 5553 1170 5605 δὲ
1203 5553 1277 5605 ὢν
1303 5556 1556 5606 τάναντία
1588 5560 1750 5620 ποιεῖ,

212 5639 401 5708 νωθρὸν
424 5642 664 5712 δηλονότι
687 5644 780 5695 καὶ
797 5643 1013 5713 ὑπνώδη
1047 5649 1139 5696 καὶ
1171 5648 1432 5717 ῥᾴθυμον.
1469 5649 1576 5701 Καὶ
1596 5650 1756 5716 “nptia-

215 5739 347 5793 σχες,
368 5731 413 5780 εἰ
437 5731 637 5800 βούλει,
658 5730 735 5799 τῷ
770 5723 1297 5801 σοφῲἭράλλείτῳτ
1326 5735 1589 5804 ξηροτέρη
1615 5737 1752 5807 ψυχὴ

1865 4565 2094 4619 magnus
2136 4559 2218 4604 est
2263 4551 2447 4604 cordis
2481 4550 2650 4614 calor,
2711 4551 2914 4605 idcirco
2944 4556 3104 4605 etiam
3137 4553 3308 4622 major
3344 4555 3418 4608 ilii

1864 4641 2132 4711 frigiditas
2181 4643 2390 4696 cerebri
2427 4651 2481 4696 et
2537 4643 2833 4696 humiditas
2889 4645 3216 4713 opponitur;
3268 4647 3423 4716 cujus

1863 4731 2204 4786 humiditatis
2237 4748 2404 4787 causa
2435 4747 2693 4802 perquam
2737 4749 2863 4786 sero
2911 4734 3106 4802 capitis
3131 4750 3192 4789 os
3224 4751 3421 4789 conso-

1864 4823 2088 4889 lidatnr,
2132 4826 2275 4893 quod
2316 4826 2533 4895 bregma
2576 4826 2822 4878 nonnulli
2867 4837 3084 4881 vocant.
3112 4827 3179 4882 Et
3208 4841 3423 4882 suturas
3499 4815 3505 4819 ’

1863 4919 2079 4984 capitis,
2137 4933 2237 4970 ceu
2268 4917 2528 4981 diximus,
2563 4918 2725 4970 homo
2760 4917 2940 4986 plures
2981 4918 3165 4986 habet,
3200 4935 3425 4986 prmser—

1866 5009 2070 5078 timque
2102 5009 2200 5062 vir.
2245 5008 2609 5075 Quamobrem
2651 5010 2834 5064 istuc?
2877 5009 3014 5076 Quia
3049 5012 3332 5066 cerebrum
3367 5016 3420 5068 in

1863 5115 1945 5177 eq
1972 5116 2187 5170 quoque
2234 5101 2410 5171 majus
2447 5109 2550 5156 est.
2590 5100 2656 5156 Ut
2699 5101 2864 5171 igitur
2907 5103 2998 5157 hic
3049 5101 3200 5158 locus
3235 5106 3426 5159 l'etoris

1865 5208 2059 5259 expers
2093 5202 2236 5246 esset
2288 5195 2539 5258 maxime,
2571 5193 2651 5247 vir
2694 5194 2942 5263 pluribus
2991 5196 3196 5250 suturis
3235 5198 3428 5265 egebat

1867 5297 1963 5350 pro
2024 5281 2197 5348 ipsius
2253 5282 2508 5335 nimirum
2569 5283 2780 5337 cerebri
2831 5284 3212 5354 amplitudine.
3267 5285 3463 5354 116,

1864 5372 2065 5438 Quodsi
2093 5374 2378 5426 cerebrum
2414 5374 2535 5442 quis
2559 5375 2758 5428 siccum
2793 5375 3121 5446 minimeque
3147 5386 3422 5446 gratatum

1862 5463 1930 5515 ab
1968 5463 2331 5517 excrementis
2389 5465 2616 5542 habeat,
2678 5467 2918 5534 prudens
2987 5477 3148 5535 atque
3208 5467 3424 5519 sobrius

1864 5555 2060 5621 evadit,
2100 5571 2221 5608 cum
2253 5558 2496 5624 ejusdem
2555 5557 2847 5613 humiditas
2895 5559 3227 5612 contrarium
3269 5558 3424 5625 quid-

1863 5651 1983 5702 dam
2017 5650 2230 5714 etIiciat,
2286 5652 2560 5705 hominem
2608 5654 2860 5706 videlicet
2900 5652 3166 5715 desidem,
3199 5666 3419 5704 somno-

1863 5740 2092 5804 lentum,
2127 5741 2397 5811 ignavum.
2433 5741 2583 5796 Licet
2618 5745 2722 5796 hoc
2751 5745 2814 5795 de
2857 5741 3114 5812 sapientis
3159 5740 3416 5798 Heracliti
3459 5784 3462 5785 ν
