3862 6228
481 265 584 333 231

1636 236 1648 240 ”
1747 271 2034 334 MICHAE

2138 273 2162 336 Ξ
2201 275 2456 338 GLYCE
3605 281 3688 343 232

477 385 661 439 verbis
698 384 995 456 intelligas,
1039 384 1129 453 qui
1161 384 1422 440 animam
1453 387 1734 442 sicciorem
1764 389 1897 443 dixit
1925 405 2034 445 esse

2151 394 2458 464 σοφωτέρη.
2518 393 2639 446 Ἐπὶ
2689 394 2795 465 γὰρ
2836 393 2941 446 τῶν
2997 391 3178 462 ὑγρῶν
3232 381 3691 461 κατακλυζόμενον-

479 477 886 546 sapientiorem.
941 475 1076 530 Nam
1132 477 1185 530 in
1231 478 1468 532 cerebris
1525 479 1760 533 humidis
1819 482 2044 550 spiritus

475 569 731 624 animalis
768 569 936 623 veluti
981 569 1323 634 submersus,
1350 581 1409 625 ut
1437 581 1490 625 et
1518 573 1572 626 in
1619 573 1833 626 feminis
1862 583 1942 628 est
1965 575 2045 628 vi-

477 661 626 725 dere,
659 661 1071 729 prarclarissime
1126 677 1254 716 suas
1288 662 1608 717 eilectioncs
1633 665 1913 719 absolvere
1947 680 2042 719 ne-

476 752 618 819 quit.
646 753 852 806 Idcirco
879 753 1095 805 divinus
1130 753 1217 807 ille
1265 754 1500 824 Cyrillus
1535 770 1720 808 sexum
1751 756 2042 809 femineum

480 843 700 897 dimidia
736 855 889 912 parte
934 843 1179 898 vit-drum
1231 845 1394 898 indoli
1442 846 1637 899 cedere
1681 847 1836 902 dixit.
1870 849 2046 916 Atque

481 936 593 990 haec
633 934 700 988 de
746 945 888 989 statu
932 935 1349 1004 conditioncquc
1395 937 1606 990 cerebri
1637 938 1862 991 naturali
1901 938 2042 994 dicta

477 1035 660 1080 sunto.
693 1026 826 1080 Cum
857 1035 1035 1079 autem
1078 1026 1196 1092 plus
1222 1042 1377 1094 aequo
1418 1026 1690 1092 siccescit,
1713 1043 1935 1082 necesse
1960 1040 2045 1083 cst

480 1118 758 1171 imminent
794 1117 912 1170 ιωάὶ
947 1129 1000 1170 et
1035 1116 1219 1186 amigi.
1249 1116 1381 1170 Nam
1413 1119 1764 1172 vehementes
1793 1119 2040 1187 quaedam

482 1211 896 1276 temperamenti
925 1208 1054 1278 justi
1081 1209 1516 1276 perturbationes
1548 1210 1779 1278 partium
1802 1211 2039 1278 ipsarum

479 1300 794 1354 circe-tiones
847 1299 997 1368 quasi
1055 1299 1344 1354 retundere
1390 1313 1816 1357 consueverunt.
1857 1303 2042 1372 Itaque

479 1392 598 1447 ﬁeri
629 1392 949 1459 plerumque
977 1389 1138 1453 solet,
1172 1403 1227 1442 ut
1259 1390 1343 1443 vel
1371 1392 1578 1459 jejunia
1611 1393 1695 1446 vel
1718 1393 1910 1463 vigilia!
1947 1410 2044 1448 na-

479 1483 708 1536 turalem
770 1480 978 1535 cert-bri
1034 1482 1328 1534 siccitatem
1378 1483 1500 1551 plus
1565 1499 1721 1553 aequo
1782 1477 2042 1555 augentes

479 1574 787 1644 huiusmodi
819 1574 1037 1627 morbos
1099 1573 1340 1643 gignant.
1389 1574 1592 1642 Estque
1624 1586 1904 1644 propterea
1949 1593 2043 1631 ne-

471 1666 773 1719 cessarium
816 1673 873 1717 ut
907 1663 1158 1718 homines
1203 1663 1258 1716 in
1287 1664 1430 1717 hunc
1471 1665 1690 1718 modum
1729 1665 1906 1720 allecti
1957 1667 2041 1720 vi-

2144 486 2311 539 oiovei.
2341 486 2399 556 τὸ
2421 486 2650 554 ψυχικὸν
2681 486 2916 554 πνεῦμα,
2953 484 3206 553 καθάπερ
3234 483 3330 536 καὶ
3354 484 3447 536 ἐπὶ
3481 482 3591 536 τῶν
3611 501 3686 550 γυ-

2145 577 2347 631 ναικῶν
2397 577 2542 630 ἔστιν
2592 576 2739 640 ἰδεῖν,
2784 577 3027 645 ἐνεργεῖν
3062 575 3302 645 ἀρίστως
3345 575 3404 626 οὑ
3458 575 3683 628 δύναται.

2144 669 2302 722 Κατὰ
2340 669 2447 738 γὰρ
2478 667 2636 722 τοῦτο
2657 669 2753 720 καὶ
2778 668 2874 738 τῆς
2893 667 2999 721 τῶν
3026 667 3236 736 ἀνδρῶν
3273 668 3504 734 εὐφυΐας
3537 667 3686 731 καὶὲξ

2145 761 2398 831 ἡμισείας
2447 759 2834 813 ἀπολείπεσθαι
2872 760 2931 811 τὸ
2981 758 3112 828 θῆλύ
3144 743 3323 825 ⁴φησιν
3358 758 3385 809 ὁ
3435 756 3684 821 θειότατος

2146 853 2432 923 Κύριλλος.
2472 855 2575 905 Καὶ
2604 853 2744 905 οὑτω
2767 852 2863 922 μὲν
2893 852 2920 903 ὁ
2952 852 3109 919 λόγος
3141 851 3270 920 περὶ
3298 851 3405 903 τῶν
3434 851 3581 903 κατὰ
3605 851 3684 918 φύ-

2147 963 2230 998 σιν
2269 945 2501 1013 ἐχόντων
2540 944 2815 1007 διέξεισιν.
2850 941 3046 995 Ἠνὶκα
3086 942 3141 994 δὲ
3182 941 3472 1011 ξηρότερος
3512 940 3684 992 ἑαυτοῦ

2140 1038 2236 1091 καὶ
2261 1037 2420 1089 πλέον
2458 1035 2552 1088 τοῦ
2591 1035 2800 1097 δέοντος
2835 1036 2862 1086 ὀ
2896 1033 3195 1103 ἐγκέφαλος
3230 1032 3480 1102 γένηται,
3527 1049 3683 1106 παραέ

2143 1129 2326 1182 παίειν
2363 1129 2422 1193 ἐξ
2456 1129 2698 1197 ἀνάγκης
2731 1124 2878 1180 ποιεῖ
2907 1126 2998 1180 τὸν
3036 1126 3342 1196 ἄνθρωπον.
3372 1125 3436 1178 Αἱ
3470 1124 3684 1192 μεγάλχι

2142 1223 2250 1291 γὰρ
2287 1220 2610 1290 δυσκρασίαι
2659 1220 2758 1284 τὰς
2798 1220 3079 1291 ἐνεργείας
3106 1219 3216 1270 τῶν
3263 1217 3467 1287 μορίων
3501 1216 3684 1285 ἀμϐώ-

2141 1331 2255 1369 νειν
2281 1310 2728 1366 είώθασιν.”Οθεν
2753 1313 2786 1381 ἡ
2813 1295 2998 1365 ἀσιτία
3029 1309 3312 1371 πολλάκις,
3348 1310 3433 1361 ναὶ
3476 1310 3587 1378 μὴν
3608 1310 3682 1361 καὶ

2143 1408 2176 1474 ἡ
2213 1404 2524 1472 ἀγρυπνία,
2546 1405 2645 1472 τὴν
2686 1403 2827 1456 κατὰ
2859 1401 3020 1469 φύσιν
3050 1401 3438 1455 ἐπεκτείνουσα
3473 1403 3569 1452 τοῦ
3609 1403 3681 1466 ἐγ-

2142 1495 2383 1562 κεφάλου
2439 1494 2731 1564 ξηρότητα,
2773 1495 2944 1544 ποιεῖν
2977 1491 3132 1544 εῖωθε
3185 1491 3410 1544 τοιαῦτα
3447 1491 3676 1561 συμπτώ-

2147 1605 2314 1656 ματα.
2343 1588 2500 1640 Κατὰ
2531 1587 2640 1655 γὰρ
2666 1586 2832 1638 τοῦτο,
2854 1585 2947 1638 καὶ
2978 1585 3252 1654 ὑγροτέρᾳ
3281 1583 3461 1655 διαίτῃ
3503 1582 3678 1655 κεχρῆ-

2145 1677 2272 1731 σθαι
2305 1676 2431 1739 τοὺς
2457 1675 2598 1738 οὑτω
2625 1673 2973 1736 διατεθέντας
2997 1673 3309 1740 ἐπάναγκες
3328 1688 3342 1705 ·
3383 1674 3450 1724 τὰ
3479 1672 3582 1742 γὰρ
3609 1673 3678 1724 διὰ

475 1766 596 1810 ctus
630 1757 842 1810 ratione
864 1755 1142 1823 aliquanto
1177 1755 1487 1809 humidiore
1511 1763 1752 1821 utantur;
1780 1771 1904 1810 nam
1932 1759 2034 1812 orti

2143 1734 2584 1839 ξηρότητα-πάθη
2609 1768 2676 1836 τῇ
2709 1734 2965 1835 ὑγρότητι
2991 1734 3380 1833 θεραπεύονται
3403 1734 3679 1833 (‘25)."1'21-

473 1851 541 1904 de
572 1849 817 1904 siccitate
847 1850 1019 1904 incrbi
1050 1864 1148 1918 per
1177 1849 1555 1903 humiditatem
1588 1859 1868 1904 curantur.
1903 1851 2040 1906 Rur-

473 1959 593 1998 sum
614 1943 661 2004 si
695 1959 756 1997 ex
784 1943 970 1996 morbo
993 1941 1223 2010 quodam
1253 1943 1372 2009 plus
1388 1957 1543 2010 :equo
1565 1941 1633 1995 sit
1652 1943 1928 1997 humidum
1952 1960 2040 1998 ee-

469 2037 711 2100 rebrmu,
739 2033 999 2103 subsequi
1038 2047 1220 2085 rerum
1258 2031 1462 2086 oblivio
1491 2043 1544 2086 et
1571 2033 1858 2088 infatuatio
1892 2050 2038 2104 qua:-

431 2130 591 2196 ,dam
628 2128 786 2192 solet,
818 2143 992 2196 eaque
1030 2133 1174 2178 tanta
1205 2135 1264 2178 ut
1290 2139 1663 2194 saepenumero
1694 2134 1798 2179 tam
1836 2129 2034 2182 artium

467 2232 631 2286 quam
665 2218 968 2271 litterarum
1002 2217 1196 2284 suique
1229 2217 1364 2269 adeo
1400 2217 1637 2271 nominis
1679 2211 1842 2271 homo
1877 2234 2034 2288 pror-

465 2323 558 2362 sus
592 2306 960 2361 obliviscatur.
996 2304 1196 2360 Tribus
1231 2305 1488 2358 nimirum
1519 2306 1853 2362 membranis
1883 2322 2038 2362 cere-

465 2400 622 2453 brum
653 2397 1024 2468 distinguitur,
1066 2411 1128 2450 ac
1163 2396 1499 2452 ventriculus
1531 2398 1747 2466 quidem
1791 2397 1905 2466 ejus
1932 2415 2032 2453 an-

464 2490 632 2546 terior
697 2488 968 2542 facultatis
1030 2487 1379 2544 informantis
1445 2499 1500 2544 ct
1555 2491 1903 2560 imaginantis
1951 2503 2034 2546 est

464 2583 886 2636 instrumentum
920 2620 936 2645 ,
996 2579 1206 2634 medius
1253 2596 1383 2635 vero
1416 2582 1734 2652 cogitantis,
1791 2585 2032 2652 posticus

464 2671 705 2739 denique
759 2669 1117 2722 recordantis.
1150 2667 1360 2723 Etenim
1405 2669 1582 2739 primo
1629 2683 1742 2724 rem
1774 2671 1911 2726 hanc
1939 2683 2034 2730 aut

463 2759 610 2814 illam
639 2759 1023 2814 informatione
1058 2760 1286 2828 quadam
1310 2761 1688 2830 concipimus;
1732 2761 1929 2817 deinde
1964 2764 2032 2819 de

464 2851 761 2905 informato
805 2853 1166 2918 rationamur,
1199 2851 1328 2921 quid
1365 2861 1420 2907 et
1440 2853 1738 2922 quotuplex
1770 2868 1800 2907 a
1836 2864 2031 2909 natura

458 2943 549 3010 sit,
577 2951 739 3010 atque
768 2943 838 2997 ita
871 2943 924 2996 in
966 2944 1282 2998 memoriam
1314 2945 1526 2999 tandem
1549 2947 1918 3001 recondimus.
1961 2947 2031 3002 Et

461 3033 578 3088 haec
608 3034 829 3104 quidem
863 3035 1178 3106 accipienda
1211 3035 1371 3090 de‘iis
1393 3047 1520 3090 sunt
1548 3039 1638 3106 qui
1679 3047 1828 3092 recte
1850 3039 2028 3094 alIecti

457 3134 588 3181 sunt
624 3136 787 3196 atque
818 3127 960 3182 sani.
989 3126 1192 3193 Quodsi
1223 3127 1308 3182 vel
1358 3143 1524 3181 unum
1575 3129 1777 3196 aliquid
1829 3130 2025 3184 horum

456 3217 649 3271 morbo
707 3220 938 3288 quodam
998 3234 1327 3289 quocunque
1380 3229 1538 3290 pacto
1577 3221 1860 3286 alliciatur,
1895 3232 2025 3276 tunc

454 3307 576 3372 ejus
603 3311 772 3378 partis
804 3310 1017 3364 ratione
1059 3309 1240 3364 anima
1284 3325 1422 3379 pure
1454 3312 1643 3380 nequit
1667 3315 1852 3374 edicax
1880 3328 2020 3368 esse.

451 3396 578 3461 Haec
610 3397 726 3464 tibi,
759 3399 956 3452 dilecte
982 3399 1077 3464 liii,
1111 3399 1385 3453 monendo
1405 3401 1657 3469 subjicio,
1687 3416 1756 3456 ne
1783 3402 2020 3457 siderum

451 3487 597 3540 inter
617 3503 676 3542 se
706 3487 1168 3544 conformationes
1206 3499 1262 3544 et
1305 3483 1562 3560 aspectus
1600 3493 1862 3562 causeris,
1890 3509 2016 3550 cum

450 3579 786 3636 naturalibus
823 3581 1132 3652 bujusmodi
1159 3581 1406 3652 quaedam
1445 3584 1748 3640 rationibus
1785 3587 2002 3642 evenire

452 3672 858 3747 consueverint.

2141 1862 2401 1933 χρότερος
2429 1858 2485 1912 δὲ
2511 1859 2672 1912 πάλιν
2717 1856 2910 1910 ἐαυτοῦ
2942 1856 3028 1910 διά
3057 1873 3179 1909 τινα
3210 1860 3360 1907 νόσον
3410 1855 3677 1922 γεγονὼςὸ

2137 1955 2436 2023 ἐγκέφαλος
2487 1952 2584 2005 καὶ
2621 1951 2792 2022 λήθην
2838 1949 3032 2016 ἐπάγει
3088 1950 3182 2002 καὶ
3232 1948 3516 2018 μώρωσιν,
3561 1946 3674 1999 κατὰ

2136 2045 2388 2101 τοσοῦτον
2439 2043 2496 2095 δὲ
2536 2042 2676 2095 ὥστε
2726 2042 2822 2094 καὶ
2854 2041 3058 2110 τεχνῶν
3105 2043 3198 2092 καὶ
3229 2039 3571 2108 γραμμάτων
3600 2039 3674 2090 καὶ

2135 2136 2230 2190 τοὺ
2265 2136 2528 2202 ὀνόματος
2556 2130 2820 2194 πολλάκις
2855 2129 3020 2184 αὑτοῦ
3057 2128 3194 2198 μετὰ
3225 2129 3322 2196 τὴν
3353 2127 3543 2194 ὑγείαν
3579 2128 3675 2176 ἐπι-

2135 2223 2390 2294 λελῆσθαι
2426 2223 2518 2276 τὸν
2553 2221 2861 2290 ἄνθρωπον.
2893 2218 3051 2288 Τρισὶ
3090 2217 3204 2270 καὶ.
3229 2217 3338 2285 γὰρ
3382 2217 3544 2284 ὑμέσι
3581 2213 3674 2284 διῄ-

2139 2330 2299 2384 ρηται
2329 2316 2355 2365 ὁ
2387 2311 2708 2380 ἐγκέφαλος.
2759 2309 2870 2363 Καὶ
2909 2311 2943 2380 ὴ
2975 2309 3072 2378 μὲν
3098 2309 3131 2378 ἡ
3163 2307 3500 2376 ἐμπρόσθιος
3534 2304 3672 2357 αὖτοῦ

2135 2404 2310 2457 κοιλία
2357 2402 2588 2470 ὄργανόν
2637 2404 2754 2456 ἐστι
2801 2399 2895 2454 τοὺ
2953 2396 3346 2469 φανταστικοῦ,
3376 2398 3410 2466 ἡ
3455 2395 3510 2448 δὲ
3555 2395 3671 2464 μέση

2135 2493 2316 2546 κοιλία
2335 2491 2566 2561 ὄργανόν
2587 2492 2704 2543 ἐστι
2721 2489 2814 2564 τοῦ
2838 2486 3198 2559 διανοητικοῦ,
3234 2489 3325 2539 καὶ
3344 2488 3377 2556 ἡ
3405 2488 3566 2556 ἐτέρα
3591 2485 3674 2535 πά-

2135 2585 2218 2638 λιν
2251 2585 2345 2637 τοῦ
2383 2581 2840 2654 μνημονευτικοῦ.
2863 2582 3132 2652 Πρότερον
3163 2580 3263 2649 μὲν
3297 2582 3406 2648 γὰρ
3429 2577 3674 2646 φανταζό-

2135 2677 2278 2746 μεθα
2328 2677 2444 2728 τόδε
2485 2676 2544 2727 τὸ
2575 2677 2842 2744 πρᾶγμα·
2887 2673 3024 2744 μετὰ
3077 2673 3250 2724 ταῦτα
3279 2669 3673 2738 διαλογιζόμεθα

2132 2768 2193 2821 τὸ
2246 2767 2568 2835 φαντασθὲν,
2607 2767 2660 2817 τί
2707 2783 2766 2818 τε
2821 2765 2914 2820 καὶ
2947 2765 3191 2816 ποταπὸν
3230 2762 3362 2816 αὑτὸ
3403 2763 3498 2831 τὴν
3532 2760 3676 2829 φύσιν

2132 2858 2278 2912 ἐστίν
2300 2875 2314 2890 ·
2345 2853 2448 2910 εἷθ’
2485 2857 2655 2918 οὑτως
2683 2858 2749 2926 τῇ
2786 2857 2973 2926 μνήμη
3002 2855 3062 2908 τὸ
3105 2854 3350 2907 τοιοῦτον
3382 2851 3671 2906 ἐναποτίθεο

2138 2968 2258 3022 μεν.
2289 2951 2397 3003 Καὶ
2416 2949 2586 3002 ταῦτα
2617 2949 2714 3018 μὲν
2753 2951 2846 3002 ἐπὶ
2874 2949 2984 3002 τῶν
3021 2949 3252 3018 ἐχόντων
3295 2945 3477 3009 καλῶς
3509 2961 3562 2997 τε
3590 2946 3671 2997 καὶ

2135 3041 2301 3110 ὑγιῶς
2327 3058 2341 3074 ο
2371 3039 2484 3094 ἀλλ’
2516 3044 2733 3094 ἐπειδὰν
2768 3041 2825 3094 ἓν
2862 3041 2920 3104 ἐξ
2945 3041 3123 3092 αὑτῶν
3154 3039 3317 3092 πάθει
3343 3038 3449 3092 τινὶ
3468 3037 3666 3104 ὁπωσδὴ

2134 3151 2264 3188 ποτε
2315 3137 2604 3208 περιπέσῃ,
2639 3137 2758 3188 τότε
2788 3133 2910 3187 κατ’
2941 3135 3118 3186 ἐκεῖνο
3163 3133 3223 3185 τὸ
3278 3135 3441 3203 μέρος
3478 3135 3510 3200 ἡ
3543 3132 3668 3199 ψυχὴ

2134 3225 2388 3293 καθαρῶς
2425 3225 2666 3293 ἐνεργεῖν
2718 3224 2778 3276 οὑ
2826 3224 3074 3276 δύναται.
3118 3220 3302 3298 Ταῦτα
3349 3221 3424 3286 δὲ,
3477 3222 3668 3283 τέκον,

2134 3312 2430 3381 ὑποτίθημί
2460 3329 2565 3376 σοι,
2602 3313 2759 3376 ὅπως
2791 3311 2866 3382 μὴ
2893 3313 3022 3374 τοὺς
3063 3311 3172 3373 τῶν
3203 3313 3449 3378 ἀστέρων
3479 3325 3671 3377 σχημα·

2131 3405 2357 3473 τισμοὺς
2384 3403 2618 3456 αἰτιάσει
2659 3402 3097 3474 καθυποϐάλλῃς,
3131 3402 3184 3456 ετ
3210 3419 3270 3471 γε
3306 3403 3547 3471 φυσικοῖς
3574 3412 3672 3452 τισι

2131 3497 2310 3565 λόγοις
2338 3496 2406 3550 τὰ
2443 3493 2670 3550 τοιαῦτα
2693 3495 2940 3566 γίνεσθαι
2971 3494 3151 3550 εἴωθε.
3217 3533 3236 3544 .

499 3777 636 3860 ’(25)
667 3789 773 3845 Καὶ
825 3791 979 3847 οὕτω
1014 3794 1251 3865 μένην.
1300 3797 1757 3865 θεραπεύονται.
1799 3798 1878 3854 Ex
1909 3796 1954 3853 ν
1991 3806 2048 3855 et
2076 3797 2142 3855 F.

1038 3987 1040 3989 ,
1404 3987 1408 3990 .
1662 3987 1680 3992 ,.
2712 3988 2722 4016 ι

1230 4160 1848 4296 ΤΜΗΜΑ
1950 4148 2902 4309 ΔΕΥΤΕΡΟΝ.

1766 4503 2133 4615 PARS
2222 4506 2400 4620 ΙΙ..

1205 4725 1309 4784 ΑΒ
1351 4721 1635 4786 ADAMO
1677 4721 1935 4796 USQUE
1985 4725 2079 4784 AD
2125 4721 2473 4785 CAESARIS
2519 4719 2942 4784 lMPERlUM.

521 5018 598 5072 Ac
618 5029 807 5072 sumus
835 5014 1050 5086 quidem
1082 5015 1351 5068 hactenus
1381 5011 1720 5081 longioribus
1754 5012 1808 5065 in
1843 5026 2011 5080 cxpo-
2045 5019 2088 5074 ι)

447 5111 646 5164 sitione
703 5109 804 5164 hac
856 5107 1281 5179 digressionibus
1333 5107 1438 5166 usi,
1497 5119 1686 5157 verum
1744 5104 1794 5157 id
1850 5115 2012 5157 omine

361 5253 364 5256 .
447 5202 629 5256 studio
681 5201 918 5255 discendi
975 5208 1088 5263 tuo,
1144 5213 1251 5266 quo
1301 5211 1431 5249 sane
1478 5196 1733 5265 singulari
1797 5195 2010 5273 ﬂagras,

446 5295 709 5348 tributum
759 5303 866 5346 est.
903 5291 1117 5360 Quippe
1171 5290 1300 5343 dum
1347 5287 1649 5356 cupiditati,
1685 5303 1781 5341 ceu
1835 5285 2009 5353 vides,

444 5397 547 5439 tute
591 5385 975 5456 gratiﬁeamur,
1016 5395 1212 5452 magno
1265 5381 1378 5433 haec
1427 5379 1610 5433 labore
1653 5389 1819 5449 atque
1853 5379 2012 5434 indu-

2195 5011 2379 5062 Ταὺτα
2411 5010 2508 5080 μὲν
2542 5005 2635 5064 οὖν
2665 5012 2712 5062 εὶ
2741 5013 2835 5063 καὶ
2867 5011 3417 5085 παρεκϐατικώτερον
3442 5014 3663 5083 εἴρηται,
3761 5007 3767 5016 ’

2117 5103 2253 5157 ἀλλὰ
2297 5102 2656 5172 φιλομαθείας
2703 5104 2865 5157 ἕνεκα
2915 5107 3132 5168 πάντως
3174 5107 3273 5176 τῆς
3319 5109 3431 5176 σῆς.
3464 5107 3686 5184 Ἐφεσίη

2117 5199 2363 5266 καὶγὰρ,
2394 5196 2467 5258 ὡς
2495 5197 2647 5266 ὁρᾷς,
2673 5199 2745 5267 τῇ
2775 5200 2838 5267 σῇ
2862 5197 3241 5267 χαριζόμενος,
3271 5203 3361 5254 καὶ
3383 5199 3662 5268 φιλοπόνως

2118 5288 2288 5341 ταῦτα
2347 5288 2604 5353 συνέλεξα
2647 5289 2744 5340 καὶ
2786 5287 3085 5358 φιλοτίμως
3124 5290 3261 5360 τῷδε
3308 5291 3547 5359 διείληφε
3593 5287 3661 5357 τῷ

2115 5380 2472 5447 συντάγματι.

440 5482 573 5536 stria
623 5482 936 5552 collegimus
994 5492 1048 5534 et
1097 5479 1148 5531 in
1188 5479 1335 5531 hunc“
1381 5479 1835 5531 commentarium
1888 5475 2133 5532 studiose
2161 5477 2510 5547 digessimus.-

513 5621 529 5640 '
559 5619 614 5670 in
646 5619 841 5704 ms."F.
869 5621 1055 5704 titulus
1085 5626 1308 5704 apparet
1335 5619 1612 5688 augustior
1678 5616 1866 5672 ΑΡΧΗ
1932 5619 2034 5671 Τιι]

2138 5620 2650 5688 ἱΡΟΝΟΓΡΑΦιΑΣ,
2709 5623 2906 5678 deinde
2952 5623 3094 5704 alter
3144 5623 3339 5690 minor,
3374 5617 3509 5687 Περὶ
3557 5617 3657 5689 τῆς

329 5675 338 5678 ’
437 5693 835 5756 φυσιολογίας
863 5690 968 5743 τοῦ
1007 5675 1138 5755 ἅλ’οξ
1155 5675 1340 5742 ὤποιι.
