3862 6228
425 343 531 408 Ξ35

422 550 722 619 semetipso
750 549 973 617 Cainus,
1001 559 1054 603 et
1082 551 1300 619 quidem
1350 552 1414 605 ad
1456 555 1821 608 membrorum
1861 571 1991 609 suo-

420 658 539 695 rum
569 641 898 696 lnxationem
934 644 1254 712 respiciens.
1284 644 1482 699 Verum
1512 647 1656 702 Deus
1679 663 1708 700 e
1732 648 1946 702 diverso
1971 688 1989 714 ,

428 752 445 782 ι
486 731 562 786 Ne
598 733 691 787 tibi
726 732 1123 799 formidaveris,
1163 752 1181 799 ι
1217 736 1337 789 ait:
1378 753 1396 788 ι
1436 753 1559 790 nam
1596 737 1688 806 qui
1736 746 1788 793 te
1829 752 1992 793 neca-

412 825 577 901 verit,
615 825 849 901 septnpli
884 808 1182 881 vindictam
1239 828 1530 883 sustinebit
1557 829 1626 892 ’⁸,
1668 847 1685 879 ι
1753 830 1855 883 hoc
1906 836 1991 882 est

382 926 623 983 vseptem
656 918 859 986 'p‘oeuis
909 919 1146 985 seipsum
1187 919 1483 974 obnoxium
1517 919 1701 975 faciet.
1733 921 1792 975 In
1844 921 1990 974 lumc

420 1009 642 1060 modum
675 1008 808 1062 ~haec
842 1010 1142 1078 perscripta
1199 1010 1450 1081 legimus.
1482 1011 1748 1081 Georgius
1805 1021 1987 1065 autem

423 1100 696 1154 memorie
762 1102 945 1171 prodit
1016 1103 1245 1159 Cainum
1300 1086 1597 1157 miserabili
1652 1112 1828 1157 morte
1890 1118 1990 1171 per

383 1252 392 1272 Ι
424 1193 821 1259 ignorationem
876 1192 1047 1246 fuisse
1077 1192 1453 1262 lperemptum,
1489 1196 1563 1248 uti
1605 1211 1764 1262 quem
1797 1191 1988 1246 Lame-

380 1282 383 1286 ⁴
422 1287 558 1340 chus
603 1286 670 1338 ab
699 1285 869 1338 oettlis
917 1284 1209 1339 destitutus
1251 1285 1549 1353 occiderit;
1577 1287 1721 1356 quod
1762 1300 1891 1339 sane
1928 1285 1990 1339 li-

423 1378 542 1430 dem
612 1377 771 1445 119
827 1377 1024 1430 mereri
1089 1377 1296 1446 nequit.
1360 1377 1493 1430 Nam
1544 1379 1686 1446 «piis.
1737 1380 1985 1443 obsecro,

425 1469 564 1522 scire
604 1478 780 1538 potest
824 1484 951 1521 num
988 1469 1187 1523 Cainus
1219 1471 1399 1523 adhuc
1429 1469 1688 1523 Lamechi
1729 1467 1988 1536 tempori-

422 1563 522 1614 hus
545 1570 820 1628 superstes
853 1561 1047 1615 fuerit?
1079 1561 1224 1616 Certi
1273 1562 1409 1615 nihil
1446 1561 1609 1616 statui
1646 1561 1713 1615 de
1750 1561 1855 1614 hoc
1891 1576 2000 1629 po-

420 1660 544 1713 test.
577 1666 699 1704 cum
745 1667 919 1705 annos
963 1660 1307 1719 posterorum
1362 1651 1517 1705 Caini
1566 1650 1741 1705 Moses
1772 1651 1990 1704 itaque-

421 1743 604 1796 moriae
634 1760 737 1795 non
766 1745 1085 1813 prodiderit,
1121 1752 1178 1798 ut
1216 1744 1571 1798 oriundorum
1604 1759 1634 1797 a
1673 1743 1841 1798 Setho
1875 1762 1889 1797 :
1918 1759 1987 1798 ne

419 1833 596 1889 dicam
629 1836 793 1889 Deum
825 1834 998 1890 Caino
1023 1836 1311 1904 quamdam
1341 1835 1661 1905 apposuisse
1691 1844 1897 1900 notam,
1922 1850 1988 1889 ue

422 1946 447 1981 a
482 1946 752 1999 quoquam
812 1932 1118 1985 necaretur.
1150 1930 1254 1984 Per
1296 1931 1435 1985 hanc
1485 1945 1615 1984 vero
1657 1938 1843 1984 notam
1900 1930 1986 1984 vel

1690 334 2105 412 MIemELis
2144 347 2401 415 cuca:

500 476 519 508 ‹
561 453 816 525 Quisquis
872 468 959 512 me
1019 462 1307 528 repererit,
1363 459 1593 524 occidet,
1634 481 1651 512 ι
1684 458 1875 534 ’ἰιιηιιῑι
1928 466 2072 531 deA

3558 352 3656 420 236

2176 488 2194 520 ι
2248 470 2357 530 Πᾶς
2377 471 2404 524 ὀ
2437 466 2708 537 εὑρίσκων
2735 485 2802 537 με
2835 468 3139 529 ἀποκτενεῖ,
3170 480 3258 539 με.
3312 487 3331 523 1
3390 464 3561 525 Τοῦτο
3601 472 3653 526 δὲ

2096 561 2282 626 ἔλεγεν
2313 562 2395 624 εἰς
2423 560 2597 632 αὐτὴν
2629 561 2853 631 ἀφορῶν
2900 562 3002 631 τὴν
3035 563 3267 629 πάρεσιν
3301 562 3413 615 τῶν
3460 562 3649 632 μελῶν.

2107 651 2268 705 Ἀλλά
2310 651 2382 722 μὴ
2421 653 2609 714 δέδιθι,
2640 652 2743 724 ἔφη
2774 654 2802 706 6
2837 653 3037 723 Κύριος
3062 669 3075 683 ·
3100 655 3130 706 6
3182 653 3294 725 γὰρ
3335 655 3652 720 ἀποκτείνας

2096 762 2152 798 σε
2191 745 2331 798 ἐπτά
2373 745 2733 816 ὲκδικούμενα
2788 746 3113 818 παραλύσει,
3182 734 3477 801 τουτέστιν
3520 749 3649 801 ἑπτὰ

2091 837 2388 907 τιμωρίαις
2404 837 2601 892 ἑαυτὸν
2632 838 2937 892 ὑπεύθυνον
2971 840 3325 909 καταστήσει.
3382 838 3496 892 Καὶ
3532 839 3651 909 περὶ

2095 928 2196 998 μὲν
2223 923 2429 982 τούτων
2468 929 2677 992 οὕτως’
2731 932 2760 984 6
2784 931 2841 985 δὲ
2887 930 3162 1001 Γεώργιος
3198 931 3404 1001 οἰκτρῷ
3444 930 3648 1000 θανάτῳ

2091 1019 2411 1090 τελευτῆσαι
2456 1021 2549 1072 τὸν
2599 1021 2741 1075 Κάἶν
2791 1021 2977 1092 φησίν.
3018 1021 3082 1075 ’0
3111 1021 3169 1076 δὲ
3220 1022 3365 1090 ἱερὸς
3395 1021 3652 1084 Μεθόδιος

2093 1111 2362 1181 Πατάρων
2401 1114 2589 1182 φησὶν,
2641 1114 2722 1167 ὅτι
2762 1114 2791 1166 6
2824 1113 3018 1185 Λάμεχ
3069 1114 3336 1182 φονεύσας
3379 1114 3473 1167 τὸν
3520 1113 3651 1167 Κάῖν

2091 1204 2215 1257 κατ’
2241 1205 2460 1272 ἄγνοιαν
2495 1203 2717 1274 (τυφλὸς
2744 1204 2853 1274 γάρ
2912 1200 3002 1273 ἦν)
3041 1204 3262 1273 θανάτῳ
3307 1205 3645 1273 παρέδωκεν.

2095 1295 2272 1361 Ὅπερ
2300 1295 2597 1360 ἀπίθανοιζ·
2637 1296 2721 1359 τίς
2742 1297 2850 1367 γάρ
2885 1293 3031 1350 εἶδεν
3057 1299 3139 1351 ὅτι
3166 1297 3195 1349 6
3250 1297 3392 1351 Κάἳν
3425 1296 3650 1348 διετέλει

2090 1386 2202 1450 ζῶν
2225 1386 2366 1440 κατὰ
2391 1388 2517 1448 τοὺς
2548 1388 2779 1457 χρόνουςι
2800 1388 2893 1442 τοῦ
2940 1389 3129 1459 Λάμεχ
3160 1405 3175 1449 ;
3215 1387 3447 1455 ’Ἄδηλον
3498 1386 3650 1441 τοῦτο

2088 1473 2178 1547 ἦν,
2213 1479 2295 1531 ὅτι
2323 1479 2433 1532 τῶν
2460 1480 2685 1532 ἀπὸτοῦ
2735 1480 2875 1533 Κάῖν
2927 1480 3027 1533 οὐκ
3084 1480 3392 1549 ἀναγράφει
3449 1477 3651 1546 Μωσῆς

2090 1571 2279 1639 ὥσπερ
2308 1570 2371 1641 δὴ
2398 1571 2507 1624 τῶν
2544 1571 2652 1625 ἀπὸ
2672 1571 2767 1625 τοῦ
2800 1571 2928 1642 Σήθ.
2970 1572 3181 1633 Ἄλλως
3212 1589 3273 1624 τε
3303 1573 3395 1624 καὶ
3428 1574 3648 1641 σημεῖον

2088 1660 2183 1713 τοῦ
2214 1661 2349 1714 Θεοῦ
2390 1662 2572 1723 δόντος
2602 1662 2848 1727 τῷκΚάϊν
2894 1663 2989 1717 τοῦ
3030 1664 3105 1733 μὴ
3143 1662 3501 1730 ἀναιρεθῆναι
3536 1662 3648 1731 (ση-

2094 1752 2244 1821 μεῖον
2289 1751 2345 1804 δὲ
2387 1753 2608 1823 νοητέον
2668 1753 2699 1822 ῆ
2751 1754 2842 1807 τὸν
2894 1754 3022 1823 ὅρον
3083 1754 3245 1807 αύτδνν
3283 1752 3377 1805 τοῦ
3424 1750 3559 1805 Θεοῦ
3615 1750 3645 1820 ἦ

2091 1842 2181 1894 τὸν
2210 1844 2319 1897 τῶν
2356 1843 2535 1914 μελῶν
2575 1843 2741 1898 αὐτοῦ
2801 1844 3038 1916 κλόνον),
3080 1845 3197 1908 πῶς
3252 1842 3493 1915 ἀνῃρέθη
3541 1841 3648 1893 λοι-

2094 1933 2195 1984 πόν
2220 1949 2235 1997 ;

420 2014 537 2090 ipsa
576 2020 667 2074 Dei
728 2022 794 2075 de
840 2021 1010 2076 Caino
1068 2021 1337 2103 sententia
1397 2021 1562 2076 debet
1618 2020 1847 2091 intelligi
1901 2021 1986 2075 vel
2025 2024 2397 2079 membrorum
2442 2025 2561 2095 ejus
2629 2025 2945 2098 trepidatio.
3012 2026 3260 2103 Quonam
3302 2018 3470 2097 igitur
3499 2029 3651 2093 pacto

420 2114 524 2167 dici
559 2122 737 2180 potest
766 2129 886 2169 esse
917 2102 1318 2185 interemptus?

488 2202 606 2258 Jam
643 2205 688 2259 si
725 2221 939 2275 quaeras
985 2207 1335 2274 quamobrem
1372 2203 1549 2261 Moses
1599 2203 1752 2277 Caipi
1804 2213 1990 2274 poste-

422 2312 603 2349 rerum
663 2311 837 2351 annos
897 2312 1005 2351 non
1058 2297 1415 2360 recensuerit,
1466 2311 1695 2366 magnus
1746 2295 1837 2349 ille
1889 2296 1986 2350 tibi

421 2389 653 2458 tlyrilius
685 2389 735 2441 iu
769 2388 1058 2459 Glaphyris
1085 2390 1198 2444 sive
1231 2389 1586 2443 varietatibus
1615 2388 1728 2444 suis
1762 2402 1988 2458 restion-

423 2481 589 2535 debit.
620 2481 738 2535 Non
776 2484 879 2538 hoc
929 2484 1131 2538 factum
1167 2494 1273 2546 est,
1302 2483 1598 2552 inquit,‘ex
1639 2480 1986 2549 ignoratione

421 2574 652 2641 quadam
687 2574 803 2639 Dei,
844 2577 937 2630 sed
969 2577 1094 2645 quia
1126 2584 1468 2645 peccatorum
1495 2588 1670 2626 annos
1711 2580 1986 2641 totamque

422 2667 559 2719 adeo
606 2667 773 2720 vitam
811 2667 950 2722 libro
996 2668 1296 2724 viventium
1350 2666 1620 2721 contineri
1651 2666 1807 2719 nolit.
1837 2665 1984 2719 Idem

420 2752 652 2830 Cyr‘illus
697 2761 864 2816 refert
906 2761 1130 2814 Cainum
1185 2770 1240 2814 et
1280 2759 1509 2814 Abelum
1543 2758 1714 2813 fuisse
1760 2758 1984 2827 figuram

426 2853 707 2922 prfinigcni
760 2853 948 2933 populi
991 2853 1198 2908 Judaici
1232 2863 1286 2907 ct
1311 2851 1515 2907 Christi
1560 2850 1887 2919 Christoque
1920 2849 1987 2904 fi-

423 2950 690 3001 dentium.
720 2947 1188 3013 Quemadmodum
1223 2938 1369 3000 enim
1409 2942 1614 2999 Cainus
1659 2941 1859 2997 invidia
1888 2940 1987 2996 tia-

425 3056 585 3112 grans
633 3040 859 3111 profuso
916 3040 1105 3094 fratris
1147 3038 1410 3109 sanguine
1456 3052 1563 3090 non
1619 3035 1795 3090 solum
1833 3050 1862 3088 a
1896 3033 1993 3088 Dei

426 3124 739 3203 conspectu.
797 3133 1068 3201 profugit,
1122 3147 1310 3185 verum
1385 3129 1548 3183 etiam
1606 3129 1662 3181 in
1716 3123 1991 3197 ejusmodi

2165 2209 2227 2260 Εί
2260 2208 2315 2262 δὲ
2365 2210 2570 2278 ζητεῖς,
2600 2209 2717 2273 πῶς
2751 2209 2819 2263 τά
2859 2210 2953 2279 ἔτη
2978 2210 3087 2265 τῶν
3121 2208 3229 2264 ἀπὸ
3258 2208 3352 2262 τοῦ
3389 2210 3534 2262 Κάῖν
3558 2208 3651 2260 οὐκ

2092 2301 2398 2370 ἀναγράφει
2428 2300 2659 2369 Μωσῆς.
2692 2303 2718 2354 6
2746 2300 2918 2372 μέγας
2949 2301 3215 2372 Κύριλλος
3270 2301 3327 2352 ὲν
3356 2301 3472 2362 τοῖς
3519 2299 3648 2351 Γλα-

2092 2394 2283 2463 φυροῖς
2323 2393 2487 2446 αὐτοῦ
2518 2393 2714 2459 διδάξει
2745 2409 2804 2445 σε
2827 2392 3000 2461 λέγων
3032 2394 3114 2446 ὅτι
3152 2392 3214 2445 οὐ
3262 2392 3385 2447 κατ’
3433 2390 3650 2459 ἄγνοιαν

2089 2484 2183 2538 τοῦ
2217 2478 2377 2547 Θεοῦ,
2399 2484 2515 2538 ἀλλ’
2541 2485 2742 2537 ὅτιτῶν
2765 2485 3108 2555 ἁμαρτωλῶν
3134 2485 3202 2537 τά
3228 2484 3324 2554 ἔτη
3348 2482 3446 2537 καὶ
3467 2481 3649 2544 ἁπλῶς

2092 2580 2189 2633 καὶ
2217 2579 2316 2649 τὴν
2345 2579 2491 2648 ζωὴν
2525 2577 2705 2631 αὐτῶν
2758 2580 2814 2632 ὲν
2854 2578 3022 2650 βίϐλῳ
3069 2575 3290 2641 ζώντων
3337 2573 3652 2646 γεγραμμέ-

2095 2690 2193 2741 νην
2226 2672 2369 2741 ἕχειν
2398 2671 2457 2724 οὐ
2488 2670 2651 2726 θέλει.
2700 2669 2856 2725 Καθὰ
2884 2670 2942 2723 δὲ
2974 2669 3052 2740 τῷ
3105 2668 3457 2738 διαληφθέντι
3481 2665 3650 2735 Πατρὶ

2095 2763 2264 2826 τύπος
2287 2756 2355 2833 ἦν
2386 2763 2411 2824 _6
2441 2760 2579 2814 Κάῖν
2603 2760 2698 2813 καὶ
2727 2762 2754 2813 ὁ
2806 2760 2971 2813 Ἀϐελ
2998 2759 3091 2813 τοῦ
3122 2757 3469 2830 πρωτοτόκου
3523 2752 3647 2808 λαοῦ

2095 2856 2187 2909 τοῦ
2215 2853 2448 2925 Χριστοῦ
2482 2870 2543 2906 τε
2570 2854 2664 2906 καὶ
2707 2855 2817 2906 τῶν
2869 2857 2948 2917 είς
2999 2854 3163 2908 αὐτὸν
3224 2849 3647 2906 πιστευσάντων.

2097 2947 2310 3016 Ὠσπερ
2331 2947 2439 3015 γὰρ
2471 2946 2499 2997 6
2527 2946 2668 2999 Κάῖν
2700 2944 2788 2999 διὰ
2816 2945 3013 3012 φθόνον
3056 2945 3151 2997 καὶ
3191 2942 3254 2996 τὸ
3287 2940 3381 2995 τοῦ
3422 2937 3648 3008 ἀδελφοῦ

2051 3047 2056 3053 '
2096 3033 2236 3108 αἷμα
2266 3038 2423 3106 ἐξέϐη
2449 3037 2556 3090 ἀπὸ
2596 3038 2892 3108 προσώπου
2925 3037 3085 3100 Θεοῦ,
3116 3039 3205 3090 ναὶ
3240 3037 3347 3107 μὴν
3370 3042 3464 3089 καὶ
3491 3051 3652 3102 κατηο

2097 3130 2241 3199 ρά”¹η
2274 3128 2481 3209 σ’τένειν
2515 3129 2612 3192 καὶ
2634 3129 2859 3198 τρέμειν
2890 3129 2981 3182 ἐπὶ
3030 3129 3129 3198 τῆς
3175 3130 3276 3197 γῆς
3314 3125 3649 3198 περιπατῶν,

425 3222 856 3303 exsecrationem
906 3221 1097 3276 incidit
1128 3231 1185 3273 ut
1232 3218 1588 3289 vagahuudus
1614 3216 1671 3269 in
1714 3214 1875 3269 terris
1902 3228 1991 3284 gr..-

2101 3214 2268 3278 οὕτως
2301 3216 2410 3287 ἄρα
2441 3217 2537 3269 καὶ
2585 3218 2612 3270 ὁ
2652 3217 2947 3281 Ἰουδαϊκὸς,
2976 3218 3063 3270 διὰ
3095 3218 3293 3285 φθόνον
3333 3219 3429 3271 καὶ
3473 3216 3539 3268 τὸ
3563 3212 3649 3268 τοῦ

426 3328 597 3372 meret
649 3325 812 3385 atque
876 3321 1155 3375 tremeret,
1207 3312 1287 3365 sic
1348 3310 1511 3364 etiam
1560 3307 1785 3362 Judaica
1841 3304 1991 3387 natio

427 3424 649 3480 pt'Oplet‘
682 3409 939 3462 invidiam
973 3423 1078 3475 qua
1123 3403 1385 3474 flagravit,
1416 3411 1469 3456 et
1511 3400 1791 3470 profusum
1822 3396 1992 3467 ipsius

423 3509 630 3564 Christi
666 3507 1008 3576 sanguinem,
1039 3521 1069 3558 e
1108 3503 1206 3559 Dei
1249 3510 1546 3571 conspectu
1577 3494 1830 3558 excessit,
1858 3498 1994 3566 jam-

369 3578 387 3599 .
426 3614 531 3667 que
559 3598 694 3651 adeo
728 3605 964 3649 tremens
990 3604 1042 3647 et
1074 3608 1297 3663 gemens
1323 3591 1643 3661 obvagalur.

500 3688 613 3744 lioc
665 3687 825 3741 modo
865 3697 1046 3740 notam
1100 3683 1271 3739 Caino
1318 3682 1461 3737 Deus
1504 3680 1786 3753 apposuit,
1808 3680 1880 3734 ne
1925 3679 1993 3733 ab

386 3760 401 3770 ’
427 3784 608 3852 aliquo
636 3782 1015 3851 perimeretur,
1054 3778 1108 3833 id
1158 3777 1301 3848 quod
1336 3775 1579 3830 futurum
1634 3773 1991 3828 caistimarat.

431 3876 641 3930 lﬁtcnim
672 3875 786 3944 ipse
813 3873 1024 3926 dixerat
1055 3887 1070 3925 :
1107 3889 1124 3922 ι
1164 3869 1390 3924 Accidet
1424 3878 1483 3923 ut
1517 3866 1611 3937 qui
1660 3878 1994 3946 mc‘cnnqne

426 3968 691 4040 repererit
727 3966 960 4023 occidat.
1006 3983 1025 4016 ι
1069 3962 1341 4031 Josephus
1373 3958 1539 4015 tradit
1577 3957 1806 4012 Cainum
1832 3957 1994 4011 obse-

427 4077 608 4115 erasse
640 4061 835 4120 Deum,
864 4072 932 4112 ne
968 4058 1024 4110 in
1063 4055 1424 4124 obvagatione
1473 4068 1573 4107 sua
1608 4052 1746 4107 forte
1789 4051 1841 4105 in
1884 4049 1997 4106 belo

427 4157 547 4209 luas
606 4151 903 4215 incideret;
963 4163 1139 4217 eoque
1195 4156 1355 4216 pacto
1427 4146 1655 4215 periisse
1715 4145 1993 4202 hominem

428 4246 616 4301 refert.
650 4241 855 4309 Quodsi
890 4240 1054 4296 etiam
1100 4238 1241 4294 scire
1263 4238 1564 4304 desideras,
1605 4236 1998 4293 unde.Cainus

432 4339 649 4393 modum
699 4333 982 4391 occidendi
1031 4331 1212 4387 fratris
1254 4330 1549 4400 acceperit,
1586 4328 1996 4398 quineminem

428 4429 597 4485 sci‘ret
625 4429 802 4481 adhuc
843 4440 873 4478 a
909 4438 1185 4493 quoquam
1220 4412 1592 4489 interfectum,
1626 4419 1755 4474 licet
1789 4420 1891 4473 hoe
1922 4417 1999 4472 ‘de

431 4536 628 4591 magno
656 4520 749 4574 illo
786 4518 1088 4574 Athanasio
1119 4527 1435 4584 cognoscas,
1477 4512 1569 4581 qui
1607 4510 1883 4566 diabolum
1924 4512 2001 4564 ait

2094 3309 2334 3377 Χριστοῦ
2365 3304 2502 3379 αἷμα
2539 3306 2697 3378 ἐξέϐη
2742 3309 2849 3361 ἀπὸ
2908 3307 3202 3377 προσώπου
3242 3309 3338 3362 τοῦ
3378 3306 3513 3361 Θεοῦ
3563 3304 3652 3360 καὶ

2094 3404 2387 3474 περιπατεῖ
2419 3401 2619 3455 στένων
2650 3400 2744 3453 καὶ
2766 3400 3008 3473 τρέμων.
3416 3410 3419 3413 λ

2166 3667 2400 3736 Σημεῖον
2428 3666 2524 3720 οὖν
2556 3666 2755 3721 δέδωκε
2806 3667 2883 3736 τῷ
2922 3642 3064 3723 Κάἶν
3115 3669 3143 3722 6
3175 3667 3329 3733 Θεὸς,
3390 3666 3533 3722 ὥστε
3585 3664 3651 3737 μὴ

2096 3761 2330 3831 φονευθῇ
2387 3758 2540 3830 παρά
2580 3778 2746 3841 τινος,
2781 3760 2856 3825 ὡς
2900 3763 3102 3824 ἐκεῖνος
3142 3761 3436 3814 ὑπώπτευε
3464 3776 3478 3791 ·
3539 3762 3650 3822 καὶ,

2101 3873 2121 3906 ‹
2172 3856 2389 3921 Ἔσται,
2429 3871 2448 3904 ι
2486 3852 2592 3923 γάρ
2634 3870 2788 3921 φησι,
2828 3871 2846 3904 ι
2894 3856 3050 3917 πειςὸ
3079 3852 3349 3924 εὑρίσκων
3407 3868 3474 3923 με
3528 3853 3652 3907 ἀπο-

2096 3948 2274 4028 κτεινεϊ
2317 3964 2407 4016 με.
2447 3964 2465 3996 ι
2514 3945 2572 3999 Ὀ
2594 3944 2649 3998 δὲ
2689 3946 2948 4015 Ἰώσηπός
3014 3962 3178 4015 φησιν
3207 3946 3290 3998 ὅτι
3319 3948 3409 3998 τδν
3466 3943 3596 3996 Θεὸν
3628 3942 3652 3993 6

2098 4038 2238 4092 Κάῖν
2270 4037 2500 4104 ἱκέτευε,
2565 4037 2773 4108 μήποτε
2806 4037 3015 4107 θηρίοις
3065 4038 3345 4106 ἀλώμενος
3392 4035 3651 4105 περιπέσῃ

2097 4133 2190 4184 καὶ
2222 4131 2448 4184 ’τουτονὶ
2499 4131 2589 4183 τὸν
2646 4132 2859 4207 τρόπον
2904 4128 3195 4199 ἀπόληται.
3254 4127 3317 4181 Ei
3371 4126 3429 4180 δὲ
3481 4126 3655 4194 ζητεῖς

2098 4223 2263 4277 πόθεν
2322 4223 2528 4291 ἔγνωκε
2588 4226 2791 4293 τρόπον
2839 4221 2866 4276 6
2934 4222 3073 4275 Κάῖν
3142 4220 3210 4273 δι’
3259 4212 3337 4274 οὗ
3368 4220 3468 4288 τῆς
3520 4216 3653 4283 ζωῆς

2098 4315 2305 4385 ταύτης
2358 4315 2683 4390 ὑπεξαγάγῃ
2759 4315 2852 4367 τὸν
2907 4313 3098 4378 Ἀϐελ,
3156 4313 3387 4382 ἐπείπερ
3443 4310 3544 4362 οὐκ
3589 4295 3657 4359 εἷ-

2098 4406 2188 4460 δεν
2233 4407 2419 4477 ἕτερόν
2468 4424 2591 4462 τινα
2631 4408 2780 4475 ποιρά
2837 4422 2984 4467 τινος
3028 4402 3447 4475 ἀναιρούμενον,
3501 4403 3529 4454 6
3571 4398 3656 4467 μέ-

2100 4516 2203 4567 γας
2248 4497 2566 4563 Ἀθανάσιος
2618 4497 2820 4562 διδάξει
2864 4514 2924 4550 σε
2981 4497 3180 4565 λέγων,
3229 4496 3310 4548 ὅτι
3356 4493 3483 4547 κατ’
3531 4494 3654 4561 ὄναρ

431 4568 744 4591 ---τη
786 4568 1077 4574 __-_____W-
1129 4568 1218 4584 ,νυ
1276 4568 1313 4569 η
1423 4568 1435 4577 ,
1495 4568 1508 4581 ,

429 4614 601 4670 Caino
640 4628 736 4682 per
770 4598 1007 4681 quietem
1045 4607 1277 4664 necandi
1307 4605 1491 4661 fratris
1524 4604 1792 4659 rationem
1818 4611 1994 4659 osten-

2103 4589 2381 4656 ὑπέδειξεν
2420 4590 2448 4642 6
2476 4568 2721 4652 διάϐολος
2768 4587 2915 4658 αὐτῷ
2963 4588 3054 4642 τὸν
3118 4587 3318 4655 τρόπον
3358 4585 3455 4652 τῆς
3512 4584 3654 4636 ἀναι-

430 4708 591 4764 disse.

504 4797 709 4852 Invidia
775 4795 995 4865 quidem
1056 4803 1224 4858 certe,
1272 4806 1391 4847 ceu‘
1424 4789 1685 4855 diximus,
1727 4789 1783 4843 in
1842 4786 1998 4844 Caini

430 4891 596 4947 corde
642 4888 877 4959 quodam
934 4886 1089 4955 quasi
1142 4884 1418 4940 domicilio
1470 4882 1794 4945 constituto,
1843 4879 2000 4959 Abeli

429 4984 631 5039 caedem
662 4979 909 5051 peperit.
937 4977 1069 5032 Nam
1123 4975 1389 5047 ejusmodi
1439 4972 1818 5029 affectionibus
1850 4986 2001 5026 mor-

430 5074 619 5128 talium
651 5070 814 5125 animi
840 5067 966 5123 facti
996 5076 1123 5120 sunt
1148 5063 1392 5121 obnoxii.
1418 5073 1769 5132 posteaquam
1794 5076 1824 5115 e
1856 5067 2000 5115 statu

432 5161 900 5235 perturbationum
944 5165 1166 5225 experte
1214 5155 1437 5223 ipsaque
1484 5152 1619 5207 adeo
1663 5151 1999 5221 perfectione

433 5257 775 5312 exciderunt.
803 5250 1174 5305 Nihilominus
1218 5245 1385 5299 animi
1428 5244 1647 5314 quidam
1683 5242 2002 5296 affectiones

435 5350 1081 5415 liasce.supetant,cum
1136 5354 1169 5392 e
1228 5338 1445 5392 diverso
1499 5336 1589 5390 alii
1651 5335 1902 5389 nolentes
1932 5331 2000 5385 iis

431 5450 606 5498 semet
658 5448 936 5507 opponere
993 5429 1325 5503 quibuslibet
1371 5427 1775 5491 occasionibus,
1830 5424 1997 5478 etiam

430 5530 749 5595 levissimis,
778 5526 933 5597 quasi
970 5524 1225 5598 prostrati
1262 5522 1662 5584 succumbant;
1690 5515 1997 5587 cuiusmodi

431 5626 690 5691 quiddam
725 5623 778 5675 in
814 5620 947 5692 ipsis
979 5620 1142 5676 etiam
1170 5617 1495 5689 corporibus
1527 5625 1610 5671 est
1638 5613 1841 5669 videre.
1864 5609 1998 5664 Nam

514 5786 559 5817 ⁸⁸
586 5787 697 5841 Gen
765 5800 836 5849 tv,
866 5784 951 5840 Η.

2107 4683 2334 4751 ρέσεως.

2170 4773 2366 4836 Φθόνος
2424 4772 2521 4843 μὲν
2557 4768 2672 4838 οὖν,
2703 4770 2778 4834 ὡς
2805 4772 3040 4842 εἴρηται,
3072 4773 3140 4841 τῇ
3173 4769 3270 4823 τοῦ
3313 4770 3450 4823 Κάῖν
3501 4773 3655 4835 ἐγκαο

2102 4865 2359 4937 θιδρύσας
2401 4864 2548 4935 ψυχῇ
2576 4865 2666 4918 τὸν
2696 4864 2791 4917 τοῦ
2820 4864 2985 4917 Ἅϐελ
3023 4864 3184 4930 φόνον
3215 4864 3507 4915 ἀπέτεκεν.
3539 4862 3652 4914 Τοι-

2100 4958 2278 5020 ούτοις
2308 4959 2418 5027 γὰρ
2460 4957 2692 5010 πάθεσιν
2720 4957 2777 5008 αἱ
2823 4955 2929 5010 τῶν
2967 4953 3274 5023 ἀνθρώπων
3310 4953 3474 5024 ψυχαὶ
3501 4950 3656 5021 γεγό-

2105 5068 2230 5105 νασι
2265 5050 2488 5120 κάτοχοι
2543 5049 2682 5118 μετά
2735 5047 2834 5119 τὴν
2883 5049 2984 5116 τῆς
3028 5047 3297 5111 ἀπαθείας
3321 5047 3538 5114 εκείνην
3573 5043 3656 5095 καὶ

2102 5144 2440 5212 τελειότητος
2477 5143 2772 5196 ἔκπτωσιν.
2838 5140 2977 5194 Ἀλλ’
3017 5140 3156 5193 ἔνιαι
3216 5140 3313 5210 μὲν
3344 5139 3451 5191 τῶν
3478 5134 3656 5206 ψυχῶν

2104 5238 2387 5308 κρείττους
2431 5235 2778 5306 εὑρίσκονται
2811 5234 2922 5287 τῶν
2955 5231 3212 5286 τοιούτων
3258 5231 3482 5293 παθῶν,
3528 5229 3657 5279 ἔνιαι

2104 5329 2162 5383 δὲ
2191 5328 2353 5383 πάλιν
2382 5327 2710 5405 ἀντιϐαίνειν
2733 5323 2808 5396 μὴ
2841 5324 3091 5377 θέλουσαι
3113 5325 3209 5378 καὶ
3231 5324 3350 5385 ταῖς
3383 5320 3659 5390 τυχούσαις

2107 5424 2379 5493 ἀφορμαῖς
2410 5420 2863 5487 καταϐέϐληνται.
2884 5420 3004 5471 Καὶ
3032 5415 3282 5484 καθάπερ
3307 5416 3396 5467 ἐπὶ
3433 5412 3539 5465 τῶν
3568 5426 3662 5462 σω-

2113 5517 2296 5585 μάτων
2331 5515 2478 5569 ἔστιν
2512 5516 2641 5568 ἰδεῖν
2672 5515 2812 5585 (ἔνια
2853 5513 2952 5581 μὲν
2981 5511 3091 5582 γὰρ
3135 5510 3315 5563 αὐτῶν
3348 5506 3557 5572 εὐεξίας
3595 5500 3658 5555 δι’

2107 5610 2231 5662 ὅλου
2260 5608 2601 5680 μετέχουσιν,
2630 5610 2687 5660 ὲν
2716 5606 2889 5660 οὐδενὶ
2924 5605 3033 5659 τῶν
3063 5603 3443 5675 ἐμπιπτόντων
3470 5596 3657 5663 ἔξωθεν
