3862 6228
194 331 287 396 237

1406 327 1805 389 ANNALIUM
1841 327 2036 387 PARS
2078 328 2154 390 li.

3289 328 3396 391 238

192 442 630 517 περιτρεπόμενα,
660 443 774 497 ἔνια
801 443 857 496 δὲ
900 441 1156 496 τοσοῦτόν
1189 442 1326 494 εἰσιν
1356 442 1729 518 ἁῤῥωστημα-

1842 442 2078 510 τιυωᾱιιπι
2104 456 2292 496 eorum
2321 444 2528 513 optime
2570 457 2794 513 prorsus
2835 442 3026 496 allec-ta
3055 449 3200 499 sunt.
3237 455 3337 523 nec
3372 458 3398 491 a

190 539 301 592 τικὰ
333 537 445 599 ταῖς
496 537 559 589 lx
608 537 829 606 γενετῆς
879 537 1246 598 κατασκευαῖς
1280 532 1419 586 ὥστε
1472 533 1546 603 μὴ
1591 533 1726 602 πρὸς

191 629 323 682 οὐδὲν
361 628 736 698 ἀντιπράττειν
789 626 900 679 τῶν
950 625 1150 690 ἔξωθεν
1199 626 1408 686 αίτίων,
1455 625 1592 679 ἀλλὰ
1627 626 1727 679 κᾶν

195 719 604 790 θαλφθῇ-βραχὺ,
655 718 760 772 κᾶν
812 717 1032 788 ψυχθῇ,
1085 717 1188 770 κᾶν
1234 717 1588 788 ἀγρυπνήσῃ,
1621 717 1725 771 κᾶν

195 811 409 880 κοιμηθῇ
445 811 607 864 πλέον
640 809 732 863 τοῦ
761 810 993 872 δέοντος,
1021 808 1223 871 εὐθέως
1250 811 1439 876 νοσεῖ),
1465 809 1607 862 οὕτω
1631 810 1725 862 καὶ

195 904 270 953 ἐπὶ
301 901 400 955 τῶν
439 901 631 972 ψυχῶν
672 901 854 954 αὐτῶν
889 900 1214 957 διανοεῖσθαί
1248 918 1306 952 σε
1343 900 1516 964 ἄξιον.

1832 538 1993 590 rebus
2023 535 2358 589 extrinsecus
2388 535 2760 589 accidentibus
2788 536 2898 589 ullo
2923 533 3083 586 modo
3108 517 3396 590 laeduntur.

1832 640 1956 680 cum
2001 625 2105 679 alia
2157 635 2436 694 tantopere
2493 625 2755 679 debilitati
2798 639 2859 679 ac
2903 625 3108 678 morbis
3157 621 3396 676 obnoxia

1833 718 1940 772 sint
1992 732 2057 772 ex
2115 703 2510 772 constitutione
2555 717 2787 786 quadam
2818 717 3074 779 naturali,
3105 724 3164 768 ut
3221 715 3400 768 causis

1829 809 2172 864 extrinsecus
2215 810 2594 864 accidentibus
2655 812 2912 863 resistere
2973 809 3054 862 vel
3125 807 3396 862 tantillum

1830 911 2123 973 nequeant.
2159 901 2425 955 Nimirum
2472 901 2518 955 si
2563 901 2723 969 paulo
2773 900 2894 968 plus
2927 915 3084 968 arquo
3129 899 3212 952 vel
3248 902 3397 951 inca-

194 992 392 1054 lescant,
427 989 508 1043 vel
539 988 794 1060 frigeant,
825 989 910 1044 vel
947 989 1191 1061 vigilem,
1242 989 1323 1045 vel
1350 989 1646 1057 dormiant,
1675 991 1949 1046 continuo
1992 990 2214 1046 morbus
2287 991 2657 1061 subsequitur.
2694 987 2839 1042 Idem
2903 991 2954 1042 in
3003 989 3201 1042 animis
3239 991 3400 1041 etiam

196 1082 457 1137 usuvenire
484 1081 773 1152 cegitahis.

252 1173 389 1226 Μετὰ
420 1172 474 1225 δὲ
505 1173 679 1226 ταῦτα
710 1171 1204 1243 παραμυθούμενος
1226 1173 1316 1225 τὸν
1350 1171 1524 1242 Ἀδὰμ
1553 1174 1579 1226 6
1600 1173 1730 1237 Θεὸς

194 1269 248 1336 τῇ
289 1266 385 1320 ἀπὸ
427 1265 519 1318 τού
577 1265 910 1334 παραδείσου
945 1283 1002 1318 τε
1048 1257 1422 1336 ἀδημονοῦντα
1457 1267 1728 1320 ὲκπτὼσει

195 1361 272 1412 καὶ
301 1359 372 1427 τῷ
399 1357 490 1416 τοῦ
523 1358 692 1410 ’Ἅϐελ
722 1346 960 1429 θανάτῳ,
999 1357 1201 1412 ἔδωκεν
1240 1358 1392 1430 αὐτῷ
1421 1360 1515 1412 τὸν
1542 1360 1730 1428 ἐνάρε-

191 1469 267 1504 τον
289 1450 409 1521 Σήθ.
432 1451 582 1504 Κατὰ
606 1450 713 1518 γὰρ
742 1452 900 1503 τοῦτο
935 1449 1030 1504 καὶ
1055 1452 1086 1520 ἡ
1115 1449 1225 1503 Εὕα
1248 1451 1432 1518 ἔλεγεν
1457 1469 1470 1484 ·
1503 1471 1520 1503 ι
1545 1452 1729 1518 Ἐξαν-

192 1541 359 1610 έστησέ
407 1557 496 1610 μοι
551 1543 579 1594 ὁ
625 1541 756 1604 Θεὸς
805 1540 1027 1611 σπέρμα
1057 1540 1245 1613 ἕτερον
1281 1543 1401 1595 ἀντὶ
1429 1541 1524 1595 τοῦ
1563 1543 1727 1596 Ἀϐελ

189 1630 240 1684 ὃν
269 1630 542 1683 ἀπέκτεινε
577 1632 740 1686 Κάῖν.
776 1651 796 1684 ι
1541 1651 1558 1666 ⁸

249 1720 471 1773 Γίνωσκε
508 1721 565 1774 δὲ
621 1724 704 1776 ὅτι
765 1723 904 1793 πρὸς
955 1726 1075 1788 ταῖς
1124 1719 1312 1788 ἄλλαις
1352 1725 1597 1796 αἱρέσεσι
1632 1725 1729 1780 καὶ

1915 1173 2073 1244 120
2107 1173 2414 1230 Secundqu
2448 1174 2564 1228 hzec
2591 1182 2648 1227 ut
2683 1172 2948 1226 Adamum
2983 1173 3122 1227 Deus
3153 1173 3407 1226 consola-

1839 1275 2009 1333 retur,
2046 1269 2135 1337 qui
2198 1277 2308 1322 tum
2366 1277 2586 1337 propter
2632 1267 2978 1320 amissionem
3015 1267 3251 1336 paradisi
3290 1276 3404 1320 tum

1839 1360 1990 1414 Abcli
2023 1361 2222 1414 caedem
2268 1375 2598 1429 magnOpcre
2653 1360 3022 1420 aﬂlictarctur,
3054 1367 3436 1428 praestantem-

1837 1451 1885 1504 ei
1950 1451 2150 1506 virtute
2203 1451 2372 1504 lilium
2413 1451 2640 1504 Scthum
2705 1451 2874 1524 dedit.
2910 1451 3275 1516 Quamobrem
3321 1453 3407 1505 his

1837 1538 1946 1593 Eva
1982 1541 2160 1595 verbis
2197 1553 2288 1595 est
2313 1557 2409 1595 usa
2451 1557 2467 1596 :
2510 1561 2526 1592 ι
2567 1543 2708 1595 Deus
2746 1531 2878 1596 i’nihi
2905 1545 3144 1597 sobolem
3174 1544 3404 1598 alteram

1835 1633 2096 1693 ilLiOCllm
2124 1634 2273 1689 Abeii
2301 1651 2330 1688 a
2355 1634 2526 1689 Caino
2555 1641 2821 1704 perempti
2852 1637 3096 1704 reposuit
3123 1637 3190 1690 θ’.
3228 1655 3246 1686 ι

1904 1722 2055 1776 Scire
2086 1722 2254 1777 debes
2310 1738 2564 1791 magnum
2624 1723 2774 1776 illmn
2833 1721 3197 1792 Epiphanium
3262 1722 3406 1774 inter

189 1810 272 1884 τὴν
312 1809 606 1882 λεγομένην
671 1815 780 1868 τῶν
844 1816 1157 1871 Καῖανιτῶν
1208 1817 1422 1887 αἵρεσιν
1472 1819 1499 1870 6
1557 1817 1728 1887 μέγας

1842 1824 2058 1867 caeteras
2081 1813 2450 1868 Caianitarum
2466 1828 2678 1883 quoque
2705 1821 2910 1866 sc'ctam
2949 1827 3400 1866 commemorare.

197 1902 484 1968 Ἔπιφάνιος
537 1903 798 1974 ἔγραφεν.
841 1901 1003 1960 Οὗτοι
1055 1907 1154 1976 μὲν
1201 1903 1293 1961 οὖν
1349 1909 1488 1962 Κάῖν
1522 1909 1727 1977 ἐτίμων

190 1991 251 2054 ὡς
296 1992 517 2064 δύναμίν
564 2013 726 2059 τινα,
785 1995 970 2066 ἔλεγον
1001 1998 1056 2052 δὲ
1095 2001 1177 2052 ὅτι
1233 1999 1295 2051 τὸ
1347 1983 1512 2053 καλὸν
1550 2000 1729 2053 καὶτὸ

188 2084 331 2135 κακὸν
353 2086 426 2154 μὴ
458 2087 599 2140 κατὰ
631 2088 857 2158 γνώμην
886 2086 1025 2142 εἶναι
1063 2089 1394 2160 ἀνθρώποις,
1427 2091 1563 2144 ἀλλὰ
1588 2091 1731 2144 κατὰ

147 2194 156 2204 ·
189 2174 347 2240 φύσιν.
382 2177 597 2248 Τιμῶσι
627 2179 683 2232 δὲ
712 2184 804 2233 καὶ
842 2182 936 2234 τὸν
966 2181 1189 2235 Ἰούδανο
1217 2183 1306 2236 διὰ
1331 2183 1438 2252 γὰρ
1468 2183 1562 2236 τοῦ
1595 2201 1734 2253 προ-

189 2265 343 2321 δοῦναι
394 2270 482 2324 τὸν
528 2272 740 2343 Κύριον
795 2273 954 2345 ἔργον
990 2275 1178 2340 καλὸν,
1226 2275 1394 2346 ἤγουν
1438 2275 1538 2346 τὴν
1573 2277 1732 2345 ἡμῶν

191 2361 438 2430 σωτηρίαν
495 2364 818 2434 εἰργάσατο.
862 2367 974 2419 Καὶ
1027 2367 1234 2436 βιϐλίον
1280 2368 1338 2420 δὲ
1389 2369 1520 2439 παρ’
1552 2370 1734 2432 αὐτοῖς

202 2455 565 2512 Ἀναδατιανὺν
601 2460 922 2532 λεγόμενον,
957 2463 1213 2533 περιέχον
1238 2463 1273 2517 ἃ
1293 2460 1444 2537 ¹εἶδεν
1464 2464 1492 2516 6
1519 2464 1734 2528 Παῦλος

192 2545 292 2598 καθ’
335 2549 390 2601 ὃν
426 2552 592 2622 ἀνέῦη
654 2554 866 2627 καιρὸν.
903 2557 982 2618 είς
1019 2555 1203 2625 τρίτον
1236 2555 1486 2625 οὐρανόν.
1519 2555 1734 2609 Βιϐλίον

195 2637 240 2688 δὲ
276 2640 330 2690 τὸ
360 2642 603 2695 τοιοῦτόν
637 2646 754 2697 ἐστι
800 2646 933 2715 παρ’
972 2647 1178 2712 αὐτοῖς,
1222 2647 1304 2700 δτι
1343 2648 1403 2699 οὐ
1435 2649 1735 2718 προσέσχον

196 2729 256 2797 τῷ
282 2734 491 2804 μεγάλῳ
542 2737 774 2805 Παύλῳ,
815 2738 1036 2808 ῥήματα
1104 2738 1202 2808 μὲν
1257 2739 1489 2792 ἀκοῦσαι
1520 2740 1735 2808 λέγοντι

198 2824 298 2874 κατ’
328 2827 496 2880 ἐκεῖνο
529 2829 753 2897 καιροῦ,
803 2833 876 2900 μὴ
918 2831 1116 2894 ἐξεῖναι
1160 2831 1215 2883 δὲ
1255 2848 1426 2883 ταυτα
1462 2831 1736 2899 γλώσσαις

196 2912 467 2982 ἀνθρώπων
497 2917 752 2988 λαλῆσαι.
780 2921 901 2974 Ὅτι
934 2922 988 2974 δὲ
1039 2922 1107 2976 τὰ
1141 2922 1364 2992 ῥήματα
1398 2924 1582 2976 ἐκεῖνα
1611 2923 1736 2976 οὔτε

193 3002 498 3076 ἐλαλήθησαν
536 3009 664 3062 οὔτε
707 3013 815 3064 τινλ⁸
871 3011 1035 3082 μέχρι
1084 3014 1176 3067 τοῦ
1229 3012 1326 3067 νῦν
1359 3014 1733 3082 ἐγνώσθησαν,

1830 1906 2095 1960 Colebant
2159 1906 2233 1960 illi
2275 1906 2505 1960 Cainum
2569 1921 2669 1960 ceu
2706 1905 2995 1974 quamdam
3051 1912 3402 1974 potestatem,

1831 2000 2156 2067 aicbantque
2191 2000 2390 2053 bonum
2431 2010 2487 2052 et
2530 1999 2728 2051 malum
2781 1997 2836 2049 in
2871 1996 3184 2050 hominibus
3248 2011 3275 2045 a
3313 2011 3406 2048 vo-

1832 2089 2042 2144 luntate
2076 2106 2184 2143 non
2207 2090 2448 2159 pendere
2486 2103 2545 2142 ac
2598 2088 2890 2157 proficisci,
2948 2087 3040 2141 sed
3098 2102 3124 2138 a
3185 2097 3401 2140 natura.

1833 2181 1998 2237 iidem
2031 2191 2085 2236 et
2119 2180 2310 2236 Judam
2344 2182 2551 2235 honore
2587 2190 3011 2249 prosequuntur,
3046 2186 3104 2232 ut
3134 2180 3226 2247 qui
3273 2178 3404 2232 Ser-

1833 2285 2077 2330 vatorcm
2108 2275 2391 2346 prodendo
2447 2273 2692 2343 praeclari
2752 2274 2955 2343 operis,
2995 2282 3198 2325 nostra:
3241 2271 3406 2325 nimi-

1836 2384 1954 2423 rum
1989 2368 2200 2432 salutis,
2236 2375 2429 2421 auctor
2457 2366 2748 2437 exstiterit.
2809 2363 3207 2419 Circumfertur
3263 2363 3405 2430 apud

1835 2461 2058 2515 eosdem
2088 2460 2225 2513 liber
2254 2474 2416 2528 quem
2452 2457 2852 2512 Anabatianum
2883 2455 2974 2524 (ab
3010 2453 3269 2522 ascensu)
3309 2471 3405 2508 vo-

1835 2558 1980 2602 cant.
2012 2546 2379 2602 Continentur
2411 2547 2515 2600 hoc
2543 2543 2605 2599 ea
2637 2560 2756 2614 qua:
2811 2544 3009 2598 Paulus
3062 2543 3111 2596 id
3145 2546 3410 2618 temporis

1835 2640 2178 2708 conspexerit
2219 2654 2326 2710 quo
2355 2639 2404 2692 in
2443 2639 2638 2693 coelum)
2678 2636 2893 2691 tertimn
2940 2637 3205 2697 ascendit,
3258 2643 3412 2716 ne“,

1835 2744 1968 2789 nent
1997 2735 2140 2788 hunc
2175 2732 2251 2786 illi
2274 2732 2492 2795 librum,
2520 2747 2626 2785 non
2660 2730 3157 2790 anituadvertentcs
3180 2736 3404 2789 Paulum

1835 2825 2077 2896 proﬁteri
2109 2840 2168 2880 se
2194 2835 2304 2880 tmn
2333 2826 2495 2881 verba
2524 2826 2764 2897 Quaedam
2792 2830 3008 2882 audisse
3039 2846 3158 2898 quae
3208 2830 3406 2899 linguis

1839 2919 2092 2974 humanis
2121 2918 2302 2973 eﬂ’erri
2357 2919 2428 2974 sit
2476 2919 2652 2974 nefas.
2711 2922 2885 2989 Atque
2915 2922 3000 2975 illa
3052 2932 3199 2976 certe
3245 2925 3408 2976 verba

1806 3028 1938 3069 nec
1959 3012 2160 3081 prolata
2192 3012 2355 3066 fuisse
2391 3027 2650 3081 unquam,
2687 3029 2788 3066 nec
2827 3030 2856 3067 a
2917 3015 3226 3068 mortalium
3269 3031 3410 3085 quo-

195 3097 326 3150 καὶό
358 3101 603 3169 θεολόγο;
659 3104 989 3175 Γρηγόριος
1023 3108 1080 3159 ἐν
1137 3106 1214 3175 τῷ
1270 3107 1399 3176 περὶ
1454 3106 1733 3173 θεολογίας

1842 3119 1996 3173 quam
2032 3105 2269 3172 cognita,
2302 3102 2594 3171 Gregorius
2623 3101 2786 3156 etiam
2850 3102 3153 3173 Theologus
3198 3104 3249 3157 in
3285 3120 3409 3157 ora-

195 3188 318 3260 λόγῳ
357 3195 520 3248 αὐτοῦ
569 3197 848 3251 δείκνυσιν
894 3197 1066 3260 οὕτως
1095 3198 1303 3254 εἰπών’
1345 3217 1362 3251 ι
1403 3199 1464 3252 Εἰ
1515 3201 1614 3269 μὲν
1639 3197 1734 3250 οὖν

194 3280 372 3354 ἔκφορα
401 3289 632 3356 γέγονεν
687 3289 722 3344 ἃ
774 3292 852 3356 τῷ
910 3291 1105 3361 Παύλῳ
1153 3291 1430 3360 παρέσχεν
1482 3291 1509 3343 6
1554 3292 1734 3358 τρίτος

194 3375 392 3444 οὐρανὸς
422 3387 516 3434 καὶ
544 3384 577 3452 ἡ
607 3383 770 3453 μέχρι
814 3383 1296 3456 ὲκείνουιπρύοδος,
1330 3385 1472 3452 τάχα
1511 3383 1576 3436 ἂν
1608 3384 1736 3454 περὶ

195 3463 310 3518 Θεοῦ
347 3469 503 3525 πλέον
553 3473 823 3541 ἔγνωμεν.
861 3494 880 3527 ›
937 3476 1097 3528 Ἀλλὰ
1135 3475 1229 3530 καὶ
1275 3478 1303 3530 ὁ
1335 3476 1738 3546 χρυσορρήμων

205 3555 432 3631 Ἰωάννης
462 3565 519 3617 ὲν
547 3569 673 3628 ταῖς
703 3568 782 3629 είς
809 3568 908 3636 τὴν
945 3568 1280 3638 Ἐξαήμερον
1312 3567 1478 3622 αὐτοῦ
1504 3568 1741 3636 ὁμιλίαις

192 3648 314 3703 οὕτω
349 3656 510 3724 φησίν
540 3673 554 3687 ·
597 3675 616 3707 ι
659 3657 720 3710 Εἰ
747 3659 773 3708 6
805 3661 994 3724 μέγας
1034 3659 1240 3722 Παῦλος
1273 3661 1301 3713 ὁ
1335 3660 1445 3713 τῶν
1483 3660 1741 3728 ἀρρήτων

194 3739 391 3794 ἐκείνων
443 3747 712 3816 ῥημάτων
766 3750 998 3802 ἀκούσαι
1053 3750 1432 3817 καταξιωθεὶς,
1463 3745 1538 3804 ὧν
1573 3735 1736 3820 μέχρι

196 3831 278 3898 τῆς
324 3837 559 3909 σήμερον
597 3842 774 3904 οὐδεὶς
819 3842 977 3906 ἄλλος
1011 3844 1238 3913 ἤκουσε,
1265 3845 1497 3912 γράφων
1525 3843 1732 3910 ἔλεγεν,

205 3921 518 3993 ’Υπωπιαζω
549 3950 653 4001 μου
696 3935 756 3987 τὸ
788 3935 945 4003 σῶμα
976 3936 1068 3988 καὶ
1099 3935 1443 4003 δουλαγωγῶ,
1481 3934 1530 3987 τί
1569 3933 1634 3988 ἂν
1662 3932 1738 3986 εἴ·

197 4031 368 4086 ποιμεν
393 4025 591 4092 ἡμεῖς
639 4045 655 4076 ι
695 4028 803 4079 Καὶ
836 4029 965 4096 περὶ
998 4028 1202 4082 τούτων
1233 4029 1427 4091 οὕτως.

1841 3198 1986 3250 tione
2019 3211 2138 3264 quae
2177 3203 2260 3250 est
2312 3196 2376 3249 de
2412 3204 2556 3248 recta
2587 3194 2886 3249 disserendi
2938 3194 3006 3248 de
3035 3195 3144 3247 Deo
3173 3195 3406 3259 ratione,

1840 3289 2019 3343 verbis
2053 3287 2201 3344 hisce
2238 3290 2614 3342 demonstrat:
2659 3306 2677 3338 ι
2710 3286 2908 3353 Quodsi
2955 3280 3122 3340 Paulo
3166 3287 3408 3341 licuisset

1842 3377 1995 3432 ell'ari
2034 3393 2364 3451 ea‘quorum
2418 3378 2518 3445 ipsi
2546 3377 2911 3449 cognitionem
2943 3378 3137 3431 coelum
3190 3381 3405 3432 tertium

1781 3485 1790 3494 '
1843 3478 1898 3524 et
1927 3484 2096 3538 usque
2123 3469 2189 3523 ad
2221 3463 2348 3522 illud
2385 3467 2688 3539 progressio
2745 3468 3129 3538 suppeditavit,
3174 3468 3409 3522 fortasse

1843 3562 1910 3616 de
1951 3561 2060 3615 Deo
2092 3560 2248 3616 nobis
2279 3559 2478 3629 aliquid
2529 3561 2759 3631 amplius
2793 3569 3088 3616 constaret.
3128 3579 3147 3612 ι
3214 3562 3408 3616 Consi-

1843 3653 2044 3706 militer
2086 3652 2324 3707 Joannes
2372 3652 2460 3706 ille
2490 3651 2911 3728 Chrysostomus
2951 3655 3018 3706 'in
3070 3653 3410 3708 orationibus

1840 3745 1947 3799 illis
1970 3745 2166 3815 quibus
2206 3760 2368 3812 opera
2408 3760 2500 3798 sex
2527 3746 2734 3799 dierum
2765 3747 3061 3808 enarravit,
3116 3747 3200 3800 his
3230 3747 3411 3801 verbis
3490 3788 3495 3798 .

1844 3837 2015 3891 utitur
2045 3852 2057 3887 :
2091 3854 2109 3886 ‹
2155 3836 2210 3889 Si
2253 3852 2478 3905 magnus
2515 3835 2603 3891 ille
2655 3835 2872 3900 Paulus,
2905 3853 3064 3906 quem
3121 3854 3187 3892 eo
3217 3841 3410 3908 digna-

1844 3937 1932 3984 tus
1960 3937 2045 3981 est
2087 3928 2294 3981 honore
2337 3928 2481 3980 Deus
2530 3935 2588 3979 ut
2628 3927 2842 3982 audiret
2889 3929 3180 3983 imrll'ahilia
3247 3932 3406 3983 verba

1845 4021 1976 4075 nulli
2006 4020 2072 4074 ad
2108 4021 2252 4073 lnmc
2298 4034 2469 4087 usque
2503 4019 2644 4074 diem
2701 4020 2788 4072 alii
2845 4022 3151 4075 mortalium
3202 4024 3406 4084 audita,

196 4103 356 4172 dicere
379 4136 482 4174 non
508 4123 805 4177 dubitavit'
840 4139 898 4178 se
927 4139 1298 4193 corpussuum
1326 4123 1667 4179 contundere
1727 4133 1790 4174 ac
1830 4117 2095 4187 subigere.
2153 4114 2284 4184 Quid
2323 4129 2422 4168 “05
2479 4115 2822 4169 tal'dem'de
2875 4117 3034 4171 ηουίε
3083 4117 3263 4174 diem?
3313 4137 3410 4191 ρει·

192 4211 297 4262 est?
329 4230 347 4263 ι
381 4212 454 4268 Ac
490 4217 556 4269 de
586 4217 668 4270 his
696 4217 914 4286 quidem
941 4219 1224 4280 hactenus.

262 4304 313 4355 '0
341 4308 392 4358 δὲ
436 4309 611 4378 ’Λδὰμ
644 4312 781 4379 μετὰ
806 4313 868 4363 τὸ
893 4311 1229 4380 ἐκϐληθῆναι
1254 4311 1349 4364 τοῦ
1393 4311 1732 4382 παραδείσου

196 4395 493 4462 (τηνικαῦτα
559 4400 672 4470 γὰρ
721 4401 947 4472 ἄρχεται
1009 4403 1043 4471 ἡ
1111 4401 1526 4471 χρονογραφία).
1563 4400 1777 4470 ζήσας,

1914 4305 2152 4360 Adamus
2185 4312 2366 4358 autem
2410 4305 2623 4375 ejectus
2679 4320 2708 4360 e
2763 4306 3016 4375 paradiso
3067 4307 3220 4375 (hinc
3263 4310 3407 4362 enim

1847 4408 2154 4464 temporum
2176 4395 2808 4462 adnotatioincboatur),
2841 4411 2966 4450 cum
2994 4411 3168 4450 annos
3197 4399 3299 4452 950
3331 4401 3410 4451 vi-

193 4488 459 4545 ἐννακόσια
521 4494 618 4562 ἔτη
677 4494 812 4562 πρὸς
867 4496 982 4556 τοῖς
1045 4497 1340 4564 τριάκοντα
1388 4493 1620 4563 τελευτᾷ
1676 4495 1733 4545 ἐν

1842 4489 2018 4542 vendo
2048 4488 2345 4556 cvplcssct,
2378 4489 2430 4543 in
2465 4487 2648 4542 Iudaea
2674 4499 2923 4543 mortuus
2954 4498 3059 4551 est,
3092 4491 3404 4561 ibidemque

204 4577 428 4652 Ἰουδαία.
465 4587 634 4638 κάκεῖ
666 4586 957 4638 τέθαπται.
994 4586 1104 4639 Καὶ
1131 4585 1275 4649 ’πῶς
1304 4586 1488 4639 ἄκουε.
1533 4584 1589 4637 '0
1641 4584 1736 4654 μέ-

194 4688 278 4735 γας
321 4673 636 4741 Ἐπιφὰνιος
690 4680 748 4730 ὲν
810 4680 922 4740 τοῖς
956 4678 1298 4745 Παναρίοις,
1350 4675 1610 4737 ὡσαύτως
1643 4677 1738 4726 καὶ

194 4763 215 4813 ὀ
240 4764 398 4832 μέγας
426 4769 704 4832 Βασίλειος
740 4770 798 4822 ὲν
837 4772 902 4838 τῇ
930 4769 1008 4832 είς
1040 4768 1455 4850 τὸνιπροφήτην
1503 4767 1736 4820 Ἡσαΐαν

195 4854 437 4929 ἑρμηνείᾳ
486 4861 636 4928 λέγει
681 4862 930 4932 ἄγραφον
982 4859 1280 4931 παράδοσιν
1331 4857 1735 4929 περισώζεσθαι

193 4948 248 5014 τῇ
289 4947 580 5022 Ἐκκλησία
615 4952 747 5022 περὶ
808 4951 900 5004 τοῦ
951 4953 1144 5022 Ἀδὰμ,
1197 4952 1272 5014 ὡς
1316 4951 1478 5011 εὐθὺς
1512 4950 1647 5020 μετὰ
1679 4951 1738 5003 τὸ

189 5037 503 5111 ὲκδληθῆναι
536 5043 629 5096 τοῦ
663 5045 992 5113 παραδείσου
1028 5047 1107 5106 εἰς
1139 5043 1238 5115 τὴν
1275 5045 1533 5098 Ἰουδαίαν
1564 5043 1737 5096 ἐλθεῖν

194 5128 337 5198 χάριν
380 5138 724 5206 παρηγορίας
759 5130 834 5190 ὧν
865 5137 1168 5189 ἁπώλεσεν’
1221 5135 1360 5203 αὕτη
1401 5137 1492 5188 καὶ
1524 5136 1634 5205 γὰρ
1668 5136 1739 5203 γῆ

197 5221 319 5272 πίων
355 5226 618 5281 καλεῖται.
665 5229 873 5280 Ἐκεῖσε
927 5228 1113 5282 λοιπὸν
1168 5227 1514 5296 ὲνδιατρίὸει,
1553 5229 1733 5280 ὲκεῖσε

195 5315 276 5362 καὶ
312 5315 592 5372 τέθαπται.
643 5318 837 5387 Θαῦμα
867 5310 992 5389 ’μὲν
1040 5318 1132 5371 οὖν
1187 5317 1365 5371 ἐδόκει
1394 5319 1507 5379 τοῖς
1535 5316 1735 5384 ὁρῶσιν

193 5400 443 5468 ήέκείνου
475 5411 686 5480 κεφαλὴ
717 5411 814 5480 τῆς
860 5411 1061 5480 σαρκὸς
1099 5408 1470 5480 διαρῤυείσης,
1511 5408 1594 5459 ὅτι
1633 5409 1728 5459 καὶ

193 5496 390 5562 πρῶτον
425 5502 625 5555 ἐκεῖνον
673 5499 910 5556 Ἰουδαία
946 5504 1139 5571 νεκρὸν
1185 5501 1424 5564 ἐδέξατο.
1464 5499 1552 5551 Ἐν
1576 5500 1729 5566 τόπῳ

196 5581 363 5642 λοιπόν
393 5608 498 5645 τινι
523 5595 883 5666 καταθέμενοι
918 5597 978 5649 τὸ
1006 5595 1248 5648 τοιοῦτον
1279 5589 1527 5664 κρανίον,
1561 5590 1729 5644 τόπον

201 5835 206 5838 .
259 5762 300 5796 ﬂ
333 5764 460 5822 GN"
491 5785 563 5834 lvi
591 5771 680 5826 23·
758 5774 770 5804 ³
809 5772 825 5826 Ι
857 5771 981 5829 COT-
1015 5791 1088 5837 lX,
1120 5772 1210 5826 9-7.

1842 4580 2112 4650 sepultus.
2165 4578 2320 4634 Unde
2367 4580 2419 4634 id
2470 4590 2704 4647 constet,
2755 4581 2903 4634 audi.
2961 4579 3298 4650 Epiphanius
3349 4586 3426 4638 in-

1840 4668 2088 4723 Panariis
2121 4679 2176 4723 ct
2207 4670 2434 4724 Basilius
2466 4670 2519 4722 in
2555 4670 2707 4738 Isaia:
2738 4671 2872 4724 vatis
2907 4676 3258 4727 enarratione
3300 4684 3410 4729 tra-

1841 4761 1978 4815 dunt
2011 4761 2361 4816 traditionem
2392 4762 2676 4829 quamdam
2702 4777 2812 4814 non
2841 4763 3098 4832 scriptam
3132 4763 3186 4818 in
3217 4766 3410 4822 Eccle-

1841 4855 1920 4909 sia
1971 4854 2228 4919 retineri,
2266 4853 2532 4929 Athmum
2583 4853 2650 4908 de
2696 4855 2949 4922 paradiso
3002 4855 3232 4920 eiectum
3283 4873 3408 4914 mox

1841 4948 1893 5000 in
1926 4946 2164 5002 Juda'am
2199 4945 2547 5014 pervenisse,
2581 4961 2690 5015 quo
2734 4946 2917 5000 damni
2969 4947 3094 5002 facti
3146 4950 3428 5005 solatium‘

1839 5038 2054 5107 aliquod
2114 5038 2367 5092 haberet.
2419 5021 2577 5092 Nam.
2606 5039 2723 5107 ejus
2771 5047 2928 5093 terrae
2987 5040 3162 5093 solum
3204 5042 3406 5112 pingue

1841 5131 2010 5184 sacris
2051 5130 2104 5183 in
2137 5129 2361 5186 Litteris
2392 5129 2716 5199 appellatur,
2768 5131 2819 5182 in
2855 5145 2959 5198 qua
2993 5131 3251 5201 deinceps
3279 5149 3405 5187 cum

1844 5225 2068 5278 vixisset
2117 5223 2318 5277 ibidem
2377 5223 2625 5290 sepultus
2677 5223 2800 5277 fuit.
2845 5223 2908 5276 Et
2945 5225 3244 5287 videbatur
3285 5227 3405 5294 ejus

1839 5325 2022 5383 caput.
2069 5315 2159 5369 ubi
2193 5310 2303 5383 jam
2361 5328 2553 5369 carnes
2588 5313 2965 5378 deﬂuxissent,
3002 5317 3195 5370 mirum
3225 5316 3402 5386 quod-

1838 5408 1960 5460 dam
2001 5406 2342 5460 intuentibus
2375 5422 2496 5461 esse
2529 5407 2925 5474 spectaculum,
2955 5407 3250 5476 praesertim
3274 5421 3401 5462 cum

1841 5499 1994 5566 121
2031 5496 2213 5551 Judma
2247 5500 2478 5566 primum
2508 5497 2752 5551 omnium
2783 5497 3016 5551 cadaver
3046 5467 3215 5565 ipsius
3246 5510 3404 5549 exce-

1835 5590 2026 5658 pisset.
2048 5590 2230 5659 Itaque
2265 5590 2388 5644 loco
2411 5589 2644 5658 quodam
2677 5589 2776 5643 hac
2820 5587 2991 5656 ipsius
3015 5586 3244 5640 calxaria
3269 5601 3400 5641 conc
