3862 6228
131 360 216 422 2-11
287 404 290 405 ν

1323 342 1733 412 ANNALIUM
1775 327 1967 413 mas
2016 355 2097 414 ιι.

3227 343 3339 409 ΞΗ.

131 494 206 542 τος
229 471 564 546 προσηύξατο
595 468 957 542 μετατεθῆναι
993 471 1020 523 6
1058 469 1291 535 δίκαιος,
1339 471 1415 535 ὡς
1455 473 1654 543 μηκέτι
1686 511 1697 541 γ

1803 473 2109 527 mrtalitatis
2162 472 2439 543 excipere.
2477 459 2739 540 Achque
2778 467 2915 537 justi
2951 463 3192 522 hominis
3227 463 3345 518 haec

133 567 338 624 τοιοῦτόν
377 583 428 618 τι
468 564 750 632 θεάσηται.

1774 567 2019 620 conditio
2057 566 2198 619 nihil
2243 574 2361 621 erat
2411 565 2560 619 aliud
2595 578 2755 633 quam
2802 561 2994 615 mortis
3028 558 3175 613 velut
3209 555 3346 609 insi-

135 676 254 722 stere
293 666 451 729 Iussa:
489 660 766 717 inhibitio.
808 658 1074 729 Georgius
1115 660 1305 714 scribit
1351 661 1666 721 interfectis
1705 662 1917 716 Enoehi
1986 662 2246 716 fratribus
2280 678 2309 717 a
2355 661 2648 720 Lamecho.
2720 660 2812 727 qui
2845 657 3042 711 deinde
3083 654 3346 721 conjugcs

135 775 293 817 eorum
338 757 437 813 sibi
489 757 838 811 matrimonio
896 754 1150 826 iunxerit
1179 799 1192 820 ,

133 863 388 928 spectaret.

205 954 370 1019 Ἐγνω
399 951 455 1002 δὲ
500 950 639 1003 Κάῖν
673 949 770 1018 τὴν
816 949 1053 1016 γυναῖκα
1103 945 1292 1010 αὐτοῦ,
1348 948 1442 1000 καὶ
1480 947 1679 1001 συλλα-

140 1045 284 1100 ϐοῦσα
328 1042 480 1094 ἔτεκε
531 1041 622 1094 τὸν
673 1040 865 1104 Ἐνώς.
893 1039 1081 1108 Τούτῳ
1115 1039 1193 1108 τῷ
1231 1039 1396 1101 Ἐνὼς
1421 1042 1678 1104 γεννᾶται

142 1137 330 1199 Γαῖδεῑν,
374 1135 568 1186 Γαῖδᾶν
620 1133 676 1185 δὲ
728 1131 895 1202 γεννᾷ
923 1132 1013 1182 τὸν
1050 1130 1354 1198 Μαλελεὴλ,
1394 1131 1680 1200 Μαλελεὴλ

143 1230 186 1282 δὲ
208 1229 357 1298 γεννᾷ
384 1225 474 1279 τὸν
504 1223 864 1289 Μαθουσάλα,
904 1225 999 1277 καὶ
1038 1222 1379 1276 Μαθουσάλα
1409 1222 1677 1292 ἐγέννησε

139 1322 214 1375 τδν
235 1321 432 1389 Λάμεχ.
459 1317 659 1371 Ἐλαόε
695 1317 750 1370 δὲ
774 1317 954 1386 ἑαυτῷ
991 1319 1017 1369 6
1046 1315 1240 1385 Λάμεχ
1265 1315 1357 1368 δύο
1390 1317 1677 1383 γυναῖκας,

157 1410 255 1464 Ἀδᾶ
291 1411 378 1463 καὶ
416 1409 577 1473 Σελᾶ,
624 1410 718 1462 καὶ
768 1408 872 1477 ἔφη
927 1408 1061 1476 πρὸς
1094 1408 1280 1470 αὑτάς·
1317 1425 1335 1458 ι
1387 1407 1682 1461 Ἀκούσατε

137 1503 218 1570 τῆς
248 1497 419 1569 φωνῆς
473 1517 596 1570 μου,
655 1501 917 1567 γυναῖκες
964 1501 1174 1566 Λάμεχ,
1211 1498 1541 1552 ἐνωτίσασθὲ
1576 1516 1678 1568 μου

138 1593 242 1654 τοὺς
275 1591 478 1658 λόγους,
512 1592 596 1644 ἔτι
651 1591 822 1661 ἄνδρα
860 1573 1166 1644 ἀπέκτεινα
1195 1592 1275 1652 είς
1305 1591 1526 1660 τραῦμα
1555 1590 1679 1656 ἐμοὶ

138 1685 214 1738 καὶ
239 1682 504 1734 νεανίσκον
531 1684 613 1744 είς
636 1680 883 1751 μώλωπα
913 1683 1054 1750 ἐμοὶ,
1087 1681 1167 1734 ὅτι
1203 1681 1435 1743 ἑπτάκις
1471 1679 1684 1732 ὲκδεδί-

138 1791 269 1844 κηται
298 1777 356 1825 ὲκ
391 1773 550 1850 Κάξίν,
582 1775 645 1826 ἐκ
667 1773 722 1826 δὲ
760 1774 952 1843 Λάμεχ
986 1773 1449 1842 ἑϐδομηκοντάκις
1478 1773 1674 1828 ἑπτά.»

1284 757 1490 825 justum
1548 757 1698 810 hunc
1739 758 1914 819 virum
1977 766 2258 826 precatum
2309 771 2434 812 esse
2487 769 2554 809 ne
2614 753 2743 823 quid
2810 749 3076 821 ejusmodi
3113 744 3347 814 amplius

1849 947 2050 1004 Cainus
2107 949 2270 1004 etiam
2305 963 2430 1002 cum
2493 962 2665 1001 uxore
2699 959 2824 1000 cum
2884 943 3071 998 liberis
3125 957 3346 1012 operam

1780 1039 2056 1104 dedisset,
2090 1046 2354 1108 concepto
2400 1037 2491 1093 illa
2545 1036 2658 1091 fetu
2716 1034 2986 1088 llenosum
3032 1031 3193 1084 enixa
3243 1039 3347 1092 est,

1781 1133 2030 1188 llenosus
2061 1131 2359 1188 Gaidanem
2388 1130 2715 1201 procreavit,
2747 1127 2953 1183 Gaidun
2986 1122 3348 1182 Malelcclum.

1781 1226 2094 1280 Illaleleclus
2164 1223 2548 1288 Mathusalam,
2597 1219 2930 1275 Mathusalas
2995 1214 3350 1268 Lameehum.

1779 1317 1829 1372 ls
1857 1317 2067 1371 duabus
2099 1317 2359 1371 ux0rihus
2391 1315 2505 1369 Ada
2537 1314 2772 1381 Selaque
2797 1310 3002 1373 ductis,
3034 1309 3112 1362 sic
3143 1321 3238 1360 eas
3273 1315 3354 1358 est

1780 1412 2086 1465 allocutus:
2127 1427 2145 1460 ι
2187 1408 2385 1461 Audite
2419 1421 2596 1459 meam
2647 1402 2976 1462 orationem,
3011 1412 3210 1452 uxores
3249 1394 3354 1448 La-

1781 1505 1985 1568 mechi,
2022 1515 2076 1558 et
2110 1518 2228 1572 quae
2282 1501 2456 1554 dicam
2511 1497 2797 1552 attendite.
2829 1493 3018 1549 Occidi
3071 1491 3352 1545 hominem

1780 1616 1903 1654 eum
1939 1600 2161 1652 vulnere
2191 1611 2331 1660 meo,
2363 1595 2615 1664 juvenem
2647 1606 2757 1644 non
2799 1589 2923 1641 sine
2966 1583 3136 1654 plagis
3195 1581 3357 1634 meis.

1780 1691 1836 1746 lu
1868 1689 2039 1746 Caino
2071 1687 2304 1756 septupli
2355 1699 2516 1754 poena
2558 1682 2682 1746 fuit,
2719 1683 2774 1734 in
2829 1677 3103 1732 Lamecho
3138 1684 3360 1742 septua-

1764 1781 1991 1854 vgecupli
2012 1779 2244 1850 septupli
2272 1778 2430 1832 erit‘.
2466 1795 2482 1827 ι
2517 1774 2692 1841 Qumri
2721 1773 2857 1826 solet
2886 1772 2986 1824 hoc
3017 1769 3134 1821 loco
3164 1781 3359 1835 quam-

143 1868 228 1919 Καὶ
256 1867 501 1934 ζητοῦσιν
542 1866 781 1918 ἐνταῦθα
825 1866 917 1920 διὰ
958 1865 1011 1918 τί
1035 1868 1099 1918 ὲκ
1137 1865 1234 1934 μὲν
1273 1865 1414 1918 Κάῖν
1444 1865 1680 1929 ἑπτάκις

1803 1879 1973 1932 )brem
2030 1873 2083 1927 in
2125 1872 2296 1926 Caino
2327 1869 2545 1939 quidem
2597 1864 2834 1936 septupli
2866 1875 3024 1933 poena
3066 1863 3358 1921 statuatur,

141 1960 471 2030 ὲκδεδίκηται,
503 1962 599 2013 καὶ
634 1960 811 2014 ταῦτα
851 1961 943 2012 τὸν
991 1961 1192 2020 οικείον
1247 1957 1476 2026 ἀδελφὺν
1524 1958 1686 2028 ἔργον

143 2053 278 2120 φόνου
326 2054 691 2122 ποιήσαντος,
753 2055 817 2105 ὲκ
864 2052 921 2105 δὲ
977 2054 1168 2122 Λαμεχ
1223 2051 1689 2120 ἑὸδομηκοντάκις

143 2144 275 2196 ἑπτά.
341 2146 446 2197 Καὶ
503 2144 746 2212 λέγομεν
791 2144 874 2196 ὅτι
926 2143 954 2195 6
1013 2145 1112 2212 μὲν
1161 2143 1303 2197 Κάῖν
1341 2141 1494 2196 οὔπω
1549 2141 1690 2211 ἔγνω

147 2239 304 2291 ὁποῖόν
327 2238 474 2290 ἐστιν
506 2241 534 2292 6
576 2238 737 2306 ςςόνος
767 2235 960 2302 κακον,
986 2235 1141 2289 οΰπω
1168 2230 1276 2288 εἶδε
1324 2236 1492 2304 φονέα
1516 2252 1690 2301 τιμω-

147 2330 396 2400 ρούμενον,
426 2328 580 2384 οὔπω
605 2326 712 2382 εἶδε
740 2330 831 2382 τὸν
856 2328 988 2382 Θεὸν
1021 2327 1110 2382 ἐπ’
1138 2328 1286 2399 αὐτῷ
1316 2327 1692 2397 ἀγανακτούν-

146 2440 215 2475 τα·
242 2423 316 2490 ἐφ’
345 2415 386 2492 ᾧ
430 2424 537 2506 καὶ.
555 2422 828 2494 τιμωρίας
887 2423 948 2475 οὐ
1000 2420 1258 2475 τοσοῦτον
1295 2421 1523 2494 βαρείας
1561 2438 1694 2490 μετ·

147 2517 360 2584 ἔσχηκεν.
415 2514 472 2568 ’0
518 2511 577 2566 δὲ
622 2515 815 2584 Λάμεχ
869 2513 1163 2585 βαρύνεται
1212 2517 1274 2584 τῇ
1333 2514 1574 2576 κολάσει,
1609 2514 1692 2567 ὅτι

150 2611 307 2677 φονεὺς
343 2604 408 2680 ἦν
455 2608 599 2679 μετά
657 2609 749 2660 τὸν
802 2609 967 2678 νόμον
1015 2607 1194 2661 καὶτὸ
1237 2607 1580 2676 κατάκριμα,
1611 2606 1694 2658 ὅτι

148 2700 222 2750 τοῦ
273 2702 399 2753 Κάῖν
448 2699 647 2754 ἑαυτὸν
693 2699 792 2751 οὐκ
859 2698 1230 2769 ἐσωφρόνισεν
1293 2698 1654 2766 ὑποδείγματι
1677 2713 1701 2738 ·-

149 2788 246 2842 εθεν
290 2794 375 2842 ml
435 2791 754 2862 βαρυτέραν
807 2790 1020 2843 ἐκείνου
1059 2791 1162 2862 τὴν
1195 2792 1422 2845 κόλασιν
1457 2791 1691 2860 δέχεται.

159 2880 274 2932 Ἀλλ’
297 2882 322 2932 6
358 2881 454 2950 μὲν
486 2883 634 2936 Κάῖν
657 2884 751 2935 ἐπὶ
791 2883 867 2951 τῷ
899 2882 1045 2952 φόνῳ
1081 2882 1416 2953 συγγνώμης
1437 2884 1537 2936 οὐκ
1571 2882 1694 2936 ἔτυ-
1736 2924 1743 2930 .

67 2988 74 2996 ·
148 2989 242 3038 χεν,
262 2974 333 3025 ὅτι
355 2979 438 3028 κα“·
463 2993 528 3027 π,
548 2976 621 3044 ρὰ
649 2973 786 3027 Θεοῦ
818 2974 1178 3044 ἐλεγχόμενος
1207 2973 1476 3046 κρύπτειν
1500 2973 1700 3028 ἕσπεο·

149 3063 192 3113 δε
221 3065 271 3115 τὸ
300 3066 602 3137 ἁμάρτημα
625 3085 640 3098 ·
677 3070 704 3119 6
733 3067 786 3120 δὲ
823 3068 1014 3137 Λάμεχ
1047 3067 1144 3134 τῆς
1179 3067 1497 3136 μιαιφονίας
1523 3066 1699 3119 ἀπαλ-

149 3159 392 3224 λάσσεται,
425 3161 509 3214 ὅτι
563 3158 667 3229 τὴν
723 3158 846 3211 καθ’
898 3159 1095 3211 ἑαυτοῦ
1147 3158 1330 3226 ψῆφον
1386 3158 1480 3210 καὶ
1533 3157 1693 3227 μόνος

150 3251 426 3318 ἐξήνεγκεν,
490 3253 576 3305 ὅτι
642 3251 885 3320 μείζονος
951 3250 1146 3304 ἑαυτὸν
1209 3249 1377 3314 ἔδειξε
1418 3239 1766 3312 κολάσεωςῦ

151 3342 292 3409 ἄξιον,
325 3344 494 3409 οὕτως
536 3342 715 3398 ειπών
741 3360 756 3376 ·
794 3360 813 3394 ε
862 3343 954 3396 Ἐκ
986 3343 1041 3396 δὲ
1065 3343 1258 3415 Λάμεχ
1290 3343 1693 3416 ἑϐδομηκοντά-

150 3452 217 3496 κις
235 3437 382 3492 ἑπτά.
414 3458 432 3490 ι

207 3615 261 3667 Ei
300 3616 352 3669 δὲ
393 3621 618 3671 κάκεῖνο
673 3619 1188 3689 πολυπραγμονεῖς,
1242 3619 1516 3689 ἀγαπητὴ
1559 3619 1696 3690 ὅπερ

68 3741 94 3761 η.
151 3708 264 3775 πρὸς
293 3710 425 3762 Κάῖν
458 3707 619 3790 εἶπεν
641 3712 668 3762 6
700 3710 850 3774 Θεὸς,
885 3710 966 3763 ὅτι
1002 3711 1107 3772 πᾶς
1137 3712 1165 3762 6
1195 3700 1522 3772 ἀποκτείνας
1560 3711 1695 3763 Κάῖν

153 3801 271 3853 ἐτττά
299 3803 661 3872 έκδικούμενα
689 3802 1021 3872 παραλύσει,
1048 3805 1076 3856 6
1103 3803 1699 3874 χρύσορρήμωνἾωάν-

151 3909 229 3961 vn;
258 3895 307 3946 ὲν
330 3893 402 3963 τῷ
427 3894 550 3948 κατ’
589 3894 864 3947 Ἰουδαίων
897 3895 1042 3962 ἓκτῳ
1067 3894 1211 3964 λόγῳ
1239 3894 1442 3959 διδάξει
1477 3913 1535 3948 σε
1559 3895 1700 3949 κατά

153 3984 280 4052 ῥῆμα
306 3987 510 4052 διεξιὼν
540 3989 742 4041 οὑτωσί
769 4004 782 4017 ·
809 4007 826 4038 ι
865 3989 954 4057 Μὴ
990 3987 1178 4056 φοϐοῦ,
1209 3987 1360 4057 φησί·
1394 3987 1563 4057 βιώσῃ
1590 3986 1702 4056 βίον

156 4080 354 4147 μακρόνο
389 4081 490 4133 κᾶν
532 4080 701 4150 ἀνέλῃ
737 4081 794 4131 σέ
825 4097 930 4144 τις,
965 4078 1185 4138 πολλαῖς
1229 4079 1381 4132 ἔσται
1409 4079 1701 4146 τιμωρίαις

154 4168 448 4233 ὑπεύθυνος.
497 4171 560 4224 'o
603 4173 714 4239 γὰρ
763 4171 905 4224 ἑπτά
959 4171 1196 4241 ἀριθμὸς
1233 4170 1383 4240 παρὰ
1415 4173 1482 4240 τῇ
1511 4170 1702 4239 Γραφῇ

155 4258 429 4331 ἀδιορίστου
492 4264 738 4332 πλήθους
798 4265 917 4315 ἐστὶ
973 4263 1332 4333 σημαντικός.
1391 4263 1450 4313 Ὀ
1495 4261 1704 4329 ἀνελών

157 4367 222 4411 σε,
258 4355 404 4422 φησὶ,
446 4358 541 4407 καὶ
596 4349 1120 4423 τωνέπικειμένων
1158 4370 1240 4406 σοι
1280 4351 1578 4416 ἀπαλλάξει
1609 4369 1706 4404 κου

156 4441 362 4510 λάσεων,
406 4449 567 4507 αὐτὸς
615 4443 702 4513 ἐφ’
737 4448 931 4499 ἑαυτὸν
979 4447 1352 4500 ὲπισπασεται
1385 4445 1484 4515 τὴν
1533 4462 1708 4513 τιμω-

161 4533 282 4601 ρίαν.
341 4541 445 4591 Καὶ
507 4541 658 4590 (ἰοκεί
715 4539 812 4605 μὲν
870 4532 1010 4591 εἶναι
1066 4537 1242 4608 βραχὺ
1274 4539 1334 4590 τὸ
1385 4537 1702 4604 λεγόμενον,

159 4629 330 4696 πολλῆς
389 4632 441 4684 δὲ
494 4632 648 4699 ὅμως
707 4630 1040 4698 κηδεμονίας
1101 4629 1398 4683 ἐστὶ.⁴Καὶ
1436 4629 1543 4699 γάρ
1583 4625 1708 4690 τοὺς

158 4721 274 4785 μετά
320 4723 489 4777 ταῦτα
529 4724 870 4793 σωφρονίσαι
913 4722 1262 4793 βουλόμενος,
1311 4722 1549 4774 τοιοῦτον
1581 4725 1709 4775 ἑπε-

160 4812 299 4882 νόησε
330 4816 606 4879 κολάσεως
635 4818 860 4886 τρόπον,
885 4816 940 4878 ὃς
976 4815 1285 4881 ἀπαλλάξαι
1314 4816 1567 4868 κάκεῖνον
1607 4815 1707 4882 τῆς

160 4908 404 4975 τιμωρίας
443 4908 698 4976 ἡδύνατο.
747 4909 809 4961 Εἰ
857 4908 959 4977 μὲν
999 4908 1107 4978 γὰρ
1139 4908 1345 4968 εὐθέως
1377 4908 1538 4960 αὐτὸν
1567 4908 1711 4960 ἀνεῖ-

154 4991 250 5058 λεν,
276 4997 509 5066 ἀπῆλθεν
550 5000 618 5052 ἂν
648 5001 788 5066 ἔχων
829 5000 927 5068 τὴν
969 4999 1270 5068 ἁμαρτίαν,
1303 5000 1396 5052 καὶ
1431 5001 1542 5062 τοῖς
1571 4998 1712 5068 μετὰ,

163 5090 312 5142 ταῦτα
335 5093 429 5144 οὐκ
463 5095 526 5146 ἂν
560 5094 774 5161 ἐγένετο
798 5095 1097 5164 γνώριμος.
1131 5095 1265 5146 Νυνὶ
1291 5082 1512 5162 ἀφεθείς
1545 5094 1713 5146 πολὺν

170 5181 338 5248 χρόνον
369 5184 530 5254 ζῆσαι
577 5188 634 5240 ὲν
666 5188 860 5267 ἐκείνῳ
889 5187 964 5255 τῷ
997 5187 1210 5257 τρόμῳ,
1247 5186 1562 5248 διδάσκαλος
1602 5188 1713 5246 τοῖς

163 5275 420 5326 ἀπαντῶσι
451 5275 747 5329 καθίστατο
781 5279 914 5328 πᾶσι
954 5277 1043 5329 διὰ
1073 5277 1170 5344 τῆς
1213 5275 1410 5345 ὂψεως.
1452 5276 1616 5328 Ἀλλὰ
1649 5275 1704 5326 τί

160 5359 214 5428 δή
244 5382 364 5418 ποτε
397 5369 494 5436 τὴν
547 5369 825 5438 ἁμαρτίαν
858 5369 1228 5438 ὁμολογήσας,
1272 5369 1364 5420 καὶ
1396 5366 1566 5420 εἰπὼν
1604 5368 1718 5434 μεί-

165 5451 278 5514 ζῦνπ
313 5460 640 5532 συγγνώμης
668 5461 1074 5530 ἡμαρτηκέναι,
1106 5462 1204 5513 οὑκ
1229 5460 1292 5512 ἂν
1320 5461 1543 5527 ἴσχυσεν
1580 5461 1716 5511 ἁπο-

162 5548 392 5614 νίψασοαι
457 5555 516 5605 τὸ
568 5554 907 5623 ἁμάρτημας
968 5553 1160 5606 Καίτοι
1233 5569 1295 5619 γε
1344 5553 1370 5604 6
1423 5551 1718 5621 Προφήτης

166 5642 302 5706 φησὶ,
332 5662 348 5694 ι
371 5648 504 5712 Λέγε
537 5648 598 5698 σὺ
626 5645 722 5706 τὰς
758 5647 984 5714 ἀνομίας
1018 5664 1108 5698 σου
1135 5645 1369 5716 πρῶτος,
1396 5644 1480 5699 ἵνα
1500 5644 1702 5698 δικαιω-

233 5813 248 5842 ι
281 5813 403 5867 υυιι.
436 5832 506 5880 ιι,
541 5813 628 5868 23.
711 5812 884 5866 ³ιιξιιι.
923 5811 1001 5866 ιδ.

1739 4599 1788 4658 D

1790 1985 1912 2025 cum
1965 1968 2011 2022 is
2040 1965 2327 2036 proprium
2372 1963 2596 2016 fratrem
2649 1957 2932 2036 occiderit,
2981 1957 3036 2007 in
3087 1949 3362 2005 Lamccho

1791 2072 1970 2118 autem
2009 2057 2419 2138 septuagecupli
2461 2049 2738 2124 septupli?
2790 2047 3208 2115 lies'mudemus
3234 2042 3363 2095 Cai-

1790 2171 1922 2209 num
1979 2136 2213 2207 necdum
2265 2148 2491 2203 scivisse
2557 2141 2868 2214 cuju~modi
2928 2139 3130 2193 malum
3188 2136 3368 2191 credes

1794 2249 1978 2311 foret;
2035 2243 2269 2298 necdum
2333 2252 2665 2312 quemquam
2727 2233 3060 2289 homicidam
3117 2228 3366 2299 punitum

1794 2341 2054 2405 novisse;
2097 2335 2335 2391 necdum
2395 2331 2830 2402 indignationem
2881 2325 2974 2379 Dei
3031 2333 3367 2391 compertam

1795 2431 2052 2487 habuisse
2080 2447 2093 2483 :
2129 2425 2480 2497 quamobrem
2516 2437 2681 2493 paena
2714 2434 2822 2472 non
2855 2430 3032 2484 usque
3056 2412 3193 2467 adeo
3219 2413 3372 2484 gravi

1797 2523 1964 2580 fuisse
1996 2520 2273 2577 allectum.
2301 2515 2560 2570 Lamechi
2593 2527 2721 2567 vero
2749 2505 3079 2579 supplicium
3111 2524 3178 2562 eo
3205 2507 3376 2561 fuisse

1797 2617 2047 2689 gravius,
2087 2614 2231 2684 quod
2289 2609 2650 2666 homicidium
2704 2613 2830 2675 post
2880 2604 3056 2673 legem
3110 2601 3277 2654 latam
3321 2604 3378 2650 et.

1798 2708 2312 2764 condemnationem
2361 2701 2766 2774 promulgatam
2820 2694 3221 2756 commisisset,
3276 2680 3378 2744 nec

1797 2806 1951 2863 Caiui
1975 2785 2224 2873 eiemplo
2260 2788 2502 2855 monitus
2533 2796 2674 2868 frugi
2707 2795 2883 2850 factus
2915 2793 3133 2846 luisset.
3165 2785 3378 2841 Idcirco

1799 2901 2020 2971 gravius
2075 2895 2325 2968 punitur.
2376 2893 2612 2947 Rursum
2680 2885 2889 2944 Cainus
2949 2882 3164 2937 veniam
3215 2878 3394 2950 caedis

1800 2970 1908 3047 non
1967 2999 2052 3044 est
2100 2993 2467 3042 consecutus.
2515 2981 2684 3048 ithtte
2727 2985 3020 3047 propterea
3067 2971 3211 3041 quod
3271 2970 3382 3025 Deo

1801 3084 1978 3153 ipsum
2011 3079 2375 3148 redarguente
2402 3072 2662 3126 delictum
2697 3068 2977 3122 occultare
3010 3073 3240 3117 conatus
3265 3061 3384 3114 fue-

1802 3147 1998 3228 ritht
2021 3147 2214 3225 eodem
2249 3182 2277 3218 a
2305 3163 2517 3234 piaculo
2559 3161 2868 3214 Lamechus
2895 3155 3384 3224 absolvitur,quod

1802 3269 1918 3338 ipse
1943 3280 2041 3319 suo
2069 3278 2128 3318 se
2158 3259 2369 3315 calculo
2400 3253 2763 3314 danmaverit,
2792 3266 2962 3319 seque
3001 3249 3196 3316 majori
3247 3263 3383 3316 sup—

1803 3334 1967 3423 plicio
2027 3351 2252 3420 dignum
2299 3345 2482 3400 verbis
2521 3343 2669 3398 hisce
2716 3338 3158 3412 prouuntiarerit
3196 3355 3209 3389 :
3263 3355 3281 3388 ‹
3321 3334 3383 3390 ln

1802 3447 1974 3502 Caino
1999 3443 2232 3513 septupli
2255 3455 2414 3512 pinna
2445 3435 2568 3503 fuit,
2588 3435 2642 3491 iu
2671 3433 2949 3490 Lamecho
2974 3429 3384 3503 septuagecupli

1805 3538 2046 3610 septupli
2073 3536 2202 3590 erit.
2244 3553 2263 3585 ι

1875 3628 2102 3696 Quodsi,
2122 3627 2318 3683 dilecte
2339 3625 2433 3691 ﬁli,
2457 3625 2676 3696 curiose
2708 3622 2801 3678 tibi
2831 3620 3146 3676 libetetiam
3189 3619 3256 3673 de
3285 3616 3388 3671 hoc

1808 3724 2085 3792 inquirere
2106 3719 2250 3790 quod
2275 3718 2339 3772 ad
2359 3718 2587 3772 Cainum
2612 3732 2640 3768 a
2672 3714 2783 3770 Deo
2804 3713 3078 3783 profertur
3095 3709 3390 3778 :cQuieun-

1807 3817 2149 3886 queCainum
2165 3810 2705 3879 necaverit.septupli
2721 3807 3014 3861 vindictam
3031 3801 3349 3866 sustinebit,
3363 3819 3382 3851 ι

1808 3909 1934 3962 licet
1953 3921 2014 3960 ex
2044 3903 2270 3960 Joannis
2293 3901 2669 3973 Chrysostomi
2704 3900 2954 3955 oratione
2977 3898 3030 3956 in
3054 3896 3271 3950 Iudaeos
3295 3907 3386 3946 se-

1756 4015 1785 4045 ο
1809 4001 1976 4071 ptima
1999 3997 2295 4063 discas,ubi
2320 3997 2435 4050 haec
2463 3995 2625 4049 verba
2651 3993 2824 4062 ipsius
2851 3997 3105 4047 exstant:
3147 4007 3165 4038 ι
3194 3987 3387 4040 Dicere
3479 4008 3502 4025 ι

1811 4090 1985 4144 voluit
2009 4089 2174 4154 Deus,
2211 4086 2290 4141 Ne
2316 4093 2525 4139 metuas
2577 4082 2698 4148 tibi,
2731 4082 2897 4136 Caine
2927 4097 2940 4148 ;
2986 4081 3149 4134 vitam
3183 4079 3389 4146 longae-

1813 4199 1931 4236 vam
1977 4179 2186 4248 exiges.
2233 4175 2438 4244 Quodsi
2475 4175 2599 4244 quis
2645 4183 2696 4228 te
2745 4173 3056 4234 necaverit,
3093 4169 3390 4223 multarum

1811 4283 2100 4341 pennarum
2148 4283 2207 4322 se
2244 4281 2396 4321 reum
2434 4263 2618 4319 faciet.
2652 4261 3011 4332 Septenarius
3037 4258 3187 4313 enim
3233 4254 3395 4325 123

1814 4377 2076 4417 nuuterus
2103 4359 2276 4415 sacris
2321 4360 2375 4411 in
2425 4355 2651 4412 Litteris
2682 4354 2991 4408 indefinitzn
3026 4349 3396 4406 multitudinis

1813 4453 2265 4525 significationem
2296 4449 2501 4502 habere
2530 4447 2688 4501 solet.
2719 4445 2819 4510 Qui
2848 4460 2978 4513 ergo
3008 4455 3060 4497 te
3103 4440 3394 4496 interfece-

1816 4550 1908 4612 rit,
1958 4547 2136 4616 iisquc
2165 4545 2342 4616 pmnis
2376 4541 2645 4597 exemerit
2673 4555 2793 4609 qua:
2825 4548 2876 4593 te
2922 4554 3072 4592 nunc
3121 4541 3396 4605 premunt,

1815 4642 1863 4694 is
1894 4638 2227 4708 supplicium
2259 4636 2313 4688 in
2348 4633 2709 4702 semetipsum
2739 4629 3057 4685 transferet.
3087 4625 3242 4694 Quod
3274 4627 3398 4694 qui-

1815 4733 1937 4784 (lem
1973 4729 2180 4784 dictum
2217 4741 2477 4796 perquam
2509 4738 2634 4777 esse
2662 4736 2828 4793 grave
2858 4721 3099 4782 videtur,
3134 4732 3319 4770 verum
3369 4730 3399 4768 a

1813 4823 2160 4895 providentia
2196 4819 2463 4890 singulari
2492 4817 2886 4888 proficiscitur.
2914 4814 3052 4869 Cum
3081 4813 3228 4868 enim
3255 4809 3400 4864 Deus

1819 4915 2154 4986 posteriores
2193 4912 2412 4974 ellicere
2462 4908 2603 4978 frugi
2637 4906 2823 4972 vellet,
2860 4903 3176 4972 hujusmodi
3226 4916 3404 4970 DCPIIIB

1819 5008 2039 5062 modum
2102 5005 2328 5075 reperit,
2363 5006 2466 5072 qui
2519 5008 2592 5056 et'
2616 5001 2794 5071 ipsum
2835 4999 3075 5054 liberare
3131 4995 3404 5067 supplicio

1820 5110 2024 5167 posset.
2053 5097 2187 5150 Nam
2217 5097 2260 5151 si
2303 5111 2428 5148 mox
2467 5110 2592 5147 eum
2633 5091 2979 5155 sustulisset,
3014 5106 3111 5144 suo
3144 5104 3266 5144 cum
3303 5088 3400 5141 dc-

1822 5191 1948 5243 licto
1980 5188 2232 5257 periisset
2277 5202 2379 5239 nec
2410 5184 2649 5256 posteris
2695 5183 3044 5238 innotuisset.
3076 5179 3229 5234 Nunc
3274 5193 3401 5232 cum

1819 5281 1962 5336 facta
2012 5279 2277 5334 fuerit'ei
2335 5288 2579 5364 potestas
2637 5276 2690 5330 in
2733 5275 2823 5329 illa
2889 5274 3257 5344 trepidatione
3310 5272 3402 5324 diu

1821 5371 2060 5436 vivendi,
2095 5371 2180 5423 vel
2237 5370 2355 5438 ipso
2387 5359 2597 5422 intuitu
2645 5366 2748 5420 sibi
2793 5375 3152 5420 occurrentes
3187 5359 3404 5416 crudies

1823 5465 1932 5516 bat.
1988 5462 2284 5515 Enimvero
2331 5460 2419 5530 qui
2463 5459 2665 5512 factum
2723 5453 2809 5512 est
2857 5445 2915 5511 ut
2961 5471 3086 5508 curn
3139 5452 3402 5505 delictum

1823 5571 1983 5610 suum
2012 5555 2189 5610 fassus
2214 5555 2332 5625 ipse
2361 5553 2543 5608 verbis
2572 5553 2659 5607 his
2689 5560 2872 5607 esset:
2912 5569 2928 5600 ι
2968 5546 3138 5614 Major.
3167 5555 3242 5598 eSI
3281 5556 3403 5598 mea

1823 5649 1981 5718 culpa
2015 5663 2174 5718 quam
2224 5657 2283 5701 ut
2330 5647 2644 5700 remittatur
2672 5645 2711 5711 ',
2759 5663 2776 5696 ι
2829 5647 3111 5715 peccatum
3176 5631 3400 5688 abluere
