3862 6228
425 314 534 381 943
720 311 732 335 ¹
1672 323 1722 382 Μ
1741 321 1950 383 [ΟΙΙΛῈ

2132 318 2393 380 ειγαιιι
3555 308 3654 375 244

429 426 779 497 nequiverit?
818 429 982 500 Atqui
1011 441 1162 490 vates
1187 434 1262 489 ait
1288 450 1304 489 :
1328 454 1346 487 ι
1379 434 1708 505 iniquitates
1740 445 1860 490 tuas
1885 435 1954 489 De

2126 436 2196 504 ιῇς
2235 428 2282 486 i‘
2305 431 2467 486 Ἀλλὰ
2497 428 2587 485 διὰ
2622 430 2779 484 τοῦτο
2804 427 3129 498 κατεκρίθη,
3158 427 3239 480 ὅτι
3270 424 3370 480 οὐκ
3399 420 3554 478 εἶπεν
3582 423 3651 483 ὡς

432 520 585 575 mino
633 521 785 591 prior
836 524 1119 593 exponito,
1170 536 1227 581 ut
1268 526 1608 596 justiﬁceris.
1655 546 1674 579 ι
1728 526 1956 581 Nimirut

2173 528 2468 597 Προφήτης
2507 522 2783 576 ἐκέλευσε.
2820 518 2896 574 Τὸ
2951 518 3059 588 γάρ
3121 515 3453 587 ζητούμενον
3509 511 3653 566 τοῦτό

433 620 722 682 propterea
762 612 1051 671 damnatus
1078 624 1184 681 est,
1223 617 1368 685 quod
1414 618 1495 673 sic
1534 618 1792 674 delictum
1834 633 1958 672 sum

2132 634 2276 679 στιν,
2303 616 2365 669 οὐ
2399 615 2461 667 τὸ
2489 614 2662 666 είπεῖν
2691 610 2900 675 ἁπλῶς,
2929 608 3066 663 ἀλλὰ
3112 607 3176 660 τὸ
3217 605 3438 677 πρῶτος
3473 603 3654 663 εἰπεῖν,

434 704 614 761 lassus
659 722 768 761 non
817 707 983 762 fuerit
1021 709 1479 778 quemadmodum
1524 720 1682 765 vates
1725 710 1959 779 praacipil

2135 707 2163 761 δ
2194 707 2274 776 μὴ
2312 705 2601 771 ἀναμεῖναι
2631 701 2728 755 τὸν
2773 700 3086 770 ἐλέγχοντα.
3124 687 3295 759 Οὗτος
3320 695 3377 748 δὲ
3413 694 3514 746 οὐκ
3547 686 3657 743 εἷπε

436 787 548 850 Hec
582 798 727 851 enim
773 799 1075 866 requiritur
1105 815 1215 853 non
1245 811 1304 856 ut
1333 801 1657 870 simpliciter
1684 802 1961 871 proﬁteart

2130 798 2345 869 πρῶτος,
2383 793 2501 850 ἀλλ’
2531 792 2821 864 ἀνέμεινεν
2846 791 3171 860 ἐλεγχθῆναι
3202 787 3354 857 παρὰ
3383 784 3479 839 τοῦ
3509 782 3655 865 Θεοῦ,

434 888 528 941 sed
553 897 605 942 ut
634 889 780 957 prior
807 890 910 944 hoc
938 890 1127 955 facias,
1155 907 1252 946 uec
1274 902 1656 962 coarguentem
1690 900 1959 957 exspectes

2137 892 2200 944 εαὶ
2248 887 2423 951 οὕτως
2456 883 2579 939 εἷπε
2633 884 2735 954 τὴν
2786 882 3084 954 άμαρτίαν.
3138 879 3315 948 Ὅπερ
3343 876 3467 931 ὀὐκ
3526 873 3662 927 ἔστιν

434 982 503 1037 At
558 998 686 1035 vero
724 981 928 1037 Cainus
964 985 1112 1053 prior
1152 1001 1259 1040 non
1285 987 1564 1056 exposuit,
1593 985 1688 1040 sed
1731 986 1959 1055 tantispe

2138 979 2513 1055 ξομολδγησις.
2541 976 2616 1030 Τδ
2641 976 2751 1047 γὰρ
2780 973 2996 1046 πρῶτος
3020 972 3216 1039 είπεῖν,
3252 971 3431 1024 ἐκεῖνο
3458 965 3663 1030 πάντως

435 1076 789 1143 exspectavit,
825 1078 1002 1131 donec
1038 1094 1065 1130 a
1098 1076 1208 1132 Deo
1240 1090 1671 1150 coargueretur;
1706 1094 1815 1149 quo
1848 1077 1960 1131 fact

984 1092 1002 1131 ε
1038 1094 1065 1130 a
1098 1076 1208 1132 Deo
1240 1090 1671 1150 coargueretur;
1706 1094 1815 1149 quo
1848 1077 1994 1131 facto
2107 1076 2204 1130 καὶ
2234 1072 2454 1127 δικαιοῖ.
2489 1089 2509 1124 ι

434 1168 693 1224 delictum
727 1184 887 1224 suum
914 1171 1255 1241 exposuit,id
1280 1173 1422 1241 quod
1466 1188 1586 1227 esse
1612 1170 1885 1226 confessio
1920 1170 2128 1240 nequit.
2173 1167 2303 1221 Nam
2334 1165 2569 1235 priorem
2598 1176 2721 1218 esse
2756 1159 2812 1217 in
2842 1157 3082 1223 fatendo,
3103 1156 3157 1212 id
3180 1170 3305 1212 vere
3334 1150 3615 1223 Ῑιιεῑίίίίσεῑ.
3644 1166 3661 1201 t

508 1261 829 1330 llujusmodi
868 1262 1296 1334 Chrysostomus
1335 1266 1519 1320 verbis
1562 1265 1648 1320 his
1700 1264 1968 1322 indicavit
1992 1281 2017 1318 ν

2189 1259 2303 1338 Kal
2346 1259 2416 1312 τὰ
2448 1257 2548 1327 μὲν
2599 1253 2692 1308 τοῦ
2742 1253 3130 1324 Χρυσοστόμου
3163 1245 3386 1303 τοιαῦτα
3411 1262 3427 1278 ν
3469 1265 3487 1296 ι
3529 1242 3665 1298 Μετὰ

443 1373 463 1405 ι
502 1355 774 1410 Caeterum
827 1352 1160 1415 Mathusalas
1202 1353 1484 1410 Enochum
1522 1363 1609 1410 est
1649 1356 1968 1411 subsecutus

2138 1352 2195 1405 δν
2238 1348 2408 1420 Ἑνὼχ
2455 1351 2483 1402 6
2528 1346 2878 1411 Μαθουσάλα,
2912 1343 3051 1415 μετὰ
3082 1342 3139 1396 δὲ
3171 1340 3359 1395 τοῦτον
3388 1340 3416 1391 6
3454 1337 3663 1406 Λάμεχ.

440 1444 797 1499 Mathusalam
828 1443 1155 1509 Lamecbus,
1188 1459 1220 1499 a
1248 1460 1357 1514 quo
1390 1445 1502 1501 Noa
1533 1456 1854 1515 procreatus
1884 1445 1955 1499 fui

2139 1465 2169 1499 κ
2201 1446 2257 1500 δὲ
2286 1446 2476 1499 τούτου
2498 1445 2526 1496 6
2555 1443 2700 1498 Νῶε.
2734 1437 2903 1503 Οὗτος
2933 1438 3100 1509 γεννᾷ
3131 1440 3281 1507 τρεῖς
3314 1434 3464 1495 υἱοὺς
3493 1473 3509 1498 ,
3538 1433 3664 1501 Σὴμ,

440 1534 526 1588 cui
586 1543 699 1589 tres
739 1535 890 1590 fuere
940 1534 1064 1599 ﬁlii,
1113 1536 1345 1599 Semus,
1387 1534 1670 1603 Chamus,
1717 1534 1965 1605 Japlietm

2143 1537 2256 1604 ἰὰμ,
2296 1534 2497 1604 ’1άφεθ.
2526 1521 2637 1586 Καὶ
2675 1533 2890 1601 ἐγένετο
2926 1530 3089 1597 ἡνίκα
3118 1526 3354 1598 ἦρξαντο
3388 1524 3437 1578 οί
3469 1521 3668 1591 άνορωσ

440 1627 652 1682 Accidit
679 1638 864 1683 autem
892 1640 954 1683 ut
975 1629 1088 1697 jam
1127 1629 1409 1684 hominum
1452 1627 1746 1682 multitudo
1780 1644 1876 1698 per
1909 1642 1965 1680 or

2141 1649 2198 1685 τοι
2227 1627 2412 1684 πολλοὶ
2449 1625 2708 1696 γενέσθαι
2734 1624 2826 1678 ἐπὶ
2840 1625 2938 1693 τῆς
2969 1622 3097 1691 γῆς,
3128 1619 3432 1688 θυγατέρες
3460 1614 3666 1695 ὲγεννῂ-

441 1719 562 1775 bem
601 1735 852 1776 crescere
899 1722 1188 1792 inciperet,
1241 1723 1440 1792 quibus
1479 1737 1601 1776 cum
1662 1720 1781 1774 filia:
1815 1735 1966 1774 nasci

2149 1738 2291 1790 ησαν
2331 1720 2536 1782 αὐτοῖς.
2588 1715 2804 1778 ’ἰδόντες
2837 1714 2894 1770 δὲ
2930 1715 2979 1768 οἱ
3016 1712 3122 1767 υἱοὶ
3148 1710 3244 1766 τοῦ
3278 1709 3413 1764 Θεοῦ
3447 1708 3547 1771 τὰς
3586 1707 3671 1759 θυι

441 1820 652 1879 rentur,
709 1798 802 1866 ﬁlii
835 1811 928 1868 Dei
965 1814 1347 1869 animadverso
1394 1814 1532 1867 ﬁlias
1565 1813 1844 1867 hominum
1911 1828 1966 1867 ve

2144 1813 2353 1883 ἀτέρας
2406 1810 2517 1864 τῶν
2568 1807 2873 1878 ἀνθρώπων
2929 1806 3012 1860 δτι
3051 1802 3215 1858 καλαί
3266 1803 3425 1864 εἰσιν,
3490 1798 3669 1884 ξλαὸον

442 1858 652 1879 --..-_.,
709 1858 802 1866 ....-
836 1858 928 1868 η..
965 1858 1345 1869 μ......-υ..,--ν
1395 1858 1531 1867 ......-
1923 1858 1967 1867 .-

442 1913 634 1957 nustas
656 1918 803 1967 esse,
824 1904 891 1959 de
917 1890 1077 1959 onmi
1097 1919 1326 1959 numero
1356 1903 1627 1973 eligebant
1661 1918 1796 1976 quas
1813 1918 1967 1958 uxore

2145 1858 2630 1979 aurdic’yuyaixac
2677 1858 2796 1955 r6116
2851 1898 3045 1954 πασῶν
3092 1889 3165 1950 ὧν
3199 1858 3667 1979 ἐξελέξαντολζαξ

442 1994 728 2047 ducerent.
765 1993 902 2047 Tum
974 1992 1236 2048 Dominus
1266 1993 1441 2048 dixit:
1485 2012 1504 2044 ι
1561 1991 1676 2046 Non
1723 2008 1967 2063 pennam

2149 1998 2233 2053 ίπε
2268 1962 2470 2068 κ’ύριὸς
2498 1996 2525 2048 6
2555 1962 2720 2055 Θεόςο
2762 2010 2782 2045 t
2825 1993 2899 2047 Οὐ
2944 1990 3019 2062 μὴ
3046 1985 3354 2058 καταμείνῃ
3375 1985 3437 2039 τδ
3462 1962 3674 2052 Πνεῦμδ

444 2084 521 2139 bit
554 2082 795 2155 Spiritus
837 2100 994 2142 meus
1044 2087 1099 2142 in
1138 2088 1288 2143 hisce
1330 2088 1669 2152 mmtalibus,
1706 2102 1832 2143 cum
1886 2102 1969 2140 ear

2144 2110 2219 2145 ιου
2259 2093 2313 2144 ὲν
2347 2092 2459 2153 τοῖς
2487 2086 2797 2158 ἀνθρώποις
2826 2084 3041 2142 τούτοις
3086 2081 3175 2135 διὰ
3216 2079 3277 2132 τὸ
3305 2073 3448 2131 εἶναι
3486 2075 3669 2137 αὐτοὺς

442 2177 572 2233 sint.
604 2177 792 2245 Itaque
823 2179 1062 2249 reliquos
1094 2179 1173 2235 eis
1206 2178 1396 2235 faciam
1419 2166 1522 2233 ίέο
1541 2194 1715 2234 annos
1732 2179 1774 2233 ⁸.
1800 2198 1817 2230 ι
1842 2177 1967 2233 Erat

2147 2185 2349 2257 ·άρκας.
2387 2183 2644 2235 Ἔσονται
2667 2178 2724 2231 δὲ
2752 2178 2810 2231 ai
2848 2177 3053 2246 ἡμέραι
3079 2171 3258 2227 αὐτῶν
3292 2167 3488 2223 ἑκατὸν
3512 2167 3672 2239 εἰκοσι

444 2285 509 2325 ea
530 2279 856 2341 tempestate
879 2274 932 2325 in
957 2271 1118 2327 terris
1140 2272 1406 2342 gigantes,
1423 2286 1529 2342 qua
1552 2272 1771 2341 quidem
1796 2281 1851 2326 et
1876 2272 1969 2326 dilt

2149 2292 2236 2345 τη.
2276 2293 2294 2326 ι
2337 2275 2400 2327 Οί
2458 2272 2515 2324 δὲ
2580 2269 2837 2338 γίγαντες
2886 2262 3029 2334 ἦσαν
3060 2266 3158 2318 ἐπὶ
3182 2263 3281 2333 τῆς
3320 2260 3426 2331 γῆς
3459 2262 3515 2313 ὲν
3565 2259 3672 2320 ταῖς

445 2362 591 2416 vium
615 2362 759 2416 Deus
782 2363 1029 2424 immisit.
1049 2363 1208 2433 cujus
1237 2373 1362 2418 nota
1384 2364 1772 2419 estadmodum
1792 2380 1970 2419 causa.

2147 2366 2365 2436 ίμέραις
2394 2361 2649 2423 ἐκείναις.
2694 2355 3013 2428 Τηνικαῦτα
3049 2354 3143 2409 καὶ
3185 2354 3278 2408 τὸν
3307 2348 3672 2418 κατακλυσμὸν

445 2451 583 2517 Quid
603 2462 798 2521 praeter
821 2453 954 2508 alios
977 2452 1243 2523 Iosephus
1265 2454 1734 2518 tratliilerit,audi.
1760 2453 1970 2521 «Septei

2151 2456 2314 2525 πάγει
2343 2456 2371 2508 6
2402 2454 2554 2516 Θεός.
2597 2471 2616 2505 ι
2667 2450 2734 2505 Ἢ
2772 2450 2828 2503 δὲ
2868 2449 3015 2503 αίτία
3042 2446 3136 2501 καὶ
3168 2445 3311 2500 πάνυ
3346 2444 3547 2513 σαφής.
3575 2439 3673 2493 Καὶ

443 2543 698 2598 atatibus
732 2545 786 2598 in
824 2560 891 2599 eo
923 2552 1066 2601 statu
1094 2548 1387 2617 perstitere
1426 2547 1706 2611 mortales,
1732 2556 1799 2602 ‘ut
1846 2545 1968 2602 Deu:

2145 2548 2287 2602 ἱκουε
2317 2547 2422 2619 πρὸ
2445 2544 2556 2599 τῶν
2584 2543 2761 2597 ἄλλων
2789 2539 2955 2595 αὑτοῦ
2979 2538 3073 2593 τοῦ
3116 2538 3382 2621 ἰωσῄπου
3412 2534 3670 2603 λέγοντος

451 2650 547 2703 pro
583 2649 766 2689 rerum
800 2635 1032 2691 Domino
1059 2645 1419 2708 agnoscerent
1452 2638 1733 2708 solamque
1761 2637 1976 2692 virtutet

2201 2639 2375 2694 Ἑπτά
2404 2638 2620 2706 γενεαῖς
2657 2636 2706 2688 οἱ
2730 2632 3007 2706 ἄνθρωποι
3038 2631 3317 2699 διέμειναν
3357 2627 3488 2681 Θεδν
3524 2623 3675 2697 ἠγοῦ-

453 2724 511 2779 in
540 2726 797 2781 omnibus
843 2728 1195 2796 respicerent.
1240 2727 1322 2782 Ab
1358 2744 1424 2782 eo
1473 2730 1733 2800 deimeps
1780 2738 1978 2797 tempm

2146 2750 2278 2788 ιενοι
2306 2730 2582 2798 Δεσπότην
2628 2728 2722 2782 καὶ
2766 2727 2943 2793 πάντα
2979 2725 3113 2796 πρὸς
3154 2721 3356 2794 ἀρετὴν
3376 2721 3671 2793 βλέποντες.

457 2816 649 2871 mutati
682 2826 810 2871 sunt
840 2818 895 2872 in
931 2818 1104 2889 pejus.
1142 2816 1276 2873 Nam
1310 2820 1617 2891 complures
1654 2835 1719 2874 ex
1770 2818 1863 2874 Dei
1898 2820 1982 2873 ﬁlii

2147 2826 2280 2880 ιίετά
2342 2824 2399 2879 δὲ
2459 2820 2633 2876 ταῦτα
2689 2816 3115 2890 μεταϐάλλονται
3178 2814 3318 2883 πρὸς
3372 2813 3434 2866 16
3484 2813 3672 2882 χεῖρον.

450 2923 574 2965 cum
602 2910 921 2965 mulieribus
946 2922 1396 2976 consuescentes,
1434 2912 1634 2967 liberos
1667 2927 1730 2967 ex
1774 2912 1841 2966 iis
1887 2928 1975 2967 cor

2149 2921 2320 2975 ῐολλοὶ
2348 2918 2456 2988 γάρ
2480 2917 2701 2986 ἄγγελοι
2725 2913 2863 2968 Θεοῦ
2890 2912 3107 2983 γυναιξὶ
3138 2909 3502 2979 συμμιγέντες
3531 2905 3674 2975 ὑϐρι-

452 3011 695 3058 tnmaces
730 3012 785 3058 et
831 3003 1010 3059 onmis
1071 3005 1283 3059 honesti
1337 3015 1751 3073 contemptores
1797 3014 1977 3075 pruplt

2151 3012 2262 3074 ςτὰς
2298 3011 2597 3078 ἐγέννησαν
2645 3006 2843 3067 παῖδας
2882 3003 2974 3058 καὶ
3012 3000 3211 3063 παντὸς
3255 2997 3565 3068 ὑπερόπτας
3594 3012 3676 3048 κα-

454 3094 707 3162 potentiaz
754 3093 1006 3150 ﬁduciam
1056 3110 1415 3167 progenuere.
1470 3096 1812 3165 Quapmptcr
1847 3096 1979 3151 visu:

2155 3100 2224 3154 οῦ
2258 3100 2351 3154 διὰ
2387 3098 2486 3170 τὴν
2522 3098 2615 3151 ἐπὶ
2649 3099 2717 3167 τῇ
2749 3095 2982 3165 δυνάμει
3012 3092 3359 3161 πεποίθησιν.
3387 3089 3546 3141 Ὅθεν
3586 3088 3680 3139 δια-

452 3188 537 3237 est
580 3185 693 3239 Deo
747 3200 870 3239 cum
904 3185 973 3241 iis
1022 3186 1336 3242 universam
1370 3189 1647 3242 nationem
1705 3187 1977 3241 mortalin:

2152 3198 2329 3249 ιοεϊται
2362 3195 2390 3249 6
2426 3192 2560 3255 Θεὸς
2614 3193 2709 3246 καί⁸
2762 3192 2870 3243 πᾶν
2903 3191 3027 3242 ὅσον
3075 3185 3143 3259 ἦν
3193 3184 3530 3253 ἀνθρώπινον
3577 3180 3677 3233 διας

448 3276 789 3343 exscindere,
818 3293 1098 3349 genusque
1116 3295 1314 3348 purum
1341 3280 1408 3334 ab
1424 3282 1570 3335 omni
1596 3276 1795 3361 ﬂagitio
1824 3277 1973 3332 faceri

2151 3287 2349 3357 i05ipat
2384 3287 2479 3338 σὺν
2530 3285 2737 3347 αὐτοῖς,
2778 3283 2872 3336 καὶ
2920 3281 3142 3351 ποιῆσαι
3176 3278 3327 3347 γένος
3354 3277 3539 3355 ἕτερον
3592 3291 3676 3325 πο-

453 3371 674 3424 reseetis
700 3370 833 3441 ipsis
857 3374 1021 3426 etiam
1054 3373 1214 3427 annis
1241 3373 1369 3428 vita:
1395 3373 1653 3443 longaeva
1678 3386 1839 3440 quam
1874 3372 1978 3441 prit

2150 3380 2325 3449 νηρίας
2373 3376 2641 3447 καθαρὸν,
2694 3374 3119 3443 ὲπιτεμνόμενος
3174 3370 3266 3423 καὶ
3318 3369 3458 3422 αὐτὰ
3499 3365 3571 3419 τὰ
3596 3364 3675 3433 ἔτη

450 3460 739 3532 degebant.
764 3484 780 3514 ι
804 3463 1172 3518 Consimiliter
1191 3473 1245 3518 et
1263 3464 1495 3518 eximius
1529 3464 1615 3517 ille
1651 3463 1885 3534 Cyrillus
1910 3464 1975 3516 di:

2153 3474 2272 3536 ιπερ
2303 3469 2571 3539 πρότερον
2604 3468 2761 3531 ἔζων.
2802 3484 2821 3517 ι
2868 3464 3029 3518 Ἀλλὰ
3073 3464 3169 3516 καὶ
3218 3465 3245 3516 6
3281 3464 3458 3532 μέγας
3496 3458 3678 3526 Κύρα-

453 3556 606 3608 serit.
643 3553 805 3625 124
838 3552 954 3608 Filii
987 3552 1104 3630 Dei,
1126 3554 1221 3620 ait,
1248 3555 1348 3610 hoc
1380 3566 1463 3609 est
1490 3571 1519 3609 a
1554 3554 1722 3610 Setbo
1770 3570 1976 3625 progna

2152 3578 2219 3625 ,ος
2250 3561 2399 3629 λέγει
2443 3561 2526 3613 ὅτι
2570 3559 2771 3621 ίδόντες
2813 3557 2865 3611 οἱ
2891 3559 2997 3611 υἱοὶ
3024 3555 3117 3609 τοῦ
3144 3555 3302 3620 Θεοῦ,
3337 3552 3610 3608 τουτέστιν
3638 3548 3677 3600 oi

451 3645 599 3712 (nam
647 3646 797 3700 illum
849 3645 1063 3700 virtutis
1087 3662 1247 3701 causa
1293 3648 1374 3701 sui
1425 3638 1585 3702 deum
1633 3647 1972 3717 appellavere

2151 3656 2236 3708 ιπὺ
2264 3653 2360 3708 τοῦ
2386 3654 2492 3724 Σὴθ
2518 3651 2889 3719 καταγόμενοι
2922 3651 3154 3719 (ἐκεῖνον
3179 3647 3286 3717 γὰρ
3323 3648 3411 3700 διὰ
3433 3645 3530 3714 τὴν
3563 3646 3676 3711 ἀρε-

452 3736 833 3791 animadrerso
887 3738 1022 3792 ﬁlias
1076 3737 1381 3802 hominum,
1419 3737 1471 3793 id
1525 3751 1609 3793 est
1652 3748 1802 3793 ortas
1829 3755 1894 3793 ex
1930 3755 1977 3806 ρ(

2270 3720 2459 3797 αὑτοῦῗ
2490 3743 2616 3795 θεὸν
2667 3741 2898 3810 ἔλεγον),
2949 3740 3044 3800 τὰς
3096 3736 3403 3806 θυγατέρας
3441 3734 3548 3787 τῶν
3596 3733 3679 3787 άν-
3755 3720 3762 3730 ’

453 3827 696 3880 sterilate
733 3826 913 3894 Caini,
969 3827 1137 3881 forma
1182 3838 1443 3883 venustas
1482 3830 1622 3895 esse,
1677 3830 1978 3900 matrimoni

2154 3834 2394 3904 Ιρώπων,
2431 3834 2601 3905 ἧγουν
2642 3832 2741 3895 τὰς
2773 3831 2882 3885 άπὸ
2938 3830 3032 3883 τοῦ
3088 3831 3247 3892 Κάῖν,
3282 3828 3364 3882 ὅτι
3420 3826 3578 3881 καλαὶ
3616 3824 3679 3892 τῷ

453 3919 555 3974 sibi
586 3920 1011 3988 easjunxerunt,
1050 3922 1270 3991 natique
1291 3932 1417 3977 sunt
1444 3939 1508 3977 ex
1539 3927 1621 3978 eis
1638 3924 1905 3993 gigantes,
1930 3924 1978 3977 hi

2164 3927 2262 3979 ἴδει
2312 3927 2472 3989 εἰσὶν,
2534 3925 2722 3977 ἔλαϐον
2776 3923 2944 3985 αὐτάς
2983 3922 3062 3984 εἰς
3096 3920 3553 3991 γυναῖκας.”0οεν
3600 3916 3680 3969 καὶ

452 4012 628 4066 mines
659 4012 921 4066 informes
957 4028 1285 4081 omnemque
1327 4014 1649 4082 pravitatem
1680 4012 1977 4067 referentes

2155 4019 2426 4086 ,γεννῶντο
2477 4019 2528 4070 οἱ
2563 4018 2839 4085 γίγαντες,
2885 4016 3077 4083 ἄνδρες
3131 4013 3398 4075 δυσειδιῑς
3456 4014 3550 4066 καὶ
3589 4011 3680 4062 πᾶν

454 4104 676 4157 imlente
708 4114 925 4171 turpem
963 4104 1045 4157 eis
1079 4103 1220 4156 hanc
1245 4105 1481 4171 speciem
1513 4102 1621 4157 Deo
1669 4114 1889 4173 propter
1932 4119 1979 4156 ni

2153 4110 2188 4162 εί
2227 4128 2280 4163 τι
2329 4108 2590 4162 κάκιστον
2630 4106 2816 4170 .ὖντες,
2873 4104 2968 4159 τοῦ
3031 4103 3165 4158 Θεοῦ
3203 4103 3678 4174 παραχαράξαντος

457 4189 672 4250 fandam
714 4204 770 4248 et
797 4195 1190 4248 exsecrabilem
1233 4196 1449 4265 generis
1473 4195 1755 4264 utriusque
1800 4210 1978 4251 comm

2154 4201 2351 4269 tia-robe
2386 4198 2474 4252 διὰ
2532 4198 2632 4268 τὴν
2688 4197 2942 4269 μυσαρὰν
2985 4186 3373 4268 αὐτῶνμίξιν.
3415 4196 3575 4249 Ὀοεν
3602 4195 3679 4247 καὶ

458 4287 709 4340 stionem.
744 4285 969 4340 Easdem
1015 4285 1086 4340 ob
1131 4300 1324 4340 causas
1355 4285 1562 4340 diluvio
1588 4295 1717 4340 sunt
1746 4287 1983 4341 exstinitt

2152 4292 2466 4356 ιατακλύζει
2499 4293 2716 4354 αὐτοὺς,
2749 4290 2933 4352 καθὼς
2958 4292 3050 4342 καὶ
3083 4291 3110 4341 6
3142 4291 3443 4359 κορυφαῖος
3473 4290 3677 4355 ἐνέφηνε

453 4380 785 4449 Signiﬁcavit
818 4380 959 4435 idem
986 4395 1214 4450 magnus
1240 4379 1404 4433 etiam
1436 4379 1652 4446 Petrus,
1704 4380 1758 4434 in
1807 4379 1978 4449 Epistt

2153 4383 2336 4454 Ῐέτρος
2394 4386 2449 4436 ἐν
2492 4387 2554 4454 τῇ
2606 4384 2869 4455 καθολικῇ
2930 4383 3094 4436 αὐτοῦ
3127 4383 3363 4474 δευτέρᾳ
3409 4378 3678 4446 Ἐπιστολῇ

451 4470 626 4545 larum
644 4487 866 4535 suarum
893 4471 1284 4527 catholicarum
1311 4471 1478 4527 altera
1520 4471 1700 4526 verbis
1732 4472 1879 4526 hisce
1908 4472 1976 4527 di:

2147 4451 2304 4543 ὥτ’ᾠς
2346 4451 2554 4532 εἰπώνζ
2593 4496 2610 4529 t
2654 4451 3062 4546 Κατακλυσμὸν
3093 4451 3529 4545 κόσμῷάσεὸὦν
3552 4470 3672 4523 ἑπά-

451 4579 637 4619 serens
655 4581 718 4623 ελ
743 4564 1039 4636 lmpiorum
1064 4565 1249 4636 generi
1280 4565 1544 4620 diluvium
1582 4563 1789 4619 invexit
1813 4565 1887 4618 ⁸.»
1910 4563 1976 4618 Ct

2152 4572 2249 4636 ξας.
2291 4588 2309 4621 ι
2352 4569 2451 4623 Διὰ
2480 4570 2535 4623 τί
2566 4569 2623 4623 δὲ
2660 4571 2784 4633 τοὺς
2809 4570 2905 4621 ἕνα
2931 4568 3067 4621 Θεὸν
3096 4566 3538 4636 προσκυνοῦντας
3564 4565 3677 4616 άσε-

453 4655 542 4710 hic
570 4665 725 4710 vocat
754 4655 967 4724 impios,
993 4657 1086 4725 qui
1116 4671 1282 4710 unum
1315 4653 1486 4709 Deum
1519 4655 1771 4726 religiose
1791 4655 1978 4709 colend

2149 4661 2246 4724 isi;
2270 4662 2532 4728 ὲκάλεσε;
2560 4661 2703 4714 Διότι
2731 4661 2983 4714 τοσοῦτον
3016 4660 3362 4734 ἐξεμάνησαν
3391 4659 3471 4720 είς
3501 4671 3674 4708 συνου-

403 4779 421 4800 κ
450 4747 892 4801 venerabantur?
930 4734 1067 4814 Quia
1098 4756 1383 4817 tantopere
1411 4748 1462 4801 in
1489 4748 1771 4802 libidinem
1805 4761 1928 4802 exat

2158 4755 2256 4818 ria;
2302 4754 2378 4817 ὡς
2432 4754 2522 4806 ἐπὶ
2561 4752 2738 4806 εἴκοσι
2789 4752 3021 4824 ἀνδράσι
3074 4751 3174 4822 τὴν
3209 4751 3446 4819 γυναῖκα
3478 4744 3683 4817 περιφέ-

450 4848 574 4893 runt
609 4848 665 4892 ut
692 4838 877 4908 viginti
928 4838 1025 4892 viri
1058 4855 1162 4894 una
1191 4855 1313 4894 cum
1349 4838 1547 4895 femina
1577 4853 1975 4894 consuesceren

2150 4845 2350 4900 aeaeat.
2392 4844 2490 4897 Ἐκ
2528 4843 2720 4898 τούτου
2781 4843 2891 4912 γὰρ
2938 4844 3032 4895 καὶ
3066 4843 3194 4907 τοὺς
3227 4843 3377 4903 υἱοὺς
3407 4840 3502 4894 τοῦ
3536 4834 3675 4896 Θεοῦ,

449 4927 562 4982 lloe
603 4927 747 4982 enim
782 4937 940 4998 pacto
973 4927 1062 4982 Dei
1099 4945 1315 5000 quoque
1352 4930 1467 4995 lilii,
1493 4930 1753 4984 nimirum
1788 4946 1817 4983 a
1855 4928 1974 4984 Setl‘

2154 4940 2256 5000 rei);
2306 4939 2368 4991 ἐκ
2417 4934 2551 4989 Θεοῦ
2594 4935 2699 5005 Σὴθ
2740 4934 2964 5006 δηλαδὴ,
3026 4936 3164 5000 πρὸς
3222 4932 3372 5005 μίξιν
3423 4932 3679 4986 είλκυσαν.

449 5021 719 5092 prognati,
740 5022 806 5076 ad
828 5022 1150 5077 concubitus
1176 5038 1340 5095 vagos
1361 5023 1572 5079 invitati
1592 5035 1753 5088 sunt;
1780 5023 1871 5092 qui
1902 5039 1972 5090 qu

2154 5030 2254 5083 Γίοὶ
2297 5029 2354 5082 δὲ
2404 5027 2498 5082 τοῦ
2532 5025 2667 5081 Θεοῦ
2698 5027 2948 5095 λέγονται
2979 5027 3074 5079 καὶ
3121 5025 3206 5079 διὰ
3235 5028 3333 5097 τὴν
3369 5023 3564 5096 ἀρετὴν
3595 5021 3679 5073 αὑ-

447 5112 570 5167 dem
606 5115 820 5170 virtutis
866 5114 1027 5170 etiam
1068 5117 1295 5170 nomine
1325 5114 1417 5170 Dei
1469 5114 1875 5185 suntappellati
1906 5115 1972 5169 ﬁli

2154 5124 2272 5175 τῶν⁶
2299 5121 2488 5192 ὥσπερ
2541 5122 2654 5182 υἱὸς
2711 5119 3058 5190 πρωτότοκος
3119 5120 3149 5171 6
3192 5118 3432 5187 Ἰσραὴλ,
3464 5110 3679 5175 κιτθὼςὸ

449 5207 899 5276 quemadmodum
920 5208 1150 5264 lsraelus
1167 5218 1390 5264 vocatur
1421 5208 1561 5263 ﬁlius
1587 5208 1974 5279 primogenitus

2157 5215 2279 5275 leto;
2320 5213 2424 5285 ἔφη
2462 5212 2730 5282 Ἐφραῖμ.
2761 5210 2873 5266 Καὶ
2905 5213 2932 5264 6
2964 5208 3200 5281 χρυσοῦς
3237 5209 3293 5262 δὲ
3332 5208 3429 5278 τὴν
3461 5205 3682 5275 γλῶτταν

452 5298 643 5355 Tradit
663 5299 779 5367 hme
800 5301 1018 5357 divinus
1040 5301 1130 5357 ille
1155 5301 1234 5355 vir
1251 5301 1609 5373 Ephraemus.
1624 5302 1689 5356 Et
1708 5300 1977 5369 Chrysosti

2156 5305 2236 5382 »ὖκ
2273 5303 2434 5357 ἄλλου
2459 5304 2601 5365 τινὸς
2628 5303 2816 5367 ἕνεκα,
2848 5301 2945 5371 τῆς
2983 5299 3042 5354 δὲ
3077 5301 3184 5353 τῶν
3216 5301 3393 5369 γενῶν
3424 5294 3681 5366 ἐπιμιξίας

456 5408 579 5448 mus
612 5390 842 5447 aﬂirmat
890 5392 994 5446 alia
1050 5391 1201 5447 nulla
1242 5393 1309 5446 de
1344 5403 1505 5446 causa
1561 5408 1724 5461 quam
1759 5392 1829 5447 ob
1889 5390 1981 5443 har

2155 5392 2452 5463 iunchﬁvat
2476 5392 2626 5461 λέγει
2660 5391 2785 5452 τοὺς
2812 5389 3166 5458 καταράκτας
3194 5387 3289 5441 τοῦ
3320 5382 3680 5456 οὐρανοῦ.’οτι

454 5488 742 5557 utriusque
790 5486 1005 5558 generis
1034 5487 1466 5542 commistioaem
1521 5486 1642 5540 caeli
1694 5495 1904 5539 meatus
1939 5500 1979 5537 τι

2154 5484 2195 5536 is
2235 5483 2323 5537 διὰ
2373 5481 2689 5552 φιληδονίαν
2732 5481 2831 5533 καὶ
2861 5478 2961 5550 τὴν
2999 5478 3257 5549 μυσαρὰν
3287 5477 3500 5546 ἐκείνην
3530 5469 3679 5542 μῖξιν.

455 5564 634 5636 clusos
667 5580 855 5637 fuisse.
891 5580 1080 5636 Itidem
1106 5596 1216 5635 non
1244 5578 1544 5650 impietatis
1582 5576 1748 5632 Deum
1775 5588 1979 5647 negant

2157 5569 2212 5627 ὒν
2262 5575 2452 5629 ἕνεκεν
2500 5573 2715 5638 ἁσε6;ῖς
2756 5571 2937 5627 ἐκάλει
2991 5572 3127 5637 ,τοὺς
3167 5571 3428 5641 γίγαντας
3466 5569 3494 5621 6
3542 5577 3682 5633 κορυ-

540 5764 560 5795 δ
590 5766 722 5822 Gen.
761 5785 831 5835 vr,
866 5769 918 5823 5.
998 5770 1016 5797 ¹¹
1042 5769 1080 5823 ll
1123 5768 1265 5824 Petr.
1304 5783 1358 5835 ιι,
1395 5766 1445 5820 ὅ.
1525 5765 1543 5797 ⁸
1572 5763 1740 5818 Exod.
1786 5778 1859 5829 tv,
1904 5763 1992 5815 '22.
