3862 6228
138 329 230 399 ἓίδ

1345 337 1750 409 ANuALmM
1797 349 1989 409 rans
2033 322 2113 412 ll.

3247 348 3356 411 946

140 449 277 517 φαίος
342 445 564 516 Πέτρος,
601 448 848 515 ἐπήγαγε
898 447 990 500 τὸν
1041 446 1428 521 κατακλυσμὸν
1462 457 1488 506 ὁ
1518 455 1672 519 Θεὸς,

1806 473 1858 509 ei
1891 460 1993 512 alia
2025 459 2286 530 quapiam
2341 441 2506 516 causa
2540 462 2803 517 diluvium
2855 460 3024 516 fuisse
3065 459 3364 513 invectum.

138 539 221 590 καὶ
253 536 310 589 ού
333 537 399 588 δι’
433 537 627 590 ἁθείαν
656 538 690 608 ἢ
722 539 884 604 ἄλλην
915 540 1116 592 κακίαν
1147 541 1290 606 τινὰ,
1343 547 1371 595 ὁ
1407 543 1685 618 θειότατος

141 627 380 696 Κύριλλος
435 630 491 680 ἐν
521 632 588 700 τῇ
647 631 788 683 κατά
828 629 1119 702 Ίο-υλιανοῠ
1178 633 1346 703 βίϐλῳ
1379 638 1682 702 παρίστησι

140 718 273 769 τοῦτο
309 719 624 784 σαφέστατα
676 720 874 788 λέγων’
909 739 927 772 t
962 721 1024 774 Οί
1066 721 1125 785 ἐξ
1166 722 1342 791 Ἀδὰμ
1383 723 1481 775 καὶ
1524 723 1684 791 μέχρι

141 812 220 864 τοῦ
248 811 356 864 Νῶε
380 812 674 880 γεγονότες
703 813 798 868 ἀνθ
811 831 986 883 ρωποι
1014 815 1149 867 Θεὸν
1185 815 1281 867 ἕνα
1313 816 1406 868 τὸν
1430 815 1685 884 ἀληθινὸν

143 903 470 972 τετιμήκασι,
509 903 651 972 μετά
686 905 744 958 δέ
795 906 893 976 τὴν
935 907 1029 960 τοῦ
1076 907 1289 974 πύργου
1342 905 1688 974 κατασκευὴν

146 995 227 1047 καὶ
258 992 350 1061 τὴν
377 992 486 1045 τῶν
518 994 783 1072 γλωσσῷν
811 996 1102 1064 διαφορὰν,
1125 996 1223 1048 ἀσύ
1236 996 1442 1067 μϐατον
1471 996 1564 1050 καὶ
1593 996 1691 1049 αύ-

144 1086 228 1154 τὴν
265 1086 525 1154 ἐσχήκασι
562 1087 664 1157 τὴν
698 1087 828 1155 περὶ
869 1087 1004 1140 Θεοῦ
1055 1087 1231 1150 δόξαν·
1267 1088 1542 1157 πανταχοῦ
1577 1088 1687 1158 γὰρ

145 1176 609 1240 διασκεδασθέντες
657 1179 752 1230 καὶ
787 1177 888 1244 τὴν
919 1178 1182 1232 πολύθεον
1213 1179 1424 1248 πλάνην
1459 1181 1692 1248 ἐσχήκα-

148 1283 236 1319 σιν.
272 1286 290 1318 ι
326 1267 448 1320 Ὀτι
483 1267 543 1320 δέ
597 1266 662 1320 δι’
693 1268 933 1321 ἀσωτίαν
982 1269 1313 1339 ἀμφοτέρων
1351 1270 1459 1322 τῶν
1509 1269 1691 1338 μερῶν

145 1362 167 1412 ὀ
212 1360 542 1427 Μγκὸσμιος
582 1360 793 1421 ἐκεῖνος
836 1361 1032 1429 γέγονε
1078 1363 1485 1430 κατακλυσμὸς,
1528 1361 1701 1424 αὐτὸς

145 1454 168 1502 ὁ
200 1450 317 1512 Θεὸς
341 1451 616 1519 ἐδήλωσεν
648 1451 820 1514 οὕτως
867 1453 1060 1505 είπών·
1096 1471 1114 1503 ι
1159 1453 1234 1504 Ού
1274 1454 1349 1521 μὴ
1383 1451 1692 1524 καταμείνῃ

146 1541 195 1592 τὸ
243 1540 457 1608 Πνεῦμά
502 1559 607 1610 μου
663 1543 720 1595 ἐν
751 1546 864 1605 τοῖς
899 1542 1206 1613 ἀνθρώποις
1236 1546 1459 1606 τούτοις
1505 1545 1594 1596 διὰ
1625 1545 1688 1597 τὸ

148 1631 266 1685 εἶναι
307 1633 502 1695 αὐτοὺς
556 1634 790 1705 σάρκας,
832 1636 1058 1706 [ἤγουν
1112 1636 1202 1689 διὰ
1249 1636 1310 1688 τὸ
1338 1636 1453 1705 ’ζῇν
1494 1638 1692 1698 αὐτοὺς

148 1721 382 1792 ἐμπαθῶς
412 1739 469 1776 τε
527 1725 629 1784 καὶ
677 1725 978 1795 σαρκικῶς.
1011 1725 1170 1779 Οὕτω
1204 1727 1302 1795 μὲν
1332 1722 1425 1780 οὖν
1461 1727 1488 1778 ὁ
1518 1726 1691 1794 μέγας

152 1814 338 1878 Παῦλος
368 1817 494 1878 τοὺς
525 1818 811 1886 ἐγκρατῶς
842 1817 1053 1881 ζῶντας
1081 1821 1358 1889 ἁσάρκους
1387 1821 1566 1882 καλεῖ,
1606 1818 1695 1870 λέ-

151 1923 280 1974 γων’
318 1927 336 1959 ι
388 1910 583 1977 Ὑμεῖς
639 1894 700 1963 δέ
733 1911 834 1964 οὐκ
889 1911 1011 1964 ἐστὲ
1059 1913 1114 1965 ἐν
1171 1911 1354 1982 σαρκί.
1405 1929 1423 1962 ι
1476 1912 1697 1981 Σάρκας

155 2000 237 2065 μὲν
284 1995 393 2060 οὖν,
448 2000 644 2072 ὥσπερ
682 2003 746 2072 δὴ
799 2003 896 2056 καὶ
945 2004 1187 2067 ἀσεϐεῖς,
1218 2003 1377 2056 εἴωθε
1439 2007 1628 2057 καλεῖν
1659 2006 1692 2072 ἡ

153 2089 316 2158 Γραφὴ
363 2093 486 2155 τοὺς
521 2092 642 2162 βίον
686 2094 910 2161 ἔχοντας
961 2096 1193 2148 ἄσωτον·
1243 2095 1466 2148 ἀσέϐεια
1497 2101 1606 2166 γὰρ
1635 2097 1694 2147 ού

158 2183 347 2254 μόνονὴ
387 2185 497 2237 τῶν
532 2185 774 2240 είδώλων
807 2187 1204 2257 προσκύνησις,
1240 2188 1375 2241 ἀλλὰ
1403 2191 1498 2241 καὶ
1531 2189 1698 2250 αὐτὸς

154 2276 434 2343 ὁάσελγὴς
484 2277 604 2346 βίος
661 2277 757 2329 καὶ
815 2275 1054 2340 ἄσωτοςί
1105 2281 1218 2332 Καὶ
1274 2278 1434 2332 τοῦτο
1493 2280 1699 2348 δηλοῖὸ

161 2368 396 2437 μακάριος
429 2369 598 2422 Δαϐὶδ
650 2369 824 2436 λέγων
851 2385 866 2398 ο
907 2387 928 2421 ι
972 2370 1112 2438 Ἐγὼ
1149 2367 1698 2441 εἷπα,Ἐξαγορεύσω

158 2461 256 2510 κατ’
279 2461 404 2525 ἐμοῦ
432 2460 530 2530 τὴν
552 2461 784 2529 ἀνομίαν
814 2479 914 2530 μου
937 2461 1015 2530 τῷ
1036 2461 1245 2531 Κυρίω,
1274 2463 1447 2515 καὶσὺ
1479 2463 1699 2529 ἀφῆκας

129 2544 134 2549 ’
162 2549 239 2617 τὴν
265 2551 506 2604 ἀσέϐειαν
525 2553 631 2619 τῆς
666 2553 894 2622 καρδίας
929 2570 1084 2621 μου.»
1125 2552 1214 2622 Μὴ
1245 2553 1353 2623 γὰρ
1379 2553 1698 2618 ἀλλόπιστος

159 2637 212 2710 ἦν
239 2642 441 2695 ὀιιαϐίδ
464 2659 479 2707 ;
509 2643 605 2714 Μὴ
633 2645 722 2696 τὸν
749 2644 883 2696 Θεὸν
912 2643 1227 2712 ἐξωμόσατο
1258 2646 1512 2708 πάντωςς
1539 2646 1698 2716 Οὐχὶ,

163 2734 273 2786 ἀλλὰ
293 2736 385 2805 τὴν
417 2735 723 2803 ἐπιθυμίαν
763 2737 884 2807 ἥτις
925 2736 1080 2790 ἔτεκε
1111 2737 1210 2806 τὴν
1261 2739 1533 2808 μοιχείαν,
1566 2739 1702 2790 ἀσέ-

161 2821 288 2878 ϐειαν
316 2829 518 2892 ἐκεῖνος
559 2828 814 2882 ἐκάλεσε.
865 2828 1221 2898 Παγκὸσμιον
1272 2828 1332 2881 δὲ
1387 2830 1478 2882 τὸν
1533 2847 1704 2883 κατα-

164 2918 373 2994 κλυσμὸν
411 2923 624 2975 ἐκεῖνον
667 2923 972 2991 ἐπήνεγκεν
997 2923 1025 2975 ὁ
1062 2921 1220 2986 Θεὸς,
1257 2923 1340 2975 ὅτι
1370 2925 1467 2975 καὶ
1501 2923 1703 2987 πάντες

165 3013 331 3065 ἐκείνοι
363 3013 692 3084 καθάρσεως
727 3015 983 3085 ἔχρῃζον.
1027 3015 1135 3066 Καὶ
1185 3013 1341 3067 τοῦτο
1373 3015 1707 3084 παρίστησιν

1787 559 1937 606 extra
1970 552 2139 606 solam
2171 553 2310 607 hanc
2339 553 2658 621 voluptariae
2679 555 2801 608 vine
2829 553 3110 607 libidinem
3143 559 3198 604 et
3219 565 3369 605 com-

1788 643 2102 697 mistionem
2141 622 2559 710 esseet-audam,
2593 661 2702 714 quo
2735 646 2958 699 nomine
2989 644 3233 714 gigantes
3263 643 3366 696 im-

1789 737 1907 803 pios
1937 751 2183 790 summus
2213 737 2302 791 ille
2331 736 2528 792 Petrus
2561 737 2873 808 appellavit.
2913 736 3370 806 praeclarissimus

1793 830 1895 882 ille.
1927 821 2159 899 Cyrillus
2215 830 2268 882 lu
2331 831 2537 900 scripto
2585 831 2848 884 adversus
2899 829 3174 883 Iulianum
3228 827 3370 881 libro

1791 921 2079 990 perspicue
2108 921 2290 975 verbis
2322 921 2475 975 hisce
2531 921 2907 974 demonstrat:
2958 939 2975 970 ι
3014 919 3273 973 Homines
3305 919 3373 972 ab

1791 1013 1997 1066 Adamo
2047 1013 2114 1066 ad
2149 1013 2315 1066 Noam
2369 1029 2544 1080 usque
2583 1012 2834 1080 prognati
2878 1011 3045 1064 Deum
3101 1025 3269 1062 unum
3319 1017 3374 1062 et

1798 1119 1982 1158 verum
2014 1104 2254 1157 coluere.
2281 1103 2404 1156 Post
2423 1104 2850 1157 exstructionem
2879 1116 3007 1156 vero
3040 1101 3206 1153 turris
3229 1099 3375 1151 illius

1795 1197 2214 1266 liuguarumque
2263 1196 2588 1250 divisionem
2643 1203 2930 1262 coeperunt
2965 1193 3128 1247 etiam
3161 1191 3376 1260 opinio-

1793 1288 1956 1342 nibus
1995 1287 2064 1342 de
2119 1288 2226 1342 Deo
2276 1288 2539 1341 dissidere
2571 1288 2851 1340 mortales.
2886 1283 3020 1338 Nam
3077 1285 3129 1336 in
3186 1294 3378 1335 omnes

1794 1380 2024 1448 dispersi
2053 1390 2235 1448 partes
2277 1381 2434 1433 deum
2467 1394 2684 1449 quoque
2733 1376 3104 1432 multitudinis
3132 1386 3377 1426 errorem

1796 1470 2132 1524 imbuerunt.
2171 1488 2189 1520 ι
2237 1469 2483 1538 Denique
2511 1479 2730 1538 propter
2756 1470 3043 1536 utriusque
3079 1465 3250 1535 partis
3295 1464 3381 1518 lu-

1795 1564 2007 1616 xuriam
2044 1563 2310 1616 diluvium
2354 1563 2486 1616 illud
2540 1564 2727 1615 orbem
2760 1556 3378 1628 universum_invasisse

1795 1655 1940 1708 Deus
1992 1654 2110 1722 ipse
2158 1655 2423 1715 denotat,
2475 1669 2597 1709 cum
2628 1652 2755 1715 :ait:
2794 1670 2812 1702 ι
2875 1649 2991 1703 Non
3036 1648 3382 1717 permanebit

1799 1745 2036 1814 Spiritus
2061 1760 2212 1799 meus
2239 1745 2292 1797 in
2330 1745 2479 1799 hisee
2512 1743 2851 1806 mortalibus,
2877 1757 3002 1796 eum
3027 1755 3152 1795 caro
3187 1740 3322 1801 sint,
3354 1755 3373 1789 ι

1799 1836 1904 1890 hoc
1938 1847 2022 1890 est
2051 1852 2148 1905 pro
2177 1827 2526 1890 allectionuni
2581 1845 2636 1890 et
2683 1835 2866 1888 carnis
2904 1832 3134 1887 libidine
3168 1830 3376 1884 vivant.

1804 1926 1896 1982 Sic
1929 1928 2075 1982 enim
2128 1937 2181 1982 et
2209 1927 2408 1982 Paulus
2441 1928 2689 1981 homines
2727 1937 3099 1995 temperanter
3132 1924 3378 1977 viventes

1802 2018 1986 2072 carnis
2016 2028 2268 2085 expertes
2301 2018 2353 2070 in
2385 2017 2465 2070 his
2490 2017 2670 2070 verbis
2703 2026 2892 2071 vocat:
2937 2035 2954 2066 ι
2987 2013 3094 2070 Vos
3133 2013 3186 2067 in
3210 2029 3376 2067 carne

1802 2125 1912 2163 non
1953 2110 2085 2164 estis
2122 2111 2166 2163 ⁷.
2197 2130 2216 2162 ι
2253 2110 2518 2164 Nimirum
2556 2109 2776 2164 Litterze
2824 2122 2995 2163 sacrae
3044 2119 3266 2161 carnem
3317 2112 3377 2157 et
3439 2150 3447 2154 .

1804 2200 2001 2269 impios
2052 2200 2327 2269 appellare
2373 2207 2778 2254 consueverunt
2831 2215 2926 2254 eos
2978 2212 3210 2268 quorum
3264 2196 3378 2250 vita

1803 2291 2032 2347 luxuriae
2059 2293 2240 2347 dedita
2269 2302 2372 2347 est.
2404 2293 2818 2362 Namjtnpietas
2876 2307 2980 2346 non
3037 2292 3378 2344 deastrorum

1805 2386 1966 2438 modo
1997 2386 2173 2439 cultus
2206 2394 2306 2444 est.
2353 2375 2468 2437 sed
2500 2385 2771 2454 signiﬁcat
2823 2385 2986 2438 etiam
3031 2382 3269 2436 lasciviat
3301 2380 3384 2433 lu-

1805 2475 2084 2542 xuriaeque
2113 2477 2276 2529 vitam
2310 2477 2624 2530 obnoxiam.
2667 2476 2823 2529 Patet
2855 2476 2959 2528 hoc
2991 2489 3055 2526 ex
3084 2472 3226 2526 beati
3277 2471 3381 2524 viri

1805 2567 2027 2623 Davidis
2053 2569 2153 2621 hac
2176 2571 2456 2622 oratione:
2511 2588 2528 2619 ι
2563 2567 2679 2620 Dixi
2735 2566 2877 2635 apud
2917 2580 3024 2630 me,
3056 2563 3382 2632 lmprobita-

1807 2668 1913 2714 tem
1937 2675 2112 2712 meam
2141 2659 2405 2713 adversus
2444 2675 2532 2712 me
2561 2660 2736 2727 ipsum
2769 2657 2999 2710 Domino
3039 2655 3288 2718 fatebor;
3327 2661 3384 2707 et

1809 2759 1865 2805 tu
1916 2751 2022 2805 mei
2082 2751 2262 2804 cordis
2317 2750 2650 2819 impietatem
2703 2748 2834 2802 mihi
2891 2745 3263 2802 eondooasti'
3301 2785 3316 2798 .
3357 2762 3377 2794 ι

1807 2843 2001 2908 Quaeso
2032 2853 2105 2906 te,
2138 2860 2265 2896 num
2295 2843 2455 2896 (idem
2484 2842 2774 2911 quamdam
2803 2849 3120 2894 extraneam
3149 2835 3382 2891 Davides

1808 2933 2156 3002 sectabatur?
2210 2933 2345 2986 Num
2375 2935 2540 2986 Deum
2587 2932 2970 3001 abjuraverat?
3028 2928 3380 2998 Nequaquam

1809 3034 1976 3078 certe.
2005 3023 2272 3077 Nimirum
2302 3024 2596 3092 impietatis
2627 3024 2891 3077 vocabulo
2924 3023 3080 3091 125
3113 3009 3385 3090 cupidita-

164 3103 388 3175 ἡΓραφὴ
437 3107 722 3172 λέγουσαο
762 3126 781 3158 ‹
819 3108 928 3159 Καὶ
978 3101 1086 3159 εἶδε
1133 3105 1338 3174 Κύριος
1389 3106 1418 3157 ὁ
1447 3107 1577 3169 Θεὸς
1607 3109 1698 3175 τὴν

1813 3126 1919 3170 tem
1966 3115 2134 3179 illam,
2185 3132 2305 3185 qua:
2340 3116 2668 3169 adulterium
2705 3122 3014 3183 pepererat,
3073 3114 3272 3167 innuit.
3316 3112 3386 3166 Et

163 3195 266 3264 γῆν,
307 3201 392 3251 καὶ
443 3196 511 3270 ἦν
550 3200 1005 3270 κατεφθαρμένη.
1047 3200 1129 3253 ὅτι
1182 3197 1697 3275 κατέφθειρειπᾶσα

168 3289 279 3358 σὰρξ
317 3291 412 3357 τὴν
449 3293 568 3346 ὁδὸν
595 3292 790 3360 βαύτῆς
829 3293 923 3344 ἐπὶ
953 3292 1051 3361 τῆς
1092 3292 1218 3362 γῆς.
1252 3308 1270 3341 ι

163 3388 289 3432 catur
318 3383 412 3436 hoc
445 3386 620 3438 sacris
653 3383 705 3436 in
741 3383 960 3458 Litteris
1001 3401 1096 3453 per
1159 3385 1272 3441 bree
1323 3385 1490 3439 verba

167 3475 371 3527 omnium
397 3476 705 3530 mortalium
739 3491 915 3531 mores
943 3479 1261 3544 depravatos
1289 3481 1332 3534 ’.
1363 3497 1384 3531 ι

221 3565 437 3636 Πρόσεχε
460 3569 538 3631 δὲ,
570 3570 844 3638 ἀγαπητά.
883 3571 944 3624 Εἰ
988 3571 1099 3641 γὰρ
1153 3573 1252 3625 οὐκ
1280 3572 1538 3640 ἐφείσατο
1571 3572 1697 3624 τότε

163 3656 284 3720 τινὸς
310 3664 334 3712 ὁ
365 3661 514 3724 Θεὸς,
543 3662 684 3714 ἁλλά
711 3661 918 3724 πάντας
967 3661 1136 3732 ἄρδην
1173 3664 1501 3728 κατέκλυσε,
1534 3663 1701 3732 μηδὲν

165 3745 508 3821 ὠφεληθέντας
539 3755 603 3805 ἐκ
641 3752 732 3806 τοῦ
759 3753 904 3822 λόγῳ
939 3754 1084 3823 μόνῳ
1134 3754 1392 3808 σέϐεσθαι
1423 3757 1514 3807 τὸν
1544 3755 1701 3816 Θεὸν,

165 3839 354 3908 εὔδηλον
382 3846 599 3906 παντως
621 3843 694 3905 ὡς
719 3845 840 3897 ούδέ
864 3846 1022 3915 ἡμῶν
1053 3847 1112 3896 ἐν
1141 3846 1327 3918 ἐκείνῃ
1355 3847 1606 3915 φείσεται
1635 3848 1713 3917 τῇ

165 3932 337 4003 ἡμέρα,
368 3938 412 3988 εὶ
438 3938 530 3989 καὶ
557 3937 620 3989 τὸ
654 3937 762 3988 τῶν
793 3937 1135 4005 Χριστιανῶν
1167 3938 1548 4008 ὲπιφερὸμεθα
1589 3937 1707 3992 δνο-

169 4039 247 4088 μα.
286 4026 420 4092 Ἐρεί
446 4028 555 4096 γὰρ
591 4027 807 4097 ἀληθῶς
844 4029 871 4081 ὁ
903 4031 1184 4100 Δεσπότης
1217 4030 1436 4083 πάντων
1468 4030 1704 4100 Χριστὸς

164 4114 240 4165 καὶ
261 4117 398 4185 ἡμῖν,
430 4119 568 4189 ὅπερ
600 4115 721 4170 εἷπε
743 4121 856 4180 τοῖς
891 4117 1189 4185 Ἰουδαίοις,
1221 4120 1384 4190 ἡνίκα
1417 4119 1706 4189 καυχώμε-

167 4223 231 4258 νοι
281 4208 481 4276 ἔλεγον·
543 4230 563 4262 ‹
625 4209 820 4280 Ἡμεῖς
873 4213 938 4263 ἐκ
983 4211 1079 4264 τοῦ
1135 4213 1344 4281 πατρὸς
1401 4212 1559 4283 ἡμῶν
1607 4213 1702 4266 τοῦ

177 4299 396 4374 ’Δϐραάμ
430 4309 616 4375 ἐσμεν.
657 4325 677 4359 ι
727 4306 990 4377 Καθάπερ
1041 4311 1150 4380 γὰρ
1208 4310 1440 4372 ἐκείνοις
1476 4311 1697 4378 ἔλεγεν·

173 4411 187 4443 ι
220 4397 344 4450 Είέκ
367 4398 456 4452 τού
495 4399 750 4470 Ἀϐραὰμ
782 4394 902 4470 ἦτε,
943 4403 1011 4454 τὰ
1047 4400 1185 4469 ἔργα
1216 4401 1284 4454 ἂν
1341 4404 1574 4454 ἐποιεῖτε
1609 4401 1702 4454 τοῦ

1809 3207 2111 3261 universale
2159 3208 2422 3260 diluvium
2469 3207 2679 3260 invexit
2713 3215 3002 3276 propterea
3040 3205 3206 3266 Deus,
3232 3203 3379 3274 quod

1809 3313 2002 3354 omnes
2033 3299 2107 3352 illi
2151 3300 2394 3353 homines
2437 3299 2837 3369 repurgationis
2886 3305 3126 3366 egerent.
3161 3295 3384 3366 Signiﬁ-

1540 3402 1610 3438 τι
1648 3383 1794 3440 Vidit
1854 3389 1995 3444 Deus
2050 3392 2239 3446 orbem
2298 3400 2565 3446 terrarum
2625 3406 2750 3446 esse
2792 3390 3265 3459 corruptissimum
3327 3397 3382 3441 et

1873 3571 1971 3627 llic
2003 3572 2243 3628 animum
2282 3572 2438 3634 mihi,
2466 3550 2664 3626 dilecte
2697 3571 2792 3636 (ili,
2838 3571 3129 3624 advertite.
3179 3565 3316 3621 Nam
3337 3571 3383 3623 si

1802 3663 1948 3718 Deus
1976 3664 2026 3716 id
2063 3664 2324 3732 temporis
2354 3663 2558 3718 nemini
2594 3663 2859 3732 pepercit,
2893 3661 2988 3716 sed
3009 3660 3214 3714 diluvio
3256 3659 3388 3712 fun-

1803 3756 1947 3809 ditus
1969 3771 2159 3810 omnes
2180 3758 2386 3821 obruit,
2419 3757 2554 3809 nihil
2587 3756 2804 3824 adjutos
2831 3771 2896 3810 ex
2929 3769 2996 3808 eo
3026 3753 3170 3823 quod
3203 3753 3387 3806 verbis

1806 3848 1972 3902 Deum
2032 3850 2283 3917 religiose
2337 3857 2750 3912 venerarentur,
2799 3847 3020 3916 intelligi
3077 3843 3384 3914 perspicue

1803 3950 1983 4012 potest
2001 3940 2264 4003 futurum,
2289 3945 2347 3993 ut
2367 3955 2435 3993 ne
2459 3939 2612 3992 nobis
2632 3938 2852 4006 quidem
2873 3938 2926 3990 in
2951 3938 3043 3990 illo
3062 3937 3150 3990 die
3173 3944 3381 4005 pareat,
3431 3972 3436 3974 -

1812 4035 2024 4088 tametsi
2079 4049 2275 4086 nomen
2328 4031 2764 4086 Christianorum
2804 4031 3123 4084 habeamus.
3172 4028 3384 4081 Revera

1803 4105 1959 4176 enim
1986 4121 2238 4176 Christus
2266 4121 2354 4174 ille
2384 4121 2652 4174 Dominus
2683 4120 2931 4174 omnium
2963 4119 3132 4174 verbo
3169 4134 3267 4172 nos
3292 4117 3385 4171 illo

1811 4213 2177 4283 compellabit,
2209 4229 2316 4280 quo
2343 4212 2557 4268 Judzeos
2580 4211 2778 4266 affatus
2795 4221 2898 4274 est,
2925 4226 3047 4266 eum
3069 4208 3384 4280 jaelabundi

1810 4303 2057 4358 dicerent
2099 4320 2111 4354 :
2147 4323 2164 4353 ‹
2207 4302 2316 4358 Nos
2345 4319 2410 4357 ex
2445 4304 2769 4358 Abrahamo
2799 4313 2950 4373 patre
2982 4311 3171 4356 nostro
3196 4317 3386 4356 Stttnus

1812 4393 1918 4447 orti
1946 4393 2011 4446 ⁸ο,
2053 4412 2071 4443 ι
2118 4393 2403 4446 Nimirum
2428 4402 2488 4446 ut
2533 4394 2640 4446 illis
2701 4393 3017 4461 respondit:
3057 4411 3075 4444 ι
3107 4390 3162 4443 Si
3210 4391 3384 4446 Abra-

178 4484 414 4556 Ἀϐραὰμ,
448 4509 466 4540 ι
500 4489 676 4551 οὕτως
703 4493 818 4560 ἐρεῖ
843 4492 940 4544 καὶ
981 4492 1115 4561 ἡμῖν
1137 4508 1152 4524 ο
1206 4510 1225 4542 ι
1251 4491 1314 4544 Εἰ
1341 4492 1698 4562 Χριστιανοὺς

1813 4485 1958 4539 banti
1987 4485 2100 4538 nati
2128 4485 2344 4548 essetis,
2384 4485 2698 4539 Abrahamo
2729 4484 2890 4554 digna
2926 4484 3183 4540 faceretis
3210 4503 3223 4550 ;
3256 4503 3274 4536 ι
3309 4486 3384 4539 ita

169 4575 362 4642 ἑαυτοὺς
391 4583 588 4652 εἴχετε,
616 4583 684 4636 τὰ
713 4584 853 4651 ἔργα
899 4583 966 4635 ἂν
999 4584 1232 4635 ἐποιεῖτε
1285 4583 1352 4636 τὰ
1401 4585 1514 4645 τοῖς
1571 4584 1707 4651 Χρι-

170 4674 372 4735 στιανοίς
390 4674 716 4743 ἁρμόζοντα.
745 4695 762 4726 ι
787 4676 876 4744 Μὴ
905 4670 999 4728 οὖν
1021 4676 1114 4728 ἐπὶ
1138 4674 1350 4738 τούτοις
1371 4674 1701 4744 ἀμφίϐαλλε·

171 4761 243 4814 διὰ
263 4767 360 4834 γὰρ
389 4769 481 4820 τοῦ
533 4770 884 4836 παγκοσμίου
922 4767 1132 4821 ἐκείνου
1179 4769 1578 4838 κατακλυσμοῦ
1611 4771 1706 4822 καὶ

172 4855 248 4906 τοῦ
279 4859 328 4908 ἐν
357 4860 602 4929 Σοδόμοις
652 4859 984 4930 ἐμπρησμοῦ
1039 4860 1225 4927 σαφῶς
1254 4860 1460 4926 ἔδειξεν
1487 4862 1516 4913 6
1546 4861 1702 4926 Θεὸς,

174 4949 327 5000 ὁποῖον
363 4953 570 5024 ἀπαντᾷ
617 4955 770 5014 τέλος
816 4955 924 5014 τοῖς
956 4954 1014 5004 ἐν
1035 4952 1244 5022 ἀσωτία
1268 4955 1356 5004 τὶν
1390 4953 1506 5023 βίον
1539 4969 1708 5005 κατα-

175 5035 384 5094 λύουσιν.

235 5211 292 5266 .'0
323 5219 490 5282 μέντοι
541 5222 662 5274 Νῶε
691 5221 1066 5274 πεντακοσίων
1107 5221 1242 5273 ἐτῶν
1267 5220 1506 5288 γεγονὼς
1542 5223 1705 5292 γεννᾷ

174 5299 248 5353 τὸν
268 5307 393 5376 Σ>μ.
422 5312 506 5364 τὸν
532 5313 680 5381 Χαμ,
707 5313 797 5366 τὸν
834 5313 1037 5380 Ἰέιφεθ.
1077 5313 1191 5380 Ἐφ’
1283 5315 1377 5366 καὶ
1405 5312 1552 5376 ἄξιος
1577 5312 1705 5364 θαυ-

181 5400 427 5465 μασμῶνὸ
460 5405 613 5474 ἀνὴρ,
657 5407 739 5458 ὅτι
770 5405 1022 5466 τοσοῦτος
1083 5405 1435 5472 παρίππευσε
1488 5406 1698 5473 χρόνω,

177 5489 252 5537 καὶ
279 5491 437 5558 μίξεσι
465 5497 710 5564 νομίμοις
742 5495 914 5548 ὑποκύ
935 5513 1078 5548 ττειν
1104 5498 1202 5549 οὐκ
1233 5496 1414 5566 ἤθελε.
1450 5495 1643 5554 Καὶώς
1674 5496 1701 5546 ὁ

180 5575 549 5654 Χρυσορῤήμων
593 5587 777 5656 φητὶν,
814 5586 862 5637 εἰ
915 5585 988 5656 μὴ
1023 5585 1138 5637 θεία
1175 5603 1260 5648 τις
1298 5581 1366 5654 ἦν
1395 5583 1698 5650 οἰκονομία,

241 5749 258 5781 ⁷
290 5750 426 5809 “om.
467 5777 579 5830 rm,
615 5763 667 5818 9.
746 5763 765 5792 ⁸
795 5761 932 5817 Psal.
967 5778 1115 5832 uxr,
1148 5764 1198 5818 5.
1306 5768 1323 5797 9
1353 5753 1600 5832 Geu.'vt,
1638 5765 1719 5822 l2.

1805 4577 1964 4631 nobis
1993 4577 2158 4633 etiam
2205 4579 2457 4631 dicturus
2491 4585 2574 4630 est
2606 4593 2621 4630 :
2659 4595 2677 4627 ι
2715 4575 2770 4629 Si
2806 4592 2902 4645 pro
2923 4577 3261 4631 Christianis
3285 4594 3385 4632 vos

1805 4687 1998 4742 gerere
2056 4671 2344 4729 volebatis.
2404 4686 2467 4724 ea
2515 4680 2775 4739 praestare
2827 4669 3196 4725 conveniebat
3263 4687 3430 4742 (uite.

1807 4765 2146 4819 Christianos
2171 4765 2396 4818 omnino
2427 4765 2703 4817 decerent.
2741 4783 2760 4814 ρ
2812 4764 2988 4832 Atque
3028 4763 3202 4816 hacin
3228 4774 3383 4832 parte
3423 4749 3426 4752 l

1809 4858 2035 4911 minime
2073 4857 2163 4910 tibi
2189 4866 2272 4910 est
2299 4857 2704 4926 ambigendum.
2742 4855 2876 4908 Nam
2923 4872 3020 4925 per
3069 4855 3217 4909 orbis
3260 4856 3385 4908 uni-

1811 4949 1952 5003 versi
2017 4948 2281 5003 diluvium
2347 4958 2402 5002 et
2465 4948 2825 5002 Sodomorum
2871 4949 3186 5003 incendium
3242 4951 3384 5004 lleus

1815 5039 2106 5094 manifesto
2134 5040 2445 5103 declaravit,
2476 5038 2650 5107 qualis
2679 5039 2963 5095 immineat
2991 5042 3056 5094 iis
3087 5042 3270 5096 exitus
3289 5042 3383 5112 qui

1811 5130 1976 5183 vitam
2000 5129 2054 5182 in
2087 5130 2297 5182 luxuria
2359 5130 2671 5199 prodigunt.

1881 5219 2016 5273 Cum
2053 5219 2166 5271 Noe
2188 5220 2512 5289 quingentos
2539 5231 2683 5275 esset
2709 5237 2882 5275 annos
2914 5229 3095 5284 natus,
3154 5222 3378 5276 Semum

1811 5310 2019 5380 genuit,
2052 5309 2286 5379 indeque
2320 5311 2586 5364 Chaunum
2613 5321 2667 5366 et
2695 5310 3098 5381 Japbetum“...
3146 5311 3382 5364 Meretur

1813 5403 1864 5455 in
1895 5402 1987 5455 illo
2009 5401 2126 5455 viro
2159 5417 2406 5471 magnam
2434 5405 2535 5458 hoc
2569 5405 3010 5465 admirationem,
3075 5403 3218 5472 quod
3251 5419 3374 5455 eum

1815 5503 1893 5548 tot
1927 5509 2103 5548 annos
2129 5495 2362 5549 vivendo
2413 5497 2705 5564 explesset,
2751 5512 2820 5550 ne
2858 5495 3128 5565 legitimos
3156 5493 3379 5561 quidem

1811 5584 2094 5654 amplexus
2121 5586 2537 5641 desideraverit.
2569 5586 2989 5656 Cbrysostomus
3021 5598 3166 5638 certe
3201 5583 3297 5649 ait,
3323 5585 3378 5641 ni

1826 5769 1865 5798 ιο
1897 5767 2052 5826 Joan.
2091 5785 2208 5834 vui,
2241 5770 2331 5824 55.
2415 5772 2451 5802 ”
2489 5771 2620 5826 Gen.
2662 5786 2712 5833 v,
2742 5770 2831 5822 31.
