3862 6228
158 333 251 401 249

1361 324 1769 384 ANNALIUM
1811 324 2004 384 PARS
2055 324 2128 385 li.

3273 324 3387 393 250,

156 443 415 513 Κύριλλος,
444 440 527 494 ἵνα
562 441 638 510 μὴ
668 437 827 492 πάλιν
858 437 955 508 μία
980 437 1121 491 κατὰ
1158 437 1377 517 παντων
1408 435 1695 489 ἐλεύσεται

1805 448 2022 487 rursum
2056 431 2351 502 aliquando
2386 446 2527 486 unus
2563 431 2828 486 adversus
2888 446 3083 487 omnes
3142 432 3379 487 ferretur

152 535 327 602 ψῆφος,
356 532 585 601 δευτέρῳ
641 530 1010 598 κατακλυσμῷ
1044 530 1104 581 τὸ
1133 529 1477 599 ἀνθρώπικον
1508 531 1698 581 ὑποτι-

153 626 285 677 θεῖσα
316 624 488 690 γένος.
532 621 647 689 Ἐφ’
693 615 735 689 ᾧ
766 622 858 675 καὶ
903 617 1024 673 εἶπε
1078 621 1213 689 πρὸς
1250 620 1416 672 αὑτὸν
1447 623 1473 673 ὁ
1523 620 1654 683 Θεός
1680 638 1693 651 ’

156 714 491 785 «Διανοηθεῖς
541 714 723 767 οεκέτι
781 714 1079 784 προσθήσω
1126 714 1219 765 τοῦ
1275 714 1697 783 καταράσασθαι

150 809 233 877 τὴν
254 808 346 877 γῆν
383 804 467 858 διὰ
500 804 563 857 τὰ
598 804 737 873 ἔργα
772 804 881 857 τῶν
916 803 1243 875 ἀνθρώπων,
1272 802 1354 854 ὅτι
1389 802 1693 870 ἕγκειταιή

153 900 334 967 (hiemat
375 895 465 949 τοῦ
526 896 815 966 ἀνθρώπου
854 896 947 948 ἐπὶ
1012 895 1224 963 πονηρὰ
1264 894 1325 945 ὲκ
1355 895 1628 962 νεότητος.
1672 912 1690 944 ι

153 990 326 1042 Τούτου
353 990 529 1059 χάριν,
552 987 627 1050 ὡς
658 986 895 1058 εἴρηται,
931 986 1124 1039 Θυσίαν
1152 987 1415 1057 ἀνήνεγκε
1444 984 1520 1054 τῷ
1554 986 1692 1055 Θεῷ.

151 1081 282 1135 Κατὰ
310 1080 413 1148 γὰρ
447 1079 602 1131 τοῦτο
626 1081 717 1130 καὶ
744 1078 884 1130 ἑπτὰ
902 1076 1041 1130 ἑπτὰ
1059 1077 1341 1128 ἐκέλευσεν
1370 1078 1397 1129 ό
1424 1076 1555 1137 Θεὸς
1585 1076 1695 1129 ἀπὸ

146 1176 237 1226 τῶν
266 1172 516 1241 καθαρῶν
541 1171 868 1246 εἰσαχθῆναι
914 1172 971 1221 ὲν
1002 1173 1068 1240 τῇ
1100 1169 1342 1238 κιϐωτῷ,
1379 1169 1473 1223 δύο
1506 1168 1597 1221 δύο
1637 1168 1695 1220 δὲ

148 1268 234 1319 ἀπὸ
260 1266 359 1318 τῶν
386 1265 735 1336 ἀκαθάρτων.
771 1263 988 1335 Ἐπειδὴ
1013 1264 1124 1334 γὰρ
1153 1262 1346 1333 ἔμελλε
1390 1263 1695 1334 συγχωρεῖν

146 1361 238 1421 τῖς
270 1358 570 1427 ἀνθρώποις
609 1357 939 1426 μεταλαϐεῖν
973 1358 1175 1429 κρεῶν,
1236 1356 1463 1425 ἔμελλον
1515 1357 1570 1409 δὲ
1600 1356 1695 1409 καὶ

93 1453 99 1459 ’
148 1452 311 1513 θυσίας
342 1452 675 1520 προσφέρειν
714 1449 863 1520 αὑτῷ
893 1450 992 1519 τῆς
1018 1449 1301 1510 εὐσεϐείας
1328 1450 1376 1501 οἱ
1411 1448 1690 1518 τρόφιμοι,

150 1544 343 1596 πλείονα
371 1544 438 1596 τὰ
474 1542 691 1615 καθαρὰ
723 1543 1070 1613 φυλαχθῆναι
1099 1542 1432 1614 προσέταξε,
1467 1540 1564 1604 τὰς
1595 1540 1694 1608 μὲν

145 1640 272 1706 τρεῖς
297 1636 555 1705 συζυγίας
609 1640 689 1699 είς
742 1636 842 1707 τὴν
899 1636 1129 1706 αὔξησιν
1180 1634 1275 1689 τοῦ
1305 1636 1518 1703 γένους,
1548 1633 1608 1686 τὸ
1638 1633 1694 1685 δὲ

144 1728 369 1799 περιττὸν
396 1728 456 1780 ἓν
485 1730 566 1791 είς
595 1728 805 1785 θυσίαν.
869 1729 935 1782 Ὃ
974 1729 1040 1799 δὴ
1083 1730 1179 1782 καὶ
1223 1727 1495 1797 πεποίηκε
1553 1725 1694 1796 μετὰ

144 1823 218 1873 τὸν
251 1820 648 1889 κατακλυσμὸν,
682 1820 790 1873 ἀπὸ
819 1818 1040 1873 πάντων
1083 1820 1192 1872 τῶν
1231 1818 1493 1888 καθαρῶν
1522 1832 1693 1886 προσ-

146 1913 344 1981 αγαγὼν
372 1912 447 1982 τῷ
483 1911 625 1982 Θεῷ,
657 1912 734 1977 ὡς
762 1908 902 1966 εἶναι
932 1911 1089 1981 δῆλον
1113 1911 1189 1965 ὅτι
1212 1928 1283 1979 ,γε
1312 1910 1508 1964 τούτου
1534 1909 1696 1980 χάριν

144 2008 225 2060 άνᾶ
247 2006 377 2075 ἑπτὰ
400 2006 734 2078 προσέταξεν
758 2007 818 2074 ἐξ
840 2006 1076 2061 ἑκάστου
1095 2006 1283 2073 γένους
1303 2005 1413 2057 τῶν
1437 2005 1695 2075 καθαρῶν

145 2102 189 2151 ὲν
214 2102 269 2170 τῇ
301 2099 512 2170 κιϐωτῷ
543 2100 891 2170 εἰσαχθῆναι,
925 2100 1014 2153 ἵνα
1032 2099 1091 2151 τὸ
1113 2098 1171 2152 ἓν
1202 2098 1340 2163 ζῶον
1372 2097 1430 2162 ἐξ
1461 2097 1694 2150 ἑκάστου

144 2190 306 2253 γένους
338 2193 364 2244 ὁ
396 2190 517 2243 Νῶε
578 2192 909 2262 προσφέρων
969 2191 1043 2260 μὴ
1064 2187 1356 2261 διαφθείρῃ
1405 2190 1502 2252 τὰς
1534 2188 1697 2253 συζυ-

145 2282 264 2351 γίας,
297 2281 559 2337 ’Τοσοῦτον
592 2283 653 2335 δὲ
701 2283 801 2355 τὴν
852 2282 947 2337 τοῦ
974 2282 1101 2336 Νῶε
1136 2282 1459 2353 προαίρεσιν
1496 2280 1591 2333 ἐπὶ
1628 2283 1695 2353 τῇ

146 2380 445 2445 τροταγωγῇ
465 2378 564 2447 τῆς
591 2376 784 2439 θυσίας
812 2376 1111 2441 ἀπεδέξατο
1134 2377 1162 2428 ὁ
1196 2376 1352 2439 Θεὸς,
1374 2375 1449 2438 ὡς
1471 2375 1566 2428 καὶ
1599 2373 1696 2444 τὴν

146 2468 332 2538 Γραξὴν
350 2469 523 2531 οὑτως
552 2471 730 2521 εἰπεῖν
752 2485 766 2501 ο
783 2488 811 2519 ,ι
833 2469 944 2521 Καὶ
972 2467 1275 2539 ὼσφρὰνθη
1300 2467 1499 2538 Κύριος
1517 2467 1695 2536 ὀσμὴν

147 2559 359 2621 εὐωδίας.
406 2578 426 2611 ι
454 2560 617 2613 Μετὰ
648 2558 872 2630 γνώμης
905 2559 1091 2613 λοιπὸν
1124 2558 1313 2627 ὑγιοῦς
1344 2560 1439 2612 καὶ
1464 2560 1614 2628 ἡμᾶς
1635 2557 1696 2611 τὸ

148 2652 238 2703 πᾶν
263 2651 581 2721 ἐργάζεσθαι
613 2652 743 2722 χρή.
773 2653 834 2705 Εἰ
863 2651 920 2705 δὲ
945 2651 1043 2723 μὴ,
1077 2651 1179 2705 κᾶν
1202 2651 1381 2705 ὁτιοῦν
1413 2650 1697 2720 προσάξω-

150 2760 247 2811 μεν,
276 2744 760 2815 ἀποστραφήσεται
783 2743 917 2797 αὑτὸ
937 2744 964 2795 ὁ
986 2744 1143 2808 Θεός.
1180 2744 1324 2814 Ὅρα
1357 2744 1465 2813 γὰρ
1490 2745 1573 2797 ὅτι
1600 2745 1695 2797 καὶ

145 2836 346 2891 ἐνταῦθα
399 2832 560 2909 η’τοῦ
607 2836 819 2892 δικαίου
879 2836 1054 2906 ἀρετὴ
1086 2842 1179 2890 τὸν
1217 2837 1423 2891 καπνὸν
1464 2838 1555 2889 καὶ
1598 2836 1695 2905 τὴν

146 2927 577 3000 avique/63pm
637 2929 868 2993 εὐωδίας
907 2930 1225 3000 εἰργάσατο.
1272 2928 1416 2982 Ἀλλ’
1467 2928 1561 2980 ἐπὶ
1589 2927 1696 2982 τῶν

155 3022 392 3075 Ἰουδαίων
423 3026 455 3089 ἡ
489 3022 601 3075 τῶν
643 3022 1035 3093 προσαγόντων
1068 3021 1304 3092 πονηρία
1337 3022 1397 3074 τὸ
1443 3021 1697 3091 θυμίαμα

144 3114 194 3168 τὸ
224 3117 401 3181 εὑῶδες
431 3116 720 3188 βδέλυγμα
746 3115 984 3186 ὀφθῆναι
1012 3116 1449 3186 παρεσκεύασεν.

210 3383 261 3437 ’0
294 3384 386 3454 μὲν
437 3387 532 3441 οὖν
605 3385 871 3457 Ἰώσηπος
902 3383 1000 3439 καὶ
1040 3381 1160 3438 κατ’
1188 3384 1347 3438 αὑτὸν
1372 3383 1462 3436 τὸν
1487 3382 1700 3452 κόρακα

144 3476 217 3531 τὸν
242 3479 571 3532 ἁπολυθέντα
600 3481 754 3549 παρὰ
782 3478 878 3532 τοῦ
907 3476 1027 3531 Νῶε
1057 3477 1151 3531 τοῦ
1211 3477 1341 3531 ἰδεῖν
1386 3479 1434 3529 εί
1462 3478 1520 3529 τὸ
1553 3476 1698 3547 ὓδωρ

144 3571 405 3638 ἐκόπασεν,
443 3574 868 3644 ἐναντιούμενος
912 3573 1164 3642 φαίνεται
1220 3575 1288 3642 τῇ
1327 3570 1419 3624 τοῦ
1451 3571 1698 3633 Μωσέως

146 3661 345 3737 ἱστορίᾳ.
388 3666 767 3736 Ὑποστρέψαι
817 3666 912 3720 καὶ
961 3665 1071 3736 γὰρ
1127 3664 1265 3735 ’πρὸς
1311 3663 1409 3734 τὴν
1468 3663 1703 3715 κιϐωτὸν

143 3751 267 3822 λέγει
292 3758 378 3809 τὸν
404 3759 649 3828 κόρακα,
676 3758 750 3820 ὼς
777 3758 871 3811 ἐπὶ
897 3758 1045 3827 πάσῃ
1068 3759 1134 3827 τῇ
1179 3760 1247 3826 γῇ
1270 3755 1363 3808 τοῦ
1397 3755 1588 3820 ὓδατος
1617 3756 1698 3810 ἐτι

142 3843 485 3916 λιμνάζοντος.
530 3851 590 3904 '0
617 3850 673 3903 δὲ
704 3851 911 3920 Μωσῆς
944 3851 1073 3920 περὶ
1096 3850 1301 3903 τούτων
1322 3850 1466 3903 οὕτω
1494 3850 1661 3920 φησίν
1680 3863 1696 3879 ⁸

149 3956 164 3987 ι
196 3941 291 3992 Καὶ
333 3943 428 4012 οὑχ
485 3941 831 4012 ὑπέστρεψεν
880 3944 909 3993 ὁ
950 3941 1120 4011 κόραξ
1142 3940 1247 4004 ἕως
1274 3937 1335 3995 οῦ
1361 3942 1634 4011 ἐξηράνθη
1665 3942 1697 4011 ή

142 4030 222 4100 γῆ.
254 4035 439 4087 »Κατά
474 4036 587 4105 γὰρ
642 4035 802 4087 τοῦτο
858 4034 955 4087 καὶ
1004 4034 1339 4104 περιστερὰν
1376 4032 1698 4087 ἀπέστειλεν

143 4121 361 4195 ὕστερον,
389 4125 484 4178 ἆτε
513 4128 580 4197 δὴ
618 4126 1016 4195 παλινοστῆσαι
1047 4126 1140 4179 τοῦ
1174 4127 1406 4197 κόρακος
1436 4126 1572 4196 πρὸς
1603 4129 1699 4179 αὐ-

139 4213 215 4263 τὸν
246 4218 314 4284 μὴ
355 4215 706 4288 θελήσαντος.
776 4215 938 4269 Ἀλλὰ
987 4219 1082 4269 καὶ
1123 4219 1433 4286 ἱστορικοὺς
1490 4216 1699 4284 εἰσάγει

140 4310 269 4371 τινὰς
300 4312 327 4363 ὀ
366 4310 655 4380 Ἰώσηπος,
679 4311 807 4380 περί
834 4328 885 4363 τι
918 4310 1174 4379 λέγοντας
1206 4310 1330 4382 ὅρος
1364 4312 1462 4381 τῆς
1499 4313 1698 4383 Ἀρρε-

140 4402 236 4465 vix;
270 4403 603 4475 ὑψηλότατον
633 4406 691 4457 ἐν
716 4405 790 4473 τῷ
814 4404 908 4456 τοῦ
937 4405 1326 4473 κατακλυσμοῦ
1365 4410 1697 4475 πεφευγέναι

139 4495 289 4565 καιρῷ
314 4496 417 4548 τῶν
444 4497 756 4567 ἀνθρώπων
782 4498 954 4562 τινὰς,
998 4498 1221 4550 κάκεῖσε
1269 4499 1545 4569 σωτηρίας
1607 4500 1695 4554 διὰ

138 4587 188 4637 τὸ
236 4588 358 4658 ὕψος
402 4594 617 4661 τυχεῖν.
672 4590 812 4643 Ἀλλ’
852 4590 971 4655 ἔξω
1009 4591 1294 4660 βάλλουσιν
1344 4593 1543 4645 ἐκεῖνοι
1599 4593 1697 4645 τοῦ

141 4684 340 4745 σκοποῦ,
389 4688 488 4737 καὶ
539 4684 641 4753 τῆς
688 4684 901 4746 εὐθείας
960 4684 1151 4754 πόρρω
1182 4700 1285 4737 που
1320 4687 1598 4755 φέρονται.
1635 4687 1693 4738 Εἰ

140 4773 231 4841 γὰρ
259 4773 440 4846 ὑψώθη
495 4778 623 4828 τότε
668 4777 728 4829 τὸ
770 4775 915 4846 ὓδωρ
964 4777 1152 4829 ἐπάνω
1198 4778 1307 4831 τῶν
1342 4778 1694 4848 ὑψηλοτάτων

138 4868 287 4935 ὀρέων
310 4874 399 4924 ἐπὶ
417 4875 623 4943 πήχεσι
645 4875 1062 4939 πεντεκαίδεκα,
1084 4875 1230 4928 καθὰ
1254 4874 1449 4945 Μωσῆς
1470 4877 1696 4946 ἱστορεῖ,

140 4961 223 5014 οὐκ
252 4964 313 5015 ἂν
332 4965 513 5018 ὁτιοῦν
544 4966 846 5039 ὑπελείφθη
892 4967 1195 5035 τηνικαῦτα
1222 4968 1367 5036 ὅρος,
1407 4967 1480 5030 ὡς
1515 4965 1695 5040 οἶμαι,

139 5058 245 5117 τοὺς
274 5058 328 5109 ἐν
350 5056 502 5126 αύτῴ
526 5058 874 5125 πεφευγότας
923 5057 1105 5127 ἰσχύον
1142 5059 1401 5121 ἀϐλαϐεῖς
1431 5059 1698 5114 διασώσα·

140 5143 265 5198 σθαι.

176 5239 266 5294 ’Ἢ
296 5245 475 5313 μέντοι
535 5248 768 5312 κιϐωτὸς
821 5250 1149 5321 τριακοσίων
1212 5250 1311 5321 μὲν
1355 5250 1578 5319 πηχέων
1631 5251 1692 5304 τὸ

140 5334 291 5403 μῆκος
317 5335 405 5410 ἦν,
448 5344 784 5412 πεντήκοντα
823 5345 879 5395 δὲ
910 5346 970 5397 τὸ
1029 5344 1251 5409 πλάτος,
1272 5348 1334 5399 τὸ
1374 5345 1507 5415 ὕψος
1537 5347 1691 5417 τριά-

136 5443 298 5484 κοντα.
341 5435 525 5503 ιιῆχυν
584 5436 639 5488 δὲ
684 5437 897 5491 ἁκούων
932 5438 1007 5511 μὴ
1049 5440 1302 5511 τοιαύτην
1329 5436 1470 5492 εἶναι
1500 5440 1690 5509 νόμιζε

136 5520 276 5575 ὁποία
307 5528 385 5591 τίς
444 5530 563 5580 ἐστι
602 5532 733 5599 παρ’
795 5533 946 5601 ἡμῖν.
1004 5532 1141 5587 ἀλλὰ
1172 5534 1582 5604 γεωμετρικήν.
1629 5534 1689 5587 Ὀ

138 5616 231 5685 γὰρ
260 5619 479 5690 Μωσῆς,
506 5625 829 5695 γεωμέτρης
878 5627 937 5693 ἐξ
969 5627 1244 5697 Αἰγύπτου
1276 5626 1374 5695 ὢν,
1426 5624 1687 5695 τοιαύτην

201 5798 241 5830 ³³
271 5799 399 5858 Gen.
434 5806 671 5879 vttt,_2!.
750 5808 795 5842 "
820 5810 955 5871 ibid.

1801 525 2063 591 calculus,
2097 540 2203 594 quo
2239 540 2413 594 genus
2452 525 2762 578 mortalium
2796 525 2952 579 alteri
2991 526 3203 581 diluvio
3240 528 3375 583 sub-

1794 619 2081 689 jiceretur.
2116 618 2327 673 Idcirco
2358 618 2501 673 Deus
2532 618 2615 672 his
2654 635 2776 673 cum
2818 620 3000 675 verbis
3034 622 3328 690 compellat
3362 640 3376 676 :

1806 731 1823 765 ι
1864 712 2041 766 Statui
2082 727 2205 765 cum
2244 712 2427 766 animo
2471 728 2593 766 meo
2642 728 2925 781 nunquam
2981 716 3242 783 deinceps
3274 725 3382 769 ter-
3420 716 3433 729 ’λ

1800 820 1914 859 ram
1950 815 2097 859 tanta
2132 805 2353 884 diritate
2393 805 2642 874 prosequi
2677 816 2899 875 propter
2938 807 3219 860 heminum
3248 806 3378 861 faci-

1801 913 1959 963 nora,
2005 913 2237 966 quorum
2275 899 2637 967 cogitationes
2666 908 2718 950 et
2750 897 2931 951 studia
2970 899 3092 952 inde
3128 915 3301 967 usque
3343 913 3372 951 a

1798 993 1984 1060 pueris
2015 994 2080 1045 ad
2100 1006 2264 1062 prava
2290 1007 2515 1061 quaeque
2540 991 2800 1060 proclivia
2832 1004 2959 1045 sunt
2982 990 3076 1043 “.i
3112 989 3379 1059 Hancigi-

1801 1091 1888 1137 tur
1906 1082 1977 1137 ob
1996 1099 2216 1136 causam
2240 1084 2567 1137 sacriﬁcium
2591 1082 2727 1136 illud
2753 1084 2973 1143 obtulit,
3010 1083 3167 1152 cujus
3211 1082 3374 1136 etiam

1799 1184 2052 1243 respectu
2075 1176 2427 1230 mandaverat
2449 1172 2591 1231 Heus
2616 1186 2674 1230 ut
2699 1192 2764 1231 ex
2795 1178 3018 1230 mundis
3035 1157 3378 1230 animalibus

1798 1266 1853 1320 in
1884 1274 2067 1321 arcam
2108 1277 2359 1335 septena,
2396 1284 2461 1321 ex
2493 1268 2791 1322 immundis
2823 1268 2948 1321 bina
2982 1267 3377 1336 reciperentur.

1797 1356 2039 1427 Nautqui
2085 1375 2113 1412 a
2146 1360 2404 1413 carnibus
2424 1360 2674 1414 vescendi
2710 1368 3031 1428 potestatem
3063 1358 3380 1412 mortalibus

1798 1451 2043 1505 faeturus
2075 1462 2212 1515 erat,
2244 1462 2407 1521 atque
2444 1452 2611 1506 etiam
2642 1453 2891 1506 litaturos
2941 1451 3044 1505 sibi
3097 1451 3382 1521 religiosos

1798 1543 1957 1613 127
1979 1544 2230 1599 homines
2246 1545 2474 1608 sciebat,
2490 1544 2698 1600 idcirco
2720 1543 3047 1599 mundorum
3062 1544 3378 1598 animalium

1797 1636 1973 1703 major
2023 1650 2287 1688 numerus
2341 1644 2592 1689 servatus
2637 1642 2742 1699 est,
2782 1649 3016 1703 quorum
3068 1635 3167 1686 tria
3226 1635 3384 1702 paria

1803 1726 2021 1796 generis
2051 1725 2411 1788 incremento,
2446 1726 2714 1796 reliquum
2746 1725 3014 1780 sacrificio
3043 1726 3379 1781 destinatum

1798 1827 1940 1873 esset
1966 1837 1978 1883 ;
2013 1817 2065 1872 id
2096 1820 2238 1887 quod
2265 1834 2296 1872 a
2329 1819 2537 1873 diluvio
2570 1817 2680 1872 Noe
2711 1834 2821 1872 non
2857 1819 3117 1893 neglexit,
3138 1818 3205 1872 de
3230 1819 3376 1871 omni

1796 1910 2125 1964 mundorqu
2163 1926 2421 1979 pecorum
2458 1925 2657 1981 genere
2688 1910 2798 1965 Deo
2835 1910 3087 1964 victimas
3121 1908 3377 1963 oﬂerens.

1797 2004 1874 2059 Ex
1913 2020 2022 2072 quo
2065 2004 2353 2073 perspicue
2383 2004 2510 2057 licet
2543 2003 2849 2074 intelligere
2885 2014 3172 2072 propterea
3210 2002 3381 2057 fuis>e

1796 2104 2155 2167 prieceptum,
2178 2106 2475 2165 utseptena
2506 2096 2559 2149 in
2593 2110 2776 2150 arcam
2806 2091 3061 2149 animalia
3097 2110 3380 2149 sumeren-

1798 2198 1907 2255 tur,
1950 2206 2019 2244 ne
2055 2189 2169 2245 Noe
2220 2206 2391 2244 unum
2423 2190 2628 2244 animal
2677 2205 2745 2244 ex
2774 2192 2969 2258 quovis
3017 2206 3217 2260 genere
3269 2188 3380 2243 Deo

1797 2288 2043 2333 mactans
2072 2278 2189 2348 ipsa
2230 2279 2378 2347 paria
2420 2279 2752 2333 distraheret
2781 2288 2947 2348 atque
2977 2294 3379 2348 corrumperet.

1795 2371 2066 2427 Caeterum
2095 2367 2265 2441 usque
2288 2373 2425 2427 adeo
2454 2372 2597 2427 Deus
2627 2373 2679 2426 in
2712 2372 3179 2438 oblatimie‘hujus
3206 2375 3383 2428 sacri-

1796 2462 1903 2518 ﬁcii
1954 2462 2082 2519 Nate
2114 2465 2358 2519 studium
2390 2480 2454 2519 ac
2498 2465 2834 2519 voluntatem
2888 2466 3160 2536 probavit,
3206 2476 3263 2519 ut
3300 2467 3386 2520 his

1798 2556 1872 2610 uti
1900 2556 2080 2609 verbis
2114 2556 2330 2611 Litterae
2354 2572 2524 2611 sacrae
2567 2573 2676 2610 non
2722 2557 3129 2611 ιιιιθὶιιιννι·ιιιι;
3171 2575 3189 2607 ι
3225 2557 3384 2611 Dele-

1797 2659 1974 2704 ctatus
1996 2660 2082 2705 est
2106 2648 2249 2703 Deus
2278 2650 2461 2703 odoris
2494 2650 2654 2703 illius.
2674 2651 2945 2705 suavitate
2970 2652 3031 2705 ’⁸.
3074 2670 3091 2702 ι
3131 2651 3381 2719 Quapro-

1798 2752 1921 2813 pter
1949 2756 2048 2797 nos
2082 2758 2299 2811 quoque
2333 2743 2469 2796 nihil
2503 2758 2611 2795 non
2657 2743 2843 2797 animo
2876 2758 3011 2797 s:mo
3037 2753 3090 2798 et
3130 2760 3268 2812 puro
3304 2743 3383 2797 fa-

1797 2836 2029 2900 ciamus,
2050 2835 2262 2905 absque
2283 2851 2391 2903 quo
2411 2834 2598 2898 fuerit,
2624 2836 2853 2889 omnino
2878 2835 3021 2890 Deus
3043 2836 3386 2891 aversabitur

1799 2928 2165 2997 quodcunque
2199 2928 2415 2982 tandem
2459 2943 2489 2981 a
2533 2928 2693 2981 nobis
2739 2912 3022 2982 offeratur.
3057 2927 3193 2983 Nam
3233 2929 3385 2983 vides

1801 3019 1891 3073 hic
1924 3020 2181 3073 virtutem
2216 3019 2346 3087 justi
2391 3018 2631 3074 hominis
2664 3019 2733 3073 de
2764 3020 2885 3088 ipso
2917 3021 3067 3074 fumo
3099 3034 3165 3074 ac
3190 3020 3385 3074 nidore

1723 3143 1766 3202 α
1801 3111 2187 3167 suavissimum
2215 3111 2440 3165 odorem
2487 3109 2759 3173 eﬂ‘ecisse,
2793 3128 2918 3166 cum
2967 3113 3111 3180 apud
3164 3113 3380 3167 indures

1801 3207 2424 3279 pravitas_oﬂerentium
2466 3206 2675 3262 faceret
2711 3217 2769 3262 ut
2814 3206 3028 3261 suﬂitus
3057 3208 3221 3262 etiam
3272 3207 3385 3261 ira-

1801 3299 2186 3373 grantissimus
2215 3314 2243 3351 a
2282 3299 2395 3353 Deo
2426 3298 2629 3368 piaculi
2666 3298 2786 3353 loco
2824 3299 3137 3353 duceretur.

1870 3390 2140 3445 Caeterum
2177 3389 2232 3443 in
2267 3390 2583 3443 narratione
2627 3389 2694 3444 de
2722 3405 2911 3454 corvo,
2942 3392 3032 3458 qui
3065 3406 3094 3443 a
3152 3390 3265 3443 Noa
3297 3389 3384 3442 (ii-

1800 3482 2005 3538 missus
2033 3482 2135 3537 fuit
2158 3491 2217 3536 ut
2248 3481 2561 3553 exploraret
2588 3497 2657 3536 an
2705 3499 2846 3551 aqua
2875 3482 3191 3546 defecisset,
3224 3482 3385 3538 Jose-

1801 3576 1945 3646 phus
1964 3575 2207 3630 historiae
2230 3573 2394 3629 Mosis
2410 3583 2599 3643 aperte
2622 3573 2948 3645 refragatur.
2971 3576 3387 3629 Connuemorat

1770 3673 1772 3676 ’
1801 3669 1949 3723 enim
1979 3682 2204 3721 corvum
2228 3666 2380 3720 illum
2408 3666 2475 3719 ad
2504 3681 2686 3721 arcam
2716 3667 3031 3742 revertisse,
3066 3669 3224 3737 quasi
3248 3683 3384 3735 aqua

1801 3776 1901 3831 per
1934 3776 2153 3815 onmem
2192 3770 2463 3816 terrarum
2491 3760 2682 3814 orbem
2714 3760 2894 3814 adhuc
2928 3770 3290 3830 restagnaret.
3318 3765 3387 3814 At

1802 3853 1980 3908 Moses
2016 3851 2128 3906 [nec
2162 3852 2213 3904 in
2258 3853 2405 3905 hunc
2438 3852 2660 3905 modum
2693 3862 2919 3905 narrat:
2952 3870 2968 3902 ι
3012 3850 3128 3905 Non
3161 3854 3387 3906 revertit

1802 3959 2022 4009 corvus,
2078 3943 2260 3998 donec
2294 3945 2369 3996 ab
2428 3945 2585 4011 aquis
2640 3943 2910 3998 exsiccata
2962 3951 3103 3997 terra
3158 3944 3318 3998 foret.
3358 3962 3381 3995 ι

1800 4031 1934 4087 Nam
1965 4032 2058 4086 illa
2094 4032 2210 4102 ipsa
2247 4032 2314 4086 de
2334 4046 2499 4086 causa
2533 4032 2844 4087 columbam
2884 4034 3145 4104 deinceps
3178 4036 3385 4103 emisit,

1801 4124 1948 4194 quod
1996 4139 2195 4179 corvus
2227 4125 2406 4179 redire
2439 4125 2728 4180 noluisset.
2764 4127 2909 4181 idem
2952 4116 3224 4195 Josephu's
3253 4145 3383 4199 pro-

1801 4219 1894 4274 bat
1953 4219 2283 4273 auctoritate
2349 4220 2712 4289 quorumdam
2773 4222 3188 4291 historicorum,
3247 4242 3385 4294 quos

1802 4311 1959 4374 citat,
2004 4309 2195 4363 diluvii
2242 4318 2491 4378 tempore
2533 4310 2799 4379 quosdam
2827 4310 3080 4365 homines
3103 4312 3155 4364 in
3186 4311 3388 4365 altissi-

1801 4418 1950 4456 mum
1978 4402 2254 4455 Armenia:
2296 4412 2537 4456 montem
2560 4402 2891 4472 confugisse,
2926 4414 3091 4471 atque
3122 4404 3193 4458 ibi
3225 4405 3386 4459 saluti

1730 4488 1773 4543 Ι)
1804 4514 1914 4552 sua:
1951 4512 2050 4565 per
2095 4496 2267 4564 ipsius
2316 4494 2522 4549 montis
2572 4495 2962 4551 sublimitatem
3016 4499 3381 4553 consuluisse.

1806 4592 2005 4651 Verum
2042 4590 2093 4644 hi
2153 4604 2182 4643 a
2214 4603 2402 4657 scopo,
2456 4588 2598 4657 quod
2636 4589 2857 4653 dicitur,
2889 4587 3211 4644 abe‘rrarunt
3244 4600 3297 4645 et
3354 4608 3384 4646 a

1805 4684 1996 4739 semita
2055 4691 2205 4735 recta
2258 4681 2419 4751 longe
2474 4680 2837 4735 deﬂexeruut.
2869 4680 3002 4735 Nam
3033 4682 3076 4736 si
3133 4698 3272 4753 aqua
3330 4684 3385 4739 id

1804 4778 2066 4846 temporis
2115 4789 2283 4845 supra
2312 4782 2526 4828 montes
2560 4789 2808 4844 quosque
2852 4775 3279 4832 sublimissiutos
3313 4778 3382 4831 ad

1807 4871 1869 4924 l5
1909 4884 2082 4939 usque
2135 4868 2352 4923 cubitos
2407 4867 2671 4931 excrevit,
2718 4870 3175 4937 quemadmodum
3208 4870 3389 4926 Moses

1799 4962 2081 5016 meruerim
2147 4960 2413 5029 prodidit,
2456 4960 2641 5014 nullus
2673 4976 2792 5015 mea
2844 4962 3063 5031 quidem
3115 4965 3387 5018 sententia

1799 5070 1957 5109 mons
2007 5054 2250 5122 reliquus
2281 5068 2402 5107 esse
2446 5052 2644 5119 potuit,
2676 5053 2770 5123 qui
2798 5069 2829 5107 a
2870 5055 3114 5123 periculo
3142 5066 3386 5113 servaret

1798 5136 2071 5203 immunes
2092 5154 2359 5217 quotquot
2394 5147 2447 5199 in
2484 5163 2609 5200 eum
2650 5146 3050 5216 confugissent.

1867 5243 2020 5295 Arcas
2059 5241 2234 5310 ipsius
2263 5239 2547 5309 longitudo
2575 5240 2682 5296 500
2720 5242 2937 5295 cubitos
2975 5242 3232 5310 habebat,
3257 5244 3385 5296 lati-

1797 5337 1932 5389 tutlo
1963 5334 2053 5396 50,
2084 5333 2318 5387 altitudo
2350 5333 2438 5387 50.
2466 5333 2601 5387 Cum
2630 5346 2810 5389 autem
2844 5336 3011 5390 cubiti
3041 5337 3381 5391 .vocabulum

1797 5426 1975 5493 audis,
2006 5442 2118 5480 non
2168 5426 2330 5480 talem
2354 5426 2590 5503 intelligi
2621 5436 2835 5496 putato,
2882 5428 3063 5497 qualis
3098 5427 3237 5497 apud
3286 5443 3384 5482 uos

1792 5528 1877 5574 est
1909 5520 1963 5572 in
1988 5533 2113 5585 usu,
2143 5517 2239 5572 sed
2267 5504 2687 5589 geometricum.
2714 5517 2894 5573 Moses
2920 5519 3090 5583 enim,
3118 5519 3209 5587 qui
3235 5518 3384 5587 apud

1793 5610 2080 5685 Egyptios
2116 5622 2293 5668 artem
2350 5612 2666 5684 geometria:
2717 5611 3024 5675 didicisset,
3060 5611 3112 5663 in
3169 5610 3272 5665 hac
3312 5611 3383 5667 de
3469 5649 3483 5664 .
