  <div class='ocr_page' id='page_1' title='image "/cluster/home/n/w/nwhite01/storage/ocr_20150623/158/mdp.39015078384701/163.png"; bbox 0 0 3862 6228; ppageno 0'>
   <div class='ocr_carea' id='block_1_1' title="bbox 468 331 568 398">
    <p class='ocr_par' dir='ltr' id='par_1_1' title="bbox 468 331 568 398">
     <span class='ocr_line' id='line_1_1' title="bbox 468 331 568 398; baseline -0.01 -1"><span class='ocrx_word' id='word_1_1' title='bbox 468 331 568 398; x_wconf 78' lang='lat'><strong>251</strong></span> 
     </span>
    </p>
   </div>
   <div class='ocr_carea' id='block_1_2' title="bbox 460 538 2033 609">
    <p class='ocr_par' dir='ltr' id='par_1_2' title="bbox 460 538 2033 609">
     <span class='ocr_line' id='line_1_2' title="bbox 460 538 2033 609; baseline -0.002 -15"><span class='ocrx_word' id='word_1_2' title='bbox 460 540 758 594; x_wconf 82' lang='lat' dir='ltr'><strong>maximam</strong></span> <span class='ocrx_word' id='word_1_3' title='bbox 790 543 972 594; x_wconf 82' lang='lat' dir='ltr'><strong>ulnam</strong></span> <span class='ocrx_word' id='word_1_4' title='bbox 1010 539 1268 593; x_wconf 84' lang='lat' dir='ltr'><strong>eﬂiceret.</strong></span> <span class='ocrx_word' id='word_1_5' title='bbox 1305 538 1438 593; x_wconf 79' lang='lat' dir='ltr'><strong>Nam</strong></span> <span class='ocrx_word' id='word_1_6' title='bbox 1469 538 1706 609; x_wconf 64' lang='lat' dir='ltr'><strong>Egyptii</strong></span> <span class='ocrx_word' id='word_1_7' title='bbox 1744 539 1929 607; x_wconf 83' lang='lat' dir='ltr'><strong>pruni,</strong></span> <span class='ocrx_word' id='word_1_8' title='bbox 1953 553 2033 591; x_wconf 87' lang='lat' dir='ltr'><strong>re-</strong></span> 
     </span>
    </p>
   </div>
   <div class='ocr_carea' id='block_1_3' title="bbox 458 622 2044 704">
    <p class='ocr_par' dir='ltr' id='par_1_3' title="bbox 458 631 2033 701">
     <span class='ocr_line' id='line_1_3' title="bbox 458 631 2033 701; baseline -0.001 -17"><span class='ocrx_word' id='word_1_9' title='bbox 458 631 672 686; x_wconf 85' lang='lat' dir='ltr'><strong>ferente</strong></span> <span class='ocrx_word' id='word_1_10' title='bbox 699 631 929 701; x_wconf 86' lang='lat' dir='ltr'><strong>Cyrillo,</strong></span> <span class='ocrx_word' id='word_1_11' title='bbox 956 632 1311 701; x_wconf 74' lang='lat' dir='ltr'><strong>geometriam</strong></span> <span class='ocrx_word' id='word_1_12' title='bbox 1343 642 1564 701; x_wconf 84' lang='lat' dir='ltr'><strong>propter</strong></span> <span class='ocrx_word' id='word_1_13' title='bbox 1614 631 2033 700; x_wconf 78' lang='lat' dir='ltr'><strong>amplitudinem</strong></span> 
     </span>
    </p>
   </div>
   <div class='ocr_carea' id='block_1_4' title="bbox 2150 622 3710 704">
    <p class='ocr_par' dir='ltr' id='par_1_4' title="bbox 2150 622 3710 704">
     <span class='ocr_line' id='line_1_4' title="bbox 2150 622 3710 704; baseline 0.002 -22"><span class='ocrx_word' id='word_1_14' title='bbox 2150 632 2232 699; x_wconf 75' lang='grc' dir='ltr'><strong>ιὴν</strong></span> <span class='ocrx_word' id='word_1_15' title='bbox 2271 622 2620 704; x_wconf 79' lang='grc' dir='ltr'><strong>γεωμετρίαν</strong></span> <span class='ocrx_word' id='word_1_16' title='bbox 2660 628 2819 704; x_wconf 78' lang='grc' dir='ltr'><strong>εὖρον</strong></span> <span class='ocrx_word' id='word_1_17' title='bbox 2847 634 2911 686; x_wconf 85' lang='grc' dir='ltr'><strong>ὲκ</strong></span> <span class='ocrx_word' id='word_1_18' title='bbox 2936 633 3031 686; x_wconf 86' lang='grc' dir='ltr'><strong>τοῦ</strong></span> <span class='ocrx_word' id='word_1_19' title='bbox 3063 635 3301 687; x_wconf 82' lang='grc' dir='ltr'><strong>ἀπλέτου</strong></span> <span class='ocrx_word' id='word_1_20' title='bbox 3347 633 3449 703; x_wconf 74' lang='grc' dir='ltr'><strong>τῆς</strong></span> <span class='ocrx_word' id='word_1_21' title='bbox 3487 637 3592 702; x_wconf 79' lang='grc' dir='ltr'>γῆς</span> <span class='ocrx_word' id='word_1_22' title='bbox 3620 634 3710 686; x_wconf 82' lang='grc' dir='ltr'><strong>καὶ</strong></span> 
     </span>
    </p>
   </div>
   <div class='ocr_carea' id='block_1_5' title="bbox 461 722 2044 796">
    <p class='ocr_par' dir='ltr' id='par_1_5' title="bbox 461 722 2038 793">
     <span class='ocr_line' id='line_1_5' title="bbox 461 722 2038 793; baseline -0.004 -16"><span class='ocrx_word' id='word_1_23' title='bbox 461 731 622 777; x_wconf 67' lang='lat' dir='ltr'><strong>terra:</strong></span> <span class='ocrx_word' id='word_1_24' title='bbox 652 738 761 777; x_wconf 72' lang='lat' dir='ltr'><strong>sua:</strong></span> <span class='ocrx_word' id='word_1_25' title='bbox 790 724 1017 793; x_wconf 83' lang='lat' dir='ltr'><strong>ejusque</strong></span> <span class='ocrx_word' id='word_1_26' title='bbox 1038 722 1362 776; x_wconf 82' lang='lat' dir='ltr'><strong>divisionem</strong></span> <span class='ocrx_word' id='word_1_27' title='bbox 1399 729 1741 792; x_wconf 72' lang='lat' dir='ltr'><strong>repererunt,</strong></span> <span class='ocrx_word' id='word_1_28' title='bbox 1771 735 1893 773; x_wconf 82' lang='lat' dir='ltr'><strong>cum</strong></span> <span class='ocrx_word' id='word_1_29' title='bbox 1924 735 2038 772; x_wconf 85' lang='lat' dir='ltr'><strong>mo-</strong></span> 
     </span>
    </p>
   </div>
   <div class='ocr_carea' id='block_1_6' title="bbox 2150 722 3710 796">
    <p class='ocr_par' dir='ltr' id='par_1_6' title="bbox 2150 724 3710 796">
     <span class='ocr_line' id='line_1_6' title="bbox 2150 724 3710 796; baseline 0.002 -22"><span class='ocrx_word' id='word_1_30' title='bbox 2150 725 2231 790; x_wconf 71' lang='grc' dir='ltr'><strong>τῆς</strong></span> <span class='ocrx_word' id='word_1_31' title='bbox 2263 724 2605 793; x_wconf 75' lang='grc' dir='ltr'><strong>διαιρέσεως.</strong></span> <span class='ocrx_word' id='word_1_32' title='bbox 2651 724 2717 779; x_wconf 86' lang='grc' dir='ltr'><strong>Ἦ</strong></span> <span class='ocrx_word' id='word_1_33' title='bbox 2757 725 2815 780; x_wconf 64' lang='grc' dir='ltr'><strong>δὲ</strong></span> <span class='ocrx_word' id='word_1_34' title='bbox 2843 726 2950 779; x_wconf 84' lang='grc' dir='ltr'>τῶν</span> <span class='ocrx_word' id='word_1_35' title='bbox 2973 728 3316 795; x_wconf 84' lang='grc' dir='ltr'><strong>φαινομένων</strong></span> <span class='ocrx_word' id='word_1_36' title='bbox 3349 725 3559 796; x_wconf 78' lang='grc' dir='ltr'><strong>θεωρία</strong></span> <span class='ocrx_word' id='word_1_37' title='bbox 3591 728 3710 792; x_wconf 72' lang='grc' dir='ltr'>παρ’</span> 
     </span>
    </p>
   </div>
   <div class='ocr_carea' id='block_1_7' title="bbox 460 810 2035 880">
    <p class='ocr_par' dir='ltr' id='par_1_7' title="bbox 460 810 2035 880">
     <span class='ocr_line' id='line_1_7' title="bbox 460 810 2035 880; baseline -0.003 -13"><span class='ocrx_word' id='word_1_38' title='bbox 460 823 549 867; x_wconf 83' lang='lat' dir='ltr'><strong>tus</strong></span> <span class='ocrx_word' id='word_1_39' title='bbox 587 815 827 869; x_wconf 86' lang='lat' dir='ltr'><strong>siderum</strong></span> <span class='ocrx_word' id='word_1_40' title='bbox 866 814 1257 869; x_wconf 72' lang='lat' dir='ltr'><strong>“consideratio</strong></span> <span class='ocrx_word' id='word_1_41' title='bbox 1309 815 1381 869; x_wconf 85' lang='lat' dir='ltr'><strong>sit</strong></span> <span class='ocrx_word' id='word_1_42' title='bbox 1442 831 1471 868; x_wconf 91' lang='lat' dir='ltr'><strong>a</strong></span> <span class='ocrx_word' id='word_1_43' title='bbox 1524 812 1728 868; x_wconf 66' lang='lat' dir='ltr'><strong>Graecis</strong></span> <span class='ocrx_word' id='word_1_44' title='bbox 1772 810 2035 880; x_wconf 81' lang='lat' dir='ltr'><strong>perfecta,</strong></span> 
     </span>
    </p>
   </div>
   <div class='ocr_carea' id='block_1_8' title="bbox 457 902 2056 976">
    <p class='ocr_par' dir='ltr' id='par_1_8' title="bbox 457 902 2056 976">
     <span class='ocr_line' id='line_1_8' title="bbox 457 902 2056 976; baseline -0.002 -18"><span class='ocrx_word' id='word_1_45' title='bbox 457 922 689 976; x_wconf 82' lang='lat' dir='ltr'><strong>quorum</strong></span> <span class='ocrx_word' id='word_1_46' title='bbox 712 907 1123 960; x_wconf 86' lang='lat' dir='ltr'><strong>observationes</strong></span> <span class='ocrx_word' id='word_1_47' title='bbox 1151 906 1311 976; x_wconf 73' lang='lat'><strong>128</strong></span> <span class='ocrx_word' id='word_1_48' title='bbox 1333 906 1520 975; x_wconf 71' lang='lat' dir='ltr'><strong>prima:</strong></span> <span class='ocrx_word' id='word_1_49' title='bbox 1544 905 1682 973; x_wconf 88' lang='lat' dir='ltr'><strong>apud</strong></span> <span class='ocrx_word' id='word_1_50' title='bbox 1710 902 2056 973; x_wconf 70' lang='lat' dir='ltr'><strong>Babylonios</strong></span> 
     </span>
    </p>
   </div>
   <div class='ocr_carea' id='block_1_9' title="bbox 459 990 2038 1052">
    <p class='ocr_par' dir='ltr' id='par_1_9' title="bbox 459 990 2038 1052">
     <span class='ocr_line' id='line_1_9' title="bbox 459 990 2038 1052; baseline -0.003 -1"><span class='ocrx_word' id='word_1_51' title='bbox 459 999 808 1052; x_wconf 79' lang='lat' dir='ltr'><strong>exstiterant.</strong></span> <span class='ocrx_word' id='word_1_52' title='bbox 851 997 1041 1051; x_wconf 89' lang='lat' dir='ltr'><strong>Itidem</strong></span> <span class='ocrx_word' id='word_1_53' title='bbox 1076 990 1325 1051; x_wconf 62' lang='lat' dir='ltr'><strong>doetiiua</strong></span> <span class='ocrx_word' id='word_1_54' title='bbox 1357 1011 1708 1050; x_wconf 89' lang='lat' dir='ltr'><strong>numerorum</strong></span> <span class='ocrx_word' id='word_1_55' title='bbox 1741 1010 1770 1048; x_wconf 86' lang='lat' dir='ltr'><strong>a</strong></span> <span class='ocrx_word' id='word_1_56' title='bbox 1808 994 2038 1048; x_wconf 65' lang='lat' dir='ltr'><strong>Phaeni-</strong></span> 
     </span>
    </p>
   </div>
   <div class='ocr_carea' id='block_1_10' title="bbox 459 1074 2035 1158">
    <p class='ocr_par' dir='ltr' id='par_1_10' title="bbox 459 1074 2035 1158">
     <span class='ocr_line' id='line_1_10' title="bbox 459 1074 2035 1158; baseline -0.004 -15"><span class='ocrx_word' id='word_1_57' title='bbox 459 1103 582 1143; x_wconf 87' lang='lat' dir='ltr'><strong>cum</strong></span> <span class='ocrx_word' id='word_1_58' title='bbox 619 1090 1015 1143; x_wconf 71' lang='lat' dir='ltr'><strong>mercatoribus</strong></span> <span class='ocrx_word' id='word_1_59' title='bbox 1045 1099 1128 1143; x_wconf 89' lang='lat' dir='ltr'><strong>est</strong></span> <span class='ocrx_word' id='word_1_60' title='bbox 1165 1074 1429 1158; x_wconf 68' lang='lat' dir='ltr'><strong>préfecta.</strong></span> <span class='ocrx_word' id='word_1_61' title='bbox 1480 1086 1558 1140; x_wconf 84' lang='lat' dir='ltr'><strong>De</strong></span> <span class='ocrx_word' id='word_1_62' title='bbox 1610 1086 1695 1138; x_wconf 86' lang='lat' dir='ltr'><strong>his</strong></span> <span class='ocrx_word' id='word_1_63' title='bbox 1750 1086 2035 1138; x_wconf 81' lang='lat' dir='ltr'><strong>hactenus.</strong></span> 
     </span>
    </p>
   </div>
   <div class='ocr_carea' id='block_1_11' title="bbox 535 1168 2037 1247">
    <p class='ocr_par' dir='ltr' id='par_1_11' title="bbox 535 1168 2037 1247">
     <span class='ocr_line' id='line_1_11' title="bbox 535 1168 2037 1247; baseline -0.004 -14"><span class='ocrx_word' id='word_1_64' title='bbox 535 1181 663 1233; x_wconf 87' lang='lat' dir='ltr'><strong>l’ost</strong></span> <span class='ocrx_word' id='word_1_65' title='bbox 694 1196 869 1235; x_wconf 87' lang='lat' dir='ltr'><strong>annos</strong></span> <span class='ocrx_word' id='word_1_66' title='bbox 921 1195 951 1234; x_wconf 86' lang='lat' dir='ltr'><strong>a</strong></span> <span class='ocrx_word' id='word_1_67' title='bbox 995 1180 1196 1233; x_wconf 86' lang='lat' dir='ltr'><strong>diluvio</strong></span> <span class='ocrx_word' id='word_1_68' title='bbox 1234 1168 1363 1233; x_wconf 42' lang='lat'><strong>556&#39;</strong></span> <span class='ocrx_word' id='word_1_69' title='bbox 1397 1178 1563 1232; x_wconf 81' lang='lat' dir='ltr'><strong>turris</strong></span> <span class='ocrx_word' id='word_1_70' title='bbox 1623 1186 1707 1229; x_wconf 90' lang='lat' dir='ltr'><strong>est</strong></span> <span class='ocrx_word' id='word_1_71' title='bbox 1749 1174 2037 1247; x_wconf 71' lang='lat' dir='ltr'><strong>aedificata,</strong></span> 
     </span>
    </p>
   </div>
   <div class='ocr_carea' id='block_1_12' title="bbox 467 1262 2040 1339">
    <p class='ocr_par' dir='ltr' id='par_1_12' title="bbox 467 1262 2040 1339">
     <span class='ocr_line' id='line_1_12' title="bbox 467 1262 2040 1339; baseline -0.004 -16"><span class='ocrx_word' id='word_1_72' title='bbox 467 1271 780 1324; x_wconf 80' lang='lat' dir='ltr'><strong>hominibus</strong></span> <span class='ocrx_word' id='word_1_73' title='bbox 811 1271 864 1323; x_wconf 92' lang='lat' dir='ltr'><strong>in</strong></span> <span class='ocrx_word' id='word_1_74' title='bbox 916 1286 977 1325; x_wconf 89' lang='lat' dir='ltr'><strong>ea</strong></span> <span class='ocrx_word' id='word_1_75' title='bbox 1011 1269 1341 1339; x_wconf 78' lang='lat' dir='ltr'><strong>perficienda</strong></span> <span class='ocrx_word' id='word_1_76' title='bbox 1374 1268 1503 1320; x_wconf 89' lang='lat' dir='ltr'><strong>totis</strong></span> <span class='ocrx_word' id='word_1_77' title='bbox 1551 1267 1621 1318; x_wconf 73' lang='grc'><strong>40</strong></span> <span class='ocrx_word' id='word_1_78' title='bbox 1651 1265 1813 1318; x_wconf 89' lang='lat' dir='ltr'><strong>annis</strong></span> <span class='ocrx_word' id='word_1_79' title='bbox 1862 1262 2040 1318; x_wconf 86' lang='lat' dir='ltr'><strong>incas-</strong></span> 
     </span>
    </p>
   </div>
   <div class='ocr_carea' id='block_1_13' title="bbox 464 1355 2040 1419">
    <p class='ocr_par' dir='ltr' id='par_1_13' title="bbox 464 1355 2040 1419">
     <span class='ocr_line' id='line_1_13' title="bbox 464 1355 2040 1419; baseline -0.004 -3"><span class='ocrx_word' id='word_1_80' title='bbox 464 1378 583 1416; x_wconf 76' lang='lat' dir='ltr'><strong>sum</strong></span> <span class='ocrx_word' id='word_1_81' title='bbox 613 1362 1013 1416; x_wconf 74' lang='lat' dir='ltr'><strong>laborantibus.</strong></span> <span class='ocrx_word' id='word_1_82' title='bbox 1052 1362 1497 1415; x_wconf 79' lang='lat' dir='ltr'><strong>Cohortabantur</strong></span> <span class='ocrx_word' id='word_1_83' title='bbox 1529 1357 1699 1419; x_wconf 91' lang='lat' dir='ltr'><strong>enim,</strong></span> <span class='ocrx_word' id='word_1_84' title='bbox 1734 1371 1834 1409; x_wconf 90' lang='lat' dir='ltr'><strong>ceu</strong></span> <span class='ocrx_word' id='word_1_85' title='bbox 1863 1355 2040 1409; x_wconf 84' lang='lat' dir='ltr'><strong>Moses</strong></span> 
     </span>
    </p>
   </div>
   <div class='ocr_carea' id='block_1_14' title="bbox 463 1451 2035 1518">
    <p class='ocr_par' dir='ltr' id='par_1_14' title="bbox 463 1451 2035 1518">
     <span class='ocr_line' id='line_1_14' title="bbox 463 1451 2035 1518; baseline -0.004 -11"><span class='ocrx_word' id='word_1_86' title='bbox 463 1465 652 1508; x_wconf 74' lang='lat' dir='ltr'><strong>narrat</strong></span> <span class='ocrx_word' id='word_1_87' title='bbox 678 1455 745 1517; x_wconf 81' lang='lat'><strong>“,</strong></span> <span class='ocrx_word' id='word_1_88' title='bbox 775 1456 1009 1508; x_wconf 88' lang='lat' dir='ltr'><strong>invicem</strong></span> <span class='ocrx_word' id='word_1_89' title='bbox 1036 1464 1094 1507; x_wconf 92' lang='lat' dir='ltr'><strong>ut</strong></span> <span class='ocrx_word' id='word_1_90' title='bbox 1116 1455 1314 1506; x_wconf 80' lang='lat' dir='ltr'><strong>lateres</strong></span> <span class='ocrx_word' id='word_1_91' title='bbox 1335 1451 1581 1505; x_wconf 85' lang='lat' dir='ltr'><strong>facerent</strong></span> <span class='ocrx_word' id='word_1_92' title='bbox 1607 1458 2035 1518; x_wconf 76' lang='lat' dir='ltr'><strong>eoquerentque,</strong></span> 
     </span>
    </p>
   </div>
   <div class='ocr_carea' id='block_1_15' title="bbox 464 1539 2053 1614">
    <p class='ocr_par' dir='ltr' id='par_1_15' title="bbox 464 1539 2053 1614">
     <span class='ocr_line' id='line_1_15' title="bbox 464 1539 2053 1614; baseline -0.002 -18"><span class='ocrx_word' id='word_1_93' title='bbox 464 1547 665 1614; x_wconf 77' lang='lat' dir='ltr'><strong>quibus</strong></span> <span class='ocrx_word' id='word_1_94' title='bbox 703 1547 894 1600; x_wconf 84' lang='lat' dir='ltr'><strong>urbem</strong></span> <span class='ocrx_word' id='word_1_95' title='bbox 931 1548 1237 1612; x_wconf 88' lang='lat' dir='ltr'><strong>turrimque</strong></span> <span class='ocrx_word' id='word_1_96' title='bbox 1264 1544 1366 1597; x_wconf 83' lang='lat' dir='ltr'><strong>sibi</strong></span> <span class='ocrx_word' id='word_1_97' title='bbox 1400 1549 1771 1603; x_wconf 76' lang='lat' dir='ltr'><strong>exstruerent,</strong></span> <span class='ocrx_word' id='word_1_98' title='bbox 1803 1555 1925 1609; x_wconf 72' lang='lat' dir='ltr'><strong>qua:</strong></span> <span class='ocrx_word' id='word_1_99' title='bbox 1950 1539 2053 1607; x_wconf 59' lang='lat' dir='ltr'><strong>‘fa-,</strong></span> 
     </span>
    </p>
   </div>
   <div class='ocr_carea' id='block_1_16' title="bbox 382 1631 2036 1707">
    <p class='ocr_par' dir='ltr' id='par_1_16' title="bbox 382 1631 2036 1707">
     <span class='ocr_line' id='line_1_16' title="bbox 382 1631 2036 1707; baseline -0.007 -14"><span class='ocrx_word' id='word_1_100' title='bbox 382 1664 385 1667; x_wconf 57' lang='grc' dir='ltr'><strong>λ</strong></span> <span class='ocrx_word' id='word_1_101' title='bbox 466 1640 627 1706; x_wconf 71' lang='lat' dir='ltr'><strong>srigio</strong></span> <span class='ocrx_word' id='word_1_102' title='bbox 651 1640 847 1692; x_wconf 73' lang='lat' dir='ltr'><strong>caelum</strong></span> <span class='ocrx_word' id='word_1_103' title='bbox 872 1638 1183 1707; x_wconf 82' lang='lat' dir='ltr'><strong>attingeret.</strong></span> <span class='ocrx_word' id='word_1_104' title='bbox 1213 1635 1614 1702; x_wconf 83' lang='lat' dir='ltr'><strong>Quamobrem?</strong></span> <span class='ocrx_word' id='word_1_105' title='bbox 1641 1633 1709 1687; x_wconf 91' lang='lat' dir='ltr'><strong>Ut</strong></span> <span class='ocrx_word' id='word_1_106' title='bbox 1733 1631 1774 1685; x_wconf 89' lang='lat' dir='ltr'><strong>si</strong></span> <span class='ocrx_word' id='word_1_107' title='bbox 1800 1633 2036 1684; x_wconf 81' lang='lat' dir='ltr'><strong>alterum</strong></span> 
     </span>
    </p>
   </div>
   <div class='ocr_carea' id='block_1_17' title="bbox 465 1722 2040 1799">
    <p class='ocr_par' dir='ltr' id='par_1_17' title="bbox 465 1722 2040 1799">
     <span class='ocr_line' id='line_1_17' title="bbox 465 1722 2040 1799; baseline -0.004 -18"><span class='ocrx_word' id='word_1_108' title='bbox 465 1728 730 1781; x_wconf 88' lang='lat' dir='ltr'><strong>diluvium</strong></span> <span class='ocrx_word' id='word_1_109' title='bbox 765 1730 1064 1799; x_wconf 86' lang='lat' dir='ltr'><strong>ingrueret,</strong></span> <span class='ocrx_word' id='word_1_110' title='bbox 1098 1730 1165 1781; x_wconf 86' lang='lat' dir='ltr'><strong>ad</strong></span> <span class='ocrx_word' id='word_1_111' title='bbox 1190 1729 1311 1797; x_wconf 87' lang='lat' dir='ltr'><strong>ejus</strong></span> <span class='ocrx_word' id='word_1_112' title='bbox 1342 1742 1401 1780; x_wconf 89' lang='lat' dir='ltr'><strong>se</strong></span> <span class='ocrx_word' id='word_1_113' title='bbox 1436 1725 1693 1779; x_wconf 85' lang='lat' dir='ltr'><strong>verticem</strong></span> <span class='ocrx_word' id='word_1_114' title='bbox 1724 1722 2040 1777; x_wconf 81' lang='lat' dir='ltr'><strong>conferrent</strong></span> 
     </span>
    </p>
   </div>
   <div class='ocr_carea' id='block_1_18' title="bbox 404 1812 2037 1888">
    <p class='ocr_par' dir='ltr' id='par_1_18' title="bbox 404 1812 2037 1888">
     <span class='ocr_line' id='line_1_18' title="bbox 404 1812 2037 1888; baseline -0.005 -14"><span class='ocrx_word' id='word_1_115' title='bbox 404 1866 413 1874; x_wconf 89' lang='lat'><strong>.</strong></span> <span class='ocrx_word' id='word_1_116' title='bbox 465 1832 641 1885; x_wconf 75' lang='lat' dir='ltr'><strong>eoque</strong></span> <span class='ocrx_word' id='word_1_117' title='bbox 673 1826 831 1888; x_wconf 66' lang='lat' dir='ltr'><strong>pacto</strong></span> <span class='ocrx_word' id='word_1_118' title='bbox 857 1819 1151 1873; x_wconf 88' lang='lat' dir='ltr'><strong>imminens</strong></span> <span class='ocrx_word' id='word_1_119' title='bbox 1180 1820 1247 1870; x_wconf 88' lang='lat' dir='ltr'><strong>ab</strong></span> <span class='ocrx_word' id='word_1_120' title='bbox 1275 1816 1432 1885; x_wconf 84' lang='lat' dir='ltr'><strong>aquis</strong></span> <span class='ocrx_word' id='word_1_121' title='bbox 1457 1817 1685 1868; x_wconf 76' lang='lat' dir='ltr'><strong>exitium</strong></span> <span class='ocrx_word' id='word_1_122' title='bbox 1712 1812 2037 1883; x_wconf 81' lang='lat' dir='ltr'><strong>ell&#39;ugereut.</strong></span> 
     </span>
    </p>
   </div>
   <div class='ocr_carea' id='block_1_19' title="bbox 386 1907 2043 1974">
    <p class='ocr_par' dir='ltr' id='par_1_19' title="bbox 386 1907 2043 1974">
     <span class='ocr_line' id='line_1_19' title="bbox 386 1907 2043 1974; baseline -0.004 -11"><span class='ocrx_word' id='word_1_123' title='bbox 386 1938 397 1949; x_wconf 86' lang='lat'><strong>-</strong></span> <span class='ocrx_word' id='word_1_124' title='bbox 466 1908 679 1963; x_wconf 77' lang='lat' dir='ltr'><strong>Vanum</strong></span> <span class='ocrx_word' id='word_1_125' title='bbox 716 1913 861 1964; x_wconf 89' lang='lat' dir='ltr'><strong>hunc</strong></span> <span class='ocrx_word' id='word_1_126' title='bbox 901 1912 1140 1965; x_wconf 91' lang='lat' dir='ltr'><strong>laborem</strong></span> <span class='ocrx_word' id='word_1_127' title='bbox 1173 1918 1229 1963; x_wconf 89' lang='lat' dir='ltr'><strong>et</strong></span> <span class='ocrx_word' id='word_1_128' title='bbox 1252 1916 1507 1962; x_wconf 89' lang='lat' dir='ltr'><strong>conatum</strong></span> <span class='ocrx_word' id='word_1_129' title='bbox 1547 1922 1737 1961; x_wconf 90' lang='lat' dir='ltr'><strong>eorum</strong></span> <span class='ocrx_word' id='word_1_130' title='bbox 1778 1907 1920 1960; x_wconf 85' lang='lat' dir='ltr'><strong>Deus</strong></span> <span class='ocrx_word' id='word_1_131' title='bbox 1949 1920 2043 1974; x_wconf 81' lang='lat' dir='ltr'><strong>per</strong></span> 
     </span>
    </p>
   </div>
   <div class='ocr_carea' id='block_1_20' title="bbox 466 1996 2045 2071">
    <p class='ocr_par' dir='ltr' id='par_1_20' title="bbox 466 1996 2045 2071">
     <span class='ocr_line' id='line_1_20' title="bbox 466 1996 2045 2071; baseline -0.004 -15"><span class='ocrx_word' id='word_1_132' title='bbox 466 1996 849 2057; x_wconf 77' lang='lat' dir='ltr'><strong>confusionem</strong></span> <span class='ocrx_word' id='word_1_133' title='bbox 882 2002 1191 2071; x_wconf 73' lang='lat' dir='ltr'><strong>linguarum</strong></span> <span class='ocrx_word' id='word_1_134' title='bbox 1216 2000 1475 2054; x_wconf 83' lang='lat' dir='ltr'><strong>inhibuit.</strong></span> <span class='ocrx_word' id='word_1_135' title='bbox 1505 1999 1685 2053; x_wconf 78' lang='lat' dir='ltr'><strong>Verba</strong></span> <span class='ocrx_word' id='word_1_136' title='bbox 1716 1998 1936 2067; x_wconf 85' lang='lat' dir='ltr'><strong>quidem</strong></span> <span class='ocrx_word' id='word_1_137' title='bbox 1959 2013 2045 2050; x_wconf 82' lang='lat' dir='ltr'><strong>sa-</strong></span> 
     </span>
    </p>
   </div>
   <div class='ocr_carea' id='block_1_21' title="bbox 470 2090 2043 2169">
    <p class='ocr_par' dir='ltr' id='par_1_21' title="bbox 470 2090 2043 2169">
     <span class='ocr_line' id='line_1_21' title="bbox 470 2090 2043 2169; baseline -0.005 -23"><span class='ocrx_word' id='word_1_138' title='bbox 470 2094 580 2149; x_wconf 88' lang='lat' dir='ltr'><strong>cris</strong></span> <span class='ocrx_word' id='word_1_139' title='bbox 610 2094 665 2148; x_wconf 88' lang='lat' dir='ltr'><strong>in</strong></span> <span class='ocrx_word' id='word_1_140' title='bbox 725 2092 943 2169; x_wconf 75' lang='lat' dir='ltr'><strong>Litteris</strong></span> <span class='ocrx_word' id='word_1_141' title='bbox 971 2094 1085 2147; x_wconf 72' lang='lat' dir='ltr'><strong>haec</strong></span> <span class='ocrx_word' id='word_1_142' title='bbox 1123 2093 1379 2162; x_wconf 88' lang='lat' dir='ltr'><strong>leguntur</strong></span> <span class='ocrx_word' id='word_1_143' title='bbox 1415 2108 1429 2145; x_wconf 75' lang='grc' dir='ltr'><strong>ε</strong></span> <span class='ocrx_word' id='word_1_144' title='bbox 1469 2110 1489 2142; x_wconf 70' lang='grc' dir='ltr'><strong>ι</strong></span> <span class='ocrx_word' id='word_1_145' title='bbox 1529 2090 1607 2144; x_wconf 78' lang='lat' dir='ltr'><strong>En</strong></span> <span class='ocrx_word' id='word_1_146' title='bbox 1646 2106 1751 2143; x_wconf 88' lang='lat' dir='ltr'><strong>una</strong></span> <span class='ocrx_word' id='word_1_147' title='bbox 1784 2099 1868 2143; x_wconf 85' lang='lat' dir='ltr'><strong>est</strong></span> <span class='ocrx_word' id='word_1_148' title='bbox 1897 2103 2043 2142; x_wconf 90' lang='lat' dir='ltr'><strong>mor-</strong></span> 
     </span>
    </p>
   </div>
   <div class='ocr_carea' id='block_1_22' title="bbox 471 2183 2040 2255">
    <p class='ocr_par' dir='ltr' id='par_1_22' title="bbox 471 2183 2040 2255">
     <span class='ocr_line' id='line_1_22' title="bbox 471 2183 2040 2255; baseline -0.004 -16"><span class='ocrx_word' id='word_1_149' title='bbox 471 2186 658 2239; x_wconf 79' lang='lat' dir='ltr'><strong>talium</strong></span> <span class='ocrx_word' id='word_1_150' title='bbox 686 2186 856 2251; x_wconf 82' lang='lat' dir='ltr'><strong>natio,</strong></span> <span class='ocrx_word' id='word_1_151' title='bbox 899 2186 989 2255; x_wconf 88' lang='lat' dir='ltr'><strong>qui</strong></span> <span class='ocrx_word' id='word_1_152' title='bbox 1019 2185 1203 2239; x_wconf 89' lang='lat' dir='ltr'><strong>cuncti</strong></span> <span class='ocrx_word' id='word_1_153' title='bbox 1255 2183 1449 2238; x_wconf 88' lang='lat' dir='ltr'><strong>eodem</strong></span> <span class='ocrx_word' id='word_1_154' title='bbox 1493 2198 1751 2236; x_wconf 88' lang='lat' dir='ltr'><strong>sermone</strong></span> <span class='ocrx_word' id='word_1_155' title='bbox 1791 2189 2040 2235; x_wconf 91' lang='lat' dir='ltr'><strong>utuntur.</strong></span> 
     </span>
    </p>
   </div>
   <div class='ocr_carea' id='block_1_23' title="bbox 472 2273 2046 2347">
    <p class='ocr_par' dir='ltr' id='par_1_23' title="bbox 472 2273 2046 2347">
     <span class='ocr_line' id='line_1_23' title="bbox 472 2273 2046 2347; baseline -0.004 -16"><span class='ocrx_word' id='word_1_156' title='bbox 472 2279 584 2347; x_wconf 85' lang='lat' dir='ltr'><strong>Age</strong></span> <span class='ocrx_word' id='word_1_157' title='bbox 614 2277 1035 2343; x_wconf 84' lang='lat' dir='ltr'><strong>descendamus,</strong></span> <span class='ocrx_word' id='word_1_158' title='bbox 1065 2286 1120 2330; x_wconf 93' lang='lat' dir='ltr'><strong>et</strong></span> <span class='ocrx_word' id='word_1_159' title='bbox 1153 2276 1225 2330; x_wconf 90' lang='lat' dir='ltr'><strong>ibi</strong></span> <span class='ocrx_word' id='word_1_160' title='bbox 1260 2291 1446 2330; x_wconf 92' lang='lat' dir='ltr'><strong>eorum</strong></span> <span class='ocrx_word' id='word_1_161' title='bbox 1473 2290 1782 2329; x_wconf 88' lang='lat' dir='ltr'><strong>sermonem</strong></span> <span class='ocrx_word' id='word_1_162' title='bbox 1815 2273 1887 2327; x_wconf 89' lang='lat' dir='ltr'><strong>ita</strong></span> <span class='ocrx_word' id='word_1_163' title='bbox 1912 2288 2046 2328; x_wconf 84' lang='lat' dir='ltr'><strong>con-</strong></span> 
     </span>
    </p>
   </div>
   <div class='ocr_carea' id='block_1_24' title="bbox 472 2366 2040 2435">
    <p class='ocr_par' dir='ltr' id='par_1_24' title="bbox 472 2366 2040 2435">
     <span class='ocr_line' id='line_1_24' title="bbox 472 2366 2040 2435; baseline -0.004 -11"><span class='ocrx_word' id='word_1_164' title='bbox 472 2370 789 2433; x_wconf 89' lang='lat' dir='ltr'><strong>fundamus,</strong></span> <span class='ocrx_word' id='word_1_165' title='bbox 817 2380 878 2424; x_wconf 91' lang='lat' dir='ltr'><strong>ut</strong></span> <span class='ocrx_word' id='word_1_166' title='bbox 894 2370 986 2423; x_wconf 88' lang='lat' dir='ltr'><strong>alii</strong></span> <span class='ocrx_word' id='word_1_167' title='bbox 1013 2371 1244 2424; x_wconf 89' lang='lat' dir='ltr'><strong>aliorum</strong></span> <span class='ocrx_word' id='word_1_168' title='bbox 1266 2370 1569 2422; x_wconf 88' lang='lat' dir='ltr'><strong>orationem</strong></span> <span class='ocrx_word' id='word_1_169' title='bbox 1587 2384 1694 2420; x_wconf 90' lang='lat' dir='ltr'><strong>nou</strong></span> <span class='ocrx_word' id='word_1_170' title='bbox 1717 2366 2040 2435; x_wconf 81' lang='lat' dir='ltr'><strong>intelligant.</strong></span> 
     </span>
    </p>
   </div>
   <div class='ocr_carea' id='block_1_25' title="bbox 469 2458 2041 2531">
    <p class='ocr_par' dir='ltr' id='par_1_25' title="bbox 469 2458 2041 2531">
     <span class='ocr_line' id='line_1_25' title="bbox 469 2458 2041 2531; baseline -0.003 -14"><span class='ocrx_word' id='word_1_171' title='bbox 469 2463 658 2531; x_wconf 91' lang='lat' dir='ltr'><strong>Itaque</strong></span> <span class='ocrx_word' id='word_1_172' title='bbox 719 2464 867 2517; x_wconf 88' lang='lat' dir='ltr'><strong>illinc</strong></span> <span class='ocrx_word' id='word_1_173' title='bbox 898 2477 993 2518; x_wconf 88' lang='lat' dir='ltr'><strong>eos</strong></span> <span class='ocrx_word' id='word_1_174' title='bbox 1025 2478 1123 2530; x_wconf 86' lang='lat' dir='ltr'><strong>per</strong></span> <span class='ocrx_word' id='word_1_175' title='bbox 1153 2477 1345 2516; x_wconf 89' lang='lat' dir='ltr'><strong>omnes</strong></span> <span class='ocrx_word' id='word_1_176' title='bbox 1402 2471 1575 2515; x_wconf 87' lang='lat' dir='ltr'><strong>terras</strong></span> <span class='ocrx_word' id='word_1_177' title='bbox 1632 2461 1914 2522; x_wconf 85' lang='lat' dir='ltr'><strong>Dominus,</strong></span> <span class='ocrx_word' id='word_1_178' title='bbox 1949 2458 2041 2527; x_wconf 86' lang='lat' dir='ltr'><strong>qui</strong></span> 
     </span>
    </p>
   </div>
   <div class='ocr_carea' id='block_1_26' title="bbox 470 2552 2045 2623">
    <p class='ocr_par' dir='ltr' id='par_1_26' title="bbox 470 2552 2045 2623">
     <span class='ocr_line' id='line_1_26' title="bbox 470 2552 2045 2623; baseline -0.002 -16"><span class='ocrx_word' id='word_1_179' title='bbox 470 2555 614 2608; x_wconf 85' lang='lat' dir='ltr'><strong>Deus</strong></span> <span class='ocrx_word' id='word_1_180' title='bbox 640 2564 743 2618; x_wconf 89' lang='lat' dir='ltr'><strong>est,</strong></span> <span class='ocrx_word' id='word_1_181' title='bbox 776 2555 1057 2623; x_wconf 78' lang='lat' dir='ltr'><strong>dissipavit</strong></span> <span class='ocrx_word' id='word_1_182' title='bbox 1093 2554 1158 2608; x_wconf 83' lang='lat'><strong>&quot;.</strong></span> <span class='ocrx_word' id='word_1_183' title='bbox 1189 2573 1208 2606; x_wconf 72' lang='grc' dir='ltr'><strong>ι</strong></span> <span class='ocrx_word' id='word_1_184' title='bbox 1247 2556 1311 2608; x_wconf 69' lang='lat' dir='ltr'><strong>lit</strong></span> <span class='ocrx_word' id='word_1_185' title='bbox 1343 2552 1603 2623; x_wconf 82' lang='lat' dir='ltr'><strong>appellari</strong></span> <span class='ocrx_word' id='word_1_186' title='bbox 1634 2560 1921 2621; x_wconf 69' lang='lat' dir='ltr'><strong>cmperunt</strong></span> <span class='ocrx_word' id='word_1_187' title='bbox 1948 2553 2045 2604; x_wconf 88' lang='lat' dir='ltr'><strong>bo-</strong></span> 
     </span>
    </p>
   </div>
   <div class='ocr_carea' id='block_1_27' title="bbox 472 2634 2040 2717">
    <p class='ocr_par' dir='ltr' id='par_1_27' title="bbox 472 2634 2040 2717">
     <span class='ocr_line' id='line_1_27' title="bbox 472 2634 2040 2717; baseline -0.002 -16"><span class='ocrx_word' id='word_1_188' title='bbox 472 2647 650 2702; x_wconf 53' lang='lat' dir='ltr'><strong>ntines</strong></span> <span class='ocrx_word' id='word_1_189' title='bbox 680 2649 749 2701; x_wconf 91' lang='lat' dir='ltr'><strong>ab</strong></span> <span class='ocrx_word' id='word_1_190' title='bbox 783 2663 849 2701; x_wconf 88' lang='lat' dir='ltr'><strong>eo</strong></span> <span class='ocrx_word' id='word_1_191' title='bbox 876 2634 1130 2717; x_wconf 74' lang='lat' dir='ltr'><strong>tempore</strong></span> <span class='ocrx_word' id='word_1_192' title='bbox 1162 2647 1409 2715; x_wconf 81' lang='lat' dir='ltr'><strong>lller0pes</strong></span> <span class='ocrx_word' id='word_1_193' title='bbox 1441 2661 1470 2699; x_wconf 87' lang='lat' dir='ltr'><strong>a</strong></span> <span class='ocrx_word' id='word_1_194' title='bbox 1526 2645 1797 2698; x_wconf 87' lang='lat' dir='ltr'><strong>sermonis</strong></span> <span class='ocrx_word' id='word_1_195' title='bbox 1828 2644 2040 2715; x_wconf 88' lang='lat' dir='ltr'><strong>lingua-</strong></span> 
     </span>
    </p>
   </div>
   <div class='ocr_carea' id='block_1_28' title="bbox 468 2738 2046 2810">
    <p class='ocr_par' dir='ltr' id='par_1_28' title="bbox 468 2738 2046 2810">
     <span class='ocr_line' id='line_1_28' title="bbox 468 2738 2046 2810; baseline -0.003 -16"><span class='ocrx_word' id='word_1_196' title='bbox 468 2756 590 2794; x_wconf 89' lang='lat' dir='ltr'><strong>rum</strong></span> <span class='ocrx_word' id='word_1_197' title='bbox 625 2751 891 2810; x_wconf 71' lang='lat' dir='ltr'><strong>terraeque</strong></span> <span class='ocrx_word' id='word_1_198' title='bbox 921 2740 1215 2794; x_wconf 72' lang='lat' dir='ltr'><strong>divisione.</strong></span> <span class='ocrx_word' id='word_1_199' title='bbox 1244 2739 1506 2793; x_wconf 83' lang='lat' dir='ltr'><strong>Furiosus</strong></span> <span class='ocrx_word' id='word_1_200' title='bbox 1541 2738 1633 2793; x_wconf 88' lang='lat' dir='ltr'><strong>ille</strong></span> <span class='ocrx_word' id='word_1_201' title='bbox 1664 2738 1917 2792; x_wconf 86' lang='lat' dir='ltr'><strong>Julianus</strong></span> <span class='ocrx_word' id='word_1_202' title='bbox 1942 2738 2046 2792; x_wconf 92' lang='lat' dir='ltr'><strong>hoc</strong></span> 
     </span>
    </p>
   </div>
   <div class='ocr_carea' id='block_1_29' title="bbox 468 2833 2044 2909">
    <p class='ocr_par' dir='ltr' id='par_1_29' title="bbox 468 2833 2044 2909">
     <span class='ocr_line' id='line_1_29' title="bbox 468 2833 2044 2909; baseline -0.001 -22"><span class='ocrx_word' id='word_1_203' title='bbox 468 2834 633 2909; x_wconf 83' lang='lat' dir='ltr'><strong>etiam</strong></span> <span class='ocrx_word' id='word_1_204' title='bbox 669 2834 814 2888; x_wconf 90' lang='lat' dir='ltr'><strong>inter</strong></span> <span class='ocrx_word' id='word_1_205' title='bbox 844 2834 948 2887; x_wconf 84' lang='lat' dir='ltr'><strong>alia</strong></span> <span class='ocrx_word' id='word_1_206' title='bbox 982 2834 1224 2905; x_wconf 76' lang='lat' dir='ltr'><strong>scripsit,</strong></span> <span class='ocrx_word' id='word_1_207' title='bbox 1255 2834 1422 2889; x_wconf 80' lang='lat' dir='ltr'><strong>Deum</strong></span> <span class='ocrx_word' id='word_1_208' title='bbox 1462 2833 1899 2902; x_wconf 85' lang='lat' dir='ltr'><strong>eonspicientem</strong></span> <span class='ocrx_word' id='word_1_209' title='bbox 1942 2833 2044 2885; x_wconf 56' lang='lat' dir='ltr'><strong>hoc</strong></span> 
     </span>
    </p>
   </div>
   <div class='ocr_carea' id='block_1_30' title="bbox 470 2923 2043 2994">
    <p class='ocr_par' dir='ltr' id='par_1_30' title="bbox 470 2923 2043 2994">
     <span class='ocr_line' id='line_1_30' title="bbox 470 2923 2043 2994; baseline -0.002 -16"><span class='ocrx_word' id='word_1_210' title='bbox 470 2925 648 2982; x_wconf 89' lang='lat' dir='ltr'><strong>mines</strong></span> <span class='ocrx_word' id='word_1_211' title='bbox 679 2926 733 2980; x_wconf 92' lang='lat' dir='ltr'><strong>in</strong></span> <span class='ocrx_word' id='word_1_212' title='bbox 765 2927 933 2979; x_wconf 90' lang='lat' dir='ltr'><strong>altum</strong></span> <span class='ocrx_word' id='word_1_213' title='bbox 959 2941 1063 2994; x_wconf 89' lang='lat' dir='ltr'><strong>ope</strong></span> <span class='ocrx_word' id='word_1_214' title='bbox 1089 2927 1257 2980; x_wconf 88' lang='lat' dir='ltr'><strong>turris</strong></span> <span class='ocrx_word' id='word_1_215' title='bbox 1287 2925 1556 2986; x_wconf 87' lang='lat' dir='ltr'><strong>sublatos,</strong></span> <span class='ocrx_word' id='word_1_216' title='bbox 1586 2938 1760 2991; x_wconf 85' lang='lat' dir='ltr'><strong>eaque</strong></span> <span class='ocrx_word' id='word_1_217' title='bbox 1785 2923 1853 2976; x_wconf 88' lang='lat' dir='ltr'><strong>de</strong></span> <span class='ocrx_word' id='word_1_218' title='bbox 1879 2937 2043 2976; x_wconf 90' lang='lat' dir='ltr'><strong>causa</strong></span> 
     </span>
    </p>
   </div>
   <div class='ocr_carea' id='block_1_31' title="bbox 467 3014 2041 3087">
    <p class='ocr_par' dir='ltr' id='par_1_31' title="bbox 467 3014 2041 3087">
     <span class='ocr_line' id='line_1_31' title="bbox 467 3014 2041 3087; baseline -0.003 -15"><span class='ocrx_word' id='word_1_219' title='bbox 467 3032 578 3073; x_wconf 88' lang='lat' dir='ltr'><strong>non</strong></span> <span class='ocrx_word' id='word_1_220' title='bbox 636 3018 985 3074; x_wconf 87' lang='lat' dir='ltr'><strong>mediocriter</strong></span> <span class='ocrx_word' id='word_1_221' title='bbox 1023 3017 1421 3087; x_wconf 84' lang='lat' dir='ltr'><strong>perturbatum,</strong></span> <span class='ocrx_word' id='word_1_222' title='bbox 1462 3015 1751 3075; x_wconf 88' lang='lat' dir='ltr'><strong>commoda</strong></span> <span class='ocrx_word' id='word_1_223' title='bbox 1807 3014 2041 3082; x_wconf 88' lang='lat' dir='ltr'><strong>quadam</strong></span> 
     </span>
    </p>
   </div>
   <div class='ocr_carea' id='block_1_32' title="bbox 1712 336 3709 406">
    <p class='ocr_par' dir='ltr' id='par_1_32' title="bbox 1712 336 3709 406">
     <span class='ocr_line' id='line_1_32' title="bbox 1712 336 3709 406; baseline 0.004 -10"><span class='ocrx_word' id='word_1_224' title='bbox 1712 336 2132 398; x_wconf 78' lang='lat' dir='ltr'><strong>MICHAELIS</strong></span> <span class='ocrx_word' id='word_1_225' title='bbox 2173 338 2431 398; x_wconf 73' lang='lat' dir='ltr'><strong>GLYUE</strong></span> <span class='ocrx_word' id='word_1_226' title='bbox 3613 341 3709 406; x_wconf 74' lang='grc'><strong>252</strong></span> 
     </span>
    </p>
   </div>
   <div class='ocr_carea' id='block_1_33' title="bbox 459 446 2044 531">
    <p class='ocr_par' dir='ltr' id='par_1_33' title="bbox 459 446 2030 519">
     <span class='ocr_line' id='line_1_33' title="bbox 459 446 2030 519; baseline -0.002 -17"><span class='ocrx_word' id='word_1_227' title='bbox 459 463 586 503; x_wconf 83' lang='lat' dir='ltr'><strong>arca</strong></span> <span class='ocrx_word' id='word_1_228' title='bbox 652 446 963 502; x_wconf 82' lang='lat' dir='ltr'><strong>narratione</strong></span> <span class='ocrx_word' id='word_1_229' title='bbox 1025 447 1269 502; x_wconf 83' lang='lat' dir='ltr'><strong>cubitum</strong></span> <span class='ocrx_word' id='word_1_230' title='bbox 1310 446 1579 517; x_wconf 85' lang='lat' dir='ltr'><strong>ejusmodi</strong></span> <span class='ocrx_word' id='word_1_231' title='bbox 1635 449 1888 519; x_wconf 81' lang='lat' dir='ltr'><strong>intelligit</strong></span> <span class='ocrx_word' id='word_1_232' title='bbox 1941 449 2030 517; x_wconf 88' lang='lat' dir='ltr'><strong>qui</strong></span> 
     </span>
    </p>
   </div>
   <div class='ocr_carea' id='block_1_34' title="bbox 2150 446 3711 531">
    <p class='ocr_par' dir='ltr' id='par_1_34' title="bbox 2150 447 3711 531">
     <span class='ocr_line' id='line_1_34' title="bbox 2150 447 3711 531; baseline 0.002 -30"><span class='ocrx_word' id='word_1_233' title='bbox 2150 449 2240 520; x_wconf 63' lang='lat'><strong>5,71]</strong></span> <span class='ocrx_word' id='word_1_234' title='bbox 2283 451 2577 524; x_wconf 71' lang='grc' dir='ltr'><strong>πῆχυνὲπὶ</strong></span> <span class='ocrx_word' id='word_1_235' title='bbox 2602 453 2698 521; x_wconf 83' lang='grc' dir='ltr'><strong>τῆς</strong></span> <span class='ocrx_word' id='word_1_236' title='bbox 2726 450 2991 531; x_wconf 64' lang='grc' dir='ltr'><strong>κιϐωτοῦ,</strong></span> <span class='ocrx_word' id='word_1_237' title='bbox 3021 451 3143 524; x_wconf 73' lang='grc' dir='ltr'><strong>ἥτις</strong></span> <span class='ocrx_word' id='word_1_238' title='bbox 3192 452 3424 521; x_wconf 79' lang='grc' dir='ltr'><strong>ὀργυιὰν</strong></span> <span class='ocrx_word' id='word_1_239' title='bbox 3453 447 3711 525; x_wconf 73' lang='grc' dir='ltr'><strong>μεγίστην</strong></span> 
     </span>
    </p>
   </div>
   <div class='ocr_carea' id='block_1_35' title="bbox 2136 543 3708 615">
    <p class='ocr_par' dir='ltr' id='par_1_35' title="bbox 2136 543 3708 615">
     <span class='ocr_line' id='line_1_35' title="bbox 2136 543 3708 615; baseline 0.001 -19"><span class='ocrx_word' id='word_1_240' title='bbox 2136 543 2305 597; x_wconf 76' lang='grc' dir='ltr'><strong>ποιεῖ.</strong></span> <span class='ocrx_word' id='word_1_241' title='bbox 2345 544 2561 611; x_wconf 80' lang='grc' dir='ltr'><strong>Πρῶτοι</strong></span> <span class='ocrx_word' id='word_1_242' title='bbox 2591 544 2699 613; x_wconf 83' lang='grc' dir='ltr'><strong>γὰρ</strong></span> <span class='ocrx_word' id='word_1_243' title='bbox 2742 543 3057 611; x_wconf 81' lang='grc' dir='ltr'><strong>Αἰγύπτιοι,</strong></span> <span class='ocrx_word' id='word_1_244' title='bbox 3090 544 3238 599; x_wconf 85' lang='grc' dir='ltr'><strong>καθά</strong></span> <span class='ocrx_word' id='word_1_245' title='bbox 3262 561 3397 613; x_wconf 84' lang='grc' dir='ltr'><strong>φησι</strong></span> <span class='ocrx_word' id='word_1_246' title='bbox 3423 544 3708 615; x_wconf 73' lang='grc' dir='ltr'><strong>Κύριλλος,</strong></span> 
     </span>
    </p>
   </div>
   <div class='ocr_carea' id='block_1_36' title="bbox 2139 815 3708 889">
    <p class='ocr_par' dir='ltr' id='par_1_36' title="bbox 2139 815 3708 889">
     <span class='ocr_line' id='line_1_36' title="bbox 2139 815 3708 889; baseline 0 -20"><span class='ocrx_word' id='word_1_247' title='bbox 2139 815 2399 884; x_wconf 78' lang='grc' dir='ltr'><strong>Ἕλλησιν</strong></span> <span class='ocrx_word' id='word_1_248' title='bbox 2438 816 2757 887; x_wconf 78' lang='grc' dir='ltr'><strong>ἐτελειώθη,</strong></span> <span class='ocrx_word' id='word_1_249' title='bbox 2793 819 2903 872; x_wconf 81' lang='grc' dir='ltr'><strong>τῶν</strong></span> <span class='ocrx_word' id='word_1_250' title='bbox 2935 820 3163 889; x_wconf 84' lang='grc' dir='ltr'>πρώτων</span> <span class='ocrx_word' id='word_1_251' title='bbox 3199 819 3499 888; x_wconf 83' lang='grc' dir='ltr'>τηρήσεων</span> <span class='ocrx_word' id='word_1_252' title='bbox 3526 821 3582 868; x_wconf 74' lang='grc' dir='ltr'><strong>ὲν</strong></span> <span class='ocrx_word' id='word_1_253' title='bbox 3614 819 3708 869; x_wconf 84' lang='grc' dir='ltr'><strong>Βα-</strong></span> 
     </span>
    </p>
   </div>
   <div class='ocr_carea' id='block_1_37' title="bbox 2139 906 3706 981">
    <p class='ocr_par' dir='ltr' id='par_1_37' title="bbox 2139 906 3706 981">
     <span class='ocr_line' id='line_1_37' title="bbox 2139 906 3706 981; baseline 0.003 -23"><span class='ocrx_word' id='word_1_254' title='bbox 2139 906 2338 961; x_wconf 76' lang='grc' dir='ltr'><strong>ϐυλῶνι</strong></span> <span class='ocrx_word' id='word_1_255' title='bbox 2366 910 2695 979; x_wconf 82' lang='grc' dir='ltr'><strong>γενομένων.</strong></span> <span class='ocrx_word' id='word_1_256' title='bbox 2716 910 2789 965; x_wconf 82' lang='grc' dir='ltr'>Τὸ</span> <span class='ocrx_word' id='word_1_257' title='bbox 2812 912 2869 965; x_wconf 83' lang='grc' dir='ltr'><strong>δὲ</strong></span> <span class='ocrx_word' id='word_1_258' title='bbox 2894 913 3020 981; x_wconf 89' lang='grc' dir='ltr'><strong>περί</strong></span> <span class='ocrx_word' id='word_1_259' title='bbox 3042 911 3167 973; x_wconf 84' lang='grc' dir='ltr'><strong>τοὺς</strong></span> <span class='ocrx_word' id='word_1_260' title='bbox 3190 909 3458 980; x_wconf 74' lang='grc' dir='ltr'><strong>ἀριθμοὺς</strong></span> <span class='ocrx_word' id='word_1_261' title='bbox 3487 912 3593 963; x_wconf 76' lang='grc' dir='ltr'>ἀπὸ</span> <span class='ocrx_word' id='word_1_262' title='bbox 3611 912 3706 963; x_wconf 71' lang='grc' dir='ltr'>τῶν</span> 
     </span>
    </p>
   </div>
   <div class='ocr_carea' id='block_1_38' title="bbox 2137 999 3706 1072">
    <p class='ocr_par' dir='ltr' id='par_1_38' title="bbox 2137 999 3706 1072">
     <span class='ocr_line' id='line_1_38' title="bbox 2137 999 3706 1072; baseline 0.001 -23"><span class='ocrx_word' id='word_1_263' title='bbox 2137 999 2396 1067; x_wconf 80' lang='grc' dir='ltr'>ἐμπόρων</span> <span class='ocrx_word' id='word_1_264' title='bbox 2444 1001 2707 1054; x_wconf 80' lang='grc' dir='ltr'><strong>Φοινίκων</strong></span> <span class='ocrx_word' id='word_1_265' title='bbox 2769 1000 2993 1072; x_wconf 72' lang='grc' dir='ltr'><strong>ἤρξατο.</strong></span> <span class='ocrx_word' id='word_1_266' title='bbox 3046 1002 3156 1056; x_wconf 82' lang='grc' dir='ltr'><strong>Καὶ</strong></span> <span class='ocrx_word' id='word_1_267' title='bbox 3211 1001 3343 1070; x_wconf 71' lang='grc' dir='ltr'><strong>περὶ</strong></span> <span class='ocrx_word' id='word_1_268' title='bbox 3372 1000 3476 1069; x_wconf 81' lang='grc' dir='ltr'><strong>μὲν</strong></span> <span class='ocrx_word' id='word_1_269' title='bbox 3513 999 3706 1053; x_wconf 84' lang='grc' dir='ltr'>τούτων</span> 
     </span>
    </p>
   </div>
   <div class='ocr_carea' id='block_1_39' title="bbox 2137 1108 2333 1152">
    <p class='ocr_par' dir='ltr' id='par_1_39' title="bbox 2137 1108 2333 1152">
     <span class='ocr_line' id='line_1_39' title="bbox 2137 1108 2333 1152; baseline 0.01 -10"><span class='ocrx_word' id='word_1_270' title='bbox 2137 1108 2333 1152; x_wconf 86' lang='grc' dir='ltr'>ουτως.</span> 
     </span>
    </p>
   </div>
   <div class='ocr_carea' id='block_1_40' title="bbox 2209 1180 3703 1252">
    <p class='ocr_par' dir='ltr' id='par_1_40' title="bbox 2209 1180 3703 1252">
     <span class='ocr_line' id='line_1_40' title="bbox 2209 1180 3703 1252; baseline 0 -17"><span class='ocrx_word' id='word_1_271' title='bbox 2209 1181 2365 1235; x_wconf 83' lang='grc' dir='ltr'><strong>Μετὰ</strong></span> <span class='ocrx_word' id='word_1_272' title='bbox 2408 1181 2465 1234; x_wconf 75' lang='grc' dir='ltr'><strong>δὲ</strong></span> <span class='ocrx_word' id='word_1_273' title='bbox 2527 1182 2860 1236; x_wconf 78' lang='grc' dir='ltr'><strong>πεντακόσια</strong></span> <span class='ocrx_word' id='word_1_274' title='bbox 2921 1180 3216 1252; x_wconf 82' lang='grc' dir='ltr'><strong>τριάκοντα</strong></span> <span class='ocrx_word' id='word_1_275' title='bbox 3261 1183 3353 1235; x_wconf 76' lang='grc' dir='ltr'><strong>καὶ</strong></span> <span class='ocrx_word' id='word_1_276' title='bbox 3382 1182 3443 1249; x_wconf 75' lang='grc' dir='ltr'><strong>ἐξ</strong></span> <span class='ocrx_word' id='word_1_277' title='bbox 3472 1181 3569 1252; x_wconf 75' lang='grc' dir='ltr'><strong>ἐτη</strong></span> <span class='ocrx_word' id='word_1_278' title='bbox 3621 1183 3703 1235; x_wconf 77' lang='grc' dir='ltr'><strong>τοῦ</strong></span> 
     </span>
    </p>
   </div>
   <div class='ocr_carea' id='block_1_41' title="bbox 2136 1258 3702 1347">
    <p class='ocr_par' dir='ltr' id='par_1_41' title="bbox 2136 1258 3702 1347">
     <span class='ocr_line' id='line_1_41' title="bbox 2136 1258 3702 1347; baseline -0.001 -22"><span class='ocrx_word' id='word_1_279' title='bbox 2136 1273 2528 1347; x_wconf 84' lang='grc' dir='ltr'><strong>κατακλυσμοῦ</strong></span> <span class='ocrx_word' id='word_1_280' title='bbox 2565 1275 2611 1344; x_wconf 74' lang='grc' dir='ltr'><strong>ἡ·</strong></span> <span class='ocrx_word' id='word_1_281' title='bbox 2650 1273 2743 1327; x_wconf 81' lang='grc' dir='ltr'><strong>τοῦ</strong></span> <span class='ocrx_word' id='word_1_282' title='bbox 2805 1273 3018 1343; x_wconf 82' lang='grc' dir='ltr'><strong>πύργου</strong></span> <span class='ocrx_word' id='word_1_283' title='bbox 3064 1258 3290 1343; x_wconf 58' lang='grc' dir='ltr'><strong>γέγονεν</strong></span> <span class='ocrx_word' id='word_1_284' title='bbox 3345 1273 3702 1342; x_wconf 74' lang='grc' dir='ltr'><strong>οἰκοδόμησις,</strong></span> 
     </span>
    </p>
   </div>
   <div class='ocr_carea' id='block_1_42' title="bbox 2142 1365 3705 1437">
    <p class='ocr_par' dir='ltr' id='par_1_42' title="bbox 2142 1365 3705 1437">
     <span class='ocr_line' id='line_1_42' title="bbox 2142 1365 3705 1437; baseline 0.003 -19"><span class='ocrx_word' id='word_1_285' title='bbox 2142 1366 2692 1435; x_wconf 81' lang='grc' dir='ltr'><strong>ματαιοπονησάντων</strong></span> <span class='ocrx_word' id='word_1_286' title='bbox 2713 1365 2804 1418; x_wconf 71' lang='grc' dir='ltr'><strong>ἐπὶ</strong></span> <span class='ocrx_word' id='word_1_287' title='bbox 2830 1366 3001 1437; x_wconf 80' lang='grc' dir='ltr'><strong>ταύτῃ</strong></span> <span class='ocrx_word' id='word_1_288' title='bbox 3024 1367 3132 1418; x_wconf 86' lang='grc' dir='ltr'><strong>τῶν</strong></span> <span class='ocrx_word' id='word_1_289' title='bbox 3163 1365 3472 1437; x_wconf 80' lang='grc' dir='ltr'>ἀνθρώπων</span> <span class='ocrx_word' id='word_1_290' title='bbox 3497 1367 3705 1422; x_wconf 77' lang='grc' dir='ltr'>έκεῖνων</span> 
     </span>
    </p>
   </div>
   <div class='ocr_carea' id='block_1_43' title="bbox 2138 1454 3707 1528">
    <p class='ocr_par' dir='ltr' id='par_1_43' title="bbox 2138 1454 3707 1528">
     <span class='ocr_line' id='line_1_43' title="bbox 2138 1454 3707 1528; baseline 0 -18"><span class='ocrx_word' id='word_1_291' title='bbox 2138 1460 2198 1511; x_wconf 76' lang='grc' dir='ltr'><strong>ἐν</strong></span> <span class='ocrx_word' id='word_1_292' title='bbox 2239 1458 2381 1511; x_wconf 74' lang='grc' dir='ltr'><strong>ἔτεσι</strong></span> <span class='ocrx_word' id='word_1_293' title='bbox 2405 1460 2839 1528; x_wconf 74' lang='grc' dir='ltr'><strong>τεσσαράκοντα.</strong></span> <span class='ocrx_word' id='word_1_294' title='bbox 2873 1477 2891 1510; x_wconf 76' lang='grc' dir='ltr'><strong>ι</strong></span> <span class='ocrx_word' id='word_1_295' title='bbox 2935 1460 3047 1515; x_wconf 80' lang='grc' dir='ltr'><strong>Καὶ</strong></span> <span class='ocrx_word' id='word_1_296' title='bbox 3071 1454 3217 1522; x_wconf 75' lang='grc' dir='ltr'><strong>εἶπε,</strong></span> <span class='ocrx_word' id='word_1_297' title='bbox 3262 1460 3373 1528; x_wconf 81' lang='grc' dir='ltr'>γάρ</span> <span class='ocrx_word' id='word_1_298' title='bbox 3401 1475 3591 1528; x_wconf 60' lang='grc' dir='ltr'><strong>φησιν,</strong></span> <span class='ocrx_word' id='word_1_299' title='bbox 3626 1460 3707 1512; x_wconf 84' lang='grc' dir='ltr'><strong>ἇν-</strong></span> 
     </span>
    </p>
   </div>
   <div class='ocr_carea' id='block_1_44' title="bbox 2140 1552 3704 1624">
    <p class='ocr_par' dir='ltr' id='par_1_44' title="bbox 2140 1552 3704 1624">
     <span class='ocr_line' id='line_1_44' title="bbox 2140 1552 3704 1624; baseline 0 -19"><span class='ocrx_word' id='word_1_300' title='bbox 2140 1553 2359 1623; x_wconf 81' lang='grc' dir='ltr'>θρωπος</span> <span class='ocrx_word' id='word_1_301' title='bbox 2411 1553 2487 1624; x_wconf 79' lang='grc' dir='ltr'><strong>τῷ</strong></span> <span class='ocrx_word' id='word_1_302' title='bbox 2523 1552 2750 1622; x_wconf 80' lang='grc' dir='ltr'><strong>πλησίον</strong></span> <span class='ocrx_word' id='word_1_303' title='bbox 2778 1553 2965 1619; x_wconf 81' lang='grc' dir='ltr'><strong>αὐτοῦ,</strong></span> <span class='ocrx_word' id='word_1_304' title='bbox 2991 1553 3155 1605; x_wconf 84' lang='grc' dir='ltr'><strong>Δεῦτε</strong></span> <span class='ocrx_word' id='word_1_305' title='bbox 3181 1552 3275 1606; x_wconf 77' lang='grc' dir='ltr'><strong>καὶ</strong></span> <span class='ocrx_word' id='word_1_306' title='bbox 3308 1552 3704 1621; x_wconf 79' lang='grc' dir='ltr'><strong>πλινθεύσωμεν</strong></span> 
     </span>
    </p>
   </div>
   <div class='ocr_carea' id='block_1_45' title="bbox 2141 1645 3702 1716">
    <p class='ocr_par' dir='ltr' id='par_1_45' title="bbox 2141 1645 3702 1716">
     <span class='ocr_line' id='line_1_45' title="bbox 2141 1645 3702 1716; baseline -0.001 -18"><span class='ocrx_word' id='word_1_307' title='bbox 2141 1645 2416 1709; x_wconf 81' lang='grc' dir='ltr'><strong>πλίνθους,</strong></span> <span class='ocrx_word' id='word_1_308' title='bbox 2443 1647 2537 1699; x_wconf 79' lang='grc' dir='ltr'><strong>καὶ</strong></span> <span class='ocrx_word' id='word_1_309' title='bbox 2563 1648 2892 1716; x_wconf 83' lang='grc' dir='ltr'><strong>ύπτήσωμεν</strong></span> <span class='ocrx_word' id='word_1_310' title='bbox 2924 1646 3093 1708; x_wconf 84' lang='grc' dir='ltr'><strong>αὐτὰς</strong></span> <span class='ocrx_word' id='word_1_311' title='bbox 3123 1648 3278 1716; x_wconf 69' lang='grc' dir='ltr'>πυρὶ,</span> <span class='ocrx_word' id='word_1_312' title='bbox 3306 1645 3400 1698; x_wconf 74' lang='grc' dir='ltr'><strong>καὶ</strong></span> <span class='ocrx_word' id='word_1_313' title='bbox 3425 1645 3702 1713; x_wconf 72' lang='grc' dir='ltr'><strong>οἰκοδομή-</strong></span> 
     </span>
    </p>
   </div>
   <div class='ocr_carea' id='block_1_46' title="bbox 2144 1733 3702 1809">
    <p class='ocr_par' dir='ltr' id='par_1_46' title="bbox 2144 1733 3702 1809">
     <span class='ocr_line' id='line_1_46' title="bbox 2144 1733 3702 1809; baseline -0.003 -18"><span class='ocrx_word' id='word_1_314' title='bbox 2144 1755 2328 1809; x_wconf 86' lang='grc' dir='ltr'><strong>σωμεν</strong></span> <span class='ocrx_word' id='word_1_315' title='bbox 2361 1741 2573 1801; x_wconf 79' lang='grc' dir='ltr'><strong>ἑαυτοῖς</strong></span> <span class='ocrx_word' id='word_1_316' title='bbox 2615 1741 2770 1792; x_wconf 80' lang='grc' dir='ltr'><strong>πόλιν</strong></span> <span class='ocrx_word' id='word_1_317' title='bbox 2800 1738 2895 1791; x_wconf 74' lang='grc' dir='ltr'><strong>καὶ</strong></span> <span class='ocrx_word' id='word_1_318' title='bbox 2925 1738 3156 1808; x_wconf 82' lang='grc' dir='ltr'>πύργον,</span> <span class='ocrx_word' id='word_1_319' title='bbox 3184 1733 3242 1791; x_wconf 77' lang='grc' dir='ltr'><strong>οὗ</strong></span> <span class='ocrx_word' id='word_1_320' title='bbox 3266 1735 3419 1790; x_wconf 78' lang='grc' dir='ltr'><strong>ἔσται</strong></span> <span class='ocrx_word' id='word_1_321' title='bbox 3445 1737 3482 1806; x_wconf 76' lang='grc' dir='ltr'><strong>ἡ</strong></span> <span class='ocrx_word' id='word_1_322' title='bbox 3511 1736 3702 1806; x_wconf 61' lang='grc' dir='ltr'><strong>κεφαλὴ</strong></span> 
     </span>
    </p>
   </div>
   <div class='ocr_carea' id='block_1_47' title="bbox 2142 1826 3700 1900">
    <p class='ocr_par' dir='ltr' id='par_1_47' title="bbox 2142 1826 3700 1900">
     <span class='ocr_line' id='line_1_47' title="bbox 2142 1826 3700 1900; baseline -0.001 -19"><span class='ocrx_word' id='word_1_323' title='bbox 2142 1830 2246 1892; x_wconf 72' lang='grc' dir='ltr'><strong>ἕως</strong></span> <span class='ocrx_word' id='word_1_324' title='bbox 2271 1830 2367 1882; x_wconf 89' lang='grc' dir='ltr'><strong>τοῦ</strong></span> <span class='ocrx_word' id='word_1_325' title='bbox 2398 1831 2651 1900; x_wconf 86' lang='grc' dir='ltr'><strong>ούρανοῦ.</strong></span> <span class='ocrx_word' id='word_1_326' title='bbox 2688 1849 2707 1882; x_wconf 84' lang='grc'><strong>›</strong></span> <span class='ocrx_word' id='word_1_327' title='bbox 2734 1830 2832 1884; x_wconf 71' lang='grc' dir='ltr'><strong>Διὰ</strong></span> <span class='ocrx_word' id='word_1_328' title='bbox 2863 1829 2995 1884; x_wconf 78' lang='grc' dir='ltr'>τίδὲ</span> <span class='ocrx_word' id='word_1_329' title='bbox 3026 1829 3122 1883; x_wconf 83' lang='grc' dir='ltr'><strong>καὶ</strong></span> <span class='ocrx_word' id='word_1_330' title='bbox 3147 1830 3295 1890; x_wconf 85' lang='grc' dir='ltr'><strong>τίνος</strong></span> <span class='ocrx_word' id='word_1_331' title='bbox 3328 1827 3523 1881; x_wconf 70' lang='grc' dir='ltr'><strong>ἕνεκεν</strong></span> <span class='ocrx_word' id='word_1_332' title='bbox 3539 1826 3700 1891; x_wconf 62' lang='lat' dir='ltr'><strong>toi-co;</strong></span> 
     </span>
    </p>
   </div>
   <div class='ocr_carea' id='block_1_48' title="bbox 2145 1915 3703 1991">
    <p class='ocr_par' dir='ltr' id='par_1_48' title="bbox 2145 1915 3703 1991">
     <span class='ocr_line' id='line_1_48' title="bbox 2145 1915 3703 1991; baseline -0.004 -19"><span class='ocrx_word' id='word_1_333' title='bbox 2145 1920 2264 1974; x_wconf 76' lang='grc' dir='ltr'><strong>Ἵνα</strong></span> <span class='ocrx_word' id='word_1_334' title='bbox 2302 1920 2689 1990; x_wconf 74' lang='grc' dir='ltr'><strong>κατακλυσμὸς</strong></span> <span class='ocrx_word' id='word_1_335' title='bbox 2749 1922 2798 1972; x_wconf 74' lang='grc' dir='ltr'><strong>ει</strong></span> <span class='ocrx_word' id='word_1_336' title='bbox 2856 1922 3081 1991; x_wconf 83' lang='grc' dir='ltr'><strong>γένηται</strong></span> <span class='ocrx_word' id='word_1_337' title='bbox 3143 1918 3418 1986; x_wconf 86' lang='grc' dir='ltr'><strong>δεύτερος,</strong></span> <span class='ocrx_word' id='word_1_338' title='bbox 3481 1915 3572 1968; x_wconf 75' lang='grc' dir='ltr'><strong>ἐπὶ</strong></span> <span class='ocrx_word' id='word_1_339' title='bbox 3618 1915 3703 1981; x_wconf 79' lang='grc' dir='ltr'><strong>τὴν</strong></span> 
     </span>
    </p>
   </div>
   <div class='ocr_carea' id='block_1_49' title="bbox 2143 2005 3700 2082">
    <p class='ocr_par' dir='ltr' id='par_1_49' title="bbox 2143 2005 3700 2082">
     <span class='ocr_line' id='line_1_49' title="bbox 2143 2005 3700 2082; baseline -0.005 -17"><span class='ocrx_word' id='word_1_340' title='bbox 2143 2012 2307 2066; x_wconf 76' lang='grc' dir='ltr'><strong>αὑτοῦ</strong></span> <span class='ocrx_word' id='word_1_341' title='bbox 2336 2012 2585 2082; x_wconf 78' lang='grc' dir='ltr'><strong>κορυφὴν</strong></span> <span class='ocrx_word' id='word_1_342' title='bbox 2614 2013 2985 2081; x_wconf 80' lang='grc' dir='ltr'><strong>ἀναδράμωσι,</strong></span> <span class='ocrx_word' id='word_1_343' title='bbox 3013 2009 3311 2063; x_wconf 76' lang='grc' dir='ltr'><strong>κάντεῦθεν</strong></span> <span class='ocrx_word' id='word_1_344' title='bbox 3334 2007 3424 2060; x_wconf 76' lang='grc' dir='ltr'><strong>τὸν</strong></span> <span class='ocrx_word' id='word_1_345' title='bbox 3447 2005 3509 2071; x_wconf 79' lang='grc' dir='ltr'>ἐξ</span> <span class='ocrx_word' id='word_1_346' title='bbox 3533 2006 3700 2069; x_wconf 61' lang='grc' dir='ltr'><strong>ῦδατκ</strong></span> 
     </span>
    </p>
   </div>
   <div class='ocr_carea' id='block_1_50' title="bbox 2142 2096 3701 2173">
    <p class='ocr_par' dir='ltr' id='par_1_50' title="bbox 2142 2096 3701 2173">
     <span class='ocr_line' id='line_1_50' title="bbox 2142 2096 3701 2173; baseline -0.006 -18"><span class='ocrx_word' id='word_1_347' title='bbox 2142 2102 2364 2173; x_wconf 77' lang='grc' dir='ltr'><strong>ὄλεθρον</strong></span> <span class='ocrx_word' id='word_1_348' title='bbox 2393 2102 2721 2171; x_wconf 79' lang='grc' dir='ltr'><strong>φεύξωνται.</strong></span> <span class='ocrx_word' id='word_1_349' title='bbox 2756 2100 2941 2170; x_wconf 75' lang='grc' dir='ltr'><strong>Ταύτῃ</strong></span> <span class='ocrx_word' id='word_1_350' title='bbox 2968 2116 3050 2152; x_wconf 84' lang='grc' dir='ltr'><strong>τοι</strong></span> <span class='ocrx_word' id='word_1_351' title='bbox 3080 2099 3176 2151; x_wconf 82' lang='grc' dir='ltr'><strong>καὶ</strong></span> <span class='ocrx_word' id='word_1_352' title='bbox 3198 2099 3297 2167; x_wconf 81' lang='grc' dir='ltr'><strong>τὴν</strong></span> <span class='ocrx_word' id='word_1_353' title='bbox 3324 2096 3701 2167; x_wconf 74' lang='grc' dir='ltr'><strong>ματαιοπονίαν</strong></span> 
     </span>
    </p>
   </div>
   <div class='ocr_carea' id='block_1_51' title="bbox 2142 2188 3699 2259">
    <p class='ocr_par' dir='ltr' id='par_1_51' title="bbox 2142 2188 3699 2259">
     <span class='ocr_line' id='line_1_51' title="bbox 2142 2188 3699 2259; baseline -0.004 -12"><span class='ocrx_word' id='word_1_354' title='bbox 2142 2194 2325 2248; x_wconf 81' lang='grc' dir='ltr'><strong>αὐτῶν</strong></span> <span class='ocrx_word' id='word_1_355' title='bbox 2375 2195 2649 2246; x_wconf 74' lang='grc' dir='ltr'><strong>ἐκώλυσεν</strong></span> <span class='ocrx_word' id='word_1_356' title='bbox 2680 2196 2711 2246; x_wconf 84' lang='lat'><strong>6</strong></span> <span class='ocrx_word' id='word_1_357' title='bbox 2761 2192 2896 2253; x_wconf 77' lang='grc' dir='ltr'><strong>Θεὸς</strong></span> <span class='ocrx_word' id='word_1_358' title='bbox 2957 2190 3045 2244; x_wconf 85' lang='grc' dir='ltr'><strong>διὰ</strong></span> <span class='ocrx_word' id='word_1_359' title='bbox 3082 2190 3182 2258; x_wconf 81' lang='grc' dir='ltr'><strong>τῆς</strong></span> <span class='ocrx_word' id='word_1_360' title='bbox 3242 2190 3561 2259; x_wconf 83' lang='grc' dir='ltr'>συγχύσεως</span> <span class='ocrx_word' id='word_1_361' title='bbox 3605 2188 3699 2240; x_wconf 83' lang='grc' dir='ltr'>τῶν</span> 
     </span>
    </p>
   </div>
   <div class='ocr_carea' id='block_1_52' title="bbox 2142 2280 3697 2355">
    <p class='ocr_par' dir='ltr' id='par_1_52' title="bbox 2142 2280 3697 2355">
     <span class='ocr_line' id='line_1_52' title="bbox 2142 2280 3697 2355; baseline -0.004 -18"><span class='ocrx_word' id='word_1_362' title='bbox 2142 2285 2424 2355; x_wconf 86' lang='grc' dir='ltr'>γλωσσῶν.</span> <span class='ocrx_word' id='word_1_363' title='bbox 2473 2285 2579 2338; x_wconf 85' lang='lat' dir='ltr'><strong>Kal</strong></span> <span class='ocrx_word' id='word_1_364' title='bbox 2644 2284 2808 2340; x_wconf 70' lang='grc' dir='ltr'><strong>ἄκουε</strong></span> <span class='ocrx_word' id='word_1_365' title='bbox 2837 2284 2935 2353; x_wconf 71' lang='grc' dir='ltr'>τῆς</span> <span class='ocrx_word' id='word_1_366' title='bbox 2986 2283 3209 2351; x_wconf 78' lang='grc' dir='ltr'><strong>Γραφῆς</strong></span> <span class='ocrx_word' id='word_1_367' title='bbox 3237 2280 3381 2334; x_wconf 81' lang='grc' dir='ltr'>οὕτω</span> <span class='ocrx_word' id='word_1_368' title='bbox 3409 2281 3663 2347; x_wconf 78' lang='grc' dir='ltr'><strong>λεγούσης</strong></span> <span class='ocrx_word' id='word_1_369' title='bbox 3684 2295 3697 2309; x_wconf 74' lang='grc' dir='ltr'><strong>ο</strong></span> 
     </span>
    </p>
   </div>
   <div class='ocr_carea' id='block_1_53' title="bbox 2150 2369 3699 2448">
    <p class='ocr_par' dir='ltr' id='par_1_53' title="bbox 2150 2369 3699 2448">
     <span class='ocr_line' id='line_1_53' title="bbox 2150 2369 3699 2448; baseline -0.005 -17"><span class='ocrx_word' id='word_1_370' title='bbox 2150 2397 2169 2431; x_wconf 79' lang='grc' dir='ltr'><strong>ι</strong></span> <span class='ocrx_word' id='word_1_371' title='bbox 2215 2379 2322 2433; x_wconf 88' lang='lat' dir='ltr'><strong>Kal</strong></span> <span class='ocrx_word' id='word_1_372' title='bbox 2379 2375 2502 2432; x_wconf 76' lang='grc' dir='ltr'><strong>εἷπε</strong></span> <span class='ocrx_word' id='word_1_373' title='bbox 2549 2378 2787 2448; x_wconf 68' lang='grc' dir='ltr'><strong>Κύριος,</strong></span> <span class='ocrx_word' id='word_1_374' title='bbox 2827 2397 2846 2428; x_wconf 71' lang='grc' dir='ltr'><strong>ι</strong></span> <span class='ocrx_word' id='word_1_375' title='bbox 2884 2376 3018 2431; x_wconf 79' lang='grc' dir='ltr'><strong>Ἰδοὺ</strong></span> <span class='ocrx_word' id='word_1_376' title='bbox 3047 2375 3199 2443; x_wconf 83' lang='grc' dir='ltr'><strong>γένος</strong></span> <span class='ocrx_word' id='word_1_377' title='bbox 3231 2373 3290 2425; x_wconf 79' lang='grc' dir='ltr'><strong>ἓν</strong></span> <span class='ocrx_word' id='word_1_378' title='bbox 3340 2373 3434 2425; x_wconf 78' lang='grc' dir='ltr'><strong>καὶ</strong></span> <span class='ocrx_word' id='word_1_379' title='bbox 3460 2372 3625 2442; x_wconf 78' lang='grc' dir='ltr'>χεῖλος</span> <span class='ocrx_word' id='word_1_380' title='bbox 3651 2369 3699 2424; x_wconf 77' lang='grc' dir='ltr'><strong>ιν</strong></span> 
     </span>
    </p>
   </div>
   <div class='ocr_carea' id='block_1_54' title="bbox 2118 2464 3699 2536">
    <p class='ocr_par' dir='ltr' id='par_1_54' title="bbox 2118 2464 3699 2536">
     <span class='ocr_line' id='line_1_54' title="bbox 2118 2464 3699 2536; baseline -0.006 -11"><span class='ocrx_word' id='word_1_381' title='bbox 2118 2472 2388 2525; x_wconf 57' lang='grc' dir='ltr'><strong>οπάντων.</strong></span> <span class='ocrx_word' id='word_1_382' title='bbox 2421 2470 2585 2523; x_wconf 82' lang='grc' dir='ltr'><strong>Δεῦτε</strong></span> <span class='ocrx_word' id='word_1_383' title='bbox 2619 2470 2712 2523; x_wconf 73' lang='grc' dir='ltr'><strong>καὶ</strong></span> <span class='ocrx_word' id='word_1_384' title='bbox 2749 2467 3088 2529; x_wconf 77' lang='grc' dir='ltr'><strong>καταϐάντες</strong></span> <span class='ocrx_word' id='word_1_385' title='bbox 3138 2466 3465 2536; x_wconf 84' lang='grc' dir='ltr'><strong>συγχέωμεν</strong></span> <span class='ocrx_word' id='word_1_386' title='bbox 3492 2464 3699 2534; x_wconf 68' lang='grc' dir='ltr'><strong>ὲκεῖτὴν</strong></span> 
     </span>
    </p>
   </div>
   <div class='ocr_carea' id='block_1_55' title="bbox 2145 2556 3699 2631">
    <p class='ocr_par' dir='ltr' id='par_1_55' title="bbox 2145 2556 3699 2631">
     <span class='ocr_line' id='line_1_55' title="bbox 2145 2556 3699 2631; baseline -0.005 -17"><span class='ocrx_word' id='word_1_387' title='bbox 2145 2562 2422 2631; x_wconf 85' lang='grc' dir='ltr'><strong>γλῶσσαν,</strong></span> <span class='ocrx_word' id='word_1_388' title='bbox 2462 2562 2549 2614; x_wconf 86' lang='grc' dir='ltr'><strong>ῐνα</strong></span> <span class='ocrx_word' id='word_1_389' title='bbox 2588 2560 2663 2629; x_wconf 86' lang='grc' dir='ltr'><strong>μὴ</strong></span> <span class='ocrx_word' id='word_1_390' title='bbox 2696 2558 3001 2612; x_wconf 78' lang='grc' dir='ltr'><strong>ἀκούσωσιν</strong></span> <span class='ocrx_word' id='word_1_391' title='bbox 3024 2558 3259 2619; x_wconf 68' lang='grc' dir='ltr'><strong>ἕκαστος</strong></span> <span class='ocrx_word' id='word_1_392' title='bbox 3287 2557 3389 2625; x_wconf 86' lang='grc' dir='ltr'><strong>τῆς</strong></span> <span class='ocrx_word' id='word_1_393' title='bbox 3415 2556 3598 2624; x_wconf 81' lang='grc' dir='ltr'>φωνῆς</span> <span class='ocrx_word' id='word_1_394' title='bbox 3620 2556 3699 2607; x_wconf 83' lang='grc' dir='ltr'><strong>τοῦ</strong></span> 
     </span>
    </p>
   </div>
   <div class='ocr_carea' id='block_1_56' title="bbox 2147 2649 3701 2724">
    <p class='ocr_par' dir='ltr' id='par_1_56' title="bbox 2147 2649 3701 2724">
     <span class='ocr_line' id='line_1_56' title="bbox 2147 2649 3701 2724; baseline -0.006 -15"><span class='ocrx_word' id='word_1_395' title='bbox 2147 2654 2399 2724; x_wconf 78' lang='grc' dir='ltr'><strong>πλησίον.</strong></span> <span class='ocrx_word' id='word_1_396' title='bbox 2454 2654 2567 2707; x_wconf 82' lang='grc' dir='ltr'><strong>Καὶ</strong></span> <span class='ocrx_word' id='word_1_397' title='bbox 2638 2653 2948 2722; x_wconf 83' lang='grc' dir='ltr'><strong>διέσπειρεν</strong></span> <span class='ocrx_word' id='word_1_398' title='bbox 3018 2652 3219 2715; x_wconf 74' lang='grc' dir='ltr'>αὐτοὺς</span> <span class='ocrx_word' id='word_1_399' title='bbox 3259 2649 3466 2721; x_wconf 82' lang='grc' dir='ltr'><strong>Κύριος</strong></span> <span class='ocrx_word' id='word_1_400' title='bbox 3516 2650 3544 2701; x_wconf 99' lang='lat'><strong>6</strong></span> <span class='ocrx_word' id='word_1_401' title='bbox 3588 2649 3701 2710; x_wconf 72' lang='grc' dir='ltr'><strong>Θεὸς</strong></span> 
     </span>
    </p>
   </div>
   <div class='ocr_carea' id='block_1_57' title="bbox 2146 2733 3698 2815">
    <p class='ocr_par' dir='ltr' id='par_1_57' title="bbox 2146 2733 3698 2815">
     <span class='ocr_line' id='line_1_57' title="bbox 2146 2733 3698 2815; baseline -0.005 -15"><span class='ocrx_word' id='word_1_402' title='bbox 2146 2746 2356 2801; x_wconf 66' lang='grc' dir='ltr'><strong>ἐκεῖθεν</strong></span> <span class='ocrx_word' id='word_1_403' title='bbox 2383 2733 2478 2799; x_wconf 70' lang='grc' dir='ltr'>ἐπὶ</span> <span class='ocrx_word' id='word_1_404' title='bbox 2522 2746 2816 2815; x_wconf 84' lang='grc' dir='ltr'>πρόσωπον</span> <span class='ocrx_word' id='word_1_405' title='bbox 2861 2744 3037 2812; x_wconf 81' lang='grc' dir='ltr'><strong>πάσης</strong></span> <span class='ocrx_word' id='word_1_406' title='bbox 3056 2745 3156 2812; x_wconf 88' lang='grc' dir='ltr'><strong>τῆς</strong></span> <span class='ocrx_word' id='word_1_407' title='bbox 3190 2742 3316 2812; x_wconf 80' lang='grc' dir='ltr'>γῆς.</span> <span class='ocrx_word' id='word_1_408' title='bbox 3359 2760 3379 2794; x_wconf 75' lang='grc' dir='ltr'><strong>ι</strong></span> <span class='ocrx_word' id='word_1_409' title='bbox 3405 2740 3698 2814; x_wconf 72' lang='grc' dir='ltr'><strong>Τηνικαῦτα</strong></span> 
     </span>
    </p>
   </div>
   <div class='ocr_carea' id='block_1_58' title="bbox 2148 2833 3702 2907">
    <p class='ocr_par' dir='ltr' id='par_1_58' title="bbox 2148 2833 3702 2907">
     <span class='ocr_line' id='line_1_58' title="bbox 2148 2833 3702 2907; baseline -0.005 -14"><span class='ocrx_word' id='word_1_410' title='bbox 2148 2841 2244 2893; x_wconf 78' lang='grc' dir='ltr'><strong>καὶ</strong></span> <span class='ocrx_word' id='word_1_411' title='bbox 2272 2839 2530 2907; x_wconf 81' lang='grc' dir='ltr'><strong>Μέροπες</strong></span> <span class='ocrx_word' id='word_1_412' title='bbox 2568 2835 2865 2890; x_wconf 85' lang='grc' dir='ltr'><strong>καλοῦνται</strong></span> <span class='ocrx_word' id='word_1_413' title='bbox 2904 2836 3011 2889; x_wconf 79' lang='grc' dir='ltr'>ἀπὸ</span> <span class='ocrx_word' id='word_1_414' title='bbox 3047 2834 3140 2889; x_wconf 85' lang='grc' dir='ltr'><strong>τοῦ</strong></span> <span class='ocrx_word' id='word_1_415' title='bbox 3170 2833 3444 2905; x_wconf 83' lang='grc' dir='ltr'><strong>μερισμοῦ</strong></span> <span class='ocrx_word' id='word_1_416' title='bbox 3480 2836 3572 2903; x_wconf 80' lang='grc' dir='ltr'><strong>τῆς</strong></span> <span class='ocrx_word' id='word_1_417' title='bbox 3609 2850 3702 2901; x_wconf 80' lang='grc' dir='ltr'><strong>φω-</strong></span> 
     </span>
    </p>
   </div>
   <div class='ocr_carea' id='block_1_59' title="bbox 2146 2926 3701 3001">
    <p class='ocr_par' dir='ltr' id='par_1_59' title="bbox 2146 2926 3701 3001">
     <span class='ocr_line' id='line_1_59' title="bbox 2146 2926 3701 3001; baseline -0.007 -14"><span class='ocrx_word' id='word_1_418' title='bbox 2146 2932 2246 3001; x_wconf 83' lang='grc' dir='ltr'><strong>νῆς</strong></span> <span class='ocrx_word' id='word_1_419' title='bbox 2278 2929 2496 3000; x_wconf 78' lang='grc' dir='ltr'><strong>καὶτῆς</strong></span> <span class='ocrx_word' id='word_1_420' title='bbox 2529 2929 2654 2998; x_wconf 80' lang='grc' dir='ltr'>γῆς.</span> <span class='ocrx_word' id='word_1_421' title='bbox 2702 2926 2762 2983; x_wconf 88' lang='grc' dir='ltr'>Ὀ</span> <span class='ocrx_word' id='word_1_422' title='bbox 2811 2929 2869 2980; x_wconf 70' lang='grc' dir='ltr'><strong>δὲ</strong></span> <span class='ocrx_word' id='word_1_423' title='bbox 2928 2928 3235 2999; x_wconf 83' lang='grc' dir='ltr'>παράφρων</span> <span class='ocrx_word' id='word_1_424' title='bbox 3298 2927 3598 2991; x_wconf 74' lang='grc' dir='ltr'><strong>Ἰουλιανὸς·</strong></span> <span class='ocrx_word' id='word_1_425' title='bbox 3624 2926 3701 2977; x_wconf 81' lang='grc' dir='ltr'><strong>καὶ</strong></span> 
     </span>
    </p>
   </div>
   <div class='ocr_carea' id='block_1_60' title="bbox 2147 3019 3701 3093">
    <p class='ocr_par' dir='ltr' id='par_1_60' title="bbox 2147 3019 3701 3093">
     <span class='ocr_line' id='line_1_60' title="bbox 2147 3019 3701 3093; baseline -0.006 -14"><span class='ocrx_word' id='word_1_426' title='bbox 2147 3026 2305 3078; x_wconf 81' lang='grc' dir='ltr'>τοῦτο</span> <span class='ocrx_word' id='word_1_427' title='bbox 2340 3023 2478 3093; x_wconf 73' lang='grc' dir='ltr'>πρὸς</span> <span class='ocrx_word' id='word_1_428' title='bbox 2525 3026 2640 3086; x_wconf 89' lang='grc' dir='ltr'><strong>τοῖς</strong></span> <span class='ocrx_word' id='word_1_429' title='bbox 2666 3022 2848 3085; x_wconf 81' lang='grc' dir='ltr'><strong>ἄλλοις</strong></span> <span class='ocrx_word' id='word_1_430' title='bbox 2897 3021 3107 3091; x_wconf 78' lang='grc' dir='ltr'><strong>ἔλεγεν,</strong></span> <span class='ocrx_word' id='word_1_431' title='bbox 3169 3023 3252 3074; x_wconf 79' lang='grc' dir='ltr'><strong>ὅτι</strong></span> <span class='ocrx_word' id='word_1_432' title='bbox 3281 3019 3510 3092; x_wconf 72' lang='grc' dir='ltr'><strong>θεωρῶν</strong></span> <span class='ocrx_word' id='word_1_433' title='bbox 3533 3020 3701 3080; x_wconf 80' lang='grc' dir='ltr'>αὐτοὺς</span> 
     </span>
    </p>
   </div>
   <div class='ocr_carea' id='block_1_61' title="bbox 469 3108 2044 3193">
    <p class='ocr_par' dir='ltr' id='par_1_61' title="bbox 469 3108 2036 3181">
     <span class='ocr_line' id='line_1_61' title="bbox 469 3108 2036 3181; baseline -0.004 -15"><span class='ocrx_word' id='word_1_434' title='bbox 469 3111 680 3167; x_wconf 83' lang='lat' dir='ltr'><strong>ratione</strong></span> <span class='ocrx_word' id='word_1_435' title='bbox 715 3128 778 3166; x_wconf 92' lang='lat' dir='ltr'><strong>ac</strong></span> <span class='ocrx_word' id='word_1_436' title='bbox 811 3112 916 3178; x_wconf 86' lang='lat' dir='ltr'><strong>via,</strong></span> <span class='ocrx_word' id='word_1_437' title='bbox 951 3111 1150 3181; x_wconf 75' lang='lat' dir='ltr'><strong>linguis</strong></span> <span class='ocrx_word' id='word_1_438' title='bbox 1182 3111 1326 3165; x_wconf 89' lang='lat' dir='ltr'><strong>inter</strong></span> <span class='ocrx_word' id='word_1_439' title='bbox 1349 3124 1407 3165; x_wconf 88' lang='lat' dir='ltr'><strong>se</strong></span> <span class='ocrx_word' id='word_1_440' title='bbox 1431 3108 1682 3165; x_wconf 85' lang='lat' dir='ltr'><strong>confusis</strong></span> <span class='ocrx_word' id='word_1_441' title='bbox 1719 3108 2036 3163; x_wconf 82' lang='lat' dir='ltr'><strong>ulteriorem</strong></span> 
     </span>
    </p>
   </div>
   <div class='ocr_carea' id='block_1_62' title="bbox 2150 3108 3702 3193">
    <p class='ocr_par' dir='ltr' id='par_1_62' title="bbox 2150 3112 3702 3187">
     <span class='ocr_line' id='line_1_62' title="bbox 2150 3112 3702 3187; baseline -0.006 -16"><span class='ocrx_word' id='word_1_442' title='bbox 2150 3117 2481 3187; x_wconf 73' lang='grc' dir='ltr'><strong>ύψουμένους</strong></span> <span class='ocrx_word' id='word_1_443' title='bbox 2538 3116 2627 3168; x_wconf 82' lang='grc' dir='ltr'><strong>διὰ</strong></span> <span class='ocrx_word' id='word_1_444' title='bbox 2675 3113 2771 3167; x_wconf 90' lang='grc' dir='ltr'><strong>τοῦ</strong></span> <span class='ocrx_word' id='word_1_445' title='bbox 2830 3112 3066 3184; x_wconf 78' lang='grc' dir='ltr'>πύργου,</span> <span class='ocrx_word' id='word_1_446' title='bbox 3109 3118 3205 3169; x_wconf 76' lang='grc' dir='ltr'><strong>καὶ</strong></span> <span class='ocrx_word' id='word_1_447' title='bbox 3264 3116 3326 3169; x_wconf 86' lang='grc' dir='ltr'>ού</span> <span class='ocrx_word' id='word_1_448' title='bbox 3387 3113 3599 3184; x_wconf 81' lang='grc' dir='ltr'><strong>μικρῶς</strong></span> <span class='ocrx_word' id='word_1_449' title='bbox 3625 3113 3702 3164; x_wconf 77' lang='grc' dir='ltr'><strong>ἐπὶ</strong></span> 
     </span>
    </p>
   </div>
   <div class='ocr_carea' id='block_1_63' title="bbox 418 3200 1160 3283">
    <p class='ocr_par' dir='ltr' id='par_1_63' title="bbox 418 3200 1160 3283">
     <span class='ocr_line' id='line_1_63' title="bbox 418 3200 1160 3283; baseline -0.005 -25"><span class='ocrx_word' id='word_1_450' title='bbox 418 3278 427 3283; x_wconf 23' lang='grc'><strong>1</strong></span> <span class='ocrx_word' id='word_1_451' title='bbox 466 3217 752 3258; x_wconf 85' lang='lat' dir='ltr'><strong>ascensum</strong></span> <span class='ocrx_word' id='word_1_452' title='bbox 788 3200 1160 3274; x_wconf 83' lang='lat' dir='ltr'><strong>prohibuisse.</strong></span> 
     </span>
    </p>
   </div>
   <div class='ocr_carea' id='block_1_64' title="bbox 532 3389 2071 3467">
    <p class='ocr_par' dir='ltr' id='par_1_64' title="bbox 532 3389 2071 3467">
     <span class='ocr_line' id='line_1_64' title="bbox 532 3389 2071 3467; baseline -0.004 -16"><span class='ocrx_word' id='word_1_453' title='bbox 532 3393 804 3451; x_wconf 68' lang='lat' dir='ltr'><strong>Caeterum</strong></span> <span class='ocrx_word' id='word_1_454' title='bbox 851 3393 1017 3448; x_wconf 86' lang='lat' dir='ltr'><strong>turris</strong></span> <span class='ocrx_word' id='word_1_455' title='bbox 1046 3394 1160 3462; x_wconf 89' lang='lat' dir='ltr'><strong>ipsa</strong></span> <span class='ocrx_word' id='word_1_456' title='bbox 1207 3390 1275 3446; x_wconf 71' lang='lat'><strong>72</strong></span> <span class='ocrx_word' id='word_1_457' title='bbox 1316 3390 1700 3460; x_wconf 54' lang='lat' dir='ltr'><strong>pra-factorum</strong></span> <span class='ocrx_word' id='word_1_458' title='bbox 1741 3404 1907 3459; x_wconf 89' lang='lat' dir='ltr'><strong>opera</strong></span> <span class='ocrx_word' id='word_1_459' title='bbox 1939 3389 2071 3467; x_wconf 68' lang='lat' dir='ltr'><strong>fuit</strong></span> 
     </span>
    </p>
   </div>
   <div class='ocr_carea' id='block_1_65' title="bbox 466 3482 2042 3555">
    <p class='ocr_par' dir='ltr' id='par_1_65' title="bbox 466 3482 2042 3555">
     <span class='ocr_line' id='line_1_65' title="bbox 466 3482 2042 3555; baseline -0.014 -10"><span class='ocrx_word' id='word_1_460' title='bbox 466 3499 765 3548; x_wconf 80' lang='lat' dir='ltr'><strong>exstructa,</strong></span> <span class='ocrx_word' id='word_1_461' title='bbox 799 3500 1032 3555; x_wconf 86' lang='lat' dir='ltr'><strong>quorum</strong></span> <span class='ocrx_word' id='word_1_462' title='bbox 1069 3487 1134 3538; x_wconf 88' lang='lat' dir='ltr'><strong>ad</strong></span> <span class='ocrx_word' id='word_1_463' title='bbox 1164 3499 1453 3538; x_wconf 89' lang='lat' dir='ltr'><strong>numerum</strong></span> <span class='ocrx_word' id='word_1_464' title='bbox 1482 3484 1676 3553; x_wconf 69' lang='lat' dir='ltr'><strong>linguae</strong></span> <span class='ocrx_word' id='word_1_465' title='bbox 1702 3497 1919 3553; x_wconf 82' lang='lat' dir='ltr'><strong>quoque</strong></span> <span class='ocrx_word' id='word_1_466' title='bbox 1953 3482 2042 3537; x_wconf 66' lang='lat' dir='ltr'><strong>di-</strong></span> 
     </span>
    </p>
   </div>
   <div class='ocr_carea' id='block_1_66' title="bbox 465 3575 2042 3646">
    <p class='ocr_par' dir='ltr' id='par_1_66' title="bbox 465 3575 2042 3646">
     <span class='ocr_line' id='line_1_66' title="bbox 465 3575 2042 3646; baseline -0.004 -11"><span class='ocrx_word' id='word_1_467' title='bbox 465 3582 598 3636; x_wconf 65' lang='lat' dir='ltr'><strong>visa:</strong></span> <span class='ocrx_word' id='word_1_468' title='bbox 627 3589 777 3646; x_wconf 74' lang='lat' dir='ltr'><strong>sunt,</strong></span> <span class='ocrx_word' id='word_1_469' title='bbox 805 3593 930 3631; x_wconf 91' lang='lat' dir='ltr'><strong>cum</strong></span> <span class='ocrx_word' id='word_1_470' title='bbox 964 3588 1125 3630; x_wconf 87' lang='lat' dir='ltr'><strong>antea</strong></span> <span class='ocrx_word' id='word_1_471' title='bbox 1161 3588 1417 3629; x_wconf 78' lang='lat' dir='ltr'><strong>sermone</strong></span> <span class='ocrx_word' id='word_1_472' title='bbox 1446 3575 1737 3644; x_wconf 80' lang='lat' dir='ltr'><strong>linguaque</strong></span> <span class='ocrx_word' id='word_1_473' title='bbox 1777 3590 1904 3637; x_wconf 91' lang='lat' dir='ltr'><strong>una,</strong></span> <span class='ocrx_word' id='word_1_474' title='bbox 1940 3590 2042 3629; x_wconf 87' lang='lat' dir='ltr'><strong>ceu</strong></span> 
     </span>
    </p>
   </div>
   <div class='ocr_carea' id='block_1_67' title="bbox 467 3666 2043 3733">
    <p class='ocr_par' dir='ltr' id='par_1_67' title="bbox 467 3666 2043 3733">
     <span class='ocr_line' id='line_1_67' title="bbox 467 3666 2043 3733; baseline -0.003 -9"><span class='ocrx_word' id='word_1_475' title='bbox 467 3670 673 3725; x_wconf 88' lang='lat' dir='ltr'><strong>dictum</strong></span> <span class='ocrx_word' id='word_1_476' title='bbox 704 3679 807 3733; x_wconf 83' lang='lat' dir='ltr'><strong>est,</strong></span> <span class='ocrx_word' id='word_1_477' title='bbox 836 3683 1028 3723; x_wconf 86' lang='lat' dir='ltr'><strong>omnes</strong></span> <span class='ocrx_word' id='word_1_478' title='bbox 1084 3676 1392 3722; x_wconf 87' lang='lat' dir='ltr'><strong>uterentur.</strong></span> <span class='ocrx_word' id='word_1_479' title='bbox 1434 3667 1596 3721; x_wconf 81' lang='lat' dir='ltr'><strong>Solus</strong></span> <span class='ocrx_word' id='word_1_480' title='bbox 1635 3666 1881 3722; x_wconf 85' lang='lat' dir='ltr'><strong>IIeherus</strong></span> <span class='ocrx_word' id='word_1_481' title='bbox 1909 3666 2043 3721; x_wconf 82' lang='lat' dir='ltr'><strong>reli-</strong></span> 
     </span>
    </p>
   </div>
   <div class='ocr_carea' id='block_1_68' title="bbox 465 3758 2040 3833">
    <p class='ocr_par' dir='ltr' id='par_1_68' title="bbox 465 3758 2040 3833">
     <span class='ocr_line' id='line_1_68' title="bbox 465 3758 2040 3833; baseline -0.002 -19"><span class='ocrx_word' id='word_1_482' title='bbox 465 3778 697 3833; x_wconf 78' lang='lat' dir='ltr'><strong>quorum</strong></span> <span class='ocrx_word' id='word_1_483' title='bbox 734 3762 905 3816; x_wconf 89' lang='lat' dir='ltr'><strong>stulto</strong></span> <span class='ocrx_word' id='word_1_484' title='bbox 927 3760 1146 3815; x_wconf 85' lang='lat' dir='ltr'><strong>conatui</strong></span> <span class='ocrx_word' id='word_1_485' title='bbox 1182 3775 1293 3813; x_wconf 89' lang='lat' dir='ltr'><strong>non</strong></span> <span class='ocrx_word' id='word_1_486' title='bbox 1331 3774 1591 3813; x_wconf 80' lang='lat' dir='ltr'><strong>assensus</strong></span> <span class='ocrx_word' id='word_1_487' title='bbox 1621 3758 1861 3828; x_wconf 79' lang='lat' dir='ltr'><strong>linguam</strong></span> <span class='ocrx_word' id='word_1_488' title='bbox 1884 3774 2040 3814; x_wconf 83' lang='lat' dir='ltr'><strong>suam</strong></span> 
     </span>
    </p>
   </div>
   <div class='ocr_carea' id='block_1_69' title="bbox 464 3846 2044 3927">
    <p class='ocr_par' dir='ltr' id='par_1_69' title="bbox 464 3846 2044 3927">
     <span class='ocr_line' id='line_1_69' title="bbox 464 3846 2044 3927; baseline -0.005 -12"><span class='ocrx_word' id='word_1_489' title='bbox 464 3858 730 3926; x_wconf 86' lang='lat' dir='ltr'><strong>retinuit;</strong></span> <span class='ocrx_word' id='word_1_490' title='bbox 764 3858 830 3912; x_wconf 86' lang='lat' dir='ltr'><strong>de</strong></span> <span class='ocrx_word' id='word_1_491' title='bbox 862 3872 971 3927; x_wconf 83' lang='lat' dir='ltr'><strong>quo</strong></span> <span class='ocrx_word' id='word_1_492' title='bbox 1001 3856 1276 3927; x_wconf 79' lang='lat' dir='ltr'><strong>colligitur</strong></span> <span class='ocrx_word' id='word_1_493' title='bbox 1303 3855 1371 3908; x_wconf 89' lang='lat' dir='ltr'><strong>ab</strong></span> <span class='ocrx_word' id='word_1_494' title='bbox 1419 3854 1579 3909; x_wconf 90' lang='lat' dir='ltr'><strong>initio</strong></span> <span class='ocrx_word' id='word_1_495' title='bbox 1612 3846 1890 3907; x_wconf 63' lang='lat' dir='ltr'><strong>mortales“</strong></span> <span class='ocrx_word' id='word_1_496' title='bbox 1915 3867 2044 3908; x_wconf 88' lang='lat' dir='ltr'><strong>usos</strong></span> 
     </span>
    </p>
   </div>
   <div class='ocr_carea' id='block_1_70' title="bbox 402 3945 2045 4020">
    <p class='ocr_par' dir='ltr' id='par_1_70' title="bbox 402 3945 2045 4020">
     <span class='ocr_line' id='line_1_70' title="bbox 402 3945 2045 4020; baseline -0.004 -14"><span class='ocrx_word' id='word_1_497' title='bbox 402 3958 405 3961; x_wconf 86' lang='grc'><em>’</em></span> <span class='ocrx_word' id='word_1_498' title='bbox 465 3953 732 4006; x_wconf 87' lang='lat' dir='ltr'><strong>Ilcbraica</strong></span> <span class='ocrx_word' id='word_1_499' title='bbox 785 3951 967 4020; x_wconf 86' lang='lat' dir='ltr'><strong>lingua</strong></span> <span class='ocrx_word' id='word_1_500' title='bbox 1002 3950 1189 4002; x_wconf 84' lang='lat' dir='ltr'><strong>fuisse.</strong></span> <span class='ocrx_word' id='word_1_501' title='bbox 1245 3948 1436 4001; x_wconf 75' lang='lat' dir='ltr'><strong>Atlauii</strong></span> <span class='ocrx_word' id='word_1_502' title='bbox 1477 3955 1627 4001; x_wconf 72' lang='lat' dir='ltr'><strong>certe</strong></span> <span class='ocrx_word' id='word_1_503' title='bbox 1661 3956 1911 4014; x_wconf 84' lang='lat' dir='ltr'><strong>posteros</strong></span> <span class='ocrx_word' id='word_1_504' title='bbox 1941 3945 2045 3999; x_wconf 88' lang='lat' dir='ltr'><strong>bac</strong></span> 
     </span>
    </p>
   </div>
   <div class='ocr_carea' id='block_1_71' title="bbox 467 4037 2047 4109">
    <p class='ocr_par' dir='ltr' id='par_1_71' title="bbox 467 4037 2047 4109">
     <span class='ocr_line' id='line_1_71' title="bbox 467 4037 2047 4109; baseline -0.004 -12"><span class='ocrx_word' id='word_1_505' title='bbox 467 4039 590 4097; x_wconf 79' lang='lat' dir='ltr'><strong>esse</strong></span> <span class='ocrx_word' id='word_1_506' title='bbox 624 4044 1020 4106; x_wconf 57' lang='grc' dir='ltr'><strong>ιορυιοερςιιιιιε</strong></span> <span class='ocrx_word' id='word_1_507' title='bbox 1050 4056 1268 4109; x_wconf 80' lang='lat' dir='ltr'><strong>quoque</strong></span> <span class='ocrx_word' id='word_1_508' title='bbox 1296 4038 1588 4108; x_wconf 81' lang='lat' dir='ltr'><strong>colligitur,</strong></span> <span class='ocrx_word' id='word_1_509' title='bbox 1616 4037 1761 4106; x_wconf 89' lang='lat' dir='ltr'><strong>quod</strong></span> <span class='ocrx_word' id='word_1_510' title='bbox 1785 4046 1841 4091; x_wconf 92' lang='lat' dir='ltr'><strong>et</strong></span> <span class='ocrx_word' id='word_1_511' title='bbox 1873 4037 2047 4091; x_wconf 86' lang='lat' dir='ltr'><strong>Abra-</strong></span> 
     </span>
    </p>
   </div>
   <div class='ocr_carea' id='block_1_72' title="bbox 468 4130 2047 4199">
    <p class='ocr_par' dir='ltr' id='par_1_72' title="bbox 468 4130 2047 4199">
     <span class='ocr_line' id='line_1_72' title="bbox 468 4130 2047 4199; baseline -0.003 -11"><span class='ocrx_word' id='word_1_512' title='bbox 468 4137 614 4189; x_wconf 86' lang='lat' dir='ltr'><strong>hami</strong></span> <span class='ocrx_word' id='word_1_513' title='bbox 648 4135 852 4188; x_wconf 78' lang='lat' dir='ltr'><strong>familia</strong></span> <span class='ocrx_word' id='word_1_514' title='bbox 884 4134 1134 4187; x_wconf 87' lang='lat' dir='ltr'><strong>eamdem</strong></span> <span class='ocrx_word' id='word_1_515' title='bbox 1164 4132 1438 4199; x_wconf 79' lang='lat' dir='ltr'><strong>usurparit</strong></span> <span class='ocrx_word' id='word_1_516' title='bbox 1470 4140 1528 4184; x_wconf 90' lang='lat' dir='ltr'><strong>et</strong></span> <span class='ocrx_word' id='word_1_517' title='bbox 1555 4131 1798 4184; x_wconf 86' lang='lat' dir='ltr'><strong>Adamus</strong></span> <span class='ocrx_word' id='word_1_518' title='bbox 1832 4130 1923 4184; x_wconf 89' lang='lat' dir='ltr'><strong>ille</strong></span> <span class='ocrx_word' id='word_1_519' title='bbox 1958 4144 2047 4184; x_wconf 85' lang='lat' dir='ltr'><strong>se-</strong></span> 
     </span>
    </p>
   </div>
   <div class='ocr_carea' id='block_1_73' title="bbox 468 4218 2044 4292">
    <p class='ocr_par' dir='ltr' id='par_1_73' title="bbox 468 4218 2044 4292">
     <span class='ocr_line' id='line_1_73' title="bbox 468 4218 2044 4292; baseline -0.004 -14"><span class='ocrx_word' id='word_1_520' title='bbox 468 4224 711 4287; x_wconf 85' lang='lat' dir='ltr'><strong>cundus,</strong></span> <span class='ocrx_word' id='word_1_521' title='bbox 756 4223 849 4292; x_wconf 90' lang='lat' dir='ltr'><strong>qui</strong></span> <span class='ocrx_word' id='word_1_522' title='bbox 879 4222 1133 4275; x_wconf 74' lang='lat' dir='ltr'><strong>Christus</strong></span> <span class='ocrx_word' id='word_1_523' title='bbox 1180 4228 1286 4284; x_wconf 89' lang='lat' dir='ltr'><strong>est,</strong></span> <span class='ocrx_word' id='word_1_524' title='bbox 1334 4218 1475 4273; x_wconf 85' lang='lat' dir='ltr'><strong>Deus</strong></span> <span class='ocrx_word' id='word_1_525' title='bbox 1523 4218 1618 4273; x_wconf 89' lang='lat' dir='ltr'><strong>ille</strong></span> <span class='ocrx_word' id='word_1_526' title='bbox 1646 4228 1857 4272; x_wconf 89' lang='lat' dir='ltr'><strong>noster.</strong></span> <span class='ocrx_word' id='word_1_527' title='bbox 1895 4219 2044 4273; x_wconf 89' lang='lat' dir='ltr'><strong>Idem</strong></span> 
     </span>
    </p>
   </div>
   <div class='ocr_carea' id='block_1_74' title="bbox 469 4311 2048 4381">
    <p class='ocr_par' dir='ltr' id='par_1_74' title="bbox 469 4311 2048 4381">
     <span class='ocr_line' id='line_1_74' title="bbox 469 4311 2048 4381; baseline -0.003 -9"><span class='ocrx_word' id='word_1_528' title='bbox 469 4316 929 4377; x_wconf 80' lang='lat' dir='ltr'><strong>animadvertitur</strong></span> <span class='ocrx_word' id='word_1_529' title='bbox 951 4329 1018 4368; x_wconf 81' lang='lat' dir='ltr'><strong>ex</strong></span> <span class='ocrx_word' id='word_1_530' title='bbox 1045 4312 1406 4381; x_wconf 71' lang='lat' dir='ltr'><strong>inscriptione</strong></span> <span class='ocrx_word' id='word_1_531' title='bbox 1428 4312 1629 4376; x_wconf 70' lang='lat' dir='ltr'><strong>crucis,</strong></span> <span class='ocrx_word' id='word_1_532' title='bbox 1651 4321 1707 4366; x_wconf 87' lang='lat' dir='ltr'><strong>ct</strong></span> <span class='ocrx_word' id='word_1_533' title='bbox 1726 4312 1876 4367; x_wconf 87' lang='lat' dir='ltr'><strong>hisee</strong></span> <span class='ocrx_word' id='word_1_534' title='bbox 1895 4311 2048 4367; x_wconf 82' lang='lat' dir='ltr'><strong>Chri-</strong></span> 
     </span>
    </p>
   </div>
   <div class='ocr_carea' id='block_1_75' title="bbox 470 4402 2043 4475">
    <p class='ocr_par' dir='ltr' id='par_1_75' title="bbox 470 4402 2043 4475">
     <span class='ocr_line' id='line_1_75' title="bbox 470 4402 2043 4475; baseline -0.003 -12"><span class='ocrx_word' id='word_1_535' title='bbox 470 4413 539 4463; x_wconf 87' lang='lat' dir='ltr'><strong>sti</strong></span> <span class='ocrx_word' id='word_1_536' title='bbox 571 4409 753 4464; x_wconf 86' lang='lat' dir='ltr'><strong>verbis</strong></span> <span class='ocrx_word' id='word_1_537' title='bbox 801 4422 927 4463; x_wconf 91' lang='lat' dir='ltr'><strong>cum</strong></span> <span class='ocrx_word' id='word_1_538' title='bbox 982 4406 1060 4460; x_wconf 89' lang='lat' dir='ltr'><strong>ait</strong></span> <span class='ocrx_word' id='word_1_539' title='bbox 1088 4402 1358 4475; x_wconf 74' lang='lat' dir='ltr'><strong>Eplialha,</strong></span> <span class='ocrx_word' id='word_1_540' title='bbox 1409 4404 1513 4458; x_wconf 92' lang='lat' dir='ltr'><strong>hoc</strong></span> <span class='ocrx_word' id='word_1_541' title='bbox 1573 4416 1652 4459; x_wconf 91' lang='lat' dir='ltr'><strong>est</strong></span> <span class='ocrx_word' id='word_1_542' title='bbox 1700 4404 1948 4473; x_wconf 81' lang='lat' dir='ltr'><strong>Aperitor</strong></span> <span class='ocrx_word' id='word_1_543' title='bbox 1980 4403 2043 4458; x_wconf 80' lang='grc'><strong>³⁸.</strong></span> 
     </span>
    </p>
   </div>
   <div class='ocr_carea' id='block_1_76' title="bbox 470 4499 1167 4570">
    <p class='ocr_par' dir='ltr' id='par_1_76' title="bbox 470 4499 1167 4570">
     <span class='ocr_line' id='line_1_76' title="bbox 470 4499 1167 4570; baseline -0.004 -13"><span class='ocrx_word' id='word_1_544' title='bbox 470 4503 603 4557; x_wconf 91' lang='lat' dir='ltr'><strong>Item</strong></span> <span class='ocrx_word' id='word_1_545' title='bbox 652 4502 799 4570; x_wconf 88' lang='lat' dir='ltr'><strong>quod</strong></span> <span class='ocrx_word' id='word_1_546' title='bbox 858 4499 988 4555; x_wconf 85' lang='lat' dir='ltr'><strong>alibi</strong></span> <span class='ocrx_word' id='word_1_547' title='bbox 1028 4500 1105 4553; x_wconf 88' lang='lat' dir='ltr'><strong>ait</strong></span> <span class='ocrx_word' id='word_1_548' title='bbox 1152 4514 1167 4554; x_wconf 87' lang='lat'><strong>:</strong></span> 
     </span>
    </p>
   </div>
   <div class='ocr_carea' id='block_1_77' title="bbox 478 4589 2049 4667">
    <p class='ocr_par' dir='ltr' id='par_1_77' title="bbox 478 4589 2049 4667">
     <span class='ocr_line' id='line_1_77' title="bbox 478 4589 2049 4667; baseline -0.003 -20"><span class='ocrx_word' id='word_1_549' title='bbox 478 4614 497 4647; x_wconf 74' lang='grc' dir='ltr'><strong>ι</strong></span> <span class='ocrx_word' id='word_1_550' title='bbox 535 4594 740 4658; x_wconf 86' lang='lat' dir='ltr'><strong>Puella,</strong></span> <span class='ocrx_word' id='word_1_551' title='bbox 774 4594 1020 4667; x_wconf 82' lang='lat' dir='ltr'><strong>surge&quot;.</strong></span> <span class='ocrx_word' id='word_1_552' title='bbox 1061 4612 1080 4645; x_wconf 76' lang='grc' dir='ltr'><strong>ι</strong></span> <span class='ocrx_word' id='word_1_553' title='bbox 1120 4591 1318 4646; x_wconf 82' lang='lat' dir='ltr'><strong>Eadem</strong></span> <span class='ocrx_word' id='word_1_554' title='bbox 1351 4594 1416 4646; x_wconf 87' lang='lat' dir='ltr'><strong>de</strong></span> <span class='ocrx_word' id='word_1_555' title='bbox 1465 4605 1524 4644; x_wconf 90' lang='lat' dir='ltr'><strong>re</strong></span> <span class='ocrx_word' id='word_1_556' title='bbox 1555 4605 1789 4661; x_wconf 79' lang='lat' dir='ltr'><strong>magnus</strong></span> <span class='ocrx_word' id='word_1_557' title='bbox 1808 4589 2049 4660; x_wconf 83' lang='lat' dir='ltr'><strong>Epipha-</strong></span> 
     </span>
    </p>
   </div>
   <div class='ocr_carea' id='block_1_78' title="bbox 472 4682 2050 4742">
    <p class='ocr_par' dir='ltr' id='par_1_78' title="bbox 472 4682 2050 4742">
     <span class='ocr_line' id='line_1_78' title="bbox 472 4682 2050 4742; baseline -0.003 -1"><span class='ocrx_word' id='word_1_558' title='bbox 472 4688 599 4742; x_wconf 86' lang='lat' dir='ltr'><strong>nius</strong></span> <span class='ocrx_word' id='word_1_559' title='bbox 624 4687 711 4741; x_wconf 85' lang='lat' dir='ltr'><strong>ille</strong></span> <span class='ocrx_word' id='word_1_560' title='bbox 730 4687 809 4742; x_wconf 91' lang='lat' dir='ltr'><strong>sic</strong></span> <span class='ocrx_word' id='word_1_561' title='bbox 830 4687 1086 4741; x_wconf 88' lang='lat' dir='ltr'><strong>disserit:</strong></span> <span class='ocrx_word' id='word_1_562' title='bbox 1113 4704 1131 4735; x_wconf 76' lang='grc' dir='ltr'><strong>ι</strong></span> <span class='ocrx_word' id='word_1_563' title='bbox 1158 4686 1292 4739; x_wconf 82' lang='lat' dir='ltr'><strong>Post</strong></span> <span class='ocrx_word' id='word_1_564' title='bbox 1306 4682 1570 4738; x_wconf 85' lang='lat' dir='ltr'><strong>diluvium</strong></span> <span class='ocrx_word' id='word_1_565' title='bbox 1598 4682 1859 4736; x_wconf 59' lang='lat' dir='ltr'><strong>adificata</strong></span> <span class='ocrx_word' id='word_1_566' title='bbox 1881 4682 2050 4737; x_wconf 82' lang='lat' dir='ltr'><strong>turris</strong></span> 
     </span>
    </p>
   </div>
   <div class='ocr_carea' id='block_1_79' title="bbox 470 4775 2051 4846">
    <p class='ocr_par' dir='ltr' id='par_1_79' title="bbox 470 4775 2051 4846">
     <span class='ocr_line' id='line_1_79' title="bbox 470 4775 2051 4846; baseline -0.004 -13"><span class='ocrx_word' id='word_1_567' title='bbox 470 4789 576 4835; x_wconf 87' lang='lat' dir='ltr'><strong>est.</strong></span> <span class='ocrx_word' id='word_1_568' title='bbox 616 4776 762 4831; x_wconf 78' lang='lat' dir='ltr'><strong>Vixit</strong></span> <span class='ocrx_word' id='word_1_569' title='bbox 788 4777 840 4833; x_wconf 90' lang='lat' dir='ltr'><strong>id</strong></span> <span class='ocrx_word' id='word_1_570' title='bbox 874 4777 1135 4846; x_wconf 88' lang='lat' dir='ltr'><strong>temporis</strong></span> <span class='ocrx_word' id='word_1_571' title='bbox 1173 4775 1445 4839; x_wconf 87' lang='lat' dir='ltr'><strong>IIeberus,</strong></span> <span class='ocrx_word' id='word_1_572' title='bbox 1476 4783 1669 4828; x_wconf 86' lang='lat' dir='ltr'><strong>auctor</strong></span> <span class='ocrx_word' id='word_1_573' title='bbox 1697 4783 1749 4828; x_wconf 90' lang='lat' dir='ltr'><strong>et</strong></span> <span class='ocrx_word' id='word_1_574' title='bbox 1781 4789 2051 4844; x_wconf 81' lang='lat' dir='ltr'><strong>propaga-</strong></span> 
     </span>
    </p>
   </div>
   <div class='ocr_carea' id='block_1_80' title="bbox 470 4864 2046 4937">
    <p class='ocr_par' dir='ltr' id='par_1_80' title="bbox 470 4864 2046 4937">
     <span class='ocr_line' id='line_1_80' title="bbox 470 4864 2046 4937; baseline -0.004 -14"><span class='ocrx_word' id='word_1_575' title='bbox 470 4868 890 4923; x_wconf 64' lang='lat' dir='ltr'><strong>tor~Hebraica2</strong></span> <span class='ocrx_word' id='word_1_576' title='bbox 936 4868 1145 4937; x_wconf 86' lang='lat' dir='ltr'><strong>gentis,</strong></span> <span class='ocrx_word' id='word_1_577' title='bbox 1197 4881 1360 4935; x_wconf 83' lang='lat' dir='ltr'><strong>quem</strong></span> <span class='ocrx_word' id='word_1_578' title='bbox 1414 4864 1707 4934; x_wconf 84' lang='lat' dir='ltr'><strong>perhibent</strong></span> <span class='ocrx_word' id='word_1_579' title='bbox 1754 4876 2046 4933; x_wconf 79' lang='lat' dir='ltr'><strong>prapierea</strong></span> 
     </span>
    </p>
   </div>
   <div class='ocr_carea' id='block_1_81' title="bbox 471 4955 2049 5030">
    <p class='ocr_par' dir='ltr' id='par_1_81' title="bbox 471 4955 2049 5030">
     <span class='ocr_line' id='line_1_81' title="bbox 471 4955 2049 5030; baseline -0.004 -15"><span class='ocrx_word' id='word_1_580' title='bbox 471 4960 613 5030; x_wconf 88' lang='lat' dir='ltr'><strong>quod</strong></span> <span class='ocrx_word' id='word_1_581' title='bbox 650 4975 774 5013; x_wconf 90' lang='lat' dir='ltr'><strong>cum</strong></span> <span class='ocrx_word' id='word_1_582' title='bbox 836 4961 1029 5013; x_wconf 90' lang='lat' dir='ltr'><strong>turrim</strong></span> <span class='ocrx_word' id='word_1_583' title='bbox 1083 4957 1497 5012; x_wconf 77' lang='lat' dir='ltr'><strong>exstruentibus</strong></span> <span class='ocrx_word' id='word_1_584' title='bbox 1545 4955 1860 5010; x_wconf 86' lang='lat' dir='ltr'><strong>commercii</strong></span> <span class='ocrx_word' id='word_1_585' title='bbox 1909 4955 2049 5009; x_wconf 91' lang='lat' dir='ltr'><strong>nihil</strong></span> 
     </span>
    </p>
   </div>
   <div class='ocr_carea' id='block_1_82' title="bbox 475 5046 2049 5122">
    <p class='ocr_par' dir='ltr' id='par_1_82' title="bbox 475 5046 2049 5122">
     <span class='ocr_line' id='line_1_82' title="bbox 475 5046 2049 5122; baseline -0.004 -15"><span class='ocrx_word' id='word_1_586' title='bbox 475 5053 779 5118; x_wconf 83' lang='lat' dir='ltr'><strong>habuisset,</strong></span> <span class='ocrx_word' id='word_1_587' title='bbox 826 5053 1067 5122; x_wconf 79' lang='lat' dir='ltr'><strong>linguam</strong></span> <span class='ocrx_word' id='word_1_588' title='bbox 1116 5065 1270 5104; x_wconf 84' lang='lat' dir='ltr'><strong>suam</strong></span> <span class='ocrx_word' id='word_1_589' title='bbox 1310 5048 1625 5103; x_wconf 89' lang='lat' dir='ltr'><strong>retinuisse.</strong></span> <span class='ocrx_word' id='word_1_590' title='bbox 1659 5046 1794 5122; x_wconf 70' lang='lat' dir='ltr'><strong>Fuit</strong></span> <span class='ocrx_word' id='word_1_591' title='bbox 1825 5048 1945 5117; x_wconf 83' lang='lat' dir='ltr'><strong>ejus</strong></span> <span class='ocrx_word' id='word_1_592' title='bbox 1981 5062 2049 5101; x_wconf 82' lang='lat' dir='ltr'><strong>ex</strong></span> 
     </span>
    </p>
   </div>
   <div class='ocr_carea' id='block_1_83' title="bbox 476 5118 2049 5217">
    <p class='ocr_par' dir='ltr' id='par_1_83' title="bbox 476 5118 2049 5217">
     <span class='ocr_line' id='line_1_83' title="bbox 476 5118 2049 5217; baseline -0.006 -16"><span class='ocrx_word' id='word_1_593' title='bbox 476 5146 711 5217; x_wconf 90' lang='lat' dir='ltr'><strong>posteris</strong></span> <span class='ocrx_word' id='word_1_594' title='bbox 743 5145 1112 5215; x_wconf 35' lang='lat' dir='ltr'><strong>Abralramuls,</strong></span> <span class='ocrx_word' id='word_1_595' title='bbox 1142 5152 1199 5196; x_wconf 87' lang='lat' dir='ltr'><strong>et</strong></span> <span class='ocrx_word' id='word_1_596' title='bbox 1235 5141 1460 5195; x_wconf 56' lang='lat' dir='ltr'><strong>Hebr-«ra</strong></span> <span class='ocrx_word' id='word_1_597' title='bbox 1511 5140 1694 5210; x_wconf 82' lang='lat' dir='ltr'><strong>lingua</strong></span> <span class='ocrx_word' id='word_1_598' title='bbox 1738 5118 1946 5194; x_wconf 57' lang='lat' dir='ltr'><strong>n.0inen</strong></span> <span class='ocrx_word' id='word_1_599' title='bbox 1979 5138 2049 5192; x_wconf 85' lang='lat' dir='ltr'><strong>ab</strong></span> 
     </span>
    </p>
   </div>
   <div class='ocr_carea' id='block_1_84' title="bbox 471 5224 2051 5307">
    <p class='ocr_par' dir='ltr' id='par_1_84' title="bbox 471 5224 2051 5307">
     <span class='ocr_line' id='line_1_84' title="bbox 471 5224 2051 5307; baseline -0.005 -14"><span class='ocrx_word' id='word_1_600' title='bbox 471 5239 664 5294; x_wconf 88' lang='lat' dir='ltr'><strong>eodem</strong></span> <span class='ocrx_word' id='word_1_601' title='bbox 698 5236 860 5307; x_wconf 75' lang='lat'><strong>129</strong></span> <span class='ocrx_word' id='word_1_602' title='bbox 875 5224 1104 5306; x_wconf 74' lang='lat' dir='ltr'><strong>accepit.</strong></span> <span class='ocrx_word' id='word_1_603' title='bbox 1134 5252 1153 5286; x_wconf 73' lang='grc' dir='ltr'><strong>ι</strong></span> <span class='ocrx_word' id='word_1_604' title='bbox 1184 5234 1491 5288; x_wconf 84' lang='lat' dir='ltr'><strong>Assentitur</strong></span> <span class='ocrx_word' id='word_1_605' title='bbox 1521 5232 1650 5288; x_wconf 90' lang='lat' dir='ltr'><strong>huic</strong></span> <span class='ocrx_word' id='word_1_606' title='bbox 1672 5242 1726 5286; x_wconf 89' lang='lat' dir='ltr'><strong>et</strong></span> <span class='ocrx_word' id='word_1_607' title='bbox 1756 5231 2051 5300; x_wconf 76' lang='lat' dir='ltr'><strong>Iosephus.</strong></span> 
     </span>
    </p>
   </div>
   <div class='ocr_carea' id='block_1_85' title="bbox 475 5322 2051 5398">
    <p class='ocr_par' dir='ltr' id='par_1_85' title="bbox 475 5322 2051 5398">
     <span class='ocr_line' id='line_1_85' title="bbox 475 5322 2051 5398; baseline -0.004 -15"><span class='ocrx_word' id='word_1_608' title='bbox 475 5328 860 5384; x_wconf 81' lang='lat' dir='ltr'><strong>Theodoretus</strong></span> <span class='ocrx_word' id='word_1_609' title='bbox 911 5344 1042 5383; x_wconf 86' lang='lat' dir='ltr'><strong>vero</strong></span> <span class='ocrx_word' id='word_1_610' title='bbox 1075 5335 1325 5398; x_wconf 83' lang='lat' dir='ltr'><strong>posteros</strong></span> <span class='ocrx_word' id='word_1_611' title='bbox 1369 5324 1562 5380; x_wconf 75' lang='lat' dir='ltr'><strong>Adiuni</strong></span> <span class='ocrx_word' id='word_1_612' title='bbox 1596 5324 1781 5393; x_wconf 83' lang='lat' dir='ltr'><strong>lingua</strong></span> <span class='ocrx_word' id='word_1_613' title='bbox 1832 5322 2051 5394; x_wconf 83' lang='lat' dir='ltr'><strong>Syriaca</strong></span> 
     </span>
    </p>
   </div>
   <div class='ocr_carea' id='block_1_86' title="bbox 475 5421 963 5478">
    <p class='ocr_par' dir='ltr' id='par_1_86' title="bbox 475 5421 963 5478">
     <span class='ocr_line' id='line_1_86' title="bbox 475 5421 963 5478; baseline -0.006 0"><span class='ocrx_word' id='word_1_614' title='bbox 475 5422 591 5478; x_wconf 77' lang='lat' dir='ltr'><strong>vult</strong></span> <span class='ocrx_word' id='word_1_615' title='bbox 613 5438 739 5477; x_wconf 90' lang='lat' dir='ltr'><strong>usos</strong></span> <span class='ocrx_word' id='word_1_616' title='bbox 770 5421 963 5476; x_wconf 85' lang='lat' dir='ltr'><strong>fuisse.</strong></span> 
     </span>
    </p>
   </div>
   <div class='ocr_carea' id='block_1_87' title="bbox 548 5507 2051 5567">
    <p class='ocr_par' dir='ltr' id='par_1_87' title="bbox 548 5507 2051 5567">
     <span class='ocr_line' id='line_1_87' title="bbox 548 5507 2051 5567; baseline -0.006 0"><span class='ocrx_word' id='word_1_617' title='bbox 548 5513 689 5567; x_wconf 85' lang='lat' dir='ltr'><strong>Sciri</strong></span> <span class='ocrx_word' id='word_1_618' title='bbox 725 5524 905 5567; x_wconf 85' lang='lat' dir='ltr'><strong>autem</strong></span> <span class='ocrx_word' id='word_1_619' title='bbox 938 5513 1096 5567; x_wconf 89' lang='lat' dir='ltr'><strong>debet</strong></span> <span class='ocrx_word' id='word_1_620' title='bbox 1129 5511 1478 5567; x_wconf 76' lang='lat' dir='ltr'><strong>Chanamem</strong></span> <span class='ocrx_word' id='word_1_621' title='bbox 1507 5507 1700 5564; x_wconf 86' lang='lat' dir='ltr'><strong>Chami</strong></span> <span class='ocrx_word' id='word_1_622' title='bbox 1738 5507 1904 5563; x_wconf 80' lang='lat' dir='ltr'><strong>lilium</strong></span> <span class='ocrx_word' id='word_1_623' title='bbox 1932 5507 2051 5561; x_wconf 87' lang='lat' dir='ltr'><strong>aui-</strong></span> 
     </span>
    </p>
   </div>
   <div class='ocr_carea' id='block_1_88' title="bbox 478 5602 2050 5664">
    <p class='ocr_par' dir='ltr' id='par_1_88' title="bbox 478 5602 2050 5664">
     <span class='ocr_line' id='line_1_88' title="bbox 478 5602 2050 5664; baseline -0.006 -2"><span class='ocrx_word' id='word_1_624' title='bbox 478 5608 765 5664; x_wconf 81' lang='lat' dir='ltr'><strong>madvcrso</strong></span> <span class='ocrx_word' id='word_1_625' title='bbox 797 5618 992 5664; x_wconf 85' lang='lat' dir='ltr'><strong>terram</strong></span> <span class='ocrx_word' id='word_1_626' title='bbox 1018 5606 1227 5663; x_wconf 86' lang='lat' dir='ltr'><strong>Libano</strong></span> <span class='ocrx_word' id='word_1_627' title='bbox 1250 5606 1483 5660; x_wconf 84' lang='lat' dir='ltr'><strong>vicinam</strong></span> <span class='ocrx_word' id='word_1_628' title='bbox 1522 5602 1758 5657; x_wconf 81' lang='lat' dir='ltr'><strong>fertilem</strong></span> <span class='ocrx_word' id='word_1_629' title='bbox 1790 5616 1909 5657; x_wconf 81' lang='lat' dir='ltr'><strong>esse</strong></span> <span class='ocrx_word' id='word_1_630' title='bbox 1927 5616 2050 5655; x_wconf 85' lang='lat' dir='ltr'><strong>sua-</strong></span> 
     </span>
    </p>
   </div>
   <div class='ocr_carea' id='block_1_89' title="bbox 551 5779 965 5845">
    <p class='ocr_par' dir='ltr' id='par_1_89' title="bbox 551 5779 965 5845">
     <span class='ocr_line' id='line_1_89' title="bbox 551 5779 965 5845; baseline 0 -11"><span class='ocrx_word' id='word_1_631' title='bbox 551 5779 593 5811; x_wconf 83' lang='lat'><strong>“</strong></span> <span class='ocrx_word' id='word_1_632' title='bbox 625 5779 761 5834; x_wconf 79' lang='lat' dir='ltr'><strong>Cea.</strong></span> <span class='ocrx_word' id='word_1_633' title='bbox 797 5794 869 5845; x_wconf 71' lang='lat' dir='ltr'><strong>x1,</strong></span> <span class='ocrx_word' id='word_1_634' title='bbox 911 5779 965 5834; x_wconf 81' lang='grc'><strong>5.</strong></span> 
     </span>
    </p>
   </div>
   <div class='ocr_carea' id='block_1_90' title="bbox 2144 3205 3700 3278">
    <p class='ocr_par' dir='ltr' id='par_1_90' title="bbox 2144 3205 3700 3278">
     <span class='ocr_line' id='line_1_90' title="bbox 2144 3205 3700 3278; baseline -0.005 -15"><span class='ocrx_word' id='word_1_635' title='bbox 2144 3208 2323 3278; x_wconf 83' lang='grc' dir='ltr'><strong>τούτῳ</strong></span> <span class='ocrx_word' id='word_1_636' title='bbox 2356 3206 2639 3276; x_wconf 74' lang='grc' dir='ltr'><strong>πτοηθεὶς,</strong></span> <span class='ocrx_word' id='word_1_637' title='bbox 2663 3205 2969 3276; x_wconf 80' lang='grc' dir='ltr'><strong>εύμεθόδως</strong></span> <span class='ocrx_word' id='word_1_638' title='bbox 3005 3207 3189 3271; x_wconf 75' lang='grc' dir='ltr'><strong>αὐτοῖς</strong></span> <span class='ocrx_word' id='word_1_639' title='bbox 3239 3205 3439 3259; x_wconf 81' lang='grc' dir='ltr'><strong>κωλύει</strong></span> <span class='ocrx_word' id='word_1_640' title='bbox 3481 3208 3576 3274; x_wconf 75' lang='grc' dir='ltr'><strong>τὴν</strong></span> <span class='ocrx_word' id='word_1_641' title='bbox 3597 3205 3700 3258; x_wconf 71' lang='grc' dir='ltr'><strong>ἄνο-</strong></span> 
     </span>
    </p>
   </div>
   <div class='ocr_carea' id='block_1_91' title="bbox 2142 3295 3283 3365">
    <p class='ocr_par' dir='ltr' id='par_1_91' title="bbox 2142 3295 3283 3365">
     <span class='ocr_line' id='line_1_91' title="bbox 2142 3295 3283 3365; baseline -0.001 -16"><span class='ocrx_word' id='word_1_642' title='bbox 2142 3296 2231 3350; x_wconf 81' lang='grc' dir='ltr'>δον</span> <span class='ocrx_word' id='word_1_643' title='bbox 2264 3295 2354 3349; x_wconf 83' lang='grc' dir='ltr'><strong>διὰ</strong></span> <span class='ocrx_word' id='word_1_644' title='bbox 2387 3296 2485 3364; x_wconf 85' lang='grc' dir='ltr'><strong>τῆς</strong></span> <span class='ocrx_word' id='word_1_645' title='bbox 2517 3295 2831 3364; x_wconf 83' lang='grc' dir='ltr'>συγχύσεως</span> <span class='ocrx_word' id='word_1_646' title='bbox 2858 3296 2968 3351; x_wconf 76' lang='grc' dir='ltr'><strong>τῶν</strong></span> <span class='ocrx_word' id='word_1_647' title='bbox 2999 3298 3283 3365; x_wconf 76' lang='grc' dir='ltr'>γλωσσῶν.</span> 
     </span>
    </p>
   </div>
   <div class='ocr_carea' id='block_1_92' title="bbox 2226 3370 3699 3468">
    <p class='ocr_par' dir='ltr' id='par_1_92' title="bbox 2226 3370 3699 3468">
     <span class='ocr_line' id='line_1_92' title="bbox 2226 3370 3699 3468; baseline -0.003 -26"><span class='ocrx_word' id='word_1_648' title='bbox 2226 3388 2288 3442; x_wconf 83' lang='grc' dir='ltr'>ὐ</span> <span class='ocrx_word' id='word_1_649' title='bbox 2314 3389 2496 3460; x_wconf 87' lang='grc' dir='ltr'><strong>μέντοι</strong></span> <span class='ocrx_word' id='word_1_650' title='bbox 2520 3388 2732 3457; x_wconf 84' lang='grc' dir='ltr'>πύργος</span> <span class='ocrx_word' id='word_1_651' title='bbox 2776 3370 3082 3468; x_wconf 33' lang='grc' dir='ltr'><strong>έκτίζετοεά</strong></span> <span class='ocrx_word' id='word_1_652' title='bbox 3107 3393 3200 3445; x_wconf 73' lang='grc' dir='ltr'><strong>καὶ</strong></span> <span class='ocrx_word' id='word_1_653' title='bbox 3226 3391 3270 3461; x_wconf 85' lang='grc' dir='ltr'><strong>β’</strong></span> <span class='ocrx_word' id='word_1_654' title='bbox 3301 3391 3396 3444; x_wconf 90' lang='grc' dir='ltr'><strong>τοῦ</strong></span> <span class='ocrx_word' id='word_1_655' title='bbox 3421 3389 3699 3457; x_wconf 68' lang='grc' dir='ltr'><strong>κτίσματος</strong></span> 
     </span>
    </p>
   </div>
   <div class='ocr_carea' id='block_1_93' title="bbox 2143 3482 3703 3556">
    <p class='ocr_par' dir='ltr' id='par_1_93' title="bbox 2143 3482 3703 3556">
     <span class='ocr_line' id='line_1_93' title="bbox 2143 3482 3703 3556; baseline -0.004 -17"><span class='ocrx_word' id='word_1_656' title='bbox 2143 3483 2407 3554; x_wconf 78' lang='grc' dir='ltr'><strong>ἀρχηγῶν</strong></span> <span class='ocrx_word' id='word_1_657' title='bbox 2438 3482 2634 3537; x_wconf 72' lang='grc' dir='ltr'><strong>ὅντων.</strong></span> <span class='ocrx_word' id='word_1_658' title='bbox 2665 3483 2823 3537; x_wconf 78' lang='grc' dir='ltr'><strong>Κατὰ</strong></span> <span class='ocrx_word' id='word_1_659' title='bbox 2847 3484 3073 3549; x_wconf 85' lang='grc' dir='ltr'>τούτους</span> <span class='ocrx_word' id='word_1_660' title='bbox 3116 3485 3305 3539; x_wconf 79' lang='grc' dir='ltr'><strong>λοιπὸν</strong></span> <span class='ocrx_word' id='word_1_661' title='bbox 3336 3487 3433 3539; x_wconf 72' lang='grc' dir='ltr'><strong>καὶ</strong></span> <span class='ocrx_word' id='word_1_662' title='bbox 3463 3486 3498 3556; x_wconf 70' lang='grc' dir='ltr'><strong>ἠ</strong></span> <span class='ocrx_word' id='word_1_663' title='bbox 3528 3484 3703 3552; x_wconf 83' lang='grc' dir='ltr'><strong>διαίρε-</strong></span> 
     </span>
    </p>
   </div>
   <div class='ocr_carea' id='block_1_94' title="bbox 2145 3574 3700 3646">
    <p class='ocr_par' dir='ltr' id='par_1_94' title="bbox 2145 3574 3700 3646">
     <span class='ocr_line' id='line_1_94' title="bbox 2145 3574 3700 3646; baseline 0.001 -21"><span class='ocrx_word' id='word_1_664' title='bbox 2145 3588 2230 3637; x_wconf 80' lang='grc' dir='ltr'><strong>σις</strong></span> <span class='ocrx_word' id='word_1_665' title='bbox 2278 3575 2389 3629; x_wconf 85' lang='grc' dir='ltr'><strong>τῶν</strong></span> <span class='ocrx_word' id='word_1_666' title='bbox 2440 3574 2703 3643; x_wconf 69' lang='grc' dir='ltr'>γλωσσῶν</span> <span class='ocrx_word' id='word_1_667' title='bbox 2738 3575 2952 3643; x_wconf 88' lang='grc' dir='ltr'><strong>γέγονε,</strong></span> <span class='ocrx_word' id='word_1_668' title='bbox 3016 3576 3229 3646; x_wconf 78' lang='grc' dir='ltr'><strong>χείλους</strong></span> <span class='ocrx_word' id='word_1_669' title='bbox 3280 3576 3435 3640; x_wconf 75' lang='grc' dir='ltr'>ὅντος</span> <span class='ocrx_word' id='word_1_670' title='bbox 3488 3578 3600 3637; x_wconf 73' lang='grc' dir='ltr'>ινὺς</span> <span class='ocrx_word' id='word_1_671' title='bbox 3625 3577 3700 3627; x_wconf 79' lang='grc' dir='ltr'><strong>καὶ</strong></span> 
     </span>
    </p>
   </div>
   <div class='ocr_carea' id='block_1_95' title="bbox 2144 3667 3700 3739">
    <p class='ocr_par' dir='ltr' id='par_1_95' title="bbox 2144 3667 3700 3739">
     <span class='ocr_line' id='line_1_95' title="bbox 2144 3667 3700 3739; baseline 0.001 -20"><span class='ocrx_word' id='word_1_672' title='bbox 2144 3668 2329 3735; x_wconf 83' lang='grc' dir='ltr'>φωνῆς</span> <span class='ocrx_word' id='word_1_673' title='bbox 2357 3668 2448 3720; x_wconf 73' lang='grc' dir='ltr'>ἐπὶ</span> <span class='ocrx_word' id='word_1_674' title='bbox 2488 3669 2623 3721; x_wconf 87' lang='grc' dir='ltr'>πᾶσι</span> <span class='ocrx_word' id='word_1_675' title='bbox 2653 3669 2804 3736; x_wconf 82' lang='grc' dir='ltr'><strong>μιᾶς,</strong></span> <span class='ocrx_word' id='word_1_676' title='bbox 2836 3667 2910 3731; x_wconf 81' lang='grc' dir='ltr'><strong>ὡς</strong></span> <span class='ocrx_word' id='word_1_677' title='bbox 2944 3668 3154 3722; x_wconf 76' lang='grc' dir='ltr'><strong>ἄνωθεν</strong></span> <span class='ocrx_word' id='word_1_678' title='bbox 3181 3671 3422 3739; x_wconf 77' lang='grc' dir='ltr'><strong>εἴρηται.</strong></span> <span class='ocrx_word' id='word_1_679' title='bbox 3465 3670 3631 3731; x_wconf 79' lang='grc' dir='ltr'><strong>Μόνος</strong></span> <span class='ocrx_word' id='word_1_680' title='bbox 3654 3667 3700 3720; x_wconf 65' lang='grc' dir='ltr'><strong>δὲ</strong></span> 
     </span>
    </p>
   </div>
   <div class='ocr_carea' id='block_1_96' title="bbox 2142 3759 3700 3833">
    <p class='ocr_par' dir='ltr' id='par_1_96' title="bbox 2142 3759 3700 3833">
     <span class='ocr_line' id='line_1_96' title="bbox 2142 3759 3700 3833; baseline -0.001 -20"><span class='ocrx_word' id='word_1_681' title='bbox 2142 3762 2171 3813; x_wconf 90' lang='lat'><strong>6</strong></span> <span class='ocrx_word' id='word_1_682' title='bbox 2211 3759 2382 3831; x_wconf 75' lang='grc' dir='ltr'><strong>Ἔϐερ</strong></span> <span class='ocrx_word' id='word_1_683' title='bbox 2413 3760 2486 3831; x_wconf 87' lang='grc' dir='ltr'><strong>μὴ</strong></span> <span class='ocrx_word' id='word_1_684' title='bbox 2519 3760 2956 3831; x_wconf 76' lang='grc' dir='ltr'><strong>συγκατατεθεὶς</strong></span> <span class='ocrx_word' id='word_1_685' title='bbox 2981 3762 3047 3831; x_wconf 80' lang='grc' dir='ltr'>τῇ</span> <span class='ocrx_word' id='word_1_686' title='bbox 3081 3762 3452 3833; x_wconf 79' lang='grc' dir='ltr'><strong>ματαιοπονίᾳ</strong></span> <span class='ocrx_word' id='word_1_687' title='bbox 3481 3763 3584 3814; x_wconf 82' lang='grc' dir='ltr'><strong>τῶν</strong></span> <span class='ocrx_word' id='word_1_688' title='bbox 3608 3762 3700 3813; x_wconf 90' lang='grc' dir='ltr'><strong>λοι-</strong></span> 
     </span>
    </p>
   </div>
   <div class='ocr_carea' id='block_1_97' title="bbox 2144 3850 3700 3923">
    <p class='ocr_par' dir='ltr' id='par_1_97' title="bbox 2144 3850 3700 3923">
     <span class='ocr_line' id='line_1_97' title="bbox 2144 3850 3700 3923; baseline 0.001 -21"><span class='ocrx_word' id='word_1_689' title='bbox 2144 3850 2263 3904; x_wconf 81' lang='grc' dir='ltr'>πῶν</span> <span class='ocrx_word' id='word_1_690' title='bbox 2294 3856 2351 3906; x_wconf 78' lang='grc' dir='ltr'><strong>ἐν</strong></span> <span class='ocrx_word' id='word_1_691' title='bbox 2378 3854 2444 3922; x_wconf 75' lang='grc' dir='ltr'><strong>τῇ</strong></span> <span class='ocrx_word' id='word_1_692' title='bbox 2478 3850 2585 3922; x_wconf 69' lang='grc' dir='ltr'><strong>ἰδίᾳ</strong></span> <span class='ocrx_word' id='word_1_693' title='bbox 2614 3851 2837 3923; x_wconf 82' lang='grc' dir='ltr'><strong>γλώσσῃ</strong></span> <span class='ocrx_word' id='word_1_694' title='bbox 2889 3853 3125 3921; x_wconf 75' lang='grc' dir='ltr'><strong>ἔμεινεν.</strong></span> <span class='ocrx_word' id='word_1_695' title='bbox 3189 3853 3456 3923; x_wconf 79' lang='grc' dir='ltr'><strong>Ἀρχῆθεν</strong></span> <span class='ocrx_word' id='word_1_696' title='bbox 3487 3850 3700 3918; x_wconf 69' lang='grc' dir='ltr'><strong>λοιπὸνή</strong></span> 
     </span>
    </p>
   </div>
   <div class='ocr_carea' id='block_1_98' title="bbox 2160 3943 3700 4017">
    <p class='ocr_par' dir='ltr' id='par_1_98' title="bbox 2160 3943 3700 4017">
     <span class='ocr_line' id='line_1_98' title="bbox 2160 3943 3700 4017; baseline -0.003 -19"><span class='ocrx_word' id='word_1_697' title='bbox 2160 3943 2385 4015; x_wconf 78' lang='grc' dir='ltr'><strong>Ἐϐραῒς</strong></span> <span class='ocrx_word' id='word_1_698' title='bbox 2410 3945 2584 4014; x_wconf 78' lang='grc' dir='ltr'>φωνή.</span> <span class='ocrx_word' id='word_1_699' title='bbox 2617 3944 2814 3998; x_wconf 78' lang='grc' dir='ltr'><strong>Ὀτιδὲ</strong></span> <span class='ocrx_word' id='word_1_700' title='bbox 2834 3947 2899 4015; x_wconf 75' lang='grc' dir='ltr'><strong>τῇ</strong></span> <span class='ocrx_word' id='word_1_701' title='bbox 2937 3944 3201 4015; x_wconf 78' lang='grc' dir='ltr'><strong>Ἐϐραίων</strong></span> <span class='ocrx_word' id='word_1_702' title='bbox 3227 3945 3450 4017; x_wconf 73' lang='grc' dir='ltr'>γλώσσῃ</span> <span class='ocrx_word' id='word_1_703' title='bbox 3490 3944 3700 4015; x_wconf 80' lang='grc' dir='ltr'><strong>ἐχρῶντο</strong></span> 
     </span>
    </p>
   </div>
   <div class='ocr_carea' id='block_1_99' title="bbox 2145 4036 3699 4107">
    <p class='ocr_par' dir='ltr' id='par_1_99' title="bbox 2145 4036 3699 4107">
     <span class='ocr_line' id='line_1_99' title="bbox 2145 4036 3699 4107; baseline 0.002 -14"><span class='ocrx_word' id='word_1_704' title='bbox 2145 4040 2195 4093; x_wconf 84' lang='grc' dir='ltr'><strong>οἱ</strong></span> <span class='ocrx_word' id='word_1_705' title='bbox 2227 4039 2335 4091; x_wconf 76' lang='grc' dir='ltr'><strong>ἀπὸ</strong></span> <span class='ocrx_word' id='word_1_706' title='bbox 2363 4038 2457 4091; x_wconf 92' lang='grc' dir='ltr'><strong>τοῦ</strong></span> <span class='ocrx_word' id='word_1_707' title='bbox 2504 4036 2701 4107; x_wconf 79' lang='grc' dir='ltr'><strong>’Δδὰμ,</strong></span> <span class='ocrx_word' id='word_1_708' title='bbox 2736 4038 2895 4106; x_wconf 84' lang='grc' dir='ltr'><strong>δῆλον</strong></span> <span class='ocrx_word' id='word_1_709' title='bbox 2922 4037 3021 4107; x_wconf 75' lang='grc' dir='ltr'><strong>μὲν</strong></span> <span class='ocrx_word' id='word_1_710' title='bbox 3049 4040 3147 4091; x_wconf 78' lang='grc' dir='ltr'><strong>καὶ</strong></span> <span class='ocrx_word' id='word_1_711' title='bbox 3186 4038 3296 4091; x_wconf 79' lang='grc' dir='ltr'>ἀπὸ</span> <span class='ocrx_word' id='word_1_712' title='bbox 3328 4038 3424 4091; x_wconf 88' lang='grc' dir='ltr'><strong>τοῦ</strong></span> <span class='ocrx_word' id='word_1_713' title='bbox 3459 4042 3552 4091; x_wconf 74' lang='grc' dir='ltr'><strong>καὶ</strong></span> <span class='ocrx_word' id='word_1_714' title='bbox 3594 4036 3699 4100; x_wconf 78' lang='grc' dir='ltr'><strong>τοὺς</strong></span> 
     </span>
    </p>
   </div>
   <div class='ocr_carea' id='block_1_100' title="bbox 2145 4127 3699 4202">
    <p class='ocr_par' dir='ltr' id='par_1_100' title="bbox 2145 4127 3699 4202">
     <span class='ocr_line' id='line_1_100' title="bbox 2145 4127 3699 4202; baseline -0.003 -18"><span class='ocrx_word' id='word_1_715' title='bbox 2145 4132 2289 4201; x_wconf 72' lang='grc' dir='ltr'><strong>ἀμφὶ</strong></span> <span class='ocrx_word' id='word_1_716' title='bbox 2327 4130 2419 4184; x_wconf 75' lang='grc' dir='ltr'>τὸν</span> <span class='ocrx_word' id='word_1_717' title='bbox 2451 4130 2703 4201; x_wconf 73' lang='grc' dir='ltr'><strong>Ἀϐραὰμ</strong></span> <span class='ocrx_word' id='word_1_718' title='bbox 2724 4133 2790 4200; x_wconf 81' lang='grc' dir='ltr'><strong>τῇ</strong></span> <span class='ocrx_word' id='word_1_719' title='bbox 2826 4130 3049 4201; x_wconf 81' lang='grc' dir='ltr'><strong>τοιαύτῃ</strong></span> <span class='ocrx_word' id='word_1_720' title='bbox 3070 4130 3603 4202; x_wconf 73' lang='grc' dir='ltr'><strong>χρᾶσθαιδιαλέκτῳ.</strong></span> <span class='ocrx_word' id='word_1_721' title='bbox 3625 4127 3699 4193; x_wconf 76' lang='grc' dir='ltr'><strong>δῆ-</strong></span> 
     </span>
    </p>
   </div>
   <div class='ocr_carea' id='block_1_101' title="bbox 2144 4217 3698 4292">
    <p class='ocr_par' dir='ltr' id='par_1_101' title="bbox 2144 4217 3698 4292">
     <span class='ocr_line' id='line_1_101' title="bbox 2144 4217 3698 4292; baseline -0.005 -16"><span class='ocrx_word' id='word_1_722' title='bbox 2144 4224 2240 4276; x_wconf 90' lang='grc' dir='ltr'><strong>λον</strong></span> <span class='ocrx_word' id='word_1_723' title='bbox 2279 4224 2335 4275; x_wconf 76' lang='grc' dir='ltr'><strong>δὲ</strong></span> <span class='ocrx_word' id='word_1_724' title='bbox 2366 4222 2462 4275; x_wconf 72' lang='grc' dir='ltr'><strong>καὶ</strong></span> <span class='ocrx_word' id='word_1_725' title='bbox 2511 4222 2620 4275; x_wconf 80' lang='grc' dir='ltr'><strong>ἀπὸ</strong></span> <span class='ocrx_word' id='word_1_726' title='bbox 2641 4220 2734 4273; x_wconf 88' lang='grc' dir='ltr'><strong>τοῦ</strong></span> <span class='ocrx_word' id='word_1_727' title='bbox 2760 4221 2854 4275; x_wconf 80' lang='grc' dir='ltr'><strong>τὸν</strong></span> <span class='ocrx_word' id='word_1_728' title='bbox 2885 4221 3137 4292; x_wconf 87' lang='grc' dir='ltr'><strong>δεύτερον</strong></span> <span class='ocrx_word' id='word_1_729' title='bbox 3179 4222 3349 4291; x_wconf 72' lang='grc' dir='ltr'><strong>Ἀδλμ</strong></span> <span class='ocrx_word' id='word_1_730' title='bbox 3372 4221 3601 4291; x_wconf 78' lang='grc' dir='ltr'><strong>Χριστὸν</strong></span> <span class='ocrx_word' id='word_1_731' title='bbox 3626 4217 3698 4268; x_wconf 73' lang='grc' dir='ltr'><strong>τὸν</strong></span> 
     </span>
    </p>
   </div>
   <div class='ocr_carea' id='block_1_102' title="bbox 2146 4310 3695 4385">
    <p class='ocr_par' dir='ltr' id='par_1_102' title="bbox 2146 4310 3695 4385">
     <span class='ocr_line' id='line_1_102' title="bbox 2146 4310 3695 4385; baseline -0.006 -16"><span class='ocrx_word' id='word_1_732' title='bbox 2146 4314 2281 4369; x_wconf 82' lang='grc' dir='ltr'><strong>Θεὸν</strong></span> <span class='ocrx_word' id='word_1_733' title='bbox 2311 4312 2472 4385; x_wconf 81' lang='grc' dir='ltr'><strong>ἡμῶν</strong></span> <span class='ocrx_word' id='word_1_734' title='bbox 2498 4315 2566 4384; x_wconf 82' lang='grc' dir='ltr'><strong>τῇ</strong></span> <span class='ocrx_word' id='word_1_735' title='bbox 2602 4312 2872 4385; x_wconf 79' lang='grc' dir='ltr'><strong>Ἐϐραίων</strong></span> <span class='ocrx_word' id='word_1_736' title='bbox 2895 4316 3133 4385; x_wconf 78' lang='grc' dir='ltr'><strong>χρᾶσθαι</strong></span> <span class='ocrx_word' id='word_1_737' title='bbox 3156 4317 3331 4385; x_wconf 80' lang='grc' dir='ltr'>φωνῇ.</span> <span class='ocrx_word' id='word_1_738' title='bbox 3364 4315 3475 4368; x_wconf 79' lang='lat' dir='ltr'><strong>Kal</strong></span> <span class='ocrx_word' id='word_1_739' title='bbox 3502 4310 3695 4383; x_wconf 72' lang='grc' dir='ltr'><strong>δηλοῦςι</strong></span> 
     </span>
    </p>
   </div>
   <div class='ocr_carea' id='block_1_103' title="bbox 2152 4401 3697 4478">
    <p class='ocr_par' dir='ltr' id='par_1_103' title="bbox 2152 4401 3697 4478">
     <span class='ocr_line' id='line_1_103' title="bbox 2152 4401 3697 4478; baseline -0.005 -17"><span class='ocrx_word' id='word_1_740' title='bbox 2152 4408 2252 4478; x_wconf 75' lang='grc' dir='ltr'><strong>μὲν</strong></span> <span class='ocrx_word' id='word_1_741' title='bbox 2281 4406 2440 4461; x_wconf 88' lang='grc' dir='ltr'><strong>τοῦτο</strong></span> <span class='ocrx_word' id='word_1_742' title='bbox 2472 4408 2568 4460; x_wconf 81' lang='grc' dir='ltr'><strong>καὶ</strong></span> <span class='ocrx_word' id='word_1_743' title='bbox 2603 4407 2672 4460; x_wconf 87' lang='grc' dir='ltr'><strong>τὰ</strong></span> <span class='ocrx_word' id='word_1_744' title='bbox 2705 4407 2765 4461; x_wconf 76' lang='grc' dir='ltr'><strong>ὲν</strong></span> <span class='ocrx_word' id='word_1_745' title='bbox 2802 4406 2882 4477; x_wconf 85' lang='grc' dir='ltr'><strong>τῷ</strong></span> <span class='ocrx_word' id='word_1_746' title='bbox 2909 4407 3147 4478; x_wconf 81' lang='grc' dir='ltr'><strong>σταυρῷ,</strong></span> <span class='ocrx_word' id='word_1_747' title='bbox 3207 4407 3305 4477; x_wconf 87' lang='grc' dir='ltr'><strong>ούχ</strong></span> <span class='ocrx_word' id='word_1_748' title='bbox 3336 4401 3497 4473; x_wconf 83' lang='grc' dir='ltr'><strong>ἦττον</strong></span> <span class='ocrx_word' id='word_1_749' title='bbox 3534 4405 3585 4456; x_wconf 73' lang='grc' dir='ltr'><strong>δὲ</strong></span> <span class='ocrx_word' id='word_1_750' title='bbox 3616 4405 3697 4455; x_wconf 82' lang='grc' dir='ltr'><strong>κὰ-</strong></span> 
     </span>
    </p>
   </div>
   <div class='ocr_carea' id='block_1_104' title="bbox 1217 4492 2044 4571">
    <p class='ocr_par' dir='ltr' id='par_1_104' title="bbox 1217 4496 2044 4564">
     <span class='ocr_line' id='line_1_104' title="bbox 1217 4496 2044 4564; baseline 0.002 -15"><span class='ocrx_word' id='word_1_751' title='bbox 1217 4517 1235 4549; x_wconf 76' lang='grc' dir='ltr'><strong>ι</strong></span> <span class='ocrx_word' id='word_1_752' title='bbox 1269 4497 1443 4552; x_wconf 87' lang='lat' dir='ltr'><strong>Talila</strong></span> <span class='ocrx_word' id='word_1_753' title='bbox 1476 4496 1645 4564; x_wconf 82' lang='lat' dir='ltr'><strong>eumi,</strong></span> <span class='ocrx_word' id='word_1_754' title='bbox 1694 4515 1713 4548; x_wconf 77' lang='grc' dir='ltr'><strong>ι</strong></span> <span class='ocrx_word' id='word_1_755' title='bbox 1770 4498 1874 4551; x_wconf 92' lang='lat' dir='ltr'><strong>hoc</strong></span> <span class='ocrx_word' id='word_1_756' title='bbox 1916 4506 2000 4551; x_wconf 89' lang='lat' dir='ltr'><strong>est</strong></span> <span class='ocrx_word' id='word_1_757' title='bbox 2031 4515 2044 4551; x_wconf 91' lang='lat'><strong>:</strong></span> 
     </span>
    </p>
   </div>
   <div class='ocr_carea' id='block_1_105' title="bbox 2150 4492 3696 4571">
    <p class='ocr_par' dir='ltr' id='par_1_105' title="bbox 2152 4492 3696 4571">
     <span class='ocr_line' id='line_1_105' title="bbox 2152 4492 3696 4571; baseline 0.003 -16"><span class='ocrx_word' id='word_1_758' title='bbox 2152 4492 2309 4557; x_wconf 60' lang='grc' dir='ltr'><strong>κεῖνα</strong></span> <span class='ocrx_word' id='word_1_759' title='bbox 2340 4504 2400 4555; x_wconf 82' lang='grc' dir='ltr'><strong>ὲν</strong></span> <span class='ocrx_word' id='word_1_760' title='bbox 2425 4496 2505 4565; x_wconf 73' lang='grc' dir='ltr'><strong>οἷς</strong></span> <span class='ocrx_word' id='word_1_761' title='bbox 2525 4501 2712 4568; x_wconf 77' lang='grc' dir='ltr'><strong>ἔλεγεν</strong></span> <span class='ocrx_word' id='word_1_762' title='bbox 2741 4502 2991 4571; x_wconf 66' lang='grc' dir='ltr'><strong>Ἐφαθὰ,</strong></span> <span class='ocrx_word' id='word_1_763' title='bbox 3017 4520 3035 4553; x_wconf 74' lang='grc' dir='ltr'><strong>ι</strong></span> <span class='ocrx_word' id='word_1_764' title='bbox 3055 4502 3306 4556; x_wconf 81' lang='grc' dir='ltr'><strong>τουτέστι</strong></span> <span class='ocrx_word' id='word_1_765' title='bbox 3327 4500 3696 4568; x_wconf 70' lang='grc' dir='ltr'><strong>Διανοίχθητιν</strong></span> 
     </span>
    </p>
   </div>
   <div class='ocr_carea' id='block_1_106' title="bbox 2153 4591 3695 4663">
    <p class='ocr_par' dir='ltr' id='par_1_106' title="bbox 2153 4591 3695 4663">
     <span class='ocr_line' id='line_1_106' title="bbox 2153 4591 3695 4663; baseline -0.004 -16"><span class='ocrx_word' id='word_1_766' title='bbox 2153 4595 2250 4648; x_wconf 73' lang='grc' dir='ltr'><strong>καὶ</strong></span> <span class='ocrx_word' id='word_1_767' title='bbox 2294 4592 2464 4647; x_wconf 82' lang='grc' dir='ltr'><strong>πάλιν</strong></span> <span class='ocrx_word' id='word_1_768' title='bbox 2518 4593 2791 4663; x_wconf 84' lang='grc' dir='ltr'><strong>ἀλλαχοῦ’</strong></span> <span class='ocrx_word' id='word_1_769' title='bbox 2829 4612 2848 4646; x_wconf 77' lang='grc' dir='ltr'><strong>ι</strong></span> <span class='ocrx_word' id='word_1_770' title='bbox 2884 4593 3093 4647; x_wconf 77' lang='grc' dir='ltr'><strong>Ταλιθὰ</strong></span> <span class='ocrx_word' id='word_1_771' title='bbox 3143 4593 3342 4662; x_wconf 86' lang='grc' dir='ltr'><strong>κοῦμι,</strong></span> <span class='ocrx_word' id='word_1_772' title='bbox 3391 4612 3412 4645; x_wconf 72' lang='grc' dir='ltr'><strong>ι</strong></span> <span class='ocrx_word' id='word_1_773' title='bbox 3458 4591 3695 4648; x_wconf 77' lang='grc' dir='ltr'><strong>τουτέστι,</strong></span> 
     </span>
    </p>
   </div>
   <div class='ocr_carea' id='block_1_107' title="bbox 2159 4679 3697 4754">
    <p class='ocr_par' dir='ltr' id='par_1_107' title="bbox 2159 4679 3697 4754">
     <span class='ocr_line' id='line_1_107' title="bbox 2159 4679 3697 4754; baseline -0.005 -19"><span class='ocrx_word' id='word_1_774' title='bbox 2159 4701 2179 4735; x_wconf 75' lang='grc' dir='ltr'><strong>ι</strong></span> <span class='ocrx_word' id='word_1_775' title='bbox 2222 4684 2317 4736; x_wconf 84' lang='grc' dir='ltr'><strong>Σοὶ</strong></span> <span class='ocrx_word' id='word_1_776' title='bbox 2344 4682 2585 4753; x_wconf 83' lang='grc' dir='ltr'><strong>λέγωτῷ</strong></span> <span class='ocrx_word' id='word_1_777' title='bbox 2614 4683 2881 4754; x_wconf 80' lang='grc' dir='ltr'><strong>κορασίῳ.</strong></span> <span class='ocrx_word' id='word_1_778' title='bbox 2926 4702 2946 4736; x_wconf 75' lang='grc' dir='ltr'><strong>ι</strong></span> <span class='ocrx_word' id='word_1_779' title='bbox 3004 4684 3148 4754; x_wconf 78' lang='grc' dir='ltr'>Πρὸς</span> <span class='ocrx_word' id='word_1_780' title='bbox 3193 4683 3411 4746; x_wconf 87' lang='grc' dir='ltr'><strong>τούτοις</strong></span> <span class='ocrx_word' id='word_1_781' title='bbox 3467 4684 3525 4735; x_wconf 68' lang='grc' dir='ltr'><strong>δὲ</strong></span> <span class='ocrx_word' id='word_1_782' title='bbox 3570 4679 3697 4731; x_wconf 81' lang='grc' dir='ltr'><strong>καὶὸ</strong></span> 
     </span>
    </p>
   </div>
   <div class='ocr_carea' id='block_1_108' title="bbox 2158 4769 3697 4845">
    <p class='ocr_par' dir='ltr' id='par_1_108' title="bbox 2158 4769 3697 4845">
     <span class='ocr_line' id='line_1_108' title="bbox 2158 4769 3697 4845; baseline -0.005 -18"><span class='ocrx_word' id='word_1_783' title='bbox 2158 4775 2333 4845; x_wconf 84' lang='grc' dir='ltr'><strong>μέγας</strong></span> <span class='ocrx_word' id='word_1_784' title='bbox 2375 4774 2694 4843; x_wconf 82' lang='grc' dir='ltr'><strong>Ἐπιφάνιος</strong></span> <span class='ocrx_word' id='word_1_785' title='bbox 2724 4775 2854 4844; x_wconf 79' lang='grc' dir='ltr'><strong>περὶ</strong></span> <span class='ocrx_word' id='word_1_786' title='bbox 2887 4774 3093 4828; x_wconf 86' lang='grc' dir='ltr'><strong>τούτων</strong></span> <span class='ocrx_word' id='word_1_787' title='bbox 3123 4773 3267 4828; x_wconf 77' lang='grc' dir='ltr'>οὕτω</span> <span class='ocrx_word' id='word_1_788' title='bbox 3298 4776 3467 4845; x_wconf 83' lang='grc' dir='ltr'><strong>φησί·</strong></span> <span class='ocrx_word' id='word_1_789' title='bbox 3524 4792 3543 4827; x_wconf 76' lang='grc' dir='ltr'><strong>ι</strong></span> <span class='ocrx_word' id='word_1_790' title='bbox 3570 4769 3697 4825; x_wconf 74' lang='grc' dir='ltr'><strong>Μετὰ</strong></span> 
     </span>
    </p>
   </div>
   <div class='ocr_carea' id='block_1_109' title="bbox 2154 4858 3695 4939">
    <p class='ocr_par' dir='ltr' id='par_1_109' title="bbox 2154 4858 3695 4939">
     <span class='ocr_line' id='line_1_109' title="bbox 2154 4858 3695 4939; baseline -0.005 -19"><span class='ocrx_word' id='word_1_791' title='bbox 2154 4868 2246 4921; x_wconf 82' lang='grc' dir='ltr'>τὸν</span> <span class='ocrx_word' id='word_1_792' title='bbox 2291 4865 2681 4937; x_wconf 81' lang='grc' dir='ltr'><strong>κατακλυσμὸν</strong></span> <span class='ocrx_word' id='word_1_793' title='bbox 2727 4869 2755 4920; x_wconf 90' lang='lat'><strong>6</strong></span> <span class='ocrx_word' id='word_1_794' title='bbox 2815 4866 3048 4938; x_wconf 80' lang='grc' dir='ltr'>πύργος,</span> <span class='ocrx_word' id='word_1_795' title='bbox 3102 4862 3222 4920; x_wconf 82' lang='grc' dir='ltr'><strong>εἶτα</strong></span> <span class='ocrx_word' id='word_1_796' title='bbox 3271 4872 3299 4920; x_wconf 88' lang='lat'><strong>6</strong></span> <span class='ocrx_word' id='word_1_797' title='bbox 3327 4858 3497 4939; x_wconf 78' lang='grc' dir='ltr'><strong>Ἔϐερ</strong></span> <span class='ocrx_word' id='word_1_798' title='bbox 3549 4867 3575 4916; x_wconf 84' lang='lat'><strong>6</strong></span> <span class='ocrx_word' id='word_1_799' title='bbox 3606 4864 3695 4916; x_wconf 77' lang='grc' dir='ltr'><strong>τῶν</strong></span> 
     </span>
    </p>
   </div>
   <div class='ocr_carea' id='block_1_110' title="bbox 2168 4962 3693 5036">
    <p class='ocr_par' dir='ltr' id='par_1_110' title="bbox 2168 4962 3693 5036">
     <span class='ocr_line' id='line_1_110' title="bbox 2168 4962 3693 5036; baseline -0.005 -20"><span class='ocrx_word' id='word_1_800' title='bbox 2168 4962 2436 5036; x_wconf 77' lang='grc' dir='ltr'><strong>Ἐϐραίων</strong></span> <span class='ocrx_word' id='word_1_801' title='bbox 2456 4965 2741 5033; x_wconf 80' lang='grc' dir='ltr'>πρόγονος,</span> <span class='ocrx_word' id='word_1_802' title='bbox 2764 4963 2824 5016; x_wconf 84' lang='lat' dir='ltr'><strong>6v</strong></span> <span class='ocrx_word' id='word_1_803' title='bbox 2847 4963 3065 5031; x_wconf 86' lang='grc' dir='ltr'><strong>λέγουσι</strong></span> <span class='ocrx_word' id='word_1_804' title='bbox 3085 4964 3162 5034; x_wconf 83' lang='grc' dir='ltr'><strong>μὴ</strong></span> <span class='ocrx_word' id='word_1_805' title='bbox 3182 4963 3509 5033; x_wconf 76' lang='grc' dir='ltr'><strong>βουληθέντα</strong></span> <span class='ocrx_word' id='word_1_806' title='bbox 3532 4965 3693 5014; x_wconf 69' lang='lat' dir='ltr'><strong>20&#39;sz-</strong></span> 
     </span>
    </p>
   </div>
   <div class='ocr_carea' id='block_1_111' title="bbox 2156 5050 3691 5126">
    <p class='ocr_par' dir='ltr' id='par_1_111' title="bbox 2156 5050 3691 5126">
     <span class='ocr_line' id='line_1_111' title="bbox 2156 5050 3691 5126; baseline -0.008 -16"><span class='ocrx_word' id='word_1_807' title='bbox 2156 5055 2321 5125; x_wconf 85' lang='grc' dir='ltr'><strong>νῆσαι</strong></span> <span class='ocrx_word' id='word_1_808' title='bbox 2350 5058 2464 5120; x_wconf 82' lang='grc' dir='ltr'><strong>τοῖς</strong></span> <span class='ocrx_word' id='word_1_809' title='bbox 2492 5056 2585 5109; x_wconf 83' lang='grc' dir='ltr'>τὸν</span> <span class='ocrx_word' id='word_1_810' title='bbox 2613 5055 2826 5126; x_wconf 90' lang='grc' dir='ltr'>πύργον</span> <span class='ocrx_word' id='word_1_811' title='bbox 2845 5055 3211 5124; x_wconf 77' lang='grc' dir='ltr'><strong>οἰκοδομοῦσι,</strong></span> <span class='ocrx_word' id='word_1_812' title='bbox 3238 5058 3417 5124; x_wconf 76' lang='grc' dir='ltr'><strong>μεῖναι</strong></span> <span class='ocrx_word' id='word_1_813' title='bbox 3446 5056 3501 5107; x_wconf 77' lang='grc' dir='ltr'>ὲν</span> <span class='ocrx_word' id='word_1_814' title='bbox 3524 5055 3582 5120; x_wconf 74' lang='grc' dir='ltr'><strong>τῇ</strong></span> <span class='ocrx_word' id='word_1_815' title='bbox 3607 5050 3691 5113; x_wconf 70' lang='grc' dir='ltr'>ἰδίᾳ</span> 
     </span>
    </p>
   </div>
   <div class='ocr_carea' id='block_1_112' title="bbox 2159 5140 3690 5218">
    <p class='ocr_par' dir='ltr' id='par_1_112' title="bbox 2159 5140 3690 5218">
     <span class='ocr_line' id='line_1_112' title="bbox 2159 5140 3690 5218; baseline -0.003 -19"><span class='ocrx_word' id='word_1_816' title='bbox 2159 5148 2399 5218; x_wconf 79' lang='grc' dir='ltr'><strong>γλώττῃ.</strong></span> <span class='ocrx_word' id='word_1_817' title='bbox 2462 5147 2667 5201; x_wconf 82' lang='grc' dir='ltr'>Τούτου</span> <span class='ocrx_word' id='word_1_818' title='bbox 2718 5148 2941 5215; x_wconf 74' lang='grc' dir='ltr'>ἔκγονος</span> <span class='ocrx_word' id='word_1_819' title='bbox 2996 5149 3024 5200; x_wconf 89' lang='lat'><strong>6</strong></span> <span class='ocrx_word' id='word_1_820' title='bbox 3090 5148 3364 5217; x_wconf 77' lang='grc' dir='ltr'><strong>’Λὸραὰμ,</strong></span> <span class='ocrx_word' id='word_1_821' title='bbox 3418 5145 3533 5198; x_wconf 80' lang='grc' dir='ltr'><strong>ὅθεν</strong></span> <span class='ocrx_word' id='word_1_822' title='bbox 3565 5140 3690 5202; x_wconf 74' lang='grc' dir='ltr'><strong>καὶὴ</strong></span> 
     </span>
    </p>
   </div>
   <div class='ocr_carea' id='block_1_113' title="bbox 2167 5233 3692 5312">
    <p class='ocr_par' dir='ltr' id='par_1_113' title="bbox 2167 5233 3692 5312">
     <span class='ocr_line' id='line_1_113' title="bbox 2167 5233 3692 5312; baseline -0.007 -19"><span class='ocrx_word' id='word_1_823' title='bbox 2167 5240 2398 5312; x_wconf 76' lang='grc' dir='ltr'><strong>Ἐδραία</strong></span> <span class='ocrx_word' id='word_1_824' title='bbox 2437 5240 2676 5309; x_wconf 86' lang='grc' dir='ltr'><strong>γλῶττα.</strong></span> <span class='ocrx_word' id='word_1_825' title='bbox 2718 5258 2737 5292; x_wconf 73' lang='grc' dir='ltr'><strong>ι</strong></span> <span class='ocrx_word' id='word_1_826' title='bbox 2765 5240 2847 5292; x_wconf 81' lang='grc' dir='ltr'><strong>Τὰ</strong></span> <span class='ocrx_word' id='word_1_827' title='bbox 2883 5241 3023 5295; x_wconf 78' lang='grc' dir='ltr'><strong>αὐτὰ</strong></span> <span class='ocrx_word' id='word_1_828' title='bbox 3057 5240 3114 5293; x_wconf 81' lang='grc' dir='ltr'><strong>δὲ</strong></span> <span class='ocrx_word' id='word_1_829' title='bbox 3151 5238 3367 5302; x_wconf 87' lang='grc' dir='ltr'><strong>τούτοις</strong></span> <span class='ocrx_word' id='word_1_830' title='bbox 3406 5240 3497 5291; x_wconf 74' lang='grc' dir='ltr'><strong>καὶ</strong></span> <span class='ocrx_word' id='word_1_831' title='bbox 3537 5233 3692 5297; x_wconf 80' lang='grc' dir='ltr'><strong>Ἰώση-</strong></span> 
     </span>
    </p>
   </div>
   <div class='ocr_carea' id='block_1_114' title="bbox 2153 5322 3687 5403">
    <p class='ocr_par' dir='ltr' id='par_1_114' title="bbox 2153 5322 3687 5403">
     <span class='ocr_line' id='line_1_114' title="bbox 2153 5322 3687 5403; baseline 0.001 -18"><span class='ocrx_word' id='word_1_832' title='bbox 2153 5334 2255 5397; x_wconf 82' lang='grc' dir='ltr'>πός</span> <span class='ocrx_word' id='word_1_833' title='bbox 2279 5351 2436 5403; x_wconf 83' lang='grc' dir='ltr'><strong>φησι.</strong></span> <span class='ocrx_word' id='word_1_834' title='bbox 2471 5335 2580 5387; x_wconf 85' lang='lat' dir='ltr'><strong>Kal</strong></span> <span class='ocrx_word' id='word_1_835' title='bbox 2612 5329 2759 5386; x_wconf 78' lang='grc' dir='ltr'><strong>οὗτοι</strong></span> <span class='ocrx_word' id='word_1_836' title='bbox 2794 5334 2892 5403; x_wconf 81' lang='grc' dir='ltr'><strong>μὲν</strong></span> <span class='ocrx_word' id='word_1_837' title='bbox 2916 5333 3123 5398; x_wconf 73' lang='grc' dir='ltr'>οὕτως·</span> <span class='ocrx_word' id='word_1_838' title='bbox 3155 5335 3182 5385; x_wconf 89' lang='lat'><strong>6</strong></span> <span class='ocrx_word' id='word_1_839' title='bbox 3208 5333 3264 5386; x_wconf 81' lang='grc' dir='ltr'><strong>δὲ</strong></span> <span class='ocrx_word' id='word_1_840' title='bbox 3288 5330 3615 5399; x_wconf 77' lang='grc' dir='ltr'><strong>Θεοδώρητος</strong></span> <span class='ocrx_word' id='word_1_841' title='bbox 3636 5322 3687 5390; x_wconf 67' lang='grc' dir='ltr'><strong>τῇ</strong></span> 
     </span>
    </p>
   </div>
   <div class='ocr_carea' id='block_1_115' title="bbox 2153 5424 3469 5495">
    <p class='ocr_par' dir='ltr' id='par_1_115' title="bbox 2153 5424 3469 5495">
     <span class='ocr_line' id='line_1_115' title="bbox 2153 5424 3469 5495; baseline -0.001 -19"><span class='ocrx_word' id='word_1_842' title='bbox 2153 5424 2301 5495; x_wconf 61' lang='grc' dir='ltr'><strong>Σύρει</strong></span> <span class='ocrx_word' id='word_1_843' title='bbox 2326 5425 2540 5495; x_wconf 82' lang='grc' dir='ltr'><strong>γλώττῃ</strong></span> <span class='ocrx_word' id='word_1_844' title='bbox 2565 5426 2690 5487; x_wconf 82' lang='grc' dir='ltr'>τοὺς</span> <span class='ocrx_word' id='word_1_845' title='bbox 2719 5427 2779 5492; x_wconf 78' lang='grc' dir='ltr'>ἐξ</span> <span class='ocrx_word' id='word_1_846' title='bbox 2830 5427 3002 5495; x_wconf 75' lang='grc' dir='ltr'>Ἀδὰμ</span> <span class='ocrx_word' id='word_1_847' title='bbox 3029 5424 3267 5495; x_wconf 78' lang='grc' dir='ltr'><strong>χρᾶσθαι</strong></span> <span class='ocrx_word' id='word_1_848' title='bbox 3288 5438 3469 5494; x_wconf 78' lang='grc' dir='ltr'><strong>φησιν.</strong></span> 
     </span>
    </p>
   </div>
   <div class='ocr_carea' id='block_1_116' title="bbox 2236 5506 3685 5586">
    <p class='ocr_par' dir='ltr' id='par_1_116' title="bbox 2236 5506 3685 5586">
     <span class='ocr_line' id='line_1_116' title="bbox 2236 5506 3685 5586; baseline -0.001 -18"><span class='ocrx_word' id='word_1_849' title='bbox 2236 5516 2432 5569; x_wconf 73' lang='grc' dir='ltr'><strong>’ἰστέον</strong></span> <span class='ocrx_word' id='word_1_850' title='bbox 2458 5516 2515 5569; x_wconf 84' lang='grc' dir='ltr'>δὲ</span> <span class='ocrx_word' id='word_1_851' title='bbox 2565 5517 2703 5571; x_wconf 84' lang='grc' dir='ltr'><strong>ὃτιὸ</strong></span> <span class='ocrx_word' id='word_1_852' title='bbox 2746 5518 2844 5571; x_wconf 89' lang='grc' dir='ltr'><strong>τοῦ</strong></span> <span class='ocrx_word' id='word_1_853' title='bbox 2886 5519 3016 5586; x_wconf 85' lang='grc' dir='ltr'><strong>Χὰμ</strong></span> <span class='ocrx_word' id='word_1_854' title='bbox 3055 5519 3169 5582; x_wconf 80' lang='grc' dir='ltr'><strong>υἱὸς</strong></span> <span class='ocrx_word' id='word_1_855' title='bbox 3218 5518 3437 5570; x_wconf 79' lang='grc' dir='ltr'><strong>Χαναὰν</strong></span> <span class='ocrx_word' id='word_1_856' title='bbox 3463 5512 3578 5566; x_wconf 68' lang='grc' dir='ltr'><strong>ἰδὼν</strong></span> <span class='ocrx_word' id='word_1_857' title='bbox 3607 5506 3685 5583; x_wconf 67' lang='grc' dir='ltr'><strong>τῂν</strong></span> 
     </span>
    </p>
   </div>
   <div class='ocr_carea' id='block_1_117' title="bbox 2151 5600 3683 5681">
    <p class='ocr_par' dir='ltr' id='par_1_117' title="bbox 2151 5600 3683 5681">
     <span class='ocr_line' id='line_1_117' title="bbox 2151 5600 3683 5681; baseline -0.001 -21"><span class='ocrx_word' id='word_1_858' title='bbox 2151 5612 2286 5680; x_wconf 74' lang='grc' dir='ltr'>πρὸς</span> <span class='ocrx_word' id='word_1_859' title='bbox 2342 5609 2430 5661; x_wconf 70' lang='grc' dir='ltr'><strong>τὸν</strong></span> <span class='ocrx_word' id='word_1_860' title='bbox 2491 5611 2721 5664; x_wconf 76' lang='grc' dir='ltr'><strong>Λίϐανον</strong></span> <span class='ocrx_word' id='word_1_861' title='bbox 2754 5612 2857 5680; x_wconf 69' lang='grc' dir='ltr'>γῆν</span> <span class='ocrx_word' id='word_1_862' title='bbox 2910 5613 2991 5664; x_wconf 70' lang='grc' dir='ltr'><strong>ἔτι</strong></span> <span class='ocrx_word' id='word_1_863' title='bbox 3046 5606 3416 5681; x_wconf 71' lang='grc' dir='ltr'><strong>ἀγαθή’ὲστι,</strong></span> <span class='ocrx_word' id='word_1_864' title='bbox 3451 5606 3582 5678; x_wconf 69' lang='grc' dir='ltr'><strong>μετᾲ</strong></span> <span class='ocrx_word' id='word_1_865' title='bbox 3606 5600 3683 5669; x_wconf 74' lang='grc' dir='ltr'><strong>τὴν</strong></span> 
     </span>
    </p>
   </div>
   <div class='ocr_carea' id='block_1_118' title="bbox 1044 5759 2444 5834">
    <p class='ocr_par' dir='ltr' id='par_1_118' title="bbox 1044 5759 2444 5834">
     <span class='ocr_line' id='line_1_118' title="bbox 1044 5759 2444 5834; baseline -0.001 -8"><span class='ocrx_word' id='word_1_866' title='bbox 1044 5776 1083 5808; x_wconf 84' lang='grc'>¹⁷</span> <span class='ocrx_word' id='word_1_867' title='bbox 1114 5772 1250 5828; x_wconf 88' lang='lat' dir='ltr'><strong>ibid.</strong></span> <span class='ocrx_word' id='word_1_868' title='bbox 1284 5771 1337 5826; x_wconf 81' lang='grc' dir='ltr'><strong>ϐ.</strong></span> <span class='ocrx_word' id='word_1_869' title='bbox 1416 5759 1665 5824; x_wconf 65' lang='lat' dir='ltr'><strong>“Mare.</strong></span> <span class='ocrx_word' id='word_1_870' title='bbox 1700 5783 1791 5831; x_wconf 68' lang='lat' dir='ltr'><strong>ru,</strong></span> <span class='ocrx_word' id='word_1_871' title='bbox 1826 5767 1915 5820; x_wconf 65' lang='lat' dir='ltr'><strong>Si.</strong></span> <span class='ocrx_word' id='word_1_872' title='bbox 1997 5769 2037 5800; x_wconf 68' lang='lat'><strong>‘9</strong></span> <span class='ocrx_word' id='word_1_873' title='bbox 2082 5769 2240 5823; x_wconf 66' lang='lat' dir='ltr'><strong>Marc.</strong></span> <span class='ocrx_word' id='word_1_874' title='bbox 2275 5785 2324 5834; x_wconf 75' lang='grc' dir='ltr'><strong>ι’,</strong></span> <span class='ocrx_word' id='word_1_875' title='bbox 2362 5771 2444 5824; x_wconf 80' lang='grc' dir='ltr'><strong>Η.</strong></span> 
     </span>
    </p>
   </div>
   <div class='ocr_carea' id='block_1_119' title="bbox 3824 5568 3829 5699">
    <p class='ocr_par' dir='ltr' id='par_1_119' title="bbox 3824 5568 3829 5699">
     <span class='ocr_line' id='line_1_119' title="bbox 3824 5568 3829 5699; baseline 0 0"><span class='ocrx_word' id='word_1_876' title='bbox 3824 5586 3829 5699; x_wconf 73' lang='lat' dir='ltr'><strong>l</strong></span> 
     </span>
    </p>
   </div>
  </div>
