3862 6228
202 326 298 388 233

1405 318 1803 377 ANNALIUM
1849 317 2040 376 ΡΛΠὸ
2085 318 2152 377 ll.

3293 320 3397 382 254

199 437 320 507 πρὸς
348 433 534 496 αὐτοὺς
563 431 930 502 κληροδοσίαν,
965 430 1059 484 καὶ
1085 430 1350 500 κρείττων
1391 431 1488 499 τῆς
1532 429 1725 483 ἑαυτοῦ

1843 445 1937 497 ine
1970 434 2272 498 meliorem,
2315 441 2440 500 post
2484 433 2804 488 divisionem
2855 434 2998 488 inter
3031 432 3155 490 Nom
3203 434 3402 491 liberos

200 530 308 596 γῆς,
331 524 648 595 τυραννικῶς
672 523 1025 594 καθήρπαξεν
1047 523 1238 593 αὐτὴν,
1271 524 1363 575 καὶ
1389 525 1516 585 τοὺς
1551 525 1612 575 ἐκ
1638 521 1730 574 τοῦ

198 619 300 688 Σὴμ
325 615 678 686 κληρονόμους
706 614 916 667 ἐκεῖθεν
943 614 1197 684 ἐξήλασε.
1219 613 1320 666 Καὶ
1352 613 1494 665 οὕτω
1525 615 1672 666 πᾶσα
1696 614 1728 680 ἠ

199 711 258 777 γῆ
283 712 374 776 τῆς
398 706 722 773 ἐπαγγελίας
752 707 845 757 τοῦ
872 705 1092 758 Χαναὰν
1117 703 1560 774 προσηγορεύθη.
1627 705 1732 755 Καὶ

205 801 439 868 Ἰώσηππς
465 799 517 850 δέ
542 815 706 865 φησιν
737 797 822 849 ὅτε
847 796 1068 849 Χαναὰν
1097 797 1360 864 τέταρτος
1385 794 1459 846 ὢν
1489 795 1581 846 τοῦ
1605 795 1733 863 Χόιμ

195 896 324 955 παῖς,
361 890 454 960 τὴν
525 889 783 960 Ἰουδαίαν
832 889 1179 958 καλουμένην
1219 887 1448 956 οξκήσας
1509 886 1732 939 Χαναὰν

194 984 272 1053 ἀφ’
308 981 490 1034 ἑαυτοῦ
522 982 980 1051 προσηγόρευσεν.
1662 983 1668 989 ’

261 1076 312 1128 ’0
340 1077 391 1127 δὲ
438 1075 550 1142 Σὴμ
587 1078 752 1142 γεννᾷ.
786 1077 878 1126 τὸν
927 1073 1196 1143 Ἀρφαξᾶ,
1259 1071 1504 1143 Ἀρφαξᾶ
1544 1071 1600 1124 δὲ
1641 1071 1733 1124 τὸν

192 1170 389 1221 Καῖνᾶν.
449 1160 614 1231 Οὗτος
669 1168 791 1220 δὲ.ό
831 1169 1059 1233 Καϊνᾶς,
1119 1168 1193 1230 ὥς
1251 1184 1384 1238 φησι
1435 1166 1729 1234 Γεώργιος,

193 1260 539 1330 συνεγράψατο
571 1261 669 1330 τὴν
723 1252 1109 1331 ἀστρονομίαν,
1153 1260 1403 1330 εὑρηκὼς
1438 1261 1538 1331 τὴν
1579 1259 1731 1329 παρὰ

189 1352 268 1404 τοῦ
295 1353 392 1421 Σὴθ
420 1355 510 1406 καὶ
541 1352 649 1403 τῶν
675 1352 838 1404 αὐτοῦ
864 1352 1068 1404 τέκνων
1092 1350 1408 1404 ὲκτεθείσαν
1436 1351 1732 1416 ὀνομασίαν

189 1444 282 1496 τῶν
331 1444 568 1514 ἀστέρων
625 1445 683 1496 ὲν
725 1443 896 1496 πλακὶ
954 1440 1134 1513 λιθίνῃ
1193 1443 1608 1513 γεγραμμένην.
1669 1445 1731 1495 0i

190 1537 283 1605 γὰρ
314 1536 398 1588 τοῦ
422 1536 525 1606 Σὴθ
551 1536 764 1604 ἔγγονοι
796 1536 1208 1605 προμυηθέντες
1239 1535 1446 1588 ἄνωθεν
1479 1536 1579 1603 τὴν
1609 1535 1734 1604 μέ).-

189 1629 362 1681 λουσαν
393 1627 644 1695 γενέσθαι
671 1627 881 1698 φθορὰν
911 1629 1017 1681 τῶν
1063 1628 1370 1697 ἀνθρώπων
1407 1628 1497 1680 διά
1530 1645 1589 1680 τε
1624 1643 1731 1679 πυ-

194 1718 269 1788 ρὸς
308 1719 396 1770 καὶ
444 1716 659 1781 ὓδατος,
695 1719 793 1772 καὶ
846 1720 1176 1789 ποιήσαντες
1221 1720 1314 1772 δύο
1345 1719 1567 1790 στήλας,
1604 1719 1732 1788 μίαν

194 1811 280 1881 μὲν
309 1809 529 1880 λιθίνην,
556 1811 751 1879 ἑτέραν
773 1811 826 1864 δὲ
853 1811 1152 1881 πλινθίνην,
1177 1811 1424 1881 ἔγραψαν
1456 1813 1522 1865 τὰ
1556 1812 1620 1864 ἐκ
1642 1811 1733 1864 τοῦ

189 1905 386 1957 πάππου
415 1903 594 1957 αὐτῶν
625 1902 731 1972 Σὴθ
767 1903 1060 1955 ἐκτεθέντα
1107 1903 1335 1972 οὐράνια
1359 1903 1557 1968 πάντα,
1589 1905 1738 1972 λογι-

191 1994 389 2062 σάμενοι
445 1994 526 2046 ὅτι
579 1993 628 2044 εἰ
674 1992 774 2062 μὲν
818 1993 886 2046 δι’
917 1991 1112 2054 ὓδατος
1148 1994 1175 2045 ὁ
1231 1993 1438 2062 κόσμος
1467 1994 1735 2066 φθαρῇ,ἡ

188 2086 336 2156 λιθίνη
395 2087 561 2157 στήλη
609 2087 764 2154 μενεί
809 2087 903 2139 καὶ
953 2086 1022 2138 τὰ
1073 2086 1132 2138 ὲν
1185 2087 1323 2156 αὐτῇ
1366 2088 1735 2156 γεγραμμένα

191 2180 321 2250 (ἦτις
345 2179 506 2250 στήλη
545 2177 685 2248 μετὰ
732 2180 822 2232 τὸν
851 2165 1238 2248 κατακλυσμον
1290 2181 1370 2240 εἰς
1423 2181 1483 2232 τὸ
1527 2180 1741 2250 Σίδιρον

189 2271 293 2342 δρος
311 2272 504 2340 ἔμεινε,
524 2271 622 2324 καὶ
645 2269 793 2322 ἐστιν
820 2269 922 2332 ἕως
947 2269 1092 2340 ἄρτι,
1115 2268 1188 2330 ὦς
1223 2286 1387 2338 φησιν
1427 2268 1732 2340 Ἰώσηπος),

188 2367 228 2418 si
253 2364 302 2417 δὲ
333 2365 415 2420 διὰ
437 2363 608 2435 πυρὸς
641 2364 868 2434 γένηται
902 2365 934 2432 ἡ
985 2362 1183 2432 φθορὰ,
1225 2365 1380 2432 μενεί
1424 2363 1488 2416 ἂν
1519 2364 1553 2433 η
1582 2364 1737 2418 πλιν-

188 2462 308 2531 θίνη.

253 2557 508 2629 ’Δνεφάνη
547 2558 604 2611 δὲ
635 2560 698 2612 ὲκ
733 2545 830 2627 τῆς
854 2556 947 2610 τοῦ
973 2555 1092 2626 Σὴμ
1117 2555 1290 2626 φυλῆς
1317 2557 1506 2627 ἔτερος
1548 2573 1736 2625 γιγαν-

188 2651 386 2720 τογενὴς
435 2650 673 2728 τοῦνομα
726 2651 954 2721 Κρόνος.
1011 2645 1179 2712 Οὗτος
1243 2649 1385 2702 πάνυ
1441 2649 1734 2717 γενόμενος

189 2742 381 2806 δυνατὸς
407 2745 502 2797 καὶ⁵
535 2742 766 2804 πολλοὺς
797 2742 1091 2806 ὑποτάξας,
1121 2743 1337 2808 πρῶτος
1375 2740 1651 2806 κατέδειξε
1676 2743 1735 2794 τὸ

189 2831 468 2899 βασιλεύειν
502 2832 596 2884 καὶ
629 2831 734 2884 τῶν
765 2830 940 2884 ἄλλων
995 2832 1239 2899 κρατεῖν,
1272 2833 1366 2882 καὶ
1407 2830 1735 2898 βασιλεύσας

187 2925 373 2996 πρῶτος
405 2925 710 2995 Ἀσσυρίων
739 2925 833 2993 ἐτη
864 2910 952 2986 νς’
995 2923 1232 2983 ὑπέταξε
1272 2924 1451 2976 πᾶσαν
1492 2923 1594 2991 τὴν
1632 2927 1735 2993 γῆν

188 3016 442 3088 Περσίδος.
466 3017 622 3070 Μετὰ
650 3016 706 3068 δὲ
733 3014 939 3084 Κρόνον
963 3013 1284 3065 ἐσασίλευσε
1316 3013 1476 3074 Νῖνος
1509 3011 1604 3080 ἐτη
1633 3007 1733 3078 νβ’,

1838 522 2032 576 factam
2080 541 2176 594 per
2210 527 2317 579 vim
2371 527 2510 581 hanc
2541 527 2709 594 ipsam
2753 529 3016 597 rapuisse,
3061 544 3122 590 ac
3157 539 3406 598 posteros

1836 627 1898 666 ex
1929 629 1992 667 ea
2024 615 2168 668 Serui
2209 617 2450 682 eiecisse.
2489 618 2607 680 Quo
2647 618 2846 670 factum
2880 629 2940 672 ut
2969 619 3225 672 universa
3265 629 3406 674 terra

1835 703 1924 756 illa
1953 705 2331 772 promissionis
2365 706 2672 762 Chanaanis
2721 711 2872 779 regio
2904 721 3210 763 vocaretur.
3244 708 3405 763 lose-

1837 796 1978 863 phus
2004 812 2223 866 quoque
2243 810 2638 854 commemorat
2663 815 2692 854 a
2727 801 3020 856 Chauaaue
3041 799 3406 856 Chananaeam

1835 884 2006 940 fuisse
2035 888 2387 956 appellatam.

1868 1049 2102 1118 'Semus
2136 1074 2316 1120 autem
2381 1065 2693 1135 Arphaxam
2739 1067 3068 1135 procreavit,
3129 1069 3407 1138 Arphaxas

1835 1158 2157 1223 Cainanem,
2190 1159 2281 1227 qui
2315 1170 2536 1213 auctore
2569 1158 2801 1230 Georgio
2830 1159 2985 1212 libris
3015 1160 3406 1214 astronomiam

1835 1251 2155 1318 complexus
2198 1259 2297 1314 est,
2325 1266 2452 1304 eum
2505 1251 2902 1318 appellationes
2961 1252 3200 1306 siderum
3233 1267 3262 1306 a
3315 1254 3411 1308 Se-

1835 1342 1932 1396 tho
1960 1343 2190 1409 ejusque
2231 1341 2466 1408 posteris
2494 1339 2762 1394 iudicatas
2783 1349 2838 1394 et
2868 1341 3081 1410 lapidea
3114 1342 3169 1395 in
3227 1344 3408 1397 tabula

1837 1427 2168 1501 perscriptas
2235 1431 2549 1498 reperissct.
2616 1430 2750 1484 Nam
2813 1446 2935 1486 eum
2981 1431 3018 1485 ii
3069 1433 3238 1486 multo
3285 1443 3412 1508 ante

1836 1524 2066 1578 fuissent
2092 1523 2270 1576 cdocti
2307 1523 2547 1575 futurum
2585 1531 2642 1575 ut
2673 1523 2922 1576 homines
2960 1532 3067 1578 tam
3103 1541 3202 1596 per
3231 1529 3410 1595 ignem

1836 1631 1997 1686 quam
2034 1632 2230 1685 aquam
2266 1616 2580 1678 inter-irent,
2614 1616 2814 1670 erectis
2848 1616 3063 1672 duabus
3117 1619 3408 1683 columnis,

1843 1705 2083 1778 quarum
2121 1725 2227 1778 una
2259 1709 2474 1778 lapidea
2510 1709 2670 1772 foret,
2727 1709 2894 1763 altera
2935 1709 3200 1776 latericia,
3244 1712 3410 1766 ecule-

1840 1801 2006 1853 stinm
2068 1815 2252 1852 rerum
2308 1798 2710 1867 descriptiones
2736 1799 2805 1852 ab
2857 1815 2959 1854 avo
3019 1801 3292 1868 expositas
3346 1800 3412 1854 iis

1839 1891 1971 1958 ipsis
2005 1892 2430 1960 insculpseraut,
2461 1905 2584 1943 cum
2627 1905 2812 1944 secum
2877 1891 3114 1948 rationes
3167 1893 3264 1948 has
3310 1894 3412 1946 ini-

1836 1982 2063 2044 t‘issent,
2090 1980 2358 2050 siquidem
2397 1981 2714 2035 usuvcuirct
2747 1988 2806 2034 ut
2834 1996 2930 2050 per
2956 1974 3150 2050 aqtfam
3173 1983 3411 2038 mundus

1837 2073 2109 2134 interiret,
2138 2073 2406 2138 lapideam
2449 2073 2758 2126 columnam
2786 2087 2910 2126 cum
2954 2073 3228 2141 inscriptis
3262 2073 3408 2129 litte-

1836 2167 1913 2219 ris
1949 2165 2380 2234 superfuturam,
2407 2182 2524 2234 quae
2547 2181 2678 2219 sane
2712 2166 3117 2235 postdiluvium
3142 2167 3195 2218 in
3228 2174 3412 2220 monte

1840 2258 2022 2312 Sidiro
2053 2258 2200 2312 salva
2243 2267 2457 2326 reperta
2497 2266 2577 2312 est
2624 2257 2893 2325 hodieque
2927 2266 3118 2322 restat,
3169 2256 3412 2326 Josepho

1839 2358 1980 2403 teste
2011 2368 2023 2413 ;
2060 2348 2144 2403 sin
2172 2363 2269 2417 per
2300 2348 2481 2418 ignem
2513 2336 2752 2402 mundus
2793 2357 3264 2417 corrumperetur,
3297 2364 3413 2400 om-

1839 2442 1973 2496 nino
2007 2451 2391 2510 superaturam
2420 2441 2734 2494 columnam
2767 2440 3094 2494 latericiam.

1911 2534 2180 2586 Czeterum
2221 2547 2285 2584 ex
2345 2530 2516 2599 stirpe
2557 2530 2702 2584 Semi
2752 2530 2972 2598 quidam
3044 2530 3272 2597 exstitit,
3331 2529 3410 2598 gi-

1839 2634 2061 2694 gantum
2087 2622 2298 2692 origine
2332 2632 2504 2688 satus,
2533 2624 2619 2676 cui
2644 2638 2842 2677 nomen
2877 2631 3025 2676 esset
3057 2621 3292 2677 Cronus.
3313 2620 3413 2678 llic

1838 2733 1960 2772 cum
1993 2731 2240 2786 magnam
2298 2715 2365 2768 ad
2435 2716 2730 2783 potentiam
2777 2723 2924 2769 esset
2978 2725 3201 2769 evectus
3237 2717 3449 2796 impe-I

1838 2811 2030 2879 rioque
2077 2825 2176 2863 suo
2234 2808 2436 2862 multos
2493 2808 2754 2862 mortales
2799 2807 3142 2877 subiecisset,
3203 2806 3414 2876 primus

1837 2903 2096 2972 regnandi
2123 2901 2342 2954 modum
2365 2910 2421 2954 et
2449 2900 2589 2954 alios
2616 2900 2718 2954 sub
2736 2900 2922 2969 jugum
2955 2899 3205 2954 mittendi
3229 2907 3411 2954 osten-

1838 2995 1955 3060 dit;
1997 2999 2258 3060 'cumque
2324 2991 2578 3060 princeps
2647 2992 2990 3060 Assyriorum
3061 3005 3230 3059 regno
3270 2999 3412 3045 totos
3508 3004 3524 3013 '

187 3109 233 3170 ὅς
262 3126 316 3176 γε
351 3109 449 3179 τὴν
475 3109 684 3160 οἰκείαν
715 3106 929 3176 μητέρα
971 3106 1279 3175 Σεμίραμιν
1311 3102 1493 3155 λαϐὼν
1519 3105 1597 3165 είς
1638 3119 1735 3169 γυ-

1843 3084 1906 3137 56
1938 3098 2110 3138 annos
2145 3082 2435 3148 potiretur,
2467 3081 2778 3134 universam
2821 3080 2924 3134 sibi
2966 3079 3238 3134 Persidem
3265 3079 3412 3134 dicto

187 3201 344 3265 ναῑκα,
362 3201 525 3270 νόμος
549 3198 770 3267 ἐγένετο
792 3197 1032 3267 Πέρσαις
1064 3195 1367 3265 λαμϐάνειν
1396 3196 1496 3258 τὰς
1526 3193 1735 3248 ἑαυτῶν

189 3295 404 3365 μητέρας
440 3295 536 3346 καὶ
596 3291 850 3360 ἀδελφάς.
920 3290 1010 3352 Ἐξ
1039 3283 1099 3341 οὗ
1150 3289 1340 3356 γένους
1397 3289 1612 3356 ἐγένετο
1643 3287 1736 3340 καὶ

189 3387 514 3457 Ζωρόαστρος
546 3387 573 3438 ὀ
614 3383 942 3454 περιϐόητος
999 3381 1228 3451 Περσῶν
1286 3382 1641 3450 ἀστρονόμος,
1678 3379 1734 3442 ὃς

189 3472 290 3532 εἷπε
342 3481 449 3540 τοῖς
509 3477 772 3544 Πέρσαις,
836 3491 854 3525 ι
909 3472 1036 3524 Ἐὰν
1070 3471 1252 3544 καύσῃ
1284 3487 1350 3541 με
1383 3471 1444 3524 τὺ
1484 3471 1736 3540 οὐράνιον

189 3572 320 3642 πῦρ,
356 3589 374 3624 ι
431 3568 620 3642 (τοῦτο
658 3567 768 3637 γὰρ
816 3565 908 3620 καὶ
959 3562 1187 3634 ηὔχετο)
1243 3583 1261 3616 ι
1304 3563 1590 3616 λάϐετεὲκ
1629 3563 1736 3615 τῶν

188 3667 361 3720 ὀστέων
393 3682 518 3738 μου,
556 3664 650 3716 καὶ
691 3661 994 3731 φυλάσσετε
1026 3660 1107 3720 είς
1148 3659 1409 3712 σύστασιν
1445 3658 1540 3726 τῆς
1583 3657 1732 3725 βασι⁶

187 3757 314 3821 λείας
339 3758 512 3825 ὑμῶν.
553 3775 572 3807 ι
625 3756 689 3807 Ὃ
728 3753 791 3824 δὴ
831 3753 924 3804 καὶ
954 3754 1194 3819 γέγονεν.
1255 3749 1343 3801 Ἐν
1367 3749 1423 3800 δὲ
1448 3751 1562 3812 ταῖς
1598 3750 1738 3799 ἱστο-

193 3851 313 3919 ρίαις
338 3846 422 3915 αἷς
450 3850 719 3920 ἐχρήσατο
746 3845 886 3898 κατὰ
923 3842 1213 3897 Ἰουλιανοῦ
1238 3844 1264 3895 ὁ
1284 3841 1531 3908 θεολόγος
1566 3841 1738 3909 μέγας

189 3943 461 4013 Γρηγόριος
489 3943 582 3994 καὶ⁷
615 3938 738 3992 τάδε
768 3935 923 4007 φησί·
957 3935 1070 4004 Τὴν
1097 3933 1462 4004 ἀστρονομίαν
1485 3933 1734 4001 λέγονται

190 4036 383 4104 πρῶτον
420 4035 714 4104 εὑρηκέναι
740 4029 1077 4083 Βαϐυλώνιοι
1098 4026 1187 4079 διὰ
1212 4026 1588 4096 Ζωροάστρου,
1620 4023 1740 4077 δεύ-

170 4135 324 4195 ’τερον
377 4126 430 4179 δὲ
463 4124 710 4188 ἐδέξαντο
772 4121 822 4173 οἱ
872 4117 1186 4187 Αἰγύπτιοι.
1247 4116 1359 4185 Τὴν
1411 4115 1466 4167 δὲ
1504 4113 1738 4183 μαγείαν

191 4210 328 4288 εὖρον
353 4217 547 4285 Μῆδοι,
574 4211 692 4267 εἶτα
728 4210 964 4282 Πέρσαι.
993 4207 1254 4276 Διαφέρει
1282 4206 1338 4259 δὲ
1381 4205 1582 4275 μαγεία
1610 4221 1742 4274 γοη-

190 4311 342 4374 τείας.
379 4311 484 4364 Καὶ
512 4311 545 4378 ὴ
575 4307 676 4379 μὲν
711 4305 912 4376 μαγεία
941 4302 1233 4370 ἐπίκλησίς
1272 4301 1439 4363 ἐστιν,
1475 4297 1549 4362 ὣς
1582 4314 1735 4366 φασι,

191 4400 440 4471 δαιμόνων
471 4394 824 4466 ἀγαθοποιῶν
856 4391 992 4460 πρὸς
1032 4388 1240 4456 ἀγαθοῦ
1266 4403 1414 4449 τινος
1439 4385 1700 4437 σύστασιν
1722 4398 1735 4412 ⁸

1838 3174 2150 3228 audientem
2179 3171 2436 3226 reddidit.
2478 3170 2609 3224 Post
2652 3168 2892 3224 Cronum
2931 3168 3001 3222 52
3027 3184 3201 3223 annos
3236 3169 3414 3222 Ninus

1838 3267 2106 3337 regnavit,
2137 3265 2228 3334 qui
2268 3279 2392 3318 cum
2424 3267 2655 3318 matrem
2703 3275 3026 3332 germanam
3093 3260 3414 3314 Semirami-

1837 3360 1960 3414 dem
2013 3358 2368 3413 matrimonio
2402 3357 2506 3412 sibi
2556 3355 2848 3427 iunxisset,
2883 3356 2966 3408 lex
3018 3354 3161 3424 apud
3218 3353 3414 3408 Persas

1839 3452 2084 3514 inolevit,
2122 3468 2229 3520 qua
2263 3450 2343 3504 fas
2371 3459 2517 3504 esset
2545 3457 2747 3503 matre’s
2789 3463 2852 3502 ac
2887 3462 3109 3502 sorores
3135 3447 3188 3500 in
3212 3461 3413 3500 uxores

1838 3547 2064 3600 ducere.
2088 3545 2296 3599 Prodiit
2317 3561 2380 3598 ex
2411 3544 2512 3597 hac
2537 3543 2738 3596 familia
2764 3541 3146 3604 et_Zoroaster,
3187 3539 3414 3611 insignis

1838 3657 1901 3694 ac
1937 3640 2328 3694 celeberrimus
2387 3637 2477 3692 ille
2540 3636 2826 3692 Persarum
2880 3644 3268 3699 astronomus;
3318 3633 3412 3703 qui

1839 3732 2021 3788 Persis
2062 3732 2319 3800 praecepit
2352 3738 2410 3784 ut
2465 3729 2508 3782 si
2546 3729 2614 3783 ab
2651 3729 2775 3798 igne
2807 3726 3015 3782 caalesti
3063 3735 3411 3788 exoreretur,

1840 3826 1894 3880 id
1942 3823 2086 3893 quod
2116 3823 2254 3876 votis
2285 3821 2574 3889 expetebat
2605 3829 2661 3874 ut
2709 3820 2882 3882 ﬁeret,
2941 3819 3147 3872 ossium
3188 3833 3412 3872 suorum

1842 3914 2103 3982 reliquias
2135 3922 2436 3976 sumerent,
2476 3925 2678 3979 easque
2708 3911 2773 3964 ad
2832 3911 2984 3979 regni
3029 3907 3411 3963 excitationem

1841 4013 2267 4069 conservarent;
2302 4003 2387 4057 cui
2415 4002 2758 4073 prmdictioni
2805 4013 3036 4055 eventus
3073 4001 3272 4054 deinde
3327 4013 3413 4052 rc—

1841 4099 2080 4170 spondit.
2115 4097 2176 4150 In
2208 4095 2451 4150 historiis
2487 4094 2596 4147 illis
2620 4093 2818 4162 quibus
2847 4091 3111 4146 adversus
3137 4090 3411 4144 Juliauum

1841 4190 2135 4261 Gregorius
2166 4189 2258 4242 ille
2284 4186 2599 4254 Theologus
2630 4200 2760 4239 usus
2781 4193 2884 4248 est,
2915 4182 3028 4236 haec
3068 4173 3229 4236 etiam
3248 4183 3413 4234 verba

1841 4283 2194 4352 reperiuutur
2255 4276 2712 4333 :Astronomiam
2773 4275 2936 4344 primi
2990 4270 3266 4342 Babyl0uii
3322 4267 3452 4340 per

1843 4375 2190 4429 Zoroastrum
2241 4371 2516 4425 invenisse
2556 4367 2934 4436 perhibentur.
2983 4380 3012 4418 a
3051 4363 3253 4433 quibus
3295 4377 3412 4416 eam

192 4489 396 4557 γοητεία
416 4489 470 4542 δέ
509 4489 626 4540 ἐστι
661 4482 933 4552 δαιμόνων
967 4477 1279 4530 κακοποιῶν
1325 4475 1454 4544 περὶ
1491 4473 1616 4534 τοὺς
1647 4471 1735 4524 τά-

1845 4467 2107 4536 deinceps
2148 4461 2393 4533 Egyptii
2435 4460 2769 4529 acceperint.
2805 4457 2977 4526 Magia
3010 4455 3290 4508 Medorum
3327 4453 3414 4505 iu-

193 4602 307 4653 φους
338 4583 661 4653 εἰλουμένων
692 4579 784 4632 ἐπὶ
818 4575 990 4630 κακοῦ
1025 4589 1168 4633 τινος
1195 4570 1474 4631 σύστασις.
1512 4564 1740 4634 Γοητεία

194 4679 241 4730 δὲ
268 4671 487 4748 ἢκουσε-,ι
518 4673 628 4728 ἀπὸ
656 4670 765 4724 τῶν
815 4668 958 4737 γοῶν
1015 4666 1111 4718 καὶ
1144 4665 1253 4714 τῶν
1289 4660 1506 4729 θρήνων
1540 4657 1648 4708 τῶν
1683 4658 1740 4707 ἐν

194 4745 296 4830 τοῖς.
316 4769 503 4835 τάφοις
537 4761 863 4833 γινομένων,
904 4754 1110 4826 μαγεία
1138 4753 1194 4804 δὲ
1238 4751 1346 4802 ἀπὸ
1377 4745 1741 4815 Μαγουσαίιυν

196 4859 300 4928 ἢτοι
331 4857 572 4928 Περσῶν,
605 4853 731 4906 ὃθεν
767 4850 888 4919 ἔσχε
921 4848 1017 4899 καὶ
1048 4844 1144 4913 τὴν
1173 4844 1380 4912 ἀρχὴν·
1419 4837 1626 4906 Μαγὼς
1654 4839 1746 4928 ὲγ-

197 4927 386 5020 χωρίως
407 4927 454 5002 οἱ
484 4948 692 5016 Πέρσαι
719 4941 994 5007 λέγονται.
1028 4937 1086 4988 '0
1114 4935 1298 5004 μέντοι
1339 4931 1510 5002 μέγας
1544 4927 1745 5000 Κὶριλ-

197 5045 273 5106 λος
302 5045 484 5105 ἐντοῖς
515 5040 655 5093 κατὰ
706 5031 997 5088 Ἰουλιανοῦ
1029 5029 1123 5082 καὶ
1157 5027 1283 5080 τάδε
1320 5026 1549 5093 γράφων
1576 5022 1744 5093 εὓρη-

198 5153 294 5199 ται,
317 5137 391 5189 ὅτι
418 5134 555 5204 μετὰ
589 5127 879 5183 ἐννακόσια
916 5122 1013 5190 ἔτη
1066 5117 1157 5172 τοῦ
1195 5115 1586 5184 κατακλυσμοῦ
1635 5115 1746 5168 τῶν

210 5229 485 5300 Ἀσσνρῖων
514 5223 863 5278 ἐϐασίλευσεν
892 5214 1162 5284 Ἀρϐυλος
1197 5211 1412 5280 πρῶτος
1443 5212 1499 5260 ἐν
1529 5206 1743 5276 ἀνθρώ-

203 5318 504 5385 ποις.οῧτος
530 5320 654 5386 ἔσχε
689 5313 901 5382 πρῶτος
935 5313 1011 5370 είς
1043 5306 1236 5360 ἐαυτόν
1268 5304 1328 5355 τδ
1355 5304 1450 5372 τῆς
1495 5302 1749 5370 θεότητος

200 5415 364 5484 Vivaria.
410 5413 568 5466 Ἀλλὰ
603 5410 696 5462 καὶ
731 5405 889 5464 Νῖνος
923 5403 950 5464 ὁ
981 5399 1192 5453 ἐκείνου
1225 5397 1353 5455 παῖς
1380 5394 1596 5463 πρῶτος
1622 5393 1748 5444 Ἀσ-

205 5509 382 5576 συρῖων
415 5501 691 5573 ἐπιφανῶς
750 5492 1072 5566 βασιλεῦσαι
1106 5491 1344 5557 λέγεται,
1375 5479 1436 5540 οὗ
1462 5487 1748 5552 ἐπώνυμος

203 5598 232 5666 ὴ
288 5597 511 5667 Νινευὴ,
568 5591 634 5664 ἦς
687 5591 756 5642 τὰ
801 5588 956 5656 τείχη
1019 5583 1328 5653 Σεμίραμις
1393 5577 1750 5649 μεγαλοφυῶς

201 5690 532 5744 ἐσκευασατο.
612 5741 622 5756 ,
691 5704 696 5708 '

210 5781 465 5838 hominum
496 5781 599 5837 sibi
625 5778 924 5834 divinitatis
980 5770 1402 5846 appellationem
1454 5761 1742 5834 arrogarit.

1846 4569 2070 4614 ventum
2096 4567 2202 4618 est,
2234 4571 2264 4610 a
2295 4555 2495 4625 quibus
2539 4553 2605 4606 ad
2661 4551 2854 4605 Persas
2916 4545 3176 4626 manavit.
3219 4543 3417 4599 Diﬂert

1847 4650 2023 4705 haeca
2087 4648 2287 4719 goetia,
2345 4644 2490 4715 quod
2552 4641 2728 4712 magia
2781 4640 2852 4692 sit
2908 4635 3238 4705 imploratio,
3275 4633 3418 4686 sicut
3515 4693 3517 4695 ι

1846 4740 2020 4798 aiunt,
2049 4737 2417 4793 beneficorum
2451 4732 2732 4797 geniorum
2771 4727 2838 4782 ad
2900 4726 3026 4780 boni
3066 4724 3296 4794 alicujus
3339 4723 3421 4775 er—

1846 4832 2166 4892 fecﬁonem,
2221 4826 2400 4897 goetia
2468 4837 2597 4878 τιτι-ο
2654 4819 3025 4874 maleficorum
3067 4813 3420 4884 compellatio

1847 4921 2275 4995 geniorum,qui
2309 4918 2514 4970 circum
2571 4913 2821 4982 sepulcra
2875 4909 3209 4967 volutantur.
3265 4903 3423 4973 130

1847 5019 1915 5074 ad
1953 5018 2077 5072 mali
2108 5015 2343 5082 alicujus
2374 5009 2747 5064 effectionem.
2781 5004 2841 5057 Et
2883 5003 3073 5073 goetiaa
3109 5014 3312 5053 nomen
3345 4997 3420 5050 fa-

1847 5122 1996 5169 ctum
2034 5119 2117 5165 est
2143 5124 2171 5161 a
2205 5104 2506 5177 ploratibus
2539 5110 2596 5155 et
2643 5097 2923 5161 lamentis,
2970 5110 3090 5164 quae
3127 5106 3423 5149 consueve-

1850 5215 1982 5260 runt
2015 5203 2068 5256 in
2105 5197 2374 5269 sepulcris
2429 5195 2714 5258 exsistere,
2746 5205 2870 5245 cum
2936 5187 3108 5256 magia
3147 5184 3423 5256 dicatura

1854 5295 2157 5367 Magusmis,
2179 5295 2280 5346 hoc
2311 5297 2395 5343 est
2419 5285 2619 5350 Persis,
2645 5281 2897 5353 ‘ejusdcm
2924 5276 3256 5331 aut-toribus.
3288 5271 3422 5324 Nam

1855 5389 2051 5445 Persas
2086 5387 2265 5454 Magos
2301 5380 2563 5452 appellari
2603 5379 2786 5445 lingua
2824 5372 2956 5442 ipsis
2986 5367 3274 5424 vernacula
3300 5377 3455 5414 con-.

1858 5479 2265 5550 stat.‘Cyri|lus
2308 5483 2510 5550 autem,
2569 5473 2623 5524 in
2656 5468 2812 5522 libris
2853 5464 3118 5518 adversus
3147 5457 3425 5550 lulianum

1799 5591 1808 5619 ι
1857 5574 2102 5642 scriptis,
2139 5569 2309 5644 refcrt
2341 5540 2462 5637 post
2494 5578 2668 5618 annos
2699 5577 2729 5613 a
2758 5557 2966 5613 diluvio
3001 5555 3305 5646 nongentos
3324 5544 3431 5598 Ar-

1857 5641 2042 5736 byltim
2099 5641 2281 5732 regem
2339 5660 2574 5728 Assyriis
2661 5650 3026 5720 imperitasse,
3083 5641 3172 5710 qui
3218 5641 3430 5704 primus

1787 5757 2044 5831 Ejusdem
2111 5759 2250 5812 ﬁlius
2318 5755 2490 5808 Ninus
2531 5747 2739 5819 primus
2765 5741 2904 5810 apud
2940 5735 3182 5804 Assyrios
3203 5742 3432 5800 regnum
