3862 6228
434 308 544 372 235

1694 312 2116 370 MlCllAELIS
2158 311 2413 371 ULYC/P.

3589 307 3685 372 Elii:

432 425 628 480 illustri
700 427 911 482 ratione
963 425 1375 481 administrasse
1429 425 1771 494 perhibetur,
1824 443 1854 481 a
1900 443 2007 496 quo
2041 443 2238 484 nomen
2266 427 2496 481 inditum
2553 425 2671 480 urbi
2734 423 2977 490 Ninevae,
3011 437 3172 493 quam
3230 421 3554 477 Semiramis
3585 438 3688 474 Ina-

436 520 631 587 guifice
659 521 928 575 mmnibus
952 520 1143 574 cinxit.

506 611 638 664 Post
666 611 830 665 turris
860 611 1302 675 aedificationem,
1334 611 1400 665 de.
1429 627 1535 680 qua
1587 613 1750 666 locuti
1803 628 2002 675 sumus,

2181 612 2343 668 ’Μετὰ
2377 611 2432 666 δὲ
2463 611 2562 678 τὴν
2591 611 2976 678 πυργοποιίαν,
3013 609 3085 671 ώς
3131 609 3366 678 εἴρηται,
3401 609 3686 663 διασκεδα-

437 701 689 755 homines
729 702 857 755 hinc
888 703 1018 757 inde
1055 702 1286 772 dispersi
1318 705 1382 757 ad
1446 704 1584 757 facta
1649 704 2012 772 quaedamab-

435 791 597 845 surda
628 792 1034 858 exorbitarunt,
1075 809 1136 847 ac
1175 796 1392 847 tandem
1453 794 1635 848 miseri
1667 797 2008 848 deastrorum

437 882 616 936 cultus
650 897 894 939 errorem
928 885 1161 953 amplexi
1197 895 1344 950 sunt,
1379 901 1408 938 a
1475 885 1631 939 malis
1686 885 1862 955 geniis
1908 887 2009 939 hoc

431 976 664 1042 quodam
701 976 860 1030 modo
923 977 1156 1046 decepti.
1220 977 1455 1030 Octavus
1497 993 1525 1030 a
1575 977 1686 1032 Noe
1732 977 2010 1032 Seruchus

435 1067 855 1121 simulacrorum
943 1068 1356 1123 formandorum
1437 1071 1702 1123 rationem
1779 1070 2005 1122 invenit.

438 1158 638 1214 Fertur
677 1161 822 1214 enim
879 1161 1134 1216 homines
1163 1162 1255 1230 qui
1292 1161 1610 1230 przeclarum
1661 1161 1878 1230 aliquod
1929 1159 2010 1214 fa-

429 1254 588 1307 cinus
640 1253 963 1321 edidissent,
1007 1263 1311 1308 statuarum
1378 1265 1433 1308 et
1474 1256 1851 1308 columnarum
1904 1255 2008 1309 ho-

397 1342 662 1400 noribus
726 1360 974 1400 ornasse.
1043 1344 1506 1414 Verum‘posteri
1563 1359 1682 1399 cum
1739 1345 2006 1415 majorum

436 1447 675 1491 mentem
733 1447 788 1492 et
821 1439 1112 1492 consilium
1166 1439 1503 1508 ignorarent,
1562 1454 1738 1506 neque
1803 1438 2008 1492 scirent

431 1535 645 1582 statuas
675 1527 792 1581 illas
820 1527 1101 1582 memoria:
1134 1543 1299 1581 causa
1357 1527 1652 1581 collocatas
1701 1543 1842 1592 esse,
1877 1543 2008 1596 pau-

430 1619 584 1672 latim
611 1619 877 1688 principis
918 1619 1165 1674 omnium
1202 1619 1469 1672 malorum
1493 1619 1736 1672 auctoris
1770 1619 2003 1687 impulsu

432 1711 512 1764 sic
539 1710 720 1764 colere
766 1709 1133 1764 consimiliter
1168 1724 1355 1763 secum
1409 1709 1640 1764 affectos
1681 1719 1734 1764 et
1764 1711 2004 1765 interitui

431 1799 704 1856 obnoxios
736 1800 986 1855 homines
1005 1808 1316 1870 cmperunt,
1350 1815 1414 1854 ac
1464 1800 1509 1854 si
1553 1800 1628 1854 dii
1679 1800 1856 1855 forent
1903 1802 2004 1855 im-

432 1893 734 1953 mortales;
783 1892 1026 1959 adeoque
1079 1905 1236 1943 sacra
1291 1889 1538 1957 quatdam
1586 1888 1666 1943 eis
1725 1889 2002 1962 excogita-

2119 706 2337 768 σθέντες
2398 705 2548 757 ἔνθεν
2579 701 2834 755 κάκεῖθεν
2861 704 2911 755 0i
2957 702 3232 770 ἄνθρωποι
3261 703 3398 771 πρὸς
3450 704 3684 766 ἀτόπους

2117 797 2348 866 πράξεις
2401 795 2850 864 ἐξεκυλίσθησαν,
2895 795 2988 846 καὶ
3017 793 3326 845 τελευταῖον
3360 793 3501 864 πρὸς
3536 795 3685 845 εἰδω-

2115 887 2380 956 λομανίαν
2409 886 2894 954 ἀπεπλανήθησαν,
2933 885 3037 936 ὑπὸ
3069 885 3178 935 τῶν
3209 884 3486 952 δαιμόνων
3508 885 3681 937 αὐτῶν

2115 976 2490 1049 ἀπατηθέντες
2519 980 2729 1030 τουτονὶ
2761 978 2853 1030 τὸν
2880 977 3082 1044 τρόπον
3109 979 3156 1028 οἱ
3179 976 3420 1028 δείλαιοι.
3483 977 3544 1028 '0
3579 979 3681 1045 γὰρ

2113 1071 2220 1124 ἀπὸ
2245 1072 2338 1124 τοῦ
2373 1070 2495 1124 Νῶε
2529 1070 2710 1139 ὄγδοος
2742 1072 2947 1144 Σεροῦχ
2973 1070 3040 1120 τὰ
3077 1070 3184 1120 τῶν
3218 1068 3558 1137 ἀγαλμάτων
3586 1070 3682 1138 ἀρ-

2113 1160 2282 1231 χῆθεν
2345 1160 2578 1231 εὕρατο·
2614 1161 2828 1228 λέγεται
2878 1161 2986 1228 γὰρ
3021 1151 3178 1221 οὗτος
3224 1158 3347 1220 τοὺς
3376 1157 3544 1226 ἔργον
3575 1152 3678 1209 οἷον

2113 1254 2315 1323 δήποτε
2347 1253 2598 1324 λαμπρὸν
2626 1235 3066 1320 ἐπιδειξαμένους
3121 1251 3372 1321 ἀνδριᾶσι
3411 1252 3510 1304 καὶ
3550 1251 3675 1316 στή-

2115 1344 2235 1404 λαις
2272 1345 2524 1412 τιμῆσαι.
2551 1343 2616 1395 Οἱ
2645 1341 2866 1412 δὲμετά
2906 1339 3079 1394 ταῦτα
3124 1340 3222 1410 τὴν
3261 1341 3367 1393 τῶν
3398 1341 3676 1410 προγόνων

2114 1429 2488 1505 ἀγνοήσαντες
2534 1435 2778 1506 γνώμην,
2839 1434 2932 1487 καὶ
2968 1433 3050 1486 ὅτι
3110 1433 3329 1502 μνήμης
3361 1433 3530 1486 ἕνεκα
3561 1433 3676 1496 τοὺς

2113 1516 2440 1597 ἀνδριάντας
2498 1525 2756 1594 ἔστησαν,
2817 1523 2960 1578 κατὰ
2987 1526 3182 1595 μικρὸν
3229 1522 3575 1591 πλανώμενοι
3612 1526 3670 1592 τῇ

2110 1617 2204 1671 τοῦ
2231 1618 2551 1686 ἀρχεκάκου
2600 1615 2908 1686 συνεργείᾳ,
2933 1616 3006 1679 ώς
3053 1613 3340 1677 ἀθανάτοις
3380 1615 3527 1677 θεοῖς
3568 1617 3671 1677 τοῖς

2110 1707 2470 1776 ὁμοιοπαθέσι
2517 1705 2613 1759 καὶ
2639 1704 2900 1773 φθαρτοῖς
2926 1704 3231 1774 ἀνθρώποις
3264 1704 3668 1772 προσετέθησαν

2111 1801 2208 1853 καὶ
2255 1799 2448 1863 θυσίας
2509 1799 2692 1861 αὐτοῖς
2734 1799 3056 1866 ἐπενόησαν,
3102 1795 3211 1849 τῶν
3268 1796 3541 1865 δαιμόνων
3567 1797 3669 1858 τοῖς

2113 1890 2324 1956 ξοάνοις
2350 1891 2768 1960 ἐνοικησάντων.
2825 1888 3102 1942 Ἐντεῦθεν
3148 1889 3329 1949 ἄλλοις
3376 1888 3668 1960 ualidi)“;

434 1993 585 2047 runt,
619 1983 750 2052 ipsis
783 1982 950 2035 malis
995 1981 1171 2050 geniis
1223 1981 1362 2034 intra
1409 1989 1616 2034 statuas
1667 1981 2002 2036 domicilium

2110 1982 2252 2045 θεοῖς
2275 1981 2334 2034 τὸ
2360 1981 2469 2034 τῶν
2499 1980 2804 2051 ἀνθρώπων
2832 1981 2987 2049 γένος
3019 1980 3359 2050 ἐλάτρευσεν.
3381 1981 3666 2048 Αἰγύπτιοι

431 2075 854 2130 collocantibus.
891 2073 1024 2126 llinc
1065 2072 1267 2127 factum
1300 2081 1357 2127 ut
1409 2073 1666 2143 deinceps
1695 2089 1867 2145 genus
1899 2076 2004 2129 hu-

428 2181 649 2220 manum
690 2166 810 2219 aliis
846 2173 1012 2233 atque
1045 2164 1165 2217 aliis
1196 2163 1302 2217 diis
1349 2163 1607 2232 religiose
1641 2166 1893 2219 serviret.
1926 2167 2006 2221 Ac

430 2253 670 2324 [Egyptii
703 2252 922 2322 quidem
951 2265 1116 2320 supra
1144 2261 1368 2305 exteros
1413 2249 1479 2302 ad
1511 2249 1842 2319 impietatem
1889 2267 1976 2306 ma

432 2345 637 2396 ximam
667 2341 907 2412 prolapsi
965 2350 1093 2395 sunt
1123 2357 1138 2395 :
1197 2356 1322 2394 nam
1368 2340 1524 2404 feles,
1559 2341 1770 2406 simios,
1801 2341 2003 2408 hircos,

432 2435 623 2499 boves,
676 2434 982 2490 crocodilos
1031 2434 1355 2499 coluerunt;
1394 2445 1556 2502 atque
1590 2434 1643 2485 in
1689 2434 1878 2500 primis
1907 2433 2002 2489 bo-

429 2541 552 2582 vem
587 2526 738 2580 illum
775 2526 938 2580 variis
979 2525 1258 2580 coloribus
1290 2524 1595 2594 praeditum,
1639 2539 1797 2594 quem
1840 2525 1999 2595 Apim

429 2607 719 2674 vocabant.
751 2619 886 2674 Cum
918 2619 1064 2673 enim
1121 2619 1218 2672 bos
1261 2619 1432 2688 apud'
1460 2619 1609 2686 ipsos
1650 2620 1999 2684 nascebatur,

428 2711 525 2780 qui
552 2711 607 2764 in
635 2710 820 2779 lingua”
851 2718 906 2762 et
941 2709 1110 2763 cauda
1159 2719 1314 2761 notas
1343 2707 1606 2777 quasdam
1644 2709 1897 2773 referret,
1942 2715 2002 2763 et

431 2801 488 2856 in
528 2801 706 2855 fronte
730 2800 1144 2854 similitudinem
1207 2801 1347 2852 Iuna'
1407 2799 1706 2853 dimidiata:
1758 2800 2004 2854 inritare-

419 2896 908 2962 ,tur,pcrhilariter
941 2897 1170 2948 choreas
1205 2893 1545 2977 ductitabant
1591 2902 1646 2947 et
1694 2905 2001 2950 conventus

2105 2074 2163 2127 δέ
2192 2073 2393 2143 μᾶλλον
2419 2075 2527 2126 τῶν
2549 2072 2725 2126 ἄλλων
2784 2075 2863 2136 εἰς
2895 2072 3086 2124 ἀΟεῖαν
3115 2069 3439 2134 ἐξώκειλαν·
3499 2070 3688 2124 αἰλοῦο-

2110 2161 2240 2234 ροῦς
2269 2165 2378 2234 γὰρ
2416 2164 2512 2218 καὶ
2566 2160 2834 2234 πιθήκους
2885 2161 3276 2229 ἐσεϐάσθησαν,
3350 2162 3584 2230 τράγους
3615 2177 3664 2213 τε

2105 2257 2308 2327 ὁμοίως
2337 2257 2432 2310 καὶ
2463 2256 2591 2325 βόας
2615 2256 2708 2308 καὶ
2731 2255 3128 2326 κροκοδείλους.
3167 2253 3336 2305 ιἸλὲον
3368 2253 3426 2304 δέ
3454 2252 3560 2304 τῶν
3583 2251 3663 2304 ἄ).-

2105 2351 2215 2404 λων
2235 2337 2329 2404 τὸν
2363 2345 2535 2403 ’Λπιν
2559 2348 2903 2413 ἐσεῧάζοντο,
2933 2347 3059 2418 βοῦν
3085 2346 3219 2398 ὄντα
3245 2343 3551 2415 πολύχρουν
3576 2345 3663 2397 αὺ-

2103 2441 2214 2496 τόν.
2257 2440 2446 2494 Ἠνίκα
2480 2441 2588 2509 γὰρ
2614 2439 2872 2509 ἐγεννήθη
2902 2437 3140 2499 τοιοῦτος
3166 2436 3291 2506 β;ῦ;
3323 2433 3453 2505 παρ’
3489 2435 3658 2496 αὐτοῖς

2105 2533 2258 2600 παρὰ
2295 2535 2360 2602 τῇ
2415 2531 2633 2602 γλώττῃ
2675 2531 2856 2599 φέρων
2911 2533 3002 2583 καὶ
3032 2532 3097 2600 τῇ
3130 2531 3316 2597 κέρκῳ
3359 2529 3660 2597 σήμαντρα,

2103 2622 2364 2687 ὡσαύτως
2388 2622 2539 2693 παρὰ
2562 2621 2640 2692 τῷ
2673 2621 2909 2692 μετώπῳ
2937 2621 3162 2689 σελήνης
3183 2618 3373 2688 ὥσπερ
3389 2617 3658 2687 διχότομον

2106 2714 2354 2786 μίμημα,
2409 2716 2660 2786 ἐχόρευον
2715 2714 2957 2784 φαιδρῶς
3015 2713 3107 2765 καὶ
3142 2708 3543 2779 ἐπανηγὺριζον
3575 2708 3658 2761 an

2102 2806 2238 2860 Θεοῦ
2275 2807 2678 2878 καινοπρεποῦς
2699 2807 2878 2869 αὐτοῖς
2926 2804 3350 2874 ἐνδημήσαντος.
3385 2803 3513 2871 ,Καὶ
3539 2803 3656 2870 περὶ

2109 2899 2209 2966 μὲν
2236 2897 2440 2958 τούτων
2468 2897 2528 2950 οὖ
2540 2915 2665 2961 τως.
3280 2890 3282 2893 ’

426 2987 675 3058 publicos
752 2987 1150 3054 celebrabant,
1223 2988 1382 3058 quasi
1466 3002 1640 3041 novus
1714 2977 1994 3058 ’quiSpiam
2039 2987 2176 3043 deus
2226 2991 2294 3045 ad
2353 2991 2503 3061 ipsos
2552 3006 2610 3046 se
2674 2989 3020 3046 contulisset.
3094 2993 3172 3044 Ac
3217 2990 3284 3046 de
3334 2991 3422 3046 his
3454 2989 3656 3060 quidem

437 3085 728 3140 hactenus.
838 3099 868 3115 ’⁵

497 3176 664 3230 Recte
703 3185 882 3230 autem
909 3184 1136 3230 octavus
1161 3189 1203 3228 -a
1250 3176 1361 3232 Noe
1401 3175 1679 3231 Seruehus
1711 3177 1879 3232 fuisse
1910 3178 1994 3232 di-

425 3270 591 3324 citur.
628 3268 840 3337 Quippe
889 3267 1150 3322 Cainanis
1189 3268 1332 3322 ﬁlius
1380 3267 1483 3323 fuit
1523 3269 1668 3331 Sala,
1695 3271 1786 3340 qui
1815 3269 1993 3325 Hebe-

2178 3180 2400 3248 Ὄγδοος
2433 3181 2489 3233 δὲ
2521 3180 2626 3234 ἀπὸ
2659 3181 2750 3234 τοῦ
2765 3181 2887 3234 Νῶε
2919 3181 3136 3250 λέγεται
3156 3175 3294 3234 εἶναι
3323 3181 3351 3233 ό
3381 3181 3580 3251 Σερούχ
3599 3182 3657 3232 ’ό

2100 3272 2209 3343 γὰρ
2238 3274 2442 3327 Καῖνᾶν
2460 3274 2626 3343 γεννᾷ
2649 3275 2738 3326 τὸν
2753 3273 2918 3339 Σαλᾶ,
2939 3277 2966 3327 ὁ
2991 3273 3133 3327 Σαλᾶ
3154 3272 3376 3327 τὸνἘϐε
3385 3291 3437 3343 ρ,
3457 3273 3484 3325 ό
3503 3273 3657 3342 Ἔϐερ

425 3375 548 3413 rum
603 3359 969 3428 procreavit,
1025 3359 1267 3413 lleberus
1323 3360 1667 3425 Plialecum,
1730 3361 1996 3417 Phalecus

2110 3365 2195 3418 τὸν
2227 3365 2426 3430 eam,
2459 3367 2488 3418 ό
2529 3365 2706 3418 Φαλέκ
2746 3365 2836 3418 τὸν
2871 3365 3102 3433 Ῥαγαῦ,
3141 3367 3171 3420 ό
3216 3365 3420 3434 Ῥαγαῦ
3452 3368 3539 3420 τὸν
3569 3368 3654 3419 Σε-

428 3451 736 3521 ιὶαςαιιυιη,
793 3452 1049 3521 Ragauus
1100 3449 1426 3515 Serucbum,
1465 3454 1745 3507 Seruchus
1795 3453 2001 3507 Nacho—

428 3559 564 3605 rem,
602 3543 819 3596 Nacbor
875 3543 1143 3605 Tharam,
1180 3545 1360 3598 Thara
1417 3545 1662 3599 divinum
1723 3546 1998 3600 hominem

427 3636 824 3698 Abrahamum,
883 3637 1226 3690 Abrahamus
1277 3635 1546 3703 lsaacum,
1598 3637 1815 3693 lsaacus
1845 3638 2001 3694 Jaco-

428 3727 600 3790 bum,
658 3723 896 3779 Jacobus
949 3725 1238 3780 duodecim
1295 3726 1622 3785 familiarum
1685 3731 1999 3799 principes,

432 3815 741 3880 llubenmn,
777 3813 1118 3878 Simeonem,
1154 3815 1402 3880 Letium,
1435 3817 1654 3881 Judam,
1690 3831 1939 3883 cancros,
1973 3834 2008 3880 a,

426 3909 626 3979 quibus
667 3919 800 3963 orta:
852 3917 982 3963 sunt
1020 3908 1302 3962 duoeecim
1366 3909 1544 3964 tribus
1591 3909 1875 3964 lsraelicaz.
1930 3911 2003 3965 De

430 4003 742 4056 Abrahamo
797 4001 1070 4072 Iosephus
1127 4005 1407 4056 memoriae
1473 4003 1708 4071 prodidit
1768 4019 1891 4057 eum
1948 4003 1999 4057 in

430 4093 727 4164 Aﬂgyptum
789 4094 988 4146 itinere
1047 4092 1325 4162 suscepto'
1359 4110 1709 4148 numerorum
1765 4096 2004 4152 sidereo-

434 4198 665 4251 rumque
729 4195 975 4237 motuum
1023 4185 1325 4238 doctrinam
1383 4201 1506 4239 cum
1551 4185 1825 4258 Aigyptiis
1852 4205 2001 4243 com-

434 4278 784 4338 municaSse,
842 4277 932 4345 qui
994 4285 1121 4330 ante
1177 4277 1470 4332 Abrahami
1521 4283 1816 4335 adventum
1865 4283 2004 4337 nihil

434 4365 627 4418 borum
707 4365 860 4436 131
916 4367 1194 4437 cognitum
1246 4369 1573 4438 habuerint,
1630 4375 1696 4428 ab
1734 4375 2004 4447 Aigyptiis

432 4460 691 4528 deinceps
756 4462 821 4514 ad
871 4461 1093 4517 Graecos
1160 4479 1433 4520 manasse.
1499 4467 1765 4538 Gemgius
1813 4480 2002 4524 autem

433 4552 545 4604 haec
603 4552 672 4605 de
718 4553 1031 4609 Abrahamo
1058 4556 1240 4619 tradit,
1282 4567 1469 4610 natum
1501 4558 1711 4612 St'illccl.
1733 4575 1908 4614 annos
1939 4561 2005 4616 M

430 4659 724 4712 agnoscere
783 4645 956 4700 Deum
1019 4649 1293 4717 coepisse,
1345 4664 1409 4704 nc
1467 4651 1703 4720 primum
1757 4654 2002 4707 omnium

430 4738 576 4789 clara
609 4752 738 4790 voce
778 4739 942 4791 Deum
980 4754 1165 4793 rerum
1205 4742 1457 4810 Opificem
1494 4744 1841 4811 praedicasse.
1868 4744 2002 4799 Cum

430 4829 574 4880 enim
612 4829 806 4882 cadum
859 4832 1022 4885 modo
1049 4848 1301 4888 serenum
1339 4841 1501 4890 modo
1535 4835 1780 4889 nubilum
1813 4855 2004 4892 ενι-ηρ-

431 4933 536 4986 ret,
591 4938 778 4976 secum
828 4925 943 4994 ipse
984 4925 1451 4992 ratiocinabatur,
1508 4930 1721 4983 etiamsi
1763 4932 1831 4984 ab
1882 4932 2001 4986 aliis

432 5029 532 5083 pro
583 5015 684 5070 dco
738 5017 1052 5082 coleretur,
1110 5035 1235 5074 esse
1283 5030 1462 5075 tamen
1510 5023 1670 5076 deum
1722 5025 2002 5092 haudqua—

433 5122 596 5173 quam
635 5123 820 5178 posse.
853 5111 1000 5162 ldcm
1045 5111 1113 5165 de
1162 5112 1309 5176 sole,
1341 5114 1409 5167 de
1447 5114 1596 5179 luna,
1636 5116 1698 5168 de
1729 5117 1999 5170 sideribus

434 5197 678 5265 reliquis
709 5202 1003 5263 statuebat,
1042 5209 1102 5252 ut
1155 5201 1247 5269 qui
1286 5212 1432 5256 esset
1477 5202 1707 5273 insignis
1746 5216 1996 5259 astrono-

433 5307 594 5356 mus;
629 5308 865 5359 cumque.
902 5293 1026 5347 talis
1064 5293 1228 5356 foret,
1259 5309 1290 5347 a
1337 5294 1448 5350 Deo
1496 5298 1809 5351 vocabatur.
1842 5298 2004 5354 Addit

434 5401 559 5438 enm
594 5385 950 5439 Abimeleeho
987 5383 1295 5454 imperante
1343 5385 1501 5440 famis
1531 5405 1690 5442 causa
1749 5390 1801 5442 in
1841 5389 2000 5460 {Egy-

430 5487 584 5550 ptum
617 5477 994 5542 descendisse,
1021 5494 1083 5532 ac
1115 5479 1392 5547 Sapientes
1415 5479 1714 5550 zEgyptios,
1747 5485 1837 5549 qui
1876 5487 1999 5552 opi-

436 5567 627 5622 niones
659 5570 721 5622 de
755 5569 1000 5622 natalitio
1032 5568 1213 5624 sidere
1256 5584 1318 5624 ac
1351 5569 1464 5624 fato
1514 5571 1999 5641 amplecterentur,

436 5659 637 5726 pudore
664 5659 885 5716 allectos
913 5661 1110 5715 vicisse
1142 5677 1158 5716 :
1195 5677 1316 5716 nam
1351 5671 1708 5733 posteaquam
1744 5663 1813 5718 ad
1844 5665 2001 5732 agni-

438 5750 640 5806 tionem
695 5753 784 5807 Dei
833 5763 1174 5824 pervenerat,
1232 5769 1338 5810 non
1386 5756 1497 5825 jam
1563 5751 1724 5807 astris
1775 5753 2011 5835 amplius

2107 3456 2260 3528 ρούχ.
2287 3453 2455 3521 Οὗτος
2484 3457 2538 3512 δὲ
2567 3461 2594 3510 ό
2629 3459 2833 3528 Σεροὺχ
2861 3460 3027 3529 γεννᾷ
3048 3460 3138 3513 τὸν
3164 3459 3392 3530 Ναχώρ,
3416 3463 3444 3513 ὁ
3469 3459 3655 3529 Ναχώρ

2103 3549 2195 3601 τὸν
2228 3549 2403 3618 Θάρα,
2433 3552 2525 3606 καὶ
2557 3551 2585 3602 ό
2617 3550 2768 3620 Θάρα
2809 3549 2900 3602 τὸν
2965 3549 3252 3604 θεσπέσιον
3296 3551 3565 3623 Ἀϐραὰμ.
3601 3552 3652 3602 '0

2115 3639 2371 3710 ’Aﬁpadtp.
2423 3641 2585 3710 γεννᾷ
2630 3642 2718 3693 τὸν
2785 3641 2994 3707 Ἰσαὰκ,
3029 3642 3056 3692 ό
3090 3643 3277 3696 Ἰσαὰκ
3311 3642 3401 3696 τὸν
3449 3642 3652 3706 ’1ακὼ6,

2103 3732 2200 3786 καὶ
2251 3735 2278 3785 ὁ
2321 3717 2515 3786 Ἰακώϐ
2575 3734 2700 3794 τοὺς
2743 3731 2950 3787 δώδεκα
2979 3736 3342 3804 πατριάρχας,
3391 3735 3651 3810 Tus-651p,

2105 3822 2354 3894 Συμεὼν,
2385 3825 2543 3888 Λευὶ,
2592 3824 2794 3878 Ἰούδαν
2829 3825 3074 3888 καὶτοὺς
3102 3826 3344 3890 λοιποὺς,
3377 3823 3564 3896 ὀφξῶν
3606 3828 3652 3878 αἱ

2103 3916 2311 3973 δώδεκα
2339 3917 2502 3985 φυλαὶ
2533 3917 2628 3970 τοῦ
2666 3917 2906 3988 Ἰσραήλ.
2931 3920 3039 3978 Καὶ
3070 3919 3375 3988 τηνικαῦτα
3411 3921 3509 3988 μὲν
3537 3920 3652 3988 περὶ

2103 4007 2210 4060 τοῦ
2235 4007 2484 4078 ’Δὸραὰμ
2513 4007 2684 4071 οὕτως
2715 4013 2880 4078 φησιν
2938 4007 3222 4084 Ἰώσηπος,
3279 4010 3364 4062 ὅτι
3393 4007 3650 4063 κατελθὼν
3696 4025 3702 4032 ·

2107 4100 2185 4164 εἰς
2218 4101 2494 4169 Αἴγυπτον
2557 4100 2930 4170 ἀριθμητικήν
2991 4101 3174 4165 αὐτοῖς
3236 4103 3526 4172 ἐχαρίσατο
3568 4100 3651 4152 καὶ

2105 4195 2174 4247 τὰ
2208 4195 2338 4265 περὶ
2369 4195 2734 4264 ἀστρονομίας
2790 4195 2974 4256 αὐτοῖς
3026 4193 3348 4262 παρέδωκε·
3398 4194 3502 4264 πρὸ
3561 4192 3652 4262 γὰρ

2104 4285 2200 4339 τοῦ
2259 4285 2512 4354 Ἀϐραὰμ
2569 4285 2663 4353 τῆς
2695 4287 2872 4337 ἐκεῖσε
2927 4283 3228 4354 παρουσίας
3283 4284 3653 4336 τῶντοιούτων

2105 4377 2334 4446 ἀμαθῶς
2369 4374 2513 4446 εἶχον
2543 4377 2854 4444 Αἰγύπτιοι.
2902 4377 3035 4432 Ἀπὸ
3071 4376 3352 4429 Χαλδαίων
3379 4372 3470 4430 οὖν
3501 4376 3654 4428 ταῦτα

2106 4469 2582 4537 καταπεφοίτηκεν
2599 4469 2677 4530 εἰς
2694 4466 2992 4533 Αἴγυπτον,
3012 4466 3265 4518 κάκεῖθεν
3282 4469 3361 4528 εἰς
3380 4467 3649 4533 Ἕλληνας.

2121 4561 2180 4613 Ὀ
2218 4560 2273 4613 δὲ
2308 4561 2580 4628 Γεώργιος
2630 4559 2762 4628 περὶ
2807 4558 2998 4612 τούτου
3038 4559 3130 4610 καὶ
3162 4559 3310 4610 τάδε.
3347 4558 3405 4610 '0
3420 4558 3650 4625 ’Δὸραὰμ

2106 4652 2243 4705 ἐτῶν
2279 4652 2335 4704 ιδ’
2357 4652 2432 4705 ὢν
2455 4653 2781 4720 θεογνωσίας
2811 4652 3034 4722 ήρξατο,
3067 4649 3163 4702 καὶ
3191 4652 3406 4720 πρῶτος
3434 4652 3516 4702 τὸν
3537 4647 3649 4700 Θεὸν

2107 4744 2438 4814 δημιουργὸν
2509 4744 2864 4813 ἀνεκήρυξεν.
2935 4743 3106 4812 Ὀρῶν
3146 4746 3255 4813 γὰρ
3287 4742 3511 4812 οὐρανὸν
3539 4741 3651 4792 ποτὲ

2113 4839 2210 4905 μὲν
2237 4837 2492 4906 λαμπρὸν
2524 4838 2654 4889 ποτέ
2686 4837 2742 4889 δὲ
2796 4836 3035 4906 ζοφώδη,
3069 4836 3193 4888 καθ’
3216 4837 3411 4890 ἑαυτὸν
3443 4837 3614 4902 ἔλεγεν
3635 4849 3647 4862 ·

2116 4947 2133 4979 ι
2171 4928 2231 4979 El
2256 4929 2347 4980 καὶ
2371 4927 2606 4996 τιμῶσιν
2631 4927 2794 4980 αὑτὸν
2827 4928 3026 4996 ἕτεροι,
3059 4927 3173 4978 ἀλλ’
3195 4929 3312 5002 οὐκ⁸
3334 4928 3442 4979 ἐστι
3478 4927 3643 4987 θεός.»

2116 5019 2349 5087 ’,Ομοίως
2383 5017 2537 5086 ἔλεγε
2579 5021 2736 5070 τοῦτο
2775 5018 2916 5069 κάπὶ
2957 5017 3034 5086 τῷ
3068 5018 3223 5086 ἡλίῳ,
3253 5021 3318 5088 τῇ
3349 5018 3535 5088 σελήνῃ
3569 5016 3648 5066 καὶ

2105 5112 2214 5171 tot,
2250 5110 2460 5170 λοιποῖς
2517 5110 2787 5178 ἁστράσι’
2837 5114 2932 5160 καὶ
2991 5110 3099 5177 γὰρ
3145 5112 3473 5178 ἀστρονόμος
3502 5110 3648 5174 ἄκρος

2105 5200 2194 5274 ἦν.
2231 5205 2346 5272 Ἐφ’
2449 5201 2691 5254 τοιοῦτον
2719 5201 2843 5254 ἰδὼν
2881 5203 2907 5250 ὁ
2929 5201 3057 5264 Θεὸς
3083 5200 3364 5256 ἐκάλεσεν.
3391 5200 3541 5253 Ἀλλὰ
3567 5195 3648 5250 καὶ

2107 5296 2198 5348 ἐπὶ
2242 5294 2534 5363 Ἀὀιμέλεχ
2589 5294 2724 5364 φησὶ
2758 5292 3040 5345 κατελθεῖν
3094 5295 3256 5347 αὑτὸν
3285 5295 3366 5358 εἰς
3398 5293 3645 5358 Αἴγυπτον

2106 5388 2191 5441 διὰ
2215 5388 2306 5440 τὸν
2336 5386 2514 5457 λιμὸν,
2550 5389 2791 5447 καὶτοὺς
2826 5388 3004 5440 ἐκεῖσε
3045 5388 3166 5440 τότε
3197 5383 3542 5453 καταισχῦναι
3571 5397 3646 5434 σο-

2109 5477 2245 5546 φοὺς
2292 5477 2386 5531 καὶ
2425 5477 2771 5546 εἱμαρμένην
2829 5477 3177 5542 δοξάζοντας.
3218 5479 3373 5531 Μετὰ
3417 5480 3518 5544 γὰρ
3563 5472 3644 5540 τήν

2113 5565 2444 5639 θεογνωσίαν
2476 5573 2657 5624 οὐκέτι
2683 5574 2974 5642 προσέχειν
2998 5572 3262 5641 ἁστρὰσιν
3287 5571 3457 5641 ῆθελε,
3482 5568 3566 5619 καὶ
3590 5562 3644 5632 ἦν

2117 5665 2244 5716 ἰδεῖν
2258 5663 2342 5715 ἐπ’
2365 5663 2515 5734 αὐτῷ
2540 5663 2972 5733 πεπληρωμένον
3001 5663 3062 5714 τὸ
3091 5660 3185 5712 τοῦ
3233 5659 3540 5713 Ἀποστόλον
3557 5656 3639 5723 ρηη

2118 5756 2208 5808 τὸν
2239 5755 2299 5806 τὸ
2324 5754 2481 5821 λέγον
2501 5770 2515 5785 ·
2558 5772 2576 5803 ι
2624 5754 2705 5807 Τὰ
2725 5756 2833 5826 γὰρ
2865 5755 3072 5825 ἀόρατα
3116 5752 3280 5806 αὑτοῦ
3311 5753 3412 5809 ἀπὸ
3445 5748 3645 5806 acidius
