3862 6228
207 501 296 565 2.37

1415 491 1820 553 ANNALIUM
1862 490 2058 549 PARS
2102 490 2182 550 Il.

3316 484 3421 545 ere

205 620 393 688 κόσμου
439 617 549 676 τοῖς
595 612 863 681 ποιήμασι
907 611 1176 680 νοούμενα
1226 611 1600 678 καθορᾶται.»
1644 609 1748 659 ἰ’δν

1876 615 2100 660 ntentus
2135 615 2272 660 erat.
2310 605 2579 658 Nimirum
2630 604 2866 657 habebat
2898 603 2949 656 in
2987 621 3052 658 eo
3085 605 3261 656 locum
3295 603 3427 655 illud

203 710 300 779 γὰρ
337 707 559 776 ποιητὴν
588 704 720 757 Θεὸν
773 707 834 757 ὲκ
893 704 1003 756 τῶν
1054 703 1375 771 ποιημάτων
1404 703 1432 754 ὀ
1471 700 1750 761 θειότατος

205 800 480 854 κατέλαῦεν
520 798 790 867 Ἀϐραάμ.
824 796 986 848 Κατὰ
1027 795 1185 846 τοῦτο
1230 794 1322 846 καὶ
1347 795 1374 844 ὁ
1408 791 1750 860 Πλούταρχος

206 891 407 957 ἔλεγεν·
463 908 483 938 ι
515 887 746 940 Ἐλαῦον
795 887 852 940 δὲ
910 886 1124 938 ἔννοιαν
1181 883 1355 936 Θεοῦο
1402 883 1488 936 ἀεί
1529 897 1588 934 τε
1641 881 1748 951 γὰρ

203 985 338 1053 ἣλιος
388 983 479 1035 καὶ
534 980 732 1048 σελήνη
770 979 864 1031 καὶ
923 977 993 1032 τὰ
1049 977 1212 1030 λοιπὰ
1247 975 1358 1028 τῶν
1405 975 1621 1043 ἄστρων
1652 974 1751 1040 τὴν

207 1076 442 1142 ὑπόγειον
495 1073 781 1142 ἐνεχθέντα
820 1073 984 1139 ὃμοια
1019 1069 1117 1139 μὲν
1148 1067 1433 1122 ἀνατέλλει
1466 1067 1578 1126 τοῖς
1606 1062 1752 1133 χρώ-

209 1181 356 1232 μασιν
394 1164 483 1216 ῐσα
527 1162 582 1216 δὲ
616 1163 727 1224 τοῖς
770 1158 1048 1231 μεγέθεσι,
1077 1159 1171 1210 καὶ
1211 1158 1352 1212 κατὰ
1399 1158 1597 1217 τόπους
1625 1155 1750 1216 τοὺς

206 1270 400 1315 αυτους.
447 1272 464 1304 ι

267 1519 444 1586 Μέγας
471 1517 636 1577 ὄντως
670 1516 699 1568 ὁ
734 1513 1006 1584 ’Δῆραάμ.
1044 1511 1150 1566 Τοῦ
1186 1511 1294 1579 γὰρ
1334 1509 1470 1562 Θεοῦ
1511 1507 1754 1569 ἀκούσας

205 1612 435 1679 λέγοντος
459 1626 474 1640 ·
506 1627 525 1660 ι
553 1609 776 1673 Ἔξελθε
808 1610 871 1660 ὲκ
903 1609 1002 1677 τῆς
1033 1608 1134 1676 γῆς
1164 1623 1256 1658 σου
1300 1607 1394 1658 καὶ
1429 1607 1492 1656 ἐκ
1521 1601 1620 1670 τῆς
1649 1603 1754 1672 γῆς

205 1705 506 1773 συγγενείας
533 1721 651 1768 σου,
684 1706 778 1755 κα)⁸
815 1700 975 1772 δεῦρο
999 1701 1080 1762 είς
1101 1699 1204 1764 γῆν
1237 1700 1304 1768 ἥν
1337 1697 1400 1750 ἂν
1427 1698 1583 1762 δείξω
1611 1714 1692 1749 σοι
1721 1715 1738 1746 ι

204 1799 387 1858 εὐθέως
433 1795 744 1865 ἠκολούθει,
777 1793 886 1844 τῶν
940 1796 999 1846 ἐν
1063 1793 1212 1860 μέσῳ
1237 1789 1518 1860 δυσχερῶν
1575 1806 1750 1842 κατα-

205 1889 420 1959 φρονῶν,
458 1887 552 1940 καὶ
587 1887 724 1956 μηδὲ
755 1883 910 1946 εἰδὼς
943 1885 1078 1936 ὅπου
1113 1883 1431 1952 πορεύεται.
1471 1882 1664 1950 Ἡμεῖς
1695 1880 1752 1932 δὲ

206 1981 483 2042 καλοῦντος
512 1979 638 2032 καθ’
677 1979 918 2046 ἑκάστην
951 1976 1242 2037 ἀκούοντες
1269 1974 1360 2027 τοῦ
1402 1973 1605 2044 Κυρίου
1631 1972 1755 2024 οὔτε

203 2075 297 2127 τῶν
341 2074 544 2142 γηΐνων
577 2072 841 2138 ἐκστῆναι
888 2068 1138 2135 θέλομεν,
1176 2065 1300 2118 οὔτε
1341 2066 1477 2134 πρὸς
1525 2066 1622 2132 τὴν
1655 2068 1758 2132 γῆν

205 2167 396 2234 ἐκείνην
419 2167 519 2233 τὴν
556 2162 980 2230 ἐπηγγελμένην
1010 2159 1291 2229 ἔρχεσθαι.
1339 2157 1499 2210 Ἀλλὰ
1537 2159 1628 2210 καὶ
1663 2157 1759 2227 τὴν

205 2256 526 2309 ταπείνωσιν
590 2253 889 2321 θαυμάζων
945 2253 972 2303 ὁ
1024 2251 1430 2323 χρυσορρήμων
1503 2250 1760 2318 Ἰωάννης

207 2348 286 2401 καὶ
301 2347 418 2399 τάδε
442 2346 608 2413 φησίν
632 2361 644 2374 ·
682 2362 700 2395 ι
726 2343 966 2412 ’Λληθὴς
993 2343 1347 2406 ταπείνωσις,
1371 2345 1460 2395 ὅτε
1484 2360 1561 2404 τις
1588 2343 1760 2412 ἑτέρῳ

205 2441 505 2506 παραχωρεῖ
562 2436 671 2488 τῶν
719 2436 1026 2503 πρωτείων,
1075 2436 1216 2488 καθὰ
1261 2435 1324 2504 δὴ
1382 2438 1474 2487 καὶ
1509 2435 1764 2503 Ἀϐραὰμ

206 2534 350 2593 ποιεῖ,
381 2532 464 2582 ἶνα
514 2529 570 2582 δὲ
606 2528 682 2598 μὴ
729 2528 1111 2598 διαδικάζηται
1149 2528 1288 2596 μετᾶ
1333 2527 1428 2602 τοῦ
1480 2527 1605 2579 Λὼτ
1668 2530 1764 2579 καὶ

207 2624 300 2675 τῶν
341 2623 617 2692 ποιμένων
665 2620 828 2675 αὑτοῦ
856 2637 870 2652 °
922 2623 1008 2690 ἐφ’
1057 2614 1100 2688 ᾧ
1160 2626 1257 2673 καὶ
1304 2622 1332 2673 ὁ
1387 2621 1486 2689 μὲν
1519 2622 1640 2673 Λὼτ
1663 2621 1762 2690 τὴν

208 2715 468 2783 κρείττονα
495 2714 600 2782 γῆν
621 2712 806 2777 ἔλαϐε,
828 2714 892 2766 τὰ
906 2712 1114 2782 Σόδομα
1141 2712 1405 2782 δηλαδὴ,ὁ
1429 2711 1484 2764 δὲ
1515 2713 1762 2781 Ἀϐραὰμ

207 2807 474 2876 κατῴκησε
543 2807 694 2874 παρὰ
750 2808 849 2874 τὴν
899 2805 1030 2876 δρῦν
1064 2805 1161 2876 τὴν
1193 2805 1494 2875 Μαμϐρῆν.
1525 2806 1666 2874 Ὅρα
1704 2807 1763 2858 δὲ

207 2897 408 2960 καὶτὰς
445 2897 598 2954 θείας
629 2897 888 2963 ἀμοιϐάς.
925 2891 1060 2949 Elite
1093 2897 1198 2965 γὰρ
1266 2896 1402 2966 πρὸς
1451 2894 1701 2964 Ἀϐραὰμ
1734 2895 1761 2945 ὁ

203 2990 318 3051 θεὸς
349 2991 426 3042 ὅτι
458 2991 652 3042 Πᾶσαν
683 2990 784 3058 τὴν
806 2990 908 3058 γῆν
941 2991 1006 3059 ἢν
1032 2993 1094 3042 σὺ
1122 2991 1252 3057 ὁρᾷς
1301 2990 1409 3040 ἀπὸ
1453 2987 1546 3039 τοῦ
1595 2989 1761 3040 τόπου

209 3082 404 3144 τούτου,
436 3083 522 3133 σοὶ
574 3079 732 3133 δώσω
777 3081 950 3148 αὐτὴν
981 3080 1074 3131 καὶ
1105 3080 1184 3149 τῷ
1219 3080 1498 3149 σπέρματί
1532 3097 1624 3130 σου
1661 3080 1768 3141 ἕως

208 3171 401 3234 αἰῶνος.
439 3171 503 3224 Ἡ
551 3172 606 3224 δὲ
644 3172 913 3242 κρείττων
973 3172 1162 3240 ἐκείνη
1199 3171 1270 3240 γῆ
1319 3172 1385 3242 ἢν
1416 3172 1575 3223 ἔλαϐε
1613 3170 1760 3234 Λὼτ,

1855 699 2098 768 Apostoli
2132 699 2356 752 verbum
2394 714 2406 747 :
2448 716 2463 746 ι
2505 698 2634 760 Quae
2675 695 2766 748 Dei
2818 699 2946 748 sunt
2991 694 3424 764 inaspectabilia,

1856 808 1917 845 ea
1957 807 2020 845 ex
2081 790 2267 844 mundi
2325 790 2623 848 creatione,
2676 787 2806 841 dum
2858 788 3279 842 considerantur
3331 803 3428 854 per

1854 899 2039 951 Opera,
2079 883 2482 952 perspiciuntur
2511 880 2580 934 “.
2621 897 2636 931 ι
2684 878 2759 932 Ex
2799 879 2932 948 ipsis
2967 879 3226 948 aper-ibus
3257 879 3428 932 Deum

1855 968 2153 1028 auctorem
2195 975 2275 1027 vir
2327 974 2413 1028 hic
2469 974 2688 1026 divinus
2765 972 3027 1041 percepit.
3071 972 3128 1025 In
3180 972 3428 1024 eamdem

1856 1067 2183 1120 sententiam
2234 1075 2288 1119 et
2338 1065 2662 1120 Plutarchus
2699 1064 2876 1132 inquit
2909 1081 2921 1115 :
2956 1083 2973 1115 ι
3013 1063 3109 1116 Dei
3144 1063 3426 1117 notionem

1854 1157 2145 1224 quamdam
2199 1171 2321 1210 sum
2379 1165 2734 1211 consecutus.
2786 1153 2922 1208 Nam
2985 1169 3199 1220 semper
3244 1153 3326 1206 sol
3378 1166 3433 1205 et

1853 1244 1982 1297 luna
2019 1243 2341 1312 reliquaque
2377 1245 2559 1299 sidera
2595 1247 2698 1298 sub
2731 1254 2929 1300 terram
2961 1244 3136 1298 delata
3171 1243 3433 1297 CO:tSIlnI~

1855 1337 1996 1390 libus
2033 1337 2280 1391 vicissim
2335 1337 2619 1392 coloribus
2681 1339 2907 1407 praedita
2955 1337 3321 1397 exoriuntur,
3379 1349 3434 1387 et

1855 1427 2262 1496 magnitudines
2319 1430 2562 1482 easdem.
2597 1433 2901 1495 eademque
2945 1429 3060 1480 lora
3113 1430 3370 1480 retineat.
3413 1447 3429 1473 ι

1926 1519 2152 1590 Magnus
2186 1535 2380 1590 reapse
2405 1521 2487 1573 vir
2532 1521 2634 1573 fuit
2669 1521 3039 1574 Abrahamus.
3099 1522 3233 1573 (lum
3293 1519 3436 1572 enim

1859 1612 2026 1666 Deum
2061 1613 2328 1666 dicentem
2351 1613 2646 1667 audivisset
2676 1629 2689 1664 :
2725 1630 2742 1663 ι
2777 1611 3054 1682 Emigrato
3081 1629 3144 1666 ex
3181 1623 3264 1665 tua
3295 1613 3440 1665 terra

1860 1710 2060 1770 tuaque
2093 1705 2440 1772 cognatione,
2481 1720 2544 1757 ac
2579 1704 2722 1757 illam
2786 1705 2837 1757 in
2874 1715 3074 1757 terram
3133 1705 3440 1772 proticEsci-

1857 1805 1941 1848 tor
1970 1811 2132 1864 quam
2167 1797 2262 1848 tibi
2297 1799 2768 1860 monstravere",
2798 1817 2815 1848 ι
2849 1815 2969 1850 mox
3007 1799 3439 1866 οὶιιυιιιιιιειτιιιηι,

1858 1885 2266 1940 diﬂicultatilms
2318 1889 2573 1941 omnibus
2632 1904 2752 1955 qum
2828 1888 3140 1955 interjicere
3182 1904 3238 1940 se
3293 1900 3443 1956 por-

1866 1991 1987 2042 rant
2030 1981 2315 2049 neglectis,
2374 1995 2498 2032 cum
2561 1994 2631 2032 ne
2684 1980 2852 2033 sciret
2923 1981 3142 2047 quidem
3206 1996 3441 2047 quanam

1861 2072 2168 2126 abeundum
2204 2071 2362 2124 foret.
2417 2071 2527 2123 Nos
2559 2086 2741 2123 autem
2781 2070 2946 2123 Deum
2980 2070 3218 2138 quotidie
3243 2086 3444 2121 \'t)(‘:lll.—

1865 2178 1970 2218 tem
1998 2165 2284 2218 audientes
2336 2179 2435 2216 nec
2465 2172 2677 2216 terrena
2699 2163 2953 2216 deserere
3015 2164 3285 2226 volumus,
3341 2180 3444 2215 um:

1864 2259 1928 2310 ad
1959 2267 2160 2309 terram
2196 2256 2340 2309 illam
2369 2255 2691 2322 promissam
2725 2256 3080 2309 contendere.
3117 2255 3443 2319 Quinetiam

1866 2347 2035 2415 ipsius
2091 2345 2450 2399 humilitatem
2504 2345 2930 2415 Chrysostomus
3011 2346 3292 2399 admirans
3366 2347 3446 2398 his

1866 2437 2058 2490 verbis
2082 2441 2252 2490 utitur
2280 2456 2292 2492 :
2331 2457 2349 2488 ι
2381 2438 2515 2490 Vera
2547 2425 2692 2491 istzcc
2721 2448 2804 2491 est
2837 2438 3138 2501 humilitas,
3173 2454 3293 2491 cum
3327 2441 3450 2506 quis

1866 2530 2020 2582 alteri
2059 2541 2244 2599 partes
2278 2531 2487 2600 priores
2553 2532 2716 2594 cedit,
2796 2532 3255 2600 quemadmodum
3320 2505 3451 2584 fecit

1867 2623 2240 2685 Abrahamus,
2298 2638 2370 2676 ne
2399 2637 2520 2676 cum
2550 2623 2683 2674 Loto
2715 2625 2941 2691 cjuSqne
2974 2623 3282 2691 pastoribus
3338 2624 3450 2676 liti—

1875 2727 2047 2784 garet.
2086 2713 2206 2780 Quo
2247 2715 2450 2768 factum
2487 2725 2544 2768 ut
2578 2715 2744 2768 Lotus
2788 2714 3037 2768 fertiliori
3075 2726 3216 2768 terra
3280 2715 3455 2768 Sodo-

1874 2824 2089 2862 morum
2124 2808 2411 2876 potiretur,
2473 2821 2595 2860 cum
2657 2807 3007 2860 Abrahamtzs
3053 2808 3116 2859 ad
3179 2821 3446 2876 quercum

1878 2900 2134 2953 Mambrae
2163 2900 2446 2969 migraret.
2475 2917 2493 2949 ι
2529 2901 2703 2966 Atque
2762 2899 2851 2951 hic
2887 2899 3008 2952 vide
3047 2914 3182 2968 quas
3220 2899 3269 2952 ei
3304 2898 3454 2952 vices

1875 2991 2020 3042 Deus
2052 2987 2270 3044 referat.
2317 2989 2732 3057 Quamcunque,
2759 2991 2854 3051 ait,
2877 2998 3074 3043 terram
3106 3008 3169 3044 ex
3204 2992 3304 3045 hoc
3331 2993 3453 3045 loco

1871 3083 2168 3148 conspicis,
2209 3096 2424 3136 omnem
2457 3081 2548 3133 tibi
2599 3096 2698 3148 ego
2738 3081 2877 3133 dabo
2917 3094 2970 3133 et
3021 3073 3113 3135 tito
3151 3083 3346 3136 εοιιτίιιὶ
3398 3085 3452 3138 in

1872 3177 2292 3244 sempiternum.
2325 3174 2364 3225 Ε
2391 3173 2610 3226 diverso
2653 3171 2888 3225 fertilior
2930 3172 3017 3224 illa
3085 3183 3226 3225 terra
3285 3190 3448 3241 quam

208 3263 596 3334 ήπαραδείσου
659 3264 828 3334 μηδὲν
877 3264 1235 3334 διαφέρουσα,
1289 3267 1390 3317 οὐκ
1449 3267 1529 3328 είς
1594 3265 1759 3318 καλὸν

1870 3265 2037 3319 Lotus
2071 3263 2309 3333 accepit,
2339 3261 2594 3331 paradiso
2653 3277 2759 3314 non
2808 3261 3118 3323 cedentem,
3163 3276 3350 3326 parum
3399 3260 3450 3313 ci

205 3357 367 3425 ἀπέϐη
422 3358 502 3427 τῷ
558 3357 778 3410 λαϐόντι
833 3357 1038 3428 αὐτήν·
1079 3360 1426 3427 αἰχμάλωτος
1471 3359 1580 3425 γὰρ
1624 3359 1763 3428 μετὰ

210 3449 382 3518 μικρὸν
400 3449 654 3517 ἀπήγετο
685 3450 791 3501 ὑπὸ
821 3451 929 3502 τῶν
967 3451 1086 3503 κατ’
1113 3449 1278 3501 αὐτοῦ
1306 3451 1764 3519 στρατευσάντων

208 3539 348 3591 πέντε
375 3540 669 3609 βασιλέων.
689 3541 833 3597 Ἀλλ’
857 3543 884 3595 ὁ
911 3541 1053 3605 θεῖος
1083 3543 1247 3594 αὐτὸν
1277 3541 1465 3610 ῥύεται
1510 3543 1764 3612 Ἀϐραὰμ

209 3632 330 3698 μετὰ
368 3633 474 3686 τῶν
504 3635 837 3702 τριακοσίων
865 3635 999 3688 δέκα
1029 3637 1124 3688 καὶ
1155 3635 1300 3688 ὀκτὼ
1338 3636 1630 3701 οἰκογενῶν
1665 3636 1766 3688 αύ-

215 3722 298 3775 τοῦ
355 3725 603 3777 ἐπελθὼν
665 3727 758 3779 καὶ
806 3728 1124 3796 κατακόψας
1155 3727 1399 3795 εαύτούς.
1455 3727 1568 3779 Καὶ
1610 3710 1767 3779 τοῦτό

205 3814 336 3867 ἐστιν
394 3817 539 3886 ὅπερ
591 3820 618 3870 ὁ
687 3817 898 3880 Παῦλος
960 3837 1164 3887 φησιν,
1212 3820 1294 3870 ὅτι
1357 3819 1768 3890 ὑποστρέφοντα

203 3906 283 3961 τὸν
323 3909 578 3979 Ἀδραὰμ
605 3912 670 3963 ὲκ
693 3913 794 3980 τῆς
841 3912 1017 3980 κοπῆς
1043 3912 1147 3964 τῶν
1195 3911 1459 3979 βασιλέων
1487 3913 1638 3981 ἄρτῳ
1672 3912 1766 3966 καὶ

158 3997 161 3999 ’
204 3995 316 4065 οἴνῳ
341 3997 614 4064 δεξιοῦται
663 4002 691 4052 ὁ
738 4001 1098 4070 Μελχισεδὲκ,
1135 4005 1388 4064 κάκεῖνος
1419 4002 1510 4069 ἀφ’
1540 3997 1613 4054 ὧν
1638 4005 1765 4054 ὲπε-

209 4090 385 4157 φέρετο
438 4091 706 4162 λαφύρων
765 4093 961 4146 δέδωκε
1009 4094 1244 4156 δεκάτας
1288 4095 1460 4164 αὐτῷ.
1515 4095 1760 4166 Πρόσεχε

206 4180 391 4236 λοιπόν.
418 4185 534 4238 Καὶ
567 4187 715 4254 ἡμᾶς
741 4187 848 4255 γὰρ
885 4190 1330 4259 ὑποστρέφοντας
1365 4187 1474 4241 ἀπὸ
1505 4189 1599 4240 τοῦ
1639 4206 1764 4257 νοη-

208 4273 290 4327 τοῦ
325 4279 564 4348 πολέμου
595 4279 747 4348 ἄρτῳ
779 4283 872 4335 καὶ
895 4282 1024 4350 οἴνῳ
1064 4281 1333 4344 δεξιοῦται
1366 4282 1393 4332 ὁ
1427 4279 1766 4349 Μελχισεδὲκ

215 4365 388 4434 ὅντως,
421 4370 503 4441 τῷ
536 4372 751 4441 σώματι
781 4376 875 4426 καὶ
905 4374 1098 4444 αἵματι
1133 4375 1376 4442 δηλονότι
1401 4374 1587 4427 αὐτοῦ.
1617 4373 1680 4424 El
1709 4374 1766 4424 δὲ

205 4458 364 4524 τοῦτο,
405 4462 552 4514 κατὰ
597 4465 690 4516 τὸν
733 4465 987 4534 ’Δόραὰμ
1048 4465 1264 4527 πάντως
1329 4465 1619 4533 ὀφείλομεν
1671 4465 1764 4516 καὶ

211 4553 350 4619 ἡμεῖς
374 4554 476 4615 τὰς
508 4553 641 4606 δέκα
664 4553 820 4623 ἡμῶν
853 4554 1136 4624 αἰσθήσεις
1176 4555 1297 4608 ἀντὶ
1322 4554 1566 4607 δεκατῶν
1593 4571 1763 4625 προσ-

205 4644 342 4710 άγειν
371 4646 542 4714 αὐτῷ,
575 4645 676 4712 τῆς
715 4645 895 4715 ψυχῆς
927 4645 1126 4715 δηλαδὴ
1169 4648 1263 4700 καὶ
1295 4645 1390 4699 τοῦ
1422 4646 1691 4716 σώματος.

278 4817 332 4869 '0
374 4818 473 4888 μὲν
503 4814 596 4871 οὖν
635 4817 889 4887 Ἀϐραὰμ
933 4818 1241 4889 καθήμενος
1275 4820 1422 4888 παρὰ
1450 4823 1514 4890 τῇ
1545 4820 1665 4891 δρυῒ
1699 4825 1765 4892 τῇ

212 4904 436 4979 Μαμὸρῇ
498 4909 708 4972 πάντας
793 4911 1094 4977 ἐφιλοξὲνει
1157 4913 1283 4972 τοὺς
1341 4915 1768 4982 παροδεύοντας,

210 5002 416 5064 πιστοὺς
447 5003 580 5071 ὁμοῦ
616 5003 710 5054 καὶ
740 5003 1023 5065 ἀπίστους,
1054 5004 1196 5055 κατὰ
1230 5005 1398 5074 μηδὲν
1430 5007 1524 5057 ἐπὶ
1552 5006 1769 5069 τούτοις

209 5091 603 5163 διακρινόμενος
626 5114 638 5124 ·
670 5096 765 5147 καὶ
799 5097 1053 5147 τοσοῦτον
1086 5096 1272 5157 ἁπλῶς
1296 5098 1574 5163 φιλόξενος
1609 5094 1673 5168 ἦν
1695 5099 1772 5161 ὼς

213 5188 294 5237 καὶ
322 5189 488 5256 αὐτὴν
512 5191 611 5258 τὴν
643 5188 804 5254 ἁγίαν
837 5189 1043 5258 Τριάδα
1075 5189 1354 5242 κατελθεῖν
1379 5193 1470 5243 ἐπὶ
1494 5194 1591 5260 τῆς
1623 5208 1771 5261 σκη-

211 5274 295 5343 νῆς
319 5275 476 5329 αὐτοῦ
511 5279 604 5329 καὶ
651 5280 762 5328 τῶν
797 5279 1220 5346 παρατεθέντων
1259 5282 1396 5350 αὐτῇ
1455 5281 1771 5351 περιχαρῶς

215 5367 594 5439 ἐμφορηθῆναι.
647 5371 723 5421 Ού
774 5370 878 5439 χρὴ
913 5371 1237 5440 θαυμάζειν.
1283 5375 1578 5440 Ἀγγέλους
1627 5374 1773 5426 ἐσθί-

215 5473 359 5522 οντας
407 5461 625 5522 ἀκούεις
673 5466 824 5528 παρὰ
857 5466 922 5531 τῇ
957 5464 1180 5535 Γραφῇ·
1232 5466 1480 5534 ἐνεργείᾳ
1527 5469 1620 5515 καὶ
1669 5466 1776 5534 γὰρ

219 5548 418 5620 ἀοράτῳ
465 5551 858 5619 κατηνάλωσαν
905 5555 973 5604 τὰ
1014 5555 1418 5623 πνρακείμενα,
1471 5559 1777 5625 προσποιή-

223 5655 295 5691 σει
324 5644 412 5693 τοῦ
451 5646 670 5710 φαγεῖν.
716 5646 869 5698 Ἀλλὰ
904 5649 995 5697 καὶ
1024 5646 1366 5716 Θεοδώρητος
1395 5647 1535 5701 οὓτω
1562 5649 1727 5718 φησίν
1758 5665 1770 5678 ·

230 5747 246 5778 ι
276 5730 407 5786 Οὗτε
443 5737 506 5803 τῇ
550 5736 711 5802 φύσει
762 5736 951 5804 ἄνδρες
1007 5733 1168 5805 ἦσαν,
1211 5737 1324 5787 ἀλλ’
1355 5738 1575 5790 ἐδόκουν
1608 5736 1770 5801 εἶναι,

287 5889 330 5923 ⁵⁸
359 5891 506 5946 Rom.
542 5908 582 5956 ι,
613 5891 704 5946 ΞΟ.
781 5896 822 5926 ²¹
856 5893 992 5947 Gen.
1027 5911 1125 5959 xu,
1162 5896 1210 5948 I.

415 5991 687 6050 ΡΑτιιοι.
717 5993 832 6052 Gn.
868 5988 1120 6053 CLVIII.

1287 5898 1328 5926 ²¹
1363 5894 1530 5951 Ilcbr.‘
1558 5911 1654 5962 νη,
1691 5899 1773 5954 10.

1869 3358 2092 3426 profuit.
2129 3357 2265 3409 Nam
2297 3355 2446 3410 haud
2492 3355 2659 3423 longo
2701 3365 2824 3421 poet.
2876 3353 3171 3406 intervallo
3206 3369 3232 3403 a
3285 3352 3449 3419 quin-

1869 3465 1975 3518 que
2003 3449 2244 3518 regibus,
2276 3447 2365 3516 qui
2398 3446 2805 3515 expeditionem
2833 3445 2888 3497 in
2947 3445 3060 3497 lucc
3093 3445 3210 3496 leca
3264 3458 3452 3496 susc-

1870 3553 2084 3613 perant,
2114 3542 2363 3610 captivus
2388 3538 2699 3592 abducitur.
2749 3536 3070 3604 Quanquam
3100 3536 3320 3588 divinus
3369 3534 3450 3586 \ir

1869 3637 2212 3688 Ahrahamus
2231 3649 2351 3687 cum
2376 3633 2479 3687 3I8
2510 3631 2655 3685 domi
2691 3645 2803 3683 sua:
2846 3628 2990 3682 natis
3026 3630 3213 3682 hostes
3283 3627 3450 3706 ador-

1874 3741 1964 3783 tus
1995 3728 2190 3780 iisdem
2230 3725 2389 3778 caesis
2426 3722 2622 3776 Lotum
2654 3721 2871 3772 liberat.
2903 3719 3057 3788 132
3119 3719 3295 3786 Atque
3347 3716 3450 3767 hoc

1873 3823 2002 3876 illud
2051 3828 2157 3884 est,
2212 3818 2357 3887 quod
2414 3816 2619 3869 Paulus
2685 3814 2786 3878 ait,
2833 3813 3201 3865 Abrahamum
3261 3826 3447 3862 rever-

1873 3923 2131 3965 teutema
2165 3912 2308 3962 caede
2358 3921 2542 3976 regum
2575 3921 2714 3973 pane
2772 3918 2836 3956 ac
2887 3902 3014 3955 vino
3066 3917 3235 3970 exeep
3268 3917 3358 3954 um
3407 3912 3446 3953 'a

1874 4001 2274 4058 Melchisedeco
2308 4000 2500 4059 fuisse,
2528 3997 2617 4051 cui
2652 3997 2946 4066 spoliorum
3004 4009 3186 4047 secum
3253 3993 3447 4046 allato-

1870 4113 1991 4150 rum
2025 4098 2282 4151 decumas
2325 4092 2566 4146 vicissim
2597 4091 2930 4145 obtulerit".
2959 4088 3095 4164 r_ll.ec
3128 4088 3256 4140 mihi
3286 4091 3449 4139 verba

1870 4190 2163 4258 diligenter
2199 4185 2571 4239 considerato.
2629 4181 2840 4235 Etenim
2878 4163 2977 4234 nos
3046 4180 3211 4233 etiam
3262 4193 3447 4232 rever—

1870 4291 2050 4336 tentes
2093 4281 2160 4333 ab
2203 4278 2503 4332 intellectili
2537 4275 2679 4329 bello
2720 4289 2882 4328 verus
2937 4273 3026 4325 ille
3093 4265 3447 4324 Iliclch‘scdc-

1871 4386 1968 4425 cus
1995 4383 2133 4437 pane
2169 4383 2233 4420 ac
2261 4368 2386 4420 vino
2417 4366 2641 4434 excipit,
2685 4365 2938 4417 nimirum
2971 4377 3200 4430 corpore
3228 4363 3450 4428 sangui-

1870 4475 2049 4528 neque
2097 4475 2216 4512 suo.
2261 4457 2418 4521 Quod
2447 4473 2569 4508 cum
2604 4457 2675 4508 ita
2725 4455 2816 4516 sit,
2867 4452 3092 4506 omnino
3159 4448 3451 4504 Abrahami

1871 4563 1970 4602 nos
2003 4550 2167 4601 etiam
2209 4546 2462 4614 exemplo
2497 4545 2688 4598 decem
2732 4550 2952 4595 nostros
2997 4556 3213 4604 sensus,
3279 4543 3450 4593 animi

1794 4631 1848 4693 1)
1877 4640 2135 4692 nimirum
2169 4647 2223 4692 et
2257 4637 2506 4705 corporis
2547 4636 2668 4688 loco
2728 4635 3082 4686 decumarum
3121 4632 3319 4685 oﬂ'crre
3353 4632 3451 4684 de-

1871 4733 2084 4785 bemus.

1947 4824 2090 4877 Idem
2126 4822 2466 4875 Abrahamus
2483 4819 2548 4872 ad
2583 4816 3134 4887 quercum_Mamhrte
3155 4815 3454 4870 considi-ns

1876 4916 2116 4983 hospitio
2157 4923 2384 4966 cunctOs
2415 4913 2520 4963 iter
2551 4911 2682 4963 istae
2707 4908 2992 4973 facientes,
3028 4910 3214 4962 lidelcs
3253 4909 3453 4977 pal'Ilt'l‘

1874 5024 1936 5062 ac
1980 5007 2252 5067 infideles,
2285 5005 2420 5057 citra
2454 5003 2751 5056 discrimen
2813 5003 3068 5070 cxciperp
3097 5003 3342 5064 solebat;
3401 5011 3455 5052 ct

1877 5116 2048 5170 usque
2077 5101 2213 5152 adeo
2242 5108 2359 5152 erat
2391 5098 2698 5166 ImSpitalis,
2733 5106 2792 5149 ut
2837 5096 2951 5164 ipsa
2981 5095 3141 5148 etiam
3173 5109 3457 5146 sacrusauu

1877 5205 1964 5249 cla
2001 5194 2246 5247 Trinitas
2275 5193 2391 5261 ejus
2424 5193 2839 5243 tabernaculum
2877 5190 2946 5242 sit
2996 5190 3238 5258 ingressa
3263 5188 3454 5240 hilaai-

1879 5301 2066 5355 terque
2091 5285 2227 5338 cibis
2250 5285 2512 5354 appositis
2537 5285 2756 5338 satiata.
2786 5283 2942 5347 Quod
2971 5283 3192 5350 quidem
3230 5279 3453 5330 minime

1881 5381 1976 5432 tibi
2005 5378 2201 5430 mirum
2241 5377 2410 5429 videri
2443 5377 2622 5429 debet.
2677 5375 2811 5428 Nam
2841 5385 2895 5426 ct
2926 5373 3149 5444 angelos
3178 5372 3350 5423 sacris
3400 5369 3454 5418 ἰιλ

1881 5465 2096 5517 Litteris
2132 5463 2434 5516 comedisse
2461 5463 2639 5516 audis.
2679 5464 2890 5516 Etenim
2948 5464 2998 5515 vi
3053 5459 3286 5528 quadam
3331 5457 3455 5508 ina—-

1879 5555 2442 5625 spectabiliapposita
2499 5557 2602 5609 sub
2637 5571 2702 5607 cu
2758 5563 3026 5622 praetextu
3074 5549 3454 5608 absaincbaut,

1877 5650 2029 5717 quasi
2056 5649 2137 5701 eis
2173 5658 2546 5701 vescerentur.
2597 5646 2664 5700 Et
2695 5646 3072 5699 Theodoretus
3112 5642 3186 5693 ait
3229 5643 3325 5693 hos
3357 5657 3458 5691 m'v

1877 5755 1984 5809 que
2027 5752 2220 5826 natura
2253 5739 2420 5793 fuisse
2473 5741 2741 5800 homines,
2785 5737 2880 5788 sed
2920 5738 3062 5790 hanc
3114 5747 3222 5802 pm:
3259 5745 3318 5785 se
3370 5741 3461 5785 ιυ-

2960 5987 3000 6050 9
