3862 6228
421 470 544 536 -259

1691 468 1998 530 MICHAEJ

2153 462 2415 528 GLYCE
3005 511 3016 534 ,
3586 458 3674 521 260

440 585 568 638 lisse
609 582 881 652 speciem;
919 597 1022 636 nec
1055 590 1113 636 ut
1145 580 1391 636 homines
1435 577 1762 643 comedisse,
1806 578 1998 646 quippe

2111 575 2234 628 οὐτε
2266 575 2472 643 ἔφαγον
2521 573 2594 636 ὡς
2646 573 2953 643 ἄνθρωποι,
2990 570 3110 625 ἀλλ’
3135 571 3362 625 ἐδόκουν
3399 572 3596 626 ἐσθίειν
3621 576 3678 644 τῇ

438 678 526 746 qui
552 675 724 729 oculis
751 674 1074 728 intuentium
1104 672 1391 727 comedere
1422 671 1758 732 viderentur,
1778 684 1899 722 cum
1931 669 2014 720 in-

440 769 598 823 terim
629 766 812 820 divina
861 766 1095 835 quadam
1123 766 1171 819 vi
1228 765 1512 835 appositus
1563 764 1714 818 cibos
1750 762 2006 815 absume-

438 871 582 915 rent.
623 861 757 914 Nam
812 861 954 930 quod
986 861 1057 913 ita
1090 860 1308 913 Littera:
1339 873 1508 912 sacra:
1530 858 1824 926 loquantur
1853 853 2009 922 quasi

437 951 680 1019 apposita
730 950 1090 1014 comederint,
1136 948 1272 1002 nihil
1311 959 1405 1002 est
1455 962 1678 1000 novum.
1730 937 1864 998 Nam
1911 957 2010 1011 par

437 1052 522 1095 est
564 1043 788 1097 credere
830 1041 1010 1096 vocari
1053 1040 1532 1095 manducationem
1571 1039 1738 1108 ipsam
1761 1038 2006 1091 ciborum

434 1125 894 1204 absumptiouem.
931 1133 1066 1188 Tres
1104 1148 1319 1203 quoque
1351 1133 1448 1185 viri
1481 1131 1758 1200 ('OIISpCCIi
1795 1139 1923 1185 sunt
1952 1113 2040 1182 in‘

438 1228 811 1290 tabernaculo,
853 1238 912 1281 ut
945 1227 1321 1298 Chrysostomi
1368 1225 1550 1279 verbis
1583 1235 1820 1286 utamur,
1883 1237 2007 1275 cum

435 1321 544 1374 duo
575 1331 784 1373 tantum
817 1318 1048 1372 Sodoma
1103 1315 1374 1370 venerint.
1428 1314 1559 1368 Nam
1622 1314 1740 1367 istic
1783 1312 2004 1382 quidem

435 1414 713 1479 conspecti
741 1419 868 1464 sunt
896 1420 949 1463 et
969 1409 1154 1479 angeli
1188 1407 1351 1462 simul
1391 1415 1446 1461 et
1477 1421 1668 1459 eorum
1711 1404 2002 1468 Dominus;

437 1507 522 1558 ltic
556 1520 687 1558 vero
707 1504 777 1556 illi
814 1515 1066 1572 tanquam
1095 1500 1332 1555 ministri
1380 1499 1719 1570 ablegantur,
1756 1506 2010 1551 manente

433 1595 576 1665 apud
609 1596 979 1648 Abrahantum
1007 1593 1258 1656 Domino,
1309 1600 1365 1644 et
1399 1599 1608 1644 tantum
1639 1605 1747 1643 non
1807 1588 1861 1640 in
1894 1603 2009 1642 mo-

438 1702 547 1739 rem
580 1686 735 1739 amici
769 1701 888 1739 cum
921 1685 1121 1747 amico,
1170 1685 1284 1737 viro
1309 1683 1642 1753 .justissimo,
1679 1681 1747 1735 de
1779 1681 1846 1734 iis
1885 1695 2006 1748 quas

438 1780 678 1831 facturus
707 1788 820 1831 crat
845 1779 1150 1847 disserente
1181 1795 1195 1830 ε
1237 1797 1254 1828 ι
1287 1777 1488 1846 Egone,
1522 1774 1716 1844 inquit,
1741 1782 1800 1826 ut
1827 1775 2004 1827 Abra-

437 1872 655 1924 hamum
695 1869 956 1924 famulum
987 1883 1166 1923 meum
1203 1869 1372 1920 celem
1405 1865 1472 1918 de
1503 1865 1569 1918 iis
1597 1878 1716 1932 qua:
1757 1879 1877 1917 sum
1906 1862 2006 1924 ,fa-

2121 667 2240 735 ὄψει
2272 667 2380 719 τῶν
2413 665 2684 736 ὁρώντων,
2708 663 3154 733 ἀναλισκομένων
3202 663 3312 715 τῶν
3356 663 3674 734 προτιθεμέ-

2122 775 2227 810 νων
2252 759 2392 811 κατὰ
2424 757 2571 811 θείαν
2604 756 2906 828 ἐνέργειαν.
2935 775 2954 809 ι
2991 757 3058 810 El
3092 755 3149 809 δὲ
3182 757 3277 809 καὶ
3310 755 3517 824 λέγειή
3552 757 3672 826 Γρα-

2123 853 2197 920 φὴ
2230 854 2310 907 ὅτι
2347 854 2656 924 παρέθηκεν
2689 854 2897 919 αὐτοῖς,
2921 853 3014 906 καὶ
3039 852 3266 923 ἔφαγον,
3304 852 3490 905 καινὸν
3517 852 3676 905 οὐδέν’

2124 944 2253 1007 ἴσως
2285 944 2394 1014 γὰρ
2420 947 2480 998 τὸ
2502 945 2814 1016 ἀνηλωσθαι
2838 945 3035 1008 αὐτοὺς
3081 947 3276 1014 φαγεῖν
3312 940 3471 998 εἶπεν
3495 945 3526 1012 ἡ
3554 945 3658 1014 Γρα-

2122 1038 2218 1106 φή.
2257 1037 2366 1090 Καὶ
2398 1040 2546 1106 τρεῖς
2584 1037 2684 1107 μὲν
2714 1040 2771 1091 ἐν
2801 1040 2867 1108 τῇ
2917 1039 3092 1108 σκηνῇ
3141 1037 3423 1106 φαίνονται
3479 1027 3678 1104 ἄνδρες,

2123 1132 2376 1202 καθάπερ
2398 1135 2426 1186 6
2473 1133 2725 1202 Χρυσοῦς
2781 1136 2880 1202 τὴν
2901 1133 3150 1201 γλῶτταν
3179 1135 3334 1201 φησὶ,
3364 1129 3459 1184 δύο
3501 1130 3554 1183 δὲ
3594 1132 3680 1183 ἐπὶ

2121 1224 2330 1295 Σόδομα
2363 1226 2779 1294 παραγίνονται.
2828 1226 2978 1278 Ἐκεῖ
3018 1224 3118 1293 μὲν
3142 1223 3250 1292 γὰρ
3278 1224 3374 1276 καὶ
3403 1225 3452 1276 oi
3474 1222 3677 1290 ἄγγελοι

2121 1317 2216 1368 καὶ
2243 1317 2270 1368 6
2301 1316 2508 1370 τούτων
2531 1317 2971 1394 δεσπότηςὶκατά
2997 1317 3195 1370 ταυτὸν
3217 1314 3501 1382 ὤφθησαν.
3546 1313 3676 1366 ’Δλλ’

2119 1408 2168 1460 οῖ
2193 1408 2293 1476 μὲν
2311 1407 2386 1470 ὡς
2411 1409 2683 1478 ὑπηρέται
2718 1407 3138 1471 ἀπεστέλλοντο,
3164 1408 3192 1460 6
3216 1406 3273 1459 δὲ
3306 1406 3492 1473 ἔμεινε
3516 1404 3676 1457 καθά-

2121 1515 2230 1568 περ
2259 1501 2415 1568 φίλος
2459 1502 2600 1570 φίλῳ
2650 1503 2935 1569 μονονουχὶ
2991 1498 3474 1568 κοινολογούμενος
3500 1493 3576 1565 τῷ
3603 1495 3674 1548 δι-

2120 1591 2260 1662 καίῳ
2311 1592 2456 1663 άπερ
2521 1593 2712 1661 ἔμελλε
2785 1595 2990 1646 ποιεῖν’
3055 1593 3174 1644 «οὐ
3225 1590 3346 1661 μὴ»
3405 1590 3513 1660 γάρ
3553 1604 3673 1658 φησι

2123 1701 2142 1732 ‹
2176 1685 2369 1754 κρύψω
2422 1686 2531 1738 ἀπὸ
2598 1685 2848 1754 Ἀϐραὰμ
2889 1684 2983 1737 τοῦ
3039 1685 3228 1747 παιδός
3275 1700 3377 1752 μου
3425 1681 3462 1735 ἃ
3506 1681 3675 1747 μέλλω

2119 1777 2364 1847 ποιῆσαι.
2391 1797 2408 1828 ι
2453 1777 2720 1848 Κύριλλος
2748 1778 2805 1830 δὲ
2835 1779 2861 1830 6
2895 1777 3068 1846 μέγας
3103 1775 3228 1844 περὶ
3269 1775 3476 1828 τούτων
3505 1771 3670 1826 οῦτω·

2124 1866 2266 1917 dicit
2291 1870 2436 1936 τρεῖς
2464 1867 2561 1936 μὲν
2586 1868 2645 1919 ὲν
2677 1868 2818 1936 ἀρχῇ
2849 1865 2930 1936 τῷ
2973 1865 3225 1935 ’Λϐραάμ
3254 1864 3593 1935 προσέϐαλον
3623 1867 3672 1916 ὲν

435 1961 721 2014 cturus"?
751 1980 768 2010 ι
800 1959 968 2013 Aliter
993 1959 1092 2012 hac
1115 1961 1178 2010 de
1207 1973 1262 2010 re
1283 1956 1520 2024 Cyrillus
1551 1954 1784 2040 loquitur
1814 1972 1828 2008 :
1855 1954 1998 2018 Tres,

2115 1964 2183 2035 τῇ
2212 1961 2333 2034 δρυῒ
2380 1963 2446 2030 τῇ
2505 1960 2775 2030 Μαμϐρῇ,
2807 1959 2900 2012 δύο
2935 1960 2992 2014 δὲ
3029 1962 3142 2022 τοῖς
3174 1959 3434 2026 Σοδόμοις
3462 1959 3670 2026 ὲπεφοίυ

435 2053 530 2116 ait,
552 2052 692 2121 apud
731 2067 993 2119 quercum
1029 2049 1280 2101 Mambra:
1317 2048 1690 2100 Abrahamum
1739 2062 2010 2101 convene-

436 2153 583 2206 rttttt,
612 2158 735 2196 cum
771 2142 1003 2196 Sodoma
1031 2141 1140 2194 duo
1177 2148 1383 2192 tantum
1417 2142 1784 2208 pervenerint.
1819 2137 2009 2192 tPater

331 2285 334 2290 .
435 2237 582 2289 enim
615 2251 721 2289 non
763 2234 973 2303 judicat
1001 2247 1350 2304 quemquam,
1394 2249 1412 2281 ι
1451 2245 1549 2284 ceu
1607 2229 1865 2284 Dominus
1892 2229 2007 2298 ipse

431 2327 672 2394 loquitur
692 2329 757 2387 “,
807 2343 824 2376 ι
855 2325 948 2378 sed
978 2339 1139 2377 Omne
1178 2323 1441 2392 judicium
1478 2321 1615 2374 Filio
1647 2321 1937 2385 concessit,
1982 2339 2001 2372 ι

422 2419 519 2468 -οιιὶ
551 2416 788 2486 Spiritus
817 2415 978 2468 etiam
1011 2423 1232 2467 sant-tus
1261 2412 1580 2466 naturaliter
1611 2413 1782 2467 adest.
1813 2411 1880 2464 Et
1913 2411 2006 2465 Fi-

421 2509 561 2561 lium
604 2524 725 2562 cum
759 2505 963 2576 Spiritu
999 2506 1231 2559 Sodoma
1265 2521 1323 2560 se
1353 2505 1646 2574 recepisse,
1681 2503 1811 2560 satis
1843 2504 2006 2558 intel-

432 2602 522 2671 iigi
558 2601 624 2655 de
651 2600 900 2668 hospitali
932 2600 1255 2667 exceptione
1273 2598 1564 2652 Abrahami
1585 2613 1743 2667 posse
1777 2613 2004 2668 magnus

431 2694 591 2746 etiam
617 2693 947 2745 Athanasius
983 2690 1068 2743 ille
1103 2689 1283 2746 tradit.
1315 2690 1447 2742 Nam
1483 2691 1586 2743 nisi
1629 2688 1798 2744 Filius
1839 2699 2002 2757 atque

432 2786 671 2857 Spiritus
712 2784 963 2849 fuissent,
1009 2782 1115 2836 Deo
1145 2797 1253 2836 non
1284 2782 1639 2836 assedissent.
1671 2780 2002 2835 Conscdisse

429 2888 612 2932 autem
660 2893 784 2931 cum
823 2875 930 2929 Deo
984 2880 1334 2944 perspicuum
1365 2889 1432 2929 ex
1485 2874 1637 2928 hisce
1693 2875 1871 2928 verbis
1893 2883 1998 2940 est,

436 2989 456 3022 ε
491 2969 627 3024 Tum
666 2969 741 3022 illi
777 2977 1236 3029 consurrexerunt
1272 2975 1327 3020 et
1359 2966 1426 3020 ad
1459 2965 1748 3022 Sodomam
1779 2981 1839 3022 se
1865 2981 2000 3021 con-

430 3069 734 3113 xerterunt.
774 3077 792 3109 ι
873 3057 1027 3126 1.33
1077 3057 1287 3123 Quodsi
1351 3073 1456 3111 una
1516 3071 1998 3124 consurrexerunt,

428 3152 589 3204 ctiant
619 3167 725 3205 una
766 3151 1028 3205 sederunt
1055 3167 1068 3214 ;
1101 3158 1154 3204 et
1187 3151 1229 3203 si
1261 3148 1430 3204 Filius
1490 3165 1521 3204 a
1572 3149 1782 3204 dextris
1825 3151 1997 3217 sedet,

428 3253 596 3298 restat
621 3244 848 3298 omnino
877 3244 1142 3314 Spiritum
1175 3259 1205 3296 a
1240 3242 1479 3298 sinistris
1508 3242 1814 3296 considere.
1843 3242 1998 3308 Quod

422 3337 645 3403 quidem
679 3336 839 3400 valet,
868 3337 910 3389 si
946 3337 1068 3390 loco
1099 3336 1256 3389 Pater
1308 3333 1806 3388 circumscribatur.
1865 3335 1999 3388 Nam

423 3430 726 3497 caeteroqui
771 3427 913 3496 apud
957 3427 1134 3496 ipsum
1165 3440 1264 3478 nec
1290 3425 1477 3478 dextra
1499 3435 1588 3478 est
1622 3440 1726 3479 nec
1757 3425 1998 3480 sinistra.

432 3521 599 3589 Igitur
633 3520 912 3573 assidente
961 3517 1108 3571 Filio
1175 3516 1413 3586 Spiritus
1451 3517 1614 3570 etiam
1666 3531 1770 3569 una
1825 3517 2000 3583 sedet,

431 3628 554 3664 cum
589 3613 640 3664 in
670 3610 808 3665 Filio
843 3617 1074 3663 maneat.
1096 3608 1429 3662 Hae-cautem
1460 3606 1800 3676 hospitalitas
1832 3608 2001 3661 Abra-

430 3703 594 3756 hamo
631 3710 840 3756 tantum
870 3701 996 3755 boni
1043 3699 1272 3770 peperit,
1334 3715 1433 3753 ceu
1469 3699 1727 3766 diximus,
1785 3709 1842 3753 ut
1884 3700 2000 3768 ipsa

429 3795 589 3848 ctiam
610 3802 949 3849 sacrosancta
969 3792 1203 3846 Trinitas
1220 3807 1345 3850 cum
1371 3791 1609 3846 inriserit
1634 3803 1686 3846 et
1711 3794 1762 3845 in
1781 3801 1999 3846 senecta

429 3890 670 3943 sobolem
697 3887 747 3941 ci
803 3888 874 3942 sit
917 3887 1129 3957 largita.
1193 3885 1358 3940 Sarra
1402 3886 1620 3955 quidem
1676 3893 1834 3939 a~tate
1889 3895 1999 3938 tam

429 3991 682 4051 provecta
722 3992 862 4044 erat,
902 3991 958 4032 ut
993 3981 1132 4032 hanc
1173 3979 1408 4048 promitti
1440 3977 1671 4032 audiens
1704 3977 1925 4031 rideret.

499 4069 812 4124 Secundum
874 4069 989 4121 haec
1044 4067 1383 4121 Abraltamus
1438 4068 1507 4121 ob
1555 4082 1774 4121 causam
1839 4067 2000 4123 lamis

429 4162 602 4214 solum
634 4159 797 4215 vertit
849 4173 912 4211 ac
960 4157 1163 4211 Gerara
1205 4157 1592 4226 proficiscitur.
1650 4156 1786 4229 Illinc
1817 4158 1999 4212 denuo

428 4269 491 4306 se
531 4255 580 4305 in
611 4251 904 4321 Egyptmn
941 4249 1177 4315 confert,
1231 4249 1325 4303 ubi
1379 4249 1596 4303 Sarram
1627 4249 1675 4303 ei
1713 4251 1996 4320 conjugem

429 4343 810 4396 Abimelechus
855 4339 1065 4394 adimit.
1120 4339 1388 4410 Cupiebat
1420 4339 1566 4392 enim
1621 4340 1768 4394 illaut
1825 4339 1998 4394 forma

2118 2072 2312 2124 τησαν.
2345 2053 2480 2107 Οὐδὲ
2520 2052 2626 2120 γὰρ
2663 2053 2690 2103 6
2723 2051 2917 2120 Πατὴρ
2961 2053 3140 2121 κρενεῖ
3170 2049 3382 2112 οὐδένα,
3422 2051 3602 2102 πᾶσαν
3621 2050 3670 2102 δὲ

2115 2145 2213 2214 τὴν
2247 2143 2429 2213 κρίσιν
2473 2141 2676 2194 δέδωκε
2707 2141 2785 2209 τῷ
2835 2139 2970 2207 Υἱῷ,
3004 2140 3146 2192 κατά
3179 2138 3279 2209 τὴν
3307 2139 3488 2208 φωνὴν
3518 2139 3668 2190 αὐτ-ιῦ

2113 2234 2207 2289 τοῦ
2237 2235 2468 2304 Κυρίου,
2493 2234 2744 2294 συνόντος
2774 2231 3020 2299 φυσικῶς
3047 2231 3136 2283 καὶ
3172 2230 3266 2283 τοῦ
3307 2231 3466 2297 ἁγίου
3517 2231 3670 2284 11νεὺ-

2118 2344 2310 2398 ματος.
2333 2345 2350 2377 ι
2381 2327 2504 2378 Ὅτι
2533 2325 2590 2378 δὲ
2622 2327 2648 2378 6
2683 2324 2808 2388 Υἱὸς
2842 2325 2934 2376 καὶ
2968 2324 3031 2376 τὺ
3077 2323 3304 2392 Πνεῦμα
3343 2323 3437 2374 ἐπὶ
3473 2321 3668 2390 Σόδομα

2114 2421 2459 2490 ἐπορεύοντο,
2496 2417 2590 2470 καὶ
2618 2418 2650 2485 ἡ
2681 2416 2774 2470 τοῦ
2813 2415 3064 2485 ’Δϐραάμ
3113 2415 3260 2479 ξενία
3295 2414 3484 2481 σαφῶς
3526 2431 3668 2483 mpi-

2115 2513 2235 2582 στᾷ,
2267 2510 2518 2577 καθάπερ
2544 2509 2571 2560 6
2602 2507 2777 2578 μέγας
2799 2509 2967 2576 φησὶν
3005 2507 3345 2568 Ἀθανάσιος.
3377 2507 3438 2558 Ei
3472 2505 3548 2575 μὴ
3568 2507 3666 2575 γὰρ

2110 2604 2138 2656 6
2171 2601 2297 2662 Υἱὸς
2317 2602 2410 2654 καὶ
2444 2600 2505 2652 τὸ
2539 2598 2758 2667 Πνεῦμα
2786 2595 2947 2669 ἦσαν,
2979 2600 3078 2651 οὐκ
3098 2597 3163 2652 ἂν
3191 2597 3270 2667 τῷ
3297 2597 3414 2666 Θεῷ
3444 2600 3537 2650 καῖ
3571 2597 3667 2649 [Ια-

2108 2694 2200 2764 τρὶ
2233 2692 2620 2761 συνεκάθηντο.
2653 2691 2778 2746 Ὅτι
2808 2691 2864 2744 δὲ
2890 2689 3276 2760 συνεκάθηντο,
3308 2689 3470 2758 δῆλον
3494 2690 3559 2742 ὲκ
3581 2688 3662 2741 τοῦ

2109 2786 2241 2857 περὶ
2267 2787 2469 2839 τνύτων
2492 2785 2635 2839 οὕτω
2663 2785 2844 2853 λέγειν
2864 2800 2878 2814 ·
2912 2804 2930 2835 ι
2963 2783 3026 2837 Oi
3052 2784 3425 2853 ἐξανέστησαν
3459 2781 3662 2835 ἐπιϐλὲ⁴

2107 2881 2310 2950 ψαντες
2379 2881 2473 2932 ὲπὶ
2535 2879 2830 2948 πρόσωπον
2893 2877 3210 2948 Σοδόμων.»
3271 2875 3334 2929 Ei
3387 2869 3483 2928 οὖν
3546 2874 3660 2940 ἐξα·

2107 2975 2400 3044 νέστησαν,
2433 2973 2651 3034 πάντως
2678 2973 2774 3024 καὶ
2810 2970 3198 3040 συνεκάθηντο.
3233 2971 3296 3023 Εί
3326 2968 3383 3022 δὲ
3410 2970 3440 3022 6
3471 2967 3594 3029 Υἱὸς
3607 2970 3660 3019 ὲκ

2106 3068 2302 3132 δεξιῶν
2338 3067 2600 3133 κάθηται,
2644 3064 2892 3117 λείπεται
2925 3064 3145 3127 πάντως
3196 3063 3254 3128 ἐξ
3285 3059 3581 3130 εὐωνύμων
3608 3058 3662 3110 τὸ

2107 3158 2337 3230 Πνεῦμα
2367 3157 2668 3226 καθῆσθαι.
2706 3157 2839 3220 Ναὶ,
2873 3157 2987 3225 είγε
3016 3154 3388 3226 περιγραπτδς
3411 3149 3480 3224 ἦν
3509 3155 3536 3206 6
3564 3153 3662 3230 Πα-

2106 3251 2242 3320 τήρο
2305 3249 2480 3311 ἄλλως
2554 3249 2662 3319 γὰρ
2744 3247 2877 3317 παρ’
2928 3247 3075 3316 αὐτῷ
3146 3247 3248 3298 οὐκ
3335 3243 3481 3297 ἐστιν
3555 3245 3661 3309 ἀρι·

2107 3340 2277 3412 στερὰ
2324 3340 2419 3394 καὶ
2465 3340 2638 3404 δεξιά.
2686 3339 2793 3391 Τοῦ
2854 3338 2982 3391 Υἱοῦ
3033 3338 3212 3390 τοίνυν
3254 3335 3658 3402 συγκαθημένου

2107 3433 2451 3502 συγκάθηται
2483 3433 2576 3485 καὶ
2607 3433 2668 3485 τὸ
2693 3431 2943 3500 Πνεῦμα,
2970 3432 3091 3484 ἐπεὶ
3133 3431 3191 3482 ἐν
3221 3429 3370 3498 αὐτῷ
3399 3429 3572 3498 μένει,
3592 3427 3659 3495 τῷ

2104 3525 2218 3594 Υίῷ
2277 3525 2502 3597 δηλαδή.
2537 3525 2794 3577 Τοιοῦτον
2854 3523 2910 3576 δὲ
2959 3521 3295 3592 κατηξίωσεν
3340 3520 3545 3588 ἀγαθοῦ
3589 3520 3658 3587 τῷ

2115 3617 2366 3689 Ἀϐραὰμ
2397 3619 2431 3687 ή
2456 3616 2753 3686 φιλοξενία,
2787 3615 2864 3680 ὡς
2893 3616 2987 3669 καὶ
3021 3616 3120 3684 τὴν
3153 3615 3315 3684 ἁγίαν
3350 3614 3552 3683 Τριάδα
3573 3631 3658 3665 κα-

2103 3711 2314 3764 τελθεῖν
2344 3709 2617 3764 ὲπάὐτὸν
2649 3713 2743 3762 καὶ
2789 3709 3002 3778 καρπὸν
3057 3707 3205 3776 αὐτῷ
3256 3707 3467 3769 κοιλίας
3512 3705 3655 3775 χαρί-

2105 3803 2303 3856 σασθαι
2333 3803 2477 3856 κατά
2507 3818 2570 3868 γε
2603 3802 2695 3854 τὸν
2730 3800 2825 3854 τοῦ
2877 3801 3086 3870 γήρους
3139 3799 3370 3869 καιρόν·
3417 3797 3655 3850 τοσοῦτον

2102 3895 2210 3962 γὰρ
2245 3890 2367 3964 ἦνη
2396 3893 2582 3963 Σάρῤα
2612 3889 2992 3961 προϐεϐηκυῖα
3021 3889 3160 3943 ὥστε
3183 3891 3281 3942 καὶ
3301 3890 3532 3958 γελᾶσαι
3563 3889 3653 3942 αὑ-

2101 3986 2201 4055 τὴν
2240 3986 2372 4055 περὶ
2402 3984 2594 4038 τούτου
2627 3983 2967 4038 ἀκούσασαν.

2171 4076 2325 4131 Μετὰ
2382 4077 2439 4130 δὲ
2489 4077 2668 4129 ταῦτα
2711 4074 2987 4145 προφάσει
3027 4077 3094 4144 τῇ
3119 4075 3210 4128 τοῦ
3241 4075 3402 4146 λιμοῦ
3431 4076 3652 4146 μετανά-

2104 4181 2232 4234 στης
2255 4166 2283 4216 6
2325 4162 2576 4234 ’Λϐραὰμ
2597 4163 2830 4231 γίνεται,
2857 4162 3108 4216 κάκεῖθεν
3143 4165 3201 4215 ὲν
3228 4163 3488 4233 Γεράροις
3511 4163 3651 4233 ἔρχε-

2099 4273 2209 4321 ται,
2236 4255 2371 4325 πρὸς
2401 4257 2676 4323 Αἴγυπτον
2726 4256 3061 4322 ἀφικνεῖται,
3092 4254 3187 4306 καὶ
3239 4253 3394 4316 αὖθις
3419 4255 3650 4326 ἀφαιρεῖ-

2101 4365 2192 4400 ται
2217 4347 2316 4419 τὴν
2351 4347 2569 4419 Σάρραν
2597 4347 2692 4400 καλ⁵
2716 4346 2867 4412 παρὰ
2894 4345 2988 4398 τοῦ
3023 4347 3341 4416 Ἀϐιμέλεχο
3374 4346 3532 4417 ἤθελε
3555 4348 3650 4414 γὰρ

429 4435 814 4490 venustissima
882 4435 1159 4503 praeditam
1195 4431 1298 4486 sibi
1357 4431 1708 4485 matrimonio
1741 4433 1993 4502 jungere,

2111 4439 2270 4508 αὐτὴν
2306 4439 2766 4508 εὐπρεπεστάτην
2795 4433 2963 4490 οὖσαν
2989 4438 3125 4508 πρὸς
3152 4436 3334 4505 γάμου
3375 4438 3646 4490 κοινωνίαν

426 4528 728 4598 ιιγαξερτιὶιιι
771 4528 913 4597 quod
951 4541 1072 4580 esse
1088 4541 1243 4579 soror
1271 4524 1560 4578 Abrahami
1596 4524 1993 4592 perhiberetur.

2100 4532 2309 4594 λαϐεῖν,
2339 4533 2455 4598 είγε
2518 4531 2614 4583 καὶ
2653 4531 2861 4599 μᾶλλον
2896 4529 3100 4599 ἀδελφὴ
3131 4529 3226 4582 τοῦ
3268 4528 3522 4599 ’Δϐραὰμ
3551 4529 3650 4580 ὲλέ-

427 4621 750 4688 Quanquam
807 4618 951 4672 enim
995 4616 1271 4687 Josephus
1305 4619 1504 4670 asserit
1562 4614 1781 4668 Sarram
1831 4613 1996 4668 fuisse

2111 4641 2228 4693 γετο
2249 4619 2411 4677 εἶναι.
2449 4623 2508 4675 Εἰ
2542 4622 2650 4691 γὰρ
2680 4621 2911 4690 ἀνεψιάν
2945 4637 3080 4690 φησι
3112 4621 3210 4689 τὴν
3240 4621 3463 4691 Σάρραν
3489 4623 3516 4673 6
3553 4619 3650 4672 16.-

425 4714 813 4769 consobrinam
846 4709 1167 4771 Abrahami,
1218 4708 1504 4763 sciendum
1567 4717 1747 4761 tamen
1802 4716 1885 4762 est
1924 4723 1988 4763 ex

426 4804 743 4860 narratione
771 4803 1001 4858 Mosaica
1028 4802 1193 4856 fuisse
1214 4811 1326 4856 tum
1358 4800 1644 4872 conjugcm
1677 4801 1847 4871 ipsius
1878 4810 1990 4855 tum

428 4912 698 4960 sororem,
750 4906 809 4950 ut
839 4910 959 4964 quia
1009 4905 1183 4949 matre
1244 4893 1465 4963 quidem
1511 4891 1994 4955 eadem,,diverso

426 5007 558 5044 vero
593 4999 745 5059 patre
789 4999 911 5040 nata
967 4994 1136 5040 esset.
1203 4984 1385 5054 Itaque
1423 4985 1694 5038 occultato
1735 4999 1865 5049 uno,
1926 4999 1993 5038 ne

428 5089 683 5146 tanquam
728 5076 808 5130 vir
835 5074 1135 5142 mulieris~e
1168 5072 1348 5126 medio
1407 5073 1708 5135 tolleretur,
1763 5075 1992 5126 alti-rum

427 5172 646 5233 fatetur,
681 5181 925 5222 sororem
949 5166 1212 5240 Ividelicet
1242 5181 1395 5218 suam
1423 5180 1568 5219 esse.
1623 5165 1819 5242 Magno
1847 5176 1996 5220 certe

426 5261 689 5332 przcditus
717 5259 899 5312 animo
940 5257 1044 5310 fuit
1075 5254 1432 5310 Abrahamus.
1494 5253 1626 5308 Nam
1683 5247 1752 5310 o'b
1797 5256 1992 5311 [autem

426 5357 513 5412 bis
572 5355 624 5407 itt
655 5351 947 5421 Egyptum
1012 5347 1309 5419 profectus,
1358 5363 1527 5402 uxore
1572 5348 1654 5402 bis
1709 5349 1993 5416 Spoliatus,

428 5449 611 5517 semel,
648 5462 678 5500 a
709 5446 1016 5511 Pharaone,
1052 5443 1249 5496 iterum
1297 5441 1364 5496 ab
1403 5441 1772 5509 Abimelecho,
1829 5458 1994 5514 gene—

429 5556 554 5594 roso
589 5536 946 5593 nihilominus
965 5534 1150 5588 animo
1190 5535 1328 5587 hanc
1356 5535 1756 5603 ademptionem
1802 5549 1989 5604 pertu-

427 5635 509 5686 lit.
545 5633 756 5700 Quippe
787 5644 910 5684 cutn
957 5626 1128 5681 semel
1175 5625 1661 5702 obtemperandum
1715 5642 1835 5680 esse
1885 5627 1994 5681 Deo

429 5724 780 5784 decrevisset,
815 5722 868 5773 in
894 5717 1135 5772 consiliis
1161 5717 1649 5773 administrationis
1680 5717 1798 5786 ejus
1848 5716 1990 5771 inef-

2102 4731 2274 4783 σηπος
2305 4713 2398 4766 τοῦ
2427 4713 2700 4783 ’Λϐραὰμ,
2734 4711 2869 4765 ἀλλά
2902 4713 3040 4768 κατὰ
3069 4711 3168 4782 τὴν
3199 4713 3496 4775 Μωσαῖκὴν
3521 4713 3649 4763 ιστο-

2101 4805 2224 4874 ρίαν
2276 4805 2340 4856 ἐκ
2387 4803 2592 4874 μητρός
2635 4803 2734 4873 μὲν
2792 4803 2893 4872 τῆς
2941 4803 3132 4876 αὐτῆς,
3188 4804 3248 4868 ἐξ
3278 4803 3442 4857 ἄλλου
3474 4804 3527 4858 δὲ
3566 4803 3646 4873 καὶ

2101 4895 2268 4948 ἄλλον
2303 4896 2524 4964 πατρὸς.
2570 4894 2845 4963 Κρύπτων
2871 4893 2964 4946 οῦν
2998 4895 3060 4947 τὺ
3089 4896 3168 4960 ἓν,
3201 4895 3286 4947 ἵνα
3323 4895 3399 4967 μὴ
3434 4895 3646 4965 φονευθῇ

2100 4984 2263 5052 δῆθεν
2288 4984 2367 5048 ὡς
2397 4985 2538 5055 ἀνὴρ
2571 4986 2762 5054 αὐτῆς,
2787 4986 2848 5038 τὸ
2879 4987 3068 5054 ἓτερον
3097 4985 3304 5052 ἔλεγεν,
3339 4985 3644 5052 ὄτιἋδελφή

2101 5074 2202 5145 μού
2235 5078 2403 5128 ἐστιν.
2438 5075 2833 5145 Μεγαλόψυχος
2870 5077 3036 5138 ὅντως
3079 5080 3106 5129 6
3139 5076 3413 5147 Ἀϐραάμ.
3445 5081 3530 5140 Δίς
3551 5076 3646 5144 γὰρ

2101 5171 2179 5232 είς
2204 5168 2482 5235 Αἴγυπτον
2514 5170 2786 5238 προφάσει
2819 5167 2911 5221 τοῦ
2941 5169 3099 5238 λιμοῦ
3148 5169 3432 5221 κατελθὼν
3465 5173 3552 5221 καὶ
3575 5167 3644 5227 δὶς

2095 5260 2195 5328 τὴν
2250 5260 2468 5330 Σάρραν
2498 5258 2839 5330 ἀφαιρεθεὶς,
2878 5261 3028 5330 παρά
3067 5277 3124 5312 τε
3174 5260 3270 5313 τοῦ
3332 5260 3529 5330 Φαραὼ
3565 5258 3645 5311 καὶ

2099 5348 2229 5417 παρ’
2261 5348 2426 5401 αὐτοῦ
2472 5347 2697 5419 ὕστερον
2731 5348 2824 5401 τοῦ
2871 5350 3181 5419 Ἀϐιμέλεχ,
3201 5352 3464 5417 γενναίως
3497 5351 3643 5418 ἔφερε

2094 5441 2192 5510 τὴν
2214 5441 2504 5511 ἀφαίρεσιν
2521 5455 2536 5470 ⁸
2556 5441 2868 5495 ἀκολουθεῖν
2898 5443 3005 5512 γὰρ
3024 5444 3279 5508 καθάπαξ
3305 5446 3489 5515 κρίνας
3515 5443 3640 5510 Θεῷ.

2097 5534 2578 5603 πολυπραγμονεῖν
2601 5533 2706 5586 οὐκ
2732 5532 2892 5603 ἤθελε
2920 5537 3017 5594 τὰς
3052 5536 3327 5606 ἀρρήτους
3359 5535 3643 5603 οἰκονομίας

2097 5624 2287 5680 αὐτοῦ.
2332 5624 2452 5693 Ἐφ’
2501 5620 2546 5694 ᾧ
2589 5627 2683 5678 καὶ
2729 5627 2958 5679 κατόπιν
3001 5628 3058 5688 αἱ
3106 5628 3247 5680 θεῖαι
3278 5626 3643 5702 τικολούθησαν

2095 5719 2244 5788 αὐτῷ
2274 5718 2523 5789 ἀμοιϐαί.

430 5822 683 5880 fabiiihus
714 5817 1094 5887 perquirendis
1125 5817 1374 5870 curiosus
1419 5829 1539 5868 esse
1579 5814 1774 5868 noluit.
1835 5814 2125 5884 Propterea
2164 5816 2404 5870 vicissim
2449 5817 2564 5872 suis
2593 5832 2719 5874 eum
2770 5820 3054 5877 beneficiis
3107 5821 3245 5876 Deus
3305 5819 3529 5875 ornavit.

503 5917 545 5948 ⁸³
585 5917 719 5972 lSen.
753 5927 910 5985 xvtn,
945 5914 1026 5967 Π.
1067 5914 1112 5944 ³³⁵
1148 5912 1303 5966 loan.
1344 5926 1396 5976 v,
1431 5907 1520 5962 2‘2.
