3862 6228
112 492 197 562 Et]!
1313 498 1637 559 ANNALIE

1785 492 1950 560 ἈΗΒ
1992 498 2075 561 Π.
3207 496 3310 562 2(ῑὲ

173 607 296 670 Τοὺς
345 603 529 671 μέντοι
590 605 882 674 Σοδομίτας
921 607 951 675 ἡ
1003 604 1236 679 κακίστη
1262 607 1446 677 ἐκείνη
1482 612 1698 676 συνείς-Α

1816 608 2085 662 (Ξωιετηηι
2137 607 2437 662 Sodomitis
2466 608 2803 663 consuetudo
2838 609 3050 665 vivendi
3092 608 3313 683 ﬂagitio-

116 700 217 752 θεια
241 699 293 749 ιν
326 696 572 763 ἀγγέλοις
628 690 812 760 αὐτοῖς
846 699 1029 749 ἔπεισε
1060 698 1159 765 τὴν
1193 698 1478 765 ἀσέλγειαν
1506 698 1629 749 ἑπι-

1794 700 1960 753 ssima
2002 699 2296 768 persuasit,
2335 709 2393 753 nt
2432 700 2593 753 etiam
2653 701 2706 753 in
2737 702 2954 771 angelos
2990 704 3136 772 ipsos
3166 719 3317 757 exer«

114 790 380 854 δείξισθαι,
411 790 532 840 ὅθεν
555 792 650 846 καὶ
675 790 944 843 ἀσϐέστου
972 790 1140 858 πυρὸς
1162 788 1324 856 ἔργον
1360 790 1639 857 γεγόνασι.

1788 806 1871 844 ere
1903 792 2236 859 proterviam
2296 806 2452 844 suam
2519 792 2759 854 vellent;
2812 796 3165 861 quamobrem
3228 796 3313 847 in-

118 882 183 933 Τὰ
200 882 294 950 γὰρ
319 880 524 949 Σίδομα
554 882 733 933 ἐκεῖνα
764 881 1069 950 περικαλλῆ
1091 882 1185 949 μὲν
1212 881 1443 943 ἑστῶτα,
1469 881 1643 948 τέφρα

1787 882 2019 935 sstincm
2050 882 2173 952 igne
2190 892 2318 936 sunt
2359 883 2555 951 puniti.
2602 883 2733 937 Nam
2764 884 2996 939 Sodoma
3021 888 3109 941 illa
3136 904 3312 957 quon-

115 974 160 1025 δὲ
187 975 245 1039 τῇ
276 970 500 1039 ἀληθείᾳ
538 971 670 1024 ὄντα
718 972 834 1040 (καὶ
870 970 1034 1033 αὐτὸς
1062 971 1170 1040 γὰρ
1201 972 1229 1022 6
1260 970 1368 1039 ἀὴρ
1402 969 1500 1021 σὺν
1532 973 1640 1033 τοῖς

1787 986 1869 1025 am
1910 974 2301 1041 pulcherrima,
2332 990 2457 1028 cum
2488 976 2665 1029 adhuc
2686 986 2915 1041 starent,
2944 994 3089 1031 nunc
3123 995 3312 1048 reapse

118 1064 281 1117 ὕδασιν
310 1062 663 1132 ἐκπυροῦται)
697 1064 995 1131 τεκμήριον
1026 1062 1107 1115 ὅτι
1139 1064 1311 1131 σαφὲς
1342 1062 1436 1115 τοῦ
1458 1062 1643 1116 διαιω-

1789 1062 1884 1114 ihil
1915 1074 2043 1116 sunt
2074 1062 2219 1115 aliud
2244 1078 2407 1131 quam
2447 1063 2610 1117 cinis.
2669 1064 2778 1117 Aer
2830 1064 2976 1118 enim
3034 1066 3147 1135 ipse
3188 1082 3312 1118 cum

114 1155 259 1216 νίζειν
290 1151 461 1202 ἐκεῖσε
490 1149 586 1220 τὴν
618 1149 862 1204 κόλασιν.
895 1150 1082 1203 Ταῦτα
1106 1152 1161 1203 δὲ
1194 1157 1323 1220 περὶ
1350 1152 1639 1205 Παλαιστί‹

1793 1152 1905 1219 quis
1966 1152 2353 1215 inﬂammatur,
2396 1164 2776 1223 argumentum
2838 1155 3045 1210 illustre
3084 1157 3152 1210 de
3193 1172 3318 1224 per-

116 1260 216 1313 νης,
251 1242 580 1303 Ἀσκάλωνος
622 1242 716 1294 καὶ
765 1241 945 1308 Γάζης
993 1241 1220 1306 ἄνωθεν,
1260 1245 1389 1309 περὶ
1443 1244 1504 1295 τὸ
1553 1243 1641 1295 τοῦ

1797 1244 2137 1298 eluiseorum
2168 1245 2470 1313 suppliciis.
2522 1245 2635 1299 Sita
2698 1256 2828 1301 sunt
2887 1257 3069 1301 autem
3127 1248 3180 1300 in
3219 1244 3322 1300 Pa-

124 1334 362 1402 Ἰορδάνου
397 1332 573 1397 τέλος,
605 1332 765 1385 οὐδὲν
806 1334 1105 1386 ἀπσοικότα
1156 1335 1279 1385 τότε
1328 1333 1423 1386 τοῦ
1465 1350 1646 1402 παρα-

1797 1338 1977 1401 :stina,
2012 1336 2156 1390 haud
2193 1337 2380 1405 procul
2409 1354 2436 1389 a
2465 1336 2607 1391 Gaza
2631 1346 2685 1391 et
2724 1338 3015 1401 Ascalone,
3057 1339 3121 1392 ad
3142 1340 3322 1392 amnis

120 1426 289 1478 δείσου.
337 1425 396 1476 Ὀ
430 1423 566 1491 γοῦν
595 1423 843 1476 ἀπιστῶν
877 1426 945 1494 τῇ
998 1426 1194 1497 γεέννῃ
1241 1424 1645 1493 ἀναλογιζέσθω

1798 1428 1997 1479 πάθοις
2030 1427 2189 1481 ostia.
2221 1426 2357 1480 Tum
2377 1427 2593 1495 quidem
2624 1429 2885 1495 temporis
2916 1430 2983 1482 ab
3012 1430 3130 1498 ipso
3157 1448 3316 1500 para-

117 1519 170 1569 τὰ
224 1517 442 1585 Σόδομα,
481 1516 576 1569 καὶ
630 1517 774 1569 οὕτω
826 1517 924 1585 τὴν
975 1515 1316 1596 ἀδδηφαγίαν
1362 1516 1642 1583 φευγέτω·

1778 1517 1866 1569 liso
1897 1533 2003 1571 non
2029 1518 2368 1572 differebant.
2425 1520 2627 1585 Quodsi
2656 1521 2786 1596 quis
2819 1521 3081 1588 gehennzn
3116 1537 3303 1590 parum

118 1606 310 1659 τοιαῦτα
340 1606 449 1675 γὰρ
482 1606 672 1659 εἴωθεν
700 1606 838 1675 αὕτη
880 1594 1029 1675 πάθη
1057 1607 1273 1675 γεννᾷν.
1307 1607 1466 1659 Κατά
1494 1606 1643 1658 τοῦτο

1784 1606 2138 1669 dhibetlidei,
2177 1622 2359 1662 secum
2397 1608 2509 1676 ipse
2560 1611 2624 1662 de
2655 1594 2905 1663 Sodomis
2955 1612 3174 1679 cogitet,
3221 1625 3308 1664 at-

118 1701 195 1753 aui
224 1701 248 1751 6
275 1699 473 1766 Μωσῆς
497 1697 687 1765 ἔλεγεν
724 1698 799 1766 τῷ
838 1698 1058 1767 Ἰσραήλ
1080 1713 1093 1726 ·
1122 1719 1139 1746 ι
1163 1695 1355 1763 Φαγὼν
1382 1699 1472 1749 καὶ
1510 1692 1643 1749 πιὼν

1791 1713 1855 1751 ue
1886 1696 1988 1750 hoc
2016 1698 2176 1751 modo
2206 1698 2393 1752 luxum
2436 1692 2654 1753 omnem
2683 1700 2887 1768 fugiat;
2924 1717 3047 1753 nam
3106 1703 3152 1756 is
3207 1705 3308 1755 hu-

119 1791 320 1861 πρόσεχε
355 1788 587 1857 σεαυτῷ,
613 1789 825 1859 μήποτε
868 1790 1103 1861 ἐπιλήσῃ
1127 1790 1332 1858 Κυρίου
1382 1787 1475 1841 τοῦ
1511 1787 1644 1841 Θεοῦ

1795 1786 1982 1841 Ismodi
2017 1784 2219 1857 ﬂagitia
2260 1787 2481 1857 gignere
2517 1788 2825 1845 consuevit.
2882 1788 3089 1842 ldeirco
3147 1788 3320 1842 Moses

121 1900 253 1935 σου.»
300 1882 457 1933 Ἀλλά
514 1881 609 1933 καὶ
660 1882 688 1931 6
731 1880 828 1949 τὴν
884 1880 1134 1950 ἰατρικὴν
1185 1884 1379 1948 τέχνην
1425 1880 1646 1949 ἄριστος

1804 1878 2007 1931 raelitis
2035 1878 2278 1946 praecipit
2310 1896 2323 1931 :
2355 1896 2373 1930 ι
2406 1877 2507 1932 Ubi
2536 1877 2840 1931 comederis
2863 1895 2923 1933 ac
2949 1879 3171 1943 hiberis,
3235 1896 3328 1934 ca—

120 1972 320 2040 1ἀληνὸς
351 1972 459 2023 τῶν
492 1970 752 2024 τοιούτων
778 1971 967 2023 παθῶν
1006 1972 1184 2022 αἰτίαν
1211 1970 1381 2039 αὐτὴν
1410 1970 1645 2023 δείκνυσι

1797 1979 1875 2023 eto
1900 1985 1968 2023 ne
1997 1969 2135 2023 forte
2166 1968 2377 2023 Domini
2412 1969 2504 2023 Dei
2538 1971 2612 2023 tui
2644 1971 3065 2027 obliviscaris".
3100 1990 3117 2021 ι
3154 1973 3322 2025 Etiam

118 2067 196 2132 τὴν
227 2063 447 2133 τρυφὴν,
475 2064 633 2117 Κατά
656 2065 754 2132 τὴν
779 2063 1072 2132 ἡμετέραν,
1096 2062 1290 2129 λέγων,
1315 2063 1529 2115 Μυσίαν
1551 2062 1643 2128 τὴν

1794 2061 2236 2115 raastantissimus
2266 2061 2352 2115 ille
2403 2061 2733 2114 medicurum
2780 2061 3017 2116 Galenus
3074 2063 3318 2130 \olupta-

118 2157 281 2222 ὅμορον
338 2155 634 2225 Περγάμου
694 2156 937 2217 σπανίως
976 2155 1040 2208 ἄν
1095 2172 1178 2216 τις
1225 2152 1361 2224 εὕρῃ
1415 2154 1643 2220 γυναῖκα

1793 2168 1863 2206 3m
1896 2168 1957 2213 ac
1982 2153 2205 2208 delicias
2232 2153 2471 2209 ostendit
2518 2170 2637 2207 esse
2704 2154 3010 2222 hujusmodi
3053 2156 3318 2208 srelerum

124 2252 509 2320 μοιχευομένην,
558 2247 642 2300 ἔτι
689 2247 746 2300 δὲ
814 2247 1014 2316 ἄνδρας
1083 2245 1334 2311 ἀσελγεῖς
1406 2246 1649 2315 ἀποῤῥή-

1793 2256 1995 2305 ausam,
2026 2258 2149 2295 eum
2185 2244 2257 2294 ait
2290 2258 2303 2295 :
2332 2242 2389 2296 In
2421 2240 2586 2311 Mysia
2644 2253 2845 2305 nestra,
2886 2258 3005 2312 quae
3055 2243 3318 2313 Pergamo

119 2356 209 2405 τοις
251 2340 587 2412 ἀφροδισίοις
642 2338 1050 2409 ᾤκειωμένους,
1097 2336 1211 2388 ἀλλ’
1240 2339 1296 2386 ὲν
1331 2335 1521 2407 Ῥώμῃ
1566 2337 1644 2388 διὰ

1799 2333 1984 2386 nitima
2019 2342 2120 2395 est,
2152 2348 2275 2387 raro
2308 2334 2431 2403 quis
2486 2335 2741 2387 lenitinam
2782 2333 3032 2388 adulterii
3084 2334 3324 2388 facinore

123 2432 200 2499 τὴν
228 2430 659 2495 ὲπιπολάζουσάν
687 2446 746 2481 τε
780 2429 875 2481 καὶ
901 2428 1102 2496 συνήθη
1128 2426 1338 2496 τρυφὴν
1366 2428 1460 2480 καὶ
1497 2428 1648 2497 ῥᾴδια

1799 2425 2270 2494 aobstringentem
2309 2426 2565 2493 reperiat,
2597 2435 2651 2479 et
2693 2426 2868 2479 rarius
2892 2425 3056 2479 etiam
3115 2435 3324 2494 proter-

121 2521 278 2573 ταῦτα.
315 2521 373 2571 Ei
405 2520 485 2584 δὲ,
537 2518 685 2572 καθά
715 2534 848 2588 φησι
871 2517 1203 2584 Πτολεμαῖος
1240 2517 1321 2569 ὅτι
1366 2516 1452 2569 διὰ
1480 2516 1539 2569 τὸ
1569 2519 1646 2569 oi-

1799 2532 1853 2570 os
1882 2516 2038 2588 134
2064 2518 2338 2583 boatines,
2389 2518 2481 2587 qui
2523 2519 2691 2573 dediti
2742 2519 2853 2572 sint
2903 2518 2970 2571 iis
3024 2520 3324 2583 amoribus.

123 2612 363 2664 κειοῦσθαί
391 2628 547 2671 τινας
583 2611 722 2681 πρὸς
764 2610 824 2661 τὸ
853 2608 949 2662 τοῦ
978 2609 1247 2672 ζωδιακοῦ
1280 2609 1495 2679 πρῶτον
1530 2612 1645 2680 τρίκ

1804 2625 1988 2663 uorum
2048 2624 2121 2664 ne
2180 2624 2379 2663 nomen
2432 2609 2650 2677 quidem
2698 2610 3056 2678 aperiendum
3110 2620 3213 2664 est.
3263 2614 3329 2663 At

122 2718 280 2767 γωνον,
308 2704 393 2754 τὸν
431 2701 587 2772 κριὸν
642 2699 864 2769 δηλαδὴ,
895 2699 988 2751 τὸν
1037 2698 1228 2751 λέοντα
1259 2700 1353 2750 καὶ
1382 2700 1473 2751 τὸν
1504 2702 1647 2766 τοξὸ-

1808 2718 1942 2756 omte
1973 2711 2193 2772 propter
2216 2701 2604 2755 abundantiam
2656 2702 2995 2769 deliciarum,
3037 2718 3159 2772 qua:
3206 2704 3329 2758 istic

122 2810 219 2860 την,
239 2793 317 2844 διὰ
332 2791 483 2844 τοῦτο
510 2790 734 2860 άθεσμά
758 2806 880 2843 τινα
903 2789 1223 2857 πράττουσι,
1254 2791 1345 2843 καὶ
1374 2791 1647 2859 νομίζουσι

1802 2792 1989 2846 iinime
2049 2802 2183 2845 sunt
2244 2791 2565 2854 insolentes,
2614 2792 2851 2861 proclive
2886 2803 2969 2846 est
3024 2794 3327 2862 hujusmodi

124 2884 262 2952 μηδέν
294 2902 343 2936 τι
393 2888 567 2937 ποιεῖν
616 2885 989 2953 ἀποτρόπαιον
1028 2882 1121 2936 an
1164 2884 1268 2937 ὑπὸ
1302 2883 1466 2946 ζώδια
1502 2883 1649 2946 ὄντες

1804 2895 1996 2937 atrare.
2027 2882 2223 2948 Quodsi
2248 2884 2313 2936 de
2348 2884 2621 2937 sententia
2653 2884 2922 2937 Ptolemmi
2952 2885 3167 2953 quidam
3201 2900 3329 2954 pro-

125 2976 280 3042 τὰμὲν
310 2978 615 3051 ἔμπροσθεν
648 2976 1045 3046 ἀρῤενοὺμενα,
1073 2976 1140 3028 τὰ
1162 2974 1217 3027 δὲ
1245 2975 1468 3027 ὄπισθεν
1497 2975 1650 3038 θηλυ-

1807 2987 1971 3037 terea,
1998 2975 2144 3044 quod
2171 2990 2358 3028 eorum
2392 2986 2584 3028 natura
2632 2975 2808 3043 primo
2846 2974 3064 3030 Zodiaci
3121 2977 3332 3046 trigono

124 3068 307 3137 καόμενα,
338 3065 443 3139 ἆρα
473 3070 552 3139 μὴ
591 3069 777 3132 ἄδικος
810 3072 837 3121 6
858 3070 987 3132 Θεὸς
1016 3072 1042 3121 6
1062 3069 1149 3122 διὰ
1183 3069 1353 3137 πυρὸς
1382 3065 1649 3136 ἐκτεφρὼ-

1802 3074 1993 3137 ognata
2026 3069 2116 3132 sit,
2143 3081 2252 3135 quo
2286 3067 2453 3131 aries,
2493 3065 2600 3130 leo,
2622 3066 2933 3133 sagittarius
2958 3066 3327 3129 continentur,

126 3174 204 3222 σας
229 3160 287 3211 τά
311 3161 552 3229 Σόδομα;
593 3156 741 3213 Ἀλλ’
762 3158 859 3211 οὐκ
892 3157 959 3211 ἄν
988 3174 1116 3210 ποτε
1158 3160 1185 3210 6
1222 3158 1425 3219 δίκαιος
1453 3157 1604 3210 ἄδικο
1622 3175 1651 3208 ·.

1804 3161 1990 3212 clauda
2023 3159 2266 3227 qua-dam
2289 3159 2655 3221 connnittnnt,
2682 3166 2736 3210 et
2756 3157 3122 3212 abominabile
3150 3170 3329 3211 tamen

132 3250 204 3301 Ἐν
264 3252 542 3321 πλησμονῇ
591 3250 700 3318 γὰρ
746 3250 927 3318 ἄρτων
979 3250 1029 3301 oi.
1077 3247 1307 3301 τοιοῦτοι
1364 3249 1504 3301 κατά
1559 3248 1657 3316 τὴν

1806 3253 1987 3304 mnino
2018 3251 2153 3304 nihil
2207 3250 2495 3319 designare
2530 3265 2589 3304 se
2644 3259 2857 3320 putant,
2914 3258 2974 3304 ut
3020 3251 3112 3318 qui
3162 3251 3331 3319 signis

128 3343 312 3413 Γραφὴν
332 3343 737 3405 σπαταλῶντες,
765 3340 825 3392 οὐ
854 3339 961 3408 μὴν
992 3339 1096 3391 ὑπὸ
1127 3341 1388 3408 τρίγωνον
1418 3338 1653 3391 τοιοῦτον

1908 3342 1993 3396 :cti
2016 3346 2129 3397 sint
2149 3343 2216 3395 ab
2246 3343 2420 3397 antica
2455 3354 2607 3411 parte
2639 3341 2915 3405 masculis,
2951 3357 2981 3395 a
3008 3341 3214 3411 postica
3249 3341 3331 3395 lc-
3428 3396 3433 3402 ,

127 3432 270 3497 ὅντες,
306 3432 599 3485 κάντεῦθεν
643 3433 722 3494 είς
771 3432 1041 3498 ἀθέσμους
1088 3431 1271 3494 κοίτας
1305 3432 1652 3499 ἐγκυλισθέν-

1848 3435 1985 3497 ueis,
2011 3436 2244 3504 injustus
2273 3444 2356 3487 est
2386 3434 2547 3497 Dens,
2581 3433 2669 3501 qui
2742 3431 2977 3485 Sodoma
3006 3447 3103 3501 per
3152 3430 3328 3500 ignem

126 3537 213 3586 τες,
245 3525 403 3594 πυρὸς
434 3524 673 3585 εἰκότως
710 3523 969 3590 γεγόνασι
1000 3523 1409 3594 παρανάλωμα.
1442 3526 1651 3577 Οὐκοῦν

1807 3544 1818 3577 ι
1845 3526 2058 3579 cineres
2096 3526 2321 3596 redegit.
2354 3526 2423 3578 At
2457 3526 2569 3578 fieri
2602 3528 3043 3596 nequitunquam
3064 3538 3115 3581 ut
3148 3530 3332 3598 justus

125 3617 341 3671 ἐντεῦθεν
378 3618 733 3686 μανθάνομεν
770 3619 853 3670 ὅτι
894 3618 1015 3670 κατ’
1048 3617 1267 3687 εκείνην
1304 3620 1404 3683 τὴν
1435 3619 1650 3689 ἡμέραν

1812 3617 1859 3670 le
1893 3616 2238 3686 sitinjustus.
2273 3616 2541 3670 Nimirum
2561 3616 2827 3686 ejusmodi
2879 3616 3126 3672 homines
3156 3618 3210 3671 in
3242 3634 3334 3672 sa-

128 3712 165 3759 οἱ
194 3710 394 3778 δίκαιοι,
421 3713 684 3779 καθάπερ
742 3709 978 3764 ἐνταῦθα
996 3710 1119 3763 Νῶὲ
1152 3727 1212 3763 τε
1256 3711 1349 3763 καὶ
1376 3710 1522 3774 Λὼτ,
1551 3712 1653 3763 τῶν

1809 3710 1992 3763 nitate
2022 3706 2244 3777 panum,
2272 3709 2731 3778 quemadmodum
2788 3708 3004 3763 Littera:
3039 3726 3206 3765 sacrae
3255 3711 3334 3765 lo-

125 3799 335 3865 βασάνων
378 3804 648 3873 ἀνώτεροι
679 3802 1092 3871 εὑρεθήσονται,
1132 3804 1184 3855 οι
1213 3802 1271 3855 δὲ
1313 3803 1650 3875 ἁμαρτωλοὶ,

1809 3810 2025 3865 nuntur,
2053 3802 2303 3857 salaciler
2357 3798 2707 3863 luxuriando,
2766 3816 2872 3853 non
2923 3802 3067 3869 quod
3102 3803 3191 3855 tali
3252 3802 3334 3853 \‘cl

124 3891 207 3943 xiv
223 3893 357 3957 ἄπας
378 3891 491 3947 εῐεν
523 3896 552 3947 6
583 3895 812 3962 κόσμος,
847 3894 1031 3963 σχεδὸν
1048 3895 1288 3957 αἰωνίοις
1314 3895 1649 3948 ὑποπεσοῦν-

1820 3893 1979 3963 igono
2009 3892 2239 3959 subjecti
2295 3898 2501 3951 essent,
2553 3891 2619 3942 ad
2675 3890 3002 3943 concubitus
3067 3889 3333 3942 nefandos

124 4000 198 4035 ται
237 3988 507 4051 κολάσεσι,
545 3987 803 4058 καθάπερ
847 3986 1085 4040 ἐνταῦθα
1150 3986 1528 4055 κατακλυσμῷ
1568 3987 1649 4040 xui

1807 3982 2004 4036 evoluti
2033 3992 2087 4035 et
2111 3982 2179 4034 ab
2208 3981 2327 4050 igne
2363 3990 2491 4034 sunt
2515 3979 2810 4049 absumpti.
2844 3980 3022 4048 Atque
3056 3981 3184 4033 hinc
3245 3981 3332 4033 di—

129 4076 238 4143 πυρὶ
268 4080 646 4151 παρεδόθησαν
680 4077 919 4142 ἅπαντες
974 4078 1024 4130 oi
1078 4077 1146 4129 τὰ
1203 4077 1455 4146 χείριστα
1488 4078 1654 4148 πράτ-

1806 4077 1969 4129 cimus
2001 4074 2164 4127 etiam
2193 4075 2247 4125 in
2302 4072 2388 4135 illa
2423 4071 2613 4141 judicii
2664 4072 2750 4126 die
2791 4072 3029 4125 futurum
3089 4084 3145 4125 ut
3199 4074 3331 4141 justi

126 4181 296 4230 τοντες.
1769 4182 1959 4236 poenas
1991 4178 2047 4220 et
2078 4173 2345 4219 tormenta
2375 4164 2655 4234 eﬂugiant,
2686 4164 2797 4217 Noe
2820 4179 2882 4217 ac
2915 4164 3033 4219 Loti
3065 4167 3333 4234 exemplo,

124 4277 226 4315 cum
258 4277 585 4334 peccatores,
639 4264 852 4320 etiamsi
886 4272 1031 4322 totus
1062 4266 1454 4337 propemodum
1504 4270 1743 4319 mundus
1805 4262 2072 4332 ejusmodi
2126 4260 2308 4326 fuerit,
2367 4260 2588 4315 aeternis
2648 4260 2931 4330 suppliciis
2965 4260 3074 4315 sint
3126 4262 3335 4314 manci-

126 4358 280 4422 pandi,
308 4358 762 4426 quemadmodum
790 4359 881 4413 hic
910 4373 1101 4414 omnes
1130 4360 1422 4414 facinorosi
1455 4359 1660 4415 diluvio
1698 4370 1753 4412 ct
1775 4357 1884 4428 igni
1932 4356 2109 4426 puniti
2137 4365 2285 4411 sunt.

206 4451 244 4506 Ο
270 4456 447 4523 μέντοι
487 4454 740 4523 Ἀϐραὰμ
765 4454 981 4523 Ἀὅρὰμ
1007 4456 1255 4507 ἐκαλεῖτο
1276 4455 1337 4507 τὸ
1368 4455 1656 4525 πρότερον,

1850 4456 2121 4508 Caeterum
2166 4452 2510 4506 Abrahamus
2546 4451 2704 4505 initio
2735 4466 2929 4515 nomen
2979 4452 3192 4505 Abraini
3234 4454 3331 4506 ha-

127 4540 371 4611 ὃλέγεται
403 4548 690 4617 aspir-rt?
724 4544 842 4615 θείᾳ
875 4545 1003 4615 γὰρ,
1054 4544 1130 4608 ὡς
1184 4546 1379 4607 ἔοικεν.
1412 4549 1443 4616 ἡ
1479 4549 1652 4617 μήτηρ

1807 4547 1950 4609 ehat,
1983 4553 2040 4597 ut
2077 4543 2252 4596 sacris
2275 4552 2359 4596 est
2414 4543 2464 4594 in
2499 4541 2741 4604 Litteris,
2798 4540 3024 4593 inditum
3067 4542 3169 4595 sibi
3215 4559 3332 4595 ma-

128 4636 264 4687 αὑτοῦ
320 4636 632 4706 προμηθείᾳ
677 4635 851 4699 οὕτως
896 4636 1060 4687 αὐτὸν
1108 4638 1486 4705 ἐπωνόμασεν,
1540 4638 1653 4690 ἐπεὶ

1805 4636 1869 4689 ris
1898 4635 2130 4703 quadam
2161 4632 2554 4703 prtesagitione,
2587 4647 2685 4685 ceu
2719 4632 2865 4685 credi
2910 4648 3009 4701 par
3034 4643 3137 4693 est,
3188 4636 3330 4701 quod

128 4728 332 4793 περᾶσαι
369 4729 457 4781 τὸν
489 4730 785 4797 Εὐφράτην
822 4727 1014 4795 ἔμελλε
1055 4728 1149 4781 κα)⁵
1187 4730 1268 4791 είς
1298 4730 1653 4799 Παλαιστίνην

1808 4726 2099 4794 Luphratem
2143 4725 2477 4792 trajecturus
2496 4737 2558 4776 ac
2589 4723 2643 4774 in
2686 4722 3025 4775 Palmstinam
3072 4723 3333 4793 migratu-

126 4816 334 4884 οἰκῆσαι.
378 4818 543 4870 Ἐτῶν
565 4818 624 4870 δὲ
654 4814 723 4889 ἦν
753 4817 1123 4887 ὲΰδομὴκοντα
1153 4820 1312 4871 πέντε
1333 4822 1360 4872 6
1389 4820 1651 4889 Ἀϐραὰμ.1

1810 4832 1862 4870 us
1892 4827 2056 4870 esset.
2090 4815 2221 4868 Cum
2256 4817 2528 4883 acciperet
2584 4814 2764 4865 divina
2836 4814 3122 4882 promissa,
3180 4824 3335 4868 natus

124 4906 195 4956 ὅτε
224 4908 307 4968 τὰς
356 4908 699 4975 ἐπαγγελίας
732 4909 969 4977 ἐδέχετο.
1009 4909 1181 4979 Γεννᾷ
1207 4910 1263 4961 δὲ
1304 4911 1397 4961 τὸν
1434 4910 1649 4979 Ἰσμαὴ)

1809 4906 2187 4959 ratannos75.
2238 4905 2524 4958 lsntaelutn
2580 4920 2724 4957 amo
2782 4906 2957 4956 aetatis
2989 4906 3055 4957 86
3083 4921 3334 4972 procrea—

128 4996 238 5048 ἐτῶν
279 4998 351 5051 ὢν
410 4998 529 5063 πς’.
567 5000 759 5059 Ἡνίκα
815 5000 872 5051 δὲ
928 5000 1155 5066 γέγονεν
1195 5002 1331 5053 ἐτῶν
1363 5000 1471 5065 ςθ’,
1504 4999 1653 5068 ὤφθη

1815 5006 1864 5049 ιι.
1887 4997 2020 5049 (lum
2049 5011 2251 5048 annum
2288 4996 2355 5048 99
2377 5005 2579 5061 ageret,
2619 4996 2870 5063 apparuit
2893 4995 2943 5047 ei
2990 4996 3152 5054 Deus,
3183 5004 3235 5049 et
3259 4999 3340 5048 his

128 5088 250 5157 αὑτῷ
273 5092 299 5141 ὁ
328 5091 455 5153 Θεὸς
478 5092 656 5157 λέγων
679 5107 692 5119 °
724 5109 742 5140 ι
776 5088 916 5156 Ἐγώ
955 5092 1070 5158 εἰμι
1099 5092 1126 5141 ὁ
1160 5090 1312 5153 Θεός.
1342 5110 1359 5143 ι
1391 5092 1524 5145 Τότε
1554 5095 1653 5144 λοι-

1813 5086 1949 5139 erbis
1983 5101 2109 5139 USIIS
2130 5095 2213 5139 est
2247 5101 2260 5137 :
2296 5103 2313 5135 ι
2348 5085 2457 5154 Ego
2489 5101 2607 5139 smn
2634 5085 2773 5139 Deus
2817 5088 2905 5140 ille
2935 5096 3058 5141 tuus
3078 5088 3176 5139 ⁸⁸.»
3217 5087 3338 5152 Quo

130 5177 210 5227 πον
240 5182 619 5250 περιτέμνεται
650 5182 742 5233 καὶ
774 5183 801 5233 6
828 5180 1055 5243 δίκαιος,
1094 5181 1277 5233 κανὼν
1327 5180 1517 5251 ὥσπερ
1550 5186 1655 5245 τοῖς

1814 5176 2106 5246 tctojustus
2142 5178 2227 5230 hic
2261 5179 2344 5229 vir
2374 5187 2427 5230 et
2458 5178 2711 5231 omnibus
2734 5179 2907 5232 instar
2938 5179 3134 5247 regula:
3152 5182 3339 5247 cujus-

132 5270 243 5321 πᾶσι
264 5274 641 5342 προκείμενος.
670 5274 796 5324 Ὀτι
823 5273 878 5325 δὲ
902 5274 1061 5343 ἡτῶν
1086 5273 1227 5325 κατὰ
1254 5273 1412 5324 πόλιν
1436 5274 1657 5339 δικαίων

1812 5284 1889 5321 am
1916 5270 2225 5337 propOsitns
2253 5270 2680 5325 circumciditur.
2719 5274 2791 5324 Ac
2818 5272 3091 5340 justorum
3122 5272 3337 5340 quidem

129 5361 381 5428 παρρησία
415 5364 515 5431 τῆς
543 5364 635 5416 τοῦ
663 5364 800 5415 Θεοῦ
836 5364 1224 5434 μακροθυμίας
1253 5364 1509 5429 πρόξενος
1534 5367 1654 5434 ἡμῖν

1811 5364 2187 5431 ominum,qni
2235 5363 2433 5417 alicubi
2476 5374 2604 5418 sunt
2655 5380 2750 5434 per
2806 5366 3003 5429 urbes,
3033 5366 3334 5418 libertatem

129 5446 280 5513 ἐστιν,
313 5453 370 5516 ἐξ
401 5455 573 5523 αὐτῆς
616 5455 855 5523 μάνθανε
889 5454 988 5523 τῆς
1014 5456 1144 5524 περὶ
1182 5456 1249 5506 τὰ
1279 5455 1485 5523 Σόδομα
1527 5458 1654 5505 ἱστο-

1810 5458 1926 5509 ohis
1961 5454 2053 5509 Dei
2087 5456 2347 5524 prolixior.
2379 5457 2852 5510 mansuetudinem
2881 5472 3087 5525 parere,
3122 5456 3244 5508 licet
3270 5473 3335 5507 ex

128 5540 229 5603 ρίας
252 5560 265 5573 '
303 5561 319 5592 ι
343 5545 468 5597 Ἐὰν
502 5546 633 5598 δέκα
657 5566 705 5613 ι,
738 5548 846 5615 γάρ
874 5565 1030 5617 φησι,
1068 5566 1086 5598 ι
1111 5548 1353 5608 δικαίους
1400 5547 1563 5613 εὕρω,
1599 5548 1653 5599 οὐ

1807 5563 1869 5599 ac
1900 5547 2012 5615 ipsa
2038 5547 2105 5600 de
2128 5549 2379 5602 Sodomis
2408 5551 2631 5602 historia
2650 5563 2959 5618 cognoscas.
3004 5548 3088 5597 «Si
3122 5547 3332 5601 decem.

130 5630 193 5695 μὴ
220 5634 461 5689 ἀπολέσω
508 5640 609 5701 τὰς
642 5640 851 5702 πόλεις.
890 5659 906 5690 ι
942 5640 1208 5701 Πολλάκις
1241 5640 1299 5692 δὲ
1331 5640 1425 5692 καὶ
1451 5640 1539 5691 διὰ
1566 5640 1655 5709 τὴν

1810 5639 1942 5706 tquit
1984 5638 2141 5700 Deus,
2175 5640 2351 5708 justos
2392 5642 2639 5693 homines
2662 5654 2935 5707 reperero,
2998 5637 3111 5687 lnec
3142 5635 3335 5700 oppida

128 5720 218 5770 τῶν
264 5728 718 5797 τετελευτηκότων
774 5731 975 5801 ἀρετὴν
1032 5730 1063 5799 ἢ
1105 5732 1200 5783 καὶ
1252 5729 1423 5799 αὐτὴν
1458 5732 1556 5798 τὴν
1582 5731 1653 5799 ei:

1810 5746 1874 5785 on
1902 5740 2141 5785 evertam
2163 5732 2262 5786 ³⁷.»
2291 5735 2675 5801 Stepenumero
2693 5732 2850 5783 etiam
2871 5735 3086 5795 prepler
3120 5725 3335 5777 illorum

190 5887 234 5920 “
268 5887 411 5947 Deut.
445 5908 514 5958 τι,
562 5893 644 5947 15.
724 5896 767 5925 ’⁸⁸
801 5895 938 5952 Gcn.
982 5912 1108 5961 xw,
1142 5896 1192 5950 l.
1270 5897 1313 5927 ¹⁷
1342 5895 1477 5952 Gen.
1508 5909 1662 5960 xvm,
1691 5893 1777 5949 32.

1402 6034 1437 6073 Ι
