3862 6228
147 256 243 318 2:5
1358 229 1764 321 ANNALIUM
1804 261 1995 322 mas
2038 259 2122 318 It.
2819 295 2830 302 ν
3245 256 3349 316 206

148 365 508 436 ήπερίφημος
547 365 920 434 Ἰερουσαλήμ.
965 367 1058 419 Ἐκ
1107 351 1296 434 γένους
1340 367 1396 420 δὲ
1445 369 1741 430 τοιούτουι

1846 371 1884 421 la
1908 367 2264 429 Jerusalcma,
2289 367 2521 435 quadam
2550 365 2856 435 adjectione
2879 365 3180 418 litterarum
3209 364 3346 419 facta

150 453 330 522 μιαροῦ
360 455 734 522 καταγόμενον
779 454 990 522 ἀφῆκεν
1020 456 1052 525 ἡ
1086 455 1278 526 Γραφῇ
1328 456 1696 527 ἀγενεαλόγη-

1850 473 1863 514 ι
1899 461 2026 529 quia
2064 458 2494 526 Melchisedeeus
2531 473 2597 511 ex
2636 458 2839 511 familia
2879 466 2984 510 tam
3029 458 3238 525 impura
3275 472 3370 508 na-

147 547 309 608 τον,ἐῐ
328 547 585 609 καῑτινες
607 546 735 599 Θεὸν
758 548 920 601 αὐτὸν
936 546 1190 617 ἐνόμισαν
1206 547 1280 608 ὡς
1301 547 1537 617 ἄναρχον
1558 549 1707 618 τάχα-

1846 566 1889 604 Is
1914 560 2050 614 erat,
2081 549 2285 604 idcirco
2308 549 2525 603 Litterae
2553 564 2721 603 sacra:
2745 548 2958 619 generis
2985 548 3155 617 ipsius
3175 548 3374 601 seriem

147 638 627 707 κάλ’άτελεύτητον,
668 639 762 692 τοῦ
790 640 954 711 ῥητοῦ
980 643 1074 694 καὶ
1101 640 1304 711 μᾶλλον
1343 641 1439 695 τοῦ
1473 642 1710 695 dimoto-

1846 657 1909 695 on
1937 637 2351 696 recensuerunt.
2375 641 2551 696 Fuere
2583 652 2758 695 tamen
2802 623 3048 694 nonnulli
3083 642 3172 708 qui
3205 642 3371 694 Deum

149 728 638 797 λικοῦιδραξάμενοι
669 729 762 782 τοῦ
785 730 1059 798 λέγοντος·
1100 749 1118 782 ι
1141 732 1420 801 ’Δπάτωρ,
1445 733 1698 801 ἀμήτωρ,

1846 734 1972 786 tisse
1995 741 2330 788 censuerunt
2363 718 2619 802 tanquam
2649 732 2896 802 principii
2931 748 2992 788 ac
3023 731 3146 785 ﬁnis
3177 747 3372 800 exper-

151 821 585 890 ἀγενεαλόγητος,
643 823 783 892 μήτε
816 824 990 894 ἀρχὴν
1018 824 1246 894 ἡμερῶν
1275 824 1415 893 ἔχων
1450 825 1587 894 μήτε
1613 825 1702 877 τὲ-

1846 842 1936 888 ιιιι,
1977 827 2098 896 plus
2127 841 2283 895 aequo
2320 825 2502 879 verbis
2533 825 2618 878 his
2652 823 2966 893 apostolicis
3005 825 3333 877 inhaerentes
3361 841 3372 875 :

151 916 232 977 λος
255 915 416 982 ζωῆς.
446 934 464 964 ι
501 916 662 968 Κατὰ
694 913 852 967 τοῦτο
883 917 978 968 καὶ
1003 916 1340 985 ἀφομοίωμα
1369 916 1586 979 λέγεται
1609 915 1703 969 τοῦ
1722 945 1734 954 -

1874 916 2004 970 Sine
2035 927 2214 986 patre,
2254 917 2373 971 sine
2401 924 2599 980 matre,
2631 916 2750 968 sine
2789 915 3114 983 majoribus,
3147 930 3246 967 nec
3278 914 3377 966 ιιι-ιιί

153 1007 367 1076 Χριστοῦ
392 1006 489 1058 τοῦ
529 1009 804 1076 ἁμήτορος
839 1009 938 1078 μὲν
969 1009 1030 1062 τὸ
1058 1010 1325 1079 πρότερον
1353 1007 1624 1076 ἀπάτορος
1647 1007 1704 1060 δὲ

1850 1008 2140 1077 rincipium
2173 1023 2276 1062 nec
2308 1009 2432 1060 vitae
2475 1009 2634 1060 linem
2679 1007 2884 1060 habens
2903 1006 2968 1058 ‘9.
3002 1025 3020 1056 ι
3063 1007 3178 1072 Quo
3213 1006 3378 1058 etiam

151 1102 202 1151 τὸ
226 1098 498 1168 δεύτερον,
533 1102 626 1152 καὶ
671 1101 752 1153 ὅτι
783 1101 880 1170 τὴν
913 1087 1249 1168 ἀναίμακτον
1283 1098 1473 1152 ουσίαν
1502 1098 1570 1168 ἢν
1610 1098 1708 1149 αύ-

1851 1102 2032 1154 omine
2066 1101 2246 1170 imago
2277 1109 2332 1154 et
2372 1098 2674 1153 similitudo
2707 1098 2910 1153 Christi
2942 1098 3162 1160 dicitur,
3198 1107 3254 1151 ut
3290 1099 3378 1167 qui

152 1191 228 1254 τὲς
264 1191 292 1242 6
342 1192 578 1260 Χριστὸς
613 1195 732 1254 τοῖς
778 1195 1048 1261 μαθηταῖς
1104 1191 1509 1261 παραδέδωκεν,
1544 1189 1704 1252 αὐτὸς

1850 1193 1960 1246 rius
2003 1192 2224 1260 quidem
2271 1200 2389 1246 erat
2437 1192 2642 1260 absque
2697 1201 2892 1253 matre,
2946 1192 3204 1261 deinceps
3256 1208 3383 1243 vero

154 1281 394 1332 ἀνέκαθεν
422 1282 793 1350 προεικὸνιζε.
843 1285 949 1337 Καὶ
986 1285 1216 1338 ἄκουσον
1257 1284 1310 1335 τί
1344 1283 1474 1352 περὶ
1515 1281 1706 1334 τούτου

1848 1285 2018 1349 bsque
2047 1293 2220 1350 patre.
2248 1283 2393 1336 Idem
2419 1293 2470 1336 et
2499 1285 2845 1338 incruentum
2872 1282 3002 1336 illud
3029 1284 3382 1344 sacriﬁcium,

154 1376 300 1439 φησὶν
327 1375 353 1425 6
391 1374 490 1444 τὴν
522 1376 768 1440 γλῶτταν
797 1374 1068 1446 Χρυσοῦς.
1104 1395 1122 1428 ι
1161 1374 1499 1446 Προμηνύων
1522 1377 1548 1427 ὁ
1578 1373 1710 1434 Θεὸς

1852 1372 1955 1425 uod
1986 1370 2240 1425 Christus
2277 1373 2392 1439 ipse
2439 1373 2720 1440 discipulis
2761 1372 3000 1436 tradidit,
3057 1374 3213 1441 longe
3263 1382 3387 1424 ante

153 1466 236 1532 τὴν
257 1465 549 1517 κατάλυσιν
579 1467 677 1533 τῆς
711 1466 939 1535 νομικῆς
965 1466 1264 1534 ἱερωσύνης
1289 1465 1477 1534 εἴρηκε
1505 1463 1592 1517 διὰ
1613 1461 1708 1514 τοῦ

1846 1464 2241 1531 eprmsenlarit.
2279 1463 2416 1518 Audi
2459 1463 2590 1532 quid
2636 1463 2738 1517 hac
2771 1465 2823 1516 in
2876 1474 3027 1532 parte
3066 1464 3388 1533 Chrysosto-

154 1553 298 1605 Δαΰὶδ
327 1569 340 1582 '
379 1572 397 1602 ι
433 1555 505 1606 Σὺ
547 1555 727 1624 ἱερεὺς
778 1557 857 1617 εὶς
888 1557 976 1608 τὸν
1013 1554 1184 1607 αἰῶνα
1226 1554 1366 1606 κατὰ
1417 1553 1513 1621 τὴν
1562 1551 1711 1614 τάξιν

1846 1567 1937 1606 rtus
1974 1553 2169 1607 tradat.
2219 1573 2236 1604 ι
2267 1553 2402 1606 Cum
2436 1555 2616 1620 vellet,
2651 1555 2847 1622 inquit,
2892 1560 3032 1609 Deus
3067 1555 3233 1608 multo
3262 1565 3389 1608 ante

161 1664 175 1695 ι
206 1645 552 1714 Μελχισεδὶκ,
588 1665 607 1696 ι
641 1646 699 1706 ὃς
729 1647 787 1699 οὐ
835 1646 1028 1710 θυσίας
1073 1646 1301 1714 νομικὰς
1337 1647 1545 1715 ἱέρευεν
1597 1643 1711 1697 ἀλλ’

1846 1645 2105 1710 aeerdotii
2143 1646 2332 1716 legalis
2372 1647 2722 1700 abolitionem
2758 1647 3071 1712 ostendere,
3103 1663 3196 1715 per
3233 1646 3390 1698 Davi-

157 1735 301 1804 εὖχὰς
328 1737 420 1787 καὶ
450 1735 653 1806 ἄρτους
685 1739 776 1790 καὶ
810 1734 972 1801 οἶνον,
1007 1739 1081 1801 ὡς
1129 1738 1340 1808 ἱστορία
1384 1737 1648 1790 διδάσκει.
1688 1753 1705 1785 ι

1846 1741 1940 1791 lem
1971 1737 2145 1805 inquit
2177 1757 2188 1791 :
2217 1754 2252 1788 ·‹
2288 1737 2367 1790 Τιι
2401 1740 2660 1794 sacerdos
2693 1757 2750 1794 es
2786 1742 2838 1794 in
2877 1750 3163 1802 aeternum,
3193 1755 3430 1798 secun-_

157 1829 296 1880 Κατὰ
319 1827 476 1881 τοῦτο
513 1830 609 1881 καὶ
648 1831 826 1899 ἱερεὺς
875 1831 968 1882 τοῦ
1003 1829 1139 1882 Θεοῦ
1182 1828 1274 1882 τοῦ
1301 1829 1528 1897 ὑψίστου
1563 1828 1714 1896 παρὰ.

1846 1830 1946 1884 lum
1976 1829 2224 1884 ordinem
2265 1829 2644 1888 Melchisedeci
2673 1834 2738 1887 ³ο.
2778 1852 2795 1884 ι
2835 1833 2934 1899 Qui
2978 1833 3232 1887 videlicet
3283 1849 3388 1884 non

159 1923 214 1987 τῇ
259 1919 442 1990 Γραφῇ
499 1921 753 1988 λέγεται,
801 1921 977 1987 ἱερεὺς
1026 1921 1558 1991 αὑτοχειροτόνητος,
1587 1919 1662 1982 ὡς
1691 1919 1718 1970 6

1846 1922 2013 1991 agales
2047 1921 2250 1977 hostias
2277 1923 2617 1987 sacriﬁcavit,
2656 1927 2747 1978 sed
2778 1936 2920 1988 vota,
2952 1942 3170 1994 panem,
3203 1926 3390 1977 vinum

158 2005 569 2081 Χρυσορῤήμων
601 2012 770 2082 φησί·
807 2013 1040 2064 τοιοῦτοι
1081 2015 1176 2066 καὶ
1221 2013 1328 2082 γὰρ
1373 2012 1450 2081 τῷ
1493 2012 1614 2064 τότε
1667 2010 1717 2062 οἱ

1846 2017 2033 2081 ιὺιιιιίι,
2066 2017 2521 2086 quemadmodum
2545 2018 2660 2086 ipsa
2683 2019 2840 2072 docet
2875 2018 3153 2072 historia.»
3189 2017 3392 2071 idcirco

161 2106 329 2172 ἱερεῖς.
373 2105 442 2156 Ἦ
481 2104 619 2160 καθὸ
647 2105 790 2159 Θύων
837 2101 904 2174 ἦν
945 2105 1020 2170 ὡς
1055 2105 1241 2172 Ἀϐελ,
1275 2105 1347 2168 ὡς
1388 2104 1508 2168 Νῶε
1547 2105 1639 2156 καὶ
1669 2102 1718 2154 ol.

1847 2110 1988 2163 act-is
2032 2110 2085 2162 in
2121 2109 2341 2164 Litteris
2363 2111 2405 2142 ³ί
2439 2111 2681 2178 supremi
2723 2111 2813 2164 Dei
2857 2111 3110 2165 sacerdos
3147 2111 3390 2178 appella—

158 2195 337 2250 λοιποέ.
1821 2208 1930 2261 tur,
1961 2199 2218 2254 sacerdos
2269 2201 2336 2254 ab
2389 2201 2686 2270 semetipso
2729 2201 3084 2264 constitutus,
3119 2210 3178 2254 ut
3225 2201 3394 2268 Chry-

161 2303 416 2349 sostomus
446 2295 727 2365 loquitur;
776 2306 934 2352 erant
970 2296 1118 2352 enim
1161 2294 1475 2351 sacerdotes
1543 2291 1596 2345 id
1665 2293 1920 2361 temporis
1954 2293 2106 2350 tales.
2174 2296 2266 2349 Vel
2316 2306 2587 2365 quatenus
2636 2296 2959 2352 sacriﬁcium
2997 2295 3277 2356 offerebat.
3341 2302 3398 2347 ut

162 2388 365 2448 Abelus.
397 2389 537 2455 Noe,
570 2392 774 2446 earteri.
825 2410 842 2440 ›
1731 2447 1740 2454 .

223 2483 278 2536 El
300 2486 353 2538 δὲ
375 2488 470 2538 καὶ
494 2486 788 2555 ἄνθρωπος
815 2483 881 2556 ἦν
909 2489 936 2540 6
967 2486 1322 2557 Μελχισεδὲκ,
1355 2485 1472 2548 πῶς
1502 2485 1720 2553 λέγεται

165 2577 286 2644 μήτε
317 2577 488 2648 ἀρχὴν
528 2580 669 2648 μήτε
701 2579 852 2642 τέλος
891 2579 1035 2648 ἔχειν
1063 2597 1076 2643 ;
1110 2581 1220 2633 Καὶ
1247 2580 1395 2631 ἐστιν
1430 2579 1607 2629 εἰπεῖν
1637 2577 1720 2629 ὅτι

165 2672 271 2731 τοὺς
297 2671 399 2722 ἀπὸ
425 2654 538 2741 ῖὴϐ
583 2672 994 2740 καταγομένους
1027 2671 1427 2739 γενεαλογοῦσα
1467 2671 1498 2739 ἡ
1531 2667 1722 2738 Γραφὴ

166 2761 318 2827 οὕτως
357 2767 527 2819 ποιεῖ.
597 2765 658 2818 Ὀ
691 2764 862 2832 Ἀδὰμ
904 2765 1076 2818 τόσων
1123 2764 1410 2832 γενόμενος
1461 2759 1722 2814 ἐνιαυτῶν

167 2858 311 2927 γεννᾷ
341 2856 432 2910 τὸν
455 2857 593 2928 Σὴθ,
635 2859 664 2909 6
693 2858 750 2910 δὲ
781 2857 886 2928 Σὴθ
921 2858 1082 2911 πάλιν
1124 2856 1297 2909 τόσων
1324 2855 1530 2926 χρόνων
1573 2851 1725 2920 γενό-

171 2965 312 3016 μενος
334 2951 442 3003 τῶν
482 2945 589 3004 ὧδε
627 2950 945 3018 ἀφίσταται.
973 2950 1119 3019 Δήλη
1157 2945 1252 3002 οὖν
1280 2946 1528 3000 ἐντεῦθεν
1561 2944 1656 2996 καὶ
1688 2945 1720 3013 ἡ

168 3041 294 3109 ἀρχὴ
320 3043 424 3094 τῶν
453 3043 684 3121 ἡμερῶν
732 3043 827 3096 τοῦ
865 3043 971 3112 Σὴθ
1004 3043 1099 3096 καὶ
1137 3043 1198 3094 τὸ
1245 3039 1396 3101 τέλος
1437 3040 1536 3106 τῆς
1581 3036 1724 3104 ζωῆς

168 3101 335 3186 atas.
575 3101 641 3188 ’δὲ
700 3135 792 3189 τοῦ
847 3101 1184 3204 Μελχισεδὲκ
1250 3131 1418 3202 μηδὲν
1486 3101 1798 3182 ato-static

170 3224 426 3294 ποιήσασα
477 3227 792 3297 παρέπεισέ
843 3243 998 3289 τινας
1045 3225 1288 3296 ,ἄναρχον
1337 3223 1498 3276 αὑτὸν
1547 3223 1729 3288 λέγειν

170 3315 250 3368 καὶ
276 3317 658 3387 ἀτελεύτητον,
685 3316 984 3374 κάντεῦθεν
1018 3317 1250 3386 δύναμιν
1284 3311 1528 3384 μεγάλην
1565 3312 1729 3366 αὑτὸν

170 3409 358 3463 οῐεσθαι
389 3410 486 3464 τοῦ
521 3410 683 3464 Θεοῦ.

234 3684 494 3746 Βασιλεὺς
536 3681 636 3752 μὲν
689 3679 781 3732 οῦν
828 3681 924 3734 καὶ
965 3679 1142 3749 ἱερεὺς
1180 3679 1208 3730 6
1253 3675 1610 3745 Μελχισεδὲκ,
1657 3674 1732 3735 ὡς

171 3779 360 3831 ἄνωθεν
391 3777 635 3846 ετρηται.
680 3773 762 3826 ὄτι
797 3773 892 3826 καὶ
927 3771 1094 3834 τύπος
1149 3767 1216 3841 ἦν
1264 3773 1359 3823 καὶ
1402 3767 1734 3837 ἀφομοίωμα

173 3871 257 3925 τοῦ
286 3871 551 3940 Χριστοῦ.
585 3868 750 3922 Ὅθεν
785 3867 833 3919 εἰ
864 3866 1061 3931 θέλεις,
1092 3864 1367 3934 ἀγαπητὲ,
1413 3860 1605 3932 μαθεῖν
1636 3861 1734 3929 ὅση

174 3969 261 4034 τῆς
295 3965 416 4018 καθ’
457 3965 608 4033 ἡμᾶς
641 3959 944 4034 ἱερωσύνης
980 3960 1013 4026 ἡ
1048 3955 1310 4028 ὑπεροχὴ,
1352 3953 1427 4024 τῷ
1487 3955 1740 4024 Χρυσορ-

178 4033 358 4126 ρἦονι
385 4057 662 4127 πρόσσχες
700 4033 945 4122 Ἰωάννῃ.
983 4052 1076 4106 Ἐν
1127 4051 1244 4119 γὰρ,
1285 4048 1365 4118 τῷ
1416 4045 1560 4100 κατὰ
1609 4046 1740 4098 Ἰου-

175 4141 326 4204 δαίων
355 4150 595 4218 πέμπτῳ
624 4147 768 4217 λόγῳ
798 4145 962 4216 φησιν
999 4145 1081 4197 ὅτι
1113 4143 1208 4196 xui.
1245 4143 1303 4195 ὲν
1334 4142 1449 4204 τοῖς
1479 4139 1670 4202 τύποις
1706 4141 1739 4207 ἡ

177 4243 288 4298 καθ’
341 4246 491 4314 ἡμᾶς
543 4240 788 4310 ὑπεροχὴ
837 4239 936 4306 τῆς
981 4236 1280 4307 ἱερωσύνης
1329 4232 1634 4286 δείκνυται.
1681 4232 1740 4283 ’0

179 4337 278 4406 γὰρ
341 4333 597 4401 Ἀϐραὰμ
622 4330 718 4384 τοῦ
759 4330 945 4382 Ἰσαὰκ
977 4328 1158 4397 πατὴρ
1181 4321 1247 4398 ἦν
1277 4325 1371 4377 καὶ
1409 4323 1503 4376 τοῦ
1547 4320 1741 4375 Ἰακὼϐ

180 4427 389 4490 πάππος
424 4427 519 4478 καὶ
564 4423 659 4476 τοῦ
697 4413 830 4475 Λεῦῒ
878 4418 1177 4489 πρόγονος·
1231 4413 1325 4468 τοῦ
1381 4415 1492 4484 γὰρ
1544 4411 1743 4465 Ἰακὼὸ

577 4472 796 4568 άπὸ-ἠδὲ
849 4472 943 4563 τοῦ
998 4472 1141 4564 iisut.
1176 4510 1208 4576 ἡ
1264 4472 1534 4576 ἱερωσύνη
1591 4502 1743 4573 παρὰ
1778 4472 1820 4527 D

193 4615 455 4676 Ἰουδαίοις
482 4612 581 4682 τὴν
621 4607 796 4679 ἀρχὴν
826 4604 1040 4658 ἐλαϐεν.
1086 4601 1222 4654 Ἀλλ’
1245 4592 1398 4662 οὗτος
1427 4600 1454 4651 6
1491 4583 1769 4665 Ἀϐραὰμ³

182 4712 207 4762 6
242 4711 499 4777 πρόγονος
547 4703 656 4759 τῶν
707 4697 974 4761 Λευῖτῶν,
1025 4695 1135 4748 τῶν
1176 4691 1486 4745 Ἰουδαϊκῶν
1542 4687 1744 4759 δηλαδὴ

185 4803 388 4871 ἱερέων,
435 4801 522 4852 ἐπὶ
557 4795 652 4849 τοῦ
691 4790 1048 4860 Μελχισεδὲκ,
1097 4785 1156 4848 ὃς
1185 4783 1252 4858 ἦν
1282 4784 1456 4844 τύπος
1488 4783 1586 4851 τῆς
1623 4780 1744 4835 καθ’

191 4896 322 4960 ἦμὶς
359 4891 680 4961 ἱερωσύνης,
705 4883 898 4937 λαῖκιιῦ
941 4879 1095 4946 τάξιν
1122 4879 1326 4946 ἐπεῖχε.
1357 4876 1466 4928 Καὶ
1500 4873 1656 4927 τοῦτο
1679 4873 1747 4924 δι’

189 4987 500 5053 ἀμφοτέρων
541 4979 800 5048 ἐδήλωσε,
857 4975 953 5026 καὶ
1002 4970 1090 5024 διὰ
1140 4967 1232 5020 τοῦ
1268 4965 1451 5019 δοῦναι
1493 4963 1745 5024 δεκάτας,

188 5080 274 5130 καὶ
323 5067 717 5145 ὅτιηύλογήθη
775 5066 904 5136 παρ’
944 5061 1138 5118 αὑτοῦ·
1181 5062 1229 5113 οἱ
1278 5057 1386 5126 γὰρ
1439 5055 1616 5108 λαῖκοὶ
1657 5055 1750 5107 καὶ

190 5171 415 5230 δεκάτας
444 5169 645 5221 διδόασι
679 5167 792 5224 τοῖς
839 5157 1042 5229 ἱερεῦσι
1076 5155 1171 5208 καὶ
1209 5151 1338 5221 παρ’
1389 5149 1570 5202 αὐτῶν
1601 5147 1754 5200 εὐλο-

192 5261 429 5328 γοῦνται.
490 5257 652 5310 Ἀλλὰ
718 5254 809 5306 καὶ
862 5249 954 5302 τοῦ
1020 5244 1358 5316 Μελχισεδὲκ
1419 5240 1659 5292 ἐλάσσων
1726 5239 1775 5288 6-

205 5353 454 5423 Ἀϐραὰμ
495 5353 522 5403 ὁ
561 5349 656 5406 τὰς
697 5339 1031 5409 ἐπαγγελίας
1079 5335 1392 5423 sai-6‘99")"
1429 5329 1547 5423 Καὶ
1590 5329 1760 5423 Ῡῷῗῗ

196 5444 272 5495 ὅτι
299 5417 360 5494 τδ
385 5417 732 5495 ἑλασσονύπδ
759 5433 851 5484 τοῦ
885 5429 1192 5497 κρείττονος
1223 5421 1549 5488 εὸλογεϊται.
1590 5417 1754 5470 Ἀλλὶι

199 5533 286 5588 καὶ
317 5536 344 5587 6
386 5533 609 5592 δεκάτας
650 5526 940 5596 λαμϐάνων
997 5517 1125 5572 Aeci:
1180 5516 1565 5572 δεδεκάτωται,
1600 5510 1671 5572 ὡς
1730 5511 1756 5559 ὁ

270 5698 310 5727 ²⁹
345 5695 508 5750 Hebr.
547 5713 637 5758 ιἰι,
675 5695 720 5745 ι.
795 5692 834 5721 ³⁰
871 5687 1011 5742 Psal.
1047 5701 1149 5746 clx,
1194 5684 1235 5736 ἧι.
1317 5683 1355 5710 ³¹
1390 5679 1526 5732 Gen.
1563 5693 1671 5737 τιν,
1721 5675 1799 5729 l8.

1898 2481 1968 2534 At
2013 2496 2142 2535 vero
2192 2480 2237 2536 si
2283 2482 2712 2537 Melchisedecus
2759 2492 2876 2537 erat
2933 2485 3112 2546 homo,
3165 2499 3398 2552 quonam

1827 2582 1988 2643 pacto
2029 2573 2230 2627 dicitur
2267 2589 2390 2628 eum
2449 2590 2548 2630 nec
2595 2575 2927 2645 principium
2968 2590 3067 2628 nec
3113 2575 3270 2629 ﬁnem
3311 2577 3402 2629 ha-

1827 2665 2052 2720 buisse?
2087 2664 2545 2733 Respondendum
2582 2664 2817 2720 Litteras
2857 2682 3043 2721 sacras
3083 2667 3280 2720 seriem
3309 2683 3402 2737 ge-

1827 2760 1976 2813 neris
2038 2768 2382 2828 posterorum
2441 2757 2595 2812 Setbi
2655 2768 3007 2812 recensentes
3068 2759 3168 2812 hac
3229 2758 3402 2812 forma

1829 2851 2094 2906 orationis
2125 2851 2246 2906 uti:
2285 2852 2527 2906 Adamus
2555 2866 2677 2904 cum
2717 2861 2795 2906 tot
2839 2867 2902 2905 ac
2943 2860 3020 2905 tot
3054 2860 3214 2905 natus
3258 2861 3404 2904 esset

1831 2959 2024 3009 annos,
2059 2943 2287 2998 Sethum
2318 2943 2544 3013 genuit;
2580 2942 2783 2996 Sethus
2816 2958 3034 2996 rursum
3072 2959 3193 2997 cum
3231 2953 3304 2996 tot
3338 2961 3402 2998 ae

1833 3046 1911 3090 tot
1942 3051 2116 3090 annos
2151 3035 2384 3089 vivendo
2422 3036 2717 3103 explesset,
2750 3049 2779 3088 e
2810 3034 2968 3088 terris
3014 3035 3262 3089 sublatus
3297 3045 3403 3089 est.

1833 3128 1972 3182 Hinc
2015 3139 2071 3182 et
2115 3127 2440 3196 principium
2493 3129 2616 3179 vita;
2665 3125 2816 3178 Sethi
2871 3137 2925 3179 et
2983 3127 3102 3178 ﬁnis
3153 3131 3403 3196 cognosci

1834 3227 2046 3290 potest;
2077 3233 2198 3273 cum
2224 3227 2404 3273 autem
2435 3219 2486 3270 in
2511 3216 2896 3272 Melchisedeco
2921 3216 3050 3269 nihil
3072 3217 3174 3269 tale
3205 3218 3403 3271 factum

1834 3312 1924 3376 sit,
1975 3311 2031 3364 in
2085 3326 2204 3364 eam
2255 3310 2668 3379 persuasionem
2721 3307 2966 3360 nonnulli
3005 3317 3298 3368 venerunt,
3349 3320 3408 3361 ut

1835 3400 2288 3456 Melehisedecum
2322 3400 2574 3470 principii
2609 3415 2671 3452 ac
2709 3399 2828 3452 ﬁnis
2873 3407 3148 3467 expertem
3198 3407 3405 3452 statue-

1837 3503 1976 3559 rent,
2031 3493 2392 3560 eumdemque
2447 3506 2697 3561 magnam
2751 3505 2871 3544 esse
2929 3489 3018 3542 Dei
3084 3500 3408 3558 potestatem

1836 3593 2110 3653 putarent.

1911 3675 2020 3729 Rex
2059 3677 2276 3746 quidem
2311 3679 2420 3744 ille,
2459 3693 2555 3732 ceu
2587 3693 2749 3748 supra
2785 3679 3041 3742 diximus,
3075 3687 3130 3732 et
3157 3674 3411 3731 sacerdos

1838 3770 1976 3830 erat',
2023 3769 2193 3839 ﬁgura
2233 3779 2287 3823 et
2335 3770 2634 3825 similitudo
2682 3771 2904 3827 Christi.
2944 3771 3309 3836 Quamobrem
3365 3769 3407 3822 si

1839 3875 2173 3930 cognoscere
2199 3863 2368 3928 voles,
2405 3863 2603 3916 dilecte
2638 3863 2733 3928 ﬁli,
2770 3847 2972 3933 quanta
3013 3865 3082 3918 sit
3118 3864 3286 3917 nostri
3323 3877 3412 3916 sa-

1840 3953 2070 4008 cerdotii
2133 3956 2472 4022 praastantia,
2535 3955 2694 4025 136
2756 3955 2984 4011 Joannis
3038 3955 3411 4024 Chrysostomi

1839 4045 2023 4100 verbis
2047 4046 2286 4099 animum
2317 4045 2608 4109 advertito,
2646 4048 2738 4116 qui
2789 4046 2840 4100 in
2875 4047 3121 4100 oratione
3150 4045 3411 4098 adversus

1841 4137 2059 4192 Judmos
2105 4137 2294 4205 quinta
2319 4138 2517 4208 inquit,
2552 4141 2713 4192 etiam
2745 4139 2798 4192 in
2823 4138 2956 4209 ipsis
2990 4138 3174 4208 figuris
3201 4135 3413 4190 ostendi

1842 4240 2104 4299 quantum
2141 4246 2169 4282 a
2205 4238 2392 4285 nostro
2431 4231 2797 4286 sacerdotium
2841 4231 2968 4284 illud
3003 4240 3156 4284 vetus
3191 4243 3417 4298 supere-

1847 4329 1951 4374 tur.
1980 4321 2323 4375 Abrahamus
2368 4323 2512 4376 enim
2561 4333 2716 4392 pater
2757 4321 2925 4376 lsaaci
2960 4333 3014 4376 et
3054 4321 3237 4375 Jacobi
3288 4336 3420 4375 avus

1845 4423 1985 4492 erat.
2025 4414 2176 4468 Levii
2210 4430 2466 4484 proavus,
2503 4425 2563 4468 ut
2590 4415 2683 4482 qui
2707 4415 2895 4469 Jacobi
2933 4415 3076 4469 ﬁlius
3107 4411 3416 4468 exsisteret.

1848 4505 1917 4559 At
1940 4505 2082 4558 enim
2111 4506 2476 4560 sacerdotium
2507 4507 2634 4560 illud
2665 4507 2953 4560 Judaicum
2983 4507 3036 4560 in
3068 4505 3236 4560 Lerio
3271 4507 3421 4572 prin-

1847 4594 2050 4661 cipium
2116 4595 2332 4648 habuit.
2388 4594 2757 4649 Nihilominus
2809 4594 3148 4648 Abrahatnus
3203 4591 3419 4663 generis

1850 4685 2162 4738 Levitarum
2193 4697 2399 4749 auctor,
2429 4687 2530 4738 hoc
2557 4695 2639 4740 est
2660 4683 3015 4740 Judaicorum
3047 4686 3419 4747 sacerdotum,

1851 4777 1953 4831 sub
1995 4776 2414 4843 Melchisedeco,
2467 4778 2558 4846 qui
2616 4779 2788 4831 nostri
2845 4777 3135 4832 sacerdotii
3199 4777 3420 4846 ﬁguram

1849 4871 2298 4940 repraesentabat,
2336 4886 2435 4939 pro
2481 4871 2625 4925 laico
2666 4885 2789 4925 sese
2832 4870 3072 4942 gerebat.
3106 4871 3282 4937 Atque
3323 4871 3422 4922 hoc

1854 4962 2033 5029 ipsum
2070 4960 2284 5015 duabus
2321 4961 2488 5014 rebus
2527 4943 2883 5030 signiﬁcabat,
2924 4970 3036 5014 tum
3074 4960 3214 5029 quod
3256 4961 3425 5013 dcen-

1855 5067 1969 5105 mas
2001 5053 2178 5114 daret,
2209 5059 2324 5105 tum
2363 5055 2508 5120 quod
2553 5052 2942 5107 ominationem
2973 5052 3040 5106 ab
3081 5067 3146 5106 eo
3192 5051 3422 5106 faustam

1854 5146 2149 5213 acciperet.
2174 5141 2305 5197 Nam
2329 5144 2452 5198 laici
2472 5143 2730 5198 decumas
2753 5145 3132 5199 sacerdotibus
3157 5142 3422 5213 pendunt,

1855 5247 1906 5289 et
1961 5235 2278 5289 earumdem
2329 5235 2586 5304 precibus
2649 5235 3008 5290 fclicitantnr.
3056 5234 3200 5301 Quin
3263 5234 3423 5288 etiam

1858 5327 2222 5388 Abrahamus,
2278 5341 2587 5396 quanquam
2650 5326 2936 5396 promissis
2985 5325 3186 5379 divinis
3235 5325 3423 5377 beatus

1859 5428 2023 5477 esset,
2060 5416 2417 5472 mhilominus
2454 5416 2850 5472 Melchisedeco
2893 5420 3072 5470 minor
3117 5421 3253 5467 erat.
3293 5411 3422 5473 Qui-

1860 5526 1982 5562 nam
2011 5509 2187 5562 istuc?
2215 5509 2350 5574 Quia
2385 5508 2582 5563 minori
2621 5509 2790 5578 major
2827 5506 3117 5562 bcnedicit.
3161 5502 3419 5554 l’rmtcrra
