3862 6228
403 247 408 250 .
502 191 607 258 ΞὸῚ

1667 250 1671 255 .
1746 209 2163 272 MICHAELIS
2199 181 2457 274 circa

3622 215 3735 281 268

498 305 699 364 Levius
750 311 885 382 ipse,
932 311 1018 366 cui
1062 311 1413 370 decumarum
1453 315 1542 387 jus
1587 330 1907 376 concessum
1954 331 2056 389 est,

2163 323 2372 386 Παῦλός
2406 334 2574 393 φησι⁹
2610 341 2632 374 ι
2678 325 2919 387 Δεκατας
2966 322 3073 393 γάρ
3102 322 3271 377 ἔδωκε
3309 324 3404 378 καὶ
3451 324 3626 390 αὐτὸς
3657 329 3734 395 τῷ

499 398 590 453 Ιιίο
616 400 939 456 decumatus
978 401 1099 469 fuit,
1129 404 1589 477 quemadmodum
1635 410 1835 465 Paulus
1885 412 2061 482 loqui-

427 496 431 503 '
499 492 673 545 tur".
706 492 837 564 Nam
884 502 941 549 et
974 494 1090 565 ipse
1138 491 1531 555 Melchisedeco
1571 516 1668 570 per
1692 502 2060 570 Abrahamum

498 591 706 649 patrem
737 582 996 639 decumas
1043 586 1230 651 solvit,
1262 591 1477 647 tametsi
1527 591 1758 649 necd‘um
1788 594 1970 651 editus
2007 596 2058 649 in

496 674 670 729 lucem
722 673 912 732 foret:
953 678 1151 748 quippe
1198 681 1376 738 adhuc
1422 683 1478 738 in
1528 685 1821 740 Abrahami
1859 687 2061 743 lumbis

494 775 632 829 erat,
666 780 790 822 cum
830 768 1228 827 Melchisedeco
1250 774 1295 827 is
1325 784 1663 832 occurreret.
1697 776 1775 832 De
1803 793 1909 847 quo
1932 778 2063 834 licet

496 858 768 929 intelligas
799 861 964 919 hasce
1000 862 1256 921 Judaicas
1291 881 1377 921 res
1419 882 1529 921 non
1573 868 1675 923 nisi
1713 866 1960 924 umbram
2002 877 2059 924 et

493 950 717 1019 ﬁguram
768 955 1056 1023 quamdam
1107 957 1294 1013 fuisse.
1349 957 1484 1014 Nam
1536 960 1581 1015 si
1628 975 1730 1034 per
1771 959 2057 1017 Judaicum

492 1042 854 1097 sacerdotium
888 1046 1281 1115 perfectionem
1320 1048 1564 1105 licuisset
1589 1050 1831 1125 assequi,
1863 1051 2058 1120 ecquid

493 1147 672 1186 causa;
718 1133 879 1199 foret,
931 1138 1285 1205 quamobrem
1318 1141 1578 1194 cnnsﬁtui
1626 1142 1882 1195 sacerdos
1918 1141 2059 1195 alius

492 1223 794 1278 secundum
853 1227 1102 1282 ordinem
1159 1228 1562 1296 Melchisedeci,
1627 1245 1738 1283 non
1801 1229 2054 1294 Aaron'ts,

491 1316 800 1371 diceretur?
827 1318 964 1373 Cum
1003 1336 1136 1391 ergo
1179 1322 1545 1376 sacerdotium
1602 1321 1748 1375 aliud
1794 1323 2059 1379 subsecu-

491 1415 676 1462 tnrunt
710 1418 876 1476 esset,
912 1413 1138 1468 omnino
1163 1413 1535 1469 necessarium
1573 1425 1691 1469 erat
1717 1415 1881 1469 alium
1920 1431 2061 1484 quo-

491 1513 595 1565 que
629 1515 808 1554 rerum
848 1511 1049 1556 statqu
1095 1504 1373 1570 sitbsequi.
1406 1503 1563 1570 Quod
1601 1505 1819 1573 quidem
1859 1500 2060 1560 Paulus

2167 413 2500 483 Μελχισεδὲκ
2553 411 2621 465 δι’
2689 412 2936 483 Ἁϐραάμ
2973 410 3067 466 τοῦ
3128 413 3337 485 πατρὸς
3385 414 3582 481 αὐτοῦ,
3641 416 3732 471 καὶ

2171 504 2339 573 μήπω
2409 502 2731 573 γεννηθείς·
2790 522 2810 555 ι
2866 502 2944 556 ἔτι
2998 503 3106 573 γάρ
3179 505 3235 556 ἐν
3286 508 3351 575 τῇ
3407 506 3579 573 ὀσφύϊ
3640 507 3731 560 τοῦ

2128 630 2131 633 -
2178 596 2428 667 Ἀϐραὰμ
2451 593 2542 667 ἦν,
2572 596 2660 650 ὅτι
2692 598 3020 668 συνήντησεν
3040 599 3068 650 6
3096 597 3451 669 Μελχισεδέκ.
3489 599 3733 670 Πρόσεχε

2168 682 2261 740 οὖν
2293 688 2377 740 ὅτι
2414 688 2543 741 σκιὰ
2577 688 2672 742 καὶ
2707 688 2878 752 τύπος
2904 684 3046 758 ἦσαν
3075 690 3144 743 τά
3198 689 3488 746 Ἰουδαϊκά.
3528 692 3598 744 Εἰ
3628 694 3733 762 γάρ

2165 779 2251 833 διὰ
2280 779 2377 848 τῆς
2420 779 2717 849 Ἰουδαϊκῆς
2754 781 2996 853 ἱστορίας
3037 780 3132 835 καὶ
3177 780 3483 851 ἱερωσύνης
3512 783 3735 837 τελείω-

2165 889 2250 933 σις
2289 867 2382 942 ἦν,
2413 873 2495 935 τίς
2542 872 2624 926 ἔτι
2685 872 2846 944 χρεία
2881 873 3022 927 κατὰ
3057 874 3155 945 τὴν
3196 875 3348 940 τάξιν
3397 875 3733 945 Μελχισεδὲκ

2160 962 2485 1017 ἀνίστασθαι
2523 964 2715 1033 ἕτερον
2770 966 2920 1037 ἱερέα
2977 965 3072 1020 καὶ
3122 966 3183 1018 οὐ
3242 966 3382 1021 κατὰ
3428 967 3527 1037 τὴν
3583 968 3733 1033 τάξιν

2174 1054 2388 1125 Ἀαρὼν
2424 1055 2682 1123 λέγεσθαι
2706 1073 2722 1123 ;
2768 1057 2919 1111 Ἐπεὶ
2948 1054 3042 1111 οὖν
3070 1057 3234 1128 ἑτέρα
3259 1059 3530 1127 ἱερωσύνη
3559 1058 3728 1112 ἐλθεῖν

2161 1145 2405 1216 ἔμελλεν,
2439 1146 2652 1217 ἀνάγκη
2688 1149 2839 1203 πᾶσα
2864 1150 2959 1202 καὶ
2982 1149 3260 1203 πολιτείαν
3282 1150 3477 1220 ἑτέραν
3503 1134 3721 1202 συνεισ·

2159 1237 2354 1291 ελθεῖν.
2410 1238 2518 1291 Καὶ
2562 1237 2724 1292 τοῦτο
2755 1240 2931 1310 δηλῶν
2969 1241 2997 1294 6
3031 1241 3243 1304 Παῦλος
3276 1241 3460 1310 ἔλεγεν
3505 1243 3591 1295 ὅτι
3636 1243 3728 1309 τῆς

2162 1328 2464 1398 ἱερωσύνης
2523 1331 2955 1402 μετατιθεμένης
3003 1331 3064 1397 ἐξ
3118 1333 3365 1402 ἀνάγκης
3415 1332 3508 1386 καὶ
3562 1334 3726 1401 νόμου

2165 1417 2452 1486 μετάθεσις
2488 1419 2720 1485 γίνεται.
2774 1419 2885 1474 Kal
2935 1422 3106 1476 ταῦτα
3156 1422 3255 1493 μὲν
3289 1424 3318 1476 6
3361 1421 3462 1492 τὴν
3488 1422 3722 1490 γλῶτταν

2162 1527 2417 1591 χρυσους.

493 1591 735 1647 indicare
762 1594 953 1649 volens
984 1597 1102 1650 ait:
1152 1616 1173 1648 ι
1205 1597 1493 1652 Translato
1526 1597 1837 1651 sacerdotio
1870 1601 2185 1656 necessario
2209 1619 2428 1675 quoque
2479 1605 2615 1678 legis
2685 1606 2742 1662 lit
2816 1607 3101 1664 translatio
3151 1609 3221 1666 ³³.
3249 1627 3270 1663 ι
3312 1608 3436 1664 Ηεεο
3498 1609 3572 1663 ita
3605 1615 3719 1663 sunt

493 1705 524 1743 a
552 1687 949 1760 Clirysostomo
978 1693 1194 1748 tradita.

2596 1674 2621 1722 |

561 1785 831 1840 Caeterum
854 1804 976 1840 cum
1004 1804 1295 1857 precamur
1310 1804 1411 1843 nec
1429 1789 1697 1843 continuo
1716 1792 2060 1857 cxaudimur,

2238 1794 2717 1865 Προσευχομένους
2745 1796 2800 1850 δέ
2827 1762 2974 1867 medic
2998 1798 3089 1851 καὶ
3121 1796 3194 1868 μὴ
3224 1797 3423 1859 εὐθέως
3450 1800 3716 1851 εἰσακουσ-

494 1879 913 1949 haudquaquam
940 1880 1284 1949 despondere
1323 1882 1567 1936 animum
1608 1883 1893 1937 debemus.
1922 1884 2057 1947 Nam

492 1981 549 2025 et
578 1969 800 2027 lsaacus
828 1974 897 2027 ob
929 1989 1079 2027 suam
1121 1973 1478 2044 conjugisqne
1506 1976 1846 2029 sterilitatem
1891 1976 2057 2030 Deum

495 2074 638 2119 totos
669 2065 739 2119 20
787 2081 964 2121 annos
997 2066 1252 2135 precibus
1298 2068 1544 2137 urgebat.
1589 2068 1727 2122 Sunt
1763 2070 1909 2123 enim
1946 2071 2060 2125 haec

494 2172 774 2211 sacrarum
832 2157 1162 2212 Litterarum
1209 2158 1416 2212 verba:
1459 2176 1478 2209 ι
1509 2158 1846 2213 Obsecrabat
1891 2160 2058 2215 Deum

498 2247 762 2304 Rebecca:
812 2251 998 2304 uxoris
1052 2250 1291 2318 nomine,
1344 2266 1465 2320 qua!
1519 2253 1722 2308 sterilis
1776 2263 1892 2309 erat
1921 2254 1983 2307 δ”.
2035 2273 2053 2305 ι

494 2337 691 2392 Postea
715 2354 838 2393 cum
869 2339 1146 2406 Rebecca',
1173 2355 1295 2410 quae
1322 2341 1518 2394 Esaum
1543 2350 1598 2396 et
1621 2340 1879 2397 Jacobum
1905 2355 2062 2400 utero

493 2431 940 2502 gestabat,:rgre
998 2420 1163 2496 esSet,
1218 2432 1365 2502 quod
1428 2434 1574 2489 fetus
1636 2434 1689 2488 in
1745 2446 1904 2489 utero
1950 2450 2058 2489 non

502 2520 852 2575 mediocriter
907 2522 1277 2578 subsultarent
1307 2564 1323 2589 ,
1364 2523 1689 2591 indicantes,
1725 2524 1800 2579 uti
1839 2525 2058 2592 quidem

496 2613 646 2669 credi
684 2628 780 2682 par
816 2622 934 2679 est,
967 2613 1250 2669 dissidium
1289 2615 1417 2670 illud
1465 2616 1609 2684 quod
1658 2616 1921 2685 deinceps
1972 2616 2061 2670 in-

495 2714 583 2760 ter
628 2705 774 2773 ipsos
831 2707 1156 2760 exstiturum
1200 2709 1448 2766 erat.liis
1472 2707 1653 2762 verbis
1683 2706 1826 2762 Deus
1851 2708 2057 2761 utitur:

504 2814 525 2848 ι
572 2795 699 2851 Diue
749 2805 940 2863 gentes
985 2812 1049 2851 ex
1100 2807 1256 2853 utero
1305 2810 1397 2853 tuo
1446 2798 1782 2864 dividentur,
1825 2813 2060 2866 quarum

496 2887 664 2942 altera
715 2888 834 2956 plus
866 2888 1035 2944 altera
1085 2889 1306 2959 poterit,
1353 2889 1655 2960 majorque-
1690 2889 1885 2944 minori
1941 2905 2060 2946 ser-

496 2980 611 3034 viet
632 2980 697 3034 ³⁸.
731 2999 749 3031 ι
786 2979 995 3046 Quibus
1026 2980 1080 3034 in
1110 2981 1292 3036 verbis
1327 2980 1699 3035 animadverte
1729 2980 1900 3035 Deum
1932 2996 2059 3051 per-

496 3061 688 3142 spicue
724 3071 986 3128 rationem
1014 3072 1428 3142 pepuliJudaici
1450 3083 1507 3127 et
1528 3073 1745 3142 gentilis
1764 3072 2057 3151 iudicasse.

569 3163 742 3234 Hujus
774 3162 938 3219 lsaaci
973 3174 1214 3233 tempore
1241 3164 1414 3220 fames
1439 3164 1546 3219 alia
1574 3164 1697 3230 fuit,
1721 3164 1877 3235 cujus
1902 3143 2060 3221 causa

2237 3156 2409 3224 Λιμὸς
2438 3156 2691 3227 δεύτερος
2714 3156 2808 3210 ἐπὶ
2837 3155 2933 3210 τοῦ
2980 3156 3168 3211 Ἰσαὰκ
3199 3155 3433 3224 γίνεται,
3465 3152 3553 3223 ἐφ’
3577 3144 3616 3220 ᾧ
3650 3152 3699 3204 ἂν

412 3267 427 3283 ί
496 3252 716 3310 lsaacus
746 3271 805 3311 se
826 3255 1028 3311 Gerara
1067 3256 1321 3317 contulit.
1355 3259 1650 3325 quominus
1686 3258 1740 3313 in
1770 3256 2064 3328 IEgyptum

495 3346 968 3415 proﬁcisceretur,
1028 3348 1097 3402 ab
1157 3349 1276 3417 ipso
1336 3350 1501 3419 137,
1564 3351 1675 3405 Deo
1734 3348 2064 3418 prohibitus.

496 3437 818 3509 Quanquam
852 3439 1001 3493 enim
1031 3439 1076 3493 is
1110 3441 1419 3496 Abraltamo
1449 3450 1795 3495 concesserat
1829 3448 1885 3493 ut
1913 3454 1978 3493 eo
2006 3453 2066 3493 se

498 3530 795 3596 conferret,
833 3544 1011 3584 tamen
1041 3529 1091 3583 id
1126 3530 1229 3585 alia
1259 3531 1401 3585 nulla
1431 3531 1499 3585 de
1529 3546 1691 3584 causa
1733 3530 1932 3583 factum
1962 3528 2066 3582 fuit

499 3640 661 3692 quant
698 3608 763 3676 ut
788 3623 910 3679 istis
947 3624 1107 3677 etiam
1146 3623 1459 3677 hominibus
1492 3620 1667 3676 virtus
1702 3621 1874 3691 ipsius
1906 3621 2061 3675 inuo-

500 3724 754 3769 teseeret.
777 3712 993 3769 Isaacus
1015 3724 1196 3769 autem
1222 3713 1405 3769 hordei
1432 3722 1727 3767 sementem
1748 3712 1899 3774 fecit,
1917 3713 2063 3782 quod

499 3805 747 3860 inaudito
772 3807 1005 3875 quodam
1039 3806 1202 3859 modo
1241 3805 1476 3859 fructum
1515 3804 1828 3873 centuplum
1864 3803 2060 3859 edidit.

498 3892 705 3960 Quodsi
755 3893 1029 3962 dejectum
1082 3893 1214 3948 illud
1248 3909 1434 3949 semen
1466 3894 1523 3949 in
1570 3910 1631 3950 se
1670 3905 1812 3950 terra
1848 3895 2061 3950 ratione

497 3987 750 4055 centupla
785 3987 1042 4052 reddidit,
1068 4002 1304 4055 quonam
1332 3987 1447 4042 ﬁeri
1486 3995 1647 4055 pacto
1681 3998 1858 4057 potest
1885 3997 1946 4043 ut
1969 3987 2063 4058 qui

501 4080 888 4150 benignitatem
932 4080 985 4135 in
1020 4091 1242 4152 egentes
1276 4095 1344 4134 ex
1378 4080 1859 4143 commiseratione
1896 4081 2062 4135 animi

496 4183 714 4229 exercet
756 4189 820 4227 ac
868 4188 1071 4228 munus
1114 4173 1294 4243 ipsum
1344 4173 1400 4225 in
1433 4186 1628 4225 manus
1678 4170 1773 4225 Dei
1806 4172 2052 4242 deponit,
2096 4174 2402 4230 mercedem
2466 4172 2727 4241 centuplo
2756 4171 3018 4242 majorem
3051 4186 3159 4225 non
3227 4165 3633 4240 accipiatiﬂam
3654 4160 3690 4214 si

498 4285 666 4326 unum
708 4268 798 4325 hic
827 4268 1061 4325 fructum
1093 4268 1200 4325 fert
1224 4269 1563 4336 centuplum,
1595 4266 1768 4321 multo
1804 4268 1973 4338 magis
2004 4278 2061 4324 et
2100 4270 2225 4325 istic
2250 4270 2392 4325 idem
2429 4269 2736 4325 usuveniet.

568 4366 833 4420 Cancrum
865 4381 991 4421 cum
1023 4363 1242 4419 lsaacus
1269 4360 1472 4416 Iacobo
1494 4362 1809 4417 felicissima
1829 4378 2062 4432 qumque

496 4466 834 4526 precaretur,
873 4469 1047 4509 annos
1097 4452 1196 4506 lOU
1226 4451 1349 4520 plus
1382 4450 1564 4505 minus
1609 4460 1771 4504 natus
1798 4462 1936 4513 erat.
1991 4450 2062 4505 ob

496 4566 657 4617 quam
691 4548 861 4616 ipsam
892 4545 1068 4601 aetatis
1099 4543 1510 4611 provectionem
1538 4541 1656 4612 ejus
1679 4544 1821 4596 oculi
1856 4541 2057 4611 caliga-

2170 4548 2517 4614 ἐπεπήρωτο.
2561 4543 2625 4599 Ἦ
2665 4545 2850 4614 μέντοι
2886 4544 3118 4599 Ῥεϐἐκα
3143 4543 3280 4612 μετὰ
3310 4544 3414 4611 τὴν
3446 4531 3688 4598 ἐπαινετὴν

497 4644 710 4690 verant.
742 4635 989 4689 Rebecca
1013 4640 1139 4702 post
1161 4629 1489 4685 laudabilem
1526 4632 1666 4686 lianc
1693 4630 2062 4687 felicitationis

452 4709 463 4719 ’
498 4728 948 4784 inter-versionem
982 4724 1035 4781 id
1065 4721 1498 4779 consiliiJacobo
1521 4723 1700 4789 dedit,
1737 4734 1794 4780 ut
1828 4723 2063 4795 ﬂagran-

498 4825 567 4875 tis
596 4822 777 4875 atlltuc
806 4818 933 4874 Esai
965 4817 1168 4871 furoris
1220 4817 1394 4886 gratia
1451 4812 1629 4871 semet
1673 4817 1741 4871 ad
1784 4817 2059 4873 Labanem

501 4912 787 4981 reciperet.
825 4908 1189 4977 Quamobrem
1213 4908 1452 4964 Jacobus
1489 4918 1706 4978 arrepta
1764 4908 1909 4980 fuga,
1975 4910 2058 4965 vi-

502 5003 650 5058 tandi
680 5001 801 5073 Esai
838 5015 1021 5062 causa,
1056 5000 1265 5069 sepitus
1292 5005 1343 5053 in
1378 5000 1575 5057 itinere
1600 5000 1870 5056 somniqu
1908 5001 2059 5056 vidit.

500 5094 635 5151 Nam
691 5094 831 5150 scala
865 5091 1112 5163 quadam
1142 5100 1299 5144 terrae
1349 5090 1532 5146 innixa
1574 5100 1712 5155 erat,
1762 5093 1918 5160 cujus
1946 5109 2065 5148 ver-

502 5201 586 5244 tex
640 5187 837 5242 coelum
876 5185 1189 5257 attingeret,
1255 5198 1319 5237 ac
1376 5174 1551 5238 divini
1586 5183 1761 5252 angeli
1801 5200 1895 5252 per
1945 5200 2063 5239 eam

500 5279 869 5333 ascendebant
889 5292 955 5330 ac
981 5276 1218 5330 viciss‘m
1244 5274 1660 5329 descendebant.
1681 5273 2065 5341 Eidemlitnn‘ti-

502 5387 638 5425 nens
665 5372 807 5425 Deus
837 5369 916 5422 sie
947 5368 1271 5437 loquebatur
1306 5384 1321 5421 :
1360 5365 1501 5435 «Ego
1535 5375 1714 5420 tecum
1753 5381 1872 5418 sum
1903 5384 1916 5418 :
1950 5381 2063 5419 non

504 5473 587 5517 est
634 5463 777 5532 quod
815 5460 1072 5516 formides
1090 5462 1154 5515 ³⁸.
1195 5480 1212 5513 ι
1258 5459 1432 5528 Atque
1482 5457 1533 5511 Iti
1570 5465 1677 5511 tam
1706 5460 2064 5517 ascendentes

2166 1886 2358 1954 μένους
2404 1884 2465 1936 οῦ
2516 1885 2634 1938 δέον
2680 1886 2939 1939 ὲκκακεῖν
2969 1901 2983 1917 ⁸
3021 1888 3143 1939 ἐπεὶ
3199 1885 3294 1939 καὶ
3339 1889 3367 1939 6
3411 1887 3596 1940 Ἰσαὰκ
3631 1887 3717 1952 ἔτη

2161 1968 2333 2029 εἶκοᾶι
2390 1974 2484 2030 τοῦ
2539 1976 2674 2031 Θεοῦ
2723 1978 2900 2031 ἐδέετο
2950 1978 3036 2031 διὰ
3065 1978 3166 2048 τὴν
3215 1978 3475 2032 ἀπαιδίαν
3526 1977 3712 2031 αὐτῶν.

2174 2068 2384 2122 Ἐδέετο
2431 2069 2559 2137 γὰρ,
2596 2071 2769 2137 φησὶ,
2831 2068 2924 2121 τοῦ
2980 2068 3115 2122 Θεοῦ
3168 2070 3298 2143 περὶ
3336 2069 3592 2130 Ῥεϐἐκας
3628 2068 3714 2138 τῆς

2161 2162 2417 2227 γυναικὸς
2451 2161 2639 2225 αὐτοῦ,
2672 2162 2754 2215 ὅτι
2785 2160 2974 2230 στείρα
3002 2156 3090 2231 ἦν.
3116 2162 3555 2231 Δυσχεραινούσῃ
3580 2160 3633 2213 δὲ
3654 2162 3709 2228 τῇ

2168 2252 2398 2323 Ῥεϐέκᾳ
2423 2255 2587 2324 ἡνίκα
2609 2254 2987 2323 ἐγκυμονοῦσα
3014 2250 3083 2323 ἦν
3106 2254 3196 2305 τόν
3226 2270 3286 2306 τε
3325 2251 3492 2307 Ἠσαῦ
3520 2254 3611 2304 καὶ
3633 2251 3711 2303 τὸν

2106 2401 2117 2413 ,
2173 2344 2372 2398 Ἰακὼϐ
2408 2345 2487 2415 (οὐ
2525 2345 2737 2416 μικρῶς
2769 2347 2879 2417 γὰρ
2909 2345 3179 2414 ἐσκίρτων
3209 2346 3268 2397 ὲν
3301 2347 3368 2415 τῇ
3416 2343 3591 2413 κοιλίᾳ
3623 2341 3707 2395 αύ-

2159 2439 2281 2507 τῆς,
2328 2436 2615 2505 μηνύοντε,
2665 2437 2741 2498 ὡς
2788 2438 2959 2502 ἔοικε,
3016 2436 3114 2503 τὴν
3171 2438 3446 2507 ἐσομένην
3501 2435 3707 2502 ὕστερον

2164 2530 2328 2600 μέσον
2360 2529 2535 2582 αὐτῶν
2557 2529 2850 2600 διαμάχηνὶ
2874 2530 2977 2599 ἔφη
3014 2530 3041 2581 6
3070 2527 3307 2598 Κύριος·
3338 2547 3358 2579 ι
3381 2527 3483 2580 Δύο
3518 2527 3626 2578 λαοὶ
3649 2527 3703 2577 ἐκ

2161 2621 2260 2689 τῆς
2294 2620 2499 2684 κοιλίας
2522 2638 2617 2674 σου
2640 2621 3110 2688 διασταλήσονται,
3139 2608 3235 2674 και
3255 2620 3383 2684 λαὸς
3407 2620 3536 2672 λαοῦ
3558 2619 3705 2685 61mp-

2163 2713 2296 2779 ἑξει,
2321 2716 2417 2767 καὶ
2442 2712 2704 2782 όιμείζων
2729 2713 3001 2767 δουλεύσει
3031 2713 3106 2783 τῷ
3135 2713 3404 2767 ἐλάσσονι.
3436 2731 3455 2765 ι
3488 2711 3701 2779 Πρόσεχε

2160 2804 2291 2857 οῦν·
2336 2804 2527 2874 σαφῶς
2578 2805 2689 2875 γὰρ
2735 2803 3007 2874 ἐδήλωσεν
3055 2807 3084 2858 6
3130 2804 3259 2868 Θεὸς
3297 2804 3367 2858 τά
3414 2802 3555 2857 κατὰ
3609 2800 3702 2853 τῶν

2175 2897 2482 2953 Ἰουδαϊκῶν
2512 2897 2659 2953 λαῶν
2687 2897 2782 2951 καὶ
2813 2896 2921 2950 τῶν
2961 2896 3211 2951 ἐθνικῶν.
3434 2894 3447 2939 ξ

2162 3254 2424 3323 Γεράροις
2453 3251 2781 3322 κατέρχεται
2802 3268 2816 3284 ο
2837 3253 2919 3315 εἰς
2941 3251 3217 3319 Αἴγυπτον
3248 3249 3434 3320 μέντοι
3463 3247 3701 3300 ἀπελθεῖν

2162 3346 2223 3398 οὐ
2262 3347 2630 3414 σνγχωρείται
2665 3343 2819 3414 παρὰ
2846 3342 3005 3397 Θεοῦ.
3039 3343 3101 3396 El
3126 3342 3234 3413 γὰρ
3258 3342 3351 3396 καὶ
3375 3336 3695 3409 συνεχωρήθη

2162 3438 2448 3493 κατελθεῖν
2484 3437 2512 3489 6
2560 3435 2834 3506 Ἁϐραάμ.
2878 3437 3015 3490 ἀλλὰ
3047 3436 3208 3506 χάριν
3242 3437 3336 3496 καὶ
3361 3433 3454 3486 τοῦ
3484 3428 3699 3501 γνωσθῆ-

2164 3547 2253 3583 ναι
2283 3530 2509 3590 καὶτοῖς
2541 3530 2722 3600 ἐκεῖσε
2772 3527 2870 3597 τὴν
2917 3525 3081 3580 ἀύτοῦ
3133 3526 3356 3595 ἀρετήν.
3401 3521 3608 3591 Σπείρει
3649 3518 3695 3570 δὲ

2170 3620 2367 3690 κριθὴν
2406 3620 2435 3673 6
2480 3619 2690 3681 Ἰσαὰκ.
2734 3620 2830 3672 καὶ
2877 3616 3199 3688 παραδόξως
3234 3615 3595 3669 ἐκατοστεύει.
3646 3608 3694 3661 Ei

2165 3695 2224 3766 δὲ
2252 3715 2314 3766 τὸ
2347 3710 2687 3781 καταϐληθὲν
2716 3711 2796 3773 εἰς
2827 3709 3021 3765 ἑκατὸν
3059 3708 3378 3777 παρέδωκεν
3408 3707 3442 3775 ἡ
3479 3705 3568 3773 γῆ,
3600 3699 3693 3758 πῶς

2165 3806 2196 3858 6
2235 3804 2407 3857 mtdiv
2438 3802 2810 3871 ἐλεημοσύνην
2855 3801 2950 3855 καὶ⁵
2981 3802 3102 3863 ταῖς
3130 3799 3224 3852 τοῦ
3264 3797 3404 3851 Θεοῦ
3440 3796 3584 3866 χερσὶ
3613 3806 3695 3843 πα-

2174 3896 2412 3967 ρατιθεὶς
2448 3895 2510 3949 τὸ
2541 3894 2819 3964 διδόμενον
2854 3891 3384 3946 ἑκατονταπλασίονα
3421 3889 3509 3942 τὸν
3531 3883 3691 3957 μισθὸν

2171 3992 2237 4044 οὐ
2289 3988 2554 4058 λήψεταις
2604 3989 2654 4040 si
2708 3986 2817 4058 γὰρ
2854 3974 3092 4041 ἐνταῦθα
3133 3984 3194 4038 τὸ
3242 3983 3302 4036 ἓν
3358 3976 3692 4039 ἑκατοστεύει,

2171 4080 2354 4150 πολλῷ
2390 4078 2594 4150 μᾶλλον
2622 4080 2824 4132 ἐκεῖσε.

2252 4364 2311 4417 '0
2331 4363 2388 4421 δὲ
2438 4363 2622 4429 Ἰσαὰκ
2646 4364 2734 4416 ὅτε
2754 4366 2846 4416 τὸν
2882 4361 3076 4416 Ἰακὼϐ
3099 4361 3425 4431 ηὐλόγησεν,
3447 4358 3564 4412 ὡσεὶ
3592 4356 3689 4406 ἑκα-

2168 4458 2265 4513 τὸν
2295 4457 2501 4526 χρόνων
2530 4451 2597 4526 ἦν
2619 4472 2633 4488 ο
2667 4456 2753 4509 διὰ
2785 4455 2894 4524 γὰρ
2938 4451 3094 4508 τοῦτο
3133 4456 3228 4508 καὶ
3253 4455 3383 4516 τοὺς
3422 4444 3685 4519 ὀφθαλμοὺς

2168 4636 2270 4703 τῆς
2299 4635 2549 4703 εὐλογίας
2587 4633 2794 4703 κλοπὴν
2820 4633 3208 4687 συνεϐούλευσε
3242 4632 3321 4701 τῷ
3366 4629 3552 4687 Ἰακὼϐ
3582 4622 3685 4693 πρὶς

2170 4726 2357 4781 Λάϐαν
2386 4725 2665 4789 ἀπελθεῖν,
2695 4726 2839 4786 ὅπως
2889 4726 2949 4778 τὸ
2988 4725 3223 4793 ἀκμαῖον
3269 4724 3366 4793 τῆς
3420 4721 3507 4775 τοῦ
3552 4708 3685 4770 Ἦσσηῦ

2168 4818 2386 4888 ὲκφύγιι
2444 4818 2662 4886 μανίας.
2714 4815 3150 4887 ’Δποδιδράσκων
3205 4814 3299 4868 οὖν
3354 4815 3447 4867 τὸν
3493 4802 3684 4865 tum

2181 4907 2377 4963 Ἰακὼϐ
2430 4908 2699 4978 ἐκοιμήθη
2754 4909 2875 4962 καθ’
2924 4908 3043 4961 ὁδὸν
3086 4908 3180 4960 καὶ
3239 4893 3683 4969 ἐνυπνιάσθη.1ίαὶ

2171 5001 2280 5055 ἰδοὺ
2342 5001 2550 5070 κλίμαξ
2601 4999 2970 5071 ἐστηριγμένη
3022 5002 3080 5053 ἐν
3120 5004 3186 5069 τῇ
3221 5004 3315 5067 γῇ,
3350 4995 3417 5069 ἧς
3449 5001 3479 5067 ἡ
3515 4984 3681 5081 κεφαλῇ

2172 5098 2456 5164 ἀφικνεῖτο
2493 5096 2574 5157 εἰς
2598 5094 2691 5149 τὸν
2720 5092 2972 5162 οὐρανόν.
3008 5093 3119 5147 Καὶ
3143 5092 3193 5143 oi
3224 5091 3443 5159 ἄγγελοι
3480 5085 3558 5140 τοῦ
3577 5081 3679 5132 Θεου

2169 5186 2455 5240 ἀνέϐαινον
2503 5186 2597 5239 καὶ
2650 5184 2968 5238 κατέϐαινον
2998 5182 3298 5252 ὲπ“αὐτὴν,
3348 5184 3376 5234 6
3426 5180 3480 5232 δὲ
3519 5172 3676 5265 Κύριαξ

2166 5278 2529 5347 ἐπεστήρικτο
2576 5275 2766 5345 αὐτῆς.
2816 5274 2910 5328 καὶ
2951 5269 3140 5331 εἶπεν·
3198 5290 3215 5322 ι
3242 5272 3382 5338 Ἐγώ
3418 5270 3523 5336 εἰμι
3569 5269 3676 5329 μετι

2132 5382 2137 5389 “
2169 5368 2283 5429 σοῦ.
2317 5370 2409 5422 καὶ
2438 5370 2512 5438 μὴ
2552 5367 2744 5437 φοϐοῦ.
2795 5384 2815 5417 ι
2853 5368 2916 5419 0i
2961 5366 3017 5420 δὲ
3050 5365 3289 5426 ἀνιόντες
3321 5364 3409 5416 καὶ
3447 5354 3673 5412 κατιόντες

2165 5462 2263 5530 τὴν
2290 5460 2559 5529 κλίμακα,
2595 5460 2740 5513 καθὰ
2764 5459 2856 5513 καὶ
2884 5460 2912 5510 ό
2943 5461 3112 5529 μέγας
3148 5458 3280 5527 φησὶ
3320 5438 3674 5525 Κύριλλοςντίῖν

572 5638 616 5672 ³³
644 5638 805 5694 llebr.
842 5655 935 5701 ιιι,
961 5641 1013 5691 ‘J.
1093 5639 1135 5669 "‘
1167 5637 1295 5693 ibid.
1329 5640 1410 5694 l2.
1489 5642 1532 5673 “
1566 5642 1701 5697 Grn.
1738 5657 1860 5705 xxv,
1893 5642 1982 5694 21.
2015 5636 2057 5672 ⁵³

2170 5640 2221 5692 tl.
2259 5639 2347 5693 23.
2425 5637 2468 5668 ³⁸
2501 5638 2635 5694 Ceu.
2671 5654 2859 5700 xn’ttt.
2898 5636 2977 5690 l5.
