3862 6228
439 207 538 302 εςη
615 276 628 291 ,
1675 218 2011 280 MICHAEL

2127 223 2175 281 G
2187 223 2315 282 Ι.Υο
2324 222 2386 281 Αἰ

3565 209 3671 274 2ῖὲ

439 341 561 379 nem
602 319 928 382 consecutus
956 338 1121 385 esset.
1150 329 1208 384 ld
1246 330 1463 398 quidem
1488 346 1553 384 ex
1594 331 1820 386 historia
1861 348 1995 385 eon-

2124 335 2233 402 νεκῆ
2262 336 2289 386 ὁ
2318 332 2466 395 Θεὸς,
2501 331 2592 382 καί
2639 345 2801 400 φησιν
2827 343 2840 359 ·
2889 344 2908 380 ι
2942 327 3014 382 υῦ
3068 327 3144 395 μὴ
3190 326 3441 395 φάγωσιν
3484 344 3531 378 οι
3566 328 3672 378 oio!

437 429 564 482 stat,
596 421 858 474 Jacobum
888 438 1008 476 cum
1045 423 1381 493 evigilasset,
1419 425 1591 478 altero
1650 439 1809 477 crure
1849 424 2002 478 clau-

436 511 668 565 d-icasse.
705 512 778 564 Ac
804 526 872 565 ne
907 521 1029 580 post
1052 513 1182 583 justi
1229 513 1390 583 hujus
1449 515 1553 566 viri
1615 523 1844 568 mortem
1887 528 2004 567 me-

436 585 603 654 moria
640 616 784 655 cura:
818 604 1276 674 providentizeque
1298 605 1389 659 Dei
1425 605 1490 659 de
1519 606 1638 674 ipso
1669 606 1979 674 exstingue-

433 703 584 746 retur
631 691 837 747 idcirco
884 696 1150 748 rationem
1208 697 1414 750 invenit
1451 697 1594 750 Deus
1641 712 1744 765 qua
1794 697 1994 749 factum

436 787 536 834 hoc.
573 795 1005 852 perpetuaretur.
1050 787 1228 856 lnquit
1269 789 1456 842 enim:
1493 787 1730 856 Nepotes
1761 787 2000 842 lsraelici

434 887 602 925 ιρι-νο
630 873 870 938 femoris,
903 877 992 944 qui
1027 877 1308 943 emarcuit,
1344 892 1451 930 non
1483 887 1793 932 vescentur.
1826 877 2002 945 Atque

433 965 560 1020 hinc
585 968 1020 1024 animadvertere
1057 972 1183 1025 licet
1208 969 1516 1040 huiusmodi
1552 970 1854 1038 priscarum
1902 971 2002 1022 ob-

431 1058 802 1112 scrvationum
861 1077 1054 1127 magna
1088 1077 1160 1115 ex
1195 1072 1345 1130 parte
1388 1076 1608 1114 causam
1642 1059 1783 1112 illam
1814 1058 2002 1121 fuisse,

2115 424 2332 493 Ἰσραὴλ
2365 422 2424 474 τὸ
2458 421 2648 491 νεῦρον
2688 423 2783 472 τοῦ
2817 419 3054 480 πλάτους
3083 419 3178 470 τοῦ
3226 417 3424 488 μηροῦ,
3460 418 3488 469 ὃ
3521 419 3676 485 ἐνὰρ-

2105 530 2260 580 κησε.
2303 533 2320 563 ι
2359 513 2468 565 Kal.
2499 513 2644 564 ἔστιν
2692 508 2925 564 ἐνταῦθα
2969 507 3162 578 μαθεῖν
3198 509 3282 560 ὅτι
3311 510 3344 575 ἡ
3381 506 3530 558 αἰτία
3567 507 3676 558 τῶν

2108 605 2370 656 πλειόνων
2403 605 2841 672 παρατηρήσεων
2863 601 3022 654 τοῦτό
3051 601 3171 652 ἐστι
3196 601 3258 651 τὸ
3289 599 3364 667 μὴ
3388 597 3678 650 ἐπιλανθά-

2107 693 2294 746 νεσθαι
2329 695 2531 756 αὐτοὺς
2562 694 2654 745 τοῦ
2680 691 2816 745 Θεοῦ
2850 693 2944 746 καὶ
2970 692 3078 746 τῶν
3123 690 3672 770 αὐτοῦἐῦεργεσιῶν,

2109 787 2200 838 καὶ
2227 786 2325 839 ἅτε
2366 784 2430 853 δὴ
2474 784 2635 846 ὄντας
2661 783 3010 851 ἀγνώμονας.
3056 783 3216 835 Ἀλλὰ
3255 781 3348 834 καὶ
3379 781 3680 850 χωριζόμε-

2109 895 2196 940 νος
2227 877 2320 930 τοῦ
2365 877 2554 930 Λάϐαν
2588 879 2616 928 ὁ
2657 875 2876 936 Ἰακὼϐ,
2909 877 3007 927 καὶ
3040 875 3249 944 μέλλων
3299 874 3565 941 συναντᾷν
3602 870 3677 938 τῷ

2120 969 2316 1031 Ἠσαῦ,
2343 969 2702 1038 παρεμϐολὴν
2742 967 2992 1034 ἀγγέλων
3019 968 3120 1036 ὁρᾷ
3162 967 3238 1028 ὡς
3269 957 3519 1018 ἐντεῦθεν
3549 963 3680 1032 θαρ-

2117 1067 2233 1133 ρεῖν
2261 1062 2356 1116 καὶ
2383 1063 2458 1130 μὴ
2487 1061 2612 1122 τοὺς
2647 1060 2906 1120 συνόντας
2935 1057 3013 1128 τῷ
3055 1058 3226 1110 Ἦσαῦ
3254 1056 3510 1108 δεδιέναι.

405 1164 498 1230 ⁶ηεξ
521 1157 626 1202 tam
669 1150 762 1204 Dei
795 1168 955 1221 quam
989 1151 1537 1222 beneficiorumlejus,
1580 1158 1834 1217 tanquam
1871 1150 2090 1220 ingrati,
2120 1153 2597 1207 obliviscerentur.
2634 1151 2782 1204 Idem
2814 1148 3053 1204 lacubus
3085 1164 3113 1201 a
3137 1147 3354 1202 Labant:
3377 1146 3676 1202 discedens.

426 1253 484 1298 ct
540 1245 763 1312 janijam
802 1249 940 1301 Esao
980 1249 1130 1302 fratri
1191 1264 1564 1312 occursurus,
1613 1245 1928 1316 angelorum
1979 1259 2159 1304 castra
2216 1250 2500 1320 conspicit,
2555 1258 2615 1302 ut
2658 1262 2724 1301 ex
2776 1247 2878 1300 hac
2938 1261 2996 1299 re
3058 1243 3312 1300 ﬁduciam
3365 1245 3676 1312 conciperet

429 1357 531 1398 nec
571 1341 928 1396 advenientes
953 1361 1077 1398 cum
1117 1346 1256 1399 Esao
1293 1346 1630 1398 formidaret.

505 1435 576 1488 De
611 1433 831 1488 Labanc
868 1437 1181 1505 accepimus
1209 1453 1334 1492 eum
1366 1439 1435 1495 ’ΞΟ
1477 1440 1635 1496 anuis
1670 1444 1877 1496 exactis
1912 1439 2002 1496 Ja-

431 1527 569 1580 cobo
599 1526 916 1595 pollicitum,
953 1543 1013 1581 se
1051 1529 1328 1583 hominem
1367 1531 1489 1584 data
1529 1534 1780 1587 mercede
1808 1533 2003 1586 dimis-

2197 1444 2257 1498 '0
2304 1443 2491 1498 Λάϐαν
2552 1443 2690 1511 μετὰ
2735 1443 2835 1511 τὴν
2887 1439 3286 1509 συμπλήρωσιν
3345 1435 3456 1488 τῶν
3512 1435 3677 1488 εἴκοσι

2112 1536 2399 1601 ἐνιαυτῶν,
2438 1535 2764 1603 ὑποσχεθεὶς
2815 1531 3134 1585 ἀποστεῖλαι
3181 1530 3271 1582 τὸν
3327 1527 3521 1581 Ἰακὼϐ
3553 1530 3677 1596 μετὰ

432 1633 617 1672 surum
654 1637 668 1685 ;
702 1618 898 1672 deinde
932 1622 1292 1688 quorumdam
1318 1624 1608 1676 calumniis
1660 1624 2003 1677 immutatum

2124 1625 2332 1698 μισθοῦ,
2372 1626 2728 1685 ἀνεϐάλλετο,
2770 1622 2876 1675 ὑπό
2907 1639 3072 1674 τινων
3107 1618 3468 1689 μεταϐληθείς
3491 1633 3504 1647 ·
3538 1613 3675 1684 seu}.

435 1711 490 1763 in
528 1710 645 1764 dies
681 1727 793 1762 rem
827 1713 1154 1767 extruxisse.
1207 1714 1551 1784 Quapropter
1580 1725 1636 1769 et
1691 1715 1840 1768 Liam
1899 1713 2009 1768 Ra—

432 1803 756 1871 chclcmque
793 1803 1029 1858 Jacobu-s
1062 1804 1118 1857 in
1151 1805 1298 1860 hunc
1328 1807 1545 1859 modum
1569 1807 1837 1861 allocutus
1876 1816 1960 1861 est
1992 1824 2006 1860 :

440 1895 646 1949 «Video
679 1911 778 1964 ego
814 1911 922 1947 non
952 1911 1079 1949 esse
1127 1897 1381 1950 eumdem
1432 1899 1598 1950 vestri
1641 1902 1810 1967 patris
1836 1899 1888 1951 in
1922 1915 2006 1966 me

437 1989 674 2049 vultum,
709 1987 796 2055 qui
834 1996 949 2039 erat
981 1988 1100 2040 heri
1157 2003 1220 2044 ac
1277 1989 1681 2043 nudiustertius
1722 2008 1734 2042 :
1771 2000 1824 2044 at
1861 1991 2007 2044 enim

434 2077 698 2132 hactenus
735 2064 968 2148 patrium
1000 2081 1130 2132 mihi
1162 2079 1328 2133 Deum
1359 2093 1684 2148 prazsentem
1717 2082 2003 2136 habui".i

432 2171 588 2235 Quod
625 2186 755 2223 sane
781 2171 1036 2238 deinceps
1098 2171 1304 2226 clarius
1355 2172 1796 2228 animadvertere
1857 2184 2012 2244 pote.

433 2270 572 2314 rant.
619 2262 748 2313 Nam
780 2261 1056 2316 Labanem
1090 2263 1232 2317 Deus
1277 2262 1537 2317 Jacobum
1583 2277 2008 2335 persequentem

435 2363 596 2407 noctu
655 2369 751 2420 per
817 2353 1090 2406 somnium
1150 2369 1490 2426 aggressus:
1536 2357 1748 2420 (Cave,
1803 2347 1999 2425 inquit,

435 2461 557 2498 cum
593 2443 799 2497 Jacobo
859 2446 1053 2500 durius
1079 2446 1322 2517 agas“.i
1377 2448 1629 2519 Magnum
1662 2460 1810 2503 certe
1854 2449 2012 2519 139

433 2537 690 2605 quiddam
722 2546 806 2590 est
839 2549 1162 2605 praesentem
1203 2540 1405 2593 alicubi
1451 2541 1628 2595 virum
1673 2543 1883 2610 justum
1919 2544 2014 2596 ha-

438 2632 586 2688 lcre,
618 2631 1077 2696 quemadmodum
1116 2646 1181 2684 ex
1207 2631 1396 2687 Jacobi
1426 2634 1491 2687 ad
1523 2633 1802 2690 Labanem
1832 2635 2014 2691 verbis

436 2718 588 2771 hisce
616 2719 900 2786 perspicue
927 2719 1150 2790 intelligi
1177 2731 1353 2790 potest
1385 2740 1399 2776 :
1439 2741 1460 2778 ι,
1495 2723 1636 2777 Deus
1666 2733 1717 2778 te
1755 2741 1841 2778 me
1873 2741 2013 2794 prae-

436 2819 591 2864 sente
620 2811 848 2864 beavit.»
895 2810 1136 2866 Uxorum
1179 2815 1405 2868 nomine
1467 2815 1531 2869 ad
1585 2815 1862 2869 Labanem
1912 2817 2015 2869 hac

438 2902 514 2954 uti
556 2903 882 2972 purgatione
914 2913 1124 2971 poterat
1155 2924 1167 2959 :
1207 2919 1316 2958 non
1346 2921 1446 2976 ego
1468 2947 1482 2966 .
1513 2907 1608 2960 sed
1647 2905 1844 2961 insitus
1875 2922 2016 2976 nup-

2113 1717 2364 1786 καὶπρὸς
2419 1716 2585 1769 Λείαν
2614 1716 2706 1767 καὶ
2757 1713 2960 1782 Ῥαχὴλ
3011 1712 3171 1779 ἔφηὸ
3226 1708 3454 1762 Ἰακώϐ·
3502 1707 3677 1775 «Ὀρὼ

2112 1808 2222 1876 ἁγὼ
2271 1809 2332 1860 τὸ
2375 1807 2668 1875 πρόσωπον
2714 1804 2811 1857 τοῦ
2864 1802 3068 1871 πατρὸς
3106 1800 3260 1868 ὑμῶν
3299 1801 3380 1852 ὃτι
3427 1799 3526 1850 οὐκ
3569 1799 3672 1851 ἐστι

2113 1898 2252 1969 πρός
2290 1914 2354 1958 με
2387 1896 2460 1955 ὡς
2512 1895 2637 1963 χθὲς
2687 1895 2782 1947 καὶ
2831 1893 3020 1962 τρίτην
3047 1891 3305 1962 ἡμέραν.
3362 1891 3423 1942 '0
3469 1889 3524 1940 δὲ
3557 1890 3673 1950 Θεὸς

2111 1991 2202 2042 τοῦ
2237 1989 2443 2058 πατρός
2483 2005 2583 2054 μου
2615 1982 2684 2055 ἦν
2720 1981 3026 2055 μετ’-ἐμοῦ.
3065 2002 3084 2033 ι
3121 1984 3232 2036 Καὶ
3260 1982 3440 2050 ἓδῆ).ον
3491 1983 3571 2034 ὅτι
3605 1980 3673 2048 τῷ

2113 2081 2301 2136 Δάϐαν
2338 2080 2736 2133 καταδιώκοντι
2774 2079 2868 2128 τὸν
2922 2075 3118 2129 Ἰακὼϐ
3168 2075 3371 2141 ὲπέστη
3423 2075 3554 2143 ὄναρ
3597 2074 3673 2124 λέ.

2112 2191 2260 2244 γων·
2305 2193 2324 2224 ι
2366 2170 2608 2236 Φύλαξον
2654 2171 2878 2223 σεαυτὸν
2916 2170 3123 2238 μήποτε
3167 2166 3399 2234 λαλῆσαι
3437 2168 3569 2235 μετὰ
3594 2165 3670 2218 τοῦ

2127 2266 2322 2320 Ἰακὼϐ
2384 2264 2618 2332 πονηρά.
2662 2282 2680 2315 ι
2743 2262 2902 2327 Μέγα
2950 2261 3142 2329 ὄφελος
3207 2262 3240 2330 ἡ
3293 2261 3502 2312 δικαίου
3547 2259 3670 2320 τινος

2115 2358 2418 2428 παρουσία..
2469 2357 2579 2407 Καὶ
2624 2355 2782 2423 δῆλον
2811 2354 2867 2419 ἐξ
2900 2346 2974 2407 ὧν
3005 2355 3031 2406 ὁ
3073 2352 3268 2405 Ἰακὼϐ
3317 2353 3458 2420 πρὸς
3508 2351 3688 2413 Λάϐαν,

2117 2451 2303 2514 ἔλεγεν
2331 2467 2344 2480 ·
2393 2467 2412 2499 ι
2461 2446 2737 2513 Εὑλόγησέ
2773 2463 2830 2497 σε
2866 2447 2894 2497 6
2925 2445 3055 2507 Θεὸς
3103 2445 3194 2497 ἐπὶ
3227 2443 3304 2512 τῷ
3341 2443 3464 2495 ποδί
3507 2459 3617 2510 μου.
3648 2459 3662 2490 ι

2128 2543 2289 2596 Ἀλλὰ
2332 2542 2442 2594 τῶν
2485 2541 2764 2607 γυναικῶν
2801 2537 2969 2592 αὑτοῦ
3017 2537 3182 2590 ’ἑνεκα
3209 2535 3470 2602 τοιαύτην
3517 2534 3664 2585 ἐποίει

2117 2637 2252 2707 πρὸς
2281 2636 2440 2689 αὐτὸν
2487 2633 2784 2700 ἀπολογίαν
2805 2648 2819 2662 ο
2853 2631 2967 2684 Οὐκ
3003 2631 3133 2696 ἐγὼ,
3171 2628 3231 2680 τὸ
3258 2628 3314 2678 δὲ
3341 2626 3542 2694 προσὸν
3568 2624 3670 2691 φίλ-

2118 2746 2246 2798 τρον
2291 2730 2410 2790 ταῖς
2468 2726 2738 2794 γαμεταῖς
2785 2722 3001 2790 γυναιξὶ
3055 2721 3388 2788 παρέπεισεν
3417 2718 3580 2778 αὐτὰς
3618 2718 3669 2767 ἐκ

2119 2818 2220 2886 τ’ἧς
2243 2817 2422 2870 αὐτῶν
2449 2816 2657 2883 ἀπᾶραι
2688 2813 2814 2883 γῆς.
2848 2815 3001 2868 Κατὰ
3032 2813 3218 2881 μέντοι
3247 2810 3338 2860 τὸν
3369 2807 3670 2877 Γεὼργιονό

2132 2909 2328 2964 Ἰακὼϐ
2368 2910 2730 2978 ἀνερχόμενος
2759 2906 2866 2959 ἀπὸ
2895 2904 2988 2956 τοῦ
3029 2903 3216 2957 Λάϐαν
3245 2898 3352 2953 εἶδε
3387 2900 3668 2967 πάλινὸρα-

441 2992 510 3046 tis
546 3009 667 3062 erga
698 2996 948 3046 maritum
979 3009 1140 3048 amor
1163 2995 1242 3049 eis
1275 2995 1544 3064 persuasit
1573 3004 1630 3048 ut
1683 3005 1883 3050 tetram
1918 3013 2011 3067 pa-

2124 3021 2207 3058 σιν
2252 3007 2308 3056 ὲν
2340 3003 2537 3070 Βεθὴλ,
2570 3003 2667 3053 καὶ
2702 3001 2884 3053 πάντα
2933 2994 3357 3055 ἁποδεκατώσας
3402 2991 3540 3059 ἅπερ
3580 2987 3670 3040 ἐκέ-

437 3085 596 3138 triam
621 3086 1016 3154 relinquerent.
1045 3087 1311 3157 Georgius
1336 3090 1612 3153 memoriae
1641 3090 1820 3156 prodit
1850 3090 2013 3145 Jaco-

436 3178 506 3229 bo
531 3193 558 3228 a
594 3176 810 3229 Labaue
845 3179 1090 3231 redeunti
1131 3196 1353 3232 rursum
1385 3181 1611 3236 Bethele
1645 3183 1820 3236 visum
1843 3185 2016 3252 quod-

435 3266 558 3318 dam
593 3268 835 3321 oblatum
888 3265 1098 3333 fuisse;
1160 3285 1398 3338 cumque
1445 3273 1710 3328 decumas
1771 3275 2013 3328 omnium

435 3357 706 3412 bonorum
727 3376 951 3413 suorum
985 3362 1273 3425 exhiberet
1305 3363 1434 3426 Deo,
1478 3365 1697 3419 tandem
1730 3375 1783 3419 et
1814 3368 2016 3420 liberos

437 3451 659 3503 stitisse.
697 3451 809 3505 llos
839 3468 970 3506 vero
1007 3465 1407 3516 tinnierantem,
1456 3471 1485 3509 a
1519 3456 1839 3526 Benjamine
1873 3459 2017 3512 facto

438 3543 556 3595 vice
591 3559 742 3595 versa
765 3543 922 3596 initio
946 3545 1292 3614 delatumque
1313 3547 1379 3601 ad
1405 3547 1656 3615 Levium,
1691 3553 1836 3620 quod
1863 3552 2014 3606 illum

441 3634 743 3686 invenisset
769 3634 1068 3702 det‘illllllll,
1092 3638 1200 3691 Deo
1232 3651 1374 3695 recta
1414 3656 1539 3695 eum
1576 3644 1861 3709 obtulisse,
1892 3661 2016 3713 per-

439 3726 637 3778 solutis
677 3726 778 3779 hoc
836 3729 999 3781 modo
1045 3719 1292 3784 decumis
1343 3736 1587 3788 omnium
1628 3751 1749 3804 quae
1780 3738 2016 3792 antehac

439 3828 766 3872 consecutus
791 3828 930 3873 erat.
988 3820 1165 3890 Atque
1193 3822 1295 3876 hoc
1324 3838 1455 3876 sane
1483 3822 1745 3879 Jacobuin
1787 3825 1904 3880 vult
1949 3841 2034 3881 ex"

437 3917 565 3961 voto
604 3908 653 3961 id
691 3911 956 3979 temporis
986 3923 1250 3981 concepto
1285 3914 1504 3980 fecisse,
1548 3932 1673 3969 cum
1703 3915 1888 3988 fugam
1923 3936 2013 3972 ar-

439 4004 665 4072 riperet,
703 4022 765 4060 ac
803 4009 982 4060 verbis
1038 4009 1189 4062 hisce
1223 4010 1392 4062 Deum
1429 4011 1783 4081 compellaret
1814 4030 1826 4066 :
1878 4033 1894 4064 ι
1939 4015 2015 4068 De

439 4095 651 4146 cunctis
711 4096 897 4161 rebus,
954 4114 1089 4164 quas
1142 4099 1273 4151 mihi
1310 4101 1544 4163 dederis,
1595 4103 1854 4158 decumas
1918 4108 2011 4158 til'i

440 4185 875 4260 persolvanr”.r
913 4188 1024 4241 Hoc
1056 4190 1217 4241 modo
1252 4206 1373 4242 cum
1424 4192 1648 4247 Levium
1683 4198 2007 4251 sacerdotali

2125 3113 2330 3164 κτητο,
2375 3094 2722 3156 τελευταίους
2788 3091 3080 3144 ὑποϐάλλει
3133 3087 3258 3147 τοὺς
3318 3085 3538 3144 παῖδας.
3584 3080 3670 3132 Kal

2123 3185 2439 3258 ἀριθμήσας
2484 3187 2683 3247 αὐτοὺς
2735 3186 2840 3236 ἁπδ
2904 3183 2998 3235 τοῦ
3071 3179 3334 3246 Βενιαμὶν
3395 3175 3667 3246 ἀρξάμενος

2122 3279 2414 3336 ἀνάπαλιν.
2459 3278 2553 3330 καὶ
2605 3277 2696 3328 ἐπὶ
2746 3276 2836 3327 τὸν
2893 3273 3023 3327 Λευῖ
3067 3271 3257 3333 ἐλθὼν,
3311 3268 3432 3320 ἐπεὶ
3479 3264 3668 3317 δέκατον

2127 3367 2286 3442 εὗρεν
2313 3371 2498 3434 αὑτὸν,
2521 3370 2596 3438 τῷ
2628 3368 2746 3438 Θεῷ
2775 3369 2966 3421 τοῦτον
3014 3366 3388 3437 προσήγαγεν,
3432 3358 3667 3412 ἀποδεκα-

2122 3464 2301 3526 τώσας
2355 3465 2448 3514 καὶ
2497 3464 2676 3514 πάντα
2715 3463 2816 3514 ὅσα
2861 3460 3071 3526 φθάσας
3112 3457 3404 3523 ἐκτήσατο,
3453 3450 3582 3504 καθὰ
3616 3447 3666 3498 δί·

2115 3560 2208 3611 καὶ
2239 3547 2716 3625 πρόὓποοχόμενος
2750 3550 2870 3605 εἷπε
2915 3552 2992 3620 τῷ
3029 3549 3148 3619 Θεῷ
3191 3552 3248 3600 ὲν
3289 3547 3368 3614 τῷ
3407 3538 3664 3608 ἀποδιδρὰ-

2119 3667 2304 3702 σκειν·
2359 3667 2376 3699 ι
2438 3649 2620 3700 Πάντα
2663 3649 2763 3699 ὅσα
2804 3645 2868 3698 ἄν
2913 3662 3000 3711 μοι
3027 3642 3153 3710 δῷς,
3182 3640 3387 3710 δεκάτῃ
3429 3634 3664 3688 ἀποδεκα-

2118 3741 2278 3793 τώσω
2309 3742 2446 3793 αὐτά
2490 3757 2592 3794 σοι.
2631 3759 2648 3789 ›
2681 3739 2788 3793 Καὶ
2826 3738 2986 3798 εὐθὺς
3030 3735 3252 3794 suasca;
3281 3732 3372 3782 τὸν
3410 3726 3544 3782 Λευῒ
3569 3738 3664 3774 στο-

2121 3833 2220 3901 λὴν
2271 3833 2592 3902 ἱερατικὴν,
2639 3830 2706 3884 δι’
2768 3829 2936 3881 αὐτοῦ
2995 3827 3185 3886 Θυσίας
3229 3824 3307 3892 τῷ
3349 3823 3468 3890 Θεῷ
3524 3828 3667 3883 πρασ-

2125 3925 2357 3994 ήνεγκεν
2389 3925 2446 3975 ὲν
2481 3923 2677 3990 Βεθήλ.
2719 3919 3034 3974 Κὰπντεῦϐεν
3077 3919 3126 3970 οἱ
3183 3917 3283 3985 μὲν
3324 3914 3422 3982 τῆς
3461 3905 3663 3994 παλαιίέ

2121 4015 2343 4068 Λευῖται
2395 4015 2670 4083 λέγονται,
2724 4015 2772 4064 οἱ
2821 4012 2875 4063 δὲ
2904 4011 3002 4078 τῆς
3039 4010 3164 4069 νέας
3216 4003 3464 4074 κληρικοὶ
3509 3997 3589 4052 διὰ
3614 3993 3662 4044 τδ

2115 4107 2424 4177 γεγράφθαι
2522 4123 2539 4155 ι
2579 4107 2692 4158 Οὐκ
2741 4104 2893 4157 ἔσται
2940 4103 3052 4162 τοῖς
3096 4100 3349 4158 Λευΐταις
3383 4094 3567 4160 κλῆρος
3595 4089 3641 4137 ἓν

2116 4202 2253 4262 υἱοῖς
2271 4199 2488 4267 Ἰσραήλ
2507 4216 2519 4228 ο
2542 4201 2568 4248 6
2590 4198 2699 4266 γὰρ
2721 4195 2919 4264 Κύριος
2955 4192 3110 4262 μερὶς
3133 4191 3308 4243 αὐτῶν
3333 4189 3430 4241 καὶ
3447 4184 3658 4250 κλῆρος.»

439 4291 591 4332 veste
625 4281 912 4344 ἰιιάυἰδεειι,
973 4285 1091 4351 ejus
1149 4302 1308 4354 opera
1348 4288 1566 4344 Bcthelc
1599 4291 1708 4344 Deo
1748 4308 1860 4346 rem
1894 4311 2104 4355 sacram
2142 4297 2284 4350 fecit.
2332 4295 2466 4350 llinc
2497 4305 2676 4347 ortum
2718 4304 2773 4346 ut
2804 4289 3113 4345 sacerdotes
3173 4287 3250 4339 illi
3285 4283 3443 4354 prisci
3480 4278 3672 4340 fcedcriS_

443 4370 641 4431 Levita:
710 4385 1055 4440 vocarentur,
1097 4394 1219 4429 cum
1260 4381 1380 4432 novi
1429 4382 1658 4436 clericos
1691 4386 2047 4451 appellemus,
2083 4389 2473 4442 illosacrarum
2518 4386 2847 4440 Litterarum
2879 4382 3058 4436 verbo
3079 4377 3305 4448 permoti
3346 4393 3360 4428 :

3406 4392 3423 4424 ι
3459 4369 3563 4423 Non
3587 4368 3662 4418 Ita-

443 4467 648 4524 iebunt
678 4468 876 4524 Levita:
900 4471 1126 4535 clerum,
1188 4473 1240 4525 id
1265 4484 1345 4526 est
1378 4486 1601 4536 sortem,
1641 4480 1781 4532 inter
1837 4483 2113 4538 ls:-aelicos
2144 4501 2154 4534 :
2191 4499 2310 4547 nam
2351 4483 2610 4536 Dominus
2670 4489 2793 4549 pars
2828 4488 2882 4533 et
2928 4493 3048 4532 sors
3075 4490 3262 4529 eorum
3297 4468 3486 4525 est“.l

513 4586 785 4640 Caeterum
817 4588 869 4640 in
904 4588 1130 4642 historia
1169 4588 1406 4655 Mosaica
1472 4593 1777 4660 reperimus
1816 4597 2016 4649 Esanm

441 4691 497 4733 et
522 4679 784 4733 Jacobum
820 4681 960 4734 inter
992 4697 1050 4734 se
1113 4682 1504 4737 reconciliatos
1542 4699 1685 4738 esse.
1745 4685 2018 4755 Joscphus

441 4781 626 4824 autem
667 4771 796 4824 huic
827 4772 1128 4826 narrationi
1157 4775 1264 4826 tale
1297 4775 1556 4841 quiddam
1588 4776 1810 4843 adjecit.
1872 4780 2021 4835 Isaa—

443 4883 563 4929 cus,
595 4868 793 4935 inquit,
821 4869 1035 4922 \i'vendi
1065 4871 1222 4922 linem
1253 4869 1494 4926 facturus
1525 4871 1592 4924 de
1615 4872 2018 4941 reconcilianda

445 4961 616 5026 gratia
649 4959 799 5013 inter
828 4958 1026 5013 Esaqu
1085 4973 1140 5014 et
1171 4959 1436 5014 Jacobuni
1471 4962 1598 5030 egit.
1665 4962 1799 5020 Cum
1837 4973 2016 5017 autem

446 5052 609 5103 rebus
636 5051 890 5106 humanis
918 5063 1208 5121 exemptus
1239 5063 1406 5117 esset,
1435 5053 1604 5109 Esaus
1635 5054 1897 5108 Jacobum
1932 5057 2020 5106 ni-

445 5143 556 5195 hilo
585 5143 764 5196 secius
799 5146 1272 5213 persequebatur;
1336 5149 1426 5213 qui
1480 5151 1671 5201 urbeiu
1723 5147 2017 5215 quamdam

447 5215 728 5303 ingressus
759 5247 814 5289 et
846 5237 1060 5290 sublimi
1101 5237 1166 5289 de
1198 5239 1320 5292 loco
1360 5249 1723 5308 prospectans
1760 5247 2022 5307 paternas

445 5326 849 5382 admonitiones
874 5329 1080 5384 homini
1108 5330 1174 5383 ad
1190 5331 1430 5388 animum
1462 5332 1768 5385 revocabat.
1805 5330 1873 5382 lis
1898 5344 2020 5383 cum

456 5417 592 5470 nihil
623 5420 762 5486 apud
801 5422 973 5488 ipsum
1007 5424 1316 5491 proﬁceret,
1349 5433 1610 5476 contento
1635 5439 1762 5474 areu
1799 5422 2020 5475 fratrem

455 5513 480 5561 Ι·
506 5523 659 5563 saum
691 5512 742 5564 in
777 5526 997 5581 pectore
1032 5514 1095 5566 ad
1119 5516 1410 5568 mmnillam
1448 5515 1591 5569 ferit.
1647 5516 1800 5567 Tunc
1847 5513 2022 5568 isaaci

2203 4601 2312 4651 Καὶ
2364 4597 2506 4650 κατὰ
2560 4597 2658 4665 μὲν
2710 4596 2807 4664 τὴν
2841 4591 2934 4646 τοῦ
2990 4589 3235 4648 Μωσέως
3271 4585 3505 4657 ἱστορίαν
3551 4579 3574 4629 ὅ

2144 4689 2309 4742 Ἠσαῦ
2345 4689 2436 4741 καὶ
2481 4663 2678 4740 Ίαιιὼϐ
2709 4663 2847 4754 πρὸς
2883 4682 3146 4751 ἀλλήλους
3192 4678 3538 4731 ἐσπείσαντο·
3573 4663 3656 4717 ὒδέ

2142 4783 2402 4849 Ἰώσηπος
2433 4781 2496 4846 τῇ
2535 4779 2662 4847 περὶ
2699 4777 2902 4828 τούτων
2936 4772 3149 4840 ἱστορίᾳ
3184 4773 3278 4823 καὶ
3310 4768 3434 4824 τάδε
3467 4755 3655 4832 προστί-

2131 4873 2312 4938 Θησιν.
2359 4871 2417 4924 Ὀ
2463 4869 2648 4922 Ἰσαὰκ
2703 4865 2972 4919 τελευτῶν
3025 4865 3151 4929 περὶ
3182 4861 3430 4929 ὁμονοίας
3474 4852 3541 4920 τῷ
3577 4850 3656 4899 Ἰν

2133 4963 2250 5017 κὼϐ
2282 4965 2376 5016 καὶ
2397 4963 2472 5032 τῷ
2507 4960 2681 5014 Ἡσαῦ
2719 4959 2980 5026 ὡμίλησε.
3015 4957 3219 5006 Τούτου
3263 4952 3317 5002 δὲ
3351 4944 3656 5009 τ-ελευτήσαν’

2130 5076 2221 5120 τος
2249 5059 2274 5109 6
2321 5056 2490 5108 Ἡσαῦ
2525 5055 2713 5106 ἐδίωκε
2742 5051 2832 5102 τὸν
2870 5047 3083 5110 Ἰακὼϐ.
3121 5041 3388 5096 Εἰσελθὼν
3417 5040 3467 5090 δὲ
3495 5038 3545 5086 ἐν
3573 5043 3655 5080 τινι

2133 5147 2286 5198 πόλει
2314 5138 2488 5208 οὗτος,
2535 5143 2630 5195 καὶ
2665 5137 3001 5208 παρακύψας
3033 5135 3260 5196 ἄνωθεν,
3291 5129 3653 5208 ὁινεμίμνησκέν

2132 5237 2293 5287 αὑτὸν
2319 5235 2428 5287 τῶν
2473 5231 2754 5299 πατρικῶν
2794 5225 3198 5298 παραγγελιῶν.
3245 5225 3302 5275 ’0
3343 5219 3386 5274 δ’
3425 5219 3512 5270 οὐκ
3539 5206 3652 5302 ἐπεξ

2133 5330 2277 5378 (iam.
2308 5326 2414 5377 Καὶ
2442 5325 2624 5385 τείνας
2655 5320 2808 5385 τόξον
2847 5319 3037 5372 ἔϐαλλε
3083 5319 3173 5370 τὸν
3219 5312 3388 5366 Ἠσαῦ
3434 5304 3554 5360 κατὰ
3581 5311 3650 5348 του

2137 5419 2330 5486 μαζοῦ.
2362 5419 2499 5470 Τότε
2529 5416 2622 5468 οὖν
2641 5413 2933 5483 ἐπληρώθη
2961 5414 2992 5480 ἡ
3021 5411 3116 5462 τοῦ
3153 5408 3333 5460 Ἰσαὰκ
3359 5405 3668 5486 προφητειξιἸ

2139 5531 2154 5562 ι
2180 5512 2374 5564 ἸΙ-λίκα
2507 5508 2741 5579 καθέλῃς
2772 5497 3064 5570 τδν¹ζυγὸν
3093 5501 3186 5552 τοῦ
3237 5495 3453 5565 ἁδελφοῦ
3498 5503 3574 5539 σου
3599 5482 3646 5528 ἐκ

519 5668 561 5699 ⁸³
610 5670 742 5724 Gen.
778 5687 924 5739 XXXI,
1094 5671 1136 5699 “
1178 5669 1308 5721 ibid.
1337 5669 1422 5721 2i.
1519 5671 1558 5699 ⁵⁵
1596 5670 1730 5724 (lbn.
1776 5683 1960 5735 xxvtn,
2000 5672 2011 5719 ε

2169 5667 2210 5695 δί’
2247 5665 2403 5719 ilcul.
2439 5682 2488 5729 ιι,
2532 5667 2582 5716 1).
