3862 6228
180 237 271 304 277

1377 235 1781 307 ANMLIUM
1824 249 2017 312 mas
2060 214 2148 314 tt:

3273 263 3386 322 Ε.νὸ

177 364 260 418 Sed
304 353 506 416 rulium
567 355 635 412 ab
699 371 765 412 eo
817 355 1013 421 Deum,
1073 373 1234 428 quem
1300 359 1566 428 ejusmodi
1620 361 2192 436 habitu-conspexerit
2233 383 2290 421 se
2326 383 2514 427 eontra
2560 373 2754 431 Persas
2792 373 3137 447 instigantem
3194 387 3249 430 et
3280 355 3418 430 ani-

179 468 410 510 matt'em.
439 451 584 504 lianc
615 450 684 505 ob
712 465 929 506 causam
957 451 1064 506 Deo
1096 467 1312 522 quoque
1340 469 1452 506 rem
1495 469 1709 508 sacram
1752 455 2140 528 Hierosolymis
2169 463 2316 517 fecit.

237 543 393 608 Οὗτος
424 545 521 616 μὲν
564 542 660 598 οῦν
697 547 792 598 καὶ
839 549 986 601 πάνυ
1032 546 1213 614 σοφῶς
1251 547 1346 601 καὶ
1398 547 1719 617 εὐμηχάνως

1895 555 2084 622 itaque
2114 554 2370 624 deinceps
2417 560 2715 626 prudenter
2741 561 3035 617 admodum
3079 577 3143 616 ac
3170 562 3413 617 solerter

177 639 432 708 ἐχειροῦτο
460 640 524 693 τὰ
568 637 782 692 πάντα·
817 640 1236 709 μετενευόμενος
1282 640 1391 708 γὰρ
1432 641 1719 710 εἰσήρχετο

174 731 449 801 πανταχοῦ,
487 730 576 782 καὶ
619 730 1048 784 κατασκοπεύων
1097 730 1266 793 οὕτως
1321 732 1494 786 ὲνίκα.
1554 732 1724 784 Τοῦτο

179 825 304 874 ποιεί
333 823 425 874 καὶ
457 821 548 873 ἐπὶ
568 824 636 892 τῇ
667 823 810 891 χήρα
840 821 1121 890 Κανδάκῃ.
1161 822 1299 874 Ἀλλ’
1332 822 1473 876 ἑάλω
1492 839 1506 854 ·
1536 821 1722 893 ἐκείνη

177 915 271 982 γὰρ
290 912 354 966 τὰ
397 914 714 982 συστήματα
747 911 912 966 αὑτοῦ
949 914 1197 983 μαθοῦσα
1241 909 1328 984 (ἦν
1369 916 1477 984 γὰρ
1507 915 1596 967 τὸν
1628 915 1722 982 μὲν

176 1007 270 1060 τῶν
289 1005 582 1075 ’ὀφθαλμῶν
613 1005 875 1074 γλαυκὸς,
896 1006 988 1059 τὸν
1018 1006 1072 1059 δὲ
1107 1005 1294 1076 μέλας)
1330 1006 1446 1075 ἃμα
1476 1006 1554 1071 τῷ
1598 1007 1726 1060 ἰδεῖν

179 1100 320 1152 αὐτὸν
348 1092 465 1150 εἷπε
481 1112 496 1128 ·
524 1118 542 1148 ι
575 1096 803 1150 Βασιλεῦ
823 1097 1158 1166 ’Λλέξανδρε,
1183 1097 1272 1148 τὸν
1294 1095 1497 1163 κόσμον
1513 1097 1722 1160 ἔλαῦες,

178 1195 261 1246 καὶ
301 1191 429 1260 γυνή
472 1207 530 1242 σε
571 1183 904 1261 παρέλαϐεν.
939 1208 956 1240 ι
993 1191 1097 1243 Ἠν
1131 1189 1224 1243 καὶ
1272 1189 1455 1243 λαϐὼν
1499 1192 1578 1252 είς
1621 1207 1724 1249 γυο

179 1288 336 1348 ναῖκα,
367 1285 460 1338 καὶ
493 1287 571 1347 είς
595 1284 872 1350 Αἴγυπτον
901 1281 1176 1347 ἀπελθὼν,
1215 1284 1311 1336 καὶ
1350 1284 1446 1353 τὴν
1480 1282 1725 1350 μεγάλην

189 1377 573 1446 Ἀλεξίνδρειαν
602 1377 816 1440 κτίσας,
876 1377 972 1430 καὶ
1023 1377 1370 1446 ὑποστρέψας
1417 1378 1497 1439 είς
1548 1377 1725 1429 Βαϐυ-

180 1469 326 1532 λῶνα,
353 1469 576 1538 τελευτᾷ
608 1468 746 1521 ἑτῶν
772 1467 872 1536 λβ¹,
908 1469 1118 1522 δώδεκα
1146 1469 1238 1522 καὶ
1277 1470 1411 1537 μόνα
1439 1471 1726 1538 κρατήσας

131 1610 134 1621 ,
178 1563 282 1629 ἔτη,
310 1560 721 1630 φρονιμώτατος
770 1561 989 1614 πάντων
1043 1561 1138 1612 καὶ
1201 1561 1597 1630 ἀνδρειότατος.
1630 1560 1728 1613 Διά

179 1652 271 1720 γὰρ
305 1650 458 1703 τοῦτο
510 1651 604 1702 καὶ
638 1651 848 1719 πτηνὴν
879 1651 1044 1704 αὑτὸν
1093 1650 1358 1720 πάρδαλιν
1387 1652 1414 1702 ὁ
1443 1651 1726 1719 προφήτης

180 1742 396 1810 προεῖδε,
435 1741 496 1793 τὸ
530 1741 784 1810 ῥαγδαῖον
814 1741 975 1794 αὐτοῦ
1005 1743 1098 1794 καὶ
1135 1741 1226 1807 ὀξὺ
1265 1741 1589 1810 παριστῶσα
1632 1740 1728 1793 καὶ

179 1835 230 1888 τὸ
251 1835 396 1902 ἄφνω
442 1835 735 1904 διαπτῆναι
789 1835 925 1904 μετὰ
947 1834 1224 1904 τροπαίων
1250 1834 1347 1903 τὴν
1375 1835 1725 1902 οἰκουμένην.

179 1931 389 1995 Λέγεται
420 1928 474 1981 δὲ
511 1929 593 1981 ὅτι
633 1929 728 1980 καὶ
758 1926 1050 1993 φιλοσόφου
1092 1924 1239 1987 τινος
1287 1925 1520 1994 ἦκουσεν
1551 1924 1729 1976 είπόψ

178 2037 256 2082 τος
302 2019 562 2087 ἀπείρους
619 2011 760 2068 εἶναι
819 2018 1078 2085 κόσμους,
1126 2015 1221 2068 καὶ
1282 2015 1423 2082 μέγα
1475 2013 1736 2077 στενάξας

185 2113 276 2179 ἔφη
298 2126 311 2139 ·
341 2109 655 2178 «Ἃπείρων
696 2108 866 2160 ὄντων
918 2105 1140 2177 μηδενὸς
1165 2103 1276 2172 ἐγὼ
1324 2104 1663 2174 κεκράτηκα,
1712 2122 1729 2154 ι

193 2204 334 2274 Ἆλλά
383 2201 475 2255 καὶ
534 2203 625 2253 ἐπὶ
665 2199 986 2270 σωφροσύνῃ
1046 2198 1423 2266 ἐθαυμάζετο·
1481 2197 1578 2258 τὰς
1629 2198 1738 2264 γάρ

182 2295 382 2366 Δαρείου
451 2293 766 2361 θυγατέρας
824 2288 1209 2360 αἰχμαλώτους
1273 2287 1557 2359 κρατήσας
1615 2287 1736 2339 οὐδὲ

183 2389 292 2441 ίδεῖν
347 2386 633 2456 ἠνέσχετο,
695 2384 940 2452 ἀπρεπὲς
999 2380 1136 2435 εἶναι
1189 2381 1360 2433 εἰπὼν
1409 2381 1498 2432 τὸν
1537 2379 1734 2448 ἄνδρας

185 2481 514 2548 κρατήσαντα
561 2475 667 2530 ὑπὸ
724 2475 1004 2544 γυναικῶν
1049 2473 1410 2544 κρατηθῆναι.
1459 2473 1733 2534 Ὡσαύτως

181 2573 342 2625 δὲκαὶ
377 2572 472 2624 ἐπὶ
514 2570 808 2639 φι).οσοί;ία
848 2568 942 2622 καὶ
988 2567 1276 2636 ἀγχινοίᾳ·
1321 2565 1398 2634 τῷ
1435 2566 1542 2634 γὰρ
1586 2565 1735 2634 Ἀρι-

185 2665 402 2716 στοτέλει
458 2660 942 2732 παρηκολούθησε.
1009 2656 1467 2720 Πολεμικώτατος
1525 2655 1581 2708 δὲ
1648 2653 1742 2705 καὶ¹

181 2756 562 2825 τολμηρότατος
591 2754 688 2818 ὢν,
719 2758 814 2805 καὶ
852 2750 976 2804 ίδὼν
1019 2751 1311 2818 ὁμώνυμον
1354 2746 1503 2816 αὐτῷ
1564 2745 1741 2799 νεανίο

185 2867 295 2902 σχον
319 2849 436 2903 τινὰ
476 2847 670 2909 δειλῶς
697 2847 1023 2916 μαχόμενον,
1053 2837 1205 2894 εἶπεν
1227 2858 1241 2874 ·
1273 2858 1294 2894 ι
1327 2841 1395 2894 Ἦ
1419 2838 1509 2893 τὸν
1541 2839 1742 2909 τρόπον

183 2941 386 3006 ᾇῖλαεον
416 2940 449 3012 ἣ
476 2941 576 3008 τὴν
605 2918 826 3008 κλῆσιν.
866 2956 901 2990 ι.

1827 646 2111 711 nccupavit
2137 646 2355 713 omnia;
2387 663 2516 701 nam
2550 661 2700 705 veste
2742 661 2951 707 mutata
3009 668 3068 707 se
3098 653 3306 722 quaevis
3337 654 3408 706 ad

1827 733 1940 788 loca
1971 737 2310 802 conferebat,
2349 751 2395 794 et
2419 741 2634 796 cunctis
2657 743 2957 812 exploratis
2992 745 3224 799 victoria
3257 745 3406 799 facili

1829 826 2153 893 potiebatur.
2184 828 2383 883 Eadem
2411 841 2536 886 arte
2564 832 2855 888 Candacen
2892 835 3112 889 viduam
3147 851 3411 908 agressu-

1826 933 1920 970 rus
1944 917 2280 989 interceptus
2303 930 2420 985 est;
2453 938 2576 976 nam
2602 939 2725 978 cum
2765 939 2827 994 ea
2865 935 3023 980 notas
3053 927 3224 996 ipsius
3260 927 3406 981 indi-

1828 1009 2018 1078 ciaque
2085 1013 2355 1066 naturalia
2403 1014 2760 1084 percepisset,
2803 1017 2947 1085 quod
3004 1018 3142 1071 alter
3199 1019 3414 1073 scilicet.

1828 1100 2022 1152 oculus
2043 1099 2097 1153 ei
2130 1102 2393 1157 caeruleus
2416 1103 2552 1157 alter
2581 1104 2734 1173 niger
2781 1115 2946 1167 esset,
2997 1107 3161 1160 simul
3187 1121 3250 1160 ac
3282 1123 3406 1182 eum
3455 1161 3470 1182 γ

1830 1190 2021 1243 intuita
2063 1200 2168 1254 est,
2206 1191 2377 1245 dixit:
2424 1211 2441 1243 ‹
2472 1192 2726 1248 Mundum
2767 1205 2820 1249 tu
2850 1196 3093 1264 quidem,
3134 1213 3227 1250 rex
3280 1181 3411 1252 Ale-

1828 1281 2055 1344 xander,
2085 1284 2384 1352 occupasti,
2425 1295 2480 1340 at
2514 1295 2569 1341 te
2619 1287 2808 1341 mulier
2832 1290 2994 1356 cepit.
3038 1307 3057 1340 ι
3110 1288 3279 1358 Igitur
3309 1290 3411 1344 ltac

1829 1388 1997 1427 uxore
2025 1374 2208 1439 ducta,
2245 1377 2300 1430 in
2329 1377 2616 1448 .‘ngptum
2654 1380 2934 1448 proiectus
2967 1397 3233 1451 [magnam
3265 1382 3408 1435 illam

1827 1466 2205 1520 Alexandriam
2228 1469 2494 1523 condidit.
2557 1469 2684 1524 Inde
2747 1453 3072 1541 Babylonem
3133 1487 3411 1532 reversus,

1827 1572 2000 1611 annos
2028 1559 2138 1628 jam
2168 1559 2238 1612 32
2282 1569 2463 1623 natus,
2498 1561 2660 1616 rebus
2693 1563 2950 1616 humanis
2983 1564 3226 1625 excedit,
3281 1579 3408 1618 cum

1828 1647 2112 1702 duodecim
2145 1658 2354 1704 tantum
2396 1651 2553 1722 142
2582 1653 2762 1708 annos
2780 1654 3122 1722 imperasset,
3151 1656 3234 1709 vir
3265 1655 3410 1708 haud

1829 1739 1991 1794 dubie
2026 1741 2463 1810 sapientissimus
2518 1761 2581 1798 ac
2629 1744 2958 1800 fortissimus
3001 1748 3267 1801 omnium.
3327 1745 3412 1799 ld-

1831 1830 1980 1884 circo
2008 1843 2159 1885 vates
2182 1848 2305 1887 eum
2335 1849 2394 1887 se
2450 1839 2804 1904 conspexisse
2847 1838 3012 1892 tradit
3073 1839 3124 1891 in
3173 1838 3412 1891 volucris

1837 1923 2133 1990 pardalidis
2164 1925 2366 1992 specie,
2392 1926 2582 1981 volens
2600 1928 2705 1980 hoc
2731 1936 2893 1996 pacto
2925 1928 3186 1998 impetum
3237 1937 3292 1982 et
3321 1943 3413 1981 cc-

1838 2014 2105 2068 leritatem
2138 2014 2310 2083 ipsius
2329 2017 2638 2084 ostendere,
2670 2020 2924 2088 quodque
2955 2021 3140 2074 subito
3167 2020 3412 2076 victoriis

1837 2103 1951 2158 suis
1976 2105 2161 2158 orbem
2205 2116 2496 2169 terrarum,
2526 2111 2915 2178 pervolaverit.
2972 2112 3266 2167 Perhibent
3313 2114 3414 2167 ali-

1840 2196 2061 2264 quando
2119 2213 2242 2252 eum
2295 2201 2632 2256 inaudivisse
2663 2202 2729 2257 de
2773 2203 3101 2274 philosopho
3154 2206 3412 2272 quodam,

1839 2291 1928 2356 qui
1964 2291 2197 2344 umndos
2224 2291 2466 2347 infinitos
2487 2309 2609 2348 esse
2636 2294 2862 2349 diceret.
2883 2294 3020 2350 Tum
3046 2312 3173 2350 vero
3206 2298 3415 2366 gemitu

1840 2382 2043 2450 ingenti
2081 2384 2238 2436 edito
2275 2403 2288 2439 :
2333 2403 2350 2434 ι
2381 2384 2554 2447 Itane,
2591 2386 2686 2445 ait.
2722 2386 2916 2441 inﬁniti
2969 2396 3118 2450 sunt,
3171 2404 3296 2442 cum
3318 2404 3418 2458 ego

1842 2486 1910 2525 ue
1944 2473 2353 2541 unumquidem
2386 2475 2562 2530 adhuc
2593 2476 2917 2531 devicerim?
2953 2497 2971 2528 ›
3007 2478 3181 2532 Etiam
3203 2480 3418 2548 pudicir
3483 2512 3486 2514 -

1842 2561 1926 2616 tia:
1962 2564 2337 2633 castitatisque
2376 2567 2598 2621 nomine
2627 2584 2874 2638 magnam
2939 2570 3156 2624 laudem
3195 2572 3414 2630 meruit.

1839 2653 1974 2706 Cum
2003 2654 2148 2723 enim
2174 2657 2421 2724 captivas
2475 2656 2620 2711 Darii
2686 2659 2824 2712 tilias
2877 2676 2974 2713 sua
3027 2661 3082 2714 in
3149 2671 3420 2730 potestate

1840 2745 2086 2812 haberet,
2113 2763 2179 2802 ue
2216 2749 2414 2802 intueri
2453 2750 2671 2818 quidem
2702 2767 2794 2804 eas
2818 2752 3010 2815 voluit,
3041 2754 3186 2822 quod
3214 2768 3414 2822 nequa-

1839 2855 2002 2909 quam
2053 2841 2250 2895 decere
2297 2841 2503 2894 diccrct
2537 2856 2660 2894 eum
2714 2841 2804 2910 qui
2856 2843 3004 2897 viros
3049 2843 3355 2908 devicisset,
3389 2858 3419 2897 a
3509 2863 3516 2868 ·

1842 2931 2163 2984 mulieribus
2190 2931 2356 2985 vinci.
2394 2931 2512 2985 Non
2546 2932 2724 2986 minus
2753 2948 2817 2986 ex
2849 2934 3189 3002 philosophia
3216 2942 3271 2990 et
3291 2951 3422 2990 acu-

182 3035 308 3088 mine
331 3032 529 3101 ingenii
561 3030 747 3085 laudes
769 3028 997 3098 adeptus
1059 3036 1162 3090 est,
1199 3035 1258 3080 ut
1313 3025 1406 3095 qui
1461 3021 1808 3078 Aristotelem
1845 3021 2180 3087 audivisset;
2230 3037 2466 3091 cumque
2519 3021 2572 3076 in
2607 3021 2805 3091 pra-liis
2853 3021 3314 3079 concitatissimus
3360 3035 3421 3080 ct

182 3125 557 3178 audacissimus
598 3129 765 3184 esset,
825 3120 964 3176 forte
1016 3119 1369 3186 conspicatus
1431 3113 1729 3182 aliquando
1769 3112 2058 3183 quemdam
2129 3112 2530 3166 adolescentem
2596 3112 2698 3166 sibi
2735 3114 3138 3183 cognominem,
3183 3114 3274 3184 qui
3311 3123 3424 3169 tre-

183 3221 288 3291 pide
318 3227 581 3291 pugnaret
612 3232 626 3270 :
661 3236 678 3268 ι
709 3216 806 3272 Vel
840 3216 1094 3281 indolem,
1121 3233 1137 3266 ι
1169 3212 1366 3282 inquit,
1405 3229 1423 3263 ι
1449 3209 1757 3264 etanimum
1801 3209 1944 3264 hunc
1969 3217 2195 3275 mutato,
2236 3209 2317 3263 vel
2340 3225 2561 3264 nomen.
2610 3229 2629 3261 ι

243 3311 398 3379 Οὗτος
433 3316 534 3384 μὲν
568 3313 664 3366 οῦν
706 3311 1060 3382 Ἀλέξανδρος
1091 3310 1187 3363 καὶ
1227 3310 1392 3378 μέχρι
1447 3307 1556 3360 τῶν
1599 3306 1738 3359 ἐνδο-

1917 3304 2050 3360 Cum
2075 3309 2141 3360 ad
2187 3305 2346 3361 Indos
2397 3317 2672 3362 extremos
2734 3309 3021 3378 ipsumque
3058 3307 3333 3363 Oceanum
3367 3318 3424 3365 et

184 3408 337 3461 τάτων
377 3406 561 3460 Ἰνδῶν
593 3405 684 3458 καὶ
714 3402 880 3456 αὐτοῦ
917 3401 1009 3454 τοῦ
1041 3400 1291 3454 ὠκεανοῦ
1323 3398 1418 3452 καλ⁸
1447 3399 1549 3468 τῆς
1584 3396 1741 3466 μεγί-

187 3516 302 3570 στης
332 3503 495 3567 νήσου
540 3497 650 3549 τῶν
706 3493 1052 3565 Βραχμάνων
1115 3492 1352 3560 φθάσας,
1395 3483 1470 3543 ὧν
1509 3489 1602 3543 καὶ
1653 3488 1744 3540 τὸν

185 3591 469 3660 θαυμάσιον
531 3588 648 3657 βίον
693 3585 980 3654 Θαυμάσας
1023 3585 1116 3637 καὶ
1150 3583 1248 3654 τὴν
1298 3582 1379 3643 είς
1421 3580 1556 3633 Θεὸν
1587 3579 1741 3631 εὐσέ-

187 3683 322 3735 ϐειάν
352 3698 412 3734 τε
469 3679 568 3733 καὶ
601 3677 860 3748 λατρείαν
895 3674 1194 3741 ἐξεπλάγη,
1233 3674 1290 3724 ὲν
1342 3664 1386 3738 ᾧ
1442 3670 1594 3739 τόπῳ
1653 3669 1746 3720 καὶ

189 3772 372 3840 στήλην
412 3770 621 3840 στήσας
655 3766 1008 3835 ὑπέγραψεν·
1049 3783 1067 3813 «ι
1119 3763 1262 3830 Ἐγὼ
1294 3766 1463 3832 μέγας
1489 3761 1742 3827 Ἀλέξαν⁶

187 3847 299 3932 δρος
337 3862 590 3932 βασιλεὺς
632 3860 843 3927 ἔφθασα
895 3858 1058 3928 μέχρι
1100 3857 1314 3908 τούτου.
1355 3873 1374 3906 ι
1423 3855 1508 3906 Ἐν
1564 3852 1746 3920 ἐκείνῃ

185 3961 240 4024 τῇ
269 3961 410 4026 νήσῳ
445 3953 802 4009 κατοικοῦσιν
824 3954 873 4004 oi.
911 3951 1194 4018 λεγόμενοι
1232 3947 1535 4017 Μακρόϐιοι
1561 3965 1574 3978 ι
1610 3945 1745 4009 ζῶσι
1781 3942 1804 3948 “

185 4046 282 4113 γὰρ
313 4042 490 4096 αὐτῶν
522 4042 574 4094 οί
612 4040 830 4100 πλείους
853 4039 980 4108 περὶ
1029 4036 1098 4089 τά
1154 4035 1349 4088 ἑκατὸν
1403 4034 1746 4101 πεντήκοντα

187 4133 269 4202 ἔτη
300 4132 384 4184 δια
417 4129 519 4200 τὴν
569 4126 666 4180 τοῦ
701 4129 864 4194 ἀέρος
897 4123 1196 4193 εὐκρασίαν
1238 4123 1332 4174 καὶ
1355 4122 1423 4174 τὰ
1459 4119 1746 4189 ἀνεξερεύ-

188 4240 310 4292 νητα
333 4223 423 4276 τοῦ
458 4220 597 4274 Θεοῦ
629 4218 896 4289 κρίματα.
946 4215 1158 4270 Ἑκεῖσε
1189 4213 1379 4282 ὀπώρα
1413 4214 1502 4265 τὸν
1530 4213 1746 4266 ἅπαντα

188 4315 362 4383 χρόνον
407 4314 469 4366 οὐ
508 4312 712 4364 λείπει.
753 4311 902 4362 Ἐκεῖ
936 4309 1020 4361 ’τὰ
1057 4309 1288 4374 μέγιστα
1319 4303 1496 4376 κάρυα
1535 4305 1628 4356 καὶ
1682 4305 1748 4356 τὰ

187 4405 506 4474 δυσπόριστα
563 4400 840 4472 ἀρώματα
886 4402 980 4453 καὶ
1021 4402 1053 4470 ἡ
1091 4400 1375 4468 Μαγνῆτις
1403 4397 1549 4460 λίθος
1573 4413 1587 4427 ’
1617 4396 1747 4464 παρ’

187 4493 256 4560 οἷς
276 4499 371 4550 οὐκ
399 4499 516 4550 ἔστι
546 4495 895 4564 τετράποδον,
935 4494 1035 4548 οὐκ
1075 4486 1246 4554 οἶνος,
1289 4491 1388 4544 οὐκ
1436 4490 1620 4559 ἄρτος,
1651 4489 1748 4556 οὐχ

190 4592 407 4658 ἱμάτιον.
452 4589 672 4656 Μικρᾶς
710 4586 768 4640 δὲ
810 4584 1030 4652 ὀπώρας
1063 4585 1157 4637 καὶ
1189 4583 1378 4646 ὓδατος
1413 4581 1748 4633 ἀπολαύουσι

1851 3399 2139 3452 maximam
2171 3399 2570 3468 Brachmanum
2593 3397 2824 3453 insulam
2851 3402 3206 3469 pervenisset,
3230 3417 3419 3456 eorum

1851 3507 1977 3562 erga
2007 3485 2174 3546 Deum
2215 3493 2473 3561 pietatem
2515 3494 2833 3561 cultumque
2859 3494 3087 3548 miratus
3115 3495 3421 3564 columnam

1851 3584 2044 3638 statuit
2094 3600 2216 3639 cum
2252 3585 2608 3651 inscriptione
2635 3586 2949 3654 hujttsmodi
2991 3603 3004 3640 :
3049 3605 3067 3637 ι
3105 3588 3417 3642 Alexander

1852 3691 1944 3729 rex
1993 3678 2274 3744 hucusque
2300 3678 2600 3745 penetravi.
2638 3697 2655 3728 ι
2692 3677 2762 3731 Ea
2791 3679 2842 3730 in
2875 3679 3050 3732 insula
3090 3680 3181 3746 qui
3219 3679 3425 3733 Macro-

1853 3769 1927 3831 bij
1959 3778 2221 3822 vocantur
2249 3784 2277 3821 a
2310 3769 2567 3824 diuturna
2617 3770 2750 3832 vita,
2792 3771 3016 3839 degunt.
3069 3769 3202 3823 Nam
3233 3772 3423 3842 majori

1853 3875 1915 3913 ex
1952 3869 2102 3928 parte
2134 3861 2322 3913 vivunt
2378 3860 2498 3913 istic
2555 3861 2805 3913 homines
2849 3861 2913 3913 ad
2964 3875 3134 3915 annos
3169 3861 3268 3913 150
3299 3875 3428 3929 pro-

1854 3958 1974 4016 pter
2001 3947 2144 4001 aeris
2203 3948 2456 4002 idoneum
2539 3952 2770 4013 maxime
2819 3959 3305 4019 temperamentum
3369 3961 3426 4004 et

1855 4039 2342 4106 imperscrutabilia
2371 4039 2465 4094 Dei
2511 4039 2742 4108 judicia.
2805 4041 2965 4095 Nullo
2999 4041 3125 4094 anui
3182 4051 3425 4109 tempore

1855 4130 2066 4183 fructus
2098 4129 2294 4182 maturi
2336 4130 2555 4185 desunt.
2584 4130 2878 4184 Abundant
2909 4141 2961 4185 et
2992 4132 3241 4185 maximis
3272 4132 3426 4186 nuci-

1855 4221 1957 4275 bus
1999 4233 2052 4275 et
2105 4223 2381 4287 aromatis,
2418 4238 2536 4288 qua:
2566 4223 2698 4276 tanti
2733 4238 2832 4277 nos
2873 4224 3210 4288 reditnimus,
3266 4235 3318 4278 et
3348 4224 3424 4278 la-

1857 4314 1978 4382 pide
2011 4327 2285 4385 magnete.
2313 4314 2706 4386 Quadrupedes
2763 4315 2964 4371 bestias
2995 4317 3166 4370 nullas
3201 4317 3421 4379 habent,

1857 4421 1955 4459 nec
1979 4405 2162 4459 vinum
2190 4423 2289 4460 nec
2323 4423 2518 4475 panem
2546 4423 2643 4461 nec
2673 4417 2872 4461 vestes.
2934 4407 3014 4460 Ad
3047 4406 3244 4460 ﬂumen
3278 4407 3426 4460 habi-

1857 4506 2032 4551 tantes
2057 4498 2266 4567 exiguis
2290 4498 2562 4552 fructtbus
2581 4507 2635 4552 et
2669 4514 2806 4566 aqua
2831 4497 3077 4550 contenti
3104 4506 3252 4561 sunt,
3292 4499 3426 4550 Deo-

1855 4608 1960 4660 que
1987 4607 2118 4659 pura
2143 4601 2197 4644 et
2228 4589 2434 4659 integra
2463 4591 2720 4659 religione
2748 4590 3024 4643 serviunt.
3075 4587 3187 4641 Viri
3212 4589 3279 4642 ad
3329 4588 3427 4642 ﬂu-

188 4683 268 4732 t’w
301 4681 540 4751 ποταμὸν
587 4678 978 4748 παροικοῦντες
1014 4678 1106 4728 καὶ
1137 4678 1212 4744 τῷ
1243 4675 1360 4745 Θεῷ
1388 4673 1626 4741 γνησίως
1659 4673 1738 4725 λα-

1854 4682 2019 4736 minis
2054 4682 2198 4751 ripas
2229 4685 2499 4743 aecoltmt,
2534 4681 2750 4734 {ennium
2779 4696 2843 4734 ex
2869 4681 3040 4734 altera
3094 4679 3295 4750 Gangis
3325 4679 3427 4734 llu-

191 4772 485 4841 τρεύοντες.
540 4771 652 4824 Καὶ
696 4771 748 4822 οί
784 4769 882 4838 μὲν
931 4769 1122 4838 ἄνδρες
1155 4769 1254 4842 ἐἰς
1289 4767 1530 4836 ποταμὸν
1558 4783 1750 4837 παροιο

192 4863 383 4924 κἰὖσιν,
426 4864 484 4914 αί
511 4863 568 4915 δὲ
597 4863 851 4930 γυναῖκες
881 4859 1061 4913 αὐτῶν
1087 4857 1336 4911 ἐντεῦθέν
1382 4861 1489 4912 είσι
1525 4855 1619 4911 τοῦ
1649 4874 1749 4909 πο-

195 4955 356 5022 ταμοῦ
379 4955 592 5022 Γάγγου
611 4953 703 5005 τοῦ
725 4952 1127 5022 παραρρέοντος
1151 4953 1228 5013 είς
1260 4949 1615 5020 τδνζώκεανδν
1653 4951 1749 5000 ἐπὶ

192 5046 246 5098 τὸ
268 5047 432 5116 μέρος
457 5050 550 5117 τῆς
569 5046 779 5108 Ἰνδίας.
815 5045 924 5097 Καὶ
949 5044 1001 5096 oi
1031 5047 1128 5113 μὲν
1155 5043 1347 5112 ἄνδρες
1381 5041 1590 5110 περῶσι
1611 5040 1747 5108 πρὸς

192 5138 283 5198 τὰς
310 5141 572 5204 γλναῑκας
605 5138 828 5190 Ἰούλιον
861 5137 956 5188 καὶ
1001 5133 1335 5203 Αὔγουστον,
1382 5135 1512 5202 παρ’
1563 5127 1644 5193 οἷς
1695 5132 1752 5184 ὑ-

181 5232 451 5299 πάρχουσι
480 5231 822 5299 ψυχρότεροι,
855 5230 948 5281 τοῦ
969 5229 1119 5298 ἡλίου
1155 5228 1289 5297 πρὸς
1325 5228 1470 5297 ἡμᾶς
1505 5225 1755 5294 semesi;—

193 5338 295 5383 τος.
327 5322 633 5391 Τηνικαῦτα
679 5323 789 5390 γὰρ
836 5320 1090 5390 εὔκρατος
1153 5321 1432 5388 γενόμενοι
1506 5318 1642 5387 πρὸς
1680 5312 1758 5369 oi-

199 5429 350 5480 στρον
386 5413 650 5464 κινεῖσθαι
678 5412 946 5478 λέγονται.
978 5412 1086 5465 Καὶ
1117 5403 1437 5481 ποιήσαντες,
1473 5410 1610 5478 μετὰ
1639 5409 1746 5462 τῶν

195 5504 460 5568 γυναικῶν
483 5505 661 5555 αὐτῶν
683 5505 893 5573 ἡμέρας
916 5504 1323 5573 τεσσαράκοντα
1350 5501 1507 5556 πάλιν
1531 5503 1749 5554 ἀντιπε-

200 5593 342 5658 ρῶσι.
380 5592 512 5644 Μεθ’
555 5593 582 5645 ὃ
633 5594 686 5644 δὲ
736 5592 868 5662 τέκῃ
903 5594 934 5659 ἡ
986 5593 1122 5660 γυνὴ
1153 5593 1246 5644 δύο
1290 5593 1509 5655 παῖδας,
1563 5590 1748 5643 οὐκέτι

200 5681 492 5750 μίγνυνται.
513 5684 633 5739 Ἐάν
668 5684 725 5736 δέ
755 5701 835 5746 τις
867 5685 1061 5754 εὑρεθῆ
1118 5683 1305 5738 στείοα
1344 5683 1502 5748 μέχρι
1531 5681 1775 5736 navus?

1855 4775 1924 4826 vii
1954 4783 2108 4841 parte
2137 4773 2343 4844 degunt
2379 4771 2584 4825 Indiam
2611 4788 2822 4832 versus,
2856 4774 2945 4841 qui
2984 4773 3202 4838 quidem
3233 4773 3426 4828 ﬂuvius

1853 4863 1906 4915 in
1961 4861 2239 4916 Oceanum
2308 4870 2481 4915 semet
2531 4871 2818 4916 exonerat.
2873 4862 3018 4916 Julia
3079 4875 3135 4916 et
3183 4864 3428 4930 Augusto

1852 4951 2129 5005 mensibus
2161 4951 2228 5004 ad
2251 4965 2444 5004 uxores
2467 4949 2564 5004 viri
2593 4949 2963 5016 transjiciunt,
3001 4950 3148 5019 quod
3174 4949 3239 5002 iis
3276 4949 3428 5017 frigi-

1849 5041 2029 5096 diores
2059 5043 2187 5105 sint,
2225 5042 2341 5095 sole
2398 5049 2648 5094 nostrum
2694 5041 2760 5092 ad
2820 5040 3089 5094 linitorent
3137 5041 3429 5094 sublimius

1853 5143 2198 5202 assurgente.
2242 5131 2682 5188 Tunc'nimirum
2711 5133 2991 5187 consecuti
3031 5144 3428 5201 temperamen-

1856 5237 1967 5280 tum
2000 5226 2244 5296 corporis
2277 5225 2540 5294 optimum
2574 5234 2742 5280 (nstro
2762 5227 2994 5294 quodam
3038 5226 3299 5280 concitari
3350 5223 3429 5278 [e—

1856 5327 2074 5371 runtur.
2110 5317 2327 5372 Exactis
2353 5327 2534 5372 autem
2580 5318 2724 5388 apud
2757 5333 2951 5372 uxores
2975 5317 3044 5370 4t)
3079 5316 3270 5370 diebus
3315 5330 3424 5366 am-

1857 5425 1978 5462 ncm
2048 5409 2289 5462 vicissim
2347 5409 2712 5476 trausjiciunt.
2787 5407 3024 5462 Femina:
3074 5416 3445 5476 posteaquam

1856 5500 2056 5552 liberos
2079 5501 2216 5553 duos
2247 5500 2298 5553 in
2333 5501 2506 5555 lucem
2540 5501 2781 5560 edidere,
2835 5513 2946 5553 rem
2970 5514 3088 5550 cum
3150 5495 3277 5550 viris
3310 5509 3424 5546 aut-

1858 5594 1996 5660 plius
2052 5586 2254 5645 nullam
2319 5593 2537 5647 habent.
2585 5592 2785 5658 Quodsi
2839 5607 2944 5658 qua
2987 5599 3128 5642 totos
3183 5588 3426 5655 quinque

1858 5699 2029 5738 annos
2061 5685 2262 5740 sterilis
2292 5685 2614 5750 repetiutttt‘,
2647 5682 2902 5747 religione
2951 5679 3182 5741 quadam
3215 5693 3242 5730 a
3277 5677 3426 5731 coitu
