3862 6228
360 1578 366 1583 ·
444 1554 611 1608 ineat.
636 1553 793 1622 Apud
814 1555 1044 1626 Agilzeos
1071 1557 1288 1613 femina:
1321 1573 1419 1612 sua
1453 1557 1601 1613 viros
1632 1559 1688 1612 in
1738 1567 2009 1628 potestate

443 1645 666 1710 habent,
701 1662 908 1716 proque
939 1648 1093 1703 libitu
1119 1664 1374 1705 venerem
1400 1657 1658 1704 exercent
1681 1650 1814 1704 citra
1843 1650 2006 1704 ullam

2122 1648 2288 1701 πάντα
2333 1642 2413 1700 τάί
2459 1645 2676 1717 ἀνδρῷα
2702 1649 3056 1718 πράττουσιν.
3112 1646 3200 1699 Ἐν
3260 1646 3317 1698 δὲ
3375 1644 3652 1714 Βρεττανίᾳ
3730 1700 3741 1714 ,

332 2238 339 2249 .
446 2198 737 2258 appetente
761 2207 930 2247 verno
954 2201 1198 2262 tempore
1235 2208 1360 2247 cum
1390 2191 1584 2248 vicinis
1618 2202 1740 2247 rem
1792 2193 2014 2261 habent,

344 3784 349 3793 ν
455 3758 603 3815 ditus
636 3770 768 3815 erat.
798 3761 980 3831 Itaque
1027 3762 1100 3816 illi
1133 3764 1313 3817 caeteri
1355 3762 1913 3828 fratres'invidebant,
1970 3774 2026 3821 et

334 5154 353 5175 ί
459 5128 687 5190 nifestas
717 5138 1026 5197 struerent;
1052 5148 1286 5202 cumque
1318 5147 1493 5190 morte
1534 5134 1815 5190 multaturi
1844 5135 2026 5190 homi-

350 5474 359 5477 _
456 5405 720 5461 Rubenus
765 5417 903 5468 erat,
950 5406 1034 5460 vir
1069 5422 1337 5476 propenso
1379 5424 1443 5461 ac
1471 5408 1741 5464 benevolo
1770 5410 1821 5464 in
1873 5408 2022 5464 lose-

442 244 552 308 ετξ)
1341 287 1347 292 -
1620 236 1625 244 ’
1695 242 2017 312 ΜἸΕΗΑΕΙ

2154 253 2413 314 suos
2442 279 2444 282 ›
3557 228 3679 323 ρέο

442 380 678 423 arcetur.
716 369 906 424 Amnis
931 370 1046 440 ipse
1083 386 1191 425 non
1231 372 1366 427 citra
1418 371 1718 440 periculum
1758 389 1821 428 ac
1867 372 2005 428 dilli-

2122 376 2251 437 ιέας,
2304 374 2488 427 ἔκτοτε
2518 374 2724 444 ἀμιγὴς
2776 377 2892 428 ἐστι
2921 374 2989 428 δι’
3041 374 3352 430 εὐλάϐειαν.
3397 375 3456 429 ’0
3490 377 3654 445 μέντοι

441 460 699 513 cultatem
730 460 1162 532 Odontotyranni
1202 478 1364 517 causa
1407 465 1759 534 transjieitur.
1788 464 2001 519 Animal

2122 468 2351 537 ποταμὸς
2380 467 2455 520 ὢν
2477 467 2812 534 δυσπέρατος
2836 465 2924 519 διὰ
2950 467 3009 520 τὸ
3035 467 3477 537 ὃδοντοτύραννον
3496 467 3622 532 ζῶον
3639 485 3652 500 ν

444 551 545 605 hoc
566 552 835 621 quoddam
865 562 949 607 est
979 554 1030 607 in
1056 564 1199 608 terra
1225 555 1450 624 perinde
1480 555 1634 627 143
1661 573 1721 611 ac
1743 573 1880 627 aqua
1909 558 2005 612 de-

441 659 595 715 gens,
624 644 784 713 idque
816 644 1136 711 maximum,
1179 648 1255 702 ιιιὶ
1278 649 1417 719 quod
1470 649 1820 718 elephantum
1873 665 2007 719 quo-

439 753 547 807 que
587 737 867 807 deglutiat,
923 754 1233 809 quanquam
1284 740 1416 795 viris
1475 741 1624 795 hisce
1685 741 2007 809 trajicienti-

442 829 546 884 bus
585 829 1007 899 haudquaquam
1036 842 1253 886 noceat.
1308 832 1365 886 in
1421 834 1557 889 locis
1603 835 2006 889 desertioribus

441 931 572 981 sunt
611 923 877 977 dracones
899 923 969 979 70
1009 925 1223 979 cubitos
1259 925 1430 994 longi,
1472 927 1672 994 scorpii
1714 925 2004 993 cubitales,

442 1013 682 1067 formicae
708 1013 999 1082 palmares.
1094 1013 1391 1083 Propterea
1449 1016 1596 1069 istasc
1658 1015 1773 1069 loca
1827 1016 2008 1089 nullos

442 1101 651 1156 incolas
686 1101 909 1155 habent.
932 1101 1205 1173 Gregatim
1236 1103 1438 1159 ibidem
1464 1094 1739 1173 elephanti
1792 1115 2023 1174 pastum.

444 1198 713 1258 quarunt.
751 1190 810 1244 in
840 1191 1085 1259 partibus
1120 1193 1298 1247 adhuc
1340 1193 1700 1260 penitioribus
1756 1193 2007 1247 homines

380 1318 391 1327 .
446 1279 794 1348 reperiuntur
814 1282 909 1351 qui
934 1297 964 1335 a
997 1283 1253 1338 carnibus
1283 1283 1534 1338 humanis
1573 1300 1675 1337 non
1709 1284 2005 1339 abstinent.

443 1370 599 1439 Apud
621 1370 903 1428 Chaldaeos
935 1373 1053 1442 lege
1073 1388 1393 1430 concessum
1420 1387 1505 1430 est
1540 1383 1598 1430 ut
1624 1384 1853 1430 matrem
1884 1375 2010 1445 quis

444 1463 546 1517 sibi
565 1463 914 1518 matrimonio
942 1464 1153 1535 jungat,
1185 1475 1239 1520 et
1271 1474 1380 1521 tam
1430 1481 1649 1522 sorores
1682 1483 1845 1537 quam
1870 1466 2008 1522 ﬁlias

2107 663 2204 709 τας
2243 646 2585 713 καταπίνειν,
2613 647 2662 699 εί
2700 646 2795 698 καὶ
2825 646 2952 708 τοὺς
2983 646 3180 715 ἄνδρας
3211 646 3435 709 τούτους
3463 646 3521 699 ού
3543 647 3656 717 βλάο

2107 756 2232 793 πτει
2261 731 2801 808 διαπεραιουμένους.
2835 738 2925 791 Ἐν
2954 737 3011 792 δὲ
3060 739 3174 800 τοῖς
3200 737 3550 809 έρημοτέροις
3574 738 3656 791 1:6-

2107 849 2235 894 ποις
2288 830 2582 901 δράκοντές
2634 831 2774 883 είσιν
2824 829 2956 883 ὡσεὶ
3004 828 3225 900 πηχέων
3279 828 3650 899 ἐϐδομήκοντα,

2109 924 2360 993 σκορπίοι
2401 922 2459 976 δὲ
2491 925 2769 994 πηχυαῖοι,
2811 922 3100 993 μύρμηκες
3150 921 3550 975 παλαιστιαῖοιο
3578 922 3653 989 ἐφ’

2108 1009 2153 1083 ᾧ
2189 1013 2285 1067 καὶ
2314 1014 2562 1083 ἀοίκητοι
2592 1013 2846 1081 μένουσιν
2867 1014 2917 1066 oi
2943 1013 3099 1065 τόποι
3131 1013 3354 1065 ἐκεῖνοι.
3393 1011 3548 1064 Ἀλλά
3570 1014 3652 1065 καὶ

2109 1104 2399 1172 ἐλέφαντες
2423 1104 2604 1157 ἐκεῖσε
2632 1104 2895 1174 ἀγεληδὸν
2923 1103 3233 1173 βόσκονται.
3263 1102 3568 1172 Ἐνδότερον
3601 1103 3652 1156 δέ

2109 1196 2249 1247 εἰσιν
2275 1194 2552 1262 ἄνθρωποι
2582 1193 2902 1264 ἀνθρώπους
2936 1192 3231 1256 ἐσθίοντες.
3263 1191 3550 1253 Χαλδαίοις
3576 1190 3653 1243 νό-

2113 1302 2211 1355 μος
2266 1286 2645 1354 μητρογαμεῖν
2706 1285 2801 1337 καὶ
2859 1284 3464 1353 ἁδελφοτεκνοφθορεῖν.
3531 1283 3653 1351 Παρ’

2122 1373 2416 1443 ’Δγιλαίρις
2450 1375 2506 1426 αἱ
2554 1375 2813 1442 γυναῖκες
2862 1373 3179 1427 αύθεντοῦσι
3209 1373 3315 1426 τῶν
3343 1372 3546 1442 ἀνδρῶν
3570 1372 3652 1425 καὶ

2113 1464 2472 1533 πορνεύουσιν
2494 1450 2576 1526 ὡς
2602 1463 2902 1532 βούλονται,
2936 1464 3009 1533 μὴ
3036 1464 3500 1531 ζηλοτυπούμεναι
3518 1463 3650 1532 παρὰ

2109 1555 2218 1609 τῶν
2246 1555 2458 1625 ἀνδρῶν
2491 1554 2695 1621 αὐτῶν,
2722 1555 2998 1625 γεωργίαν
3035 1555 3092 1608 δὲ
3114 1556 3206 1608 καὶ
3235 1553 3542 1622 οἰκοδομίαν
3571 1555 3650 1606 καὶ

444 1737 760 1792 maritorum
836 1739 1258 1795 atmulationem.
1318 1740 1533 1794 Eaedem
1584 1755 1746 1809 agros
1786 1740 2006 1805 colunt,

2122 1740 2351 1793 πλεῖστοι
2374 1738 2565 1808 ἀνδρες
2594 1738 2689 1809 μιᾷ
2717 1739 3140 1806 συγκαθεύδουσι
3169 1741 3406 1805 γυναικὶ,
3427 1736 3519 1790 καὶ
3544 1736 3655 1789 πολ-

446 1820 589 1882 ae'es
613 1836 924 1895 exstruunt,
976 1847 1167 1886 omnes
1200 1845 1394 1901 operas
1431 1831 1614 1886 viriles
1660 1831 1887 1885 obeunt.
1949 1830 2007 1887 in

2122 1831 2203 1884 λαὶ
2238 1832 2493 1898 γυναῖκες
2538 1830 2619 1883 ἑνὶ
2674 1828 2850 1899 ἀνδρί.
2890 1830 3190 1898 Ἀμαζόνες
3228 1828 3282 1881 δὲ
3337 1828 3536 1898 ἄνδρας
3569 1826 3651 1879 οὐκ

446 1916 726 1971 Britannia
751 1919 851 1973 viri
879 1920 1192 1990 complures
1232 1935 1340 1973 una
1370 1934 1493 1972 eum
1529 1918 1756 1973 muliere
1789 1919 2010 1984 cubant,

2122 1923 2340 1991 ἔχουσιν,
2368 1920 2482 1974 ἀλλ’
2506 1920 2580 1983 ὼς
2606 1921 2671 1974 τὰ
2699 1920 2866 1988 ἄλογα
2889 1920 3030 1974 κατά
3066 1920 3128 1973 τὸ
3150 1918 3250 1990 ἔαρ
3271 1919 3383 1981 τοῖς
3397 1917 3651 1986 γειτνιῶσι

444 2018 498 2060 et
524 2018 712 2063 contra
760 2010 943 2064 multae
981 2011 1238 2065 mulieres
1266 2026 1388 2065 cum
1444 2026 1555 2065 uno
1597 2011 1734 2064 viro.
1787 2011 2016 2064 Amazo-

2122 2013 2424 2082 μίγνυνται,
2462 2014 2559 2066 καὶ
2610 2013 2752 2083 μέγα
2788 2012 3265 2083 πανηγυρίζουσαι
3304 1996 3487 2068 οίκαδε
3538 2011 3652 2062 ἀπο-

445 2112 545 2152 nes
574 2098 724 2154 viros
754 2100 936 2155 nullos
971 2101 1194 2164 habent,
1223 2101 1319 2156 sed
1368 2101 1654 2177 brutorum
1712 2102 1766 2155 in
1805 2116 2015 2156 morem

2122 2106 2428 2177 στρέφουσι,
2457 2107 2550 2160 καὶ
2573 2106 2714 2160 κατά
2739 2107 2834 2159 τὸν
2865 2105 3059 2176 καιρὸν
3088 2103 3188 2173 τῆς
3212 2103 3459 2174 κυήσεως
3484 2102 3544 2157 τὸ
3569 2102 3651 2171 μὲν

1418 2176 1584 2247 icinis
1618 2202 1740 2247 rem
1792 2193 2014 2261 habent,
2113 2176 2282 2270 ἄρρεν
2309 2196 2613 2268 ἀναιροῦσι,
2638 2197 2698 2251 τὸ
2728 2197 2788 2251 δὲ
2815 2197 2946 2268 θῆλυ
2977 2194 3321 2262 ζωογονοῦσι.

447 2286 710 2355 quasique
736 2296 979 2342 mercatu
1036 2304 1232 2356 magno
1258 2289 1532 2344 celebrate
1573 2291 1793 2345 tandem
1857 2291 2081 2347 domum
2117 2303 2422 2351 revertunt.
2473 2295 2574 2351 Ubi
2603 2294 2801 2351 deinde
2824 2302 3042 2367 partum
3069 2297 3127 2349 in
3160 2293 3345 2361 lucem
3389 2290 3654 2347 ediderunt

450 2391 630 2432 lunares
660 2379 876 2443 tollunt,
919 2381 1166 2437 femellas
1196 2382 1453 2439 educatas
1488 2395 1726 2439 servant.

521 2473 612 2529 Ha:
643 2475 1074 2531 consuetudines
1096 2478 1239 2547 apud
1266 2479 1446 2533 varias
1511 2479 1755 2550 locisque
1788 2496 2009 2551 separa—

2190 2481 2375 2536 Ταῦτα
2426 2482 2522 2549 μὲν
2559 2476 2651 2535 οὖν
2700 2482 2878 2539 πάντα
2944 2480 3107 2550 νόμος
3133 2479 3245 2542 τοῖς
3295 2478 3432 2531 κατά
3476 2476 3652 2537 τόπους

450 2575 534 2621 tas
564 2567 813 2621 nationes
842 2568 992 2636 quasi
1020 2584 1118 2638 per
1142 2584 1336 2624 manus
1382 2586 1410 2624 a
1437 2571 1730 2642 majoribus
1757 2576 2013 2643 :accepta:

2122 2575 2328 2630 ἔθνεσιν
2359 2575 2421 2628 ἐκ
2466 2574 2717 2645 διαδοχῆς
2745 2574 2885 2628 κατά
2917 2573 3013 2626 τὸν
3047 2573 3225 2641 μέγαν
3257 2570 3554 2638 Καισάρων
3582 2567 3657 2634 γέ-

450 2661 712 2729 paulatim
745 2661 798 2713 in
821 2661 968 2730 leges
994 2662 1268 2731 abierunt,
1300 2665 1752 2734 quemadmodum
1786 2681 2014 2735 magnus

2122 2685 2264 2736 γονε.
2314 2666 2470 2721 Μετά
2527 2666 2709 2735 μέντοι
2758 2667 2858 2735 τὴν
2900 2664 3249 2735 Ἀλεξάνδρου
3295 2663 3543 2734 τελευτὴν
3584 2663 3649 2723 εἰς

448 2754 543 2806 ille
572 2751 838 2809 Caesarius
867 2756 1104 2825 scripsit.
1141 2756 1271 2811 Post
1308 2756 1514 2811 obitum
1586 2758 1878 2813 Alexandri
1926 2773 2013 2813 re-

2122 2758 2320 2821 πολλάς
2372 2757 2611 2828 ἀρχάςή
2660 2754 2905 2828 βασιλεία
2943 2754 3109 2812 αὐτοῦ
3159 2756 3412 2828 διῃρέθη,
3474 2754 3557 2810 καὶ
3601 2752 3650 2806 οὐ

448 2859 616 2914 gnum
652 2844 769 2914 ejus
818 2847 1125 2916 complures
1192 2848 1246 2903 in
1297 2848 1608 2904 dominatus
1673 2859 1727 2904 et
1786 2850 2011 2920 imperia

2122 2850 2383 2904 διέλειπον
2419 2852 2501 2903 ἀεὶ
2551 2848 2683 2903 κοιτι
2718 2842 2963 2919 ἀλλήλων
2999 2848 3445 2918 ἐπανιστάμενοι,
3482 2845 3576 2907 ἕως
3600 2836 3650 2895 οὗ

450 2933 685 2990 divisum
720 2934 839 2993 fuit.
869 2937 1145 3008 Principes
1196 2939 1296 3008 ipsi
1334 2953 1441 2992 non
1493 2939 1753 2995 destitere
1797 2942 2011 3010 seipsos

2122 2942 2151 3012 ἡ
2194 2940 2478 3014 Ῥωμαίων
2511 2940 2652 3011 ἀρχὴ
2699 2940 2797 3001 τὰς
2832 2939 3133 3010 τοπαρχίας
3182 2939 3366 3003 πάσας
3398 2935 3650 2992 κατέλυσε.

451 3024 589 3079 alter
620 3026 846 3084 alterum
879 3030 1153 3096 invadere,
1180 3030 1353 3086 donec
1387 3031 1669 3100 imperium
1705 3030 2008 3087 Romanum

2122 3033 2230 3089 Καὶ
2260 3031 2391 3104 περὶ
2415 3033 2517 3104 μὲν
2542 3030 2753 3086 τούτων
2784 3028 2983 3094 οὕτως.

452 3114 804 3185 ρειιιίοὐιιιτοε
838 3122 968 3176 istos
1007 3123 1322 3179 dominatus
1372 3139 1567 3180 omnes
1602 3138 1633 3180 e
1662 3125 1842 3180 medio
1892 3141 2016 3182 sus-

2970 3116 2975 3135 l

453 3209 594 3264 tulit.
622 3212 700 3266 Ac
723 3213 790 3268 de
824 3213 911 3268 his
943 3215 1160 3284 quidem
1195 3216 1485 3271 hactenus.

522 3304 786 3359 Caeterum
815 3306 1047 3361 Iacobus
1075 3316 1260 3375 patres
1290 3309 1412 3363 illos
1464 3307 1789 3363 familiarum
1822 3308 2026 3380 princi-

451 3410 546 3465 pes
594 3396 660 3449 12
688 3398 893 3464 genuit,
932 3397 1240 3462 Rubenum,
1268 3400 1613 3471 Symeonem,
1652 3400 1893 3468 Levium,
1929 3402 2024 3457 Ju-

453 3487 572 3551 dam
605 3494 660 3540 et
686 3487 925 3556 reliquos
964 3489 1159 3542 ordine
1210 3482 1627 3565 subsequentes.
1674 3492 1898 3546 Amabat
1920 3506 2022 3546 au-

454 3587 560 3630 tem
592 3577 711 3645 plus
743 3578 955 3632 caeteris
1001 3577 1323 3648 Josephum,
1375 3588 1485 3634 tum
1517 3581 1660 3649 quod
1692 3590 1837 3637 esset
1892 3591 2024 3638 natu

2205 3298 2264 3351 Ὀ
2294 3298 2352 3367 δὲ
2390 3296 2584 3350 Ἰακὼϐ
2622 3298 2787 3367 γεννᾷ
2806 3296 2930 3358 τοὺς
2957 3295 3167 3353 δώδεκα
3194 3295 3552 3364 πατριάρχας,
3578 3289 3653 3346 τὸν

2136 3388 2379 3458 Ῥουϐὶμ,
2427 3389 2521 3442 τὸν
2569 3386 2815 3457 Συμεὼν,
2858 3388 2948 3440 τὸν
2997 3385 3149 3450 Λευῖ,
3203 3385 3297 3467 τὸν
3337 3385 3532 3441 Ἰούδαν
3577 3384 3655 3435 καὶ

2121 3482 2249 3543 τοὺς
2284 3480 2504 3544 λοιποὺς
2535 3477 2789 3548 καθεξῆς.
2831 3478 3050 3545 Ἠγάπα
3072 3479 3127 3532 δὲ
3161 3478 3253 3531 τὸν
3295 3478 3490 3546 Ἰωσὴφ
3513 3476 3654 3529 πλέον

2123 3572 2232 3625 τῶν
2264 3571 2440 3625 ἄλλων
2475 3573 2570 3627 καὶ
2597 3571 2687 3625 διά
2718 3571 2779 3624 τὸ
2814 3570 3080 3624 νεώτατον
3102 3570 3265 3624 αὑτὸν
3295 3566 3439 3623 εἶναι
3464 3568 3551 3622 καὶ
3581 3565 3655 3620 διὰ

2123 3665 2221 3735 τὴν
2251 3654 2560 3735 προσοῦσαν
2585 3662 2733 3732 αὐτῷ
2762 3663 2988 3735 ἀρετήν.
3043 3662 3159 3731 Ἐφ’
3187 3655 3230 3729 ᾧ
3278 3665 3374 3716 καὶ
3400 3660 3654 3729 φθονοῦσιν

2125 3755 2270 3824 αὐτῷ
2284 3754 2339 3808 οἱ
2371 3754 2591 3823 ἀδελφοὶ
2617 3754 2803 3808 αὑτοῦ.
2839 3755 2916 3809 Οὐ
2936 3754 3023 3808 διὰ
3054 3753 3229 3808 ταῦτα
3249 3753 3305 3806 δὲ
3330 3754 3505 3825 μόνον,
3542 3749 3654 3804 ἀλλὰ

2125 3849 2220 3899 καὶ
2239 3844 2328 3896 διὰ
2363 3844 2463 3906 τὰς
2482 3846 2701 3914 ὁράσεις
2720 3838 2796 3900 ὧν
2816 3847 3020 3908 ἐκεῖνος
3048 3845 3236 3912 γέγονε
3265 3843 3485 3915 θεωρός.
3501 3840 3653 3910 Ἐώρα

2125 3937 2235 4007 γάρ
2252 3937 2489 4008 ἀστέρας
2514 3937 2728 4003 ἕνδεκα,
2762 3937 2859 3991 σὺν
2883 3937 3064 4001 αὐτοῖς
3090 3954 3152 3989 τε
3178 3937 3270 3989 τὸν
3301 3935 3453 4007 ἥλιον
3480 3933 3654 4001 καὶτὴν

2128 4033 2376 4102 σελήνην,
2409 4047 2848 4102 προσκυνουντας
2872 4030 3056 4085 αὐτόν.
3088 4030 3198 4083 Καὶ
3223 4031 3273 4083 oi
3331 4030 3428 4099 μὲν
3451 4026 3653 4096 ἀστέρες

458 3667 734 3734 minimus,
766 3678 878 3723 tum
916 3669 1135 3725 virtutis
1182 3687 1523 3741 causawqua
1577 3673 1836 3743 singulari
1888 3690 2025 3744 pra:-

453 3854 672 3921 quidem
708 3869 816 3909 non
867 3854 970 3910 has
1022 3855 1093 3911 ob
1141 3870 1335 3910 causas
1371 3856 1557 3921 modo,
1619 3858 1810 3912 verum
1860 3858 2023 3912 etiam

458 3954 679 4013 propter
710 3946 1005 4009 insomnia,
1036 3961 1158 4015 quae
1181 3948 1229 4001 ei
1259 3960 1317 4002 se
1349 3956 1514 4001 noctu
1538 3946 1861 4003 oli‘erebant.
1886 3948 2023 4002 Nam

458 4036 637 4092 videre
649 4037 928 4091 videbatur
944 4038 1235 4106 aliquando
1261 4038 1444 4092 stellas
1479 4038 1731 4093 undecim
1751 4053 1872 4093 cum
1906 4041 2026 4107 ipso

456 4126 571 4180 sole
598 4140 660 4179 ac
688 4126 811 4179 luna
847 4142 908 4179 se
937 4127 1353 4196 congenulando
1379 4137 1724 4182 venerantes.
1751 4130 1828 4182 Ac
1857 4128 2025 4183 stellae

455 4218 677 4286 quidem
714 4218 844 4286 ipsa:
868 4218 1063 4273 fratres
1094 4219 1489 4288 signiﬁcabant,
1524 4218 1602 4274 sol
1638 4228 1866 4290 patrem,
1897 4220 2017 4276 luna

2124 4217 2182 4272 δὲ
2214 4218 2411 4288 σελήνη
2444 4217 2542 4287 τὴν
2576 4218 2809 4288 μητέρα.
2856 4215 2921 4270 El
2950 4216 3007 4269 δὲ
3041 4216 3191 4283 λέγει
3212 4231 3322 4278 τις,
3354 4213 3470 4277 πῶς
3504 4214 3533 4281 ἠ
3569 4210 3655 4279 μή·

460 4318 705 4363 matrem.
737 4308 936 4373 Quodsi
973 4311 1093 4379 quis
1120 4319 1270 4379 roget
1298 4326 1405 4380 quo
1436 4320 1595 4380 pacto
1619 4292 1831 4366 dicatur
1852 4321 2017 4366 mater

2125 4326 2231 4379 τηρ
2262 4309 2479 4377 λέγεται
2511 4309 2909 4378 προσκυνῆσαι,
2943 4308 3067 4361 ἐπεὶ
3094 4304 3490 4375 προαποθανεῖν
3516 4300 3655 4369 ἐφθαο

458 4416 581 4454 eum
613 4411 867 4457 venerata
905 4384 1045 4464 esse,
1081 4419 1201 4474 qum
1234 4404 1406 4459 multo
1444 4413 1571 4458 ante
1598 4404 1741 4460 diem
1777 4405 1828 4458 in
1867 4404 2017 4460 te’rris

2130 4419 2242 4465 σεν,
2293 4401 2538 4455 ἀκουέτω
2564 4401 2647 4454 ὅτι
2691 4402 2784 4454 τού
2819 4398 3020 4453 Ἰακὼϐ
3049 4397 3406 4459 κατελθόντος
3436 4399 3488 4449 ἐν
3515 4390 3654 4465 Αίγύ-

458 4508 771 4561 supremum
818 4494 1046 4559 obierat,
1101 4494 1146 4549 is
1175 4494 1304 4564 quid
1352 4495 1551 4550 dicturi
1595 4496 1765 4550 simus
1815 4496 2017 4550 audiat.

2127 4510 2246 4563 πτῳ
2290 4493 2385 4545 καὶ
2433 4493 2907 4561 προσκυνήσαντος
2946 4489 3436 4560 συμπροσκυνῆσαι
3472 4486 3655 4552 λέγεται

457 4581 592 4645 Cum
615 4583 849 4640 Iacobus
874 4585 926 4639 in
953 4584 1244 4656 Egyptum
1268 4588 1543 4657 profectus
1563 4586 1856 4657 Josephum
1894 4589 2017 4643 sub-

2127 4586 2224 4638 καὶ
2251 4585 2289 4652 ἡ
2314 4583 2449 4652 γυνὴ
2476 4583 2664 4649 αὑτοῦ,
2698 4583 2780 4636 ὅτι
2801 4584 2894 4636 καὶ
2926 4582 3084 4651 σῶμα
3108 4580 3167 4634 ἓν
3188 4580 3489 4650 ἀμφότεροι
3513 4569 3654 4631 οὗτοι.

460 4675 625 4729 tuisse
655 4685 947 4731 veneratus
969 4689 1071 4742 est,
1102 4680 1354 4734 eumdem
1379 4680 1429 4734 ei
1459 4679 1825 4734 venerationis
1849 4681 2017 4735 hono-

2129 4673 2339 4727 Οὐκοῦν
2372 4672 2630 4740 ἐφθόνουν
2669 4671 2817 4740 αὐτῷ
2845 4672 2933 4730 διὰ
2965 4671 3125 4725 τοῦτο
3159 4672 3212 4725 oi
3249 4671 3468 4738 ἀδελφοὶ
3492 4663 3653 4721 αὐτοῦ.

461 4776 574 4819 rem
614 4776 669 4820 et
719 4783 853 4822 uxor
903 4771 1221 4826 exhibuisse
1269 4772 1487 4835 dicitur,
1527 4773 1604 4826 uti
1657 4787 1775 4840 quae
1825 4786 2017 4841 corpus

2131 4766 2239 4818 Καὶ
2273 4764 2594 4833 φθονοῦντες
2637 4766 2719 4825 είς
2766 4762 3056 4832 ἐπιϐουλὴν
3088 4761 3373 4832 προδήλως
3427 4756 3652 4831 χωροῦσιν

459 4869 626 4908 unum
658 4871 779 4910 cum
812 4858 928 4926 ipso
955 4860 1262 4916 exsisteret.
1306 4862 1660 4932 Atque,hanc
1688 4863 1757 4917 ob
1804 4876 2017 4917 causam

2131 4860 2227 4912 καὶ
2270 4857 2584 4911 θανατῶσαι
2638 4856 2882 4917 θέλοντες
2928 4856 3093 4908 αὐτὸν
3142 4854 3470 4925 ἐμϐάλλουσι
3500 4851 3655 4909 λάκκῳ

460 4942 655 4998 fratres
690 4961 815 4999 eum
870 4948 1071 5003 invidia
1126 4953 1614 5021 persequebantur,
1645 4968 1749 5022 qua
1803 4953 2017 5022 quidem

2131 4949 2311 5020 δεινῷ.
2382 4949 2530 5013 Ἐνδς
2560 4950 2616 5002 δέ
2647 4967 2791 5013 τινος
2822 4949 3148 5018 ὑποθήκαις,
3181 4946 3383 5019 δηλαδὴ
3420 4943 3508 4997 τοῦ
3536 4941 3654 4992 Ῥουο

458 5033 678 5103 impulsi
707 5053 775 5092 eo
803 5054 1018 5108 quoque
1050 5042 1469 5111 progrediuntur
1512 5053 1568 5099 ut
1590 5043 1815 5098 insidias
1840 5044 1886 5098 ei
1910 5052 2017 5098 tna-

2133 5042 2231 5110 ϐἱμ
2262 5040 2358 5094 ἀτε
2390 5040 2726 5110 πρὸςοαύτὸν
2755 5038 2943 5108 φιλίως
2973 5037 3339 5106 διακειμένου,
3368 5034 3460 5088 τοῦ
3481 5033 3653 5085 λάκκου

2130 5148 2189 5183 τε
2219 5130 2382 5184 αὑτὸν
2409 5129 2693 5197 ἐξάγουσι,
2717 5128 2809 5182 καὶ
2838 5127 2978 5181 κατά
3007 5128 3106 5197 τὴν
3137 5124 3229 5179 τοῦ
3266 5126 3521 5196 Ἰωσήπου
3539 5122 3654 5173 ιστο-

2133 5223 2258 5295 ρίαν
2286 5223 2462 5275 εἴκοσι
2491 5222 2638 5290 μνῶν
2659 5224 2772 5284 τοῖς
2802 5219 3064 5290 ἐμπόροις
3094 5217 3424 5297 ἀποδιδόασι.
3457 5205 3653 5269 nam

2128 5316 2305 5370 ταῦτα
2340 5315 2475 5385 προς
2505 5315 2597 5368 τὸν
2624 5313 2841 5382 πατέρα
2881 5310 3310 5381 ἐπιστρέψαντες
3342 5308 3433 5363 τὸν
3461 5306 3550 5375 μὲν
3563 5302 3653 5353 Ἰω-

2133 5407 2238 5477 dli?
2267 5406 2450 5474 ἔλεγον
2474 5405 2551 5475 μὴ
2592 5405 2740 5468 ἰδεῖν,
2773 5403 2976 5474 χιτῶνα
2997 5402 3054 5455 δὲ
3078 5402 3271 5455 τούτου
3298 5399 3473 5469 εὑρεῖν
3498 5395 3648 5466 ᾑμαγ-

456 5499 621 5567 phum
656 5498 858 5557 animo.
908 5497 977 5551 de
1025 5498 1279 5569 voragine
1329 5514 1515 5554 rursus
1544 5516 1667 5554 cum
1710 5502 2017 5563 extrahunt,

2134 5498 2294 5568 μένον
2325 5499 2414 5550 καὶ
2432 5495 2844 5565 λελακισμένον,
2872 5494 2945 5556 ὼς
2980 5491 3229 5548 ἐντεῦθεν
3257 5491 3506 5545 ὑπόνοιαν
3534 5480 3649 5555 τάχα

457 5605 520 5647 ac
544 5590 730 5660 viginti
758 5590 921 5644 uzinis
956 5591 1064 5659 (sic
1090 5592 1234 5645 enim
1276 5591 1545 5662 losephus
1582 5594 1635 5647 in
1669 5593 1890 5647 historia
1926 5608 2017 5646 sua

2131 5588 2333 5642 διδόναι
2368 5587 2516 5656 παρὰ
2546 5586 2751 5656 θηρίων
2784 5586 2965 5639 ,αὑτὸν
3013 5583 3326 5637 ἀπολέσθαι.
3376 5575 3650 5641 Κατάγεται

2134 5677 2226 5734 οὖν
2255 5680 2404 5749 παρά
2431 5681 2535 5732 τῶν
2573 5679 2829 5747 ἐμπόριον
2859 5681 2937 5741 εἰς
2966 5677 3257 5747 Αἴγυπτον,
3286 5676 3378 5729 καὶ
3400 5672 3470 5735 ὡς
3496 5664 3650 5722 8θῦλοῖ

2125 4125 2348 4195 ἐδήλουν
2376 4124 2501 4186 τοὺς
2532 4123 2793 4194 ἀδελφοὺς
2823 4122 3009 4190 αὐτοῦ,
3036 4124 3065 4176 ὁ
3100 4122 3254 4193 ἥλιος
3275 4123 3367 4175 τὸν
3394 4117 3654 4191 πατέρσ.ή

458 5237 584 5276 nem
632 5232 832 5284 essent.
867 5224 1228 5293 periculosam
1269 5227 1323 5279 in
1376 5227 1687 5298 voraginem
1740 5228 2023 5298 abjieiunt.

458 5314 567 5369 Sed
603 5313 761 5387 1“
790 5316 952 5370 unius
978 5317 1259 5383 cujusdam
1291 5334 1320 5372 e
1358 5318 1616 5374 fratribus
1648 5320 1901 5381 consilio.
1930 5319 2023 5389 qui

459 5683 737 5738 memoriae
778 5683 1395 5753 prodidit)quibusdam
1450 5685 1846 5742 mercatoribus
1897 5700 2026 5738 ven-

2102 558 2200 610 καὶ
2229 556 2338 625 γάρ
2364 549 2519 618 οὗτος
2547 554 2816 624 ἀμφίϐιον
2845 555 3121 637 μέγιστον,
3160 555 3301 609 ὥστε
3324 554 3421 608 καὶ
3451 555 3659 625 ἐλέφαν-

3808 5218 3817 5231 1

3808 5258 3815 5269 ι

3804 5424 3813 5523 i

3796 5528 3811 5737 ί

3622 5965 3633 5971 .
3792 5746 3805 6071 i
