3862 6228
370 430 477 505 9.33

1631 444 2055 506 MlGH-AELIS
2095 441 2353 506 GLYu/ﬁ

3501 440 3606 505 εὶθὶ

372 573 600 626 eaqnam
643 558 787 612 enim
814 556 884 611 ad
954 572 1072 612 cam
1139 556 1458 613 felicitatem
1509 559 1869 628 pervenisset.
1926 558 2295 615 calamitatum
2333 557 2688 628 pristinarum
2752 546 3079 617 oblivionem
3133 560 3467 608 consecutus
3489 566 3627 607 crat.

391 646 712 720 I'Iphricmus
758 652 1075 705 tantundem
1103 663 1259 707 sonat
1285 668 1348 707 ac
1384 652 1430 706 si
1474 650 1646 715 dicas,
1717 651 1808 721 qui
1868 652 2115 717 restituit
2174 666 2334 717 eum;
2387 667 2509 705 nam
2574 649 2877 704 libertatem
2921 645 3219 716 majoribus
3270 645 3627 701 re~tituit.'Et

374 745 406 797 h
427 758 489 796 rc
514 741 732 811 quidem
762 742 815 795 in
850 732 1241 798 hunc‘modutn
1271 759 1525 799 evenere.

445 835 631 891 lacobi
662 846 844 905 autem
906 837 1001 891 lilii
1032 853 1156 891 cum
1210 839 1555 908 accepissent
1589 839 1718 910 quid
1760 839 1950 892 Siche—

2126 835 2188 885 Ol.
2219 833 2275 884 δέ
2298 849 2361 901 γε
2392 832 2486 885 τοῦ
2521 830 2717 885 ’ἰακὼὸ
2759 830 2865 885 υίοὶ
2885 829 3216 895 ἀκούσαντες
3247 832 3317 883 τὰ
3349 834 3498 902 παρὰ
3521 834 3630 889 Συ-

376 945 496 982 tnus
522 927 735 982 Emoris
759 928 899 983 illius
921 944 1044 983 cum
1070 946 1256 984 sorore
1280 948 1374 985 sua
1405 930 1535 985 Dina
1560 940 1950 1002 perpetrasset,

375 1022 556 1088 puncti
607 1028 757 1085 sunt,
794 1020 898 1075 hoc
927 1032 1013 1075 est
1051 1019 1243 1075 dolore
1278 1021 1475 1088 aﬂ'ccti,
1514 1033 1572 1077 ut
1610 1024 1701 1093 qui
1738 1023 1952 1078 facinus

376 1115 481 1169 hoc
509 1113 1193 1182 turpissimumducereut.
1230 1114 1414 1185 Itaque
1449 1125 1680 1170 cunctos
1704 1115 1806 1170 loci
1830 1115 1953 1184 ejus

376 1202 581 1256 incolas
633 1199 778 1254 ferro
837 1200 1202 1256 trucidarunt.
1259 1200 1626 1267 Quamobrem
1681 1205 1955 1260 concessit

375 1293 517 1347 Deus
551 1300 610 1344 ut
642 1292 777 1346 satis
808 1290 967 1362 longo
993 1300 1238 1361 tempore
1268 1292 1319 1344 in
1355 1292 1592 1366 Egypto
1620 1293 1952 1377 alllictaren—

256 1446 277 1453 η
375 1399 482 1439 tur.
516 1383 650 1438 Nam
681 1384 795 1438 haec
826 1399 990 1437 causa
1036 1383 1139 1437 fuit
1165 1386 1518 1453 quamobrem
1557 1387 1869 1441 diuturnam
1899 1393 1954 1440 et

376 1476 604 1539 primam
639 1474 786 1528 illam
828 1475 1201 1544 captivitatem
1235 1478 1635 1543 experirentur.
1677 1476 1950 1532 Caeterum

370 1563 627 1628 lacubus,
684 1564 979 1618 adventutn
1019 1563 1195 1633 ipsius
1227 1564 1505 1633 ﬂagitante
1558 1565 1812 1637 Josepho,
1848 1581 1954 1634 quo

376 1665 626 1723 tempore
655 1654 855 1709 fratres
884 1656 952 1710 ad
997 1656 1174 1726 ipsum
1221 1669 1445 1728 urgente
1503 1673 1733 1712 annonae
1778 1657 1957 1713 chari~

276 1786 281 1789 τ
372 1756 483 1801 tate
507 1761 566 1801 se
601 1748 970 1814 contulerant,
1026 1750 1079 1801 in
1112 1748 1405 1819 Aigyptum
1438 1750 1506 1803 75
1534 1764 1655 1805 cmn
1685 1750 1956 1820 capitibus

370 1844 454 1889 est
511 1836 808 1905 prolectus.
852 1840 1034 1905 Atque
1071 1838 1217 1891 hunc
1249 1853 1534 1891 nutuerunt
1580 1852 1796 1906 quoque
1843 1838 1956 1891 Lit-

373 1938 499 1980 ἐι-τε
537 1943 705 1981 sacrae
731 1928 949 1996 penitus
980 1929 1315 1996 exprimunt,
1351 1938 1408 1981 ιιι
1435 1940 1637 1996 quanta
1667 1928 1952 1983 hominum

376 2015 664 2070 multitudo
697 2025 981 2085 procreata
1017 2018 1083 2071 de
1143 2028 1219 2070 tot
1267 2017 1539 2088 capitibus
1580 2018 1747 2073 fuerit
1786 2022 1956 2074 scire-

379 2121 520 2161 mus.
551 2106 788 2162 Jacobus
824 2109 959 2178 ipse,
1013 2110 1473 2178 quemadmodum
1510 2110 1565 2163 in
1596 2111 1824 2166 historia
1857 2127 1951 2165 sua

2055 924 2162 993 χέμ
2192 924 2285 977 τοῦ
2319 923 2438 977 υίοῦ
2479 923 2665 994 Ἐμὼρ
2691 922 3037 994 γεγενημένα
3065 923 3158 976 ἐπὶ
3183 923 3260 993 hij
3295 924 3499 994 ἀδελφῇ
3530 928 3629 978 αὖ-

2053 1016 2162 1068 τῶν
2181 1017 2312 1086 Δινᾷ
2351 1015 2749 1083 κατενύγησαν,
2787 1015 2958 1084 ἤγουν
2989 1014 3363 1084 ἐλυπήθησαν,
3389 1017 3637 1085 ἀσχημο-

2057 1108 2226 1177 σύνην
2248 1110 2308 1160 τὸ
2329 1109 2564 1178 πρᾶγμα
2591 1107 2923 1175 ἐλογίσαντο.
2966 1105 3084 1175 Ἐφ’
3111 1100 3155 1174 ᾧ
3184 1107 3277 1160 καὶ
3309 1107 3437 1170 τοὺς
3453 1111 3631 1161 ἐκεῖσε

2058 1201 2461 1271 παροικοῦντας
2511 1200 2674 1271 ἔργον
2704 1202 2868 1269 φόνου
2916 1200 3302 1270 πεποιήκασιν.
3334 1200 3493 1253 Ὅθεν
3535 1201 3631 1252 καὶ

2057 1294 2333 1363 συγχωρεῖ
2365 1293 2561 1355 αὐτοὺς
2605 1293 2633 1345 ὁ
2682 1292 2815 1356 θεὸς
2852 1293 3043 1362 καιρὸν
3079 1293 3261 1367 ligava
3309 1293 3629 1363 κακωθῆναι

2057 1382 2175 1436 κατ’
2206 1383 2504 1449 Αἴγυπτον.
2536 1381 2686 1451 Αὕτη
2713 1380 2804 1435 οὖν
2833 1383 2867 1452 ἡ
2902 1381 3049 1435 αἰτία
3075 1382 3178 1448 τῆς
3212 1367 3511 1445 «eius;ch
3535 1383 3629 1436 καὶ

2057 1472 2286 1543 πρώτης
2339 1474 2716 1544 αἰχμαλωσίας
2750 1474 2952 1527 αύτῶνι
2990 1472 3048 1526 ’0
3094 1474 3278 1542 μέντοι
3314 1473 3507 1527 Ἰακὼϐ
3531 1475 3632 1543 ζηα-

2054 1560 2241 1631 τηθεὶς
2279 1562 2430 1630 παρὰ
2462 1561 2554 1614 τοῦ
2585 1562 2809 1633 Ἰωσὴφ,
2840 1562 3005 1633 ἡνίκα
3031 1561 3169 1630 πρὸς
3199 1560 3359 1614 αὐτὸν
3385 1560 3629 1632 ἀπῆλθον

2056 1652 2109 1704 οἱ
2139 1653 2361 1719 ἀδελφοὶ
2394 1652 2563 1706 αὐτοῦ
2610 1653 2697 1706 διὰ
2752 1654 2851 1723 τὴν
2890 1652 3137 1721 ἀνάγκην
3169 1650 3262 1704 τοῦ
3313 1650 3505 1720 λιμοῦ,⁴
3533 1666 3633 1704 κα-

2056 1744 2252 1812 τῆλθεν
2283 1746 2361 1806 είς
2396 1745 2675 1811 Αἴγυπτον
2701 1746 2760 1797 ἐν
2801 1741 2843 1797 o'
2866 1744 2961 1798 καὶ
3009 1741 3051 1797 ε’
3080 1743 3302 1814 ψυχαῖς.
3336 1742 3537 1812 Τίθησι
3571 1742 3629 1796 δί

2054 1835 2149 1886 τὸν
2186 1834 2421 1905 ἀριθμὸν
2449 1836 2481 1904 ἡ
2512 1834 2726 1904 Γραφὴ,
2759 1836 2846 1887 ῑνα
2880 1833 3141 1917 μάθωμεν
3169 1836 3234 1887 ἐκ
3263 1831 3448 1886 πόσων
3475 1833 3627 1885 πόσοι

2012 1946 2017 1949 ·
2059 1925 2367 1993 γεγόνασιν.
2405 1924 2467 1977 '0
2521 1925 2577 1977 δέ
2606 1942 2669 1993 γε
2706 1925 2909 1979 Ἰακὼϐ
2964 1923 3168 1994 μικροῦ
3220 1923 3331 1977 δεῖν
3378 1923 3627 1988 ἐξέλιπεν

2054 2016 2119 2068 ἐκ
2147 2015 2245 2084 τῆς
2273 2015 2682 2086 ἀπροσδοκήτου
2717 2015 2913 2086 χαρᾶς.
2945 2012 3020 2077 ὥς
3055 2029 3221 2082 φησιν
3251 2011 3540 2082 Ἰώσηπος,
3571 2008 3626 2064 εί

2060 2109 2133 2178 μὴ
2157 2106 2399 2176 ὁίωσὴφ
2430 2107 2595 2160 αὑτὸν
2623 2105 3049 2175 ἀνεζωπύρησεν
3070 2121 3084 2134 ·
3114 2107 3164 2158 εί
3210 2105 3319 2175 γὰρ
3351 2104 3446 2156 καὶ
3467 2103 3627 2165 αὐτὸς

375 2197 646 2270 Josephus
679 2202 949 2262 meminit,
1006 2216 1118 2270 prae
1153 2202 1476 2270 necopinato
1518 2202 1715 2271 gaudio
1760 2218 1950 2273 parum

2064 2197 2148 2266 ὑφ’
2173 2201 2369 2269 ἡδονῆς
2391 2201 2572 2267 ἥττων
2610 2198 2705 2251 τοῦ
2762 2197 2967 2260 πάθους
3014 2197 3262 2273 γέγονεν,
3291 2195 3408 2251 ἀλλ’
3438 2197 3501 2249 οὐ
3537 2194 3627 2247 τδν

376 2290 554 2361 abluit
588 2290 719 2359 quin
750 2291 1001 2358 exspirar
1040 2298 1076 2351 t,
1133 2289 1185 2342 tti
1220 2290 1466 2344 videlicet
1515 2289 1789 2360 Josephus
1826 2306 1951 2346 eum

378 2391 705 2446 recreasset,
737 2381 826 2447 qui
863 2379 1087 2452 tametsi
1112 2390 1165 2433 ct
1195 2381 1310 2449 ipse
1359 2382 1649 2450 voluptatis
1683 2384 1954 2454 magnitu-

375 2473 502 2526 d:ne
530 2482 904 2539 superaretur,
949 2487 1058 2525 non
1090 2483 1267 2525 tamen
1301 2475 1492 2527 eodem
1534 2475 1695 2528 modo
1729 2491 1838 2543 quo
1865 2473 1954 2529 Ja-

375 2565 544 2617 cobus
571 2563 926 2618 afﬁciebatur.
958 2560 1137 2631 Atque
1167 2565 1254 2617 hic
1295 2578 1418 2617 cum
1451 2563 1662 2618 Pharao
1689 2562 1954 2619 Jacobum

371 2657 482 2725 jam
516 2671 710 2710 canunt
741 2656 1066 2721 intueretur,
1112 2665 1243 2726 quot
1282 2665 1445 2710 natus
1496 2666 1641 2713 esset
1666 2672 1839 2712 annos
1872 2658 1956 2712 iu-

379 2758 636 2818 terrogat.
669 2746 983 2816 Respondet
1013 2749 1055 2801 is
1089 2750 1227 2803 hanc
1259 2748 1316 2803 in
1349 2751 1715 2804 sententiam:
1753 2769 1772 2801 ι
1807 2749 1956 2805 Anni

276 2842 287 2849 '
376 2838 500 2893 vita.
537 2854 692 2905 meae,
749 2854 888 2908 quos
943 2840 1322 2910 peregrinatus
1355 2856 1502 2904 sum,
1538 2842 1780 2897 'outnino
1828 2853 1957 2898 sunt

377 2940 596 2986 centum
633 2941 688 2986 et
710 2933 952 3003 triginta,
983 2949 1121 3003 quos
1144 2933 1292 3002 ipsos
1315 2950 1447 2989 sane
1474 2950 1679 3003 paucos
1702 2946 1757 2990 et
1787 2937 1958 2991 malos

375 3032 633 3091 expertus
666 3040 785 3078 sum
820 3024 885 3079 “.
931 3043 950 3076 ι
990 3024 1119 3090 Quae
1145 3026 1368 3095 quidem
1421 3027 1582 3082 verba
1616 3035 1838 3098 propter
1864 3044 1958 3083 eas

377 3116 704 3171 alliictiones
755 3128 809 3171 et
858 3132 1133 3171 terumnas
1184 3116 1411 3184 protulit
1464 3133 1600 3188 quas
1660 3136 1957 3189 perpessus

377 3206 749 3262 l'uerat.~Vixit
772 3218 954 3281 autem
976 3210 1045 3264 ab
1064 3210 1165 3264 hoc
1187 3217 1429 3279 tempore
1446 3211 1758 3278 quindecim
1781 3211 1960 3268 adhuc

374 3315 567 3365 annos,
586 3301 780 3372 quibus
803 3298 1052 3356 nonnihil
1072 3303 1282 3358 scilicet
1302 3319 1331 3358 a
1350 3303 1770 3369 calamitatibus,
1803 3306 1964 3378 146

385 3407 524 3461 quas
555 3393 792 3446 antehac
830 3393 1147 3462 pertulerat,
1187 3405 1545 3449 retrearelur.
1594 3395 1661 3450 Et
1706 3397 1961 3452 vivebant

2055 2292 2217 2345 αὑτὸν
2241 2291 2444 2361 τρόπον
2462 2291 2539 2362 τῷ
2555 2290 2767 2349 Ἰακώϐ,
2785 2292 2843 2345 '0
2873 2292 3056 2360 μέντοι
3084 2272 3283 2359 Φαραῖὶ)
3304 2287 3488 2343 πολιὸν
3509 2288 3626 2341 ίδὼν

2056 2383 2144 2435 τὸν
2161 2380 2349 2435 Ἰακὼὸ
2370 2380 2549 2451 ἐρωτᾷ
2566 2379 2817 2451 περὶτῶν
2833 2380 2970 2434 ἐτῶν
2996 2379 3180 2434 αὐτοῦ.
3202 2380 3311 2432 Καὶ
3323 2379 3380 2440 ὃς
3399 2379 3627 2446 ἀπεκρὶ-
3728 2406 3733 2411 -

2056 2492 2184 2528 νατο
2205 2475 2377 2541 λέγων
2402 2490 2414 2503 ο
2458 2491 2476 2524 ι
2507 2474 2570 2525 Δί
2597 2473 2803 2542 ἡμέραι
2827 2470 2937 2525 τῶν
2956 2471 3092 2524 ἐτῶν
3117 2469 3218 2541 τῆς
3248 2468 3394 2540 ζωῆς
3418 2485 3522 2540 μου
3561 2469 3626 2532 ἃς

2057 2566 2330 2636 παροικῶ,
2356 2566 2432 2635 pi!
2475 2567 2593 2635 ἐτη.
2647 2567 2843 2635 μικραὶ
2891 2565 2985 2617 καὶ
3018 2564 3255 2635 πονηραὶ.
3287 2563 3565 2633 γεγόνασι.
3599 2577 3620 2613 ο

2057 2660 2239 2713 Ταῦτα
2264 2659 2319 2712 δέ
2347 2658 2497 2724 ἔλεγε
2519 2656 2589 2709 δι’
2610 2655 2704 2721 οὓς
2728 2655 2935 2725 ὑπέστη
2964 2655 3323 2725 πειρασμούς.
3363 2654 3624 2725 Ἐπέζησε

2056 2751 2112 2806 δὲ
2147 2749 2285 2821 μετὰ
2312 2749 2487 2804 ταῦτα
2519 2750 2613 2820 ἔτη
2649 2756 2710 2803 ιε’
2741 2727 3187 2835 είςχπαρὰκλησιν
3211 2741 3288 2802 ὧν
3314 2747 3484 2803 ἔπαθε
3521 2750 3626 2802 δει-

2061 2844 2169 2898 νῶν
2218 2844 2289 2897 τὰ
2328 2845 2437 2914 πρὸ
2469 2842 2588 2901 τοῦ.
2621 2844 2730 2896 Καὶ
2753 2845 2801 2896 οί
2832 2842 2932 2911 μὲν
2968 2841 3191 2896 παλαιοὶ
3234 2841 3400 2895 πολὺν
3437 2842 3627 2912 χρόνον

2058 2931 2220 2997 ἔζων,
2255 2932 2396 2984 ὥστε
2429 2929 2732 2999 αὐξηθῆναι
2752 2930 2814 2982 τὸ
2840 2929 2997 2998 γένος
3020 2933 3081 2982 ἐν
3097 2929 3174 3001 τῷ
3204 2929 3408 2984 πλείονι
3431 2932 3622 2999 χρόνῳ.

2058 3027 2157 3079 Διά
2193 3023 2351 3076 τοῦτο
2375 3027 2470 3077 καὶ
2498 3022 2729 3085 πολλαῖς
2752 3022 3090 3094 συνήπτοντο
3122 3021 3386 3090 γυναιξίν.
3416 3021 3625 3076 Αὐτίκα

2059 3117 2191 3186 γοῦν
2229 3117 2324 3169 καὶ
2368 3114 2507 3186 μετὰ
2559 3115 2648 3168 τὸν
2693 3113 3082 3184 κατακλυσμὸν
3119 3113 3411 3185 μακρόϐιοι
3463 3109 3623 3185 ἦσαν.

2074 3209 2293 3279 Ἐπειδὴ
2329 3208 2384 3261 δὲ
2428 3208 2525 3279 τὴν
2564 3208 2894 3278 οἰκουμένην
2950 3206 3299 3278 ἐπλήρωσαν,
3342 3206 3624 3276 ἠλαττώθη

2062 3301 2252 3357 λοιπὸν
2281 3301 2310 3354 ὁ
2342 3301 2450 3354 τῶν
2480 3300 2618 3355 ἐτῶν
2662 3301 2916 3371 ἀριθμός.
2964 3301 3120 3353 Κατὰ
3151 3300 3208 3353 δὲ
3241 3301 3331 3352 τὸν
3356 3300 3625 3353 θειότατον

2064 3392 2361 3463 Κύριλλον,
2394 3391 2686 3460 ἠλαττώθη
2720 3394 2788 3444 τὰ
2818 3393 2914 3460 ἔτη
2948 3391 3035 3445 διὰ
3062 3391 3123 3445 τὸ
3148 3390 3245 3463 τὴν
3272 3393 3434 3461 φύσιν
3460 3393 3623 3461 αὐτὴν

391 3499 525 3537 sane
559 3484 772 3553 longam
810 3494 1024 3539 aetatem
1070 3486 1319 3541 homines
1341 3487 1416 3540 illi
1449 3487 1633 3557 prisci,
1661 3503 1768 3557 quo
1793 3505 1957 3560 genus

2064 3484 2473 3555 ἀδρανεστέραν
2500 3481 2579 3553 τῷ
2602 3482 2779 3553 χρόνῳ
2811 3482 3064 3553 γενέσθαι
3095 3484 3191 3538 καὶ
3217 3483 3293 3554 μὴ
3324 3486 3417 3537 ἐπὶ
3447 3484 3623 3537 πλείοο

393 3575 689 3628 humanum
717 3577 771 3629 in
806 3576 1102 3647 majoribus
1157 3576 1267 3630 illis
1292 3578 1417 3632 vitae
1444 3579 1633 3648 spatiis
1658 3595 1724 3633 co
1750 3579 1961 3635 felicius

390 3677 783 3737 propagaretur
817 3677 871 3721 et
917 3668 1358 3737 ampliﬁcaretur.
1396 3671 1590 3724 Eadem
1641 3686 1803 3726 causa
1862 3671 1963 3728 fuit

385 3775 486 3811 cur
514 3758 762 3828 pluribus
787 3760 947 3814 simul
986 3760 1248 3814 uxoribus
1275 3761 1446 3830 juncti
1483 3773 1684 3816 essent.
1719 3760 1846 3816 Post
1876 3763 1960 3816 di-

382 3851 599 3906 luvium
639 3852 861 3921 quidem
892 3861 1043 3907 eerte
1073 3852 1273 3907 multos
1307 3854 1486 3907 adhuc
1522 3852 1958 3919 annos,vivendo

379 3946 687 4015 explebant.
719 3947 789 4000 At
839 3944 929 3999 ubi
998 3945 1255 4014 paulatim
1327 3948 1517 3999 orbem
1573 3952 1841 4000 terrarum
1906 3943 2296 4012 complessent,
2343 3955 2610 3995 anuorum
2660 3946 2822 3994 etiam
2893 3939 3012 3995 vita:
3056 3956 3315 3996 numerus
3376 3941 3645 4011 imminui.
3710 3940 3725 3949 “

2070 3593 2155 3628 σιν
2210 3574 2417 3644 ἰσχύειν
2462 3573 2608 3628 ἔτεσι
2664 3573 3137 3645 παρεκτείνεσθαι.
3173 3575 3284 3628 Καὶ
3346 3573 3623 3637 πολυετεῖς

2071 3666 2171 3733 μὲν
2208 3661 2358 3737 ἦσαν
2384 3667 2433 3718 οἱ
2465 3665 2689 3721 παλαιοὶ
2725 3666 2796 3718 δι’
2829 3665 2895 3736 ἢν
2932 3666 3114 3719 αἰτίαν
3146 3665 3378 3735 ἔφθασεν
3405 3668 3435 3719 ὁ
3476 3666 3622 3735 λόγος

2032 3757 2278 3833 δἐἰπεῖν·
2320 3757 2349 3808 ὁ
2407 3755 2463 3809 δὲ
2520 3755 2785 3823 Ἰώσηπος
2837 3758 2904 3827 τῇ
2964 3757 3447 3849 παρευρισκομένῃ
3503 3758 3621 3811 τότε

2066 3850 2241 3920 τροφῇ
2286 3847 2619 3917 μακροδίους
2650 3846 2904 3916 γενέσθαι
2935 3848 3060 3911 τοὺς
3102 3846 3421 3920 ἀνθρώπους
3451 3850 3618 3918 ἔλεγε.

380 4042 568 4112 coepit.
606 4040 807 4106 Quodsi
842 4040 1067 4095 credere
1094 4039 1294 4111 Cyrillo
1322 4042 1606 4105 debemus,
1663 4042 1779 4096 viro
1811 4038 2179 4102 divinissimo,
2236 4036 2324 4090 illa
2394 4052 2621 4106 quoque
2679 4037 2748 4091 de
2808 4052 2970 4092 causa
3010 4038 3291 4092 hominum
3342 4039 3499 4095 annis
3527 4039 3621 4092 ali-

381 4136 513 4206 quid
542 4134 796 4195 decessit,
840 4133 986 4202 quod
1013 4134 1127 4203 ipsa
1177 4144 1368 4187 natura
1418 4135 1679 4205 paulatim
1723 4137 1956 4192 debilior
1994 4137 2087 4192 ﬁat
2127 4144 2181 4188 et
2204 4134 2270 4189 ad
2310 4134 2496 4205 plures
2533 4150 2707 4190 annos
2737 4150 2796 4191 se
2828 4151 3150 4191 conservare
3178 4136 3433 4207 nequeat.

456 4230 661 4285 Genuit
685 4237 889 4294 autem,
925 4243 1022 4283 ceu
1053 4228 1163 4299 jam
1198 4237 1327 4284 ante
1371 4232 1706 4297 monuimus,
1736 4234 1963 4300 patriar-

383 4320 520 4375 chas
557 4317 792 4375 Jacobu's
822 4318 1132 4384 duodecim,
1158 4335 1187 4374 a
1243 4320 1441 4389 quibus
1471 4323 1757 4378 duodecim
1793 4322 1964 4389 Israe-

386 4414 503 4467 licae
526 4412 698 4466 tribus
720 4419 851 4466 orL-e
872 4422 1023 4466 sunt.
1048 4410 1261 4466 Etenim
1288 4413 1427 4469 hanc
1455 4414 1626 4484 ipsam
1647 4416 1717 4470 ob
1742 4431 1958 4472 causam
1996 4482 1999 4485 ν

386 4502 440 4555 itt
465 4499 686 4555 Litteris
706 4503 873 4556 sacris
902 4500 1166 4570 appellari
1191 4502 1513 4572 patriarcha.-
1535 4516 1959 4574 consueverunt,

385 4592 541 4662 quasi
580 4592 787 4660 patrion
819 4591 1131 4652 archontes.
1165 4593 1215 4646 id
1249 4603 1333 4649 est
1384 4595 1620 4649 tribuum
1654 4599 1766 4651 sive
1804 4597 1964 4652 fami-

384 4681 582 4737 liarum
620 4684 918 4753 principes.
940 4682 1278 4753 Epiphanius
1325 4686 1561 4755 scripsit,
1600 4687 1773 4742 tribus
1803 4689 1965 4742 exsti-

2137 4231 2248 4286 Καὶ
2272 4231 2441 4301 γεννᾷ
2464 4230 2583 4299 μὲν,
2605 4232 2679 4295 ὡς
2704 4233 2939 4302 εἴρηται,
2972 4233 3096 4296 τοὺς
3122 4233 3330 4288 δώδεκα
3357 4235 3621 4305 πατριάρ-

2062 4348 2163 4401 χας
2190 4332 2218 4384 ὁ
2267 4332 2489 4396 Ἰακὼϐ,
2521 4332 2612 4401 ἀφ’
2643 4329 2718 4385 ὧν
2748 4334 2804 4386 αἱ
2831 4331 3040 4386 δώδεκα
3058 4331 3218 4401 φυλαὶ
3244 4331 3339 4385 τοῦ
3377 4331 3616 4403 Ἰσραήλ·

2061 4423 2150 4477 διὰ
2180 4424 2289 4495 γὰρ
2319 4425 2479 4478 τοῦτο
2503 4425 2599 4478 καὶ
2630 4425 2973 4497 πατριάρχας
3016 4429 3221 4489 ἐκεῖνος
3251 4430 3280 4480 ὁ
3319 4427 3475 4495 λόγος
3500 4427 3617 4480 ἐκά-

2063 4514 2221 4567 λεσεν
2247 4519 2326 4579 ὡς
2363 4517 2474 4571 τῶν
2504 4517 2750 4588 πατριῶν
2802 4517 2923 4587 ἦτοι
2948 4517 3060 4570 τῶν
3120 4518 3302 4587 φυλῶν
3340 4519 3615 4589 ἄρχοντας.

2064 4609 2220 4662 Κατὰ
2250 4608 2306 4661 δὲ
2352 4611 2443 4663 τὸν
2497 4611 2674 4679 μέγαν
2709 4609 3030 4679 Ἐπιφάνιον
3067 4610 3200 4664 δέκα
3255 4612 3350 4665 καὶ
3393 4614 3539 4681 τρεῖς
3569 4611 3618 4664 al

2063 4699 2251 4766 φυλαί.
2302 4702 2362 4754 El
2403 4702 2511 4771 γὰρ
2546 4705 2639 4754 καὶ
2680 4702 2820 4773 φυλή
2863 4719 2948 4766 τις
2983 4702 3083 4756 οὐκ
3112 4703 3261 4756 ἔστιν
3285 4705 3348 4757 ἐκ
3382 4703 3478 4757 τοῦ
3518 4705 3612 4757 'lw-

384 4774 517 4829 tisse
557 4774 835 4828 tredecim.
866 4774 1185 4844 Quanquam
1248 4776 1393 4831 enim
1442 4794 1505 4831 ex
1547 4775 1784 4848 Josepho
1815 4780 1957 4834 nulla

2064 4790 2189 4861 σὴφ,
2241 4792 2359 4844 ἀλλ’
2402 4795 2456 4846 αί
2510 4795 2618 4847 ἁπδ
2663 4795 2774 4847 τῶν
2809 4795 3009 4849 παίδων
3044 4795 3234 4861 αὐτοῦ,
3278 4796 3374 4848 τοῦ
3415 4813 3473 4849 τε
3500 4797 3614 4850 Μαι

385 4867 558 4921 tribus
596 4876 681 4921 est
716 4867 1087 4932 denominata,
1131 4868 1251 4922 duae
1277 4877 1456 4923 tamen
1488 4868 1590 4923 illa:
1623 4870 1816 4937 tribus,
1840 4887 1957 4940 quae

2064 4883 2231 4953 νασσῆ
2270 4883 2364 4936 καὶ
2389 4884 2487 4936 τοῦ
2535 4885 2795 4958 Ἐφραῖμ,
2826 4888 2920 4941 δύο
2941 4886 3103 4955 φυλαὶ
3127 4886 3224 4939 τοῦ
3259 4888 3468 4958 Ἰωσὴφ
3488 4904 3616 4957 γνω-

386 4975 416 5013 a
444 4959 568 5013 liliis
599 4960 721 5029 ejus
767 4958 1015 5014 Manasse
1043 4975 1106 5015 ac
1144 4958 1440 5029 Ephraimo
1481 4960 1739 5029 profecta:
1790 4972 1916 5017 sunt
1941 5003 1957 5028 ,

386 5048 625 5129 Joscpho
648 5060 1006 5104 accensentur
1031 5059 1086 5104 et
1121 5051 1458 5106 tribuuntur.
1493 5051 1599 5106 Sed
1621 5054 1767 5106 enim
1798 5053 1964 5108 Levia

392 5141 538 5195 tribu
568 5143 831 5209 detracta,
870 5141 946 5195 uti
998 5158 1119 5211 qua:
1150 5142 1289 5196 nihil
1329 5143 1473 5198 inter
1505 5143 1742 5214 reliquas
1787 5146 1960 5200 ttihus

392 5232 616 5288 haberet
640 5233 871 5298 fructus,
894 5249 1106 5289 rursum
1126 5234 1302 5289 tribus
1325 5235 1611 5290 duodecim
1631 5236 1959 5293 efﬁciuntur.

391 5324 520 5379 Erat
569 5326 713 5379 inter
763 5335 989 5380 caeteros
1038 5324 1224 5380 Jacobi
1261 5327 1401 5380 lilios
1450 5325 1668 5395 Levius,
1701 5329 1793 5399 qui
1823 5330 1958 5383 Caa-

2059 4974 2323 5044 ρίζονται.
2359 4977 2551 5047 Ὅμως
2584 4980 2769 5046 μέντοι
2803 4979 2899 5048 τῆς
2930 4978 3062 5032 Λευῒ
3098 4978 3272 5047 φυλῆς
3307 4968 3649 5049 ὑπεξαιρον

2074 5064 2241 5135 μένης
2262 5066 2336 5128 ὼς
2357 5068 2523 5137 μηδὲν
2544 5068 2947 5138 ἐργαζομένης,
2965 5067 3171 5122 δώδεκα
3188 5069 3350 5120 πάλιν
3363 5070 3419 5120 αἱ
3445 5065 3612 5135 φυλαί.

2069 5154 2178 5206 Καὶ
2225 5156 2423 5207 Ἰακὼό
2494 5156 2594 5226 μὲν
2650 5159 2817 5228 γεννᾷ
2877 5158 2966 5209 τὸν
3030 5157 3185 5224 Λευῒ,
3240 5157 3373 5211 Λευτ
3438 5157 3494 5208 δὲ
3535 5156 3616 5206 τὶν

2069 5243 2245 5318 tta-so,
2284 5244 2436 5298 Καὰο
2473 5245 2528 5299 δὲ
2568 5249 2659 5298 τὸν
2698 5248 2940 5317 Ἀμρὰμ,
2976 5248 3197 5318 ’Ᾱμρὰμ
3222 5248 3278 5299 δὲ
3303 5248 3394 5299 τὸν
3427 5246 3614 5300 Μωσέα

2067 5336 2160 5386 καὶ
2194 5337 2283 5386 τὸν
2311 5335 2543 5405 Ἀαρὼν.
2573 5338 2677 5390 Καὶ
2703 5337 2909 5405 Μωσῆς
2943 5338 3041 5404 μὲν
3062 5338 3215 5400 ἕκτος
3239 5337 3610 5405 ἁπὺᾺόραᾰμ.

388 5421 540 5478 thum
589 5419 921 5490 procreavit;
979 5436 1042 5474 ex
1076 5420 1281 5474 Caatho
1312 5429 1473 5474 natus
1507 5430 1590 5475 est
1629 5425 1951 5493 Amramus;
1990 5426 2280 5482 Autramus
2315 5430 2515 5485 Mosem
2555 5439 2609 5485 et
2667 5431 2942 5485 Aarouem
2984 5431 3290 5501 progenuit.
3326 5430 3437 5485 lloc
3468 5428 3612 5483 modo

386 5526 573 5569 sextus
604 5514 672 5567 ab
701 5512 1010 5566 Abrahamo
1041 5512 1142 5566 fuit
1175 5513 1371 5568 Moses.

320 5588 327 5593 ’
457 5609 540 5661 Ab
589 5609 781 5661 eodem
839 5606 1141 5659 Abrahamo
1172 5606 1216 5658 si
1242 5602 1366 5659 Jobi
1401 5603 1618 5675 generis
1649 5602 1844 5658 seriem
1872 5611 1958 5659 're-

387 5710 565 5768 petas,
607 5699 980 5768 deprehendes
1019 5713 1143 5753 cum
1190 5697 1258 5754 ab
1305 5698 1393 5754 illo
1441 5697 1609 5752 fuisse
1659 5697 1954 5765 quintum,

459 5863 507 5898 ⁸⁸
544 5864 680 5918 Gen.
721 5878 790 5929 tv,
821 5866 872 5919 9.

2148 5609 2392 5661 Ἐκεῖθεν
2447 5609 2935 5680 γενεαλογούμενος
2958 5611 2985 5663 ὁ
3020 5609 3143 5663 Ἰὼϐ
3197 5610 3447 5680 πέμπτος
3478 5609 3612 5680 εὑρί-

2069 5712 2280 5751 σκεται.
2311 5691 2479 5760 Οὗτος
2508 5702 2535 5752 ὁ
2554 5699 2675 5752 ’1ὼό
2698 5701 2837 5754 κατὰ
2864 5701 2960 5771 τὴν
2976 5701 3069 5761 τοῦ
3100 5702 3341 5772 μεγάλου
3363 5700 3608 5772 Κυρίλλου
3654 5700 3655 5707 “
