3862 6228
136 479 223 552 235
1337 478 1748 541 ANNALIUM
1798 481 1986 539 PARS
2033 476 2110 543 tt.

3251 477 3280 537 Ξ
3291 477 3358 537 εδ

135 605 362 670 ἐξήγησιν
391 599 526 652 ἐτῶν
561 606 601 652 o'
625 601 717 652 καὶ
737 601 790 668 η’
820 595 885 668 ἦν
916 601 1056 652 κατὰ
1090 601 1186 670 τὴν
1229 600 1402 669 ἀρχὴν
1436 600 1529 652 τοῦ
1567 617 1667 653 πει-

1785 599 1887 653 hoe
1928 609 2009 653 est
2043 597 2361 654 ‘Abraltatni
2408 599 2752 666 adut-potem.
2808 596 2981 664 Atque
3033 596 3120 651 hic
3165 596 3355 658 Johns.

137 693 342 764 ρασμοῦ,
368 695 425 743 ὲν
448 692 504 744 δὲ
545 696 611 763 τῇ
647 694 826 764 πληγῇ
857 693 1174 756 διατελέσας
1214 693 1310 762 ἐτη
1351 695 1491 746 ἐπτὰ
1515 694 1676 761 γέγο-

133 799 208 838 νεν
237 785 364 836 ἐτῶν
403 790 507 835 πε’.
533 784 642 835 Καὶ
671 783 832 836 πόθεν
866 783 1027 836 τοῦτο
1059 785 1256 854 δῆλονς
1297 787 1362 837 ἐκ
1392 786 1505 836 τῶν
1535 782 1674 852 μετά

136 879 217 948 τὴν
258 874 461 945 πληγὴν
499 874 767 928 δοθέντων
811 875 963 942 αύτῷ
1012 883 1084 946 90'
1126 877 1288 932 ἑτῶν.
1321 876 1542 946 Ἐπειδὴ
1569 876 1674 944 7&9

135 971 200 1029 είς
227 966 280 1018 τὸ
311 965 601 1020 ’διπλάσιον
629 966 829 1020 δέδωκε
862 968 1043 1021 πάντα
1094 969 1170 1038 τῷ
1213 968 1335 1022 Ἰὼϐ
1369 969 1598 1037 ὕστερον
1645 969 1675 1020 ὁ

135 1059 264 1121 Θεὸς,
294 1055 349 1121 ἐξ
375 1058 623 1126 ἀνάγκης
643 1057 810 1111 διπλᾶ
845 1060 939 1111 καὶ
965 1060 1034 1112 τὰ.
1064 1060 1156 1129 ἐτη
1174 1060 1324 1132 αὐτῷ
1354 1062 1670 1129 ἐχαρίσατο.

135 1148 315 1203 Ούκοῦν
335 1148 440 1201 τῶν
469 1147 547 1218 ρο¹
575 1149 639 1202 τὰ
666 1151 840 1220 ἡμίση
877 1157 933 1203 π’
961 1151 1056 1204 καὶ
1085 1151 1522 1223 ε’τυγχάνουσιν.
1557 1153 1676 1208 Ἐν-

132 1242 292 1296 τεῦθεν
322 1237 417 1296 οὖν
444 1242 796 1311 εὑρίσκονται
822 1243 891 1296 τὰ
924 1243 1106 1296 πάντα
1142 1243 1234 1314 ἐτη
1266 1243 1361 1296 τοῦ
1393 1245 1514 1297 Ἰὼϐ
1545 1252 1672 1301 σνε’.

135 1333 184 1386 ΕΞ
225 1332 276 1384 δέ
332 1349 391 1400 γε
441 1333 535 1384 τὸν
581 1316 759 1386 πάντᾶ
799 1334 993 1402 χρόνον
1037 1338 1135 1403 τῆς
1168 1334 1314 1402 ζωῆς
1339 1335 1502 1387 αὐτοῦ
1545 1335 1675 1405 σμη⁹

133 1425 210 1494 ἐτη
232 1424 367 1493 λέγει
409 1426 442 1495 ὴ
474 1425 690 1496 Γραφὴ,
724 1426 800 1495 μὴ
842 1423 1124 1496 ξενισθῇς·
1166 1427 1234 1480 τὰ
1269 1429 1375 1498 7&9
1405 1429 1544 1481 ἑπτά
1581 1429 1673 1500 ἔτη

132 1521 187 1586 τῇ
229 1517 329 1587 ζωῇ
375 1519 474 1587 τῆς
507 1517 725 1588 πληγῆς
772 1519 939 1571 αὑτοῦ
977 1521 1041 1572 ού
1095 1521 1332 1591 συνῆψεν
1374 1525 1403 1575 ό
1436 1539 1674 1593 συγγρα-

133 1611 263 1674 φεὺς,
305 1610 420 1661 ἐπεὶ
457 1609 534 1680 μὴ
573 1609 716 1680 ζωῆς
747 1612 943 1680 χρόνον
966 1611 1057 1664 τὸν
1095 1613 1194 1682 τῆς
1235 1613 1451 1684 πληγῆς
1480 1616 1674 1684 καιρὸν

131 1702 382 1768 ἐλογίσατο
409 1701 497 1755 διὰ
529 1705 630 1772 τὴν
651 1706 718 1756 ὲκ
762 1705 858 1757 τοῦ
899 1706 1108 1771 πάθους
1137 1708 1424 1776 νέκρωσιν.
1463 1709 1676 1762 Οὐκοῦν

133 1792 280 1844 ἔοικεν
304 1793 331 1845 ὁ
355 1795 630 1865 μακάριος
651 1795 772 1849 Ἰὼϐ
805 1798 884 1859 είς
921 1797 1148 1864 ἔνδειξιν
1170 1799 1277 1850 τῶν
1313 1797 1496 1851 θεόθεν
1524 1799 1674 1868 αὐτῷ

132 1884 360 1937 δοθέντων
395 1887 625 1954 ἀγαθῶν
658 1887 888 1958 ὕστερον
925 1892 1045 1953 ταῖς
1080 1891 1385 1962 θυγατράσι
1429 1892 1676 1944 τεθεικέ-

1778 692 2238 760 quetnadtnodntn
2289 708 2318 744 a
2361 705 2556 760 magno
2609 689 2699 741 illo
2750 689 2950 758 (lyrillo
2997 690 3296 756 perscripta
3325 711 3354 739 ll

1777 785 2032 855 legimus,
2071 783 2230 838 initio
2253 799 2365 838 suae
2389 781 2708 836 tentationis
2736 795 2913 833 annos
2935 789 3095 833 natus
3124 792 3241 856 erat
3268 781 3352 845 73,

1775 895 2008 947 cumque
2033 911 2035 914 -
2056 889 2198 933 latos
2227 893 2403 931 annos
2439 886 2646 946 septem
2685 876 2740 928 in
2789 875 2924 928 istac
2957 889 3196 927 aerumna
3225 892 3356 927 etc-

1775 970 1964 1039 gisset,
2000 969 2244 1039 pervenit
2282 970 2493 1025 scilicet
2522 970 2589 1023 ad
2625 969 2802 1023 :etatis
2840 983 3042 1021 annum
3069 969 3160 1022 85.
3201 969 3362 1044 Unde.

1775 1079 1902 1119 tero
1937 1073 2117 1130 potest
2147 1063 2250 1117 hoc
2277 1061 2500 1131 colligi?
2534 1061 2609 1114 De
2644 1061 2804 1114 annis
2831 1059 2937 1114 illis
2969 1059 3090 1123 ΠΟ,
3123 1075 3354 1126 quorum

1776 1165 1898 1224 post
1928 1155 2134 1222 plagam
2170 1154 2222 1206 in
2247 1153 2474 1207 historia
2518 1153 2577 1205 lit
2610 1151 2836 1205 mentio.
2871 1150 3004 1204 Nam
3033 1150 3158 1218 quia
3209 1153 3360 1202 dein.

1775 1263 1905 1316 ceps
1943 1248 2169 1315 duplum
2199 1246 2445 1300 omnium
2497 1245 2638 1298 Deus
2674 1243 2812 1298 Jobo
2840 1246 3133 1306 concessit,
3165 1261 3357 1298 ncces-

1775 1337 1921 1392 sario
1951 1335 2300 1391 statuendum
2352 1344 2438 1390 est
2465 1334 2607 1404 quod
2641 1335 2690 1389 ei
2733 1336 2956 1404 duplum
2991 1334 3153 1389 etiam
3186 1349 3360 1387 anuo-

1778 1445 1896 1482 rtttn
1930 1429 2054 1482 vita:
2097 1428 2323 1497 largitus
2360 1427 2546 1482 fuerit.
2579 1425 2698 1480 1am
2754 1427 2802 1481 si
2836 1427 2900 1480 de
2934 1426 3037 1480 170
3085 1427 3245 1480 annis
3275 1427 3361 1480 di-

1777 1522 2008 1575 midium
2033 1535 2237 1584 sumas,
2265 1520 2334 1574 85
2367 1519 2628 1583 habebis;
2680 1529 2844 1590 atque
2891 1520 3017 1572 hinc
3049 1518 3359 1582 deprehen-

1777 1614 1925 1668 ditur
1961 1629 2134 1668 annos
2173 1616 2299 1667 vita:
2336 1612 2458 1669 Jobi
2517 1613 2686 1667 fuisse
2746 1614 2798 1664 in
2852 1611 3171 1666 universum
3227 1611 3356 1666 255.

1777 1707 1930 1773 Quod
1961 1718 2142 1760 autem
2183 1704 2403 1760 Littera:
2437 1722 2605 1760 sacra:
2630 1706 2850 1760 tradunt
2884 1714 3055 1758 totum
3088 1707 3212 1758 vita:
3235 1703 3355 1756 Julii

1781 1809 1996 1867 tempus
2027 1798 2289 1853 habuisse
2325 1799 2430 1852 248
2455 1813 2649 1857 annos,
2684 1798 2736 1851 id
2785 1813 2913 1852 vero
2933 1797 3035 1850 tibi
3078 1813 3275 1850 novum
3305 1808 3360 1849 et

1782 1891 2022 1945 insolens
2082 1891 2224 1944 haud
2277 1890 2546 1944 videatur.
2585 1887 2733 1942 Nam
2781 1898 2986 1958 septem
3019 1889 3139 1942 illos
3184 1903 3359 1942 annos

134 1991 202 2026 ναι
233 1976 320 2035 τὰς
354 1978 764 2048 προσηγορίας·
804 1982 917 2043 τοῖς
963 1961 1256 2052 πράγμασι
1300 1984 1406 2054 7&9
1449 1984 1667 2038 ἀκολού-

1782 1981 1984 2050 quibus
2041 1982 2242 2036 misere
2270 1981 2554 2036 divexatus
2589 1981 2925 2051 amittusque
2959 1981 3079 2045 luit,
3119 1981 3356 2036 historia:

133 2068 218 2128 θως
249 2059 540 2137 ἐπήνεγκεν
561 2071 757 2134 αὑταῖς
793 2073 891 2126 καὶ
921 2073 988 2126 τὰ
1021 2075 1282 2144 ὀνόματα,
1315 2076 1409 2128 καὶ
1441 2075 1542 2147 τὴν
1574 2076 1673 2146 μὲν

136 2158 328 2227 πρώτην
362 2161 610 2231 Ἡμέραν
641 2163 905 2218 ἐκάλεσεν
933 2165 1008 2230 ὠς
1033 2167 1141 2219 ἀπό
1169 2183 1313 2231 τινος
1338 2167 1560 2236 βαθείας
1587 2186 1678 2221 νυ-

132 2252 233 2314 κτὸς
269 2253 367 2305 τῶν
409 2259 937 2326 περιστοιχισάντων
983 2260 1146 2312 αὑτὸν
1181 2261 1432 2330 χαλεπῶν
1460 2263 1675 2332 ἡμέρας

134 2342 254 2413 αὑτῷ
286 2348 547 2418 φωτεινῆς
583 2349 1000 2420 ἐπιλαμψάσης,
1035 2354 1136 2415 τὴν
1171 2353 1227 2404 δὲ
1265 2353 1528 2422 δευτέραν
1560 2356 1674 2407 Κα-

136 2433 230 2484 σξαν
260 2435 534 2506 ὠνόμασεν
575 2439 654 2504 ῶς
687 2442 784 2510 ήδη
819 2441 1003 2494 λοιπὸν
1037 2445 1096 2495 ὲν
1127 2444 1326 2515 εὐωδίᾳ
1354 2445 1458 2497 τινὶ
1487 2445 1580 2498 καὶ
1613 2446 1673 2496 ά-

134 2522 352 2577 πολαύσει
403 2527 511 2580 τῶν
557 2529 793 2598 άγαθῶν
841 2532 1158 2598 γενόμενος.
1223 2533 1322 2602 τὴν
1377 2532 1435 2586 δὲ
1481 2535 1672 2604 τρίτην

143 2615 430 2684 Ἀμαλθείας
467 2623 641 2692 κέρας
677 2625 1122 2694 προσηγόρευσεν
1160 2626 1235 2686 ὡς
1259 2625 1438 2680 ¹ἅπασι
1485 2627 1671 2682 λοιπὸν

125 2709 217 2769 ’τοῖς
249 2710 460 2778 ἀγαθοῖς
495 2717 956 2786 περιρρεόμενος.
992 2716 1322 2786 Ἀμαλθείας
1359 2719 1468 2788 γὰρ
1502 2722 1672 2793 κέρας

131 2799 168 2847 οἱ
196 2800 392 2856 παλαιοὶ
438 2807 536 2874 τὴν
579 2808 848 2876 ἀφθονίαν
878 2809 1108 2862 ἐκάλουν
1129 2827 1143 2841 ο
1192 2809 1410 2878 λέγεται
1440 2813 1548 2884 γὰρ
1587 2815 1668 2866 ὅτι

127 2885 184 2961 ἦν
207 2897 391 2967 eivs-.6qu
419 2903 528 2952 τινὶ
577 2902 670 2967 αἲξ
697 2901 1000 2971 Ἀμάλθεια
1035 2903 1366 2975 καλουμένη,
1393 2906 1514 2976 ἥτις
1541 2906 1670 2976 ὀρύ-

130 2983 240 3045 ξασα
262 2990 332 3059 τῷ
364 2995 557 3062 κέρατι
593 2994 871 3064 θησαυρὸν
901 2996 1142 3062 ἀνέδειξε
1176 2997 1252 3066 τῷ
1271 2998 1526 3068 δεσπότῃ.
1559 2999 1668 3051 Καὶ

128 3078 205 3147 οὐχ
252 3081 543 3153 εὑρέθησαν
587 3087 732 3158 γὰρ,
797 3093 952 3158 φησὶ,
1011 3071 1154 3142 κατὰ
1209 3089 1308 3150 τὰς
1358 3091 1667 3158 θυγατέρας

137 3169 230 3222 Ἰὼϐ
249 3172 476 3240 βελτίους
510 3179 696 3230 αὐτῶν
727 3181 786 3231 ὲν
811 3183 878 3249 τῇ
922 3179 1016 3232 ὑπ’
1037 3181 1290 3250 οὐρανόν.
1335 3183 1436 3232 Διὰ
1489 3182 1543 3232 τί
1605 3181 1663 3234 δὲ

1775 2073 2011 2142 seriptor
2058 2073 2232 2143 ipsius
2271 2074 2393 2128 vitae
2422 2089 2532 2126 non
2566 2073 2971 2137 adnumeravit,
3023 2073 3167 2143 quod
3216 2081 3354 2126 lem-

1775 2181 1877 2234 pus
1929 2164 2059 2218 illud
2091 2179 2482 2230 aerumnosum,
2529 2180 2638 2234 quo
2679 2175 2885 2219 tantum
2927 2181 3033 2220 non
3079 2181 3188 2236 pra:
3240 2183 3355 2219 nta-

1774 2260 2054 2330 gnitudine
2101 2258 2308 2313 doloris
2361 2265 2644 2312 emortuus
2685 2267 2821 2318 erat,
2881 2273 3218 2326 nequaquam
3256 2273 3352 2326 pro

1774 2349 1882 2405 vita
1924 2351 2171 2405 duceret.
2217 2350 2443 2404 Videtur
2493 2361 2674 2402 autem
2723 2352 2912 2404 beatus
2954 2351 3043 2404 ille
3069 2350 3239 2404 Johus
3285 2353 3352 2403 ad

1773 2442 2320 2498 commonstrandum
2377 2457 2438 2496 ea
2473 2441 2638 2506 bona,
2667 2441 2824 2512 147
2856 2458 2974 2510 qua:
3010 2442 3269 2510 deinceps
3303 2443 3353 2494 ei

1772 2550 2037 2590 concessa
2089 2533 2352 2589 divinitus
2404 2536 2658 2600 fuerunt,
2723 2534 2944 2586 nomina
2994 2515 3206 2587 ﬁliabus
3241 2535 3355 2586 suis

1772 2626 2007 2680 dedisse.
2040 2625 2175 2679 Nam
2209 2625 2477 2694 ejusmodi
2526 2641 2660 2680 sane
2701 2625 3094 2694 appellationes
3144 2627 3222 2678 eis
3269 2625 3354 2677 in-

1771 2719 1930 2779 didit,
1966 2734 2084 2788 quae
2135 2719 2303 2773 rebus
2356 2705 2488 2788 ipsis
2540 2727 2792 2772 accurate
2844 2717 3218 2771 contenirent.
3276 2719 3354 2770 Ac

1772 2810 1959 2878 primze
1993 2810 2210 2878 quidem
2248 2819 2668 2880 cognomentum
2694 2811 2800 2864 diei
2836 2811 3006 2870 dedit,
3041 2811 3196 2879 quasi
3240 2812 3354 2879 jam

1767 2918 1833 2956 ex
1895 2903 2165 2972 profunda
2212 2905 2442 2971 quadarn
2503 2913 2663 2956 nocte
2715 2917 2896 2955 rerum
2951 2902 3303 2955 adversarum
3335 2941 3352 2965 ,

1769 2996 1970 3064 quibus
2019 2995 2258 3065 undique
2299 2995 2491 3049 fuisset
2528 2995 2917 3059 circumdatus,
2969 2995 3206 3063 diesipsi
3240 2995 3352 3046 t-la-

1770 3089 1983 3141 nssima
2034 3087 2324 3140 illuxisset.
2369 3087 2609 3139 Alteram
2647 3086 2888 3139 Cassiani
2922 3088 3156 3152 vocavit,
3195 3087 3352 3155 quasi

1761 3181 1871 3248 jam
1904 3179 2162 3247 deinceps
2190 3178 2244 3232 in
2274 3177 2569 3249 fragrantia
2607 3178 2840 3248 quadam
2883 3190 2937 3231 et
2969 3178 3227 3232 [tuitione
3254 3181 3348 3232 bo-

131 3261 302 3330 τοῦτο;
337 3269 418 3321 ἵνα
458 3276 522 3341 τῇ
557 3271 659 3341 θέᾳ
698 3275 904 3325 τούτων
932 3275 962 3342 ἡ
993 3273 1088 3324 τοῦ
1115 3273 1320 3335 πάθους
1350 3274 1660 3344 άπαλειφθῇ

1771 3288 1959 3326 norunt
2015 3273 2255 3340 degeret.
2319 3271 2558 3326 Tertiam
2610 3271 2900 3340 appellavit
2947 3287 3116 3326 eornu
3169 3271 3350 3324 Amal-

129 3361 282 3426 μνήμη
312 3367 650 3414 παντάπασι.
680 3365 788 3416 Καὶ
818 3365 948 3418 δέκα
974 3366 1075 3434 μὲν
1103 3366 1259 3419 ἔλαϐε
1291 3369 1490 3430 παῖδας
1525 3373 1661 3438 μετὰ

126 3448 200 3516 τὴν
229 3451 424 3520 πληγὴν
453 3456 480 3505 ὁ
503 3455 653 3521 Ἰὼϐ,
685 3458 764 3509 ὅτι
795 3459 886 3509 καὶ
919 3457 1050 3511 δέκα
1074 3459 1296 3522 τούτους
1325 3460 1484 3524 ὄντας
1511 3464 1663 3515 dmit-

127 3538 266 3595 λεσεν.
303 3545 361 3597 Εἰ
407 3547 462 3598 δε
491 3547 664 3600 διπλᾶ
701 3549 846 3616 λέγει
878 3550 945 3602 τὰ
986 3551 1163 3603 πάντα
1202 3552 1383 3605 λαϐεῖν
1407 3553 1498 3606 τὸν
1537 3556 1659 3607 Ἰὼϐ

128 3633 154 3698 ὴ
200 3633 387 3708 Fris-ei],
437 3641 512 3709 μὴ
546 3640 820 3709 θαύμαζε.
872 3643 952 3694 Τὰ
988 3645 1096 3713 γὰρ
1157 3645 1316 3696 λοιπὰ
1344 3647 1521 3700 πάντα
1555 3666 1656 3700 κα-

126 3729 316 3792 μήλους,
361 3734 647 3800 ἡμιόνους,
687 3736 982 3804 προϐάτων
1017 3738 1242 3804 ἀγέλας,
1281 3740 1372 3790 καὶ
1411 3739 1658 3793 ὅσατοι-

124 3815 250 3880 athe,
287 3823 442 3876 διπλᾶ
496 3826 643 3878 κατὰ,
685 3827 782 3894 τὴν
818 3827 1042 3896 Γραφὴν
1098 3828 1291 3880 ἔλαϐε·
1335 3830 1502 3899 θνητά
1551 3832 1658 3902 γὰρ

103 3913 260 3970 ,ταῦτα
284 3914 472 3978 πάντα,
503 3917 600 3968 καὶ
629 3917 730 3970 οὐκ
758 3919 1155 3986 ἀναστήσονται
1184 3913 1326 3974 τότε.
1361 3924 1422 3974 Οἱ
1454 3923 1510 3975 δὲ
1533 3927 1661 3976 παῖ-

121 3999 189 4062 δες
216 4004 647 4078 ὁμολογουμένως
683 4012 1084 4080 ἀναστήσονται
1125 4017 1266 4066 τότε.
1307 4017 1424 4083 ‘Ecp‘
1450 4009 1494 4082 ᾧ
1527 4016 1658 4070 δέκα

121 4095 195 4146 xxi
237 4099 414 4163 μόνους
459 4101 700 4157 ἐνταῦθα
751 4105 1025 4176 λαμϐάνει
1089 4105 1226 4171 μετὰ
1265 4107 1381 4176 τὴν·
1418 4111 1656 4180 πληγήν·

142 4185 232 4254 Ott
265 4191 314 4242 δὲ
339 4195 628 4260 κάκείνους
660 4196 750 4260 οὒς
786 4198 1038 4251 ἀπώλεσε
1071 4201 1327 4270 λήψεται,
1372 4199 1447 4262 ὼς
1477 4201 1658 4252 ἐντεῦ-

121 4273 193 4324 θεν
221 4277 289 4341 δὶς
314 4282 440 4336 δέκα
483 4286 682 4349 παῖδας
722 4287 867 4357 ἔχειν
902 4290 1086 4354 αὑτὸν,
1132 4291 1416 4343 τουτέστιν
1459 4293 1651 4346 εἴκοσι.

123 4368 281 4434 Καλῶς
318 4373 406 4428 οὖν
434 4381 465 4446 ἡ
497 4381 691 4451 Γραφῇ
736 4382 901 4435 διπλᾶ
950 4382 1136 4436 λαϐεῖν
1168 4387 1320 4454 ελεγε
1370 4386 1438 4438 τά
1477 4385 1655 4438 πάντα

123 4463 234 4524 μετὰ
257 4469 348 4537 τὴν
378 4470 594 4542 πληγὴν
623 4473 716 4526 τὸν
755 4475 894 4528 Ἰὼϐ.

1773 3370 1931 3423 litera,
1961 3361 2114 3430 quasi
2151 3362 2378 3429 posthac
2421 3361 2663 3415 futurum
2714 3371 2858 3414 esset
2891 3371 2946 3414 ut
2979 3363 3135 3416 bonis
3167 3365 3347 3416 omn;-

1769 3455 1869 3506 bus
1902 3451 2168 3520 afflueret,
2205 3451 2337 3506 Nam
2365 3454 2613 3508 homines
2651 3454 2726 3506 illi
2759 3454 2920 3523 prisci
2955 3470 3124 3508 cornu
3156 3457 3342 3508 Arual-

1772 3547 1908 3600 thea:
1950 3545 2218 3600 vocabant
2273 3562 2452 3599 rerum
2483 3546 2728 3598 οιιιιιὶιιιιι
2766 3547 3038 3614 copiosam
3067 3549 3348 3601 abundan-

1771 3640 1918 3693 tiam.
1949 3638 2241 3692 Perhibent
2263 3639 2408 3691 enint
2436 3642 2739 3706 caprarium
2764 3641 3048 3708 quemdam
3075 3656 3346 3710 pas:ort'tn

1770 3733 2029 3788 habuisse
2068 3747 2286 3801 capram
2331 3733 2417 3784 cui
2476 3733 2772 3785 Amalthea:
2813 3749 3012 3786 nomen
3063 3744 3228 3786 essvt.
3273 3735 3343 3787 lia

1768 3841 1890 3878 cum
1953 3835 2148 3877 terram
2182 3840 2354 3878 coruu
2405 3826 2661 3878 fodiendo
2697 3826 3018 3892 aperuisset,
3065 3827 3197 3878 hero
3244 3844 3344 3879 suo

1769 3917 2086 3970 thesaurum
2121 3916 2382 3969 ostendit.
2413 3914 2664 3985 Legimus
2701 3929 2878 3968 autem
2916 3919 3014 3968 hac
3066 3919 3117 3969 in
3169 3918 3344 3971 histu-

1768 4011 1843 4061 ria
1881 4023 2045 4062 vet-tia
2083 4008 2329 4076 quaedam
2365 4008 2708 4077 hujusmodi:
2757 4027 2774 4058 ι
2812 4006 2921 4063 Nec
2951 4007 3071 4064 Jubi
3130 4010 3342 4067 ﬁliabus

1767 4102 2174 4172 pulchritudine
2206 4117 2366 4170 pares
2419 4101 2540 4156 ullae
2572 4102 2674 4156 sub
2728 4103 2866 4156 cwlo
2896 4104 3183 4158 exstabant
3214 4105 3278 4158 ‘9.
3321 4125 3338 4151 ι

1765 4197 2127 4262 Quamobrem
2162 4195 2304 4250 Deus
2337 4197 2480 4249 istud
2533 4195 2607 4249 ita
2641 4195 2842 4250 voluit?
2875 4194 2942 4249 Ut
2972 4198 3160 4250 liatum
3191 4197 3345 4251 vide-

1764 4289 1890 4343 licet
1924 4289 2122 4342 intuitu
2170 4291 2378 4358 paterni
2406 4289 2610 4344 doloris
2657 4293 2916 4344 memoria
2950 4307 3170 4360 prorsus
3215 4291 3348 4344 abo-

1763 4383 1991 4436 leretur.
2048 4381 2196 4434 Idem
2255 4397 2284 4434 a
2351 4382 2661 4436 calamitate
2712 4383 2910 4437 liberos
2963 4386 3148 4437 deet-tn
3216 4400 3346 4454 pro-

1763 4477 1971 4532 ereavit
2015 4485 2249 4539 tantum,
2286 4491 2411 4529 cum
2462 4487 2619 4529 antea
2661 4491 2877 4544 quoque
2930 4477 3114 4530 liberis
3155 4483 3341 4530 decem

119 4553 304 4612 orbatus
329 4562 536 4619 fuisset.
576 4565 673 4621 llic
741 4568 924 4621 mirari
966 4563 1156 4624 desine
1223 4574 1578 4640 quamobrem
1647 4573 1867 4628 Litterae.
1923 4584 2094 4624 sacras
2117 4570 2300 4624 dicant
2327 4569 2510 4623 omnia
2555 4569 2817 4624 divinitus
2871 4569 3006 4624 .lobo
3055 4570 3343 4638 condqii-

120 4663 212 4706 tata
237 4656 409 4714 fuisse.
443 4661 578 4716 Nam
639 4674 831 4718 caetera
889 4666 1107 4735 quidem
1157 4669 1344 4720 omnia
1369 4708 1384 4732 ,
1422 4669 1682 4734 camelos,
1729 4670 1930 4733 mulos,
1964 4668 2149 4722 ovium
2193 4681 2382 4738 greges
2408 4666 2620 4734 aliaque
2651 4667 2774 4719 talia
2812 4667 3209 4754 conduplicr‘la,
3244 4685 3341 4720 cett

121 4742 302 4806 Littera:
347 4769 514 4809 sacrae
569 4760 886 4826 loquuntur,
941 4759 1165 4828 recepit.
1225 4761 1438 4831 Quippe
1492 4765 1652 4818 tuorti
1690 4772 1885 4817 cuncta
1917 4762 2004 4815 illa
2069 4776 2199 4815 sunt
2264 4761 2520 4823 obnoxia,
2559 4776 2657 4814 nec
2692 4760 2745 4812 in
2776 4771 3018 4814 extremo
3044 4742 3140 4813 die
3165 4777 3346 4814 resur-

120 4848 237 4903 gettt.
268 4847 329 4897 At
353 4861 475 4900 vero
501 4849 568 4902 de
604 4850 788 4904 liberis
824 4850 1060 4904 dubitari
1122 4852 1274 4906 nttllo
1319 4853 1480 4908 modo
1542 4863 1722 4925 potest
1760 4856 1892 4924 quin
1923 4855 2287 4908 resurrecturi
2329 4854 2460 4932 sint.
2489 4853 2792 4921 i’tOptcrea
2835 4854 3023 4906 decem
3055 4869 3084 4906 a
3119 4854 3342 4934 calami-

122 4941 208 4985 tate
239 4947 434 4992 tantum
467 4943 682 5011 recipit,
716 4944 978 5018 nimirum
1028 4955 1082 4998 et
1114 4947 1248 5001 alios
1278 4948 1400 5001 illos
1452 4948 1660 5017 pridem
1702 4948 1936 5003 amissos
2008 4948 2222 5001 tandem
2275 4947 2564 5015 aliquando
2629 4957 3068 5014 recuperaturos.
3124 4949 3240 5012 Quo
3276 4953 3343 5000 tie

119 5027 349 5097 colligitur
381 5050 504 5086 eum
538 5035 794 5088 habuisse
829 5035 913 5088 bis
977 5037 1166 5091 decem
1203 5039 1422 5102 liberos,
1475 5039 1578 5094 hoc
1645 5050 1728 5093 est
1773 5039 1980 5109 viginti.
2017 5042 2191 5108 Atque
2219 5040 2320 5092 hoc
2358 5038 2517 5092 modo
2556 5047 2702 5109 patet
2727 5037 2961 5093 Litteras
2989 5054 3169 5094 sacras
3196 5054 3344 5098 recte

120 5119 298 5180 locutas
328 5144 464 5192 esse,
498 5145 620 5184 cum
649 5131 846 5185 .lobum
879 5132 1030 5185 aiunt
1065 5149 1093 5186 a
1127 5135 1434 5189 calamitate
1471 5136 1652 5189 omnia
1692 5135 2084 5205 conduplicata-
2108 5134 2401 5202 recepisse.

177 5221 268 5272 Καὶ
313 5227 472 5294 γεννᾷ
506 5225 863 5296 Ἀμρᾶμ,,ῶς
893 5228 1136 5296 εἴρηται,
1167 5230 1258 5280 τὸν
1305 5231 1532 5292 Μωσέα,
1564 5231 1661 5282 καὶ

1836 5230 2105 5284 Cat-terunt
2139 5229 2366 5291 Mosen],
2423 5245 2522 5284 ceu
2562 5229 2820 5292 diximus,
2858 5233 3146 5288 Amramus
3187 5251 3252 5288 ex
3285 5249 3344 5286 se

119 5313 366 5380 πιρευθίδς
395 5319 474 5380 είς
510 5319 754 5386 ποταμὸν
780 5321 1066 5389 ῥίπτουσιν
1097 5323 1282 5387 αὑτὸν,
1316 5325 1373 5372 ἐν
1402 5322 1526 5392 θίϐῃ
1551 5323 1657 5375 τινὶ

1771 5323 2034 5390 genitum,
2092 5337 2214 5375 mox
2274 5319 2578 5376 Pharaonis
2623 5336 2771 5377 ntettt
2817 5329 3046 5393 quadam
3080 5327 3134 5379 itt
3186 5328 3340 5380 thera

120 5404 347 5472 πρότερον
379 5407 656 5474 βαλόντες,
689 5409 780 5460 διά
804 5426 862 5475 γε
889 5411 980 5461 τὸν
1005 5410 1168 5477 φόϐον
1199 5412 1293 5463 τοῦ
1319 5411 1520 5479 ψαρχώ
1540 5430 1554 5443 ·
1588 5413 1655 5465 τὰ,

1771 5416 2072 5485 depositum
2107 5407 2160 5468 ἷιι
2190 5413 2392 5468 ﬂumen
2427 5416 2646 5485 abjccit.
2675 5415 2806 5469 Nam
2833 5420 3041 5472 l’ltat'ao
3077 5419 3342 5472 masculos

118 5506 207 5560 sz
235 5497 426 5566 ἄρρενα
468 5500 573 5553 τῶν
619 5501 887 5571 Ἐϐραίων
923 5504 1112 5555 πά.δία
1151 5504 1508 5558 θανατοῦσθαι
1536 5505 1658 5558 ἐκέ-

1771 5507 2111 5561 Ιιυιιιιιιῖοιόηι
2147 5505 2309 5570 fetus,
2342 5519 2397 5561 ut
2425 5507 2656 5576 primunt
2695 5509 2747 5560 in
2775 5509 2948 5564 lucent
2983 5511 3113 5564 editi
3141 5511 3337 5572 fort-ut,

119 5579 252 5635 λευσε
292 5588 444 5655 χάριν
473 5590 565 5642 τοῦ
593 5593 670 5660 μὴ
698 5593 1202 5646 καταδυναστεῦσαι
1234 5595 1320 5647 διὰ
1351 5595 1411 5646 τὸ
1454 5596 1654 5664 πλῆθος

121 5669 306 5736 αὐτούς.
335 5678 404 5729 Ἠ
430 5678 486 5730 δὲ
512 5680 603 5732 τοῦ
629 5681 830 5752 Φαραὼ
853 5683 1098 5753 θυγάτηρ
1131 5685 1517 5753 περιπιτοῦσα
1537 5687 1655 5738 κατ’

97 5765 358 5836 Αἰγιαλὸν,
388 5773 478 5824 καὶ
509 5774 690 5828 ἰδοῦσα
719 5776 819 5845 τὴν
847 5776 1025 5844 θίϐην,
1046 5777 1378 5848 ἐκϐληθῆναι
1430 5780 1522 5832 τοῦ
1562 5798 1655 5832 πο-

186 5910 222 5938 "
251 5910 342 5965 Job
370 5929 497 5972 uti.
530 5915 614 5969 l3.

1759 5599 1944 5652 necari
1970 5599 2209 5667 jusserat
2241 5615 2363 5653 eam
2399 5602 2468 5655 ob
2511 5616 2753 5662 causam,
2805 5617 2871 5654 tte
2911 5609 3132 5668 propter
3161 5601 3344 5654 multi-

1759 5691 2001 5744 tudinem
2035 5689 2315 5761 A‘lgyptios
2349 5692 2579 5760 iruperio
2608 5708 2706 5746 suo
2732 5691 3084 5758 subjicerent.
3119 5697 3187 5744 At
3213 5711 3340 5745 vero

1761 5783 1867 5837 ﬁlia
1906 5785 2205 5839 Pharaonis
2250 5785 2306 5839 in
2343 5784 2525 5839 littore
2562 5785 2955 5848 deambulans,
3008 5783 3099 5836 ubi
3149 5789 3338 5839 cistam
