3862 6228
126 387 223 450 28')

1346 379 1745 441 ANNALIUM
1792 379 1983 440 PARS
2027 378 2109 441 ΙΙ.

3244 379 3349 443 29.)

128 502 356 574 ροῦντος.
388 497 501 552 Καὶ
549 494 715 551 ταῦτα
756 498 991 565 λέγουσα
1027 496 1147 560 ταῖς
1172 494 1267 550 τοῦ
1304 497 1518 568 Πατρός
1551 512 1682 567 χερ-

1790 474 1951 559 esset,
1990 494 2079 565 qui
2114 493 2316 551 Moscm
2368 495 2597 551 intuitus
2634 496 2794 568 ιω
2822 506 3047 567 propter
3086 496 3352 568 insignem

125 587 209 645 σίν
228 590 470 659 ἐντίθησι
521 588 578 641 τὸ
619 587 843 658 βρέφος.
884 585 944 639 '0
981 588 1026 639 δ’
1073 588 1380 657 ἐπιτίθησιν
1427 587 1577 653 αὺτῷ
1621 588 1683 640 τὸ

127 684 370 751 διάδημα.
391 680 454 733 '0
471 681 528 732 δὲ
548 680 749 748 Μωσῆς
769 679 1069 751 καταφέρει
1087 695 1147 732 τε
1177 680 1307 733 αὐτὸ
1332 679 1427 732 καὶ
1449 680 1559 743 τοῖς
1582 696 1682 733 πο-

158 792 175 808 ι
252 773 543 835 ἐπιϐαίνει,
589 773 731 825 κατὰ
782 773 1087 842 νηπιότητα
1137 770 1320 840 δῆθεν.
1368 770 1536 823 Ταῦτ’
1589 768 1682 823 οὖν

132 866 240 921 ἰδὼν
274 867 301 918 6
348 863 833 935 ἱερογραμματεὺς
871 860 1076 920 anno;
1119 861 1382 932 ὥρμησεν
1427 862 1683 913 ἀποκτεῖ-

129 977 205 1012 ναι
247 957 429 1021 αὐτὸν,
483 955 840 1027 παροτρύνων
892 956 975 1017 εἱς
1037 953 1170 1008 αὐτὸ
1226 952 1383 1005 τοῦτο
1436 953 1534 1005 καὶ
1588 953 1683 1007 τὸν

131 1051 329 1121 Φαραώ.
364 1049 566 1104 Φθάνει
610 1048 655 1102 δ’
699 1047 924 1118 αὐτδνή
961 1047 1266 1116 Θερμουθὶς
1298 1045 1681 1115 ἐξαρπάσασα.

135 1145 341 1197 Ἔκτοτε
372 1138 471 1195 οὖν
500 1141 680 1204 καλῶς
710 1140 1064 1210 άνετρέφετο.
1098 1135 1229 1192 Εἶτα
1274 1137 1410 1207 δήλη
1451 1137 1544 1189 καὶ
1572 1138 1684 1199 τοῖς

131 1235 432 1302 Αἰγυπτίοις
453 1236 487 1303 ἡ
518 1231 687 1303 ἀρετὴ
710 1231 878 1285 αὐτοῦ
904 1232 1137 1299 γίνεται.
1167 1228 1423 1291 Αἰθίοπες
1453 1229 1683 1297 ἐκστρα-

131 1329 329 1382 τεὺουσι
375 1328 503 1379 κατ’
542 1326 739 1379 αὐτῶν.
787 1320 1329 1393 Ἀντιστρατεύονται
1370 1323 1463 1374 καὶ
1513 1311 1680 1384 οὗτοι,

133 1418 458 1488 ἑκατέρωθεν
484 1417 541 1470 δὲ
570 1417 669 1471 οὐκ
691 1414 864 1484 ὀλίγοι
898 1414 1211 1466 πίπτουσιν.
1248 1408 1413 1462 Ὅθεν
1456 1409 1487 1460 6
1527 1407 1684 1476 βασι-

129 1512 242 1573 λεὺς
296 1510 487 1564 θεόθεν
533 1508 827 1579 ὁδηγηθεὶς
881 1505 1062 1559 πείθει
1120 1503 1223 1572 τὴν
1271 1499 1548 1569 θυγατέρα
1594 1497 1687 1550 τὸν

130 1603 313 1659 Μωσέα
355 1601 668 1674 παρασχεῖν
726 1599 1053 1668 στρατηγόν.
1103 1597 1334 1666 Δέχεται
1392 1592 1452 1644 τὸ
1500 1590 1683 1659 ἔργον,

130 1697 236 1751 κατ’
260 1695 539 1750 Αἰθιόπων
569 1694 738 1764 ὁρμᾷ.
784 1692 891 1745 Καὶ
936 1690 1026 1745 διά
1077 1690 1179 1759 γῆς
1216 1688 1431 1759 μέλλων
1457 1682 1687 1737 διελθεῖν

131 1792 334 1861 ἐρήμου,
361 1788 494 1845 ἔνθα
522 1788 730 1858 ἑρπετά
754 1786 904 1839 δεινά
930 1785 1239 1856 ἐτρέφοντο,
1264 1783 1317 1835 τί
1342 1779 1685 1851 μηχανᾶται;

1787 585 2109 655 elegantiam
2161 586 2351 642 formas
2376 603 2485 642 non
2516 588 2943 658 obstupesceret.
2981 588 3118 646 llinc
3149 591 3350 646 factum

1787 685 1844 732 ut
1872 677 2185 732 Thermutis
2212 693 2309 747 per
2336 694 2395 733 se
2428 680 2632 735 sterilis
2654 694 2778 735 eum
2808 682 2907 735 sibi
2949 682 3254 753 adoptaret,
3286 686 3353 737 ad

1784 783 1967 838 regem
1997 769 2314 837 addueemt,
2351 787 2569 826 omnem
2602 773 2713 842 regi
2746 783 3043 843 exponeret
3071 776 3237 829 animi
3268 776 3350 828 sui

1786 859 2137 926 sententiam,
2170 860 2429 916 nimirum
2460 863 2571 934 regi
2622 862 2766 918 hunc
2796 879 3163 921 successorem
3213 868 3352 929 fore.

1786 948 1881 1018 qui
1935 949 2105 1004 lilium
2162 965 2227 1006 ex
2261 966 2318 1008 se
2371 962 2559 1007 natum
2593 955 2820 1010 omnino
2866 956 3073 1011 nullum
3112 960 3351 1015 haberet.

1788 1042 1960 1110 Atque
2009 1041 2094 1096 his
2126 1042 2288 1099 dictis
2336 1043 2596 1100 infantem
2651 1047 2705 1100 in
2738 1062 2930 1102 manus
2966 1050 3136 1118 patris
3185 1051 3357 1119 depo—

1786 1131 1985 1196 suisse,
2033 1134 2123 1203 qui
2165 1149 2290 1189 mox
2320 1148 2447 1190 eum
2495 1136 2661 1195 fascia
2698 1139 2861 1210 regali
2887 1141 3184 1194 ornaverit.
3220 1141 3356 1195 Tum

1788 1221 1990 1279 blosem
2023 1225 2218 1293 puerili
2249 1226 2483 1294 quadam
2514 1229 2867 1298 simplicitate
2899 1231 2966 1285 de
2992 1232 3169 1301 capite
3209 1233 3355 1287 illam

1789 1313 2092 1387 detraxisse
2129 1331 2191 1371 ac
2217 1319 2560 1387 proculcasse
2588 1321 2843 1389 pedibus.
2877 1323 2950 1376 Ea
2981 1338 3039 1377 re
3066 1334 3357 1394 conspecta

1790 1406 2065 1461 hominem
2098 1408 2247 1462 illum
2288 1424 2565 1465 sacrarum
2599 1410 2927 1467 Litterarum
2964 1415 3358 1485 peritissimum

1787 1498 1854 1553 ad
1883 1498 2145 1554 infantem
2164 1503 2478 1585 necandum
2496 1504 2824 1567 accurrisse,
2853 1505 3016 1575 idque
3048 1509 3359 1563 utomuino

1789 1590 1945 1646 fieret
1999 1590 2339 1648 Pharaonem
2392 1598 2737 1651 exhortatum
2765 1609 2903 1651 esse.
2936 1596 3133 1652 Verum
3182 1600 3361 1655 Ther-
3397 1613 3411 1624 ‘

1789 1682 1980 1738 mutim
2041 1683 2190 1740 hunc
2240 1687 2598 1742 antevertisse
2642 1688 2952 1758 hlosemque
3004 1691 3355 1761 surripuisse.

1789 1773 1872 1828 Ab
1901 1789 1966 1829 eo
1996 1783 2239 1846 tempore
2263 1776 2431 1832 fuisse
2453 1779 2710 1847 praeclare
2734 1780 3021 1835 admodum
3048 1783 3358 1847 educatum,

133 1860 405 1951 Πλέγματά
441 1897 570 1933 τινα
616 1877 830 1949 ἐμφερῆ
880 1876 1134 1937 κιϐωτοῖς
1164 1876 1225 1927 ὲκ
1278 1871 1462 1941 βίϐλου
1516 1883 1687 1920 κατα·-

1790 1872 1843 1919 et
1901 1865 2035 1934 ipsis
2072 1867 2209 1921 adeo
2259 1867 2532 1939 Egyptiis
2567 1870 2821 1924 virtutem
2854 1871 2976 1940 ejus
3030 1872 3356 1939 innotuisse,

134 1972 385 2038 σκευάζει,
416 1974 512 2025 καὶ
546 1970 844 2041 πληρώσας
879 1969 1033 2022 ἴϐεων
1063 1965 1304 2034 ἐκόμιζε.
1337 1959 1681 2031 Πολεμιὼτα-

1782 1955 1874 2026 qui
1906 1971 2033 2011 cum
2064 1957 2359 2035 aliquando
2405 1960 2667 2015 adversus
2695 1976 2756 2015 se
2794 1962 3042 2017 viderent
3074 1963 3360 2034 IEtbiopes

134 2084 208 2120 ιον
233 2067 284 2119 δέ
317 2067 431 2118 ἐστι
466 2067 585 2128 τοῖς
620 2064 776 2132 ὄφεσι
806 2061 969 2114 τοῦτο
1013 2060 1072 2113 τὸ
1118 2060 1275 2122 ζῶον·
1314 2052 1578 2124 φεύγουσί
1623 2067 1680 2111 τε

1790 2048 2179 2115 expeditionem
2208 2051 2509 2121 suscipere,
2545 2053 2649 2122 ipsi
2705 2069 2930 2123 quoque
2961 2065 3138 2110 castra
3168 2058 3361 2111 castris

133 2157 225 2225 γάρ
266 2154 665 2225 ἐπερχομένας,
712 2153 809 2205 καὶ
860 2150 1251 2217 άνθιστάμενοι
1297 2144 1547 2213 καθάπερ
1589 2140 1679 2195 ὑπ’

135 2250 320 2315 ἐλάφων
348 2248 733 2318 ἁρπαζόμενοι
782 2245 1201 2298 καταπίνονται.
1254 2237 1575 2307 Χειροήθεις
1624 2232 1683 2286 δέ

135 2344 249 2394 εἰσιν
277 2342 327 2393 ai
359 2340 519 2403 ἴϐεις,
570 2340 665 2392 καὶ.
694 2338 832 2407 πρὸς
871 2336 1033 2406 μόνον
1073 2333 1137 2386 τὸ
1167 2330 1273 2384 τῶν
1303 2331 1483 2397 δφεων
1528 2326 1679 2394 γένος

112 2434 310 2501 ’άγριοι.
343 2432 695 2501 Παρέρχεται
725 2425 819 2482 οὖν
844 2426 932 2481 διὰ
960 2427 1172 2479 τούτων
1218 2423 1316 2493 τὴν
1349 2419 1685 2490 θηροτρόφον

144 2526 238 2593 [ἦν.
264 2522 580 2593 Συμϐάλλει
607 2523 720 2585 τοῖς
753 2516 991 2586 Αἰθίοψι,
1028 2514 1172 2569 κατά
1209 2530 1332 2566 τινα
1375 2512 1540 2577 νῆσον
1574 2508 1687 2562 διά-

138 2632 269 2683 γουσι
315 2613 702 2684 δυσπόρθητον
753 2609 920 2663 οὖσαν
960 2608 1048 2661 διὰ
1092 2606 1154 2658 τὸ
1186 2604 1451 2673 ποταμοῖς
1490 2600 1685 2671 περιρ-

138 2707 348 2779 ρέεσθαι.
378 2707 597 2777 Θάρϐις
635 2706 691 2757 δὲ
722 2706 755 2771 ἠ
790 2701 884 2755 τοῦ
925 2700 1189 2772 βασιλέως
1221 2698 1467 2766 θυγάτηρ
1494 2693 1684 2759 δεξιῶς

139 2798 535 2866 ἀπομαχόμενον
571 2795 758 2864 ὁρῶσα
808 2792 899 2846 τὸν
941 2791 1145 2845 Μωσέα
1189 2790 1268 2851 είς
1299 2788 1480 2858 ἔρωτα
1512 2784 1685 2839 δεινὸν

139 2888 337 2942 ὤλισθεν
365 2886 562 2943 αὑτοῦ.
598 2888 709 2939 Καὶ
753 2884 1039 2955 περιόντος
1078 2882 1171 2936 τοῦ
1221 2881 1432 2943 πάθους
1475 2880 1687 2948 πέμπει

140 2980 253 3047 πρὸς
280 2979 439 3032 αὑτὸν
483 2977 600 3030 τῶν
645 2975 875 3028 οἰκετῶν
919 2974 1046 3036 τοὺς
1094 2969 1475 3033 πιστοτάτους,
1510 2965 1688 3021 διαλε-

139 3070 323 3141 γομένη
348 3072 473 3141 περὶ
498 3069 704 3137 γάμων
735 3068 831 3119 καὶ
861 3065 964 3138 τὴν
1010 3064 1167 3119 πόλιν
1215 3058 1563 3131 προδιδοῦσα.
1600 3057 1690 3111 Γί-

140 3180 266 3215 νεται
292 3163 484 3225 ταῦτα,
518 3163 762 3213 τελεῖται
790 3157 862 3210 τὰ
886 3155 981 3209 τοῦ
1015 3155 1223 3225 γάμου.
1257 3153 1396 3215 Τοὺς
1425 3150 1689 3211 Αἰθίοπας

141 3256 349 3324 ἀναιρεῖ,
383 3255 481 3307 καὶ
514 3253 646 3313 τοὺς
674 3250 1012 3318 Αἰγυπτίους
1048 3246 1128 3307 είς
1171 3242 1275 3321 τὴν*
1305 3243 1515 3298 ἑαυτῶν
1543 3243 1688 3299 άπά-

144 3346 342 3411 γειγῆν.
369 3343 603 3395 Ἕκτοτε
621 3334 713 3393 οὖν
738 3334 931 3407 φθόνος
948 3335 1089 3388 κατὰ
1112 3334 1377 3396 Μωσέως
1399 3331 1689 3386 ἐπτοοῦντο

142 3435 233 3500 γὰρ
276 3433 482 3503 μήποτε
514 3432 641 3484 κατ’
688 3430 1001 3497 Δίγυπτίων
1043 3425 1365 3496 νεωτερίσῃ.
1412 3423 1687 3477 Μανθάνει

144 3525 310 3591 ταῦτα,
361 3526 457 3578 καὶ
514 3521 700 3577 λαθὼν
754 3522 958 3588 ἔξεισιν
1008 3520 1236 3581 ἐκεῖθεν,
1272 3518 1367 3568 καὶ
1405 3514 1514 3568 τῶν
1551 3514 1687 3568 ὁδῶν

145 3617 548 3687 φυλασσομένων
569 3617 660 3669 διὰ
690 3615 790 3683 τῆς
812 3614 908 3684 ὲρή
919 3627 1021 3682 μου
1049 3611 1286 3663 ποιεῖται
1308 3608 1398 3662 τὸν
1421 3606 1687 3679 δρασμόν.

154 3709 443 3778 Ἐφίσταται
464 3715 549 3778 τῷ
577 3707 776 3777 φρέατι
816 3705 947 3759 ἔνθα
988 3702 1083 3757 τοῦ
1115 3700 1390 3773 Ῥαγουὴλ
1435 3702 1492 3752 αί
1522 3699 1691 3767 θυγα⁴

142 3802 274 3871 τέρες
303 3804 370 3856 τὰ
414 3803 715 3873 θρέμματα
764 3796 1033 3862 ὲπὸτιζον.
1083 3795 1406 3865 ’Δνήνεκται
1450 3790 1527 3862 τῷ
1566 3790 1691 3845 Ῥα-

144 3892 289 3961 γουὴλ
312 3893 377 3945 τὰ.
398 3893 536 3961 περὶ
565 3888 661 3942 τοῦ
692 3888 937 3950 Μωσέως
962 3925 978 3952 ,
1002 3964 1011 3971 _
1036 3886 1120 3949 τίς
1170 3901 1234 3937 τε
1278 3879 1349 3955 ἦν
1388 3885 1486 3936 καὶ
1542 3883 1690 3944 ὅπως

145 3986 245 4047 ταῖς
274 3984 434 4037 αὑτοῦ
464 3970 808 4053 θυγατράσιν
845 3970 1122 4049 επαμῦναι
1153 3977 1252 4030 οὐκ
1289 3974 1536 4044 ὤκνησεν
1563 3991 1577 4005 ·
1606 3972 1690 4042 ἐφ’

143 4056 278 4141 ᾧιιαὶ
309 4078 562 4150 γαμϐρὸν
586 4077 679 4128 τὸν
716 4075 919 4128 Μωσέα
955 4074 1125 4127 ποιεῖ.
1173 4070 1233 4125 '0
1266 4072 1450 4140 μέντοι
1483 4068 1691 4139 Μωσῆς

144 4170 375 4225 τοιούτων
399 4170 584 4242 τυχὼν
612 4170 724 4223 τῶν
762 4167 918 4239 παρὰ
944 4167 1039 4221 τοῦ
1076 4166 1310 4236 Ἰοθόρου
1362 4163 1542 4237 (τοῦτο
1581 4164 1691 4233 γάρ

145 4251 201 4325 ἦν
227 4260 492 4331 ἐπίκλημα
521 4260 602 4331 τῷ
643 4257 981 4329 Ῥαγουήλῳ)
1012 4257 1200 4327 διῆγεν
1246 4256 1441 4309 αὐτόθι
1466 4253 1694 4325 ποιμαι-

136 4363 235 4421 ενων
285 4354 349 4404 τὰ
393 4352 748 4421 βοσκήματα.
796 4350 1118 4418 Τηνικαῦτα
1167 4350 1264 4402 καὶ
1305 4348 1430 4401 κατ’
1464 4347 1601 4402 αὐτὸ
1630 4346 1693 4399 τὸ

112 4416 331 4519 ιξΣίναιον
380 4416 642 4514 περιάγει
686 4416 879 4502 αὐτὰ(
901 4439 1031 4493 ἔνθα
1076 4441 1171 4494 καὶ
1203 4440 1295 4492 τὸν
1342 4437 1475 4491 Θεὸν
1503 4437 1604 4509 ὁρᾷ
1632 4438 1693 4489 ἐκ

1710 3202 1756 3264 C

1782 2134 2077 2193 hostilibus
2098 2144 2477 2211 opposuerint.
2511 2142 2609 2198 llic
2635 2160 2758 2200 cum
2791 2148 3049 2217 utrinque
3071 2164 3178 2203 non
3200 2148 3362 2220 pauci

1782 2229 2063 2298 caderent,
2120 2233 2232 2303 regi
2264 2234 2453 2290 divino
2482 2238 2718 2306 quodam
2752 2237 3013 2294 instinctu
3041 2241 3201 2296 ﬁliam
3236 2258 3361 2312 per-

1782 2321 2025 2378 suasisse
2085 2333 2147 2378 ut
2202 2324 2405 2381 Mosem
2457 2330 2571 2384 suis
2617 2330 2810 2386 ducem
2864 2334 3363 2405 imperatoremque

1782 2414 2134 2471 concederet.
2166 2415 2223 2471 Id
2255 2419 2503 2474 muneris
2529 2420 2733 2477 Mosem
2763 2423 2973 2493 imponi
3003 2426 3106 2479 sibi
3145 2442 3360 2495 passum

1785 2501 1976 2569 fuisse,
2018 2505 2074 2558 in
2116 2506 2302 2563 hostes
2332 2507 2625 2581 Ethiopes
2647 2514 2834 2583 copias
2868 2517 3159 2581 eduxisse;
3187 2519 3362 2588 quod-

1783 2606 1891 2662 que
1929 2594 2106 2649 solum
2174 2597 2447 2666 quoddam
2476 2599 2753 2657 desertum
2781 2614 3166 2674 peragraturus
3195 2619 3362 2675 esset,

1787 2683 1977 2756 inquo
2007 2701 2203 2759 magna
2239 2691 2514 2760 reptiiium
2546 2694 2833 2750 noxiorum
2866 2698 3019 2767 copia
3077 2697 3240 2763 foret,
3279 2700 3363 2755 in—
3406 2758 3419 2765 ,

1786 2783 1942 2855 sigue
1987 2788 2244 2865 quiddam
2293 2793 2543 2849 molitum
2594 2794 2785 2853 fuisse.
2848 2798 3117 2855 Nimirum
3168 2805 3363 2860 corbes

1787 2876 2051 2946 quosdam
2094 2884 2360 2938 rotundos
2392 2884 2511 2941 fieri
2537 2902 2800 2956 curasse;
2846 2891 2902 2945 in
2947 2907 3044 2948 eos
3093 2897 3363 2966 conjectas

1788 2966 1905 3030 ibes
1932 2984 2117 3025 secum
2142 2972 2496 3043 deportasse;
2550 2977 2668 3035 ibes
2700 2982 2846 3037 enim
2879 2987 3226 3054 serpentibus
3278 2988 3364 3042 in-

1791 3056 2095 3114 festissimas
2120 3071 2269 3130 sunt,
2294 3065 2385 3133 qui
2411 3066 2632 3135 quidem
2658 3076 3098 3139 easaccedentes
3126 3077 3362 3147 fugiunt,

1792 3165 1855 3206 ac
1877 3152 1924 3207 si
1967 3155 2236 3222 restitent,
2271 3159 2496 3227 perinde
2523 3171 2684 3232 atque
2711 3178 2738 3217 a
2764 3165 2938 3222 cervis
2967 3168 3361 3238 deglutiuntur.

1790 3243 1854 3300 Et
1886 3255 2013 3301 sunt
2050 3249 2167 3306 ibes
2216 3253 2440 3309 omnino
2467 3255 2680 3312 cicures
2732 3272 2796 3313 ac
2839 3272 3161 3326 mansuetze,
3202 3264 3365 3335 inque

1789 3350 2103 3410 serpentum
2134 3359 2305 3415 genus
2332 3347 2506 3402 solum
2531 3348 2851 3407 immaniter
2881 3356 3131 3410 steviunt.
3159 3357 3361 3412 llarum

1792 3430 1958 3502 igitur
1988 3448 2093 3503 ope
2127 3434 2330 3493 Mosem
2380 3438 2714 3513 inaccessam
2750 3444 2990 3515 alioquin
3016 3456 3210 3503 terram
3241 3466 3367 3520 per.

1790 3536 2044 3591 agrasse;
2103 3539 2329 3581 manum
2390 3542 2515 3583 cum
2559 3528 2917 3601 Ethiopibus
2970 3532 3361 3605 conseruisse,

1789 3613 1883 3683 qui
1907 3615 2195 3683 quamdam
2222 3617 2455 3672 insulam
2476 3619 2782 3676 incolerent
2810 3623 2960 3678 aditu
2990 3628 3363 3695 perdifficilem

1791 3715 2080 3774 propterea
2106 3708 2252 3778 quod
2290 3711 2544 3765 amnibus
2584 3713 2827 3782 undique
2858 3715 3365 3776 circumﬂuentibus

1791 3807 2157 3864 clauderetur.
2176 3808 2313 3865 Tum
2325 3810 2655 3867 Tharbidem
2677 3815 2814 3885 regis
2831 3796 3147 3888 Ethiopum
3175 3818 3362 3886 tiliam,

1791 3915 1912 3971 qua:
1941 3899 2147 3955 Moscm
2173 3903 2389 3957 naviter
2410 3903 2701 3958 admodum
2729 3907 3059 3975 prmliantem
3092 3922 3360 3980 cerneret,

1790 3991 2105 4047 vehementi
2158 3994 2276 4061 eius
2324 4008 2512 4050 amore
2563 4006 2774 4066 captam
2808 4012 2960 4063 esse,
3018 3999 3360 4073 famulosque

1794 4084 1897 4139 sibi
1934 4080 2229 4141 fidissimos
2275 4086 2341 4141 ad
2391 4087 2568 4156 ipsum
2623 4088 2929 4163 indicandae
2959 4092 3125 4146 agimi
3165 4095 3247 4149 sui
3282 4095 3364 4150 af-

1792 4173 2047 4232 fectionis
2088 4192 2254 4232 causa
2288 4178 2539 4245 misisse;
2574 4179 2735 4235 simul
2794 4183 3028 4253 conjugii
3085 4187 3365 4242 mentione

1792 4264 1935 4321 facta
1986 4266 2138 4322 urbis
2193 4268 2559 4337 proditionem
2604 4284 2726 4325 esse
2760 4271 3073 4340 pollicitam.
3104 4274 3199 4330 llis
3245 4278 3367 4346 ejus

1794 4356 2082 4426 postulatis
2116 4356 2320 4413 Mosem
2352 4360 2648 4426 adnuisse;
2675 4363 2894 4432 nuptias
2925 4365 3091 4419 fuisse
3122 4369 3367 4423 celebra-

1798 4454 1899 4510 tas,
1937 4445 2229 4519 Etltiopes
2279 4449 2619 4517 interfectos,
2655 4451 2939 4524 Egyptios
2984 4456 3041 4533 in
3071 4459 3242 4512 solum
3272 4477 3366 4529 pa-

133 4521 231 4599 ’τῆς
277 4533 434 4602 βάτου
483 4534 761 4588 καλοῦντα
809 4532 997 4587 αὐτόν.
1056 4531 1117 4585 '0
1166 4530 1300 4590 Θεὸς
1343 4529 1687 4584 ἀποστέλλων

1798 4540 1958 4593 trium
1988 4541 2265 4597 reductos.
2297 4542 2380 4598 Ab
2426 4556 2491 4597 eo
2533 4521 2988 4613 tempore—fuisse
3022 4521 3234 4603 ’Mosem
3267 4521 3363 4605 ex-

149 4626 266 4690 πρδς
289 4626 484 4695 Φαραὼ
532 4626 627 4680 τὸν
657 4626 886 4691 Μωσέα,
940 4624 1036 4677 καὶ
1063 4622 1514 4693 ’ὑπισχνούμενος
1550 4639 1690 4692 συμ-

150 4719 381 4784 παρεῖναι
414 4720 590 4789 αὺτῷ,
622 4720 759 4787 πρὸς
784 4720 966 4771 πίστιν
994 4716 1086 4771 τοῦ
1117 4716 1280 4784 λόγου
1315 4717 1392 4780 είς
1421 4715 1690 4785 δράκοντα

153 4807 453 4871 μεταϐάλλει
497 4809 598 4881 τὴν
648 4808 845 4879 ῥάϐδον
897 4807 1084 4864 αὑτοῦ.
1150 4810 1210 4863 '0
1250 4807 1434 4878 μέντοι
1485 4807 1691 4876 Μωσῆς

149 4900 645 4971 παρρησιασάμενος
689 4900 826 4971 πρὸς
869 4900 1090 4969 Φαραὼ,
1142 4899 1489 4971 τὴνλράϐδον
1524 4899 1690 4953 αὐτοῦ

64 5062 67 5071 λ
150 4991 269 5041 ³(πά
295 4991 392 5058 γῆς
414 4995 475 5045 τε
505 4993 691 5060 ῥίπτει
716 4994 810 5046 καὶ
834 4993 913 5056 είς
947 4991 1073 5060 ὄφιν
1103 4992 1455 5061 μεταϐάλλει.
1478 4991 1689 5045 Οὐκοῦν

153 5082 417 5146 περιιοῦσα
438 5084 534 5148 τὰς
552 5084 664 5137 τῶν
688 5084 1004 5151 Αἰγυπτίων
1028 5083 1280 5154 ῥάϐδους,
1309 5085 1365 5137 αἳ
1397 5085 1691 5155 δράκοντες

154 5169 364 5239 ἐδόκουν,
396 5176 681 5247 κατήσθιε.
717 5177 826 5229 Καὶ
858 5175 1003 5229 οὕτω
1041 5177 1140 5247 μὲν
1176 5178 1204 5229 6
1248 5174 1531 5245 Ἰώσηπος,
1579 5179 1606 5229 6
1634 5175 1691 5228 δὲ

154 5259 417 5329 Nasoni);
441 5266 579 5330 θεῖος
608 5254 910 5341 Γρηγόριός
955 5282 1123 5336 φησιν
1166 5267 1251 5319 ὅτι
1279 5266 1367 5320 διά
1410 5265 1690 5318 τοῦτοὲπὶ

160 5352 244 5420 μὲν
274 5356 366 5425 τῆς
396 5357 554 5427 βάτου
602 5359 700 5411 καὶ
736 5344 831 5411 τοῧ
874 5358 1090 5429 Ἰσραὴλ
1128 5358 1156 5411 6
1189 5357 1320 5421 Θεὸς
1353 5359 1450 5429 τὴν
1496 5358 1692 5429 ῥάϐδον

156 5445 226 5507 εἷς
243 5446 357 5516 ὅφιν
392 5454 737 5522 μεταϐάλλει,
767 5453 859 5504 ἐπὶ
879 5452 936 5505 δὲ
957 5452 1051 5505 τοῦ
1070 5450 1272 5521 Φαραὼ
1298 5451 1377 5513 είς
1398 5450 1689 5519 δράκοντα,

158 5536 235 5592 ῐνα
267 5542 340 5613 τῷ
368 5547 586 5614 μεγέθει
642 5544 969 5615 καταπλήξῃ
1017 5543 1239 5607 αὐτούς.
1292 5542 1464 5610 Δῆλον
1503 5542 1563 5595 δὲ
1609 5542 1691 5594 ὅτι

159 5630 335 5700 ἀληθὲς
360 5637 516 5690 τοῦτο
544 5640 605 5692 τὸ
636 5641 864 5709 σημεῖον
890 5635 981 5709 ἦν,
1015 5637 1077 5689 τὸ
1102 5635 1158 5689 δὲ
1188 5635 1297 5689 τῶν
1334 5637 1523 5704 μάγων
1556 5650 1693 5701 φαν-

160 5726 320 5779 τασία·
348 5728 426 5781 διὸ
452 5732 543 5785 καὶ
576 5731 858 5802 κατεπόθη
887 5730 994 5783 ὑπὸ
1019 5731 1116 5800 τῆς
1146 5727 1404 5799 ἀληθείας
1431 5729 1461 5795 ἡ
1488 5744 1696 5796 φαντα-

164 5814 264 5869 σία.
298 5817 431 5873 Ἀλλ’
460 5822 557 5875 οὐκ
583 5820 831 5876 ἐντεῦθεν
858 5825 885 5876 6
912 5819 1110 5889 Φαραὼ
1139 5819 1409 5887 πείθεται,
1442 5817 1694 5890 μαίνεται

452 5918 719 5979 ΡΑτιιοῐ..
754 5920 871 5983 Gn.
909 5907 1167 5981 CLVIII

1795 4633 2032 4704 positum
2070 4636 2313 4702 invidiae,
2365 4636 2784 4692 formidantibus
2825 4632 3095 4709 Egyptiis
3149 4658 3216 4697 ne
3265 4645 3389 4699 ali~'

1795 4725 2011 4793 quando
2047 4727 2209 4782 etiam
2245 4727 2507 4783 adversus
2539 4743 2598 4783 se
2634 4744 2805 4784 noras
2831 4746 2919 4786 res
2949 4733 3249 4788 moliretur.
3293 4736 3363 4790 iis

1796 4817 2194 4874 animadversis
2252 4818 2588 4874 subtraxisse
2638 4834 2698 4874 se
2753 4821 2974 4887 Mosem,
3035 4831 3091 4877 et
3144 4827 3360 4894 cognito

1795 4909 1913 4964 vias
1958 4911 2257 4981 itineraque
2292 4911 2495 4980 passim
2549 4911 2788 4967 obsideri
2836 4928 2865 4967 a
2896 4916 3229 4981 custodibus,
3268 4934 3363 4987 per

1798 5000 2147 5055 solitudinem
2186 5001 2429 5055 instituta
2470 5000 2591 5072 fuga
2642 5002 2801 5058 saluti
2838 5018 2949 5058 suae
3002 5007 3359 5063 consuluisse.

1798 5089 1938 5144 lliue
1966 5091 2032 5143 ad
2083 5099 2306 5160 puteum
2340 5092 2677 5160 pervenisse,
2713 5091 2804 5147 ubi
2839 5094 2965 5148 filiae
3001 5094 3225 5167 Ragueli
3267 5113 3356 5168 pa-

1799 5189 2013 5235 ternum
2084 5196 2250 5249 pecus
2301 5182 2665 5251 adaquabant.
2731 5183 2852 5240 Mox
2905 5184 3076 5241 relata
3122 5187 3362 5259 Rnguelo

1798 5272 1966 5327 fuisSe
2021 5288 2142 5341 qua:
2194 5271 2368 5328 Moses
2404 5273 2642 5342 fecisset,
2679 5276 2803 5343 quis
2856 5284 3020 5343 esset,
3061 5292 3169 5347 quo
3207 5287 3362 5348 pacto

1801 5363 2013 5417 ﬁliabus
2058 5362 2229 5434 ipsius
2260 5365 2381 5419 sine
2407 5368 2754 5421 cunctatione
2782 5368 3363 5439 succurrisset.—150

1799 5453 1915 5510 His-
1946 5454 2093 5509 illum
2133 5454 2295 5510 rebus
2343 5467 2645 5526 permotum
2688 5455 2893 5513 Moscm
2947 5458 3048 5513 sibi
3100 5473 3359 5526 generum

1800 5547 2078 5602 ascivisse.
2108 5546 2329 5603 Talibus
2359 5550 2609 5603 allectum
2644 5548 2848 5604 Moscm
2875 5549 3149 5605 beneﬁciis
3175 5550 3242 5602 ab
3265 5548 3360 5605 Jo—

1800 5637 1960 5690 thoro
1993 5634 2081 5706 (id
2114 5636 2258 5691 enim
2302 5635 2539 5708 Raguelo
2571 5645 2990 5708 cognomentum
3021 5635 3212 5704 fuisse)
3239 5651 3362 5690 cum

1801 5744 1867 5783 eo
1894 5719 2481 5798 victitasseac’soccri'
2504 5745 2668 5799 pecus
2692 5714 2927 5797 pavisse.
2959 5727 3202 5792 Cumque
3233 5727 3365 5783 illud

1797 5819 1949 5890 juxta
1982 5819 2216 5875 Sinaaum
2250 5830 2488 5876 montem
2521 5817 2971 5884 circumduceret,
3008 5816 3174 5871 Deum
3202 5815 3271 5872 ab
3300 5831 3364 5874 eo

2857 5913 2933 5971 10
