3862 6228
170 374 259 436 293
596 440 603 443 ,
763 416 767 421 ρ
972 389 979 395 '
1354 368 1640 431 ANNALI
1658 368 1708 429 U

1850 373 1903 427 Ἀ
1918 370 2008 428 RS
2052 370 2133 428 Ii.
3278 361 3381 424 291

171 485 288 539 Θεοῦ
307 485 333 537 δ
361 482 605 553 Μαῦσῆς,
632 484 726 536 καί
751 483 1079 537 τελευτῶσιν
1112 481 1312 536 αὐτίκα
1340 484 1389 535 οἰ
1417 470 1701 550 βάτραχᾶι,

1850 491 1982 536 etrat
2027 482 2295 551 postulata
2360 481 2594 543 Pharao;
2644 480 2811 533 Deum
2858 470 3182 557 obsecrante
3230 471 3377 526 Mose

172 579 260 629 κΞν
290 575 317 626 ὁ
356 572 548 647 Φαραὼ
600 575 938 645 θεασάμενος
989 575 1071 628 ὅτι
1123 574 1349 642 γέγονεν
1412 572 1698 640 ἀνάφυξις,

1850 573 2066 627 )ntinuo
2090 587 2233 625 ranze
2262 572 2559 641 exspirant.
2594 570 2955 625 Nihilominus
2986 567 3219 625 Pharao,
3252 578 3375 615 cum

171 666 393 737 ἀπειθεὲᾳ
416 670 479 737 τῇ
512 667 753 737 προτέρᾳ
785 668 1075 731 ὲνέμεινε.·
1096 681 1113 697 ⁸

1850 676 1957 720 mto
2003 680 2033 719 c
2065 664 2205 718 malo
2233 678 2293 716 se
2342 663 2636 731 respirasse
2676 668 2944 722 cerneret,
2999 657 3054 712 iu
3124 656 3382 710 obﬁrma-

360 768 363 773 ’
620 758 625 763 ’
1809 757 1957 810 tione
1984 756 2149 809 animi
2185 756 2410 823 pristina
2448 752 2702 821 perstitit.

229 847 380 920 τρίτη
410 845 587 917 πληγὴ
633 850 666 917 ἡ
711 848 819 901 ἀπὸ
850 848 945 902 τοῦ
979 848 1101 919 χοὸς
1133 847 1243 902 τῶν
1282 832 1527 900 σκνιπῶν
1571 846 1702 900 ἀνά-

1880 846 2064 902 Tertia
2116 848 2273 917 plaga
2326 846 2427 899 fuit
2487 846 2720 899 culicum
2780 859 2809 896 c
2868 845 3088 911 pulvere
3125 824 3375 897 natorum

172 939 314 1001 ὼσις.
351 954 369 990 ι
407 936 666 1003 Ἐξέτεινε
700 958 720 991 ε
759 942 868 1009 γάρ
921 955 1088 1008 φησιν
1118 958 1138 991 ε
1183 935 1397 1008 Ἀαρὼν
1437 940 1503 1007 τῇ
1564 937 1707 1006 χειρὶ

1850 939 2116 993 reductio.
2155 938 2247 991 Sic
2293 938 2437 991 enim
2473 938 2831 1005 perscriptum
2870 935 3136 1005 legimus:
3177 955 3195 987 ε
3236 936 3379 987 Aaro

172 1031 253 1101 τὴν
275 1029 473 1101 ῥάϐδον,
507 1029 684 1093 καθὼς
713 1031 943 1100 ὲλάλησε
978 1030 1185 1101 Κύριος
1207 1069 1224 1094 ,
1257 1031 1349 1083 καὶ
1382 1027 1620 1091 ἐπάταξε
1647 1028 1707 1081 τὸ

1850 1045 1975 1083 tanu
2006 1029 2209 1099 virgam
2242 1044 2395 1085 suam
2447 1029 2514 1083 de
2549 1028 2803 1083 rnandato
2840 1027 3051 1081 Domini
3084 1026 3382 1095 protendit,

142 1122 309 1201 ’χῶμα
332 1122 429 1192 τῆς
456 1122 582 1192 γῆς,
622 1122 719 1176 καὶ
748 1123 1002 1191 ἐγένοντο
1051 1124 1102 1175 οἰ
1132 1122 1358 1184 σκνῖπες
1387 1120 1446 1174 εν
1490 1135 1549 1172 τε
1592 1121 1707 1182 τοῖς

1850 1137 1873 1176 c
1904 1130 2064 1176 terrae
2094 1121 2372 1190 pulverem
2402 1121 2697 1189 percussit,
2732 1133 2836 1188 qua
2879 1117 3231 1197 percussione
3282 1131 3381 1172 cu-
3452 1172 3465 1179 κ
3540 1184 3553 1201 ⁸

174 1213 451 1286 ἀνθρώποις
487 1215 582 1269 καὶ
621 1215 737 1278 τοῖς
770 1214 1089 1285 τετράποσι.
1120 1231 1139 1265 ι
1191 1212 1434 1265 Γίνωσκε
1463 1210 1518 1263 δὲ
1540 1210 1624 1264 ὅτι
1645 1209 1709 1261 τὸ

1851 1229 1941 1269 ces
1978 1222 2089 1267 tum
2120 1214 2176 1267 in
2206 1213 2520 1267 hominibus
2554 1221 2668 1266 tum
2710 1211 3160 1281 quadrupedibus
3209 1210 3380 1264 exsti-

174 1308 290 1371 ζῶον
330 1302 375 1359 οι
425 1308 671 1371 σκνῖπες,
728 1306 779 1359 εἰ
832 1308 925 1359 καὶ
965 1288 1308 1375 βραχύτατον
1362 1305 1531 1367 ἐστιν,
1591 1299 1709 1355 ἀλλ’

1850 1314 2002 1359 erunt
2031 1305 2095 1355 ⁸³.
2136 1322 2155 1354 ι
2192 1304 2365 1372 Atque
2415 1303 2503 1357 hic
2553 1302 2749 1356 discito
2790 1301 3173 1369 animalculum
3228 1298 3386 1363 illud,

174 1400 299 1470 ὅμως
324 1397 754 1469 ἀργαλεώτατονο
787 1397 850 1452 οὐ
905 1397 1066 1468 μόνον
1095 1399 1204 1465 γὰρ
1257 1394 1580 1463 λυμαίνεται
1607 1393 1709 1463 τὴν

1850 1397 1956 1450 uod
1996 1394 2199 1449 culices
2221 1395 2579 1464 appellamus,
2613 1394 2826 1448 tametsi
2850 1395 2931 1446 vel
2962 1392 3250 1446 minimum
3284 1391 3378 1453 sit,

175 1491 463 1559 ἐπιφάνειαν
519 1490 617 1543 τοῦ
672 1490 942 1560 δέρματος
997 1491 1109 1552 τοῖς
1170 1489 1406 1556 ἀφανέσι
1467 1488 1709 1558 δήγμασι

1853 1485 1982 1540 ihilo
2020 1495 2196 1539 tamen
2256 1486 2437 1539 minus
2490 1485 2646 1553 longe
2692 1486 2851 1538 nobis
2890 1500 3011 1541 esse
3063 1482 3385 1537 molestissi-

174 1584 417 1651 κνησμοὺς
462 1581 730 1651 ἐμποιοῦν
783 1583 993 1651 ἀηδεῖς,
1026 1581 1165 1635 ἀλλὰ
1210 1581 1304 1635 καὶ
1334 1581 1414 1643 εἰς
1460 1580 1522 1632 τὸ
1560 1579 1710 1642 ἐντὸς

1850 1592 1984 1631 tum.
2019 1577 2135 1631 Non
2166 1576 2313 1632 enim
2359 1584 2567 1631 tantum
2597 1576 2741 1630 cutis
2776 1576 3119 1645 superﬁciem
3170 1571 3389 1642 stringit

176 1673 389 1741 βιάζεται
412 1672 501 1727 διά
525 1689 592 1742 γε
625 1674 921 1744 μυκτήρων
967 1675 1065 1726 κα)⁸
1099 1664 1273 1724 ὢτων.
1325 1670 1469 1740 Πρὸς
1497 1669 1709 1732 τούτοις

1851 1678 1979 1738 tque
2006 1668 2175 1730 laedit,
2209 1668 2461 1727 obscuris
2493 1669 2762 1723 morsibus
2788 1681 2981 1744 graves
3016 1666 3384 1734 molestosque

174 1738 223 1819 δέ
279 1767 368 1819 καὶ
425 1738 593 1837 κόρας
626 1738 881 1836 *βλάπτει
945 1764 1244 1834 ὀφθαλμῶν
1296 1738 1706 1832 εἰσήπετόμενον.

1850 1762 2055 1814 ruritus
2074 1758 2351 1814 eﬂiciens:
2387 1774 2569 1813 verum
2620 1759 2782 1813 etiam
2817 1738 2911 1827 per
2947 1772 3103 1810 nares
3136 1765 3192 1810 et
3221 1770 3382 1809 aures

182 1856 429 1923 Ὠσαύτως
464 1858 520 1913 δὲ
564 1860 664 1913 καὶ
693 1860 740 1912 oi
770 1859 1017 1911 ὲπαοιδοὶ
1045 1858 1154 1911 τῶν
1179 1855 1494 1924 Αἰγυπτίων
1521 1854 1709 1924 ἐποίηο

1850 1852 1880 1907 d
1909 1849 2167 1905 interiora
2197 1850 2249 1904 vi
2289 1860 2577 1918 penetrare
2627 1850 2840 1915 nititur,
2894 1863 2959 1903 ac
2991 1856 3253 1916 praeterea
3285 1862 3384 1916 pu-

178 1967 258 2004 σιν
282 1949 367 2004 τοῦ
403 1950 695 2020 ἐξαγαγεῖν
721 1949 815 2006 τὸν
862 1952 1086 2014 σκνῖπα,
1138 1950 1235 2002 καὶ
1277 1949 1380 2002 οὐκ
1426 1947 1711 2016 ἠδύναντο.

1850 1943 1960 1998 ιυιίθ
1988 1942 2286 2006 oculorum,
2325 1940 2480 2011 152
2512 1943 2565 1995 in
2620 1956 2715 1996 eos
2749 1940 3059 2004 inrolando,
3095 1939 3391 1993 detrimen-

180 2037 318 2099 Εἶπον
341 2041 431 2101 οὖν
458 2043 539 2116 τῷ
569 2042 775 2115 Φαραὼ
804 2045 888 2097 ὃτι
919 2041 1187 2105 δάκτυλος
1214 2040 1351 2095 Θεοῦ
1385 2040 1510 2116 ἐστι
1531 2039 1711 2093 τοῦτο.

1850 2052 1935 2091 um
1965 2033 2141 2090 aﬂert.
2180 2034 2385 2089 Deinde
2433 2034 2524 2089 hic
2573 2035 2737 2087 etiam
2771 2031 3154 2101 Egyptiorum
3190 2044 3391 2084 excan-

178 2148 300 2197 tores
327 2115 610 2197 consimile
629 2139 885 2212 quiddam
920 2137 1098 2193 moliri
1151 2115 1511 2201 nitebantur,‘
1554 2141 1617 2190 ut
1679 2131 1885 2189 culices
1936 2129 2324 2202 producerent,
2366 2130 2461 2184 sed
2528 2129 2682 2184 irrito
2745 2136 2965 2182 conatu.
3027 2124 3391 2191 Quamobrem

178 2235 415 2290 Pharaoni
437 2233 680 2290 confessi
704 2241 834 2288 sunt
877 2233 994 2288 haec
1030 2231 1124 2288 Dei
1151 2232 1324 2303 digito
1353 2231 1547 2287 eﬂ'ecta
1572 2244 1718 2285 esse.

239 2325 462 2396 Τετάρτη
490 2325 681 2396 πληγὴ
724 2326 759 2395 ἡ
799 2325 886 2379 διὰ
916 2325 1014 2393 τῆς
1044 2322 1367 2393 κυνομυίας.
1409 2341 1427 2375 ι
1466 2320 1667 2385 Καθὼς
1694 2341 1712 2373 ε

1892 2318 2098 2384 Quarta
2145 2318 2297 2387 plaga
2331 2316 2474 2371 Deus
2500 2308 2784 2386 Egyptios
2816 2329 2911 2383 per
2966 2327 3200 2377 muscas,
3258 2325 3394 2380 quas

182 2418 272 2490 γάρ
296 2420 448 2487 φησιν
478 2436 496 2470 ι
522 2418 751 2488 ἐποίησε
778 2416 1005 2487 Κύριος,
1028 2398 1357 2485 παρεγένετο
1383 2416 1418 2484 ἡ
1449 2414 1718 2483 κυνόμυια

1850 2410 2048 2463 aninas
2077 2409 2368 2478 appellant,
2404 2407 2638 2461 vexavit.
2672 2406 2828 2469 Nam,
2892 2414 2951 2459 ut
3008 2406 3180 2458 sacris
3223 2412 3306 2459 est
3338 2404 3395 2457 in

184 2509 357 2578 πλῆθος
400 2509 477 2571 εἰς
513 2511 647 2573 τοὺς
679 2510 864 2573 οἴκους
912 2506 1115 2573 Φαραὼ
1167 2507 1261 2561 καὶ
1293 2507 1375 2570 εἰς
1412 2506 1594 2571 πᾶσαν
1621 2504 1718 2575 τὴν

1850 2499 2063 2564 .itteris,
2111 2497 2379 2553 efﬁciente
2418 2499 2528 2553 Deo
2581 2506 2724 2552 tanta
2767 2512 3077 2551 muscarum
3112 2497 3193 2550 vis
3231 2505 3397 2563 atque

184 2602 272 2672 γῆν
294 2604 583 2673 Αἰγύπτου.
610 2605 725 2658 Καὶ
746 2601 1121 2673 ἐξωλοθρεύθη
1145 2603 1177 2672 ἡ
1204 2600 1276 2669 γῆ
1303 2598 1412 2653 ἀπὸ
1435 2599 1534 2671 τῆς
1561 2616 1718 2653 κυνο-

1850 2590 2117 2646 nultitudo
2162 2590 2218 2644 in
2270 2588 2759 2645 Pharaonis-aedes
2800 2598 2856 2643 et
2893 2597 3061 2642 totam
3098 2587 3390 2658 IEgyptum

189 2696 325 2767 μυίας
350 2696 644 2767 ὀδυνηρῶς.
662 2713 681 2748 ι
710 2696 824 2749 Καὶ
848 2697 958 2765 γὰρ
982 2692 1260 2764 ¹ἐμφύεται
1288 2690 1376 2746 διὰ
1395 2689 1490 2745 τού
1511 2690 1718 2760 δήγμα-

1850 2690 1910 2737 :st
1947 2682 2211 2746 immissa,
2250 2689 2309 2735 ut
2337 2680 2406 2736 ab
2435 2684 2515 2736 eis
2541 2680 2795 2736 universa
2822 2682 2967 2751 regio
2994 2680 3395 2749 devastaretur.

184 2804 261 2849 τος
276 2790 415 2841 τουτί
432 2789 493 2841 τὸ
515 2788 661 2852 ζῶον
690 2790 803 2848 τοῖς
828 2784 1066 2855 σώμασι.
1084 2784 1407 2854 Κυνόμυιαν
1426 2782 1484 2836 δὲ
1504 2781 1718 2836 ἁκούων

1850 2772 2090 2827 limirum
2127 2789 2234 2829 non
2296 2773 2419 2826 sine
2451 2770 2638 2827 dolore
2688 2772 2888 2827 animal
2926 2772 3028 2827 hoc
3081 2772 3135 2825 in
3163 2786 3395 2841 corpora

183 2878 235 2932 τὸ
283 2879 501 2943 αὔθαδες
552 2880 669 2931 νόει
721 2875 819 2931 τοῦ
873 2876 1057 2942 ζώου·
1093 2876 1352 2946 καθάπερ
1404 2875 1514 2946 γὰρ
1565 2874 1718 2946 βέλος

1850 2880 2008 2920 norsu
2038 2873 2318 2934 penetrat;
2349 2880 2589 2934 cumque
2618 2866 2849 2920 caninas
2876 2864 3137 2934 appellari
3178 2879 3394 2920 muscas
3440 2914 3445 2927 ε

185 2970 533 3040 εἰσπετομένη,
578 2969 691 3022 τῶν
726 2967 1042 3036 Αἰγυπτίων
1084 2969 1179 3021 καὶ
1221 2966 1400 3035 μόνων
1435 2981 1718 3036 κατεπεμ-

1850 2957 2001 3022 ludis,
2047 2957 2151 3012 hoc
2183 2958 2361 3026 ipsum
2413 2958 2482 3011 ad
2532 2957 2924 3027 impudentiam
2946 2966 3008 3012 et
3057 2956 3398 3012 ferocitatem

187 3061 409 3115 ϐαίνουσα
433 3058 661 3132 ἧνζιίαὶ
684 3060 842 3115 τοῦτο
871 3059 1112 3129 δηλοῦσα
1132 3060 1166 3128 ἡ
1184 3056 1376 3129 Γραφὴ
1408 3058 1551 3111 κατά
1570 3056 1718 3122 λέξιν

1850 3048 2075 3103 .nimalis
2096 3047 2317 3113 referto,
2346 3048 2493 3118 quod
2528 3048 2779 3103 involans
2811 3049 2862 3101 in
2901 3064 3108 3103 morem
3138 3048 3229 3102 teli
3253 3047 3399 3122 solos

186 3144 311 3204 οὓτῶ
328 3130 476 3221 φησίε
529 3168 548 3203 ι
585 3149 695 3205 Καὶ
721 3148 1170 3221 παραὼξᾶσομαι
1221 3147 1321 3218 τὴν
1369 3148 1471 3218 γῆν
1500 3146 1678 3216 Γεσὲμ
1698 3186 1714 3211 ,

1850 3156 1874 3194 n
1909 3138 2188 3209 Egyptios
2243 3139 2506 3193 irruebat.
2542 3139 2656 3196 lioc
2687 3140 2928 3195 indicare
2986 3139 3203 3195 Litterae
3232 3155 3400 3194 sacrae

187 3242 257 3311 ἐφ’
279 3237 337 3314 ἧς
362 3246 390 3298 δ
416 3243 541 3307 λαός
574 3260 678 3313 μου
712 3243 798 3297 ἐπ’
826 3242 1016 3311 αὐτῆς,
1049 3241 1134 3310 ἐφ’
1226 3242 1326 3295 οὐκ
1366 3241 1511 3295 ἔστιν
1542 3242 1658 3294 ἐκεῖ
1688 3242 1718 3311 ἠ

1854 3232 2063 3287 olantes
2092 3231 2176 3285 his
2198 3230 2329 3301 ipsis
2350 3232 2533 3286 verbis
2564 3246 2675 3287 usae
2693 3241 2824 3287 sunt
2848 3252 2860 3286 :
2889 3251 2907 3284 ι
2931 3231 3217 3288 Gesemam
3241 3246 3400 3297 vero,

188 3335 445 3403 κυνάμυια,
470 3335 559 3387 ἶνα
596 3332 712 3403 ῐδῃς
734 3333 818 3386 ὅτι
847 3330 959 3398 ἐγὼ
988 3330 1191 3401 Κύριος
1211 3332 1239 3384 δ
1261 3329 1393 3392 Θεός
1415 3345 1509 3382 σου
1543 3328 1718 3396 πάσης

1850 3340 1931 3396 [ua
1963 3326 2019 3379 in
2051 3332 2194 3380 terra
2224 3324 2459 3395 populus
2481 3341 2635 3381 meus
2661 3326 2826 3398 degit,
2856 3337 3054 3397 prater
3080 3326 3397 3395 opinionem

187 3426 271 3497 τῆς
295 3430 411 3496 γῆς.
442 3425 551 3481 Καὶ
580 3423 852 3484 διαστελῶ
878 3422 1151 3492 ἀναμέσον
1176 3418 1272 3476 τοῦ
1298 3422 1432 3491 ἐμοῦ
1468 3421 1599 3475 λαοῦ
1630 3421 1718 3474 καὶ

1850 3415 2111 3472 nominum
2147 3417 2445 3472 immunem
2480 3417 2715 3484 iaciam,
2759 3427 2819 3474 ut
2862 3420 2914 3473 in
2969 3434 3032 3475 ea
3090 3417 3254 3473 nullae
3291 3420 3403 3473 sint

189 3516 436 3583 ἁναμέσον
467 3516 563 3571 τοῦ
603 3515 699 3569 σοῦ
729 3515 882 3571 λαοῦ.
919 3533 939 3566 ι
971 3516 1159 3567 Ais-rat
1191 3513 1285 3568 οὖν
1322 3513 1439 3566 ἐπὶ·
1462 3513 1672 3575 τούτοις
1699 3515 1718 3566 ἐ

1850 3527 2067 3582 nuscae;
2098 3527 2208 3582 quo
2236 3512 2449 3568 scilicet
2475 3512 2746 3583 intelligas
2790 3527 2878 3567 me
2908 3511 3200 3567 Dominum
3232 3512 3402 3566 Deum

188 3603 366 3673 Μωσῆς
396 3606 489 3659 τοῦ
535 3604 701 3669 Θεοῦ,
742 3602 836 3658 καὶ
869 3603 1112 3673 περιεῖλε
1143 3601 1241 3670 τὴν
1288 3600 1587 3670 κυνόμυιαν
1615 3598 1718 3653 ἀπὺ

1850 3618 1953 3660 esse
1976 3605 2034 3661 in
2064 3604 2244 3668 terris,
2275 3596 2370 3673 qui
2397 3603 2694 3660 discrimen
2738 3606 2882 3660 inter
2924 3620 3105 3660 meum
3138 3614 3403 3674 tuumque

189 3697 268 3749 τοῦ
293 3697 504 3769 Φαραὼ,
533 3698 633 3751 καὶ
664 3696 764 3749 οὐκ
793 3694 1057 3766 ἠθέλησεν
1083 3692 1466 3759 ἐξαποστεῖλαι
1503 3692 1718 3756 αὐτούς.

1850 3698 2086 3767 inpulum
2112 3711 2313 3767 ponam
2340 3695 2409 3751 “.
2447 3712 2468 3747 ι
2511 3696 2825 3753 Secundum
2853 3697 2970 3754 haec
2995 3699 3193 3753 iterum
3220 3697 3400 3753 Moses

192 3791 341 3849 Deum
399 3795 748 3865 deprecatur,
775 3792 867 3861 qui
901 3804 1120 3848 muscas
1148 3789 1271 3845 illas
1308 3789 1534 3845 caninas
1596 3804 1627 3843 a
1668 3787 1958 3848 Pharaone
1992 3793 2306 3864 populoque
2335 3791 2511 3862 ipsius
2544 3793 2726 3864 abegit
2760 3795 2840 3848 ita
2907 3803 2964 3849 ut
3008 3810 3077 3850 ne
3122 3810 3227 3849 una
3279 3794 3404 3864 φῆς

106 3956 111 3959 δ
191 3885 298 3943 dem
328 3888 526 3959 reliqua
550 3887 728 3954 foret;
763 3886 861 3942 sed
893 3886 1111 3941 Pharao
1172 3892 1287 3940 tum
1337 3896 1559 3955 quoque
1608 3898 1767 3939 suum
1806 3884 2161 3956 pertinaciter
2217 3884 2506 3941 obduravit
2544 3886 2809 3952 animum,
2863 3900 2966 3941 nec
3009 3885 3272 3955 populum
3324 3886 3406 3941 di-

194 3979 383 4037 mittere
411 3980 605 4037 voluit.
955 3972 963 3979 ’
1452 4016 1465 4027 -

257 4076 477 4148 Πιμπτη
502 4075 691 4146 πληγὴ
717 4076 751 4147 ἡ
783 4072 893 4128 τῶν
914 4072 1267 4143 τετραπόδων
1282 4069 1478 4141 φθορά.
1504 4087 1524 4122 ε
1545 4069 1680 4125 ’ἰδοὺ
1711 4087 1718 4123 l

1864 4094 1877 4106 ο
1905 4071 2093 4143 Itaque
2120 4082 2309 4129 secuta
2340 4082 2426 4130 est
2465 4073 2620 4147 plaga
2651 4074 2868 4145 quinta,
2910 4073 3162 4130 videlicet
3183 4075 3403 4145 jumen-

199 4165 293 4235 γάρ
322 4184 450 4237 φησι
478 4166 617 4235 πρὸς
645 4164 848 4235 Φαραὼ
885 4165 913 4217 ὁ
938 4162 1166 4232 Μωσῆς,
1202 4178 1223 4214 ε
1263 4161 1348 4215 δτι
1373 4160 1493 4231 χεὶρ
1530 4159 1718 4230 Κυρίοι

1850 4177 2014 4243 .orum
2044 4170 2101 4217 et
2152 4177 2411 4233 pecorum
2441 4166 2694 4221 omnium
2735 4165 2876 4221 lues.
2928 4165 3020 4223 Sic
3059 4168 3204 4225 enim
3236 4182 3404 4224 sacra:

172 4257 331 4313 ’ἔσται
359 4261 414 4312 ὲν
454 4260 590 4313 πᾶσι
620 4259 734 4320 τοῖς
760 4254 984 4326 κτήνεσι
1024 4269 1140 4320 σου,
1172 4252 1267 4306 καὶ
1297 4252 1525 4315 θάνατος
1565 4251 1718 4320 μέγα‹

1850 4253 2057 4311 Litterae
2083 4263 2338 4311 narrant:
2373 4274 2392 4309 ι
2432 4256 2577 4313 Dixit
2599 4259 2874 4316 Pharaoni
2912 4259 3111 4325 Moses,
3144 4261 3222 4315 En
3278 4276 3398 4316 ma-

88 4338 89 4345 “
200 4348 404 4417 σφόδρα.
444 4349 557 4402 Καὶ
586 4347 814 4415 ἐποίησε
861 4344 1065 4415 Κύριος
1107 4343 1171 4397 τδ
1220 4344 1376 4414 ῥῆμα
1410 4341 1568 4397 τοῦτο
1592 4378 1609 4406 ,
1646 4343 1718 4395 κα

1850 4361 1970 4401 tium
1994 4361 2147 4402 suam
2186 4347 2449 4421 Dominus
2472 4350 2526 4405 in
2560 4351 2743 4406 omnia
2772 4362 2870 4408 tua
2899 4352 3144 4419 iumenta
3193 4353 3270 4409 sic
3297 4355 3401 4409 im-

198 4439 533 4510 ἐτελεύτησαν
584 4435 862 4504 πάντατὰ
906 4436 1077 4506 κτήνη
1116 4435 1225 4488 τῶν
1253 4434 1592 4503 Αἰγυπτίων,
1626 4432 1718 4487 διπί

1850 4436 2041 4503 mittet,
2072 4445 2133 4492 ut
2154 4437 2348 4508 ingens
2369 4438 2730 4496 subsecutura
2762 4442 2834 4497 sit
2853 4442 2992 4498 lues.
3024 4442 3284 4512 Fecitque
3306 4443 3412 4499 Do-

196 4528 245 4581 δὲ
288 4531 387 4585 τῶν
420 4531 633 4602 κτηνῶν
682 4527 953 4583 τῶν-υἱῶν
992 4525 1210 4597 Ἰσραὴλ
1238 4526 1590 4596 ἐτελεύτησεν
1617 4524 1718 4578 ούδὲ

1850 4530 2048 4596 minus,
2073 4529 2219 4599 quod
2250 4529 2489 4586 minatus
2524 4542 2662 4599 erat,
2684 4542 2746 4589 et
2787 4536 2965 4591 omnis
2997 4536 3212 4606 generis
3240 4537 3408 4609 IEgy-

199 4621 294 4674 ἓν.)
340 4623 636 4695 Ἐδαρύνθη
670 4621 763 4677 οὖν
787 4622 823 4693 ἡ
852 4618 1050 4691 καρδία
1102 4617 1321 4690 (tapeti),
1350 4619 1449 4673 καὶ
1477 4618 1579 4674 οὐκ
1605 4616 1718 4673 ἀπέ·

1850 4617 2087 4689 ptiorum
2115 4617 2407 4688 pecoribus
2454 4619 2707 4686 mortuis,
2739 4636 2811 4677 ne
2831 4623 3010 4678 unum
3054 4626 3274 4695 quidem
3322 4628 3413 4697 ju-

201 4714 356 4768 στειλε
383 4716 473 4769 τὸν
497 4715 649 4773 λαόν.
1400 4705 1405 4711 ’

1850 4714 2090 4762 mentum
2108 4720 2174 4761 ex
2190 4707 2257 4762 iis
2270 4721 2391 4778 qua
2406 4708 2646 4765 lsraelici
2668 4712 3023 4781 possidebant
3052 4716 3260 4772 interiit
3290 4720 3356 4773 ⁵⁸.
3390 4738 3409 4773 ι

1850 4796 2213 4891 Nihilominus
2240 4798 2561 4856 obﬁrmatus
2586 4810 2671 4858 est
2707 4801 3006 4863 Pharaonis
3043 4809 3282 4877 animus,
3309 4828 3412 4868 nec

1499 4944 1506 4959 ,
1846 4892 2081 4947 abeundi
2113 4900 2435 4963 potestatem
2459 4895 2660 4966 populo
2684 4895 2835 4954 fecit.

269 4981 435 5055 Ἐκτη
465 4981 649 5053 πληγὴ
681 4982 717 5053 ἠ
755 4981 867 5035 τῶν
914 4979 1220 5051 φλυκτίδων
1266 4977 1513 5042 ἐπίθεσις
1535 4980 1567 5042 ,’⁷
1598 4977 1718 5032 καθι

1917 4982 2280 5050 Quamobrem
2320 4985 2532 5057 plagam
2584 4989 2726 5046 Deus
2755 5000 2962 5047 sextam
3005 4994 3253 5063 immisit,
3293 5011 3416 5068 quae

203 5086 369 5140 φησιν*
416 5091 435 5125 ι
481 5074 747 5155 Ἐλάλησε.
771 5072 977 5143 Κύριος
1033 5071 1129 5129 καὶ
1165 5070 1325 5126 ἔλασε
1377 5070 1583 5141 Μωσῆς
1640 5072 1718 5140 τὴε

1850 5075 2187 5146 pustularum
2217 5083 2333 5132 erat
2362 5079 2713 5148 exulceratio,
2756 5083 2898 5139 sicut
2938 5097 3132 5142 auctor
3173 5089 3414 5145 historiae

134 5208 135 5213 η
204 5161 417 5235 αἱθάλην
444 5165 543 5234 τῆς
572 5164 802 5236 καμίνου
854 5164 1099 5218 ἐναντίον
1131 5161 1354 5233 Φαραὼ,
1400 5163 1497 5217 καὶ
1537 5161 1718 5215 ἐπασεε

1850 5181 2014 5222 sacrae
2046 5177 2253 5238 narrat.
2287 5186 2306 5220 ι
2333 5168 2819 5241 Quemadmodum,
2844 5177 3020 5247 inquit
3040 5179 3108 5247 ⁸⁸,
3152 5179 3413 5237 Dominus

203 5255 354 5320 αὐτὴν
376 5257 453 5320 εἰς
484 5258 577 5309 τὸν
602 5258 848 5328 οὗρανόν.
872 5257 983 5311 Καὶ
1014 5255 1233 5324 ἐγένετο
1262 5254 1416 5326 ἒλκη,
1456 5252 1718 5323 φλυκτίδει

1850 5269 2199 5330 praeceperat,
2232 5263 2469 5333 sumpsit
2520 5263 2700 5322 Moses
2747 5266 2985 5326 favillam
3024 5271 3091 5326 de
3134 5272 3364 5328 calcaria
3396 5313 3412 5339 ,

198 5346 502 5423 tivaCéoucat
537 5348 595 5401 ἐν
624 5366 684 5403 τε
713 5350 827 5412 τοῖς
860 5347 1173 5418 ἀνθρώποις
1202 5346 1298 5399 καὶ
1323 5346 1381 5399 ἐν
1412 5346 1525 5407 τοῖς
1551 5344 1718 5413 τετρά

1850 5358 2129 5419 spectante
2168 5351 2451 5409 Pharaone
2479 5393 2495 5420 ,
2548 5365 2712 5427 atque
2743 5358 2891 5414 illam
2929 5362 2980 5414 in
3011 5376 3137 5417 aera
3189 5361 3409 5431 sparsit.

206 5452 338 5505 ποσι,
361 5442 454 5493 καὶ
474 5440 576 5492 οὐκ
598 5439 862 5510 ἠδύναντο
890 5442 938 5492 οἱ
972 5438 1254 5507 φαρμακοὶ
1285 5437 1478 5508 στῆναι
1503 5436 1718 5489 ἐναντίο

1850 5441 1986 5495 Tum
2016 5443 2198 5497 ulcera
2229 5446 2569 5516 pustulasque
2611 5448 2887 5507 ferventes
2915 5454 3168 5506 exstitere
3198 5461 3305 5504 tam
3357 5452 3412 5505 in

205 5526 375 5583 Μωσεῖ
401 5530 487 5586 διὰ
520 5532 587 5585 τὰ
636 5533 793 5602 ἕλκη.
846 5529 980 5586 Eine
1003 5532 1060 5585 δὲ
1101 5531 1304 5603 Κύριος
1340 5530 1479 5601 πρὸς
1511 5531 1718 5600 Μωσῆν

1850 5532 2159 5590 horninibus
2197 5549 2357 5605 quam
2390 5538 2601 5603 cmteris
2634 5541 3109 5610 quadrupedibus,
3157 5539 3297 5594 adeo
3350 5550 3415 5594 ut

211 5619 482 5689 Ὀρθρισον
521 5628 581 5677 τὸ
608 5623 773 5694 πρωϊ,
812 5624 906 5679 καὶ
956 5623 1076 5677 εἰπὲ
1113 5626 1249 5694 πρὸς
1281 5622 1504 5694 Φαραώο
1558 5622 1619 5676 Εἰ
1668 5623 1718 5692 με

1850 5623 1948 5693 ipsi
1971 5625 2135 5681 etiam
2166 5627 2393 5684 veneﬁci
2416 5630 2650 5700 amplius
2671 5642 2891 5703 propter
2909 5632 3089 5686 ulcera
3107 5631 3411 5687 consistere

270 5782 313 5815 ⁸³
339 5784 498 5841 Exod.
542 5802 663 5879 vm,
692 5788 775 5845 10.
812 5789 855 5822 ⁵⁸
884 5791 1011 5847 ibid.
1044 5792 1131 5847 12.
1207 5793 1252 5825 ⁸⁵
1279 5791 1448 5847 Exod.
1479 5808 1552 5859 ix,
1587 5793 1641 5847 5.

1850 5793 1941 5853 rid.
1976 5795 2061 5849 Η.
