3862 6228
486 341 602 404 αοδ
701 405 713 426 ,

1739 340 1792 399 Μ
1809 337 2457 410 lCHAEIJSGLYC/E

3617 344 3717 405 236

485 467 670 509 coram
700 451 848 509 Mose
879 467 986 509 non
1020 463 1260 524 possent.
1289 451 1604 508 Secundum
1647 452 1762 508 haec
1795 454 1940 509 Deus
1964 455 2065 525 hoc

2178 457 2570 526 ὲξαποστείλης
2617 457 2708 510 τὸν
2742 457 2870 512 λαόν
2903 476 3037 536 μου,
3077 460 3408 524 ἀποστείλας
3447 460 3542 530 τὴν
3582 465 3720 532 χεῖρά

488 547 650 601 modo
677 547 877 602 Moscm
918 545 1293 617 compellavit:
1335 545 1470 599 Cras
1506 560 1724 610 summo
1772 561 1931 600 mane
1980 546 2060 600 sic

487 639 828 696 Pharaonem
867 640 1180 709 alloquere:
1229 623 1292 692 Ni
1348 636 1608 707 populum
1657 652 1840 690 meum
1892 636 2057 691 dimi—

485 733 646 795 seris,
678 739 893 785 exserta
926 744 1087 782 manu
1131 743 1248 782 mea
1273 736 1326 781 te
1358 725 1656 796 percutiam
1691 725 2062 795 populumque

487 831 643 876 tuum
670 831 846 877 morte
868 819 1129 875 multabo.
1159 818 1420 886 Scitoque
1442 817 1578 872 adeo
1610 825 1662 870 te
1690 816 1781 870 illa
1802 816 1868 871 de
1895 832 2059 871 causa

2171 566 2273 618 μου
2309 550 2541 616 πατάξω
2587 566 2646 601 σε
2679 552 2775 604 καὶ
2823 552 2916 604 τὸν
2967 552 3097 606 λαόν
3135 569 3229 606 σου
3274 553 3594 609 θανατώσω.
3631 559 3720 607 Καὶ

2169 636 2358 689 ἕνεκεν
2391 637 2582 690 τούτου
2629 637 2984 709 διετηρήθης,
3046 640 3134 694 ἵνα
3177 641 3498 711 ἐνδείξωμαι
3551 645 3608 694 ἐν
3654 641 3722 697 σοὶ

2167 730 2270 798 τὴν
2295 731 2524 801 δύναμίν
2551 749 2676 802 μου,
2713 734 2808 786 καὶ
2840 733 2986 798 ὅπως
3012 733 3306 807 διαγγελθῇ
3341 737 3402 790 τὸ
3433 737 3603 807 ὄνομά
3633 753 3720 806 μου

2172 820 2232 872 ἐν
2263 820 2418 892 πάσῃ
2445 823 2512 890 τῇ
2545 825 2638 892 γῇ.
2681 841 2701 873 ι

486 915 816 969 incolumem
850 909 1106 981 relinqui,
1141 918 1200 964 ut
1240 917 1566 980 potestatem
1607 907 1664 963 in
1707 916 1758 964 te
1798 922 1978 963 meam
2043 908 2313 965 declarent
2373 927 2666 983 meumque
2697 928 2899 970 nomen
2965 930 3065 986 per
3110 918 3425 976 universum
3475 928 3722 976 terrarum

435 1056 438 1058 η
483 1011 672 1065 orbem
705 1009 1041 1063 celebretur.
1092 1022 1112 1056 ι

559 1104 804 1173 Septima
842 1101 999 1171 plaga
1038 1097 1142 1154 fuit
1173 1097 1442 1153 immissio
1490 1096 1770 1168 grandinis
1815 1105 1872 1152 et
1912 1096 2067 1168 153

487 1199 649 1268 ignis.
675 1196 808 1249 Nam
842 1193 1110 1265 grandine
1159 1192 1310 1260 prius
1350 1205 1446 1258 per
1490 1191 1806 1245 universum
1848 1189 2065 1261 {Egypti

487 1291 662 1343 solum
684 1287 905 1356 delapsa
927 1286 1092 1340 etiam
1119 1285 1259 1355 ignis
1277 1283 1522 1352 undique
1542 1283 1824 1338 discurrit.
1846 1284 2066 1339 Grando

486 1385 603 1452 ipsa
637 1381 774 1434 nihil
808 1393 916 1433 non
941 1392 1129 1433 eorum
1157 1360 1603 1446 prostravitquze
1625 1375 1682 1428 in
1710 1383 1856 1430 terra
1887 1385 2060 1441 erant,

485 1484 602 1528 tum
629 1472 880 1527 homines
913 1479 1029 1524 tum
1057 1469 1323 1534 iumenta.
1356 1465 1476 1520 Non
1519 1475 1700 1522 tamen
1737 1467 1792 1521 in
1820 1465 2063 1521 Gesemae

485 1565 624 1630 solo,
670 1563 814 1633 quod
863 1561 1171 1616 incolebant
1217 1559 1494 1622 lsraelici,
1538 1560 1743 1629 grando
1769 1558 2062 1629 quidquam

485 1655 798 1710 detrimenti
830 1653 999 1708 dedit.
1040 1651 1279 1729 Rursum
1326 1665 1458 1705 vero
1506 1649 1686 1704 Moses
1737 1652 2064 1705 obsecrante

486 1747 775 1801 Pharaone
811 1743 982 1799 Deum
1008 1752 1221 1804 exorat,
1247 1757 1354 1811 quo
1377 1741 1523 1795 facto
1555 1742 1796 1795 tonitrua
1825 1749 1882 1795 et
1905 1756 2064 1811 gran-

483 1842 642 1896 dines
670 1845 974 1893 cessarunt.
1004 1839 1181 1902 Atque
1215 1835 1300 1889 hic
1325 1844 1512 1888 notato
1535 1848 1645 1888 non
1686 1833 1861 1888 solum
1905 1850 2065 1904 grau-

2256 1100 2491 1172 Ἑϐδόμη
2515 1101 2701 1172 πληγὴ
2725 1103 2864 1173 ήδιά
2893 1105 3135 1177 χαλάζης
3153 1109 3248 1161 καὶ
3269 1107 3460 1178 πυρός.
3481 1129 3500 1162 ι
3515 1109 3723 1180 Ἕσρεξε

2174 1191 2285 1260 γὰρ
2318 1193 2345 1244 ό
2372 1191 2574 1262 Κύριος
2598 1193 2839 1262 χάλαζαν
2865 1197 2962 1249 ἐπὶ
2987 1199 3171 1252 πᾶσαν
3193 1198 3298 1269 γῆν
3320 1200 3620 1269 Αἰγύπτου,
3646 1211 3724 1257 καὶ

2171 1284 2419 1354 διέτρεχε
2447 1285 2510 1337 τὸ
2532 1285 2643 1356 πῦρ
2677 1288 2770 1340 ἐπὶ
2792 1288 2891 1358 τῆς
2921 1291 3046 1360 γῆς.
3085 1289 3354 1357 Ἐπάταξε
3385 1293 3442 1347 δέ
3467 1295 3502 1364 ἠ
3536 1296 3724 1365 χάλαζα

2138 1378 2350 1432 ’πάντα
2375 1379 2474 1431 ὅσα
2512 1373 2580 1448 ἦν
2610 1381 2667 1431 ἐν
2689 1378 2768 1448 τῷ
2799 1381 2990 1450 πεδίῳ,
3023 1383 3132 1436 ἀπὸ
3159 1383 3450 1455 ἀνθρώπου
3483 1387 3590 1440 ἕως
3614 1394 3724 1458 κτή-

2171 1484 2318 1530 νους.
2351 1467 2498 1539 Πλὴν
2535 1469 2593 1522 ἐν
2644 1473 2715 1541 γῇ
2753 1471 2952 1542 Γεσέμ,
2984 1466 3046 1526 οὗ
3075 1470 3220 1544 ἦσαν
3261 1480 3311 1530 οἰ
3354 1478 3465 1530 υίοὶ
3505 1479 3721 1549 Ἰσραὴλ,

2173 1560 2274 1613 οὐκ
2305 1562 2522 1629 ἐγένετο
2560 1562 2592 1630 ἠ
2627 1563 2860 1632 χάλαζα.
2897 1583 2917 1617 ι
2978 1567 3166 1622 Δὲεται
3223 1565 3316 1624 οὖν
3373 1572 3470 1624 καὶ
3515 1568 3661 1633 αὖθις
3702 1585 3723 1625 ο

2170 1652 2376 1722 Μωσῆς
2406 1651 2502 1706 τοῦ
2541 1643 2678 1707 Θεοῦ
2708 1657 2851 1710 κατὰ
2891 1658 2984 1713 τὸν
3011 1659 3169 1727 λόγον
3201 1661 3423 1733 Φαραὼ,
3460 1665 3557 1716 καὶ
3584 1666 3727 1721 trra-5-

2173 1759 2336 1796 σαντο
2375 1746 2433 1798 αἱ
2463 1747 2644 1814 φωναὶ
2673 1747 2770 1801 καὶ
2797 1750 2830 1819 ἡ
2873 1749 3110 1819 χάλαζα.
3143 1751 3386 1806 Γίνωσκε
3415 1755 3473 1808 δὲ
3506 1756 3587 1809 ὅτι
3617 1759 3724 1819 τοὺς

2170 1833 2505 1899 Αἰγυπτίους
2537 1836 2597 1888 οὐ
2632 1837 2793 1904 μόνον
2845 1839 2879 1907 ἡ
2932 1839 3170 1904 ἐξαίσιος
3205 1841 3348 1911 φορὰ
3393 1842 3634 1913 χαλάζης
3674 1862 3724 1896 τε

445 1949 451 1958 ·
485 1933 631 1987 diuis
657 1941 712 1986 et
736 1929 879 2001 ignis
915 1928 1225 1982 inusitatam
1271 1940 1336 1980 ex
1368 1941 1495 1981 aere
1538 1924 1868 1980 delationem
1899 1924 2065 1996 Egy-

2178 1924 2290 1994 ἀμα
2320 1925 2416 1982 καὶ
2447 1929 2641 1996 πυρὸς,
2675 1930 2813 1985 ἀλλά
2863 1933 2960 1985 καὶ
3008 1933 3069 1986 τὸ
3093 1931 3192 1988 τοῦ
3224 1936 3552 2006 πράγματος
3582 1937 3724 1991 κατέ-

487 2029 616 2098 ptiis
678 2025 874 2080 terrori
931 2023 1121 2084 fuisse,
1155 2019 1251 2074 sed
1283 2021 1451 2074 etiam
1497 2018 1671 2088 ipsius
1721 2017 2066 2073 insolentiam

488 2122 591 2177 rei.
626 2118 759 2173 Nam
791 2117 1024 2170 hiemem
1053 2114 1316 2184 Egyptus
1351 2109 1555 2165 nullam
1577 2112 1878 2178 experitur,
1906 2109 2070 2178 idque

489 2223 778 2284 propterea
800 2209 948 2280 quod
978 2223 1008 2261 a
1030 2221 1164 2259 zona
1196 2218 1356 2272 quam
1391 2201 1650 2256 torridam
1679 2208 1873 2256 vocant
1899 2212 2070 2270 prepe

489 2308 652 2360 absit.
687 2303 952 2357 Nimirum
993 2298 1189 2352 ardore
1214 2295 1363 2348 illinc
1403 2292 1618 2348 occulte
1671 2300 2066 2362 promanante,

488 2396 684 2450 vicinae
733 2395 788 2446 in
836 2393 1024 2446 orbem
1073 2388 1323 2458 regiones
1376 2384 1648 2440 universae
1685 2384 1880 2440 leniori
1929 2381 2070 2440 coelo

489 2488 767 2541 fruuntur.

559 2595 762 2652 Octava
793 2595 1050 2666 deinceps
1085 2596 1242 2666 plaga
1294 2591 1511 2650 vexavit
1563 2589 1850 2661 .Egyptios
1878 2627 1893 2653 ,
1947 2603 2069 2659 quae

489 2691 825 2746 locustarum
858 2697 975 2744 erat
1003 2685 1270 2744 inunissio
1290 2689 1357 2740 ⁸⁷.
1382 2684 1516 2739 Nam
1546 2683 1695 2740 Mose
1721 2682 1976 2738 baculum
2012 2680 2065 2735 in

489 2798 616 2838 acra
645 2782 1029 2853 protendente,
1073 2779 1335 2836 Dominus
1369 2777 1658 2832 australem
1703 2783 1927 2830 ventum
1972 2772 2068 2828 ad-

489 2877 642 2931 duxit
673 2874 763 2930 die
803 2883 921 2930 toto
953 2882 1176 2942 totaque
1208 2880 1367 2926 nocte
1388 2912 1403 2935 ,
1437 2869 1532 2940 qui
1557 2868 1798 2924 Iocustas
1827 2865 2069 2920 sublatas

483 2973 541 3022 in
591 2967 906 3023 universum
955 2965 1332 3038 .IEgyptinrum
1385 2963 1562 3018 solum
1617 2958 1894 3030 dispersit.
1947 2959 2068 3023 Quo

486 3061 690 3115 factum
726 3071 785 3115 ut
826 3059 1036 3116 Pharao
1066 3073 1124 3113 se
1164 3057 1216 3112 in
1253 3056 1420 3111 Deum
1459 3053 1754 3123 deliquisse
1784 3049 2065 3105 fateretur.

483 3153 672 3223 itaque
705 3153 879 3207 Moses
909 3152 1106 3207 iterum
1141 3151 1464 3219 deprecatur
1505 3145 1572 3200 ad
1619 3143 1812 3208 Deum,
1843 3156 1906 3196 ac
1931 3155 2066 3196 ven-

487 3256 601 3300 tum
639 3243 822 3300 educit
858 3258 890 3299 e
918 3243 1097 3309 ~mari,
1149 3251 1482 3308 cunctasque
1521 3236 1764 3291 loéustas
1802 3233 1857 3288 in
1919 3247 2067 3288 mare

2172 2015 2409 2085 πληττεν
2465 2018 2633 2089 ἄηθες
2657 2035 2672 2052 ο
2703 2021 2832 2074 ούδέ⁴
2871 2023 2979 2094 γὰρ
3016 2024 3117 2086 τὴν
3167 2026 3488 2097 χειμερινὴν
3528 2027 3722 2097 ὥρανή

2169 2106 2449 2174 Αἴγυπτος
2480 2109 2850 2180 παραδέχεται
2879 2112 2972 2168 διά
2998 2131 3063 2182 γε
3093 2114 3153 2168 τὸ
3181 2114 3257 2187 μὴ
3287 2117 3482 2188 πόρρω
3525 2118 3620 2186 τῆς
3647 2135 3722 2170 κε-

2171 2199 2456 2271 καυμένης
2487 2197 2630 2254 εἶναι
2671 2201 2874 2270 ζώνης·
2908 2202 3002 2256 τοῦ
3056 2204 3166 2274 γὰρ
3213 2205 3503 2276 πυρώδους
3535 2207 3722 2262 ἐκεῖθεεΙ

2171 2290 2386 2360 ῥέοντος
2441 2293 2662 2360 ἀφανῶς
2707 2296 2778 2350 τὰ
2817 2293 3002 2366 κύκλῳ
3052 2297 3234 2352 πάντα
3283 2297 3597 2353 λεαίνεσθαι
3638 2299 3723 2352 πέ-

2172 2397 2373 2450 φυκεν.
2579 2376 2602 2420 -°
2784 2390 2788 2393 ’
3435 2422 3438 2423 ν

2252 2562 2442 2634 Ὀγδόη
2477 2564 2662 2638 πληγὴ
2695 2569 2726 2639 ἡ
2755 2567 2846 2622 διὰ
2877 2570 2986 2624 τῶν
3013 2571 3270 2639 ἀκρίδων.
3321 2573 3525 2644 Ἐπῆρε
3559 2575 3660 2643 γάρ
3701 2576 3722 2626 ό

2169 2657 2372 2727 Μωσῆς
2396 2658 2496 2728 τὴν
2526 2660 2723 2728 ῥάϐδον
2745 2665 2826 2726 εἰς
2849 2662 2942 2718 τὸν
2963 2664 3214 2735 οὐρανόν·
3245 2668 3338 2719 καὶ
3364 2668 3574 2737 Κύριος
3602 2671 3719 2737 ἐπή-

2169 2765 2341 2818 γαγεν
2363 2751 2566 2820 ἄνεμον
2601 2753 2753 2808 νότον
2801 2754 2934 2827 ὅλην
2964 2757 3068 2828 τὴν
3101 2758 3319 2833 ἡμέραν
3360 2761 3458 2814 καὶ
3490 2761 3618 2831 ὅλην
3640 2761 3719 2832 τὴν

2168 2841 2362 2908 νύκτα,
2394 2843 2492 2897 καὶ
2521 2845 2756 2899 ἀνέλαϐε
2787 2848 2888 2916 τὴν
2917 2849 3140 2918 ἀκρίδα,
3199 2849 3296 2904 καὶ
3343 2852 3616 2922 ἀνήγαγεν
3642 2855 3720 2907 αὺ-

2168 2933 2267 3005 τὴν
2291 2935 2384 2991 ἐπὶ
2399 2937 2582 2990 πᾶσαν
2601 2935 2699 3009 τὴν
2721 2939 2824 3009 γῆν
2847 2940 3151 3008 Αἰγύπτου.
3168 2941 3285 3012 Ἐφ’
3314 2935 3360 3011 ᾧ
3380 2945 3498 3010 καὶ,
3538 2944 3723 3014 Ἦμάρ⁴

2169 3049 2332 3102 τηκα,
2366 3033 2523 3101 ἔλεγε
2572 3035 2652 3105 τῷ
2680 3036 2800 3106 Θεῷ
2842 3039 2871 3090 ό
2910 3037 3132 3110 Φαραώ.
3181 3038 3373 3093 Δέεται
3413 3039 3506 3094 οὖν
3531 3039 3723 3104 αὖθιςό

2169 3127 2378 3198 Μωσῆς
2405 3127 2499 3181 τοῦ
2535 3127 2692 3194 Θεοῦ,
2723 3129 2817 3183 καὶ
2838 3129 3023 3199 ἐξάγει
3051 3132 3254 3203 ἄνεμον
3280 3133 3391 3187 ἀπὸ
3418 3137 3516 3205 τῆς
3543 3135 3723 3189 θαλάσ-

2170 3235 2289 3290 σης,
2306 3220 2399 3273 καὶ
2425 3221 2605 3274 πᾶσαν
2630 3222 2728 3292 τὴν
2752 3221 2952 3293 ἀκρίδα
2981 3207 3062 3285 εἰς
3087 3224 3186 3296 τὴν
3221 3223 3489 3296 Ἐρυθρὰν
3523 3229 3722 3283 ἐνέσαλε

488 3339 737 3392 Rubrum
771 3336 1010 3406 abjectas
1055 3332 1333 3388 demersit.
1386 3330 1462 3384 De
1497 3329 1645 3383 hisce
1682 3326 1907 3381 locustis
1964 3324 2065 3377 Da-

2178 3311 2475 3370 θάλασσαν.
2511 3314 2650 3384 Περὶ
2679 3315 2738 3369 δὲ
2789 3316 2963 3386 αὐτῆς
2993 3317 3088 3370 καὶ
3131 3317 3299 3380 Δαεὶδ
3349 3319 3495 3374 οὕτω
3544 3323 3719 3391 φησίν·

471 3425 644 3480 -vides
687 3424 740 3476 in
784 3424 902 3478 haec
934 3423 1103 3477 verba
1163 3419 1452 3474 meminit:
1487 3434 1506 3469 ι
1543 3416 1670 3486 Ipso
1715 3416 1943 3485 jubente
1983 3412 2068 3466 lo-

487 3525 658 3568 custa:
712 3522 981 3568 venerunt
1030 3520 1084 3567 et
1129 3511 1320 3566 bruchi
1373 3507 1706 3564 exstiterunt
1751 3507 2068 3560 innumera-

489 3605 630 3660 biles
648 3604 724 3659 ³⁸.
765 3623 782 3656 ι
811 3602 1082 3659 Vocamus
1122 3612 1304 3657 autem
1334 3599 1572 3656 brucbos
1595 3613 1787 3655 recens
1833 3606 1988 3653 natas
2015 3607 2071 3654 et

491 3700 696 3755 alarum
721 3699 898 3753 adhuc
926 3705 1179 3767 expertes
1206 3695 1467 3750 locustas.

558 3792 770 3848 Nonam
797 3792 1003 3862 plagam
1033 3788 1175 3845 Deus
1203 3804 1297 3858 per
1313 3788 1563 3843 tenebras
1591 3786 1804 3841 tactiles
1852 3782 2067 3840 inﬂixit.

491 3883 706 3955 Quippe
738 3898 957 3938 manum
981 3897 1137 3937 suam
1159 3879 1525 3937 Mosecoelum
1544 3893 1736 3934 versus
1761 3877 2072 3948 porrigente

497 3994 619 4032 mox
655 3978 916 4043 tenebrae,
948 3975 1123 4046 caligo
1167 3967 1566 4045 tempestasque
1595 3981 1743 4028 tanta
1771 3986 1867 4041 per
1899 3968 2070 4041 Egy-

489 4081 640 4139 ptum
692 4070 1004 4122 universam
1056 4068 1288 4131 exstitit,
1339 4083 1400 4120 ac
1447 4075 1562 4120 toto
1608 4063 1827 4135 quidem
1865 4061 2065 4128 triduo,

489 4171 752 4228 utneque
781 4159 1004 4213 fratrem
1049 4172 1210 4220 suum
1241 4158 1531 4228 quisquam
1578 4157 1674 4213 illo
1721 4155 1906 4211 triduo
1944 4141 2068 4209 cer-

492 4259 654 4305 neret
701 4265 881 4320 neque
936 4249 1174 4305 delecto
1225 4264 1326 4304 suo
1375 4256 1641 4319 surgeret.
1693 4245 1916 4302 interim
1946 4261 2064 4300 om-

495 4359 591 4400 nes
650 4343 902 4411 lsraclici
955 4343 1133 4398 lucem
1203 4344 1318 4399 suis
1377 4344 1430 4398 in
1489 4342 1709 4399 sedibus
1773 4340 2066 4397 habebant.

491 4436 630 4501 Quia
660 4437 805 4490 enim
830 4435 1072 4508 AEgyptii
1097 4451 1277 4491 rerum
1307 4435 1504 4508 Opiﬁce
1535 4436 1726 4492 relicto
1754 4435 1954 4490 creatis
1977 4448 2067 4488 re-

492 4530 679 4598 ligiose
711 4530 1043 4595 serviebant,
1103 4528 1308 4584 idcirco
1365 4529 1507 4584 Deus
1561 4529 1709 4598 ipsos
1757 4525 2069 4596 tequissimo

486 4623 612 4689 jure
645 4638 740 4692 per
789 4624 906 4694 ipsa
935 4633 1118 4680 creata
1173 4625 1476 4697 castigavit.
1510 4623 1645 4679 Nam
1691 4634 1912 4696 propter
1947 4638 2064 4678 eam
2094 4652 2148 4714 Β

415 4753 435 4760 η
494 4714 668 4781 ipsam
690 4730 907 4769 causam
946 4717 1160 4772 umeris
1191 4717 1380 4772 mundi
1419 4717 1666 4788 partibus
1723 4717 1844 4772 luce
1879 4716 2069 4772 fruen-

496 4805 641 4858 tibus
669 4803 936 4876 [Egyptus
986 4808 1102 4862 sola
1157 4808 1429 4864 tactiiibus
1479 4815 1597 4863 erat
1652 4807 1894 4862 involuta
1941 4821 2070 4861 con-

497 4905 746 4966 tectaque
781 4898 1038 4964 tenebris,
1072 4908 1126 4955 et
1167 4900 1388 4969 quidem
1436 4901 1602 4955 tantis
1639 4908 1700 4955 ut
1733 4915 1854 4954 cum
1904 4897 2071 4970 Egy-

491 4988 638 5055 ptius
691 4989 890 5057 aliquis
937 4991 1014 5044 rei
1051 4995 1375 5048 necessaria:
1423 4995 1680 5049 curanda:
1721 5007 1883 5048 causa
1918 4993 2069 5046 exire

2182 3422 2201 3457 ι
2231 3402 2392 3470 Eius,
2448 3409 2543 3461 καὶ
2600 3403 2768 3479 ἦλθεν
2797 3411 2959 3480 άκρὶς
3009 3411 3106 3464 καὶ
3153 3411 3380 3482 βρούχος
3425 3407 3490 3469 οὗ
3533 3416 3631 3468 οὐκ
3667 3410 3724 3485 ἦν

2173 3498 2433 3569 ἀριθμός.
2459 3518 2479 3553 ι
2519 3500 2762 3573 Βροῦχος
2789 3501 2847 3556 δέ
2871 3503 3023 3557 ἐστιν
3050 3505 3082 3575 ή
3112 3504 3368 3578 νεογενὴς
3393 3507 3489 3560 καὶ
3510 3508 3722 3578 ἄπτερος

2173 3592 2309 3664 ὰκρί

2260 3777 2484 3850 Ἐννάτη
2540 3777 2727 3851 πληγὴ
2783 3781 2816 3853 ἡ
2863 3780 2954 3836 διὰ
2984 3781 3078 3837 τοῦ
3112 3782 3442 3856 ψηλαφητοῦ
3497 3786 3722 3847 σκότους.

2179 3891 2200 3925 ι
2238 3870 2505 3936 Ἐξὲτεινε
2551 3872 2662 3944 γὰρ
2707 3874 2911 3944 Μωσῆς
2955 3875 3055 3947 τὴν
3105 3879 3263 3949 χεῖρα
3315 3878 3484 3933 αὑτοῦ
3531 3881 3610 3942 εἰς
3649 3879 3724 3932 τὸν

2174 3961 2427 4032 οὐρανὸν,
2464 3964 2560 4015 καὶ
2588 3962 2806 4032 ἐγένετο
2840 3964 3036 4028 σκότος
3073 3966 3170 4020 καὶ
3204 3969 3404 4039 γνόφος
3430 3972 3526 4025 καὶ
3550 3969 3720 4024 θύελλα

2171 4056 2268 4112 ἐπὶ
2309 4057 2492 4110 πᾶσαν
2521 4055 2622 4126 τὴν
2669 4055 2775 4127 γῆν
2827 4059 3108 4126 Αἰγύπτου
3152 4064 3302 4132 τρεῖς
3350 4063 3587 4134 ἡμέρας.
3625 4063 3720 4116 Οὐκ

2173 4142 2316 4200 εῐδεν
2346 4147 2523 4210 οὐδεὶς
2569 4145 2660 4202 τὸν
2691 4149 2923 4219 ἀδελφὸν
2971 4150 3161 4216 αὐτοῦ,
3206 4153 3304 4207 καὶ
3347 4155 3449 4208 οὐκ
3481 4155 3724 4222 ἐξανέστη

2171 4238 2346 4301 οὐδεὶς
2379 4239 2444 4292 ἐκ
2473 4238 2573 4310 τῆς
2606 4239 2796 4312 κοίτης
2839 4241 3006 4295 αὑτοῦ
3049 4245 3199 4312 τρεῖς
3236 4247 3488 4316 ἡμέρας·
3525 4249 3655 4302 πᾶσι
3677 4247 3746 4299 δὲ’

2171 4331 2286 4394 τοῖς
2307 4330 2444 4394 υἱοῖς
2474 4327 2692 4404 Ἰσραὴλ
2717 4329 2788 4403 ἦν
2812 4332 2928 4403 φῶς
2950 4335 3007 4387 ἐν
3035 4337 3202 4389 πᾶσιν
3227 4331 3310 4401 οἷς
3335 4341 3721 4409 κατεγίνοντο.»

2186 4421 2412 4492 Ἐπειδὴ
2451 4423 2574 4496 ’γὰρ
2606 4425 2840 4494 ἀφέντες
2885 4427 2978 4481 τὸν
3014 4427 3244 4500 κτίστην
3285 4417 3400 4494 τοῖς
3450 4431 3724 4504 κτίσμασιν

2173 4513 2497 4586 ἐλάτρευον,
2530 4516 2619 4570 διὰ
2665 4517 2776 4572 τῶν
2815 4521 3136 4590 κτισμάτων
3189 4521 3391 4586 αὐτοὺς
3445 4525 3543 4577 καὶ
3595 4525 3723 4594 μάλα

2171 4607 2396 4671 δικαίως
2440 4609 2716 4663 ἐπαίδευε.
2771 4611 2873 4665 Διά
2905 4612 3015 4683 γὰρ
3061 4612 3224 4667 τοῦτο
3269 4615 3365 4669 καὶ
3404 4614 3517 4670 τῶν
3570 4615 3724 4671 ἄλλων

2151 4699 2364 4770 ’μερῶν
2400 4698 2912 4772 καταλαμπομένων
2948 4705 2982 4774 ἠ
3011 4701 3287 4772 Αἴγυπτος
3337 4707 3473 4778 μόνη
3523 4707 3603 4777 τῷ
3630 4707 3722 4776 ψη-

2171 4790 2402 4863 λαφητῷ
2456 4792 2927 4864 περιεστοιχίζετο
2959 4794 3204 4862 πσκότει.
3272 4798 3383 4851 Καὶ
3439 4798 3550 4870 γὰρ
3605 4799 3724 4868 πρὸς

2171 4887 2480 4957 ἀναγκαίαν
2517 4885 2698 4950 ἔξοδον
2753 4887 3052 4956 Αἰγύπτιος
3087 4889 3358 4956 ἐϐιάζετο,
3415 4889 3512 4962 τὴν
3546 4889 3720 4961 θύραν,

2173 4982 2266 5032 καὶ
2300 4980 2468 5065 πολλὰ
2495 4973 2992 5052 ψηλαφῶν,ἐύρεῖν
3019 4981 3120 5044 οὐκ
3152 4981 3392 5038 ἐδύνατο.

491 5083 813 5148 conabatur,
848 5083 1080 5138 multum
1121 5086 1391 5155 palpando
1431 5088 1653 5157 januam
1688 5088 1940 5158 reperire‘
1965 5100 2076 5138 non
2117 5088 2325 5161 posset.

565 5177 868 5232 Subsecuta‘
917 5179 1273 5252 demum\est
1301 5181 1452 5252 plaga
1500 5181 1749 5244 decima,
1807 5180 2064 5234 nimirum

491 5269 915 5341 primigenorum
968 5273 1184 5339 caedes,
1243 5283 1513 5343 postrema
1557 5274 1776 5344 quidem
1816 5271 2065 5327 omnium

493 5364 799 5428 Calamitas,
821 5365 966 5434 quod
1019 5365 1284 5435 temporis
1339 5367 1534 5420 attinet
1587 5365 1825 5430 seriem,
1873 5379 2065 5418 verum

493 5456 780 5510 declarata:
834 5457 886 5510 in
947 5471 1007 5510 ea
1046 5459 1329 5527 potestatis
1361 5457 1556 5512 divinae
1607 5455 1945 5524 miseriaeque
1981 5471 2065 5509 re-

494 5557 708 5614 spectu,
741 5549 1197 5616 quemadmodum
1227 5549 1524 5603 ctDavides
1562 5547 1636 5601 ait
1659 5547 1901 5613 “,facilc
1924 5546 2070 5616 prin-
2114 5615 2116 5617 γ

495 5640 895 5725 cepsiomnium
930 5645 1169 5712 ipsmque
1201 5643 1364 5697 veluti
1401 5641 1676 5710 primitize.
1733 5640 1868 5694 Nam
1908 5649 2070 5693 nocte

553 5797 610 5830 -ετ
644 5796 808 5852 Exod.
845 5814 897 5865 χ,
935 5798 1023 5854 ιε.
1098 5798 1313 5854 "Psal.
1347 5813 1454 5862 etv,
1487 5796 1576 5852 δι.
1673 5797 1716 5828 σε
1750 5760 1880 5850 ibid.
1929 5793 2018 5848 56.

2245 5171 2458 5240 Δεκάτη
2503 5167 2749 5240 πληγῆό
2786 5168 2898 5222 τῶν
2943 5170 3306 5240 πρωτοτόκων
3355 5172 3600 5235 θάνατος.
3634 5169 3720 5223 Te-

2176 5264 2402 5318 λευταία
2436 5265 2536 5333 μὲν
2587 5264 2621 5333 ἡ
2671 5261 2896 5333 τοιαύτη
2948 5265 3158 5336 πληγὴ,
3192 5269 3260 5338 τῇ
3291 5267 3514 5336 δυνάμει
3560 5268 3614 5320 δέ
3642 5264 3722 5317 καὶ

2176 5356 2252 5425 τῷ
2286 5355 2451 5425 πόνῳ,
2489 5353 2634 5407 καθά
2659 5370 2794 5423 φησι
2835 5355 2930 5407 καὶ
2957 5354 3142 5421 Δασὶδ,
3175 5357 3399 5429 ἀπαρχὴ
3426 5357 3518 5410 καὶ
3550 5356 3718 5425 πρώτη

2177 5449 2392 5504 πασῶν.
2432 5449 2570 5517 Περὶ
2625 5449 2733 5519 γὰρ
2790 5448 2962 5516 μέσας
3020 5448 3223 5513 νύκτας
3277 5451 3374 5504 καὶ
3417 5449 3542 5502 ἄνευ
3580 5450 3718 5500 νόσου

2174 5539 2475 5612 ἀνῃροῦντο
2496 5538 2563 5592 τὰ
2585 5540 2752 5592 τέκνα
2775 5538 2976 5594 αὐτῶν.
3017 5540 3388 5611 Ἐγειρόμενοι
3414 5542 3466 5594 δὲ
3489 5541 3549 5593 τὸ
3573 5536 3720 5608 πρωϊ,

2179 5635 2272 5688 καὶ
2303 5632 2368 5687 τὰ
2395 5630 2625 5699 φίλτατα
2654 5632 2824 5702 νεκρὰ
2851 5631 3106 5704 ὁρῶντες,
3137 5633 3229 5686 καὶ
3275 5633 3475 5704 μηκέτι
3505 5630 3720 5700 κατέχε-
