  <div class='ocr_page' id='page_1' title='image "/cluster/home/n/w/nwhite01/storage/ocr_20150623/158/mdp.39015078384701/186.png"; bbox 0 0 3862 6228; ppageno 0'>
   <div class='ocr_carea' id='block_1_1' title="bbox 148 337 236 398">
    <p class='ocr_par' dir='ltr' id='par_1_1' title="bbox 148 337 236 398">
     <span class='ocr_line' id='line_1_1' title="bbox 148 337 236 398; baseline -0.023 0"><span class='ocrx_word' id='word_1_1' title='bbox 148 337 236 398; x_wconf 69' lang='grc'><strong>997</strong></span> 
     </span>
    </p>
   </div>
   <div class='ocr_carea' id='block_1_2' title="bbox 1329 329 2094 418">
    <p class='ocr_par' dir='ltr' id='par_1_2' title="bbox 1329 329 2094 418">
     <span class='ocr_line' id='line_1_2' title="bbox 1329 329 2094 418; baseline 0.003 -28"><span class='ocrx_word' id='word_1_2' title='bbox 1329 329 1741 418; x_wconf 73' lang='lat' dir='ltr'><strong>ANNMJUM</strong></span> <span class='ocrx_word' id='word_1_3' title='bbox 1776 333 1970 394; x_wconf 81' lang='lat' dir='ltr'><strong>PARS</strong></span> <span class='ocrx_word' id='word_1_4' title='bbox 2011 333 2094 392; x_wconf 87' lang='lat' dir='ltr'><strong>ll.</strong></span> 
     </span>
    </p>
   </div>
   <div class='ocr_carea' id='block_1_3' title="bbox 3226 325 3338 387">
    <p class='ocr_par' dir='ltr' id='par_1_3' title="bbox 3226 325 3338 387">
     <span class='ocr_line' id='line_1_3' title="bbox 3226 325 3338 387; baseline -0.045 0"><span class='ocrx_word' id='word_1_5' title='bbox 3226 325 3338 387; x_wconf 53' lang='lat' dir='ltr'><strong>Qui?</strong></span> 
     </span>
    </p>
   </div>
   <div class='ocr_carea' id='block_1_4' title="bbox 147 438 1684 513">
    <p class='ocr_par' dir='ltr' id='par_1_4' title="bbox 147 438 1669 512">
     <span class='ocr_line' id='line_1_4' title="bbox 147 438 1669 512; baseline -0.002 -10"><span class='ocrx_word' id='word_1_6' title='bbox 147 448 252 502; x_wconf 79' lang='grc' dir='ltr'>σθαι</span> <span class='ocrx_word' id='word_1_7' title='bbox 279 444 565 512; x_wconf 74' lang='grc' dir='ltr'>δυνάμενοι,</span> <span class='ocrx_word' id='word_1_8' title='bbox 589 438 665 510; x_wconf 78' lang='grc' dir='ltr'><strong>τῷ</strong></span> <span class='ocrx_word' id='word_1_9' title='bbox 703 439 904 512; x_wconf 75' lang='grc' dir='ltr'>Φαραὼ</span> <span class='ocrx_word' id='word_1_10' title='bbox 929 439 1233 510; x_wconf 78' lang='grc' dir='ltr'>κατεϐόων,</span> <span class='ocrx_word' id='word_1_11' title='bbox 1263 441 1350 512; x_wconf 71' lang='grc' dir='ltr'><strong>ἱφ⁹</strong></span> <span class='ocrx_word' id='word_1_12' title='bbox 1379 439 1425 512; x_wconf 79' lang='grc' dir='ltr'><strong>ᾧ</strong></span> <span class='ocrx_word' id='word_1_13' title='bbox 1463 445 1669 499; x_wconf 73' lang='grc' dir='ltr'>καὶτὸν</span> 
     </span>
    </p>
   </div>
   <div class='ocr_carea' id='block_1_5' title="bbox 1792 438 3337 513">
    <p class='ocr_par' dir='ltr' id='par_1_5' title="bbox 1792 438 3337 513">
     <span class='ocr_line' id='line_1_5' title="bbox 1792 438 3337 513; baseline -0.006 -14"><span class='ocrx_word' id='word_1_14' title='bbox 1792 447 1969 509; x_wconf 87' lang='lat' dir='ltr'><strong>nedia,</strong></span> <span class='ocrx_word' id='word_1_15' title='bbox 2030 443 2178 498; x_wconf 92' lang='lat' dir='ltr'><strong>nullo</strong></span> <span class='ocrx_word' id='word_1_16' title='bbox 2211 452 2433 513; x_wconf 80' lang='lat' dir='ltr'><strong>urgente</strong></span> <span class='ocrx_word' id='word_1_17' title='bbox 2482 442 2693 506; x_wconf 84' lang='lat' dir='ltr'><strong>morbo,</strong></span> <span class='ocrx_word' id='word_1_18' title='bbox 2752 441 2906 497; x_wconf 83' lang='lat' dir='ltr'><strong>liberi</strong></span> <span class='ocrx_word' id='word_1_19' title='bbox 2963 438 3337 512; x_wconf 62' lang='lat' dir='ltr'><strong>{Egypliorum</strong></span> 
     </span>
    </p>
   </div>
   <div class='ocr_carea' id='block_1_6' title="bbox 144 533 712 592">
    <p class='ocr_par' dir='ltr' id='par_1_6' title="bbox 144 533 712 592">
     <span class='ocr_line' id='line_1_6' title="bbox 144 533 712 592; baseline -0.009 0"><span class='ocrx_word' id='word_1_20' title='bbox 144 540 250 592; x_wconf 72' lang='grc' dir='ltr'>λαὸν</span> <span class='ocrx_word' id='word_1_21' title='bbox 282 535 417 589; x_wconf 78' lang='grc' dir='ltr'>ἄκων</span> <span class='ocrx_word' id='word_1_22' title='bbox 454 533 621 586; x_wconf 81' lang='grc' dir='ltr'>ἀπέλυ</span> <span class='ocrx_word' id='word_1_23' title='bbox 629 549 712 587; x_wconf 86' lang='grc' dir='ltr'>σε.</span> 
     </span>
    </p>
   </div>
   <div class='ocr_carea' id='block_1_7' title="bbox 1686 533 3339 604">
    <p class='ocr_par' dir='ltr' id='par_1_7' title="bbox 1686 533 3339 604">
     <span class='ocr_line' id='line_1_7' title="bbox 1686 533 3339 604; baseline -0.004 -13"><span class='ocrx_word' id='word_1_24' title='bbox 1686 537 1694 544; x_wconf 86' lang='grc'><em>’</em></span> <span class='ocrx_word' id='word_1_25' title='bbox 1771 536 2262 591; x_wconf 80' lang='lat' dir='ltr'><strong>interﬁciebantur.</strong></span> <span class='ocrx_word' id='word_1_26' title='bbox 2319 533 2453 589; x_wconf 91' lang='lat' dir='ltr'><strong>Cum</strong></span> <span class='ocrx_word' id='word_1_27' title='bbox 2491 543 2669 588; x_wconf 88' lang='lat' dir='ltr'><strong>autem</strong></span> <span class='ocrx_word' id='word_1_28' title='bbox 2721 533 2958 588; x_wconf 84' lang='lat' dir='ltr'><strong>diluculo</strong></span> <span class='ocrx_word' id='word_1_29' title='bbox 2993 533 3339 604; x_wconf 74' lang='lat' dir='ltr'><strong>expergisce-</strong></span> 
     </span>
    </p>
   </div>
   <div class='ocr_carea' id='block_1_8' title="bbox 146 625 3341 708">
    <p class='ocr_par' dir='ltr' id='par_1_8' title="bbox 146 625 3341 708">
     <span class='ocr_line' id='line_1_8' title="bbox 146 625 3341 708; baseline -0.002 -24"><span class='ocrx_word' id='word_1_30' title='bbox 146 639 310 684; x_wconf 85' lang='lat' dir='ltr'><strong>rentur</strong></span> <span class='ocrx_word' id='word_1_31' title='bbox 341 635 391 680; x_wconf 90' lang='lat' dir='ltr'><strong>et</strong></span> <span class='ocrx_word' id='word_1_32' title='bbox 417 625 764 680; x_wconf 85' lang='lat' dir='ltr'><strong>charissimos</strong></span> <span class='ocrx_word' id='word_1_33' title='bbox 822 634 981 682; x_wconf 81' lang='lat' dir='ltr'><strong>natos</strong></span> <span class='ocrx_word' id='word_1_34' title='bbox 1031 628 1336 708; x_wconf 67' lang='lat' dir='ltr'><strong>exstinctos</strong></span> <span class='ocrx_word' id='word_1_35' title='bbox 1374 626 1668 689; x_wconf 88' lang='lat' dir='ltr'><strong>viderent,</strong></span> <span class='ocrx_word' id='word_1_36' title='bbox 1709 643 1817 681; x_wconf 89' lang='lat' dir='ltr'><strong>non</strong></span> <span class='ocrx_word' id='word_1_37' title='bbox 1889 627 1996 698; x_wconf 87' lang='lat' dir='ltr'><strong>iam</strong></span> <span class='ocrx_word' id='word_1_38' title='bbox 2064 626 2299 698; x_wconf 83' lang='lat' dir='ltr'><strong>amplius</strong></span> <span class='ocrx_word' id='word_1_39' title='bbox 2334 643 2391 682; x_wconf 89' lang='lat' dir='ltr'><strong>se</strong></span> <span class='ocrx_word' id='word_1_40' title='bbox 2429 625 2586 696; x_wconf 60' lang='lat'><strong>1&#39;55</strong></span> <span class='ocrx_word' id='word_1_41' title='bbox 2619 626 2898 681; x_wconf 87' lang='lat' dir='ltr'><strong>continere</strong></span> <span class='ocrx_word' id='word_1_42' title='bbox 2929 628 3172 682; x_wconf 76' lang='lat' dir='ltr'><strong>Valeutcs</strong></span> <span class='ocrx_word' id='word_1_43' title='bbox 3217 639 3341 678; x_wconf 85' lang='lat' dir='ltr'><strong>cum</strong></span> 
     </span>
    </p>
   </div>
   <div class='ocr_carea' id='block_1_9' title="bbox 146 716 2983 799">
    <p class='ocr_par' dir='ltr' id='par_1_9' title="bbox 146 716 2983 799">
     <span class='ocr_line' id='line_1_9' title="bbox 146 716 2983 799; baseline -0.001 -25"><span class='ocrx_word' id='word_1_44' title='bbox 146 718 429 774; x_wconf 78' lang='lat' dir='ltr'><strong>clamoribus</strong></span> <span class='ocrx_word' id='word_1_45' title='bbox 466 716 801 771; x_wconf 82' lang='lat' dir='ltr'><strong>Pharaonem</strong></span> <span class='ocrx_word' id='word_1_46' title='bbox 858 719 1114 787; x_wconf 84' lang='lat' dir='ltr'><strong>adibant;</strong></span> <span class='ocrx_word' id='word_1_47' title='bbox 1153 722 1350 799; x_wconf 86' lang='lat' dir='ltr'><strong>quibus</strong></span> <span class='ocrx_word' id='word_1_48' title='bbox 1398 721 1490 776; x_wconf 85' lang='lat' dir='ltr'><strong>ille</strong></span> <span class='ocrx_word' id='word_1_49' title='bbox 1551 727 1833 790; x_wconf 87' lang='lat' dir='ltr'><strong>permotus</strong></span> <span class='ocrx_word' id='word_1_50' title='bbox 1869 718 2123 788; x_wconf 88' lang='lat' dir='ltr'><strong>populum</strong></span> <span class='ocrx_word' id='word_1_51' title='bbox 2162 718 2378 772; x_wconf 79' lang='lat' dir='ltr'><strong>tandem</strong></span> <span class='ocrx_word' id='word_1_52' title='bbox 2407 717 2490 771; x_wconf 86' lang='lat' dir='ltr'><strong>vel</strong></span> <span class='ocrx_word' id='word_1_53' title='bbox 2529 718 2731 772; x_wconf 80' lang='lat' dir='ltr'><strong>invitus</strong></span> <span class='ocrx_word' id='word_1_54' title='bbox 2754 718 2983 772; x_wconf 86' lang='lat' dir='ltr'><strong>dimisit.</strong></span> 
     </span>
    </p>
   </div>
   <div class='ocr_carea' id='block_1_10' title="bbox 203 810 1669 884">
    <p class='ocr_par' dir='ltr' id='par_1_10' title="bbox 203 810 1669 884">
     <span class='ocr_line' id='line_1_10' title="bbox 203 810 1669 884; baseline 0 -19"><span class='ocrx_word' id='word_1_55' title='bbox 203 812 331 879; x_wconf 78' lang='grc' dir='ltr'>Πλὴν</span> <span class='ocrx_word' id='word_1_56' title='bbox 358 810 444 863; x_wconf 72' lang='grc' dir='ltr'><strong>ἐπὶ</strong></span> <span class='ocrx_word' id='word_1_57' title='bbox 470 811 703 876; x_wconf 82' lang='grc' dir='ltr'><strong>τούτοις,</strong></span> <span class='ocrx_word' id='word_1_58' title='bbox 737 810 1013 882; x_wconf 77' lang='grc' dir='ltr'>ἀγαπητὲ,</span> <span class='ocrx_word' id='word_1_59' title='bbox 1067 811 1143 883; x_wconf 79' lang='grc' dir='ltr'>μὴ</span> <span class='ocrx_word' id='word_1_60' title='bbox 1177 813 1495 880; x_wconf 79' lang='grc' dir='ltr'>ἀνθίστασο,</span> <span class='ocrx_word' id='word_1_61' title='bbox 1535 812 1669 884; x_wconf 72' lang='grc' dir='ltr'>μηδὲ</span> 
     </span>
    </p>
   </div>
   <div class='ocr_carea' id='block_1_11' title="bbox 149 901 1665 976">
    <p class='ocr_par' dir='ltr' id='par_1_11' title="bbox 149 901 1665 976">
     <span class='ocr_line' id='line_1_11' title="bbox 149 901 1665 976; baseline 0.002 -20"><span class='ocrx_word' id='word_1_62' title='bbox 149 905 250 970; x_wconf 84' lang='grc' dir='ltr'>λέγε</span> <span class='ocrx_word' id='word_1_63' title='bbox 275 905 349 956; x_wconf 81' lang='grc' dir='ltr'><strong>ὅτι</strong></span> <span class='ocrx_word' id='word_1_64' title='bbox 380 901 440 955; x_wconf 80' lang='grc' dir='ltr'><strong>Εἰ</strong></span> <span class='ocrx_word' id='word_1_65' title='bbox 475 901 670 969; x_wconf 71' lang='grc' dir='ltr'>ό,Θεὸς</span> <span class='ocrx_word' id='word_1_66' title='bbox 715 903 1006 972; x_wconf 82' lang='grc' dir='ltr'><strong>σκληρύνει</strong></span> <span class='ocrx_word' id='word_1_67' title='bbox 1051 903 1150 974; x_wconf 81' lang='grc' dir='ltr'>τὴν</span> <span class='ocrx_word' id='word_1_68' title='bbox 1179 905 1412 976; x_wconf 77' lang='grc' dir='ltr'>καρδίαν</span> <span class='ocrx_word' id='word_1_69' title='bbox 1444 906 1665 976; x_wconf 77' lang='grc' dir='ltr'>Φαραὼ,</span> 
     </span>
    </p>
   </div>
   <div class='ocr_carea' id='block_1_12' title="bbox 149 994 1667 1070">
    <p class='ocr_par' dir='ltr' id='par_1_12' title="bbox 149 994 1667 1070">
     <span class='ocr_line' id='line_1_12' title="bbox 149 994 1667 1070; baseline 0.003 -22"><span class='ocrx_word' id='word_1_70' title='bbox 149 996 270 1058; x_wconf 84' lang='grc' dir='ltr'>τίνος</span> <span class='ocrx_word' id='word_1_71' title='bbox 320 994 501 1054; x_wconf 62' lang='grc' dir='ltr'>ἓνεκεν</span> <span class='ocrx_word' id='word_1_72' title='bbox 552 995 927 1066; x_wconf 66' lang='grc' dir='ltr'>ἐπιμέμφεται</span> <span class='ocrx_word' id='word_1_73' title='bbox 992 999 1140 1069; x_wconf 86' lang='grc' dir='ltr'><strong>αὐτῷ</strong></span> <span class='ocrx_word' id='word_1_74' title='bbox 1200 999 1667 1070; x_wconf 73' lang='grc' dir='ltr'>σκληρυνομένῳς</span> 
     </span>
    </p>
   </div>
   <div class='ocr_carea' id='block_1_13' title="bbox 148 1085 1672 1158">
    <p class='ocr_par' dir='ltr' id='par_1_13' title="bbox 148 1085 1672 1158">
     <span class='ocr_line' id='line_1_13' title="bbox 148 1085 1672 1158; baseline 0.005 -21"><span class='ocrx_word' id='word_1_75' title='bbox 148 1087 348 1138; x_wconf 81' lang='grc' dir='ltr'>Γίνωσκε</span> <span class='ocrx_word' id='word_1_76' title='bbox 377 1085 482 1153; x_wconf 79' lang='grc' dir='ltr'><strong>γὰρ</strong></span> <span class='ocrx_word' id='word_1_77' title='bbox 510 1086 648 1155; x_wconf 85' lang='grc' dir='ltr'>ὃτιὴ</span> <span class='ocrx_word' id='word_1_78' title='bbox 685 1087 850 1158; x_wconf 63' lang='lat' dir='ltr'><strong>dvoin</strong></span> <span class='ocrx_word' id='word_1_79' title='bbox 900 1089 1010 1142; x_wconf 81' lang='grc' dir='ltr'>τῶν</span> <span class='ocrx_word' id='word_1_80' title='bbox 1052 1091 1340 1158; x_wconf 87' lang='grc' dir='ltr'>μαστίγων</span> <span class='ocrx_word' id='word_1_81' title='bbox 1384 1091 1535 1143; x_wconf 78' lang='grc' dir='ltr'>αἰτία</span> <span class='ocrx_word' id='word_1_82' title='bbox 1572 1091 1672 1155; x_wconf 83' lang='grc' dir='ltr'>τῆς</span> 
     </span>
    </p>
   </div>
   <div class='ocr_carea' id='block_1_14' title="bbox 148 1176 1671 1252">
    <p class='ocr_par' dir='ltr' id='par_1_14' title="bbox 148 1176 1671 1252">
     <span class='ocr_line' id='line_1_14' title="bbox 148 1176 1671 1252; baseline 0.006 -25"><span class='ocrx_word' id='word_1_83' title='bbox 148 1176 414 1245; x_wconf 59' lang='grc' dir='ltr'>πυρώσεως</span> <span class='ocrx_word' id='word_1_84' title='bbox 442 1178 586 1247; x_wconf 85' lang='grc' dir='ltr'><strong>αὐτῷ</strong></span> <span class='ocrx_word' id='word_1_85' title='bbox 619 1177 870 1248; x_wconf 71' lang='grc' dir='ltr'>γέγονεν,</span> <span class='ocrx_word' id='word_1_86' title='bbox 923 1179 999 1245; x_wconf 82' lang='grc' dir='ltr'>ὥς</span> <span class='ocrx_word' id='word_1_87' title='bbox 1045 1181 1073 1233; x_wconf 80' lang='grc' dir='ltr'><strong>ὁ</strong></span> <span class='ocrx_word' id='word_1_88' title='bbox 1104 1183 1277 1251; x_wconf 82' lang='grc' dir='ltr'><strong>μέγας</strong></span> <span class='ocrx_word' id='word_1_89' title='bbox 1315 1184 1452 1252; x_wconf 79' lang='grc' dir='ltr'>φησὶ</span> <span class='ocrx_word' id='word_1_90' title='bbox 1502 1182 1671 1236; x_wconf 87' lang='grc' dir='ltr'>Βασί-</span> 
     </span>
    </p>
   </div>
   <div class='ocr_carea' id='block_1_15' title="bbox 148 1266 1672 1344">
    <p class='ocr_par' dir='ltr' id='par_1_15' title="bbox 148 1266 1672 1344">
     <span class='ocr_line' id='line_1_15' title="bbox 148 1266 1672 1344; baseline 0.009 -30"><span class='ocrx_word' id='word_1_91' title='bbox 148 1267 279 1327; x_wconf 73' lang='grc' dir='ltr'>λεισς.</span> <span class='ocrx_word' id='word_1_92' title='bbox 315 1266 440 1319; x_wconf 75' lang='grc' dir='ltr'>Οὐδὲ</span> <span class='ocrx_word' id='word_1_93' title='bbox 483 1266 592 1336; x_wconf 77' lang='grc' dir='ltr'>γὰρ</span> <span class='ocrx_word' id='word_1_94' title='bbox 621 1267 878 1322; x_wconf 81' lang='grc' dir='ltr'>είκουσαν</span> <span class='ocrx_word' id='word_1_95' title='bbox 908 1269 1008 1340; x_wconf 80' lang='grc' dir='ltr'>τὴν</span> <span class='ocrx_word' id='word_1_96' title='bbox 1055 1271 1268 1324; x_wconf 70' lang='grc' dir='ltr'>ἐκείνου</span> <span class='ocrx_word' id='word_1_97' title='bbox 1307 1271 1535 1344; x_wconf 76' lang='grc' dir='ltr'>καρδίαν</span> <span class='ocrx_word' id='word_1_98' title='bbox 1572 1273 1672 1328; x_wconf 88' lang='grc' dir='ltr'>λα-</span> 
     </span>
    </p>
   </div>
   <div class='ocr_carea' id='block_1_16' title="bbox 150 1357 1673 1436">
    <p class='ocr_par' dir='ltr' id='par_1_16' title="bbox 150 1357 1673 1436">
     <span class='ocr_line' id='line_1_16' title="bbox 150 1357 1673 1436; baseline 0.009 -29"><span class='ocrx_word' id='word_1_99' title='bbox 150 1357 241 1408; x_wconf 78' lang='grc' dir='ltr'><strong>ῦὼν</strong></span> <span class='ocrx_word' id='word_1_100' title='bbox 262 1357 346 1409; x_wconf 71' lang='grc' dir='ltr'>καὶ</span> <span class='ocrx_word' id='word_1_101' title='bbox 382 1357 708 1428; x_wconf 72' lang='grc' dir='ltr'><strong>πειθομένην</strong></span> <span class='ocrx_word' id='word_1_102' title='bbox 738 1359 902 1413; x_wconf 80' lang='grc' dir='ltr'>αὐτοῦ</span> <span class='ocrx_word' id='word_1_103' title='bbox 928 1364 1040 1425; x_wconf 79' lang='grc' dir='ltr'>τοῖς</span> <span class='ocrx_word' id='word_1_104' title='bbox 1069 1365 1480 1435; x_wconf 79' lang='grc' dir='ltr'><strong>προστάγμασι,</strong></span> <span class='ocrx_word' id='word_1_105' title='bbox 1534 1367 1673 1436; x_wconf 74' lang='grc' dir='ltr'>πρὸς</span> 
     </span>
    </p>
   </div>
   <div class='ocr_carea' id='block_1_17' title="bbox 149 1446 1675 1528">
    <p class='ocr_par' dir='ltr' id='par_1_17' title="bbox 149 1446 1675 1528">
     <span class='ocr_line' id='line_1_17' title="bbox 149 1446 1675 1528; baseline 0.009 -32"><span class='ocrx_word' id='word_1_106' title='bbox 149 1447 198 1499; x_wconf 79' lang='grc' dir='ltr'>τὸ</span> <span class='ocrx_word' id='word_1_107' title='bbox 223 1446 436 1516; x_wconf 79' lang='grc' dir='ltr'>σκληρὸν</span> <span class='ocrx_word' id='word_1_108' title='bbox 463 1449 558 1502; x_wconf 82' lang='grc' dir='ltr'>καὶ</span> <span class='ocrx_word' id='word_1_109' title='bbox 589 1449 815 1515; x_wconf 80' lang='grc' dir='ltr'>ἀπειθὲς</span> <span class='ocrx_word' id='word_1_110' title='bbox 844 1451 1242 1520; x_wconf 78' lang='grc' dir='ltr'>μετεπλάσατο.</span> <span class='ocrx_word' id='word_1_111' title='bbox 1275 1455 1354 1525; x_wconf 79' lang='grc' dir='ltr'><strong>Τῇ</strong></span> <span class='ocrx_word' id='word_1_112' title='bbox 1397 1456 1675 1528; x_wconf 84' lang='grc' dir='ltr'>μακροθυ-</span> 
     </span>
    </p>
   </div>
   <div class='ocr_carea' id='block_1_18' title="bbox 154 1538 1670 1618">
    <p class='ocr_par' dir='ltr' id='par_1_18' title="bbox 154 1538 1670 1618">
     <span class='ocr_line' id='line_1_18' title="bbox 154 1538 1670 1618; baseline 0.01 -30"><span class='ocrx_word' id='word_1_113' title='bbox 154 1538 234 1607; x_wconf 73' lang='grc' dir='ltr'><strong>μία</strong></span> <span class='ocrx_word' id='word_1_114' title='bbox 255 1538 423 1590; x_wconf 79' lang='grc' dir='ltr'>λοιπὸν</span> <span class='ocrx_word' id='word_1_115' title='bbox 455 1539 548 1596; x_wconf 69' lang='grc' dir='ltr'><strong>ἐπὶ</strong></span> <span class='ocrx_word' id='word_1_116' title='bbox 590 1540 753 1594; x_wconf 74' lang='grc' dir='ltr'>πλέον</span> <span class='ocrx_word' id='word_1_117' title='bbox 787 1542 960 1596; x_wconf 76' lang='grc' dir='ltr'>ἐποίει</span> <span class='ocrx_word' id='word_1_118' title='bbox 1008 1544 1212 1615; x_wconf 85' lang='grc' dir='ltr'>ταύτην</span> <span class='ocrx_word' id='word_1_119' title='bbox 1249 1546 1670 1618; x_wconf 82' lang='grc' dir='ltr'>σκληρύνεσθαι.</span> 
     </span>
    </p>
   </div>
   <div class='ocr_carea' id='block_1_19' title="bbox 1841 810 3376 882">
    <p class='ocr_par' dir='ltr' id='par_1_19' title="bbox 1841 810 3376 882">
     <span class='ocr_line' id='line_1_19' title="bbox 1841 810 3376 882; baseline -0.001 -16"><span class='ocrx_word' id='word_1_120' title='bbox 1841 812 2109 866; x_wconf 71' lang='lat' dir='ltr'><strong>Caeterum</strong></span> <span class='ocrx_word' id='word_1_121' title='bbox 2162 810 2285 865; x_wconf 90' lang='lat' dir='ltr'><strong>nolo</strong></span> <span class='ocrx_word' id='word_1_122' title='bbox 2309 820 2381 874; x_wconf 90' lang='lat' dir='ltr'><strong>te,</strong></span> <span class='ocrx_word' id='word_1_123' title='bbox 2410 810 2605 864; x_wconf 81' lang='lat' dir='ltr'><strong>dilecte</strong></span> <span class='ocrx_word' id='word_1_124' title='bbox 2649 811 2742 875; x_wconf 87' lang='lat' dir='ltr'><strong>lili,</strong></span> <span class='ocrx_word' id='word_1_125' title='bbox 2797 810 2896 864; x_wconf 91' lang='lat' dir='ltr'><strong>hac</strong></span> <span class='ocrx_word' id='word_1_126' title='bbox 2951 810 3003 864; x_wconf 92' lang='lat' dir='ltr'><strong>in</strong></span> <span class='ocrx_word' id='word_1_127' title='bbox 3034 811 3376 882; x_wconf 71' lang='lat' dir='ltr'><strong>narratinne‘</strong></span> 
     </span>
    </p>
   </div>
   <div class='ocr_carea' id='block_1_20' title="bbox 1771 892 3369 971">
    <p class='ocr_par' dir='ltr' id='par_1_20' title="bbox 1771 892 3369 971">
     <span class='ocr_line' id='line_1_20' title="bbox 1771 892 3369 971; baseline -0.002 -14"><span class='ocrx_word' id='word_1_128' title='bbox 1771 903 1908 958; x_wconf 88' lang='lat' dir='ltr'><strong>mihi</strong></span> <span class='ocrx_word' id='word_1_129' title='bbox 1960 902 2313 971; x_wconf 80' lang='lat' dir='ltr'><strong>refragrando</strong></span> <span class='ocrx_word' id='word_1_130' title='bbox 2346 901 2645 966; x_wconf 88' lang='lat' dir='ltr'><strong>adversari,</strong></span> <span class='ocrx_word' id='word_1_131' title='bbox 2682 915 2785 954; x_wconf 89' lang='lat' dir='ltr'><strong>nec</strong></span> <span class='ocrx_word' id='word_1_132' title='bbox 2819 900 3139 968; x_wconf 72' lang='lat' dir='ltr'><strong>huiusmodi</strong></span> <span class='ocrx_word' id='word_1_133' title='bbox 3191 892 3369 968; x_wconf 54' lang='lat' dir='ltr'><strong>quid-&#39;-</strong></span> 
     </span>
    </p>
   </div>
   <div class='ocr_carea' id='block_1_21' title="bbox 1773 991 3348 1064">
    <p class='ocr_par' dir='ltr' id='par_1_21' title="bbox 1773 991 3348 1064">
     <span class='ocr_line' id='line_1_21' title="bbox 1773 991 3348 1064; baseline -0.003 -15"><span class='ocrx_word' id='word_1_134' title='bbox 1773 996 1894 1049; x_wconf 89' lang='lat' dir='ltr'><strong>dam</strong></span> <span class='ocrx_word' id='word_1_135' title='bbox 1925 993 2166 1064; x_wconf 83' lang='lat' dir='ltr'><strong>obiicere</strong></span> <span class='ocrx_word' id='word_1_136' title='bbox 2195 1012 2206 1048; x_wconf 95' lang='lat'>:</span> <span class='ocrx_word' id='word_1_137' title='bbox 2244 991 2299 1047; x_wconf 88' lang='lat' dir='ltr'><strong>Si</strong></span> <span class='ocrx_word' id='word_1_138' title='bbox 2334 992 2473 1047; x_wconf 85' lang='lat' dir='ltr'><strong>Deus</strong></span> <span class='ocrx_word' id='word_1_139' title='bbox 2502 992 2740 1048; x_wconf 89' lang='lat' dir='ltr'><strong>animum</strong></span> <span class='ocrx_word' id='word_1_140' title='bbox 2775 991 3073 1046; x_wconf 89' lang='lat' dir='ltr'><strong>Pharaonis</strong></span> <span class='ocrx_word' id='word_1_141' title='bbox 3103 992 3348 1047; x_wconf 87' lang='lat' dir='ltr'><strong>obstina-</strong></span> 
     </span>
    </p>
   </div>
   <div class='ocr_carea' id='block_1_22' title="bbox 1776 1085 3348 1154">
    <p class='ocr_par' dir='ltr' id='par_1_22' title="bbox 1776 1085 3348 1154">
     <span class='ocr_line' id='line_1_22' title="bbox 1776 1085 3348 1154; baseline -0.003 -14"><span class='ocrx_word' id='word_1_142' title='bbox 1776 1095 1887 1141; x_wconf 93' lang='lat' dir='ltr'><strong>tum</strong></span> <span class='ocrx_word' id='word_1_143' title='bbox 1912 1086 2169 1150; x_wconf 86' lang='lat' dir='ltr'><strong>reddidit,</strong></span> <span class='ocrx_word' id='word_1_144' title='bbox 2201 1085 2552 1154; x_wconf 87' lang='lat' dir='ltr'><strong>quamobrem</strong></span> <span class='ocrx_word' id='word_1_145' title='bbox 2588 1085 2942 1154; x_wconf 88' lang='lat' dir='ltr'><strong>pertinaciter</strong></span> <span class='ocrx_word' id='word_1_146' title='bbox 2978 1092 3033 1138; x_wconf 91' lang='lat' dir='ltr'><strong>et</strong></span> <span class='ocrx_word' id='word_1_147' title='bbox 3061 1085 3348 1138; x_wconf 80' lang='lat' dir='ltr'><strong>obﬁrmato</strong></span> 
     </span>
    </p>
   </div>
   <div class='ocr_carea' id='block_1_23' title="bbox 1773 1174 3364 1233">
    <p class='ocr_par' dir='ltr' id='par_1_23' title="bbox 1773 1174 3364 1233">
     <span class='ocr_line' id='line_1_23' title="bbox 1773 1174 3364 1233; baseline -0.003 0"><span class='ocrx_word' id='word_1_148' title='bbox 1773 1177 1955 1233; x_wconf 89' lang='lat' dir='ltr'><strong>animo</strong></span> <span class='ocrx_word' id='word_1_149' title='bbox 2007 1177 2112 1231; x_wconf 88' lang='lat' dir='ltr'><strong>sibi</strong></span> <span class='ocrx_word' id='word_1_150' title='bbox 2178 1175 2472 1231; x_wconf 88' lang='lat' dir='ltr'><strong>reluctanti</strong></span> <span class='ocrx_word' id='word_1_151' title='bbox 2530 1175 2837 1230; x_wconf 87' lang='lat' dir='ltr'><strong>irascitur?</strong></span> <span class='ocrx_word' id='word_1_152' title='bbox 2885 1174 3151 1229; x_wconf 75' lang='lat' dir='ltr'><strong>Nimirum</strong></span> <span class='ocrx_word' id='word_1_153' title='bbox 3206 1174 3364 1229; x_wconf 55' lang='lat' dir='ltr'><strong>scire&quot;</strong></span> 
     </span>
    </p>
   </div>
   <div class='ocr_carea' id='block_1_24' title="bbox 1774 1262 3351 1324">
    <p class='ocr_par' dir='ltr' id='par_1_24' title="bbox 1774 1262 3351 1324">
     <span class='ocr_line' id='line_1_24' title="bbox 1774 1262 3351 1324; baseline -0.003 -1"><span class='ocrx_word' id='word_1_154' title='bbox 1774 1268 1943 1324; x_wconf 85' lang='lat' dir='ltr'><strong>debes</strong></span> <span class='ocrx_word' id='word_1_155' title='bbox 1981 1267 2330 1322; x_wconf 87' lang='lat' dir='ltr'><strong>alllictionum</strong></span> <span class='ocrx_word' id='word_1_156' title='bbox 2387 1267 2730 1322; x_wconf 76' lang='lat' dir='ltr'><strong>tolerantiam</strong></span> <span class='ocrx_word' id='word_1_157' title='bbox 2762 1266 2928 1323; x_wconf 83' lang='lat' dir='ltr'><strong>fuisse</strong></span> <span class='ocrx_word' id='word_1_158' title='bbox 2958 1282 3177 1323; x_wconf 89' lang='lat' dir='ltr'><strong>causam</strong></span> <span class='ocrx_word' id='word_1_159' title='bbox 3229 1262 3351 1321; x_wconf 89' lang='lat' dir='ltr'><strong>uni-</strong></span> 
     </span>
    </p>
   </div>
   <div class='ocr_carea' id='block_1_25' title="bbox 1773 1357 3350 1428">
    <p class='ocr_par' dir='ltr' id='par_1_25' title="bbox 1773 1357 3350 1428">
     <span class='ocr_line' id='line_1_25' title="bbox 1773 1357 3350 1428; baseline -0.002 -15"><span class='ocrx_word' id='word_1_160' title='bbox 1773 1373 1916 1422; x_wconf 89' lang='lat' dir='ltr'><strong>cam,</strong></span> <span class='ocrx_word' id='word_1_161' title='bbox 1949 1358 2111 1413; x_wconf 86' lang='lat' dir='ltr'><strong>sicuti</strong></span> <span class='ocrx_word' id='word_1_162' title='bbox 2145 1375 2372 1428; x_wconf 87' lang='lat' dir='ltr'><strong>magnus</strong></span> <span class='ocrx_word' id='word_1_163' title='bbox 2420 1359 2509 1414; x_wconf 89' lang='lat' dir='ltr'><strong>ille</strong></span> <span class='ocrx_word' id='word_1_164' title='bbox 2532 1359 2761 1414; x_wconf 85' lang='lat' dir='ltr'><strong>Basilius</strong></span> <span class='ocrx_word' id='word_1_165' title='bbox 2790 1358 3050 1428; x_wconf 89' lang='lat' dir='ltr'><strong>loquitur,</strong></span> <span class='ocrx_word' id='word_1_166' title='bbox 3083 1357 3350 1428; x_wconf 88' lang='lat' dir='ltr'><strong>quamob-</strong></span> 
     </span>
    </p>
   </div>
   <div class='ocr_carea' id='block_1_26' title="bbox 1775 1450 3349 1521">
    <p class='ocr_par' dir='ltr' id='par_1_26' title="bbox 1775 1450 3349 1521">
     <span class='ocr_line' id='line_1_26' title="bbox 1775 1450 3349 1521; baseline 0 -17"><span class='ocrx_word' id='word_1_167' title='bbox 1775 1465 1889 1505; x_wconf 89' lang='lat' dir='ltr'><strong>rem</strong></span> <span class='ocrx_word' id='word_1_168' title='bbox 1924 1450 2133 1505; x_wconf 85' lang='lat' dir='ltr'><strong>Pharao</strong></span> <span class='ocrx_word' id='word_1_169' title='bbox 2187 1461 2471 1521; x_wconf 83' lang='lat' dir='ltr'><strong>tantopere</strong></span> <span class='ocrx_word' id='word_1_170' title='bbox 2529 1467 2686 1504; x_wconf 88' lang='lat' dir='ltr'><strong>suum</strong></span> <span class='ocrx_word' id='word_1_171' title='bbox 2747 1451 2984 1504; x_wconf 88' lang='lat' dir='ltr'><strong>animum</strong></span> <span class='ocrx_word' id='word_1_172' title='bbox 3035 1450 3349 1504; x_wconf 82' lang='lat' dir='ltr'><strong>obduraret.</strong></span> 
     </span>
    </p>
   </div>
   <div class='ocr_carea' id='block_1_27' title="bbox 1778 1539 3354 1611">
    <p class='ocr_par' dir='ltr' id='par_1_27' title="bbox 1778 1539 3354 1611">
     <span class='ocr_line' id='line_1_27' title="bbox 1778 1539 3354 1611; baseline 0.001 -18"><span class='ocrx_word' id='word_1_173' title='bbox 1778 1539 1919 1596; x_wconf 87' lang='lat' dir='ltr'><strong>Deus</strong></span> <span class='ocrx_word' id='word_1_174' title='bbox 1948 1543 2115 1602; x_wconf 84' lang='lat' dir='ltr'><strong>enim,</strong></span> <span class='ocrx_word' id='word_1_175' title='bbox 2140 1543 2233 1611; x_wconf 87' lang='lat' dir='ltr'><strong>qui</strong></span> <span class='ocrx_word' id='word_1_176' title='bbox 2271 1543 2509 1596; x_wconf 90' lang='lat' dir='ltr'><strong>animum</strong></span> <span class='ocrx_word' id='word_1_177' title='bbox 2535 1542 2652 1610; x_wconf 88' lang='lat' dir='ltr'><strong>eius</strong></span> <span class='ocrx_word' id='word_1_178' title='bbox 2685 1542 2824 1594; x_wconf 88' lang='lat' dir='ltr'><strong>haud</strong></span> <span class='ocrx_word' id='word_1_179' title='bbox 2869 1540 3154 1595; x_wconf 83' lang='lat' dir='ltr'><strong>cedentem</strong></span> <span class='ocrx_word' id='word_1_180' title='bbox 3204 1542 3354 1594; x_wconf 54' lang='lat' dir='ltr'><strong>suis-</strong></span> 
     </span>
    </p>
   </div>
   <div class='ocr_carea' id='block_1_28' title="bbox 154 1616 1684 1710">
    <p class='ocr_par' dir='ltr' id='par_1_28' title="bbox 154 1616 1676 1707">
     <span class='ocr_line' id='line_1_28' title="bbox 154 1616 1676 1707; baseline 0.012 -34"><span class='ocrx_word' id='word_1_181' title='bbox 154 1625 272 1694; x_wconf 80' lang='grc' dir='ltr'>Ὅρα</span> <span class='ocrx_word' id='word_1_182' title='bbox 289 1626 389 1696; x_wconf 77' lang='grc' dir='ltr'>γὰρ</span> <span class='ocrx_word' id='word_1_183' title='bbox 412 1626 485 1691; x_wconf 85' lang='grc' dir='ltr'><strong>ὡς</strong></span> <span class='ocrx_word' id='word_1_184' title='bbox 526 1627 748 1682; x_wconf 71' lang='grc' dir='ltr'>ἐπειδὰν</span> <span class='ocrx_word' id='word_1_185' title='bbox 778 1631 984 1700; x_wconf 69' lang='grc' dir='ltr'>ἐπῆγεν</span> <span class='ocrx_word' id='word_1_186' title='bbox 1009 1632 1098 1685; x_wconf 77' lang='grc' dir='ltr'><strong>ἐπ’</strong></span> <span class='ocrx_word' id='word_1_187' title='bbox 1119 1635 1285 1688; x_wconf 81' lang='grc' dir='ltr'>αὑτὸν</span> <span class='ocrx_word' id='word_1_188' title='bbox 1314 1616 1410 1698; x_wconf 80' lang='grc' dir='ltr'><strong>τὰς</strong></span> <span class='ocrx_word' id='word_1_189' title='bbox 1439 1636 1676 1707; x_wconf 83' lang='grc' dir='ltr'>πληγὰς,</span> 
     </span>
    </p>
   </div>
   <div class='ocr_carea' id='block_1_29' title="bbox 1792 1616 3354 1710">
    <p class='ocr_par' dir='ltr' id='par_1_29' title="bbox 1792 1632 3354 1710">
     <span class='ocr_line' id='line_1_29' title="bbox 1792 1632 3354 1710; baseline -0.001 -24"><span class='ocrx_word' id='word_1_190' title='bbox 1792 1648 1893 1703; x_wconf 85' lang='lat' dir='ltr'><strong>que</strong></span> <span class='ocrx_word' id='word_1_191' title='bbox 1951 1632 2228 1688; x_wconf 64' lang='lat' dir='ltr'><strong>’mandatis</strong></span> <span class='ocrx_word' id='word_1_192' title='bbox 2281 1635 2746 1704; x_wconf 86' lang='lat' dir='ltr'><strong>obtemperantem</strong></span> <span class='ocrx_word' id='word_1_193' title='bbox 2791 1632 3111 1710; x_wconf 71' lang='lat' dir='ltr'><strong>accepisset,</strong></span> <span class='ocrx_word' id='word_1_194' title='bbox 3150 1648 3354 1701; x_wconf 86' lang='lat' dir='ltr'><strong>nequa-</strong></span> 
     </span>
    </p>
   </div>
   <div class='ocr_carea' id='block_1_30' title="bbox 151 1717 1677 1797">
    <p class='ocr_par' dir='ltr' id='par_1_30' title="bbox 151 1717 1677 1797">
     <span class='ocr_line' id='line_1_30' title="bbox 151 1717 1677 1797; baseline 0.009 -30"><span class='ocrx_word' id='word_1_195' title='bbox 151 1717 369 1769; x_wconf 81' lang='grc' dir='ltr'><strong>ἀπολύειν</strong></span> <span class='ocrx_word' id='word_1_196' title='bbox 400 1718 488 1770; x_wconf 77' lang='grc' dir='ltr'>τὸν</span> <span class='ocrx_word' id='word_1_197' title='bbox 513 1718 641 1773; x_wconf 73' lang='grc' dir='ltr'>λαὸν</span> <span class='ocrx_word' id='word_1_198' title='bbox 681 1721 1070 1792; x_wconf 77' lang='grc' dir='ltr'><strong>ἐπηγγέλλετο,</strong></span> <span class='ocrx_word' id='word_1_199' title='bbox 1100 1727 1264 1795; x_wconf 87' lang='grc' dir='ltr'>ἡνίκα</span> <span class='ocrx_word' id='word_1_200' title='bbox 1295 1727 1352 1781; x_wconf 78' lang='grc' dir='ltr'>δὲ</span> <span class='ocrx_word' id='word_1_201' title='bbox 1383 1729 1535 1797; x_wconf 82' lang='grc' dir='ltr'>ἡφίει</span> <span class='ocrx_word' id='word_1_202' title='bbox 1569 1729 1677 1781; x_wconf 86' lang='grc' dir='ltr'><strong>τῶν</strong></span> 
     </span>
    </p>
   </div>
   <div class='ocr_carea' id='block_1_31' title="bbox 155 1805 1678 1891">
    <p class='ocr_par' dir='ltr' id='par_1_31' title="bbox 155 1805 1678 1891">
     <span class='ocr_line' id='line_1_31' title="bbox 155 1805 1678 1891; baseline 0.015 -35"><span class='ocrx_word' id='word_1_203' title='bbox 155 1805 364 1874; x_wconf 79' lang='grc' dir='ltr'>βασάνων</span> <span class='ocrx_word' id='word_1_204' title='bbox 394 1808 577 1874; x_wconf 78' lang='grc' dir='ltr'>αὐτὸν,</span> <span class='ocrx_word' id='word_1_205' title='bbox 613 1811 1000 1881; x_wconf 78' lang='grc' dir='ltr'>ἐσκληρύνετο.</span> <span class='ocrx_word' id='word_1_206' title='bbox 1052 1815 1120 1868; x_wconf 87' lang='grc' dir='ltr'><em>Ὃ</em></span> <span class='ocrx_word' id='word_1_207' title='bbox 1169 1817 1230 1885; x_wconf 72' lang='grc' dir='ltr'>δὴ</span> <span class='ocrx_word' id='word_1_208' title='bbox 1263 1819 1359 1872; x_wconf 76' lang='grc' dir='ltr'>καὶ</span> <span class='ocrx_word' id='word_1_209' title='bbox 1409 1820 1440 1888; x_wconf 84' lang='grc' dir='ltr'><strong>ἡ</strong></span> <span class='ocrx_word' id='word_1_210' title='bbox 1485 1818 1678 1891; x_wconf 78' lang='grc' dir='ltr'>Γραφὴ</span> 
     </span>
    </p>
   </div>
   <div class='ocr_carea' id='block_1_32' title="bbox 154 1897 1681 1978">
    <p class='ocr_par' dir='ltr' id='par_1_32' title="bbox 154 1897 1681 1978">
     <span class='ocr_line' id='line_1_32' title="bbox 154 1897 1681 1978; baseline 0.013 -34"><span class='ocrx_word' id='word_1_211' title='bbox 154 1897 457 1961; x_wconf 76' lang='grc' dir='ltr'>σημαίνουσα</span> <span class='ocrx_word' id='word_1_212' title='bbox 495 1899 706 1968; x_wconf 77' lang='grc' dir='ltr'>ἔλεγεν·</span> <span class='ocrx_word' id='word_1_213' title='bbox 744 1920 763 1955; x_wconf 80' lang='grc' dir='ltr'>ι</span> <span class='ocrx_word' id='word_1_214' title='bbox 809 1902 956 1958; x_wconf 82' lang='grc' dir='ltr'>Ἰδὼν</span> <span class='ocrx_word' id='word_1_215' title='bbox 985 1905 1044 1957; x_wconf 72' lang='grc' dir='ltr'>δὲ</span> <span class='ocrx_word' id='word_1_216' title='bbox 1091 1907 1293 1978; x_wconf 71' lang='grc' dir='ltr'>Φαραὼ</span> <span class='ocrx_word' id='word_1_217' title='bbox 1335 1910 1418 1963; x_wconf 85' lang='grc' dir='ltr'>ὅτι</span> <span class='ocrx_word' id='word_1_218' title='bbox 1447 1910 1681 1978; x_wconf 74' lang='grc' dir='ltr'>Γέγονεν</span> 
     </span>
    </p>
   </div>
   <div class='ocr_carea' id='block_1_33' title="bbox 151 1986 1680 2072">
    <p class='ocr_par' dir='ltr' id='par_1_33' title="bbox 151 1986 1680 2072">
     <span class='ocr_line' id='line_1_33' title="bbox 151 1986 1680 2072; baseline 0.013 -36"><span class='ocrx_word' id='word_1_219' title='bbox 151 1986 392 2054; x_wconf 72' lang='grc' dir='ltr'><strong>ἀνάφυξις,</strong></span> <span class='ocrx_word' id='word_1_220' title='bbox 421 1990 655 2061; x_wconf 77' lang='grc' dir='ltr'>ἐϐάρυνε</span> <span class='ocrx_word' id='word_1_221' title='bbox 687 1994 788 2064; x_wconf 81' lang='grc' dir='ltr'>τὴν</span> <span class='ocrx_word' id='word_1_222' title='bbox 807 1997 1036 2066; x_wconf 79' lang='grc' dir='ltr'>καρδίαν</span> <span class='ocrx_word' id='word_1_223' title='bbox 1059 1998 1251 2065; x_wconf 72' lang='grc' dir='ltr'>αὐτοῦ,</span> <span class='ocrx_word' id='word_1_224' title='bbox 1270 2002 1364 2054; x_wconf 72' lang='grc' dir='ltr'><strong>καὶ</strong></span> <span class='ocrx_word' id='word_1_225' title='bbox 1393 2002 1495 2055; x_wconf 81' lang='grc' dir='ltr'>οὐκ</span> <span class='ocrx_word' id='word_1_226' title='bbox 1527 2003 1680 2072; x_wconf 78' lang='grc' dir='ltr'>εἰσή-</span> 
     </span>
    </p>
   </div>
   <div class='ocr_carea' id='block_1_34' title="bbox 153 2081 1682 2160">
    <p class='ocr_par' dir='ltr' id='par_1_34' title="bbox 153 2081 1682 2160">
     <span class='ocr_line' id='line_1_34' title="bbox 153 2081 1682 2160; baseline 0.011 -29"><span class='ocrx_word' id='word_1_227' title='bbox 153 2095 314 2133; x_wconf 77' lang='grc' dir='ltr'>κονσεν</span> <span class='ocrx_word' id='word_1_228' title='bbox 362 2081 564 2140; x_wconf 79' lang='grc' dir='ltr'>αὐτῶν.</span> <span class='ocrx_word' id='word_1_229' title='bbox 625 2086 787 2141; x_wconf 83' lang='grc' dir='ltr'><strong>Ἀλλὰ</strong></span> <span class='ocrx_word' id='word_1_230' title='bbox 827 2091 922 2142; x_wconf 74' lang='grc' dir='ltr'>καὶ</span> <span class='ocrx_word' id='word_1_231' title='bbox 945 2090 1112 2144; x_wconf 79' lang='grc' dir='ltr'>αὑτοῦ</span> <span class='ocrx_word' id='word_1_232' title='bbox 1155 2092 1407 2160; x_wconf 80' lang='grc' dir='ltr'>λὲγοντος</span> <span class='ocrx_word' id='word_1_233' title='bbox 1449 2096 1682 2150; x_wconf 81' lang='grc' dir='ltr'>ἄκουσον</span> 
     </span>
    </p>
   </div>
   <div class='ocr_carea' id='block_1_35' title="bbox 152 2165 1685 2250">
    <p class='ocr_par' dir='ltr' id='par_1_35' title="bbox 152 2165 1685 2250">
     <span class='ocr_line' id='line_1_35' title="bbox 152 2165 1685 2250; baseline 0.013 -31"><span class='ocrx_word' id='word_1_234' title='bbox 152 2165 229 2243; x_wconf 68' lang='grc' dir='ltr'>τοῦ</span> <span class='ocrx_word' id='word_1_235' title='bbox 255 2167 378 2223; x_wconf 86' lang='grc' dir='ltr'><strong>Θεοῦ</strong></span> <span class='ocrx_word' id='word_1_236' title='bbox 412 2170 492 2223; x_wconf 76' lang='grc' dir='ltr'><strong>ὅτι</strong></span> <span class='ocrx_word' id='word_1_237' title='bbox 522 2171 622 2234; x_wconf 67' lang='lat' dir='ltr'><strong>Ei;</strong></span> <span class='ocrx_word' id='word_1_238' title='bbox 643 2172 777 2225; x_wconf 81' lang='grc' dir='ltr'>αὐτὸ</span> <span class='ocrx_word' id='word_1_239' title='bbox 813 2174 972 2230; x_wconf 83' lang='grc' dir='ltr'>τοῦτο</span> <span class='ocrx_word' id='word_1_240' title='bbox 998 2179 1260 2250; x_wconf 77' lang='grc' dir='ltr'><strong>ἐξήγειρά</strong></span> <span class='ocrx_word' id='word_1_241' title='bbox 1297 2198 1380 2246; x_wconf 85' lang='grc' dir='ltr'>σε,</span> <span class='ocrx_word' id='word_1_242' title='bbox 1412 2183 1557 2246; x_wconf 82' lang='grc' dir='ltr'>ὅπως</span> <span class='ocrx_word' id='word_1_243' title='bbox 1599 2185 1685 2238; x_wconf 80' lang='grc' dir='ltr'><strong>ὲν-</strong></span> 
     </span>
    </p>
   </div>
   <div class='ocr_carea' id='block_1_36' title="bbox 153 2255 1685 2344">
    <p class='ocr_par' dir='ltr' id='par_1_36' title="bbox 153 2255 1685 2344">
     <span class='ocr_line' id='line_1_36' title="bbox 153 2255 1685 2344; baseline 0.016 -39"><span class='ocrx_word' id='word_1_244' title='bbox 153 2255 376 2324; x_wconf 79' lang='grc' dir='ltr'>δείξωμαι</span> <span class='ocrx_word' id='word_1_245' title='bbox 413 2261 471 2311; x_wconf 85' lang='grc' dir='ltr'>ὲν</span> <span class='ocrx_word' id='word_1_246' title='bbox 507 2260 593 2312; x_wconf 74' lang='grc' dir='ltr'>σοὶ</span> <span class='ocrx_word' id='word_1_247' title='bbox 623 2260 722 2331; x_wconf 84' lang='grc' dir='ltr'>τὴν</span> <span class='ocrx_word' id='word_1_248' title='bbox 763 2263 997 2334; x_wconf 84' lang='grc' dir='ltr'>δύναμίν</span> <span class='ocrx_word' id='word_1_249' title='bbox 1035 2283 1173 2335; x_wconf 86' lang='grc' dir='ltr'>μου,</span> <span class='ocrx_word' id='word_1_250' title='bbox 1217 2271 1311 2322; x_wconf 73' lang='grc' dir='ltr'>καὶ</span> <span class='ocrx_word' id='word_1_251' title='bbox 1339 2273 1488 2335; x_wconf 84' lang='grc' dir='ltr'>ὅπως</span> <span class='ocrx_word' id='word_1_252' title='bbox 1532 2276 1685 2344; x_wconf 83' lang='grc' dir='ltr'>διαγ-</span> 
     </span>
    </p>
   </div>
   <div class='ocr_carea' id='block_1_37' title="bbox 155 2346 1684 2432">
    <p class='ocr_par' dir='ltr' id='par_1_37' title="bbox 155 2346 1684 2432">
     <span class='ocr_line' id='line_1_37' title="bbox 155 2346 1684 2432; baseline 0.015 -35"><span class='ocrx_word' id='word_1_253' title='bbox 155 2346 294 2417; x_wconf 78' lang='grc' dir='ltr'>γελθῇ</span> <span class='ocrx_word' id='word_1_254' title='bbox 323 2348 380 2401; x_wconf 80' lang='grc' dir='ltr'>τὸ</span> <span class='ocrx_word' id='word_1_255' title='bbox 405 2350 580 2419; x_wconf 77' lang='grc' dir='ltr'>ὄνομά</span> <span class='ocrx_word' id='word_1_256' title='bbox 615 2370 719 2422; x_wconf 89' lang='grc' dir='ltr'><strong>μου</strong></span> <span class='ocrx_word' id='word_1_257' title='bbox 751 2356 808 2408; x_wconf 81' lang='grc' dir='ltr'>ὲν</span> <span class='ocrx_word' id='word_1_258' title='bbox 843 2357 996 2429; x_wconf 80' lang='grc' dir='ltr'>πάσῃ</span> <span class='ocrx_word' id='word_1_259' title='bbox 1041 2361 1107 2430; x_wconf 74' lang='grc' dir='ltr'><strong>τῇ</strong></span> <span class='ocrx_word' id='word_1_260' title='bbox 1141 2363 1236 2431; x_wconf 78' lang='grc' dir='ltr'>γῇ.</span> <span class='ocrx_word' id='word_1_261' title='bbox 1277 2361 1363 2432; x_wconf 78' lang='grc' dir='ltr'><strong>Μὴ</strong></span> <span class='ocrx_word' id='word_1_262' title='bbox 1393 2364 1520 2432; x_wconf 83' lang='grc' dir='ltr'><strong>λέγε</strong></span> <span class='ocrx_word' id='word_1_263' title='bbox 1564 2366 1684 2421; x_wconf 77' lang='grc' dir='ltr'>δια-</span> 
     </span>
    </p>
   </div>
   <div class='ocr_carea' id='block_1_38' title="bbox 157 2439 1687 2524">
    <p class='ocr_par' dir='ltr' id='par_1_38' title="bbox 157 2439 1687 2524">
     <span class='ocr_line' id='line_1_38' title="bbox 157 2439 1687 2524; baseline 0.016 -36"><span class='ocrx_word' id='word_1_264' title='bbox 157 2439 471 2510; x_wconf 77' lang='grc' dir='ltr'>πορούμενος,</span> <span class='ocrx_word' id='word_1_265' title='bbox 497 2443 619 2499; x_wconf 83' lang='grc' dir='ltr'>Ἷνα</span> <span class='ocrx_word' id='word_1_266' title='bbox 652 2448 927 2524; x_wconf 79' lang='grc' dir='ltr'>γνωρίζῃς</span> <span class='ocrx_word' id='word_1_267' title='bbox 953 2450 1052 2520; x_wconf 81' lang='grc' dir='ltr'>τὴν</span> <span class='ocrx_word' id='word_1_268' title='bbox 1085 2451 1314 2523; x_wconf 84' lang='grc' dir='ltr'>δύναμίν</span> <span class='ocrx_word' id='word_1_269' title='bbox 1364 2472 1482 2519; x_wconf 89' lang='grc' dir='ltr'>σου,</span> <span class='ocrx_word' id='word_1_270' title='bbox 1521 2458 1687 2512; x_wconf 84' lang='grc' dir='ltr'>κολά-</span> 
     </span>
    </p>
   </div>
   <div class='ocr_carea' id='block_1_39' title="bbox 158 2527 1688 2619">
    <p class='ocr_par' dir='ltr' id='par_1_39' title="bbox 158 2527 1688 2619">
     <span class='ocr_line' id='line_1_39' title="bbox 158 2527 1688 2619; baseline 0.015 -40"><span class='ocrx_word' id='word_1_271' title='bbox 158 2527 247 2619; x_wconf 76' lang='grc' dir='ltr'>ζεις</span> <span class='ocrx_word' id='word_1_272' title='bbox 288 2532 610 2604; x_wconf 75' lang='grc' dir='ltr'>ἄνθρωπονς</span> <span class='ocrx_word' id='word_1_273' title='bbox 647 2537 818 2607; x_wconf 81' lang='grc' dir='ltr'>’Δφες</span> <span class='ocrx_word' id='word_1_274' title='bbox 857 2539 1018 2603; x_wconf 83' lang='grc' dir='ltr'>αὐτὰ,</span> <span class='ocrx_word' id='word_1_275' title='bbox 1048 2541 1143 2595; x_wconf 71' lang='grc' dir='ltr'>καὶ.</span> <span class='ocrx_word' id='word_1_276' title='bbox 1178 2546 1412 2614; x_wconf 86' lang='grc' dir='ltr'>πρόσχες</span> <span class='ocrx_word' id='word_1_277' title='bbox 1440 2547 1576 2617; x_wconf 85' lang='grc' dir='ltr'>τῷδε</span> <span class='ocrx_word' id='word_1_278' title='bbox 1610 2549 1688 2619; x_wconf 88' lang='grc' dir='ltr'><strong>τῷ</strong></span> 
     </span>
    </p>
   </div>
   <div class='ocr_carea' id='block_1_40' title="bbox 159 2618 1688 2708">
    <p class='ocr_par' dir='ltr' id='par_1_40' title="bbox 159 2618 1688 2708">
     <span class='ocr_line' id='line_1_40' title="bbox 159 2618 1688 2708; baseline 0.014 -38"><span class='ocrx_word' id='word_1_279' title='bbox 159 2618 497 2690; x_wconf 79' lang='grc' dir='ltr'>ὑποδείγματι.</span> <span class='ocrx_word' id='word_1_280' title='bbox 529 2625 599 2680; x_wconf 84' lang='grc' dir='ltr'><strong>Ἥ</strong></span> <span class='ocrx_word' id='word_1_281' title='bbox 634 2628 854 2699; x_wconf 82' lang='grc' dir='ltr'>ἰατρικὴ</span> <span class='ocrx_word' id='word_1_282' title='bbox 882 2631 1047 2700; x_wconf 83' lang='grc' dir='ltr'>τέχνη</span> <span class='ocrx_word' id='word_1_283' title='bbox 1077 2632 1352 2704; x_wconf 81' lang='grc' dir='ltr'>ὠφέλιμόν</span> <span class='ocrx_word' id='word_1_284' title='bbox 1381 2653 1434 2689; x_wconf 90' lang='grc' dir='ltr'>τι</span> <span class='ocrx_word' id='word_1_285' title='bbox 1463 2618 1688 2708; x_wconf 84' lang='grc' dir='ltr'>ποιῆσαι</span> 
     </span>
    </p>
   </div>
   <div class='ocr_carea' id='block_1_41' title="bbox 159 2711 1690 2802">
    <p class='ocr_par' dir='ltr' id='par_1_41' title="bbox 159 2711 1690 2802">
     <span class='ocr_line' id='line_1_41' title="bbox 159 2711 1690 2802; baseline 0.016 -41"><span class='ocrx_word' id='word_1_286' title='bbox 159 2711 211 2778; x_wconf 80' lang='grc' dir='ltr'>τῇ</span> <span class='ocrx_word' id='word_1_287' title='bbox 245 2713 544 2788; x_wconf 80' lang='grc' dir='ltr'>ἀνθρωπίνῃ</span> <span class='ocrx_word' id='word_1_288' title='bbox 595 2719 756 2787; x_wconf 76' lang='grc' dir='ltr'>φύσει</span> <span class='ocrx_word' id='word_1_289' title='bbox 809 2723 1187 2788; x_wconf 81' lang='grc' dir='ltr'>σπουδάζουσα</span> <span class='ocrx_word' id='word_1_290' title='bbox 1222 2727 1432 2790; x_wconf 82' lang='grc' dir='ltr'>ζῶντας</span> <span class='ocrx_word' id='word_1_291' title='bbox 1483 2730 1690 2802; x_wconf 78' lang='grc' dir='ltr'>ἀνθρώ-</span> 
     </span>
    </p>
   </div>
   <div class='ocr_carea' id='block_1_42' title="bbox 164 2805 1690 2889">
    <p class='ocr_par' dir='ltr' id='par_1_42' title="bbox 164 2805 1690 2889">
     <span class='ocr_line' id='line_1_42' title="bbox 164 2805 1690 2889; baseline 0.018 -39"><span class='ocrx_word' id='word_1_292' title='bbox 164 2815 274 2864; x_wconf 75' lang='grc' dir='ltr'>πους</span> <span class='ocrx_word' id='word_1_293' title='bbox 313 2805 596 2877; x_wconf 68' lang='grc' dir='ltr'>ανέτεμεν.</span> <span class='ocrx_word' id='word_1_294' title='bbox 643 2810 784 2863; x_wconf 83' lang='grc' dir='ltr'>Ἀλλ’</span> <span class='ocrx_word' id='word_1_295' title='bbox 828 2807 896 2883; x_wconf 80' lang='grc' dir='ltr'>ἦν</span> <span class='ocrx_word' id='word_1_296' title='bbox 931 2815 1030 2880; x_wconf 85' lang='grc' dir='ltr'>μὲν</span> <span class='ocrx_word' id='word_1_297' title='bbox 1063 2818 1160 2870; x_wconf 67' lang='grc' dir='ltr'>καὶ</span> <span class='ocrx_word' id='word_1_298' title='bbox 1199 2817 1357 2871; x_wconf 84' lang='grc' dir='ltr'>τοῦτο</span> <span class='ocrx_word' id='word_1_299' title='bbox 1392 2821 1596 2889; x_wconf 79' lang='grc' dir='ltr'>ἄδικον,</span> <span class='ocrx_word' id='word_1_300' title='bbox 1629 2823 1690 2877; x_wconf 79' lang='grc' dir='ltr'>τὸ</span> 
     </span>
    </p>
   </div>
   <div class='ocr_carea' id='block_1_43' title="bbox 159 2889 1687 2973">
    <p class='ocr_par' dir='ltr' id='par_1_43' title="bbox 159 2889 1687 2973">
     <span class='ocr_line' id='line_1_43' title="bbox 159 2889 1687 2973; baseline 0.019 -34"><span class='ocrx_word' id='word_1_301' title='bbox 159 2889 228 2942; x_wconf 66' lang='grc' dir='ltr'><strong>διὰ</strong></span> <span class='ocrx_word' id='word_1_302' title='bbox 255 2893 342 2962; x_wconf 79' lang='grc' dir='ltr'>τὴν</span> <span class='ocrx_word' id='word_1_303' title='bbox 372 2896 576 2967; x_wconf 86' lang='grc' dir='ltr'>ὲτέρων</span> <span class='ocrx_word' id='word_1_304' title='bbox 629 2903 906 2973; x_wconf 82' lang='grc' dir='ltr'>σωτηρίαν</span> <span class='ocrx_word' id='word_1_305' title='bbox 939 2905 1146 2972; x_wconf 80' lang='grc' dir='ltr'>ζῶντας</span> <span class='ocrx_word' id='word_1_306' title='bbox 1187 2911 1384 2973; x_wconf 78' lang='grc' dir='ltr'>ἄλλους</span> <span class='ocrx_word' id='word_1_307' title='bbox 1439 2912 1687 2968; x_wconf 79' lang='grc' dir='ltr'><strong>θύεσθαι.</strong></span> 
     </span>
    </p>
   </div>
   <div class='ocr_carea' id='block_1_44' title="bbox 160 2981 1692 3072">
    <p class='ocr_par' dir='ltr' id='par_1_44' title="bbox 160 2981 1692 3072">
     <span class='ocr_line' id='line_1_44' title="bbox 160 2981 1692 3072; baseline 0.019 -41"><span class='ocrx_word' id='word_1_308' title='bbox 160 2983 211 3032; x_wconf 86' lang='grc' dir='ltr'>Τί</span> <span class='ocrx_word' id='word_1_309' title='bbox 232 2981 312 3037; x_wconf 83' lang='grc' dir='ltr'>οὖν</span> <span class='ocrx_word' id='word_1_310' title='bbox 339 2989 557 3044; x_wconf 78' lang='grc' dir='ltr'>ἐποίουν</span> <span class='ocrx_word' id='word_1_311' title='bbox 603 2995 657 3045; x_wconf 76' lang='grc' dir='ltr'>οἱ</span> <span class='ocrx_word' id='word_1_312' title='bbox 687 2996 941 3065; x_wconf 55' lang='lat' dir='ltr'><strong>dinotet;</strong></span> <span class='ocrx_word' id='word_1_313' title='bbox 985 2999 1089 3054; x_wconf 79' lang='grc' dir='ltr'>Τὸν</span> <span class='ocrx_word' id='word_1_314' title='bbox 1140 3002 1544 3072; x_wconf 71' lang='grc' dir='ltr'>κατακριθέντα</span> <span class='ocrx_word' id='word_1_315' title='bbox 1595 3006 1692 3059; x_wconf 85' lang='grc' dir='ltr'><strong>θα-</strong></span> 
     </span>
    </p>
   </div>
   <div class='ocr_carea' id='block_1_45' title="bbox 159 3073 1691 3163">
    <p class='ocr_par' dir='ltr' id='par_1_45' title="bbox 159 3073 1691 3163">
     <span class='ocr_line' id='line_1_45' title="bbox 159 3073 1691 3163; baseline 0.016 -37"><span class='ocrx_word' id='word_1_316' title='bbox 159 3073 275 3147; x_wconf 75' lang='grc' dir='ltr'>νάτῳ</span> <span class='ocrx_word' id='word_1_317' title='bbox 302 3079 593 3137; x_wconf 81' lang='grc' dir='ltr'>ὑποπεσεῖν</span> <span class='ocrx_word' id='word_1_318' title='bbox 627 3087 716 3140; x_wconf 79' lang='grc' dir='ltr'><strong>διὰ</strong></span> <span class='ocrx_word' id='word_1_319' title='bbox 745 3089 999 3159; x_wconf 80' lang='grc' dir='ltr'>λῃστείαν</span> <span class='ocrx_word' id='word_1_320' title='bbox 1029 3091 1062 3163; x_wconf 75' lang='grc' dir='ltr'>ἢ</span> <span class='ocrx_word' id='word_1_321' title='bbox 1096 3095 1470 3162; x_wconf 80' lang='grc' dir='ltr'>φαρμακείαν,</span> <span class='ocrx_word' id='word_1_322' title='bbox 1503 3097 1691 3151; x_wconf 82' lang='grc' dir='ltr'>τοῦτον</span> 
     </span>
    </p>
   </div>
   <div class='ocr_carea' id='block_1_46' title="bbox 159 3167 1693 3252">
    <p class='ocr_par' dir='ltr' id='par_1_46' title="bbox 159 3168 1693 3252">
     <span class='ocr_line' id='line_1_46' title="bbox 159 3168 1693 3252; baseline 0.014 -32"><span class='ocrx_word' id='word_1_323' title='bbox 159 3168 489 3239; x_wconf 61' lang='grc' dir='ltr'>λαμϐάνοντες</span> <span class='ocrx_word' id='word_1_324' title='bbox 526 3179 825 3247; x_wconf 80' lang='grc' dir='ltr'>ἁνέτεμνον</span> <span class='ocrx_word' id='word_1_325' title='bbox 856 3182 1056 3250; x_wconf 79' lang='grc' dir='ltr'>ζῶντα,</span> <span class='ocrx_word' id='word_1_326' title='bbox 1087 3183 1212 3238; x_wconf 74' lang='grc' dir='ltr'>οὔτε</span> <span class='ocrx_word' id='word_1_327' title='bbox 1255 3187 1570 3252; x_wconf 82' lang='grc' dir='ltr'>ἀδικοῦντες</span> <span class='ocrx_word' id='word_1_328' title='bbox 1600 3191 1693 3242; x_wconf 80' lang='grc' dir='ltr'>τὸν</span> 
     </span>
    </p>
   </div>
   <div class='ocr_carea' id='block_1_47' title="bbox 161 3261 1697 3360">
    <p class='ocr_par' dir='ltr' id='par_1_47' title="bbox 161 3261 1697 3360">
     <span class='ocr_line' id='line_1_47' title="bbox 161 3261 1697 3360; baseline 0.017 -50"><span class='ocrx_word' id='word_1_329' title='bbox 161 3261 485 3360; x_wconf 76' lang='grc' dir='ltr'>κολαζόμενον</span> <span class='ocrx_word' id='word_1_330' title='bbox 513 3269 612 3323; x_wconf 79' lang='grc' dir='ltr'>καὶ</span> <span class='ocrx_word' id='word_1_331' title='bbox 636 3274 701 3340; x_wconf 83' lang='grc' dir='ltr'>τῇ</span> <span class='ocrx_word' id='word_1_332' title='bbox 730 3273 1042 3346; x_wconf 72' lang='grc' dir='ltr'>ἀνθρωπίνῃ</span> <span class='ocrx_word' id='word_1_333' title='bbox 1067 3277 1228 3344; x_wconf 78' lang='grc' dir='ltr'>φύσει</span> <span class='ocrx_word' id='word_1_334' title='bbox 1260 3279 1516 3350; x_wconf 85' lang='grc' dir='ltr'>βοήθειαν</span> <span class='ocrx_word' id='word_1_335' title='bbox 1539 3284 1697 3350; x_wconf 82' lang='grc' dir='ltr'>ἐφευ-</span> 
     </span>
    </p>
   </div>
   <div class='ocr_carea' id='block_1_48' title="bbox 162 3359 1696 3442">
    <p class='ocr_par' dir='ltr' id='par_1_48' title="bbox 162 3359 1696 3442">
     <span class='ocr_line' id='line_1_48' title="bbox 162 3359 1696 3442; baseline 0.016 -41"><span class='ocrx_word' id='word_1_336' title='bbox 162 3359 427 3417; x_wconf 80' lang='grc' dir='ltr'>ρσκοντες.</span> <span class='ocrx_word' id='word_1_337' title='bbox 474 3359 941 3442; x_wconf 63' lang='grc' dir='ltr'>Ἀνέτεμνονρῦν</span> <span class='ocrx_word' id='word_1_338' title='bbox 995 3369 1201 3418; x_wconf 75' lang='grc' dir='ltr'>ἐκεῖνον</span> <span class='ocrx_word' id='word_1_339' title='bbox 1233 3369 1443 3436; x_wconf 79' lang='grc' dir='ltr'>ζῶντα,</span> <span class='ocrx_word' id='word_1_340' title='bbox 1479 3372 1566 3424; x_wconf 82' lang='grc' dir='ltr'>ἵνα</span> <span class='ocrx_word' id='word_1_341' title='bbox 1613 3373 1696 3425; x_wconf 75' lang='grc' dir='ltr'><strong>ἔτι</strong></span> 
     </span>
    </p>
   </div>
   <div class='ocr_carea' id='block_1_49' title="bbox 163 3441 1698 3534">
    <p class='ocr_par' dir='ltr' id='par_1_49' title="bbox 163 3441 1698 3534">
     <span class='ocr_line' id='line_1_49' title="bbox 163 3441 1698 3534; baseline 0.016 -42"><span class='ocrx_word' id='word_1_342' title='bbox 163 3441 474 3514; x_wconf 64' lang='grc' dir='ltr'>σπαιρόντων</span> <span class='ocrx_word' id='word_1_343' title='bbox 513 3451 626 3503; x_wconf 87' lang='grc' dir='ltr'><strong>τῶν</strong></span> <span class='ocrx_word' id='word_1_344' title='bbox 663 3441 990 3524; x_wconf 74' lang='grc' dir='ltr'>σπλάγχνων</span> <span class='ocrx_word' id='word_1_345' title='bbox 1025 3458 1386 3526; x_wconf 79' lang='grc' dir='ltr'>καταμάθωσι</span> <span class='ocrx_word' id='word_1_346' title='bbox 1422 3460 1519 3530; x_wconf 50' lang='grc' dir='ltr'>τὴν</span> <span class='ocrx_word' id='word_1_347' title='bbox 1547 3463 1698 3534; x_wconf 69' lang='grc' dir='ltr'>ὲνέρι</span> 
     </span>
    </p>
   </div>
   <div class='ocr_carea' id='block_1_50' title="bbox 158 3539 1696 3621">
    <p class='ocr_par' dir='ltr' id='par_1_50' title="bbox 158 3539 1696 3621">
     <span class='ocr_line' id='line_1_50' title="bbox 158 3539 1696 3621; baseline 0.01 -29"><span class='ocrx_word' id='word_1_348' title='bbox 158 3548 308 3592; x_wconf 71' lang='lat' dir='ltr'><strong>‘ritav.</strong></span> <span class='ocrx_word' id='word_1_349' title='bbox 340 3539 492 3594; x_wconf 77' lang='grc' dir='ltr'>Οὕτω</span> <span class='ocrx_word' id='word_1_350' title='bbox 521 3543 626 3621; x_wconf 82' lang='grc' dir='ltr'>μὲν</span> <span class='ocrx_word' id='word_1_351' title='bbox 663 3540 757 3598; x_wconf 76' lang='grc' dir='ltr'>οὖν</span> <span class='ocrx_word' id='word_1_352' title='bbox 805 3547 900 3599; x_wconf 75' lang='grc' dir='ltr'>καὶ</span> <span class='ocrx_word' id='word_1_353' title='bbox 951 3548 980 3600; x_wconf 84' lang='grc' dir='ltr'><strong>ὁ</strong></span> <span class='ocrx_word' id='word_1_354' title='bbox 1019 3550 1405 3621; x_wconf 71' lang='grc' dir='ltr'>ἀριστοτέχνης</span> <span class='ocrx_word' id='word_1_355' title='bbox 1448 3553 1580 3617; x_wconf 77' lang='grc' dir='ltr'>Θεὸς</span> <span class='ocrx_word' id='word_1_356' title='bbox 1609 3554 1696 3609; x_wconf 75' lang='grc' dir='ltr'>διὰ</span> 
     </span>
    </p>
   </div>
   <div class='ocr_carea' id='block_1_51' title="bbox 158 3614 1698 3713">
    <p class='ocr_par' dir='ltr' id='par_1_51' title="bbox 158 3614 1698 3713">
     <span class='ocr_line' id='line_1_51' title="bbox 158 3614 1698 3713; baseline 0.013 -34"><span class='ocrx_word' id='word_1_357' title='bbox 158 3629 235 3679; x_wconf 78' lang='grc' dir='ltr'>τοῦ</span> <span class='ocrx_word' id='word_1_358' title='bbox 263 3631 488 3696; x_wconf 80' lang='grc' dir='ltr'><strong>ἀνιάτως</strong></span> <span class='ocrx_word' id='word_1_359' title='bbox 541 3615 928 3707; x_wconf 69' lang='grc' dir='ltr'><strong>ἡμαρτηκότος</strong></span> <span class='ocrx_word' id='word_1_360' title='bbox 977 3614 1177 3712; x_wconf 66' lang='grc' dir='ltr'><strong>φαρἆῖυ</strong></span> <span class='ocrx_word' id='word_1_361' title='bbox 1231 3614 1430 3712; x_wconf 27' lang='grc' dir='ltr'>σηῐμεϊα</span> <span class='ocrx_word' id='word_1_362' title='bbox 1484 3614 1698 3713; x_wconf 78' lang='grc' dir='ltr'>μεγάλα</span> 
     </span>
    </p>
   </div>
   <div class='ocr_carea' id='block_1_52' title="bbox 157 3718 1697 3802">
    <p class='ocr_par' dir='ltr' id='par_1_52' title="bbox 157 3718 1697 3802">
     <span class='ocr_line' id='line_1_52' title="bbox 157 3718 1697 3802; baseline 0.014 -33"><span class='ocrx_word' id='word_1_363' title='bbox 157 3718 389 3789; x_wconf 81' lang='grc' dir='ltr'>δείκνυσι,</span> <span class='ocrx_word' id='word_1_364' title='bbox 413 3727 504 3780; x_wconf 83' lang='grc' dir='ltr'>τὸν</span> <span class='ocrx_word' id='word_1_365' title='bbox 534 3729 639 3797; x_wconf 78' lang='grc' dir='ltr'>μὲν</span> <span class='ocrx_word' id='word_1_366' title='bbox 677 3729 827 3792; x_wconf 71' lang='grc' dir='ltr'>ἄξιον</span> <span class='ocrx_word' id='word_1_367' title='bbox 859 3734 1133 3802; x_wconf 81' lang='grc' dir='ltr'>τιμωρίας</span> <span class='ocrx_word' id='word_1_368' title='bbox 1164 3735 1427 3802; x_wconf 73' lang='grc' dir='ltr'>κολάζων,</span> <span class='ocrx_word' id='word_1_369' title='bbox 1463 3738 1588 3801; x_wconf 76' lang='grc' dir='ltr'>τοὺς</span> <span class='ocrx_word' id='word_1_370' title='bbox 1639 3739 1697 3791; x_wconf 86' lang='grc' dir='ltr'>δὲ</span> 
     </span>
    </p>
   </div>
   <div class='ocr_carea' id='block_1_53' title="bbox 160 3814 1696 3897">
    <p class='ocr_par' dir='ltr' id='par_1_53' title="bbox 160 3814 1696 3897">
     <span class='ocr_line' id='line_1_53' title="bbox 160 3814 1696 3897; baseline 0.012 -35"><span class='ocrx_word' id='word_1_371' title='bbox 160 3814 280 3879; x_wconf 70' lang='grc' dir='ltr'>μετὰ</span> <span class='ocrx_word' id='word_1_372' title='bbox 303 3816 472 3870; x_wconf 72' lang='grc' dir='ltr'>ταῦτα</span> <span class='ocrx_word' id='word_1_373' title='bbox 529 3823 853 3890; x_wconf 82' lang='grc' dir='ltr'>γενομένους</span> <span class='ocrx_word' id='word_1_374' title='bbox 904 3824 1106 3895; x_wconf 84' lang='grc' dir='ltr'>ἄριστα</span> <span class='ocrx_word' id='word_1_375' title='bbox 1137 3826 1477 3896; x_wconf 78' lang='grc' dir='ltr'>Θεραπεύων,</span> <span class='ocrx_word' id='word_1_376' title='bbox 1519 3845 1696 3897; x_wconf 83' lang='grc' dir='ltr'>σωτη-</span> 
     </span>
    </p>
   </div>
   <div class='ocr_carea' id='block_1_54' title="bbox 160 3903 1701 3994">
    <p class='ocr_par' dir='ltr' id='par_1_54' title="bbox 160 3903 1701 3994">
     <span class='ocr_line' id='line_1_54' title="bbox 160 3903 1701 3994; baseline 0.012 -36"><span class='ocrx_word' id='word_1_377' title='bbox 160 3903 264 3972; x_wconf 71' lang='lat' dir='ltr'><strong>pia;</strong></span> <span class='ocrx_word' id='word_1_378' title='bbox 297 3910 693 3983; x_wconf 78' lang='grc' dir='ltr'>ὑπόθεσιν-τὴν</span> <span class='ocrx_word' id='word_1_379' title='bbox 740 3916 954 3976; x_wconf 79' lang='grc' dir='ltr'>ἐκείνου</span> <span class='ocrx_word' id='word_1_380' title='bbox 996 3915 1267 3989; x_wconf 87' lang='grc' dir='ltr'>τιμωρίαν</span> <span class='ocrx_word' id='word_1_381' title='bbox 1303 3921 1488 3984; x_wconf 83' lang='grc' dir='ltr'>αὐτοῖς</span> <span class='ocrx_word' id='word_1_382' title='bbox 1531 3939 1701 3994; x_wconf 85' lang='grc' dir='ltr'>παρε-</span> 
     </span>
    </p>
   </div>
   <div class='ocr_carea' id='block_1_55' title="bbox 160 4000 1273 4079">
    <p class='ocr_par' dir='ltr' id='par_1_55' title="bbox 160 4000 1273 4079">
     <span class='ocr_line' id='line_1_55' title="bbox 160 4000 1273 4079; baseline 0.015 -29"><span class='ocrx_word' id='word_1_383' title='bbox 160 4000 522 4068; x_wconf 74' lang='grc' dir='ltr'>χόμενος.’Καὶ</span> <span class='ocrx_word' id='word_1_384' title='bbox 555 4009 686 4078; x_wconf 76' lang='grc' dir='ltr'>περὶ</span> <span class='ocrx_word' id='word_1_385' title='bbox 714 4008 814 4079; x_wconf 81' lang='grc' dir='ltr'>μὲν</span> <span class='ocrx_word' id='word_1_386' title='bbox 842 4011 1049 4065; x_wconf 88' lang='grc' dir='ltr'>τούτων</span> <span class='ocrx_word' id='word_1_387' title='bbox 1079 4011 1273 4076; x_wconf 78' lang='grc' dir='ltr'>οὕτως.</span> 
     </span>
    </p>
   </div>
   <div class='ocr_carea' id='block_1_56' title="bbox 1785 1722 3355 1804">
    <p class='ocr_par' dir='ltr' id='par_1_56' title="bbox 1785 1722 3355 1804">
     <span class='ocr_line' id='line_1_56' title="bbox 1785 1722 3355 1804; baseline -0.001 -24"><span class='ocrx_word' id='word_1_388' title='bbox 1785 1741 1947 1794; x_wconf 90' lang='lat' dir='ltr'><strong>quam</strong></span> <span class='ocrx_word' id='word_1_389' title='bbox 1981 1725 2131 1780; x_wconf 89' lang='lat' dir='ltr'><strong>illum</strong></span> <span class='ocrx_word' id='word_1_390' title='bbox 2165 1726 2229 1780; x_wconf 89' lang='lat' dir='ltr'><strong>ad</strong></span> <span class='ocrx_word' id='word_1_391' title='bbox 2274 1726 2528 1780; x_wconf 88' lang='lat' dir='ltr'><strong>duritiem</strong></span> <span class='ocrx_word' id='word_1_392' title='bbox 2581 1724 3039 1804; x_wconf 86' lang='lat' dir='ltr'><strong>pertinaciamque</strong></span> <span class='ocrx_word' id='word_1_393' title='bbox 3077 1724 3244 1777; x_wconf 81' lang='lat' dir='ltr'><strong>tinxit.</strong></span> <span class='ocrx_word' id='word_1_394' title='bbox 3280 1722 3355 1778; x_wconf 82' lang='lat' dir='ltr'><strong>De</strong></span> 
     </span>
    </p>
   </div>
   <div class='ocr_carea' id='block_1_57' title="bbox 1787 1813 3352 1887">
    <p class='ocr_par' dir='ltr' id='par_1_57' title="bbox 1787 1813 3352 1887">
     <span class='ocr_line' id='line_1_57' title="bbox 1787 1813 3352 1887; baseline -0.006 -14"><span class='ocrx_word' id='word_1_395' title='bbox 1787 1833 1896 1887; x_wconf 90' lang='lat' dir='ltr'><strong>quo</strong></span> <span class='ocrx_word' id='word_1_396' title='bbox 1949 1817 2210 1886; x_wconf 85' lang='lat' dir='ltr'><strong>consequi</strong></span> <span class='ocrx_word' id='word_1_397' title='bbox 2261 1831 2485 1870; x_wconf 89' lang='lat' dir='ltr'><strong>necesse</strong></span> <span class='ocrx_word' id='word_1_398' title='bbox 2534 1825 2616 1871; x_wconf 86' lang='lat' dir='ltr'><strong>est</strong></span> <span class='ocrx_word' id='word_1_399' title='bbox 2671 1814 2764 1869; x_wconf 82' lang='lat' dir='ltr'><strong>Dei</strong></span> <span class='ocrx_word' id='word_1_400' title='bbox 2815 1815 3102 1869; x_wconf 82' lang='lat' dir='ltr'><strong>tolerantia</strong></span> <span class='ocrx_word' id='word_1_401' title='bbox 3155 1813 3352 1868; x_wconf 81' lang='lat' dir='ltr'><strong>factum</strong></span> 
     </span>
    </p>
   </div>
   <div class='ocr_carea' id='block_1_58' title="bbox 1787 1903 3355 1978">
    <p class='ocr_par' dir='ltr' id='par_1_58' title="bbox 1787 1903 3355 1978">
     <span class='ocr_line' id='line_1_58' title="bbox 1787 1903 3355 1978; baseline -0.002 -18"><span class='ocrx_word' id='word_1_402' title='bbox 1787 1907 1957 1962; x_wconf 80' lang='lat' dir='ltr'><strong>fuisse</strong></span> <span class='ocrx_word' id='word_1_403' title='bbox 2003 1917 2061 1960; x_wconf 91' lang='lat' dir='ltr'><strong>ut</strong></span> <span class='ocrx_word' id='word_1_404' title='bbox 2103 1906 2273 1978; x_wconf 84' lang='lat' dir='ltr'><strong>magis</strong></span> <span class='ocrx_word' id='word_1_405' title='bbox 2302 1908 2516 1962; x_wconf 85' lang='lat' dir='ltr'><strong>animus</strong></span> <span class='ocrx_word' id='word_1_406' title='bbox 2573 1906 2740 1976; x_wconf 86' lang='lat' dir='ltr'><strong>ipsius</strong></span> <span class='ocrx_word' id='word_1_407' title='bbox 2783 1906 3185 1959; x_wconf 83' lang='lat' dir='ltr'><strong>oblirmaretur.</strong></span> <span class='ocrx_word' id='word_1_408' title='bbox 3219 1903 3355 1957; x_wconf 83' lang='lat' dir='ltr'><strong>Nam</strong></span> 
     </span>
    </p>
   </div>
   <div class='ocr_carea' id='block_1_59' title="bbox 1752 1996 3353 2082">
    <p class='ocr_par' dir='ltr' id='par_1_59' title="bbox 1752 1996 3353 2082">
     <span class='ocr_line' id='line_1_59' title="bbox 1752 1996 3353 2082; baseline -0.002 -30"><span class='ocrx_word' id='word_1_409' title='bbox 1752 1999 1914 2082; x_wconf 50' lang='lat' dir='ltr'><strong>‘vide</strong></span> <span class='ocrx_word' id='word_1_410' title='bbox 1962 1998 2117 2065; x_wconf 86' lang='lat' dir='ltr'><strong>mihi,</strong></span> <span class='ocrx_word' id='word_1_411' title='bbox 2171 1997 2421 2062; x_wconf 87' lang='lat' dir='ltr'><strong>obsecro,</strong></span> <span class='ocrx_word' id='word_1_412' title='bbox 2477 2013 2585 2065; x_wconf 89' lang='lat' dir='ltr'><strong>quo</strong></span> <span class='ocrx_word' id='word_1_413' title='bbox 2631 2006 2789 2068; x_wconf 89' lang='lat' dir='ltr'><strong>pacto</strong></span> <span class='ocrx_word' id='word_1_414' title='bbox 2843 2013 2932 2052; x_wconf 88' lang='lat' dir='ltr'><strong>res</strong></span> <span class='ocrx_word' id='word_1_415' title='bbox 2988 2007 3135 2065; x_wconf 82' lang='lat' dir='ltr'><strong>gesta</strong></span> <span class='ocrx_word' id='word_1_416' title='bbox 3171 1996 3353 2050; x_wconf 79' lang='lat' dir='ltr'><strong>fuerit.</strong></span> 
     </span>
    </p>
   </div>
   <div class='ocr_carea' id='block_1_60' title="bbox 1790 2087 3354 2157">
    <p class='ocr_par' dir='ltr' id='par_1_60' title="bbox 1790 2087 3354 2157">
     <span class='ocr_line' id='line_1_60' title="bbox 1790 2087 3354 2157; baseline -0.003 -14"><span class='ocrx_word' id='word_1_417' title='bbox 1790 2089 2011 2156; x_wconf 87' lang='lat' dir='ltr'><strong>Quoties</strong></span> <span class='ocrx_word' id='word_1_418' title='bbox 2046 2090 2321 2144; x_wconf 86' lang='lat' dir='ltr'><strong>hominem</strong></span> <span class='ocrx_word' id='word_1_419' title='bbox 2347 2087 2744 2143; x_wconf 78' lang='lat' dir='ltr'><strong>calamitatibus</strong></span> <span class='ocrx_word' id='word_1_420' title='bbox 2788 2099 2840 2142; x_wconf 87' lang='lat' dir='ltr'><strong>et</strong></span> <span class='ocrx_word' id='word_1_421' title='bbox 2868 2089 3038 2157; x_wconf 78' lang='lat' dir='ltr'><strong>plagis</strong></span> <span class='ocrx_word' id='word_1_422' title='bbox 3092 2087 3354 2146; x_wconf 74' lang='lat' dir='ltr'><strong>alliceret,</strong></span> 
     </span>
    </p>
   </div>
   <div class='ocr_carea' id='block_1_61' title="bbox 1790 2176 3358 2253">
    <p class='ocr_par' dir='ltr' id='par_1_61' title="bbox 1790 2176 3358 2253">
     <span class='ocr_line' id='line_1_61' title="bbox 1790 2176 3358 2253; baseline -0.006 -13"><span class='ocrx_word' id='word_1_423' title='bbox 1790 2186 2139 2242; x_wconf 86' lang='lat' dir='ltr'><strong>dimissurum</strong></span> <span class='ocrx_word' id='word_1_424' title='bbox 2178 2185 2267 2238; x_wconf 88' lang='lat' dir='ltr'><strong>ille</strong></span> <span class='ocrx_word' id='word_1_425' title='bbox 2319 2198 2376 2237; x_wconf 89' lang='lat' dir='ltr'><strong>se</strong></span> <span class='ocrx_word' id='word_1_426' title='bbox 2427 2182 2686 2253; x_wconf 88' lang='lat' dir='ltr'><strong>populum</strong></span> <span class='ocrx_word' id='word_1_427' title='bbox 2722 2181 3098 2250; x_wconf 81' lang='lat' dir='ltr'><strong>pollicebatur.</strong></span> <span class='ocrx_word' id='word_1_428' title='bbox 3135 2181 3204 2233; x_wconf 85' lang='lat' dir='ltr'><strong>At</strong></span> <span class='ocrx_word' id='word_1_429' title='bbox 3262 2176 3358 2232; x_wconf 84' lang='lat' dir='ltr'><strong>ubi</strong></span> 
     </span>
    </p>
   </div>
   <div class='ocr_carea' id='block_1_62' title="bbox 1791 2271 3357 2342">
    <p class='ocr_par' dir='ltr' id='par_1_62' title="bbox 1791 2271 3357 2342">
     <span class='ocr_line' id='line_1_62' title="bbox 1791 2271 3357 2342; baseline -0.007 -10"><span class='ocrx_word' id='word_1_430' title='bbox 1791 2294 1823 2332; x_wconf 88' lang='lat' dir='ltr'><strong>e</strong></span> <span class='ocrx_word' id='word_1_431' title='bbox 1850 2278 2062 2330; x_wconf 87' lang='lat' dir='ltr'><strong>diverso</strong></span> <span class='ocrx_word' id='word_1_432' title='bbox 2085 2277 2246 2329; x_wconf 75' lang='lat' dir='ltr'><strong>finem</strong></span> <span class='ocrx_word' id='word_1_433' title='bbox 2277 2272 2546 2342; x_wconf 78' lang='lat' dir='ltr'><strong>aﬂligendi</strong></span> <span class='ocrx_word' id='word_1_434' title='bbox 2582 2271 2831 2333; x_wconf 82' lang='lat' dir='ltr'><strong>faciebat,</strong></span> <span class='ocrx_word' id='word_1_435' title='bbox 2869 2272 3191 2326; x_wconf 86' lang='lat' dir='ltr'><strong>obstinatior</strong></span> <span class='ocrx_word' id='word_1_436' title='bbox 3224 2285 3357 2326; x_wconf 78' lang='lat' dir='ltr'><strong>eva-</strong></span> 
     </span>
    </p>
   </div>
   <div class='ocr_carea' id='block_1_63' title="bbox 1793 2362 3363 2422">
    <p class='ocr_par' dir='ltr' id='par_1_63' title="bbox 1793 2362 3363 2422">
     <span class='ocr_line' id='line_1_63' title="bbox 1793 2362 3363 2422; baseline -0.001 0"><span class='ocrx_word' id='word_1_437' title='bbox 1793 2367 1973 2422; x_wconf 90' lang='lat' dir='ltr'><strong>debat.</strong></span> <span class='ocrx_word' id='word_1_438' title='bbox 2004 2365 2121 2420; x_wconf 84' lang='lat' dir='ltr'><strong>Iloc</strong></span> <span class='ocrx_word' id='word_1_439' title='bbox 2153 2365 2394 2419; x_wconf 90' lang='lat' dir='ltr'><strong>indicare</strong></span> <span class='ocrx_word' id='word_1_440' title='bbox 2421 2362 2665 2418; x_wconf 85' lang='lat' dir='ltr'><strong>volentes</strong></span> <span class='ocrx_word' id='word_1_441' title='bbox 2693 2362 2914 2417; x_wconf 62' lang='lat' dir='ltr'><strong>Littera</strong></span> <span class='ocrx_word' id='word_1_442' title='bbox 2963 2377 3134 2418; x_wconf 60' lang='lat' dir='ltr'><strong>sacrae</strong></span> <span class='ocrx_word' id='word_1_443' title='bbox 3183 2366 3363 2420; x_wconf 79' lang='lat' dir='ltr'><strong>verbis</strong></span> 
     </span>
    </p>
   </div>
   <div class='ocr_carea' id='block_1_64' title="bbox 1795 2453 3362 2527">
    <p class='ocr_par' dir='ltr' id='par_1_64' title="bbox 1795 2453 3362 2527">
     <span class='ocr_line' id='line_1_64' title="bbox 1795 2453 3362 2527; baseline -0.003 -15"><span class='ocrx_word' id='word_1_444' title='bbox 1795 2456 2105 2527; x_wconf 86' lang='lat' dir='ltr'><strong>huiusmodi</strong></span> <span class='ocrx_word' id='word_1_445' title='bbox 2142 2467 2270 2510; x_wconf 89' lang='lat' dir='ltr'><strong>sunt</strong></span> <span class='ocrx_word' id='word_1_446' title='bbox 2326 2470 2475 2510; x_wconf 61' lang='lat' dir='ltr'><strong>usae:</strong></span> <span class='ocrx_word' id='word_1_447' title='bbox 2515 2472 2534 2505; x_wconf 83' lang='grc' dir='ltr'><strong>ι</strong></span> <span class='ocrx_word' id='word_1_448' title='bbox 2594 2453 2732 2508; x_wconf 90' lang='lat' dir='ltr'><strong>Cum</strong></span> <span class='ocrx_word' id='word_1_449' title='bbox 2773 2453 2986 2508; x_wconf 90' lang='lat' dir='ltr'><strong>Pharao</strong></span> <span class='ocrx_word' id='word_1_450' title='bbox 3038 2469 3098 2509; x_wconf 89' lang='lat' dir='ltr'><strong>se</strong></span> <span class='ocrx_word' id='word_1_451' title='bbox 3131 2461 3280 2508; x_wconf 92' lang='lat' dir='ltr'><strong>tanto</strong></span> <span class='ocrx_word' id='word_1_452' title='bbox 3332 2469 3362 2507; x_wconf 89' lang='lat' dir='ltr'><strong>e</strong></span> 
     </span>
    </p>
   </div>
   <div class='ocr_carea' id='block_1_65' title="bbox 1795 2545 3362 2619">
    <p class='ocr_par' dir='ltr' id='par_1_65' title="bbox 1795 2545 3362 2619">
     <span class='ocr_line' id='line_1_65' title="bbox 1795 2545 3362 2619; baseline -0.004 -13"><span class='ocrx_word' id='word_1_453' title='bbox 1795 2551 1935 2606; x_wconf 88' lang='lat' dir='ltr'><strong>malo</strong></span> <span class='ocrx_word' id='word_1_454' title='bbox 1989 2550 2283 2619; x_wconf 83' lang='lat' dir='ltr'><strong>respirasse</strong></span> <span class='ocrx_word' id='word_1_455' title='bbox 2332 2556 2618 2611; x_wconf 81' lang='lat' dir='ltr'><strong>cerneret,</strong></span> <span class='ocrx_word' id='word_1_456' title='bbox 2679 2545 2732 2600; x_wconf 89' lang='lat' dir='ltr'><strong>in</strong></span> <span class='ocrx_word' id='word_1_457' title='bbox 2768 2546 3149 2601; x_wconf 80' lang='lat' dir='ltr'><strong>obﬁrmatione</strong></span> <span class='ocrx_word' id='word_1_458' title='bbox 3198 2546 3362 2617; x_wconf 76' lang='lat' dir='ltr'><strong>animi</strong></span> 
     </span>
    </p>
   </div>
   <div class='ocr_carea' id='block_1_66' title="bbox 1794 2637 3364 2713">
    <p class='ocr_par' dir='ltr' id='par_1_66' title="bbox 1794 2637 3364 2713">
     <span class='ocr_line' id='line_1_66' title="bbox 1794 2637 3364 2713; baseline -0.004 -17"><span class='ocrx_word' id='word_1_459' title='bbox 1794 2643 2026 2713; x_wconf 85' lang='lat' dir='ltr'><strong>pristina</strong></span> <span class='ocrx_word' id='word_1_460' title='bbox 2086 2641 2350 2711; x_wconf 89' lang='lat' dir='ltr'><strong>perstitit,</strong></span> <span class='ocrx_word' id='word_1_461' title='bbox 2386 2654 2490 2694; x_wconf 90' lang='lat' dir='ltr'><strong>nec</strong></span> <span class='ocrx_word' id='word_1_462' title='bbox 2539 2637 2743 2693; x_wconf 86' lang='lat' dir='ltr'><strong>Aaroni</strong></span> <span class='ocrx_word' id='word_1_463' title='bbox 2796 2638 3038 2708; x_wconf 86' lang='lat' dir='ltr'><strong>Mosique</strong></span> <span class='ocrx_word' id='word_1_464' title='bbox 3095 2640 3294 2708; x_wconf 87' lang='lat' dir='ltr'><strong>paruit.</strong></span> <span class='ocrx_word' id='word_1_465' title='bbox 3340 2657 3364 2689; x_wconf 78' lang='grc' dir='ltr'>ι</span> 
     </span>
    </p>
   </div>
   <div class='ocr_carea' id='block_1_67' title="bbox 1795 2731 3360 2802">
    <p class='ocr_par' dir='ltr' id='par_1_67' title="bbox 1795 2731 3360 2802">
     <span class='ocr_line' id='line_1_67' title="bbox 1795 2731 3360 2802; baseline -0.003 -14"><span class='ocrx_word' id='word_1_466' title='bbox 1795 2735 1936 2802; x_wconf 85' lang='lat' dir='ltr'><strong>Quin</strong></span> <span class='ocrx_word' id='word_1_467' title='bbox 1989 2735 2152 2789; x_wconf 89' lang='lat' dir='ltr'><strong>etiam</strong></span> <span class='ocrx_word' id='word_1_468' title='bbox 2203 2749 2327 2788; x_wconf 89' lang='lat' dir='ltr'><strong>cum</strong></span> <span class='ocrx_word' id='word_1_469' title='bbox 2389 2733 2557 2786; x_wconf 91' lang='lat' dir='ltr'><strong>Deum</strong></span> <span class='ocrx_word' id='word_1_470' title='bbox 2618 2731 2795 2800; x_wconf 90' lang='lat' dir='ltr'><strong>ipsum</strong></span> <span class='ocrx_word' id='word_1_471' title='bbox 2849 2731 3116 2786; x_wconf 81' lang='lat' dir='ltr'><strong>dicentem</strong></span> <span class='ocrx_word' id='word_1_472' title='bbox 3173 2731 3360 2785; x_wconf 84' lang='lat' dir='ltr'><strong>audis:</strong></span> 
     </span>
    </p>
   </div>
   <div class='ocr_carea' id='block_1_68' title="bbox 1803 2825 3365 2893">
    <p class='ocr_par' dir='ltr' id='par_1_68' title="bbox 1803 2825 3365 2893">
     <span class='ocr_line' id='line_1_68' title="bbox 1803 2825 3365 2893; baseline -0.002 -13"><span class='ocrx_word' id='word_1_473' title='bbox 1803 2847 1822 2880; x_wconf 82' lang='grc' dir='ltr'><strong>ι</strong></span> <span class='ocrx_word' id='word_1_474' title='bbox 1868 2827 2110 2882; x_wconf 74' lang='lat' dir='ltr'><strong>Exeitavi</strong></span> <span class='ocrx_word' id='word_1_475' title='bbox 2148 2835 2198 2881; x_wconf 92' lang='lat' dir='ltr'><strong>te</strong></span> <span class='ocrx_word' id='word_1_476' title='bbox 2232 2826 2376 2879; x_wconf 91' lang='lat' dir='ltr'><strong>illam</strong></span> <span class='ocrx_word' id='word_1_477' title='bbox 2410 2825 2580 2893; x_wconf 88' lang='lat' dir='ltr'><strong>ipsam</strong></span> <span class='ocrx_word' id='word_1_478' title='bbox 2613 2825 2682 2879; x_wconf 93' lang='lat' dir='ltr'><strong>ob</strong></span> <span class='ocrx_word' id='word_1_479' title='bbox 2721 2838 2965 2890; x_wconf 87' lang='lat' dir='ltr'><strong>causam,</strong></span> <span class='ocrx_word' id='word_1_480' title='bbox 3017 2832 3073 2877; x_wconf 92' lang='lat' dir='ltr'><strong>ut</strong></span> <span class='ocrx_word' id='word_1_481' title='bbox 3129 2833 3365 2893; x_wconf 87' lang='lat' dir='ltr'><strong>potesta-</strong></span> 
     </span>
    </p>
   </div>
   <div class='ocr_carea' id='block_1_69' title="bbox 1799 2909 3363 2990">
    <p class='ocr_par' dir='ltr' id='par_1_69' title="bbox 1799 2909 3363 2990">
     <span class='ocr_line' id='line_1_69' title="bbox 1799 2909 3363 2990; baseline -0.001 -18"><span class='ocrx_word' id='word_1_482' title='bbox 1799 2929 1904 2974; x_wconf 90' lang='lat' dir='ltr'><strong>tem</strong></span> <span class='ocrx_word' id='word_1_483' title='bbox 1943 2919 1997 2972; x_wconf 89' lang='lat' dir='ltr'><strong>in</strong></span> <span class='ocrx_word' id='word_1_484' title='bbox 2033 2927 2084 2973; x_wconf 90' lang='lat' dir='ltr'><strong>te</strong></span> <span class='ocrx_word' id='word_1_485' title='bbox 2135 2933 2310 2972; x_wconf 89' lang='lat' dir='ltr'><strong>meam</strong></span> <span class='ocrx_word' id='word_1_486' title='bbox 2345 2917 2614 2971; x_wconf 88' lang='lat' dir='ltr'><strong>declarem</strong></span> <span class='ocrx_word' id='word_1_487' title='bbox 2657 2932 2756 2990; x_wconf 81' lang='lat' dir='ltr'><strong>per</strong></span> <span class='ocrx_word' id='word_1_488' title='bbox 2805 2909 3121 2971; x_wconf 78' lang='lat' dir='ltr'><strong>universum</strong></span> <span class='ocrx_word' id='word_1_489' title='bbox 3177 2917 3363 2970; x_wconf 89' lang='lat' dir='ltr'><strong>orbem</strong></span> 
     </span>
    </p>
   </div>
   <div class='ocr_carea' id='block_1_70' title="bbox 1800 3008 3365 3076">
    <p class='ocr_par' dir='ltr' id='par_1_70' title="bbox 1800 3008 3365 3076">
     <span class='ocr_line' id='line_1_70' title="bbox 1800 3008 3365 3076; baseline -0.003 -10"><span class='ocrx_word' id='word_1_490' title='bbox 1800 3022 2090 3068; x_wconf 85' lang='lat' dir='ltr'><strong>terrarum.</strong></span> <span class='ocrx_word' id='word_1_491' title='bbox 2133 3028 2151 3060; x_wconf 76' lang='grc' dir='ltr'><strong>ι</strong></span> <span class='ocrx_word' id='word_1_492' title='bbox 2215 3008 2320 3062; x_wconf 91' lang='lat' dir='ltr'><strong>noli</strong></span> <span class='ocrx_word' id='word_1_493' title='bbox 2354 3009 2537 3062; x_wconf 89' lang='lat' dir='ltr'><strong>animo</strong></span> <span class='ocrx_word' id='word_1_494' title='bbox 2580 3008 2801 3076; x_wconf 91' lang='lat' dir='ltr'><strong>ancipiti</strong></span> <span class='ocrx_word' id='word_1_495' title='bbox 2850 3024 2914 3064; x_wconf 86' lang='lat' dir='ltr'><strong>ac</strong></span> <span class='ocrx_word' id='word_1_496' title='bbox 2966 3008 3250 3062; x_wconf 82' lang='lat' dir='ltr'><strong>dubitante</strong></span> <span class='ocrx_word' id='word_1_497' title='bbox 3285 3009 3365 3062; x_wconf 91' lang='lat' dir='ltr'><strong>di-</strong></span> 
     </span>
    </p>
   </div>
   <div class='ocr_carea' id='block_1_71' title="bbox 1747 3099 3426 3176">
    <p class='ocr_par' dir='ltr' id='par_1_71' title="bbox 1747 3099 3426 3176">
     <span class='ocr_line' id='line_1_71' title="bbox 1747 3099 3426 3176; baseline -0.002 -19"><span class='ocrx_word' id='word_1_498' title='bbox 1747 3139 1750 3144; x_wconf 91' lang='lat'><strong>-</strong></span> <span class='ocrx_word' id='word_1_499' title='bbox 1803 3118 1964 3157; x_wconf 88' lang='lat' dir='ltr'><strong>cere:</strong></span> <span class='ocrx_word' id='word_1_500' title='bbox 1996 3101 2143 3154; x_wconf 84' lang='lat' dir='ltr'><strong>Itane</strong></span> <span class='ocrx_word' id='word_1_501' title='bbox 2176 3109 2460 3168; x_wconf 84' lang='lat' dir='ltr'><strong>propterea</strong></span> <span class='ocrx_word' id='word_1_502' title='bbox 2501 3099 2660 3168; x_wconf 91' lang='lat' dir='ltr'><strong>punis</strong></span> <span class='ocrx_word' id='word_1_503' title='bbox 2694 3099 2992 3163; x_wconf 87' lang='lat' dir='ltr'><strong>hominem,</strong></span> <span class='ocrx_word' id='word_1_504' title='bbox 3029 3108 3088 3153; x_wconf 92' lang='lat' dir='ltr'><strong>ut</strong></span> <span class='ocrx_word' id='word_1_505' title='bbox 3130 3109 3367 3176; x_wconf 82' lang='lat' dir='ltr'><strong>potesta-</strong></span> <span class='ocrx_word' id='word_1_506' title='bbox 3424 3142 3426 3145; x_wconf 84' lang='lat'><strong>.</strong></span> 
     </span>
    </p>
   </div>
   <div class='ocr_carea' id='block_1_72' title="bbox 1805 3189 3368 3252">
    <p class='ocr_par' dir='ltr' id='par_1_72' title="bbox 1805 3189 3368 3252">
     <span class='ocr_line' id='line_1_72' title="bbox 1805 3189 3368 3252; baseline -0.003 -4"><span class='ocrx_word' id='word_1_507' title='bbox 1805 3203 1912 3248; x_wconf 84' lang='lat' dir='ltr'><strong>tem</strong></span> <span class='ocrx_word' id='word_1_508' title='bbox 1942 3202 2084 3246; x_wconf 90' lang='lat' dir='ltr'><strong>tuam</strong></span> <span class='ocrx_word' id='word_1_509' title='bbox 2122 3201 2367 3246; x_wconf 89' lang='lat' dir='ltr'><strong>testalam</strong></span> <span class='ocrx_word' id='word_1_510' title='bbox 2403 3190 2604 3244; x_wconf 79' lang='lat' dir='ltr'><strong>facias?</strong></span> <span class='ocrx_word' id='word_1_511' title='bbox 2640 3189 2840 3242; x_wconf 81' lang='lat' dir='ltr'><strong>(liniue</strong></span> <span class='ocrx_word' id='word_1_512' title='bbox 2889 3191 3038 3250; x_wconf 79' lang='lat' dir='ltr'><strong>ista-c</strong></span> <span class='ocrx_word' id='word_1_513' title='bbox 3085 3191 3270 3252; x_wconf 86' lang='lat' dir='ltr'><strong>verba,</strong></span> <span class='ocrx_word' id='word_1_514' title='bbox 3312 3203 3368 3244; x_wconf 88' lang='lat' dir='ltr'><strong>et</strong></span> 
     </span>
    </p>
   </div>
   <div class='ocr_carea' id='block_1_73' title="bbox 1805 3281 3364 3354">
    <p class='ocr_par' dir='ltr' id='par_1_73' title="bbox 1805 3281 3364 3354">
     <span class='ocr_line' id='line_1_73' title="bbox 1805 3281 3364 3354; baseline -0.003 -13"><span class='ocrx_word' id='word_1_515' title='bbox 1805 3287 1935 3341; x_wconf 85' lang='lat' dir='ltr'><strong>huic</strong></span> <span class='ocrx_word' id='word_1_516' title='bbox 1965 3285 2210 3354; x_wconf 78' lang='lat' dir='ltr'><strong>exemplo</strong></span> <span class='ocrx_word' id='word_1_517' title='bbox 2262 3284 2501 3337; x_wconf 88' lang='lat' dir='ltr'><strong>animum</strong></span> <span class='ocrx_word' id='word_1_518' title='bbox 2551 3282 2793 3338; x_wconf 79' lang='lat' dir='ltr'><strong>adverte.</strong></span> <span class='ocrx_word' id='word_1_519' title='bbox 2845 3281 2948 3336; x_wconf 80' lang='lat' dir='ltr'><strong>Ars</strong></span> <span class='ocrx_word' id='word_1_520' title='bbox 2993 3284 3198 3337; x_wconf 83' lang='lat' dir='ltr'><strong>medica</strong></span> <span class='ocrx_word' id='word_1_521' title='bbox 3228 3299 3364 3338; x_wconf 87' lang='lat' dir='ltr'><strong>non-</strong></span> 
     </span>
    </p>
   </div>
   <div class='ocr_carea' id='block_1_74' title="bbox 1807 3369 3367 3442">
    <p class='ocr_par' dir='ltr' id='par_1_74' title="bbox 1807 3369 3367 3442">
     <span class='ocr_line' id='line_1_74' title="bbox 1807 3369 3367 3442; baseline -0.003 -12"><span class='ocrx_word' id='word_1_522' title='bbox 1807 3375 1944 3430; x_wconf 89' lang='lat' dir='ltr'><strong>nihil</strong></span> <span class='ocrx_word' id='word_1_523' title='bbox 2004 3369 2282 3428; x_wconf 85' lang='lat' dir='ltr'><strong>hominum</strong></span> <span class='ocrx_word' id='word_1_524' title='bbox 2343 3382 2550 3428; x_wconf 75' lang='lat' dir='ltr'><strong>uatura:</strong></span> <span class='ocrx_word' id='word_1_525' title='bbox 2609 3372 2858 3425; x_wconf 86' lang='lat' dir='ltr'><strong>utilitatis</strong></span> <span class='ocrx_word' id='word_1_526' title='bbox 2909 3372 3104 3426; x_wconf 80' lang='lat' dir='ltr'><strong>achrrc</strong></span> <span class='ocrx_word' id='word_1_527' title='bbox 3171 3389 3367 3442; x_wconf 86' lang='lat' dir='ltr'><strong>magno</strong></span> 
     </span>
    </p>
   </div>
   <div class='ocr_carea' id='block_1_75' title="bbox 1803 3462 3366 3539">
    <p class='ocr_par' dir='ltr' id='par_1_75' title="bbox 1803 3462 3366 3539">
     <span class='ocr_line' id='line_1_75' title="bbox 1803 3462 3366 3539; baseline -0.003 -18"><span class='ocrx_word' id='word_1_528' title='bbox 1803 3467 1981 3522; x_wconf 89' lang='lat' dir='ltr'><strong>studio</strong></span> <span class='ocrx_word' id='word_1_529' title='bbox 2009 3466 2194 3520; x_wconf 87' lang='lat' dir='ltr'><strong>volens</strong></span> <span class='ocrx_word' id='word_1_530' title='bbox 2227 3466 2393 3539; x_wconf 84' lang='lat' dir='ltr'><strong>vivos</strong></span> <span class='ocrx_word' id='word_1_531' title='bbox 2449 3463 2698 3519; x_wconf 86' lang='lat' dir='ltr'><strong>homines</strong></span> <span class='ocrx_word' id='word_1_532' title='bbox 2733 3471 2920 3518; x_wconf 82' lang='lat' dir='ltr'><strong>secare</strong></span> <span class='ocrx_word' id='word_1_533' title='bbox 2956 3463 3210 3518; x_wconf 88' lang='lat' dir='ltr'><strong>instituit.</strong></span> <span class='ocrx_word' id='word_1_534' title='bbox 3259 3462 3366 3518; x_wconf 77' lang='lat' dir='ltr'><strong>Ve-</strong></span> 
     </span>
    </p>
   </div>
   <div class='ocr_carea' id='block_1_76' title="bbox 1802 3557 3372 3626">
    <p class='ocr_par' dir='ltr' id='par_1_76' title="bbox 1802 3557 3372 3626">
     <span class='ocr_line' id='line_1_76' title="bbox 1802 3557 3372 3626; baseline -0.003 -14"><span class='ocrx_word' id='word_1_535' title='bbox 1802 3565 1922 3612; x_wconf 70' lang='lat' dir='ltr'><strong>rum</strong></span> <span class='ocrx_word' id='word_1_536' title='bbox 1948 3559 2228 3612; x_wconf 88' lang='lat' dir='ltr'><strong>enimvero</strong></span> <span class='ocrx_word' id='word_1_537' title='bbox 2252 3558 2594 3626; x_wconf 87' lang='lat' dir='ltr'><strong>periniquum</strong></span> <span class='ocrx_word' id='word_1_538' title='bbox 2627 3564 2681 3610; x_wconf 91' lang='lat' dir='ltr'><strong>et</strong></span> <span class='ocrx_word' id='word_1_539' title='bbox 2713 3557 3071 3611; x_wconf 88' lang='lat' dir='ltr'><strong>inhumanum</strong></span> <span class='ocrx_word' id='word_1_540' title='bbox 3097 3567 3217 3611; x_wconf 87' lang='lat' dir='ltr'><strong>erat</strong></span> <span class='ocrx_word' id='word_1_541' title='bbox 3237 3558 3372 3611; x_wconf 87' lang='lat' dir='ltr'><strong>alio-</strong></span> 
     </span>
    </p>
   </div>
   <div class='ocr_carea' id='block_1_77' title="bbox 1804 3647 3370 3718">
    <p class='ocr_par' dir='ltr' id='par_1_77' title="bbox 1804 3647 3370 3718">
     <span class='ocr_line' id='line_1_77' title="bbox 1804 3647 3370 3718; baseline -0.003 -15"><span class='ocrx_word' id='word_1_542' title='bbox 1804 3666 1922 3703; x_wconf 88' lang='lat' dir='ltr'><strong>rum</strong></span> <span class='ocrx_word' id='word_1_543' title='bbox 1957 3649 2150 3704; x_wconf 87' lang='lat' dir='ltr'><strong>salutis</strong></span> <span class='ocrx_word' id='word_1_544' title='bbox 2175 3664 2335 3702; x_wconf 89' lang='lat' dir='ltr'><strong>causa</strong></span> <span class='ocrx_word' id='word_1_545' title='bbox 2377 3647 2531 3701; x_wconf 88' lang='lat' dir='ltr'><strong>vivos</strong></span> <span class='ocrx_word' id='word_1_546' title='bbox 2559 3647 2696 3700; x_wconf 88' lang='lat' dir='ltr'><strong>alios</strong></span> <span class='ocrx_word' id='word_1_547' title='bbox 2731 3649 2983 3701; x_wconf 80' lang='lat' dir='ltr'><strong>mactari.</strong></span> <span class='ocrx_word' id='word_1_548' title='bbox 3013 3649 3152 3714; x_wconf 85' lang='lat' dir='ltr'><strong>Quid</strong></span> <span class='ocrx_word' id='word_1_549' title='bbox 3207 3649 3370 3718; x_wconf 83' lang='lat' dir='ltr'><strong>igitur</strong></span> 
     </span>
    </p>
   </div>
   <div class='ocr_carea' id='block_1_78' title="bbox 1804 3740 3379 3809">
    <p class='ocr_par' dir='ltr' id='par_1_78' title="bbox 1804 3740 3379 3809">
     <span class='ocr_line' id='line_1_78' title="bbox 1804 3740 3379 3809; baseline -0.002 -13"><span class='ocrx_word' id='word_1_550' title='bbox 1804 3743 2051 3796; x_wconf 83' lang='lat' dir='ltr'><strong>homines</strong></span> <span class='ocrx_word' id='word_1_551' title='bbox 2075 3742 2149 3794; x_wconf 89' lang='lat' dir='ltr'><strong>illi</strong></span> <span class='ocrx_word' id='word_1_552' title='bbox 2183 3741 2344 3809; x_wconf 86' lang='lat' dir='ltr'><strong>prisci</strong></span> <span class='ocrx_word' id='word_1_553' title='bbox 2373 3741 2588 3794; x_wconf 87' lang='lat' dir='ltr'><strong>tandem</strong></span> <span class='ocrx_word' id='word_1_554' title='bbox 2617 3740 2902 3794; x_wconf 79' lang='lat' dir='ltr'><strong>fecerunt?</strong></span> <span class='ocrx_word' id='word_1_555' title='bbox 2929 3741 3196 3794; x_wconf 80' lang='lat' dir='ltr'><strong>Nimirum</strong></span> <span class='ocrx_word' id='word_1_556' title='bbox 3220 3755 3379 3793; x_wconf 49' lang='lat' dir='ltr'><strong>sun».</strong></span> 
     </span>
    </p>
   </div>
   <div class='ocr_carea' id='block_1_79' title="bbox 1805 3825 3377 3903">
    <p class='ocr_par' dir='ltr' id='par_1_79' title="bbox 1805 3825 3377 3903">
     <span class='ocr_line' id='line_1_79' title="bbox 1805 3825 3377 3903; baseline -0.002 -17"><span class='ocrx_word' id='word_1_557' title='bbox 1805 3833 1907 3903; x_wconf 91' lang='lat' dir='ltr'><strong>ptis</strong></span> <span class='ocrx_word' id='word_1_558' title='bbox 1941 3834 2006 3886; x_wconf 88' lang='lat' dir='ltr'><strong>iis</strong></span> <span class='ocrx_word' id='word_1_559' title='bbox 2028 3833 2118 3902; x_wconf 87' lang='lat' dir='ltr'><strong>qui</strong></span> <span class='ocrx_word' id='word_1_560' title='bbox 2146 3831 2228 3886; x_wconf 81' lang='lat' dir='ltr'><strong>vel</strong></span> <span class='ocrx_word' id='word_1_561' title='bbox 2256 3833 2391 3886; x_wconf 82' lang='lat' dir='ltr'><strong>alios</strong></span> <span class='ocrx_word' id='word_1_562' title='bbox 2419 3832 2710 3900; x_wconf 69' lang='lat' dir='ltr'><strong>dcpraedati</strong></span> <span class='ocrx_word' id='word_1_563' title='bbox 2755 3825 2981 3885; x_wconf 80' lang='lat' dir='ltr'><strong>fuissent</strong></span> <span class='ocrx_word' id='word_1_564' title='bbox 3024 3831 3109 3885; x_wconf 79' lang='lat' dir='ltr'><strong>vel</strong></span> <span class='ocrx_word' id='word_1_565' title='bbox 3158 3845 3377 3884; x_wconf 67' lang='lat' dir='ltr'><strong>vena-no</strong></span> 
     </span>
    </p>
   </div>
   <div class='ocr_carea' id='block_1_80' title="bbox 1805 3919 3374 3990">
    <p class='ocr_par' dir='ltr' id='par_1_80' title="bbox 1805 3919 3374 3990">
     <span class='ocr_line' id='line_1_80' title="bbox 1805 3919 3374 3990; baseline -0.003 -14"><span class='ocrx_word' id='word_1_566' title='bbox 1805 3923 2174 3985; x_wconf 82' lang='lat' dir='ltr'><strong>sustulissent,</strong></span> <span class='ocrx_word' id='word_1_567' title='bbox 2201 3936 2263 3976; x_wconf 89' lang='lat' dir='ltr'><strong>ac</strong></span> <span class='ocrx_word' id='word_1_568' title='bbox 2295 3933 2578 3990; x_wconf 85' lang='lat' dir='ltr'><strong>propterea</strong></span> <span class='ocrx_word' id='word_1_569' title='bbox 2623 3920 2967 3974; x_wconf 78' lang='lat' dir='ltr'><strong>condemnati</strong></span> <span class='ocrx_word' id='word_1_570' title='bbox 3020 3919 3085 3973; x_wconf 87' lang='lat' dir='ltr'><strong>ad</strong></span> <span class='ocrx_word' id='word_1_571' title='bbox 3142 3927 3374 3973; x_wconf 83' lang='lat' dir='ltr'><strong>mortem</strong></span> 
     </span>
    </p>
   </div>
   <div class='ocr_carea' id='block_1_81' title="bbox 1806 4010 3374 4080">
    <p class='ocr_par' dir='ltr' id='par_1_81' title="bbox 1806 4010 3374 4080">
     <span class='ocr_line' id='line_1_81' title="bbox 1806 4010 3374 4080; baseline -0.003 -12"><span class='ocrx_word' id='word_1_572' title='bbox 1806 4023 2009 4080; x_wconf 89' lang='lat' dir='ltr'><strong>essent,</strong></span> <span class='ocrx_word' id='word_1_573' title='bbox 2042 4015 2192 4068; x_wconf 79' lang='lat' dir='ltr'><strong>vivos</strong></span> <span class='ocrx_word' id='word_1_574' title='bbox 2246 4015 2522 4069; x_wconf 87' lang='lat' dir='ltr'><strong>secabant.</strong></span> <span class='ocrx_word' id='word_1_575' title='bbox 2563 4010 2673 4066; x_wconf 89' lang='lat' dir='ltr'><strong>Iloc</strong></span> <span class='ocrx_word' id='word_1_576' title='bbox 2704 4012 2863 4066; x_wconf 88' lang='lat' dir='ltr'><strong>modo</strong></span> <span class='ocrx_word' id='word_1_577' title='bbox 2895 4011 3056 4064; x_wconf 87' lang='lat' dir='ltr'><strong>liebat</strong></span> <span class='ocrx_word' id='word_1_578' title='bbox 3105 4019 3164 4064; x_wconf 93' lang='lat' dir='ltr'><strong>ut</strong></span> <span class='ocrx_word' id='word_1_579' title='bbox 3198 4024 3374 4079; x_wconf 78' lang='lat' dir='ltr'><strong>neque</strong></span> 
     </span>
    </p>
   </div>
   <div class='ocr_carea' id='block_1_82' title="bbox 161 4084 3374 4180">
    <p class='ocr_par' dir='ltr' id='par_1_82' title="bbox 161 4084 3374 4180">
     <span class='ocr_line' id='line_1_82' title="bbox 161 4084 3374 4180; baseline 0.003 -34"><span class='ocrx_word' id='word_1_580' title='bbox 161 4084 408 4163; x_wconf 77' lang='lat' dir='ltr'><strong>puniendo</strong></span> <span class='ocrx_word' id='word_1_581' title='bbox 444 4103 657 4158; x_wconf 89' lang='lat' dir='ltr'><strong>homini</strong></span> <span class='ocrx_word' id='word_1_582' title='bbox 685 4105 926 4162; x_wconf 77' lang='lat' dir='ltr'><strong>facerent</strong></span> <span class='ocrx_word' id='word_1_583' title='bbox 955 4107 1214 4176; x_wconf 86' lang='lat' dir='ltr'><strong>iniuriam</strong></span> <span class='ocrx_word' id='word_1_584' title='bbox 1279 4117 1334 4164; x_wconf 91' lang='lat' dir='ltr'><strong>et</strong></span> <span class='ocrx_word' id='word_1_585' title='bbox 1391 4120 1598 4164; x_wconf 75' lang='lat' dir='ltr'><strong>natura:</strong></span> <span class='ocrx_word' id='word_1_586' title='bbox 1663 4110 1972 4164; x_wconf 89' lang='lat' dir='ltr'><strong>mortalium</strong></span> <span class='ocrx_word' id='word_1_587' title='bbox 2029 4108 2230 4179; x_wconf 89' lang='lat' dir='ltr'><strong>aliquid</strong></span> <span class='ocrx_word' id='word_1_588' title='bbox 2267 4108 2566 4180; x_wconf 88' lang='lat' dir='ltr'><strong>adiumenti</strong></span> <span class='ocrx_word' id='word_1_589' title='bbox 2598 4107 2923 4177; x_wconf 89' lang='lat' dir='ltr'><strong>reperirent.</strong></span> <span class='ocrx_word' id='word_1_590' title='bbox 2966 4105 3154 4174; x_wconf 85' lang='lat' dir='ltr'><strong>Itaque</strong></span> <span class='ocrx_word' id='word_1_591' title='bbox 3195 4105 3374 4158; x_wconf 87' lang='lat' dir='ltr'><strong>vivum</strong></span> 
     </span>
    </p>
   </div>
   <div class='ocr_carea' id='block_1_83' title="bbox 160 4189 3376 4268">
    <p class='ocr_par' dir='ltr' id='par_1_83' title="bbox 160 4189 3376 4268">
     <span class='ocr_line' id='line_1_83' title="bbox 160 4189 3376 4268; baseline 0.002 -22"><span class='ocrx_word' id='word_1_592' title='bbox 160 4191 368 4263; x_wconf 86' lang='lat' dir='ltr'><strong>aliquem</strong></span> <span class='ocrx_word' id='word_1_593' title='bbox 436 4199 634 4256; x_wconf 84' lang='lat' dir='ltr'><strong>talem,</strong></span> <span class='ocrx_word' id='word_1_594' title='bbox 670 4203 960 4267; x_wconf 85' lang='lat' dir='ltr'><strong>secabant,</strong></span> <span class='ocrx_word' id='word_1_595' title='bbox 1012 4213 1070 4256; x_wconf 89' lang='lat' dir='ltr'><strong>ut</strong></span> <span class='ocrx_word' id='word_1_596' title='bbox 1113 4203 1411 4258; x_wconf 61' lang='lat' dir='ltr'><strong>visceribus</strong></span> <span class='ocrx_word' id='word_1_597' title='bbox 1480 4205 1659 4259; x_wconf 88' lang='lat' dir='ltr'><strong>adhuc</strong></span> <span class='ocrx_word' id='word_1_598' title='bbox 1691 4189 1898 4258; x_wconf 80' lang='lat' dir='ltr'><strong>motum</strong></span> <span class='ocrx_word' id='word_1_599' title='bbox 1949 4220 2104 4258; x_wconf 89' lang='lat' dir='ltr'><strong>suum</strong></span> <span class='ocrx_word' id='word_1_600' title='bbox 2173 4205 2534 4260; x_wconf 86' lang='lat' dir='ltr'><strong>retinentibus</strong></span> <span class='ocrx_word' id='word_1_601' title='bbox 2580 4219 2769 4259; x_wconf 91' lang='lat' dir='ltr'><strong>eorum</strong></span> <span class='ocrx_word' id='word_1_602' title='bbox 2812 4200 3126 4257; x_wconf 84' lang='lat' dir='ltr'><strong>ell‘ectiones</strong></span> <span class='ocrx_word' id='word_1_603' title='bbox 3174 4213 3376 4268; x_wconf 85' lang='lat' dir='ltr'><strong>cogno-</strong></span> 
     </span>
    </p>
   </div>
   <div class='ocr_carea' id='block_1_84' title="bbox 163 4283 3378 4367">
    <p class='ocr_par' dir='ltr' id='par_1_84' title="bbox 163 4283 3378 4367">
     <span class='ocr_line' id='line_1_84' title="bbox 163 4283 3378 4367; baseline 0.001 -26"><span class='ocrx_word' id='word_1_604' title='bbox 163 4303 371 4347; x_wconf 80' lang='lat' dir='ltr'><strong>scerent.</strong></span> <span class='ocrx_word' id='word_1_605' title='bbox 409 4293 613 4351; x_wconf 85' lang='lat' dir='ltr'><strong>Eodem</strong></span> <span class='ocrx_word' id='word_1_606' title='bbox 653 4305 810 4364; x_wconf 86' lang='lat' dir='ltr'><strong>pacto</strong></span> <span class='ocrx_word' id='word_1_607' title='bbox 872 4295 1016 4350; x_wconf 90' lang='lat' dir='ltr'><strong>Deus</strong></span> <span class='ocrx_word' id='word_1_608' title='bbox 1053 4297 1248 4352; x_wconf 78' lang='lat' dir='ltr'><strong>artifex</strong></span> <span class='ocrx_word' id='word_1_609' title='bbox 1311 4298 1400 4352; x_wconf 90' lang='lat' dir='ltr'><strong>ille</strong></span> <span class='ocrx_word' id='word_1_610' title='bbox 1472 4299 1955 4367; x_wconf 64' lang='lat' dir='ltr'><strong>prtestantissimus</strong></span> <span class='ocrx_word' id='word_1_611' title='bbox 1992 4300 2048 4352; x_wconf 92' lang='lat' dir='ltr'><strong>in</strong></span> <span class='ocrx_word' id='word_1_612' title='bbox 2113 4298 2399 4354; x_wconf 86' lang='lat' dir='ltr'><strong>Pharaone</strong></span> <span class='ocrx_word' id='word_1_613' title='bbox 2447 4283 2820 4352; x_wconf 81' lang='lat' dir='ltr'><strong>insanabiliter</strong></span> <span class='ocrx_word' id='word_1_614' title='bbox 2871 4296 3221 4363; x_wconf 85' lang='lat' dir='ltr'><strong>delinquente</strong></span> <span class='ocrx_word' id='word_1_615' title='bbox 3256 4308 3378 4359; x_wconf 71' lang='lat' dir='ltr'><strong>pro~</strong></span> 
     </span>
    </p>
   </div>
   <div class='ocr_carea' id='block_1_85' title="bbox 161 4383 3379 4462">
    <p class='ocr_par' dir='ltr' id='par_1_85' title="bbox 161 4383 3379 4462">
     <span class='ocr_line' id='line_1_85' title="bbox 161 4383 3379 4462; baseline -0.001 -20"><span class='ocrx_word' id='word_1_616' title='bbox 161 4383 286 4454; x_wconf 84' lang='lat' dir='ltr'><strong>digia</strong></span> <span class='ocrx_word' id='word_1_617' title='bbox 315 4392 562 4458; x_wconf 71' lang='lat' dir='ltr'><strong>quaedam</strong></span> <span class='ocrx_word' id='word_1_618' title='bbox 611 4391 849 4459; x_wconf 89' lang='lat' dir='ltr'><strong>ingentia</strong></span> <span class='ocrx_word' id='word_1_619' title='bbox 878 4393 1011 4458; x_wconf 90' lang='lat' dir='ltr'><strong>edit,</strong></span> <span class='ocrx_word' id='word_1_620' title='bbox 1064 4402 1172 4445; x_wconf 92' lang='lat' dir='ltr'><strong>tum</strong></span> <span class='ocrx_word' id='word_1_621' title='bbox 1224 4401 1284 4446; x_wconf 89' lang='lat' dir='ltr'><strong>ut</strong></span> <span class='ocrx_word' id='word_1_622' title='bbox 1342 4394 1516 4460; x_wconf 89' lang='lat' dir='ltr'><strong>ipsum</strong></span> <span class='ocrx_word' id='word_1_623' title='bbox 1586 4408 1776 4462; x_wconf 71' lang='lat' dir='ltr'><strong>pmnas</strong></span> <span class='ocrx_word' id='word_1_624' title='bbox 1813 4392 2191 4446; x_wconf 89' lang='lat' dir='ltr'><strong>commeritum</strong></span> <span class='ocrx_word' id='word_1_625' title='bbox 2229 4393 2466 4461; x_wconf 85' lang='lat' dir='ltr'><strong>puniret,</strong></span> <span class='ocrx_word' id='word_1_626' title='bbox 2502 4402 2613 4446; x_wconf 83' lang='lat' dir='ltr'><strong>tum</strong></span> <span class='ocrx_word' id='word_1_627' title='bbox 2662 4400 2721 4445; x_wconf 93' lang='lat' dir='ltr'><strong>ut</strong></span> <span class='ocrx_word' id='word_1_628' title='bbox 2751 4389 2978 4460; x_wconf 87' lang='lat' dir='ltr'><strong>posteris</strong></span> <span class='ocrx_word' id='word_1_629' title='bbox 3021 4387 3224 4456; x_wconf 79' lang='lat' dir='ltr'><strong>Optime</strong></span> <span class='ocrx_word' id='word_1_630' title='bbox 3249 4400 3379 4440; x_wconf 84' lang='lat' dir='ltr'><strong>cou-</strong></span> 
     </span>
    </p>
   </div>
   <div class='ocr_carea' id='block_1_86' title="bbox 161 4470 3382 4553">
    <p class='ocr_par' dir='ltr' id='par_1_86' title="bbox 161 4470 3382 4553">
     <span class='ocr_line' id='line_1_86' title="bbox 161 4470 3382 4553; baseline -0 -24"><span class='ocrx_word' id='word_1_631' title='bbox 161 4480 588 4551; x_wconf 80' lang='lat' dir='ltr'><strong>suleret,quibus</strong></span> <span class='ocrx_word' id='word_1_632' title='bbox 620 4481 922 4538; x_wconf 86' lang='lat' dir='ltr'><strong>Pharaonis</strong></span> <span class='ocrx_word' id='word_1_633' title='bbox 961 4482 1285 4552; x_wconf 86' lang='lat' dir='ltr'><strong>supplicium</strong></span> <span class='ocrx_word' id='word_1_634' title='bbox 1326 4483 1477 4553; x_wconf 81' lang='lat' dir='ltr'><strong>origo</strong></span> <span class='ocrx_word' id='word_1_635' title='bbox 1511 4484 1700 4538; x_wconf 85' lang='lat' dir='ltr'><strong>salutis</strong></span> <span class='ocrx_word' id='word_1_636' title='bbox 1739 4483 2044 4539; x_wconf 85' lang='lat' dir='ltr'><strong>exsisteret.</strong></span> <span class='ocrx_word' id='word_1_637' title='bbox 2113 4483 2182 4538; x_wconf 89' lang='lat' dir='ltr'><strong>Et</strong></span> <span class='ocrx_word' id='word_1_638' title='bbox 2221 4483 2335 4538; x_wconf 66' lang='lat' dir='ltr'><strong>haec</strong></span> <span class='ocrx_word' id='word_1_639' title='bbox 2381 4483 2599 4553; x_wconf 88' lang='lat' dir='ltr'><strong>quidem</strong></span> <span class='ocrx_word' id='word_1_640' title='bbox 2649 4483 2700 4534; x_wconf 92' lang='lat' dir='ltr'><strong>iu</strong></span> <span class='ocrx_word' id='word_1_641' title='bbox 2749 4480 2894 4534; x_wconf 91' lang='lat' dir='ltr'><strong>hunc</strong></span> <span class='ocrx_word' id='word_1_642' title='bbox 2960 4470 3177 4532; x_wconf 87' lang='lat' dir='ltr'><strong>modum</strong></span> <span class='ocrx_word' id='word_1_643' title='bbox 3211 4477 3382 4545; x_wconf 73' lang='lat' dir='ltr'><strong>expli-</strong></span> 
     </span>
    </p>
   </div>
   <div class='ocr_carea' id='block_1_87' title="bbox 160 4581 874 4630">
    <p class='ocr_par' dir='ltr' id='par_1_87' title="bbox 160 4581 874 4630">
     <span class='ocr_line' id='line_1_87' title="bbox 160 4581 874 4630; baseline 0.004 -3"><span class='ocrx_word' id='word_1_644' title='bbox 160 4581 260 4627; x_wconf 80' lang='lat' dir='ltr'><strong>cata</strong></span> <span class='ocrx_word' id='word_1_645' title='bbox 287 4583 467 4630; x_wconf 85' lang='lat' dir='ltr'><strong>sunto.</strong></span> <span class='ocrx_word' id='word_1_646' title='bbox 869 4591 874 4598; x_wconf 86' lang='grc'><em>”</em></span> 
     </span>
    </p>
   </div>
   <div class='ocr_carea' id='block_1_88' title="bbox 219 4665 1684 4750">
    <p class='ocr_par' dir='ltr' id='par_1_88' title="bbox 219 4667 1684 4750">
     <span class='ocr_line' id='line_1_88' title="bbox 219 4667 1684 4750; baseline 0.003 -31"><span class='ocrx_word' id='word_1_647' title='bbox 219 4667 368 4722; x_wconf 77' lang='grc' dir='ltr'>Μετὰ</span> <span class='ocrx_word' id='word_1_648' title='bbox 395 4669 453 4725; x_wconf 71' lang='grc' dir='ltr'><strong>δι</strong></span> <span class='ocrx_word' id='word_1_649' title='bbox 478 4668 582 4739; x_wconf 74' lang='grc' dir='ltr'>τὴν</span> <span class='ocrx_word' id='word_1_650' title='bbox 603 4668 840 4740; x_wconf 84' lang='grc' dir='ltr'>δεκάτην</span> <span class='ocrx_word' id='word_1_651' title='bbox 870 4668 1089 4750; x_wconf 56' lang='grc' dir='ltr'>πληγὴν</span> <span class='ocrx_word' id='word_1_652' title='bbox 1122 4669 1312 4724; x_wconf 82' lang='grc' dir='ltr'>θύουσι</span> <span class='ocrx_word' id='word_1_653' title='bbox 1347 4672 1406 4725; x_wconf 77' lang='grc' dir='ltr'>τὸ</span> <span class='ocrx_word' id='word_1_654' title='bbox 1437 4671 1684 4741; x_wconf 76' lang='grc' dir='ltr'>πρόϐατα</span> 
     </span>
    </p>
   </div>
   <div class='ocr_carea' id='block_1_89' title="bbox 1792 4665 3385 4750">
    <p class='ocr_par' dir='ltr' id='par_1_89' title="bbox 1815 4665 3385 4737">
     <span class='ocr_line' id='line_1_89' title="bbox 1815 4665 3385 4737; baseline -0.001 -14"><span class='ocrx_word' id='word_1_655' title='bbox 1815 4727 1826 4737; x_wconf 85' lang='lat'>_</span> <span class='ocrx_word' id='word_1_656' title='bbox 1886 4669 2018 4726; x_wconf 90' lang='lat' dir='ltr'><strong>Post</strong></span> <span class='ocrx_word' id='word_1_657' title='bbox 2071 4669 2339 4726; x_wconf 89' lang='lat' dir='ltr'><strong>decimam</strong></span> <span class='ocrx_word' id='word_1_658' title='bbox 2389 4669 2532 4725; x_wconf 88' lang='lat' dir='ltr'><strong>hanc</strong></span> <span class='ocrx_word' id='word_1_659' title='bbox 2585 4665 2945 4724; x_wconf 87' lang='lat' dir='ltr'><strong>calamitatem</strong></span> <span class='ocrx_word' id='word_1_660' title='bbox 3000 4666 3385 4737; x_wconf 67' lang='lat' dir='ltr'><strong>Egyptiorum</strong></span> 
     </span>
    </p>
   </div>
   <div class='ocr_carea' id='block_1_90' title="bbox 159 4758 1684 4834">
    <p class='ocr_par' dir='ltr' id='par_1_90' title="bbox 159 4759 1684 4834">
     <span class='ocr_line' id='line_1_90' title="bbox 159 4759 1684 4834; baseline 0.003 -24"><span class='ocrx_word' id='word_1_661' title='bbox 159 4759 202 4812; x_wconf 85' lang='grc' dir='ltr'><strong>οί</strong></span> <span class='ocrx_word' id='word_1_662' title='bbox 236 4760 472 4831; x_wconf 77' lang='grc' dir='ltr'>Ἐὗραῖοι</span> <span class='ocrx_word' id='word_1_663' title='bbox 505 4762 602 4815; x_wconf 82' lang='grc' dir='ltr'>καὶ</span> <span class='ocrx_word' id='word_1_664' title='bbox 636 4761 778 4816; x_wconf 80' lang='grc' dir='ltr'>οὕτω</span> <span class='ocrx_word' id='word_1_665' title='bbox 801 4762 903 4830; x_wconf 76' lang='grc' dir='ltr'>τῆς</span> <span class='ocrx_word' id='word_1_666' title='bbox 925 4762 1202 4830; x_wconf 82' lang='grc' dir='ltr'>Αίγύπτου</span> <span class='ocrx_word' id='word_1_667' title='bbox 1241 4763 1415 4826; x_wconf 73' lang='grc' dir='ltr'>ἐξίασι</span> <span class='ocrx_word' id='word_1_668' title='bbox 1445 4763 1588 4818; x_wconf 70' lang='grc' dir='ltr'>κατὰ</span> <span class='ocrx_word' id='word_1_669' title='bbox 1611 4765 1684 4834; x_wconf 50' lang='grc' dir='ltr'><strong>τὴη</strong></span> 
     </span>
    </p>
   </div>
   <div class='ocr_carea' id='block_1_91' title="bbox 1792 4758 3386 4834">
    <p class='ocr_par' dir='ltr' id='par_1_91' title="bbox 1816 4758 3386 4833">
     <span class='ocr_line' id='line_1_91' title="bbox 1816 4758 3386 4833; baseline -0.003 -16"><span class='ocrx_word' id='word_1_670' title='bbox 1816 4761 2053 4817; x_wconf 88' lang='lat' dir='ltr'><strong>lsraelici</strong></span> <span class='ocrx_word' id='word_1_671' title='bbox 2094 4777 2291 4833; x_wconf 87' lang='lat' dir='ltr'><strong>agnum</strong></span> <span class='ocrx_word' id='word_1_672' title='bbox 2326 4769 2586 4829; x_wconf 88' lang='lat' dir='ltr'><strong>mactant,</strong></span> <span class='ocrx_word' id='word_1_673' title='bbox 2644 4770 2807 4830; x_wconf 87' lang='lat' dir='ltr'><strong>atque</strong></span> <span class='ocrx_word' id='word_1_674' title='bbox 2839 4759 2914 4812; x_wconf 87' lang='lat' dir='ltr'><strong>ita</strong></span> <span class='ocrx_word' id='word_1_675' title='bbox 2947 4758 3164 4813; x_wconf 85' lang='lat' dir='ltr'><strong>domum</strong></span> <span class='ocrx_word' id='word_1_676' title='bbox 3222 4773 3386 4812; x_wconf 86' lang='lat' dir='ltr'><strong>exce-</strong></span> 
     </span>
    </p>
   </div>
   <div class='ocr_carea' id='block_1_92' title="bbox 161 4835 1684 4924">
    <p class='ocr_par' dir='ltr' id='par_1_92' title="bbox 161 4835 1684 4924">
     <span class='ocr_line' id='line_1_92' title="bbox 161 4835 1684 4924; baseline 0.003 -24"><span class='ocrx_word' id='word_1_677' title='bbox 161 4835 750 4922; x_wconf 66' lang='grc' dir='ltr'>τεσσαρεσκαιδεκάτην</span> <span class='ocrx_word' id='word_1_678' title='bbox 805 4851 905 4922; x_wconf 80' lang='grc' dir='ltr'>τῆς</span> <span class='ocrx_word' id='word_1_679' title='bbox 949 4852 1200 4924; x_wconf 80' lang='grc' dir='ltr'>σελήνης.</span> <span class='ocrx_word' id='word_1_680' title='bbox 1247 4853 1363 4920; x_wconf 76' lang='grc' dir='ltr'><strong>Ἐφ’</strong></span> <span class='ocrx_word' id='word_1_681' title='bbox 1401 4845 1445 4919; x_wconf 81' lang='grc' dir='ltr'>ᾧ</span> <span class='ocrx_word' id='word_1_682' title='bbox 1483 4853 1578 4906; x_wconf 77' lang='grc' dir='ltr'>καὶ</span> <span class='ocrx_word' id='word_1_683' title='bbox 1615 4852 1684 4905; x_wconf 81' lang='grc' dir='ltr'>νῦ</span> 
     </span>
    </p>
   </div>
   <div class='ocr_carea' id='block_1_93' title="bbox 1792 4835 3391 4924">
    <p class='ocr_par' dir='ltr' id='par_1_93' title="bbox 1819 4847 3391 4924">
     <span class='ocr_line' id='line_1_93' title="bbox 1819 4847 3391 4924; baseline -0.004 -16"><span class='ocrx_word' id='word_1_684' title='bbox 1819 4854 1956 4909; x_wconf 89' lang='lat' dir='ltr'><strong>dunt</strong></span> <span class='ocrx_word' id='word_1_685' title='bbox 1981 4851 2233 4924; x_wconf 71' lang='lat' dir='ltr'><strong>Egypto,</strong></span> <span class='ocrx_word' id='word_1_686' title='bbox 2253 4853 2339 4906; x_wconf 90' lang='lat' dir='ltr'><strong>die</strong></span> <span class='ocrx_word' id='word_1_687' title='bbox 2365 4852 2567 4906; x_wconf 86' lang='lat' dir='ltr'><strong>mensis</strong></span> <span class='ocrx_word' id='word_1_688' title='bbox 2586 4852 2729 4905; x_wconf 88' lang='lat' dir='ltr'><strong>illius</strong></span> <span class='ocrx_word' id='word_1_689' title='bbox 2748 4849 2960 4924; x_wconf 78' lang='lat' dir='ltr'><strong>decimo</strong></span> <span class='ocrx_word' id='word_1_690' title='bbox 2981 4858 3199 4918; x_wconf 86' lang='lat' dir='ltr'><strong>quarto.</strong></span> <span class='ocrx_word' id='word_1_691' title='bbox 3227 4847 3391 4903; x_wconf 83' lang='lat' dir='ltr'><strong>Unde</strong></span> 
     </span>
    </p>
   </div>
   <div class='ocr_carea' id='block_1_94' title="bbox 162 4921 1684 5012">
    <p class='ocr_par' dir='ltr' id='par_1_94' title="bbox 162 4921 1684 5012">
     <span class='ocr_line' id='line_1_94' title="bbox 162 4921 1684 5012; baseline 0.002 -21"><span class='ocrx_word' id='word_1_692' title='bbox 162 4938 232 4994; x_wconf 74' lang='grc' dir='ltr'>ἔτι</span> <span class='ocrx_word' id='word_1_693' title='bbox 254 4921 476 4998; x_wconf 70' lang='grc' dir='ltr'>κατὰτὸ</span> <span class='ocrx_word' id='word_1_694' title='bbox 499 4942 621 5007; x_wconf 75' lang='grc' dir='ltr'>ἔθος</span> <span class='ocrx_word' id='word_1_695' title='bbox 647 4921 790 4996; x_wconf 63' lang='grc' dir='ltr'>οὕτω</span> <span class='ocrx_word' id='word_1_696' title='bbox 813 4921 1025 5008; x_wconf 70' lang='grc' dir='ltr'>θύουσι,</span> <span class='ocrx_word' id='word_1_697' title='bbox 1181 4944 1378 5012; x_wconf 75' lang='grc' dir='ltr'>ἑορτὴν</span> <span class='ocrx_word' id='word_1_698' title='bbox 1403 4943 1496 4995; x_wconf 85' lang='grc' dir='ltr'><strong>τοῦ</strong></span> <span class='ocrx_word' id='word_1_699' title='bbox 1523 4944 1684 5012; x_wconf 66' lang='grc' dir='ltr'><strong>Πάσχα</strong></span> 
     </span>
    </p>
   </div>
   <div class='ocr_carea' id='block_1_95' title="bbox 1792 4921 3389 5012">
    <p class='ocr_par' dir='ltr' id='par_1_95' title="bbox 1821 4921 3389 5012">
     <span class='ocr_line' id='line_1_95' title="bbox 1821 4921 3389 5012; baseline -0.004 -14"><span class='ocrx_word' id='word_1_700' title='bbox 1821 4960 1936 4998; x_wconf 90' lang='lat' dir='ltr'><strong>mos</strong></span> <span class='ocrx_word' id='word_1_701' title='bbox 1961 4944 2183 4998; x_wconf 91' lang='lat' dir='ltr'><strong>inolevit</strong></span> <span class='ocrx_word' id='word_1_702' title='bbox 2209 4951 2262 4996; x_wconf 89' lang='lat' dir='ltr'><strong>ut</strong></span> <span class='ocrx_word' id='word_1_703' title='bbox 2288 4943 2450 4997; x_wconf 89' lang='lat' dir='ltr'><strong>etiam</strong></span> <span class='ocrx_word' id='word_1_704' title='bbox 2483 4939 2630 4995; x_wconf 86' lang='lat' dir='ltr'><strong>nunc</strong></span> <span class='ocrx_word' id='word_1_705' title='bbox 2673 4921 2868 5012; x_wconf 51' lang='lat' dir='ltr'><strong>agundi</strong></span> <span class='ocrx_word' id='word_1_706' title='bbox 2907 4942 2981 4993; x_wconf 88' lang='lat' dir='ltr'><strong>ita</strong></span> <span class='ocrx_word' id='word_1_707' title='bbox 3015 4947 3276 5000; x_wconf 86' lang='lat' dir='ltr'><strong>mactent,</strong></span> <span class='ocrx_word' id='word_1_708' title='bbox 3324 4950 3389 4992; x_wconf 85' lang='lat' dir='ltr'><strong>ac</strong></span> 
     </span>
    </p>
   </div>
   <div class='ocr_carea' id='block_1_96' title="bbox 161 5032 1684 5106">
    <p class='ocr_par' dir='ltr' id='par_1_96' title="bbox 161 5032 1681 5105">
     <span class='ocr_line' id='line_1_96' title="bbox 161 5032 1681 5105; baseline 0.003 -24"><span class='ocrx_word' id='word_1_709' title='bbox 161 5032 478 5097; x_wconf 75' lang='grc' dir='ltr'>καλοῦντες⁹</span> <span class='ocrx_word' id='word_1_710' title='bbox 547 5033 806 5105; x_wconf 83' lang='grc' dir='ltr'>σημαίνει</span> <span class='ocrx_word' id='word_1_711' title='bbox 866 5033 924 5085; x_wconf 86' lang='grc' dir='ltr'>δὲ</span> <span class='ocrx_word' id='word_1_712' title='bbox 980 5034 1382 5100; x_wconf 77' lang='grc' dir='ltr'>ὑπερϐασίαν.</span> <span class='ocrx_word' id='word_1_713' title='bbox 1444 5032 1587 5086; x_wconf 83' lang='grc' dir='ltr'>Ἀλλ’</span> <span class='ocrx_word' id='word_1_714' title='bbox 1637 5033 1681 5085; x_wconf 86' lang='grc' dir='ltr'>ὼ</span> 
     </span>
    </p>
   </div>
   <div class='ocr_carea' id='block_1_97' title="bbox 1792 5032 3391 5106">
    <p class='ocr_par' dir='ltr' id='par_1_97' title="bbox 1822 5034 3391 5106">
     <span class='ocr_line' id='line_1_97' title="bbox 1822 5034 3391 5106; baseline -0.004 -15"><span class='ocrx_word' id='word_1_715' title='bbox 1822 5037 2016 5091; x_wconf 78' lang='lat' dir='ltr'><strong>festum</strong></span> <span class='ocrx_word' id='word_1_716' title='bbox 2074 5035 2229 5106; x_wconf 81' lang='lat'><strong>155</strong></span> <span class='ocrx_word' id='word_1_717' title='bbox 2280 5035 2411 5089; x_wconf 90' lang='lat' dir='ltr'><strong>illud</strong></span> <span class='ocrx_word' id='word_1_718' title='bbox 2459 5034 2664 5089; x_wconf 88' lang='lat' dir='ltr'><strong>Pascha</strong></span> <span class='ocrx_word' id='word_1_719' title='bbox 2722 5040 3082 5099; x_wconf 87' lang='lat' dir='ltr'><strong>nuncupant,</strong></span> <span class='ocrx_word' id='word_1_720' title='bbox 3132 5046 3252 5099; x_wconf 75' lang='lat' dir='ltr'><strong>quae</strong></span> <span class='ocrx_word' id='word_1_721' title='bbox 3283 5045 3391 5084; x_wconf 76' lang='lat' dir='ltr'><strong>vox</strong></span> 
     </span>
    </p>
   </div>
   <div class='ocr_carea' id='block_1_98' title="bbox 173 5117 1684 5196">
    <p class='ocr_par' dir='ltr' id='par_1_98' title="bbox 173 5121 1660 5196">
     <span class='ocr_line' id='line_1_98' title="bbox 173 5121 1660 5196; baseline 0.003 -23"><span class='ocrx_word' id='word_1_722' title='bbox 173 5121 418 5195; x_wconf 80' lang='grc' dir='ltr'>Ἰώσηπός</span> <span class='ocrx_word' id='word_1_723' title='bbox 457 5141 618 5196; x_wconf 82' lang='grc' dir='ltr'>φησι,</span> <span class='ocrx_word' id='word_1_724' title='bbox 667 5124 802 5178; x_wconf 89' lang='grc' dir='ltr'>διότι</span> <span class='ocrx_word' id='word_1_725' title='bbox 842 5125 964 5180; x_wconf 86' lang='grc' dir='ltr'>κατ’</span> <span class='ocrx_word' id='word_1_726' title='bbox 1025 5124 1245 5193; x_wconf 78' lang='grc' dir='ltr'>ἐκείνην</span> <span class='ocrx_word' id='word_1_727' title='bbox 1276 5126 1375 5194; x_wconf 80' lang='grc' dir='ltr'>τὴν</span> <span class='ocrx_word' id='word_1_728' title='bbox 1421 5126 1660 5196; x_wconf 77' lang='grc' dir='ltr'>ἑσπέραν</span> 
     </span>
    </p>
   </div>
   <div class='ocr_carea' id='block_1_99' title="bbox 1792 5117 3386 5196">
    <p class='ocr_par' dir='ltr' id='par_1_99' title="bbox 1822 5117 3386 5196">
     <span class='ocr_line' id='line_1_99' title="bbox 1822 5117 3386 5196; baseline -0.008 -15"><span class='ocrx_word' id='word_1_729' title='bbox 1822 5128 2106 5181; x_wconf 79' lang='lat' dir='ltr'><strong>transitum</strong></span> <span class='ocrx_word' id='word_1_730' title='bbox 2137 5125 2423 5196; x_wconf 78' lang='lat' dir='ltr'><strong>signiﬁcat,</strong></span> <span class='ocrx_word' id='word_1_731' title='bbox 2456 5122 2603 5191; x_wconf 89' lang='lat' dir='ltr'><strong>quod</strong></span> <span class='ocrx_word' id='word_1_732' title='bbox 2636 5121 2913 5183; x_wconf 88' lang='lat' dir='ltr'><strong>nimirum,</strong></span> <span class='ocrx_word' id='word_1_733' title='bbox 2939 5117 3176 5188; x_wconf 82' lang='lat' dir='ltr'><strong>Josepho</strong></span> <span class='ocrx_word' id='word_1_734' title='bbox 3229 5127 3386 5176; x_wconf 82' lang='lat' dir='ltr'><strong>teste,</strong></span> 
     </span>
    </p>
   </div>
   <div class='ocr_carea' id='block_1_100' title="bbox 164 5203 1684 5290">
    <p class='ocr_par' dir='ltr' id='par_1_100' title="bbox 164 5213 1684 5290">
     <span class='ocr_line' id='line_1_100' title="bbox 164 5213 1684 5290; baseline 0.005 -25"><span class='ocrx_word' id='word_1_735' title='bbox 164 5213 282 5277; x_wconf 72' lang='grc' dir='ltr'>Θεὸς</span> <span class='ocrx_word' id='word_1_736' title='bbox 307 5219 489 5271; x_wconf 81' lang='grc' dir='ltr'>αὐτῶν</span> <span class='ocrx_word' id='word_1_737' title='bbox 521 5219 768 5286; x_wconf 79' lang='grc' dir='ltr'>ὑπερϐὰς</span> <span class='ocrx_word' id='word_1_738' title='bbox 785 5217 1109 5284; x_wconf 81' lang='grc' dir='ltr'>Αίγυπτίοις</span> <span class='ocrx_word' id='word_1_739' title='bbox 1135 5217 1482 5288; x_wconf 75' lang='grc' dir='ltr'>ἐναπέσκηψε</span> <span class='ocrx_word' id='word_1_740' title='bbox 1506 5219 1604 5290; x_wconf 78' lang='grc' dir='ltr'>τὴν</span> <span class='ocrx_word' id='word_1_741' title='bbox 1634 5219 1684 5272; x_wconf 77' lang='lat' dir='ltr'><strong>vd</strong></span> 
     </span>
    </p>
   </div>
   <div class='ocr_carea' id='block_1_101' title="bbox 1792 5203 3390 5290">
    <p class='ocr_par' dir='ltr' id='par_1_101' title="bbox 1817 5203 3390 5283">
     <span class='ocr_line' id='line_1_101' title="bbox 1817 5203 3390 5283; baseline -0.011 -12"><span class='ocrx_word' id='word_1_742' title='bbox 1817 5217 1960 5272; x_wconf 88' lang='lat' dir='ltr'><strong>Deus</strong></span> <span class='ocrx_word' id='word_1_743' title='bbox 2014 5215 2106 5269; x_wconf 92' lang='lat' dir='ltr'><strong>illo</strong></span> <span class='ocrx_word' id='word_1_744' title='bbox 2160 5228 2388 5283; x_wconf 81' lang='lat' dir='ltr'><strong>vespere</strong></span> <span class='ocrx_word' id='word_1_745' title='bbox 2442 5211 2712 5266; x_wconf 90' lang='lat' dir='ltr'><strong>transiens</strong></span> <span class='ocrx_word' id='word_1_746' title='bbox 2765 5208 3044 5264; x_wconf 90' lang='lat' dir='ltr'><strong>lsraelicos</strong></span> <span class='ocrx_word' id='word_1_747' title='bbox 3095 5203 3296 5258; x_wconf 82' lang='lat' dir='ltr'><strong>caedem</strong></span> <span class='ocrx_word' id='word_1_748' title='bbox 3333 5203 3390 5255; x_wconf 90' lang='lat' dir='ltr'><strong>in</strong></span> 
     </span>
    </p>
   </div>
   <div class='ocr_carea' id='block_1_102' title="bbox 167 5295 1684 5379">
    <p class='ocr_par' dir='ltr' id='par_1_102' title="bbox 167 5305 1684 5378">
     <span class='ocr_line' id='line_1_102' title="bbox 167 5305 1684 5378; baseline 0.005 -24"><span class='ocrx_word' id='word_1_749' title='bbox 167 5320 264 5358; x_wconf 90' lang='grc' dir='ltr'>σον.</span> <span class='ocrx_word' id='word_1_750' title='bbox 288 5307 590 5376; x_wconf 77' lang='grc' dir='ltr'>Φεύγοντες</span> <span class='ocrx_word' id='word_1_751' title='bbox 615 5309 660 5363; x_wconf 84' lang='grc' dir='ltr'>δ’</span> <span class='ocrx_word' id='word_1_752' title='bbox 699 5305 793 5363; x_wconf 81' lang='grc' dir='ltr'>οὖν</span> <span class='ocrx_word' id='word_1_753' title='bbox 817 5310 866 5362; x_wconf 81' lang='grc' dir='ltr'>οἱ</span> <span class='ocrx_word' id='word_1_754' title='bbox 911 5308 1178 5378; x_wconf 82' lang='grc' dir='ltr'>Ἑϐραῖοι,</span> <span class='ocrx_word' id='word_1_755' title='bbox 1227 5310 1323 5362; x_wconf 74' lang='grc' dir='ltr'>καὶ</span> <span class='ocrx_word' id='word_1_756' title='bbox 1356 5307 1583 5377; x_wconf 79' lang='grc' dir='ltr'>μηδενὸς</span> <span class='ocrx_word' id='word_1_757' title='bbox 1611 5309 1684 5361; x_wconf 82' lang='grc' dir='ltr'><strong>τῶ</strong></span> 
     </span>
    </p>
   </div>
   <div class='ocr_carea' id='block_1_103' title="bbox 1792 5295 3391 5379">
    <p class='ocr_par' dir='ltr' id='par_1_103' title="bbox 1821 5295 3391 5379">
     <span class='ocr_line' id='line_1_103' title="bbox 1821 5295 3391 5379; baseline -0.01 -17"><span class='ocrx_word' id='word_1_758' title='bbox 1821 5305 2102 5379; x_wconf 67' lang='lat' dir='ltr'><strong>Egyptios</strong></span> <span class='ocrx_word' id='word_1_759' title='bbox 2149 5303 2456 5359; x_wconf 90' lang='lat' dir='ltr'><strong>immiserit.</strong></span> <span class='ocrx_word' id='word_1_760' title='bbox 2511 5300 2648 5357; x_wconf 85' lang='lat' dir='ltr'><strong>Hinc</strong></span> <span class='ocrx_word' id='word_1_761' title='bbox 2695 5299 2873 5372; x_wconf 83' lang='lat' dir='ltr'><strong>fugam</strong></span> <span class='ocrx_word' id='word_1_762' title='bbox 2906 5299 3235 5368; x_wconf 83' lang='lat' dir='ltr'><strong>arripientes</strong></span> <span class='ocrx_word' id='word_1_763' title='bbox 3279 5295 3391 5348; x_wconf 89' lang='lat' dir='ltr'><strong>lle-</strong></span> 
     </span>
    </p>
   </div>
   <div class='ocr_carea' id='block_1_104' title="bbox 166 5380 1684 5472">
    <p class='ocr_par' dir='ltr' id='par_1_104' title="bbox 166 5380 1684 5472">
     <span class='ocr_line' id='line_1_104' title="bbox 166 5380 1684 5472; baseline 0.007 -27"><span class='ocrx_word' id='word_1_764' title='bbox 166 5397 266 5448; x_wconf 75' lang='grc' dir='ltr'>άπὸ</span> <span class='ocrx_word' id='word_1_765' title='bbox 284 5399 378 5469; x_wconf 86' lang='grc' dir='ltr'>τῆς</span> <span class='ocrx_word' id='word_1_766' title='bbox 403 5402 508 5471; x_wconf 83' lang='grc' dir='ltr'>γῆς</span> <span class='ocrx_word' id='word_1_767' title='bbox 538 5401 899 5471; x_wconf 71' lang='grc' dir='ltr'>εὐποροῦντες</span> <span class='ocrx_word' id='word_1_768' title='bbox 929 5402 1018 5455; x_wconf 80' lang='grc' dir='ltr'>διὰ</span> <span class='ocrx_word' id='word_1_769' title='bbox 1045 5402 1146 5470; x_wconf 80' lang='grc' dir='ltr'>τὴν</span> <span class='ocrx_word' id='word_1_770' title='bbox 1184 5380 1422 5472; x_wconf 67' lang='grc' dir='ltr'>ἐρημίέν</span> <span class='ocrx_word' id='word_1_771' title='bbox 1466 5416 1684 5468; x_wconf 77' lang='grc' dir='ltr'>πεφυρα</span> 
     </span>
    </p>
   </div>
   <div class='ocr_carea' id='block_1_105' title="bbox 1792 5380 3452 5472">
    <p class='ocr_par' dir='ltr' id='par_1_105' title="bbox 1821 5387 3452 5462">
     <span class='ocr_line' id='line_1_105' title="bbox 1821 5387 3452 5462; baseline -0.013 -9"><span class='ocrx_word' id='word_1_772' title='bbox 1821 5398 1975 5462; x_wconf 83' lang='lat' dir='ltr'><strong>braei,</strong></span> <span class='ocrx_word' id='word_1_773' title='bbox 1999 5413 2121 5452; x_wconf 89' lang='lat' dir='ltr'><strong>cum</strong></span> <span class='ocrx_word' id='word_1_774' title='bbox 2149 5405 2304 5450; x_wconf 68' lang='lat' dir='ltr'><strong>terra!</strong></span> <span class='ocrx_word' id='word_1_775' title='bbox 2331 5395 2606 5450; x_wconf 78' lang='lat' dir='ltr'><strong>fructuum</strong></span> <span class='ocrx_word' id='word_1_776' title='bbox 2637 5392 2845 5462; x_wconf 84' lang='lat' dir='ltr'><strong>copiam</strong></span> <span class='ocrx_word' id='word_1_777' title='bbox 2877 5391 3078 5444; x_wconf 89' lang='lat' dir='ltr'><strong>nullam</strong></span> <span class='ocrx_word' id='word_1_778' title='bbox 3105 5387 3388 5446; x_wconf 88' lang='lat' dir='ltr'><strong>haberent,</strong></span> <span class='ocrx_word' id='word_1_779' title='bbox 3446 5425 3452 5430; x_wconf 87' lang='lat'><strong>.</strong></span> 
     </span>
    </p>
   </div>
   <div class='ocr_carea' id='block_1_106' title="bbox 171 5473 1684 5569">
    <p class='ocr_par' dir='ltr' id='par_1_106' title="bbox 171 5488 1684 5569">
     <span class='ocr_line' id='line_1_106' title="bbox 171 5488 1684 5569; baseline 0.003 -29"><span class='ocrx_word' id='word_1_780' title='bbox 171 5488 341 5556; x_wconf 83' lang='grc' dir='ltr'>μένοις</span> <span class='ocrx_word' id='word_1_781' title='bbox 365 5495 478 5556; x_wconf 81' lang='grc' dir='ltr'>τοῖς</span> <span class='ocrx_word' id='word_1_782' title='bbox 510 5493 760 5569; x_wconf 79' lang='grc' dir='ltr'>ἀλεύροις</span> <span class='ocrx_word' id='word_1_783' title='bbox 796 5494 892 5547; x_wconf 71' lang='grc' dir='ltr'>καὶ</span> <span class='ocrx_word' id='word_1_784' title='bbox 928 5494 1203 5562; x_wconf 80' lang='grc' dir='ltr'>πεπηγόσι</span> <span class='ocrx_word' id='word_1_785' title='bbox 1247 5493 1406 5563; x_wconf 90' lang='grc' dir='ltr'>μόνον</span> <span class='ocrx_word' id='word_1_786' title='bbox 1441 5492 1546 5569; x_wconf 75' lang='grc' dir='ltr'><strong>ὑπὸ</strong></span> <span class='ocrx_word' id='word_1_787' title='bbox 1581 5491 1684 5561; x_wconf 86' lang='grc' dir='ltr'>βρα</span> 
     </span>
    </p>
   </div>
   <div class='ocr_carea' id='block_1_107' title="bbox 1792 5473 3391 5569">
    <p class='ocr_par' dir='ltr' id='par_1_107' title="bbox 1820 5473 3391 5561">
     <span class='ocr_line' id='line_1_107' title="bbox 1820 5473 3391 5561; baseline -0.011 -20"><span class='ocrx_word' id='word_1_788' title='bbox 1820 5491 1964 5561; x_wconf 85' lang='lat' dir='ltr'><strong>quod</strong></span> <span class='ocrx_word' id='word_1_789' title='bbox 2000 5497 2181 5544; x_wconf 83' lang='lat' dir='ltr'><strong>essent</strong></span> <span class='ocrx_word' id='word_1_790' title='bbox 2202 5488 2292 5543; x_wconf 92' lang='lat' dir='ltr'><strong>illa</strong></span> <span class='ocrx_word' id='word_1_791' title='bbox 2315 5488 2432 5544; x_wconf 89' lang='lat' dir='ltr'><strong>loca</strong></span> <span class='ocrx_word' id='word_1_792' title='bbox 2481 5487 2715 5548; x_wconf 86' lang='lat' dir='ltr'><strong>deserta,</strong></span> <span class='ocrx_word' id='word_1_793' title='bbox 2748 5485 2941 5538; x_wconf 89' lang='lat' dir='ltr'><strong>saltem</strong></span> <span class='ocrx_word' id='word_1_794' title='bbox 2973 5478 3207 5550; x_wconf 87' lang='lat' dir='ltr'><strong>panibus</strong></span> <span class='ocrx_word' id='word_1_795' title='bbox 3232 5473 3391 5528; x_wconf 86' lang='lat' dir='ltr'><strong>victi-</strong></span> 
     </span>
    </p>
   </div>
   <div class='ocr_carea' id='block_1_108' title="bbox 169 5567 1684 5654">
    <p class='ocr_par' dir='ltr' id='par_1_108' title="bbox 169 5567 1684 5654">
     <span class='ocr_line' id='line_1_108' title="bbox 169 5567 1684 5654; baseline -0.007 -9"><span class='ocrx_word' id='word_1_796' title='bbox 169 5579 308 5645; x_wconf 69' lang='grc' dir='ltr'>λείας</span> <span class='ocrx_word' id='word_1_797' title='bbox 355 5567 696 5654; x_wconf 80' lang='grc' dir='ltr'>θερμότητος</span> <span class='ocrx_word' id='word_1_798' title='bbox 739 5586 848 5647; x_wconf 78' lang='grc' dir='ltr'>τοῖς</span> <span class='ocrx_word' id='word_1_799' title='bbox 894 5587 988 5640; x_wconf 83' lang='grc' dir='ltr'><strong>ἀπ’</strong></span> <span class='ocrx_word' id='word_1_800' title='bbox 1043 5585 1226 5637; x_wconf 84' lang='grc' dir='ltr'>αὐτῶν</span> <span class='ocrx_word' id='word_1_801' title='bbox 1274 5568 1477 5654; x_wconf 77' lang='grc' dir='ltr'>ἄρτοις</span> <span class='ocrx_word' id='word_1_802' title='bbox 1513 5582 1684 5651; x_wconf 84' lang='grc' dir='ltr'>διετρέ</span> 
     </span>
    </p>
   </div>
   <div class='ocr_carea' id='block_1_109' title="bbox 1792 5567 3394 5654">
    <p class='ocr_par' dir='ltr' id='par_1_109' title="bbox 1826 5567 3394 5651">
     <span class='ocr_line' id='line_1_109' title="bbox 1826 5567 3394 5651; baseline -0.014 -15"><span class='ocrx_word' id='word_1_803' title='bbox 1826 5583 2030 5646; x_wconf 85' lang='lat' dir='ltr'><strong>tabant,</strong></span> <span class='ocrx_word' id='word_1_804' title='bbox 2063 5581 2156 5651; x_wconf 91' lang='lat' dir='ltr'><strong>qui</strong></span> <span class='ocrx_word' id='word_1_805' title='bbox 2187 5581 2254 5635; x_wconf 90' lang='lat' dir='ltr'><strong>de</strong></span> <span class='ocrx_word' id='word_1_806' title='bbox 2292 5581 2466 5634; x_wconf 80' lang='lat' dir='ltr'><strong>larina</strong></span> <span class='ocrx_word' id='word_1_807' title='bbox 2493 5578 2688 5633; x_wconf 88' lang='lat' dir='ltr'><strong>leviter</strong></span> <span class='ocrx_word' id='word_1_808' title='bbox 2715 5573 2940 5630; x_wconf 79' lang='lat' dir='ltr'><strong>subacta</strong></span> <span class='ocrx_word' id='word_1_809' title='bbox 2972 5580 3026 5625; x_wconf 90' lang='lat' dir='ltr'><strong>et</strong></span> <span class='ocrx_word' id='word_1_810' title='bbox 3077 5567 3272 5635; x_wconf 71' lang='lat' dir='ltr'><strong>exiguo</strong></span> <span class='ocrx_word' id='word_1_811' title='bbox 3301 5580 3394 5618; x_wconf 87' lang='lat' dir='ltr'><strong>ca-</strong></span> 
     </span>
    </p>
   </div>
   <div class='ocr_carea' id='block_1_110' title="bbox 171 5660 1684 5742">
    <p class='ocr_par' dir='ltr' id='par_1_110' title="bbox 171 5671 1684 5742">
     <span class='ocr_line' id='line_1_110' title="bbox 171 5671 1684 5742; baseline 0.003 -24"><span class='ocrx_word' id='word_1_812' title='bbox 171 5681 338 5732; x_wconf 62' lang='grc' dir='ltr'>φοντο.</span> <span class='ocrx_word' id='word_1_813' title='bbox 397 5671 514 5724; x_wconf 75' lang='grc' dir='ltr'><strong>Καὶ</strong></span> <span class='ocrx_word' id='word_1_814' title='bbox 541 5671 752 5733; x_wconf 78' lang='grc' dir='ltr'>τούτοις</span> <span class='ocrx_word' id='word_1_815' title='bbox 797 5673 889 5724; x_wconf 69' lang='grc' dir='ltr'><strong>ἐπὶ</strong></span> <span class='ocrx_word' id='word_1_816' title='bbox 944 5674 1238 5742; x_wconf 72' lang='grc' dir='ltr'>τριάκοντα</span> <span class='ocrx_word' id='word_1_817' title='bbox 1288 5672 1523 5742; x_wconf 79' lang='grc' dir='ltr'>ἡμέραις</span> <span class='ocrx_word' id='word_1_818' title='bbox 1559 5673 1684 5741; x_wconf 64' lang='grc' dir='ltr'>ἔχρΐ</span> 
     </span>
    </p>
   </div>
   <div class='ocr_carea' id='block_1_111' title="bbox 1792 5660 3396 5742">
    <p class='ocr_par' dir='ltr' id='par_1_111' title="bbox 1825 5660 3396 5742">
     <span class='ocr_line' id='line_1_111' title="bbox 1825 5660 3396 5742; baseline -0.011 -17"><span class='ocrx_word' id='word_1_819' title='bbox 1825 5674 1939 5727; x_wconf 87' lang='lat' dir='ltr'><strong>lore</strong></span> <span class='ocrx_word' id='word_1_820' title='bbox 1963 5679 2212 5742; x_wconf 83' lang='lat' dir='ltr'><strong>percocta</strong></span> <span class='ocrx_word' id='word_1_821' title='bbox 2241 5670 2365 5724; x_wconf 71' lang='lat' dir='ltr'><strong>facti</strong></span> <span class='ocrx_word' id='word_1_822' title='bbox 2395 5678 2600 5724; x_wconf 89' lang='lat' dir='ltr'><strong>essent.</strong></span> <span class='ocrx_word' id='word_1_823' title='bbox 2632 5667 2726 5719; x_wconf 92' lang='lat' dir='ltr'><strong>llis</strong></span> <span class='ocrx_word' id='word_1_824' title='bbox 2767 5663 2834 5718; x_wconf 91' lang='lat' dir='ltr'><strong>ad</strong></span> <span class='ocrx_word' id='word_1_825' title='bbox 2866 5660 3192 5716; x_wconf 86' lang='lat' dir='ltr'><strong>tricesimum</strong></span> <span class='ocrx_word' id='word_1_826' title='bbox 3223 5669 3396 5722; x_wconf 81' lang='lat' dir='ltr'><strong>usque</strong></span> 
     </span>
    </p>
   </div>
   <div class='ocr_carea' id='block_1_112' title="bbox 173 5749 1684 5835">
    <p class='ocr_par' dir='ltr' id='par_1_112' title="bbox 173 5762 1684 5835">
     <span class='ocr_line' id='line_1_112' title="bbox 173 5762 1684 5835; baseline 0.005 -28"><span class='ocrx_word' id='word_1_827' title='bbox 173 5770 340 5812; x_wconf 76' lang='grc' dir='ltr'>σαντο·</span> <span class='ocrx_word' id='word_1_828' title='bbox 376 5762 515 5834; x_wconf 81' lang='grc' dir='ltr'>πρὸς</span> <span class='ocrx_word' id='word_1_829' title='bbox 550 5763 771 5816; x_wconf 85' lang='grc' dir='ltr'>πλείονα</span> <span class='ocrx_word' id='word_1_830' title='bbox 804 5765 908 5834; x_wconf 79' lang='grc' dir='ltr'><strong>γὰρ</strong></span> <span class='ocrx_word' id='word_1_831' title='bbox 947 5765 1044 5818; x_wconf 75' lang='grc' dir='ltr'>οὐκ</span> <span class='ocrx_word' id='word_1_832' title='bbox 1076 5763 1383 5835; x_wconf 77' lang='grc' dir='ltr'>ἐξήρκεσαν</span> <span class='ocrx_word' id='word_1_833' title='bbox 1409 5764 1603 5834; x_wconf 69' lang='grc' dir='ltr'>χρόνον</span> <span class='ocrx_word' id='word_1_834' title='bbox 1635 5762 1684 5814; x_wconf 67' lang='lat' dir='ltr'><strong>ai</strong></span> 
     </span>
    </p>
   </div>
   <div class='ocr_carea' id='block_1_113' title="bbox 1792 5749 3398 5835">
    <p class='ocr_par' dir='ltr' id='par_1_113' title="bbox 1828 5749 3398 5827">
     <span class='ocr_line' id='line_1_113' title="bbox 1828 5749 3398 5827; baseline -0.011 -9"><span class='ocrx_word' id='word_1_835' title='bbox 1828 5763 1968 5818; x_wconf 84' lang='lat' dir='ltr'><strong>diem</strong></span> <span class='ocrx_word' id='word_1_836' title='bbox 2011 5771 2136 5818; x_wconf 84' lang='lat' dir='ltr'><strong>sunt</strong></span> <span class='ocrx_word' id='word_1_837' title='bbox 2168 5761 2273 5827; x_wconf 85' lang='lat' dir='ltr'><strong>usi,</strong></span> <span class='ocrx_word' id='word_1_838' title='bbox 2306 5777 2414 5815; x_wconf 86' lang='lat' dir='ltr'><strong>non</strong></span> <span class='ocrx_word' id='word_1_839' title='bbox 2446 5757 2838 5815; x_wconf 86' lang='lat' dir='ltr'><strong>sulIieientibus</strong></span> <span class='ocrx_word' id='word_1_840' title='bbox 2896 5753 2959 5808; x_wconf 87' lang='lat' dir='ltr'><strong>ad</strong></span> <span class='ocrx_word' id='word_1_841' title='bbox 2991 5749 3204 5818; x_wconf 80' lang='lat' dir='ltr'><strong>longius</strong></span> <span class='ocrx_word' id='word_1_842' title='bbox 3257 5758 3398 5801; x_wconf 65' lang='lat' dir='ltr'><strong>tem~</strong></span> 
     </span>
    </p>
   </div>
  </div>
