3862 6228
433 274 545 360 mit

1700 245 2119 355 MICHAlELlS
2157 265 2418 356 cuca

3581 291 3684 354 300

439 406 589 468 poris
629 403 860 474 spatium
906 400 1096 459 farinis
1122 419 1259 474 quas
1293 419 1355 460 ex
1384 401 1611 476 Egypto
1655 418 1836 460 secum
1868 413 2011 460 attu-

2122 407 2228 468 τοῖς
2259 406 2359 459 ὅσα
2393 407 2456 458 ἐκ
2488 406 2586 476 τῆς
2619 403 2898 474 Αἰγύπτου
2932 359 3288 478 ἐπεφέροντο.
3320 397 3434 453 Καὶ
3475 399 3550 452 τὰ
3589 398 3687 469 μὲν

440 493 644 547 lerant;
667 491 793 549 llaec
821 509 850 548 a
881 493 1121 564 Josepbo
1145 495 1220 550 sic
1251 496 1525 550 memoriae
1552 495 1761 564 prodita
1787 505 1935 550 sunt.

517 585 743 657 Magnus
773 595 958 642 autem
1005 586 1236 642 Basilius
1285 597 1470 643 noster
1503 587 1810 658 huiusmodi
1863 604 2010 658 quat-

346 751 349 753 ,
443 681 567 735 dam
597 683 664 736 de
687 678 833 735 Mose
863 680 1084 750 adjecit.
1113 679 1210 736 llic
1249 680 1338 736 ille
1373 678 1474 734 fuit
1503 682 1662 751 quem
1711 682 1856 736 Deus
1892 682 2009 752 ipse

445 773 640 828 scitum
690 789 753 828 ac
799 774 1100 844 elegantem
1147 787 1266 828 csse
1297 773 1648 843 prwdicavil,
1687 774 1850 830 etiam
1895 784 2008 830 tum

444 877 570 918 cum
612 863 794 918 adhuc
833 877 1122 917 mammam
1152 871 1400 944 sugeret;
1434 879 1594 932 quem
1627 863 1734 920 ﬁlia
1771 863 2010 920 Pharao-

447 957 530 1009 nis
567 953 866 1024 adoptavit.
899 969 1060 1024 quem
1124 955 1273 1023 regio
1297 971 1448 1013 more
1504 955 1786 1022 educavit,
1818 959 2011 1027 praefe-

447 1047 550 1101 ctis
573 1048 622 1101 ei
655 1047 995 1117 sapientibus
1022 1045 1397 1117 Egyptiorum
1426 1039 1725 1120 magistris,
1752 1064 1783 1103 a
1809 1049 2010 1120 quibus

446 1139 784 1206 erudiretur;
817 1139 908 1209 qui
940 1138 1243 1210 tyrannidis
1284 1140 1544 1210 regnique
1573 1140 1770 1196 fastum
1817 1157 2010 1213 asper-

446 1239 607 1304 natus
640 1241 694 1284 et
745 1229 812 1284 ad
868 1229 1233 1284 humilitatem
1285 1245 1396 1285 suae
1437 1232 1673 1290 nationis
1724 1232 2010 1291 hominum

419 1333 701 1374 ,reversus
731 1334 834 1372 una
866 1333 987 1373 cum
1018 1319 1114 1375 Dei
1161 1321 1362 1390 populo
1400 1324 1658 1380 aerumnis
1680 1327 1866 1381 vexari
1893 1342 2009 1381 ma-

447 1409 592 1472 luit;
625 1411 714 1478 qui
751 1411 818 1463 ab
851 1410 917 1464 iis
955 1413 1160 1480 ejectus
1194 1411 1250 1464 in
1273 1411 1521 1467 exsilium
1549 1413 1616 1469 de
1645 1416 1841 1485 quibus
1873 1418 2012 1473 bene

450 1502 784 1566 merebatur,
823 1501 876 1555 in
918 1500 1257 1572 £thiopiam
1297 1503 1566 1574 pervenit,
1591 1505 1775 1576 ibique
1802 1523 1832 1563 a
1873 1524 2013 1564 cun-

450 1592 552 1646 ctis
581 1590 746 1646 rebus
779 1591 902 1646 aliis
927 1592 1137 1648 otiosus
1163 1607 1234 1660 ac
1261 1593 1400 1649 liber
1430 1593 1557 1649 totis
1593 1596 1754 1652 annis
1781 1599 2015 1668 quadra-

449 1683 596 1753 ginta
625 1683 1072 1754 contemplationi
1107 1685 1358 1741 universi,
1382 1686 1542 1756 hujus
1584 1687 1822 1744 intentus
1847 1704 2010 1746 vaca-

447 1776 568 1842 vit;
619 1774 718 1845 qui
769 1792 974 1832 annum
1034 1778 1146 1848 jam
1203 1771 1596 1849 octogesimum
1635 1796 1802 1852 agens
1841 1781 2009 1840 Deum

448 1865 756 1933 conspexit.
790 1875 1064 1933 quatenus
1099 1866 1306 1923 homini
1340 1866 1508 1923 Deum
1549 1869 1751 1926 intueri
1794 1871 1876 1928 fas
1907 1881 2010 1940 est,

447 1957 534 2010 vel
581 1957 766 2026 potius
826 1971 890 2011 eo
939 1967 1095 2026 pacto
1164 1974 1272 2027 quo
1321 1960 1528 2014 nemini
1594 1961 1876 2018 hominum
1929 1966 2013 2020 vi-

449 2047 578 2102 dere
611 2048 778 2102 Deum
822 2047 1081 2117 contigit,
1121 2047 1292 2118 ipsius
1333 2050 1491 2104 etiam
1540 2051 1632 2106 Dei
1663 2052 2012 2120 testimonio,

449 2141 543 2209 qui
578 2139 714 2192 dixit
749 2156 761 2192 :
801 2157 820 2189 ι
877 2138 934 2192 Si
968 2139 1091 2206 quis
1137 2139 1244 2193 erit
1273 2149 1512 2194 vestrum
1548 2142 1760 2196 Domini
1818 2153 1972 2199 vales
1995 2185 2012 2211 ,

452 2231 528 2283 llli
565 2245 664 2300 ego
694 2245 789 2298 per
834 2229 946 2283 visa
989 2237 1148 2284 notus
1186 2229 1308 2282 ﬁlim
1359 2239 1414 2284 et
1447 2229 1498 2284 iu
1556 2233 1762 2288 somnis
1795 2247 1920 2288 cum
1949 2248 2016 2288 eo

451 2326 666 2391 loquar.
714 2323 784 2376 At
813 2323 955 2375 'cum
993 2320 1139 2374 Mose
1196 2336 1317 2375 tneo
1367 2338 1472 2377 non
1524 2324 1673 2390 item,
1728 2325 1813 2380 cui
1849 2328 2016 2382 t0tius

382 2454 396 2465 .
452 2430 589 2468 mea:
649 2414 845 2468 domus
899 2411 1032 2468 ﬁdes
1092 2413 1321 2468 habetur
1359 2432 1370 2468 :
1406 2417 1539 2484 quin
1591 2431 1716 2470 eum
1776 2434 2018 2490 praesens

455 2515 778 2576 pra-sentem
831 2505 1060 2570 aﬂ'abor,
1091 2521 1386 2576 coramque
1427 2522 1513 2561 me
1545 2507 1635 2562 ille
1666 2521 1874 2576 cernet,
1909 2528 2016 2567 non

451 2609 552 2665 per
592 2598 874 2666 aenigmata
907 2596 976 2650 ⁸ο.
1022 2615 1040 2648 ι
1075 2594 1386 2650 Secundum
1424 2598 1546 2674 haec
1566 2599 1705 2652 idem
1738 2599 1915 2656 Moses
1949 2601 2017 2657 ad

455 2688 794 2745 Pharaonem
826 2682 1128 2758 ablegatur,
1158 2696 1216 2742 ut
1249 2704 1311 2743 ex
1337 2687 1570 2761 Egypto
1603 2691 1857 2760 populum
1885 2694 2014 2748 edu-

455 2790 627 2835 ceret.
687 2779 746 2834 ln
799 2778 1088 2850 )Egyptum
1146 2782 1311 2850 igitur
1361 2781 1447 2836 ubi
1507 2783 1769 2846 venisset,
1825 2784 2018 2840 eodem

458 2887 686 2927 uxorem
738 2884 956 2941 quoque
1013 2887 1135 2926 cum
1189 2872 1374 2928 liberis
1415 2874 1711 2928 transtulit.
1767 2873 1848 2930 Ob
1880 2875 2020 2931 hanc

455 2977 681 3018 causam
734 2964 784 3018 ei
820 2979 879 3018 se
933 2963 1155 3034 angelus
1189 2964 1349 3018 oll'ert
1396 2973 1660 3019 terrorem
1721 2966 2016 3022 incutiens.

2109 496 2204 550 τοῦ
2253 498 2517 569 Ἰωσήπου
2551 496 2801 551 τοιαῦτα.

2192 590 2250 643 '0
2281 589 2337 643 δι
2369 591 2542 659 μέγας
2570 589 2850 653 Βασίλειος
2877 591 2972 644 καὶ
2999 587 3123 644 τάδε
3157 585 3283 656 περὶ
3308 582 3404 638 τοῦ
3434 580 3688 642 Μωσέως

2111 682 2276 752 φησὶν
2297 719 2312 740 ,
2343 681 2428 734 ὅτι
2461 674 2615 745 οὗτός
2648 681 2796 735 ἐστιν
2824 680 2854 733 ὸ
2887 675 3258 750 μαρτυρηθεὶς
3290 675 3509 736 ἀστεῖος
3545 667 3687 725 εἶναι

2111 772 2262 844 παρὰ
2290 770 2410 844 Θεῷ
2435 771 2517 825 ἔτι
2547 769 2846 841 ὑπομάζιος
2874 768 2949 823 ὢν
2973 783 2988 800 ⁸
3019 767 3078 821 δν
3103 767 3490 836 εἰσεποιήσατο
3522 762 3629 833 μὲν
3656 762 3689 827 ἡ

2111 862 2361 933 θυγάτηρ
2402 861 2625 934 Φαραώ,
2669 858 2925 930 ἐξέθρεψε
2967 858 3025 912 δέ
3065 854 3381 928 βασιλικῶς,
3425 853 3563 914 τοὺς
3607 865 3691 903 σο-

2111 955 2246 1022 φοὺς
2277 954 2386 1007 τῶν
2418 953 2735 1020 Αἰγυπτίων
2763 951 3117 1012 διδασκάλους
3150 945 3297 1017 αὺτῷ
3331 945 3429 1014 τῆς
3464 941 3690 996 παιδεύ-

2113 1063 2250 1110 σεως
2274 1045 2618 1116 ἐπιστήσασα
2640 1062 2653 1077 ·
2682 1046 2738 1108 δς
2764 1044 2855 1098 τδν
2880 1044 3044 1111 ὄγκον
3066 1041 3163 1110 τῆς
3184 1036 3502 1110 τυραννίδος
3531 1034 3690 1104 μισή-

2113 1155 2237 1205 σας,
2259 1139 2352 1192 καὶ
2376 1138 2511 1209 πρὸς
2533 1138 2593 1191 τδ
2616 1137 2868 1192 ταπεινὸν
2889 1137 2998 1189 τῶν
3020 1133 3309 1204 ὁμοφύλων
3327 1125 3690 1200 ἀναδραμὼν,

2112 1229 2284 1284 είλετο
2319 1229 2812 1299 συγκακουχεῖσθαι
2845 1228 2922 1298 τῷ
2954 1227 3070 1297 λαῷ
3099 1226 3195 1278 τοῦ
3227 1222 3363 1278 Θεοῦ
3385 1238 3401 1253 ⁶
3439 1223 3471 1275 ὁ
3507 1236 3689 1290 φυγαο

2111 1323 2321 1388 δευθεὶς
2366 1323 2522 1392 παρὰ
2567 1323 2676 1377 τῶν
2719 1319 3211 1392 εὑεργετηθέντων,
3263 1315 3569 1372 κάντεῦθεν
3613 1314 3690 1375 εἰς

2111 1416 2210 1487 τὴν
2238 1415 2526 1470 Αἰθιοπίαν
2555 1414 2877 1469 καταλαϐὼν
2896 1453 2912 1478 ,
2945 1415 3108 1467 κάκεῖ
3137 1412 3322 1465 πᾶσαν
3349 1406 3559 1478 σχολὴν
3585 1403 3688 1457 ἀπὸ

2113 1509 2220 1564 τῶν
2259 1507 2436 1563 ἄλλων
2473 1509 2624 1576 ἄγων
2661 1510 2756 1562 καὶ
2798 1509 2856 1560 ἐν
2897 1503 3313 1576 τεσσαράκοντα
3353 1500 3502 1562 ὅλοις
3547 1497 3691 1550 ἔτεσι

2111 1605 2178 1673 τῇ
2213 1601 2415 1673 θεωρίᾳ
2445 1598 2550 1654 τῶν
2579 1600 2748 1654 ὄντων
2779 1597 3166 1670 ἀποσχολάσας
3189 1612 3206 1629 ο
3236 1594 3295 1658 ὃς
3327 1589 3690 1662 ὀγδοηκοστὸν

2043 1739 2086 1796 Β
2114 1695 2215 1763 ἤδη
2253 1692 2494 1761 γεγονὼς
2532 1690 2652 1755 ἔτος
2689 1687 2797 1745 εἶδε
2839 1690 2929 1743 τὸν
2957 1689 3093 1742 Θεὸν
3132 1687 3210 1792 ria;
3565 1681 3690 1796 Ξδεξν

2114 1783 2374 1851 δυνατὸν,
2421 1783 2621 1854 μᾶλλον
2647 1782 2718 1836 -δδ
2765 1781 2840 1845 ὡς
2889 1780 3066 1844 οὐδεὶς
3108 1778 3217 1832 τῶν
3259 1776 3436 1843 ἄλλων
3482 1770 3690 1839 ὑπῆρξε

2113 1872 2253 1926 κατὰ
2277 1872 2374 1943 τὴν
2402 1871 2708 1942 μαρτυρίαν
2731 1869 2896 1924 αὑτοῦ
2919 1856 3014 1923 τοῦ
3027 1867 3193 1934 Θεοῦ,
3217 1869 3298 1922 ὅτι
3330 1883 3352 1918 ι
3374 1865 3510 1919 Ἐὰν
3535 1862 3692 1930 γένη-

2113 1983 2201 2020 ται
2245 1965 2528 2036 προφήτης
2573 1963 2728 2034 ὑμῶν
2771 1962 2848 2033 τῷ
2881 1962 3105 2031 Κυρίῳ,
3152 1961 3214 2013 ἐν
3255 1958 3503 2029 ὁράματι
3547 1952 3688 2022 αὐτῷ

2115 2057 2500 2128 γνωσθήσομαι
2531 2057 2626 2111 καὶ
2654 2057 2713 2110 ἐν
2741 2053 2896 2124 ὕπνῳ
2925 2054 3145 2124 λαλήσω
3175 2050 3324 2122 αὐτῷ
3343 2090 3358 2116 ,
3384 2049 3489 2118 οὐχ
3518 2045 3690 2106 οὕτως

2113 2149 2188 2211 ὡς
2210 2149 2238 2201 ὁ
2264 2147 2518 2219 θεράπων
2545 2165 2646 2217 μου
2670 2147 2876 2217 Μωσῆς
2900 2148 2958 2199 ἐν
2981 2145 3088 2215 ὅλῳ
3109 2143 3187 2214 τῷ
3211 2143 3346 2210 οἴκῳ
3373 2156 3480 2212 μου
3507 2138 3691 2200 πιστός

2116 2244 2234 2296 ἐστι
2252 2282 2269 2309 ,
2302 2233 2476 2313 στόμα
2505 2241 2647 2297 κατὰ
2679 2241 2854 2309 στόμα
2883 2239 3102 2309 λαλήσω
3133 2234 3282 2304 αὐτῷ
3301 2272 3316 2297 ,
3345 2235 3404 2286 ἐν
3432 2231 3572 2285 εἴδει
3600 2227 3690 2281 καὶ

2115 2336 2184 2389 δι’
2205 2334 2560 2402 αἰνιγμάτων.
2597 2353 2615 2383 ι
2652 2332 2762 2386 Καὶ
2792 2332 2929 2398 μετὰ
2956 2317 3131 2382 ταῦτα
3160 2326 3298 2397 πρὸς
3325 2320 3534 2392 Φαραὼ
3560 2322 3690 2374 ἁπο-

2119 2424 2396 2478 στέλλεται
2422 2423 2583 2494 χάριν
2607 2423 2702 2475 τοῦ
2733 2420 2943 2475 ἐκὶῖθεν
2973 2419 3258 2486 ἐξαγαγεῖν
3283 2415 3375 2468 τδν
3403 2411 3562 2466 λαόν.
3589 2410 3688 2462 Πα-

2122 2515 2481 2586 ραγενόμενος
2528 2509 2622 2568 οὖν
2665 2513 2747 2576 είς
2790 2511 3066 2580 Αἴγυπτον
3108 2507 3268 2562 ἐλαϐε
3309 2505 3410 2576 τὴν
3456 2502 3690 2571 γυναῐκα

2119 2607 2212 2661 καὶ
2243 2606 2310 2660 τὰ
2346 2606 2534 2658 παιδία
2567 2603 2734 2660 αὐτοῦ
2755 2642 2769 2667 ,
2806 2603 2902 2656 καὶ
2935 2601 3174 2672 εἰσῆλθε.
3209 2598 3302 2652 Διὸ
3333 2596 3428 2651 καὶ
3462 2593 3688 2663 ἄγγελος

2121 2699 2369 2768 φαίνεται
2409 2697 2592 2766 φοϐῶν
2625 2694 2789 2750 αὐτόν
2813 2710 2828 2727 ⁸
2862 2695 2923 2748 οὗ
2966 2695 3072 2763 γὰρ
3110 2691 3327 2760 οἰκῆσαι
3369 2688 3490 2740 ἐκεῖ
3529 2686 3692 2752 ἐπέμ-

2120 2805 2287 2850 πετο,
2322 2785 2436 2843 άλλ’
2466 2785 2756 2854 ἐξαγαγεῖν
2787 2785 2881 2837 τὸν
2919 2781 3154 2852 Ἰσραήλ.
3183 2779 3363 2847 Ὅπερ
3393 2775 3498 2828 καὶ
3537 2772 3690 2834 amt;

2123 2877 2347 2932 συνιδὼν
2371 2877 2563 2948 ἀφίησι
2589 2876 2689 2946 τὴν
2716 2877 2968 2945 γυναῖκα.
2998 2872 3108 2926 Καὶ
3136 2868 3292 2940 δῆλον
3319 2867 3382 2919 ἐκ
3406 2863 3507 2917 τοῦ
3530 2861 3693 2938 Ἶφθδρ

2124 2970 2264 3036 μετὰ
2294 2969 2394 3037 τῆς
2432 2966 2691 3036 γυναικὸς
2732 2964 2898 3020 αὐτοῦ
2940 2962 3248 3032 ὑπαντῆσαι
3289 2957 3438 3027 αὐτῷ
3477 2955 3691 3025 ἐξερχο-

453 3054 571 3110 Non
605 3057 749 3109 enim
779 3055 907 3110 illuc
933 3063 1218 3125 propterea
1261 3055 1590 3121 mittebatur,
1631 3064 1688 3110 ut
1713 3057 1834 3112 istic
1859 3058 2012 3113 babi-

2122 3062 2286 3131 μένῳ.
2323 3062 2428 3114 Τὸν
2464 3060 2651 3131 μέντοι
2689 3058 2889 3129 Φαραὼ
2927 3057 3002 3127 μὴ
3036 3055 3361 3124 πειθόμενον
3381 3045 3690 3134 ιάποδοῦναι

455 3157 637 3213 taret,
686 3147 781 3202 sed
841 3155 902 3200 ut
948 3145 1205 3217 populum
1242 3148 1520 3201 educeret.
1561 3149 1676 3213 Qua
1730 3163 1790 3202 re
1833 3162 2016 3203 secum

2125 3153 2217 3207 τὸν
2242 3154 2372 3206 λαδν
2401 3153 2694 3224 άφορήτοις
2723 3151 3016 3205 ὑποϐάλλει
3049 3145 3320 3219 μάστιξιν.

452 3239 834 3294 animadversa
875 3254 1098 3294 uxorem
1130 3238 1375 3292 dimittit.
1411 3238 1523 3293 lloc
1557 3241 1782 3295 omnino
1817 3241 2017 3296 factum
2060 3261 2185 3300 esse
2251 3246 2336 3300 vel
2387 3247 2514 3301 inde
2583 3252 2751 3315 patet,
2784 3245 2933 3314 quod
2961 3242 3207 3298 Jotorum
3238 3252 3364 3294 cum
3397 3248 3574 3290 uxore
3603 3234 3696 3288 ob-

454 3335 602 3389 vium
633 3333 868 3399 habuit,
902 3347 1025 3385 cum
1078 3340 1144 3386 ex
1197 3329 1430 3402 lEgypto
1504 3333 1873 3402 egrederetur.
1946 3336 2092 3391 Idem
2134 3339 2473 3394 Pharaonem
2537 3340 2828 3393 restituere
2877 3335 2986 3392 Deo
3037 3334 3295 3410 populum
3331 3346 3495 3387 suum
3545 3344 3696 3384 recu-

455 3435 667 3481 santem
703 3411 1138 3477 intolerabilibus
1170 3421 1340 3490 plagis
1377 3421 1565 3477 al'ﬁcit.

525 3520 637 3573 Cur
661 3528 841 3572 autem
872 3517 1145 3587 permisit,
1170 3519 1416 3582 obsecro,
1450 3517 1593 3573 Deus
1617 3527 1674 3573 ut
1699 3531 2020 3578 exeantores

458 3613 647 3665 eadem
705 3608 1038 3678 perﬁcerent
1095 3623 1216 3677 qua:
1249 3605 1426 3663 Moses
1455 3611 1822 3691 pratstiterat?
1850 3613 2024 3668 Nimi-

458 3718 580 3756 rum
613 3699 978 3756 ut’uendacii
1015 3700 1365 3770 veritatisque
1390 3700 1686 3756 discrimen
1722 3703 2023 3774 pateﬁeret.

458 3796 594 3848 Nam
622 3804 676 3848 et
707 3793 808 3864 ipsi
846 3793 1064 3862 quidem
1108 3793 1300 3862 virgas-
1332 3793 1386 3847 in
1425 3801 1709 3864 serpentes
1741 3806 2029 3852 converte-

459 3889 610 3953 bant,
643 3902 832 3941 verum
866 3886 1012 3956 virga
1060 3885 1224 3941 Mosis
1271 3886 1512 3957 ipsorum
1554 3887 1736 3958 virgas
1766 3890 2028 3958 deglutie—

438 3975 573 4034 'bat.
613 3978 894 4033 Mtttabant
920 3987 975 4033 et
1005 3980 1103 4049 ipsi
1139 3994 1332 4048 aquam
1389 3981 1440 4032 in
1480 3982 1828 4051 sanguinem,
1867 3981 2029 4053 156

2191 3525 2300 3579 Kal
2332 3523 2384 3578 τί
2424 3523 2487 3593 δή
2533 3539 2662 3576 ποτε
2701 3521 3080 3591 συνεχώρησεν
3111 3521 3140 3573 ὀ
3161 3517 3296 3580 Θεὸς
3327 3517 3439 3581 τοῖς
3477 3531 3696 3586 φαρμα-

2121 3619 2237 3680 κοῖς
2271 3616 2338 3668 τὰ
2370 3615 2508 3669 αὐτὰ
2539 3615 2736 3686 δρᾶσαι
2767 3614 2844 3684 τῷ
2876 3614 3065 3667 Mens!
3085 3631 3098 3678 ;
3122 3614 3241 3665 Ἵνα
3271 3609 3457 3680 δειχθῇ
3492 3609 3558 3686 το
3589 3608 3698 3662 6t!!-

2125 3726 2291 3779 φορον
2321 3707 2415 3762 τοῦ
2443 3724 2505 3760 τε
2529 3679 2762 3776 ψεύδους
2793 3679 2886 3758 καὶ
2913 3707 3010 3774 τῆς
3037 3702 3318 3775 ἀληθείας.
3348 3679 3699 3757 Macednum

2127 3802 2238 3871 γὰρ
2263 3801 2356 3855 καὶ
2383 3800 2540 3854 αὐτοὶ
2563 3799 2660 3861 τὰς
2691 3798 2920 3868 ῥάϐδους
2946 3799 3026 3859 εἰς
3055 3796 3228 3865 δφεις,
3257 3793 3372 3847 ἀλλ’
3397 3795 3431 3864 ἡ
3458 3793 3700 3854 Μωσέως

2138 3891 2330 3961 ῥάϐδος
2368 3888 2468 3953 τὰς
2510 3889 2733 3941 ἐκείνων
2774 3891 3022 3940 κατέπιε.
3068 3883 3413 3939 Μετέϐαλλον
3459 3883 3698 3936 κάκεῖνοι

2135 3968 2195 4036 rb
2225 3983 2368 4053 ὕδωρ
2398 3982 2477 4045 είς
2505 3978 2664 4051 αἷμα,
2697 3982 2810 4036 ἀλλ’
2835 3983 2916 4045 είς
2959 3979 3058 4052 τὴν
3107 3977 3380 4050 προτέραν
3410 3961 3578 4047 (ῥύσιν
3607 3979 3698 4030 ἐπ-

459 4070 553 4124 sed
592 4070 932 4122 immutatam
958 4069 1126 4123 semel
1162 4078 1370 4123 natura:
1393 4071 1562 4138 priori
1595 4073 1885 4128 restituere
1915 4087 2012 4126 nor

2137 4076 2432 4143 αναγαγεῖν
2460 4075 2522 4127 τὸ
2553 4074 2696 4145 ὕδωρ
2725 4075 2825 4128 οὐκ
2857 4075 3100 4142 ἴσχυσαν.
3122 4071 3232 4127 Kal
3246 4073 3370 4133 τοὺς
3403 4070 3700 4142 βατράχους

460 4168 735 4230 poterant.
768 4158 1085 4212 Educebant
1115 4167 1170 4212 et
1225 4159 1325 4229 ipsi
1381 4175 1569 4224 ranas,
1599 4161 1693 4215 sed
1723 4165 1792 4216 ab
1832 4161 2012 4217 iisdem

2133 4168 2420 4240 ἐξήγαγον,
2447 4169 2506 4221 οὐ
2543 4169 2653 4236 μὴν
2682 4166 3116 4242 καὶάπαλλάξαι
3145 4163 3324 4218 αὐτῶν
3351 4163 3455 4225 τὰς
3478 4163 3592 4214 τῶν
3619 4161 3698 4215 Ai-

423 4250 603 4304 ‘aedes
636 4247 1016 4319 Egyptiorum
1051 4263 1341 4320 repurgare
1368 4264 1476 4303 non
1517 4260 1787 4320 poterant.
1825 4249 2024 4306 Iisdem
2130 4262 2374 4329 γυπτίων
2418 4261 2764 4330 ἠδυνήθησαν
2805 4259 3003 4321 οἰκίας.
3046 4259 3157 4314 Καὶ
3199 4258 3280 4320 είς
3330 4253 3432 4325 μὲν
3475 4253 3539 4306 τὸ
3584 4267 3698 4306 παι·

461 4344 690 4400 facultas
725 4352 844 4399 erat
880 4341 1163 4415 )Egyptios
1194 4343 1445 4411 vexandi,
1485 4345 1578 4400 sed
1634 4345 1856 4400 sedandi
1894 4361 2012 4416 sup-

2131 4355 2306 4409 δεύειν
2345 4355 2471 4416 τοὺς
2509 4352 2845 4422 Αἰγυπτίους
2891 4352 2986 4404 καὶ
3027 4351 3138 4414 τοῖς
3180 4348 3496 4420 φαρμακοῖς
3537 4344 3700 4398 ἐνεδί-
3734 4356 3738 4363 ·

461 4436 608 4506 plicii
654 4433 1197 4505 potestatemnullam
1229 4434 1523 4489 habebant.
1561 4435 1703 4501 Quin
1731 4437 1892 4490 etiam
1936 4440 2012 4507 ip-

2131 4444 2280 4506 δοτο,
2312 4442 2390 4504 εἰς
2412 4441 2478 4492 ,τὸ
2511 4439 2706 4492 παύειν
2737 4437 2836 4507 τὴν
2863 4437 3134 4507 τιμωρίαν
3162 4437 3368 4490 οὐκέτι.
3403 4435 3625 4490 Μᾶλλον
3649 4431 3699 4484 δέ

361 4587 370 4598 ,
461 4545 647 4583 surum
679 4542 907 4597 corpora
951 4527 1186 4596 pustulis
1235 4528 1375 4581 Dens
1443 4527 1614 4596 magis
1641 4526 1829 4581 alllixit
1867 4543 2012 4597 quan

2129 4535 2227 4598 τὰς
2259 4532 2552 4602 φλυκτίδας
2583 4533 2676 4584 καὶ
2705 4531 2815 4592 τοῖς
2848 4529 3073 4581 ἐκείνων
3102 4529 3378 4599 ἐπήνεγκε
3415 4526 3694 4596 σώμασιν,

463 4621 824 4688 reliquorum,
855 4628 914 4672 ut
946 4619 1074 4672 hinc
1111 4617 1455 4672 manifestum
1492 4617 1644 4671 ﬁeret
1699 4633 1807 4673 non
1848 4619 2012 4672 solun

2131 4626 2204 4684 ὡς
2237 4623 2486 4676 ἐντεῦθεν
2516 4623 2675 4691 δῆλον
2705 4620 2781 4684 ὡς
2813 4621 2876 4673 οὐ
2913 4625 3074 4688 μόνον
3106 4619 3322 4690 ἐπέχειν
3351 4619 3413 4671 οὐ
3451 4617 3697 4671 δύνανται

464 4712 613 4781 ipsos
676 4726 866 4780 pmnas
915 4709 1180 4764 divinitus
1217 4713 1482 4777 irrogatas
1513 4708 1760 4764 inhibere
1795 4725 1905 4763 non
1936 4725 2012 4780 po

2135 4717 2232 4778 τὰς
2265 4714 2560 4785 θεηλάτους
2589 4713 2789 4782 ὀργάς,
2823 4711 2960 4765 ἀλλὰ
2991 4709 3087 4763 καὶ
3107 4709 3270 4763 αὐτοὶ
3300 4707 3702 4778 συντιμωροῦν-

413 4825 427 4837 ο
467 4803 656 4865 tuisse,
689 4803 782 4856 sed
819 4805 982 4856 etiam
1006 4817 1129 4857 cum
1158 4801 1371 4857 caeteris
1399 4800 1588 4855 eadem
1617 4801 1878 4870 supplicia
1910 4815 2012 4871 per

2137 4819 2228 4854 ται
2257 4804 2370 4865 τοῖς
2404 4800 2607 4859 ἄλλοις.
2638 4799 2799 4852 Ὅθεν
2830 4806 2924 4852 καὶ
2954 4798 3206 4868 δακτύλῳ
3237 4795 3374 4850 Θεοῦ
3402 4797 3472 4849 τὰ
3510 4796 3702 4865 σημεῖα

468 4894 680 4949 tulisse.
727 4894 846 4960 Quo
896 4891 1095 4948 factum
1149 4901 1234 4948 est
1292 4902 1349 4948 ut
1407 4894 1557 4946 istaec
1605 4893 1846 4964 prodigia
1895 4909 2012 4963 mag

2141 4895 2191 4946 οί
2237 4891 2400 4961 μάγοι
2447 4890 2631 4956 ἔλεγον
2671 4888 2938 4955 γίνεσθαι.
2979 4887 3186 4958 Μηδεὶς
3228 4882 3326 4942 οὖν
3360 4883 3699 4956 θαυμαζέτω,

466 4987 654 5040 divino
680 4985 1057 5056 digitoperﬁei
1090 4977 1414 5039 faterentur.
1449 4985 1659 5039 ideirco
1695 4985 1898 5039 nemini
1935 4986 2012 5038 mi

2143 4987 2298 5055 εἴπερ
2334 4982 2503 5036 ἐλθὼν
2531 4984 2560 5036 ὁ
2593 4981 2963 5052 Ἀντίχριστος
3001 4983 3206 5051 σημεῖα
3241 4981 3461 5048 ποιήσει
3496 4977 3592 5030 καὶ
3620 4977 3700 5026 τέ-

467 5094 587 5132 rum
617 5077 785 5131 videri
815 5076 1035 5130 debebit
1064 5077 1458 5130 Antichristum
1495 5092 1742 5146 quoque,
1793 5077 1884 5130 ubi
1934 5077 2008 5130 sci

2147 5091 2283 5144 ρατα
2307 5089 2324 5104 ·
2361 5076 2455 5126 καὶ
2491 5073 2599 5142 γὰρ
2635 5073 2685 5124 οἱ
2723 5073 2888 5141 μάγοι
2925 5063 3110 5135 οὗτοι,
3147 5070 3178 5122 ὃ
3217 5084 3276 5122 τε
3311 5066 3579 5136 Ζαμϐρῆς
3614 5061 3698 5114 καὶ

467 5172 595 5225 licet
652 5169 972 5230 advenerit,
1016 5168 1260 5235 prodigia
1313 5168 1480 5220 multa
1516 5179 1874 5237 portentaque
1914 5168 2012 5222 edi-

2145 5165 2373 5230 Ἰαννῆς,
2418 5165 2518 5226 τὰς
2567 5162 2795 5235 ῥάϐδους
2839 5164 2919 5222 εἰς
2963 5160 3117 5230 ὄφεις
3166 5156 3512 5230 μετέϐαλλον.
3551 5151 3701 5209 Ἀλλὰ

469 5268 686 5323 turum;
741 5273 866 5309 nam
899 5265 953 5311 et
987 5256 1043 5309 hi
1103 5255 1266 5324 magi,
1315 5254 1573 5309 Zanibres
1605 5267 1767 5326 atque
1801 5257 2002 5317 Jannes

2137 5260 2230 5312 καὶ
2269 5258 2451 5326 Σίμων
2489 5260 2517 5310 ὁ
2561 5257 2740 5326 μάγος
2775 5253 3101 5324 ἀνδριάντας
3141 5251 3318 5304 ἐποίει
3362 5248 3694 5319 περιπατεῖν,

468 5351 648 5421 virgas
666 5350 718 5401 in
743 5358 1022 5418 serpentes
1046 5355 1471 5401 commutat-unt.
1489 5346 1630 5412 Quin
1656 5349 1821 5402 etiam
1847 5347 2012 5401 Simon

2137 5351 2227 5402 ml
2264 5337 2494 5437 aiam”)?
2536 5348 2856 5415 κυλιόμενος
2893 5345 2994 5398 οὐκ
3036 5343 3273 5406 ἐκαίετο,
3315 5340 3412 5395 καὶ
3451 5339 3531 5400 εἰς
3570 5336 3694 5404 ἀέρα

471 5441 564 5496 ille
589 5455 778 5509 magus
819 5439 998 5494 eﬁ‘ecit
1043 5449 1099 5492 ut
1138 5447 1328 5493 statuae
1373 5440 1733 5493 ambularent.
1787 5439 1931 5493 Idem
1984 5439 2012 5491 ἰι

2140 5438 2362 5502 ἵπτατο,
2395 5425 2489 5489 nail
2517 5437 2579 5488 ὲκ
2608 5434 2770 5486 λίθων
2803 5434 2999 5502 ἄρτους
3025 5429 3230 5495 ἐποίει,
3263 5425 3692 5500 μετεμορφοῦτο.

474 5533 650 5601 ignem
681 5532 972 5602 prosiliens
1003 5549 1107 5587 non
1141 5542 1320 5586 tamen
1355 5530 1635 5596 urebatur;
1670 5532 1723 5583 in
1761 5546 1884 5585 aera
1914 5531 2012 5584 sub

2140 5529 2484 5597 διπρόσωπος
2514 5525 2746 5592 ἐγίνετο,
2779 5528 2856 5587 εἰς
2887 5522 3087 5598 χρυσὸν
3121 5521 3503 5591 μετεϐάλλετο,
3539 5517 3695 5585 θύρας

437 5707 442 5748 ι
547 5699 596 5730 ⁸ο
634 5697 793 5754 Num.
823 5715 920 5765 xu,
949 5699 999 5754 6.
