3862 6228
435 293 609 360 307'

1688 310 2114 376 MICHAELIS
2152 314 2413 379 GLYC/E

3569 333 3668 395 308

405 405 613 489 _xi§tis.
647 406 838 463 Vestra
893 410 1113 478 quidem
1156 413 1317 486 159
1346 418 1588 473 membra
1632 418 1689 475 in
1723 421 1828 478 ista
1870 422 1987 478 solii

2101 418 2180 478 νόι
2212 425 2271 479 ἐν
2318 428 2384 496 τῇ
2446 419 2642 502 ὲρῆμῳ
2689 431 3100 505 τεσσαράκοντα
3126 433 3244 502 ἔτη,
3276 436 3370 490 καὶ
3411 436 3669 494 άνύσουσι

431 495 624 550 tudine
647 499 863 556 cadent.
897 499 1017 556 Nati
1040 512 1220 559 autem
1248 510 1416 562 vestri
1447 510 1645 582 degant
1670 514 1723 566 in
1749 513 1850 569 hac
1864 516 1997 572 soli-

434 588 624 642 tudine
678 605 855 646 annos
903 595 1278 665 quadraginta,
1299 608 1354 654 et
1396 603 1582 657 tandiu
1621 617 1862 662 vestrum
1894 609 1998 665 hoc

435 680 543 735 iter
584 683 912 748 conficient,
948 688 1123 743 donec
1160 693 1401 747 membra
1434 696 1617 750 vestra
1654 698 1710 751 in
1757 701 1996 757 desertis

359 754 378 790 ’θ
436 771 813 830 absumantur.
867 777 1011 842 Quot
1059 781 1252 838 diebus
1297 791 1495 839 terram
1527 789 1873 858 explorastis,
1903 795 1995 864 qui

434 862 659 918 omnino
689 867 1044 937 quadraginta
1072 871 1309 940 fuerunt,
1354 891 1449 945 per
1480 880 1702 936 totidem
1735 862 1996 942 annos—ad

436 953 662 1008 totidem
697 955 811 1012 dies
862 959 1062 1015 relatos
1086 964 1274 1030 culpas
1313 977 1521 1024 vestras
1553 970 1748 1037 luetis,
1785 983 1839 1030 et
1869 976 1996 1046 quid

435 1047 518 1102 ira
547 1064 664 1102 mea
697 1053 769 1105 sit
802 1056 1160 1123 expcriemini
1187 1060 1249 1114 ⁸³.
1289 1079 1308 1113 ι
1346 1061 1608 1119 Nimirum
1647 1065 1722 1120 illi
1747 1069 1998 1138 explora-

435 1143 584 1190 tores
627 1139 770 1195 inter
805 1144 907 1198 alia
943 1146 1046 1200 hoc
1070 1149 1233 1203 etiam
1255 1155 1597 1220 pcrvertendi
1623 1158 1806 1226 populi
1834 1173 1997 1216 causa

437 1230 799 1298 protulerant,
825 1225 883 1288 se
930 1237 1184 1295 familiam
1227 1241 1635 1312 Enaqninorum
1664 1249 1721 1303 in
1767 1250 1833 1306 iis
1861 1253 1997 1309 locis

436 1319 638 1376 vidisse
661 1362 676 1384 .
712 1325 803 1394 qui
835 1340 1018 1383 essent
1049 1331 1298 1388 homines
1334 1351 1498 1405 supra
1536 1339 1753 1395 modum
1784 1345 1997 1411 proceri

435 1421 491 1464 et
520 1413 802 1484 gigantes,
832 1433 954 1473 cum
994 1423 1192 1490 quibus
1249 1426 1350 1496 ipsi
1405 1429 1585 1484 collati
1636 1431 1858 1489 locusta:
1896 1436 1998 1492 sibi

433 1515 556 1556 esse
595 1505 694 1559 visi
744 1506 997 1566 fuissent.
1038 1512 1354 1573 Attulernnt
1398 1521 1450 1575 id
1506 1525 1765 1590 temporis
1810 1541 1997 1583 secum
2035 1531 2058 1544 ‘

436 1601 602 1647 tanta:
632 1595 846 1651 botrum
880 1605 1308 1673 magnitudinis,
1361 1621 1422 1665 ut
1461 1614 1708 1670 vectibus
1760 1627 1812 1672 et
1863 1619 1999 1688 palis

433 1683 630 1748 gestari
662 1700 785 1740 eum
823 1703 1051 1747 necesse
1100 1695 1259 1752 foret.
1295 1699 1561 1755 Caeterum
1592 1702 1893 1772 Israelicos,
1927 1709 1997 1764 ob

433 1772 566 1828 iram
592 1774 832 1832 divinam
859 1772 1172 1852 castigatos,
1200 1795 1407 1842 tantum
1441 1791 1494 1845 in
1527 1793 1826 1852 solitudine
1858 1809 1994 1854 tem-

433 1865 585 1933 poris
634 1869 880 1946 exegisse
914 1872 1148 1944 Cyrillus
1171 1877 1332 1932 etiam
1361 1880 1539 1938 verbis
1563 1885 1711 1942 hisce
1743 1895 1992 1959 testatur,

431 1953 486 2006 in
521 1969 588 2009 eo
645 1957 785 2014 libro
834 1964 1178 2020 exstantibus
1215 1983 1377 2037 quem
1433 1970 1507 2028 De
1535 1976 1806 2043 spiritualt'
1850 1953 1995 2038 culta

431 2044 753 2115 inscripsit:
794 2052 929 2118 Quia
994 2053 1214 2116 fremitu
1266 2075 1395 2138 suo.
1430 2062 1600 2120 Deum
1651 2069 1996 2131 oﬂenderunt

433 2135 697 2205 lsraelici,
729 2145 1088 2215 quadraginta
1138 2165 1234 2218 per
1279 2135 1627 2212 solitudinem
1677 2164 1834 2218 annis
1868 2175 1996 2222 sunt

431 2225 710 2294 obvagati.
765 2232 908 2287 Deus
938 2236 1084 2290 enim
1127 2238 1485 2311 jurejurando
1513 2246 1754 2306 futurum
1799 2256 1997 2311 confir-

433 2317 602 2372 mavit
639 2334 699 2374 se
733 2321 787 2378 in
805 2335 1012 2380 terram
1048 2332 1366 2398 promissam
1398 2335 1546 2406 ipsos
1577 2340 1994 2414 haudquaquam

433 2407 893 2484 introducturum.
929 2415 1106 2488 Atque
1156 2423 1258 2478 hoc
1281 2425 1666 2499 jusjurandum
1705 2407 1796 2489 Ι)ῠεί
1836 2407 1996 2493 bavi-

432 2494 529 2552 des
565 2499 649 2554 his
685 2506 869 2565 verbis
906 2511 1160 2578 exposuit
1192 2531 1206 2569 :
1257 2494 1293 2568 «⁷
1322 2516 1494 2576 Iratus
1519 2519 1698 2590 juravi
1733 2542 1844 2582 non
1871 2542 1994 2586 esse

432 2603 608 2645 meam
649 2592 702 2647 in
763 2599 1064 2667 requietem
1115 2591 1475 2673 perventurds
1508 2613 1572 2666 ⁸⁸.
1620 2631 1638 2664 ι
1686 2615 1858 2687 llujus
1901 2623 1993 2678 irae

432 2683 704 2739 terminus
753 2696 831 2743 tot
885 2693 1043 2748 annis
1093 2697 1346 2753 definitus
1395 2713 1511 2757 erat
1561 2715 1691 2773 quot
1737 2683 1993 2780 superius

351 2812 357 2818 .
427 2773 664 2839 expositi
707 2784 868 2847 sunt';
909 2793 1070 2854 atque
1108 2787 1214 2842 illis
1239 2790 1438 2857 elapsis
1467 2796 1694 2850 omnino
1724 2773 1992 2859 exstincta

429 2871 532 2916 est.
573 2863 710 2922 Tum
739 2871 935 2928 deinde
961 2879 1071 2934 nati
1110 2895 1298 2935 eorum
1333 2882 1626 2942 Iordanem
1649 2892 1995 2950 transierunt

2097 2959 2110 2969 u
2425 2959 2454 2979 ‘|
2478 2959 2716 2964 """""'
2751 2959 2827 2968 "'

427 2959 484 3004 et
503 2963 700 3017 terram
727 2965 1042 3030 promissam
1080 2971 1308 3042 ingressi
1341 2981 1490 3037 sunt,
1529 2974 1711 3034 divina
1745 2981 1833 3037 illa
1888 2987 2170 3047 iracundia
2221 2995 2697 3068 quadragesimum
2755 3019 2860 3058 ann

429 3046 586 3068 ιηεπ-
686 3053 699 3066 ο
913 3061 927 3068 ·
1054 3065 1084 3068 --

2096 518 2197 590 τήν
2221 521 2448 592 πορείαν
2470 523 2644 594 ὑμῶν,
2678 527 2782 591 ἕως
2809 528 2875 582 ἂν
2899 528 3486 612 άναλωθῶσιτὰὴκῶλα
3515 533 3670 603 ὑμῶν

2097 612 2155 667 ὲν
2187 615 2251 683 τῇ
2290 615 2502 686 ἐρήμῳ,
2547 619 2688 673 κατά
2737 619 2828 686 τὸν
2861 621 3243 706 άριθμὺν.τῶν
3280 624 3509 695 ἡμερῶν
3538 626 3668 688 ὅσας

2098 706 2512 776 κατεσκέψασθε
2545 709 2642 781 τὴν
2675 713 2810 783 γῆν,
2846 717 3260 786 τεσσαράκοντα
3295 718 3540 788 ἡμέρας,
3576 719 3669 772 καὶ

2097 797 2377 865 γνώσεσθε
2405 802 2498 866 τὸν
2552 803 2724 875 θυμόν
2783 823 2908 876 μου.
2953 827 2971 860 ι
3007 809 3164 863 Μετὰ
3207 808 3319 882 γάρ
3349 810 3460 865 τῶν
3488 812 3669 866 ἄλλων

2097 891 2192 944 καὶ
2226 891 2385 947 τοῦτο
2432 889 2589 950 εἷπον
2629 895 2710 962 εἰς
2736 899 3069 972 διαστροφὴν
3111 902 3205 956 τοῦ
3236 901 3368 956 λαοῦ
3393 921 3409 936 ·
3444 922 3464 956 ι
3518 903 3670 958 Ἐκεῖ

2097 979 2312 1051 εἴδομεν
2338 983 2437 1055 τὴν
2459 988 2655 1053 γενεάν
2683 988 2779 1044 τοῦ
2822 991 3045 1057 Ἓναὰκ,
3069 993 3274 1065 ἄνδρας
3294 994 3668 1065 ὑπερμήκεις,
3756 992 3759 994 ’

2097 1073 2382 1144 γίγαντας,
2406 1072 2481 1131 ὧν
2515 1080 2747 1143 ἐνώπιον
2773 1079 2916 1155 ἦμεν
2946 1086 3080 1142 timet
3101 1087 3346 1158 άκρίδες.
3375 1106 3395 1141 ι
3431 1087 3671 1159 Ἐφερον

2095 1163 2153 1218 δὲ
2213 1167 2306 1220 καὶ
2339 1169 2534 1239 βότρυν
2570 1173 2780 1227 ἐκεῖθεν
2832 1175 3132 1249 ὑπερμήκη
3168 1179 3429 1233 τοσοῦτον
3479 1178 3561 1242 ὡς
3586 1179 3669 1231 ἐπ’

2090 1254 2467 1327 ’ἀναφορεῦσιν
2497 1261 2661 1316 αὑτὸν
2683 1263 3076 1334 βαστάζεσθαι.
3105 1268 3232 1321 Ὅτι
3257 1268 3314 1322 δὲ
3340 1267 3670 1338 παιδευόμε-

2097 1365 2186 1411 νος
2215 1350 2244 1402 6
2280 1349 2494 1432 Ἰσραὴλ
2523 1357 2666 1410 κατὰ
2695 1356 2846 1413 Θείαν
2877 1359 3048 1432 ὀργὴν
3084 1360 3342 1416 τοσοῦτον
3376 1364 3439 1416 ἐν
3474 1363 3670 1432 ἐρήμῳ

2096 1431 2621 1520 διεϐίϐασίκαῲδν,
2647 1451 2744 1505 καὶ
2773 1450 2866 1504 τοῦ
2895 1431 3133 1521 μεγάλου
3173 1455 3448 1525 Κυρίλ).ου
3480 1431 3670 1523 λέγον-

2096 1551 2188 1597 τος
2214 1533 2403 1590 ἄκουε.
2453 1536 2544 1592 Ἐν
2573 1541 2682 1609 γὰρ
2714 1543 2782 1610 τῇ
2808 1543 2950 1612 Περὶ
2975 1542 3085 1613 τῆς
3130 1546 3202 1600 ἐν
3227 1547 3534 1616 πνεύματι
3568 1550 3671 1600 1a-

2097 1625 2296 1692 τρείας
2331 1627 2499 1699 βίϐλῳ
2531 1630 2699 1684 αὑτοῦ
2723 1635 2817 1688 καὶ
2842 1634 2971 1688 τάδε
2999 1636 3190 1705 φησὶν,
3238 1637 3321 1690 ὅτι
3354 1636 3666 1708 προσκρούο

2101 1729 2198 1777 σας
2225 1716 2253 1769 6
2309 1717 2526 1789 Ἰσραὴλ
2565 1725 3004 1792 τεσσαρακοστὸν
3058 1725 3176 1790 lto;
3222 1725 3504 1782 ἐπλανᾶτο
3531 1730 3668 1782 κατὰ

2097 1807 2198 1876 τὴν
2219 1807 2462 1880 ἕρημονο
2486 1813 2634 1885 ὅρκῳ
2657 1814 2766 1886 γάρ
2803 1815 3020 1887 ὤμοσεν
3053 1820 3082 1872 6
3140 1819 3272 1883 Θεὸς
3316 1819 3391 1892 μὴ
3428 1821 3668 1908 είσάξειν

2098 1899 2296 1965 αὐτοὺς
2326 1903 2406 1967 είς
2439 1906 2539 1976 τήν
2576 1906 2680 1977 γῆν
2709 1908 2809 1977 τῆς
2847 1910 3205 1979 ἐπαγγελίας.
3241 1913 3351 1966 Καὶ
3397 1899 3564 1968 τοῦτο
3584 1914 3668 1967 διὰ

2098 1987 2192 2042 τοῦ
2227 1990 2394 2044 Δαϐὶδ
2411 1992 2610 2060 ἔδειξεν
2632 1997 2822 2063 εἰπὼν,
2849 1998 2925 2064 ὥς
2949 2001 3179 2082 Ὠμοσα..
3195 2003 3255 2055 έν
3283 2005 3350 2073 τῇ
3375 2004 3518 2076 ὀργῇ
3545 2023 3666 2074 μου,

2102 2079 2152 2131 εἰ
2181 2081 2582 2138 εἰσελεύσονται
2628 2089 2720 2160 ,εἰς
2756 2090 2855 2161 τὴν
2891 2093 3245 2146 κατάπαυσίν
3281 2110 3407 2162 μου.
3447 2097 3562 2150 Καὶ
3601 2091 3666 2166 ἦν

2091 2171 2212 2241 ὅρος
2266 2171 2452 2238 αὑτοῖς
2493 2177 2592 2246 τῆς
2659 2181 2853 2250 ὀργῆς,
2907 2183 3092 2246 καθὼς
3113 2185 3354 2258 ⁵,ἄνωθεν
3421 2187 3661 2257 εἴρηται.

2093 2264 2492 2336 Παρῳχηκὸτος
2547 2270 2606 2323 δὲ
2662 2272 2756 2326 τοῦ
2792 2273 2988 2345 καιροῦ
3029 2276 3254 2332 λέλυται
3291 2277 3394 2346 μὲν
3425 2278 3662 2350 ἠωόργὴ.

2090 2352 2349 2426 διέϐησαν
2375 2359 2430 2415 δὲ
2453 2361 2548 2416 τὸν
2578 2365 2854 2438 Ἰορδάνην
2880 2369 2930 2421 οι
2952 2367 3010 2435 ἐξ
3039 2368 3220 2424 αὑτῶν
3245 2371 3338 2425 καὶ
3370 2371 3664 2443 εἰσέϐησαν

2091 2447 2172 2508 εἷς
2193 2447 2292 2519 τὴν
2331 2449 2452 2520 γῆν,
2488 2454 2585 2526 οὐχ
2612 2455 3078 2534 ὑπρδραμοὺσης
3099 2459 3200 2531 τῆς
3229 2463 3662 2536 ἀγανακτήσεως

2095 2536 2156 2590 τὸ
2183 2544 2621 2610 τεσσαρακοστὸν
2647 2531 2790 2611 ἔτος.
2827 2548 3014 2613 Τύπος
3047 2551 3159 2622 ἄρα
3187 2551 3286 2605 καὶ
3304 2552 3462 2606 τοῦδε
3489 2531 3664 2624 σαφὴς

2096 2628 2154 2680 τὸ
2191 2630 2352 2702 μέχρι
2387 2633 2612 2704 πληγῶν
2632 2639 3044 2711 τεσσαράκοντα
3067 2641 3477 2696 καταπαίεσθαί
3494 2660 3659 2706 τινας·

2095 2719 2344 2786 ἀφέσεως
2383 2724 2491 2798 γάρ
2531 2729 2558 2780 6
2595 2730 2739 2799 μετὰ
2764 2731 2924 2786 τοῦτο
2964 2733 3178 2804 καιρὸς,
3229 2734 3486 2791 διάϐασιν
3537 2738 3662 2808 ἡμῖν

2093 2810 2364 2884 εἰσφέρων
2401 2817 2668 2886 Ἰορδάνου
2695 2821 2794 2892 τὴν
2821 2827 3113 2897 μυστικήν.
3146 2829 3306 2882 Μετὰ
3334 2828 3446 2900 γὰρ
3472 2845 3662 2884 τεσσα-

2097 2901 2333 2969 ράκοντα.
2358 2905 2454 2979 ἐτη
2475 2909 2716 2964 κάκεῖνοι
2741 2913 2833 2968 τὸν
2864 2915 3139 2991 Ἰορδάνην
3167 2918 3448 2991 διέϐησαν.

2869 3021 2958 3066 um
3025 3023 3134 3062 non
3187 3011 3513 3066 excedente.
3541 3010 3661 3066 Fuit

369 3086 376 3090 .
429 3046 590 3117 huius
622 3053 700 3110 rei
747 3061 1018 3126 quondam
1051 3065 1138 3120 illa
1175 3083 1391 3138 quoque
1443 3075 1610 3147 figura
1635 3118 1650 3145 ,
1679 3079 1824 3148 quod
1863 3081 2049 3154 plagas
2079 3046 2500 3161 “acciperent
2557 3097 2650 3166 qui
2714 3099 3074 3171 deliquerant.
3111 3101 3244 3160 Post
3302 3104 3454 3160 illum
3517 3107 3659 3163 enim

427 3157 712 3201 numerum
749 3160 963 3223 tempus
997 3158 1332 3222 liberationis
1389 3172 1656 3236 succedit,
1715 3177 1863 3245 quod
1921 3182 2146 3251 mystica

425 3239 528 3308 ipsi
567 3255 691 3311 post
725 3257 1449 3326 annum.quadragesinmm
1483 3264 1776 3324 Iordanem
1825 3273 2182 3342 trajecerunt.

490 3334 651 3392 Jesus
693 3348 871 3396 autem
903 3345 992 3399 hic
1019 3347 1177 3403 Navae
1200 3351 1341 3409 ﬁlius
1373 3357 1547 3413 Auses
1565 3363 1714 3436 prius
1743 3334 1987 3435 appella-
2017 3374 2061 3435 ο
2160 3376 2202 3428 Ο

425 3428 617 3485 batur:
660 3447 846 3504 verum
880 3446 1231 3509 posteaquam
1266 3446 1335 3500 ab
1378 3428 1753 3518 exploratione
1807 3471 1993 3513 rever—

423 3531 514 3570 sus
564 3519 776 3585 fuisset,
810 3539 839 3578 a
896 3525 1041 3591 Mose
1077 3547 1273 3605 nomen
1320 3539 1438 3606 ejus
1488 3549 1572 3596 est
1617 3544 1988 3604 immutatum.

425 3607 687 3664 Enmdem
721 3627 841 3684 post
873 3633 1045 3676 annos
1075 3623 1169 3689 40,
1191 3633 1199 3642 '
1223 3642 1360 3694 quos
1389 3629 1442 3684 in
1472 3633 1771 3692 solitudine
1809 3654 1986 3711 popu-

427 3696 508 3750 lus
556 3702 753 3772 exegit.
811 3705 953 3763 Deus
990 3710 1043 3765 in
1089 3713 1233 3768 hunc
1278 3718 1498 3774 modum
1538 3723 1810 3782 allocutus
1861 3739 1987 3784 est:

428 3785 800 3849 «Circumcide
855 3801 1114 3868 populum
1171 3807 1362 3861 cultris
1426 3813 1626 3878 saxeis,
1684 3825 1850 3885 atque
1910 3823 1986 3876 ita

419 3875 709 3939 Jordanem
737 3890 968 3958 trajicito
982 3894 1079 3949 ⁸⁷.»
1113 3889 1249 3952 Nam
1275 3899 1404 3955 Mosi
1431 3875 1672 3974 potestas
1693 3875 1985 3966 Jordanem

423 3977 738 4031 transeundi
779 3979 918 4036 facta
963 4000 1071 4039 non
1109 3999 1212 4053 est,
1264 3977 1574 4063 quanquam
1631 3999 1840 4057 crebris
1895 4003 1984 4058 ille

419 4065 672 4129 precibus
726 4069 830 4125 hoc
874 4088 1216 4142 exposceret.
1263 4081 1477 4152 Quippe
1529 4102 1654 4142 cum
1711 4093 1976 4150 carminis

418 4155 579 4207 verba
613 4159 813 4226 pepqu
848 4163 1152 4231 recitasset,
1188 4169 1274 4224 his
1303 4173 1484 4228 verbis
1505 4191 1628 4232 eum
1655 4179 1798 4235 Deus
1829 4199 1981 4239 com-

416 4244 675 4310 pellavit:
723 4250 1001 4307 «Ascende
1031 4255 1084 4310 in
1118 4269 1357 4315 montem
1412 4267 1654 4333 Abarim,
1704 4273 1794 4340 qui
1830 4273 1980 4330 Natio

417 4353 573 4391 mons
595 4349 698 4400 est.
742 4357 772 4394 c
823 4344 1040 4415 regione
1091 4348 1488 4422 Ilierichuntis,
1525 4367 1686 4428 atque
1717 4350 1982 4420 istic‘ter-

417 4441 529 4479 ram
571 4429 939 4488 Chananmam
976 4438 1204 4496 intuitus
1245 4459 1480 4512 morere,
1512 4454 1973 4519 quemadmodum

413 4527 467 4570 et
511 4520 655 4576 Aaro
705 4523 871 4579 frater
920 4537 1045 4584 tuus
1089 4531 1145 4586 iu
1187 4535 1298 4591 Oro
1326 4551 1508 4595 monte
1557 4557 1806 4603 mortuus
1867 4557 1970 4604 est.

413 4607 530 4664 Non
564 4613 709 4666 enim
744 4619 927 4672 verbis
981 4624 1120 4678 meis
1145 4626 1231 4693 .ad
1268 4643 1461 4697 aquam
1497 4635 1896 4694 adversationis
1925 4650 1980 4694 et.

412 4703 541 4755 rixae
569 4703 724 4759 fidem
754 4708 1019 4769 habuistis
1038 4717 1105 4771 ⁸⁸.
1132 4736 1149 4768 ι
1172 4718 1290 4774 Jam
1315 4725 1456 4790 quod
1475 4724 1774 4782 obsecrarit
1807 4731 1973 4787 Deum
2011 4702 2054 4757 υ

413 4802 469 4846 ιιι
493 4794 786 4854 Iordanem
815 4805 1110 4875 trajiceret,
1147 4811 1261 4879 ipse
1290 4816 1634 4885 signiﬁcavit,
1665 4837 1786 4875 cum
1821 4823 1973 4879 dice-

409 4893 528 4937 ret:
590 4886 883 4955 «Equidem
943 4913 1105 4976 amne
1157 4903 1316 4974 160
1372 4908 1599 4976 trajecto
1649 4913 1969 4980 praeclaram

409 4974 555 5029 illam
591 4981 862 5050 regionem
885 5029 899 5052 ,
939 4999 1087 5046 trans
1124 4994 1415 5054 Jnrdanem
1456 5002 1637 5069 sitam,
1671 5007 1969 5065 intuiturus

405 5082 586 5141 cram:
621 5089 805 5130 verum
835 5080 972 5136 Deus
995 5100 1078 5138 me
1110 5098 1287 5144 vestra
1319 5108 1480 5147 eausa
1507 5106 1589 5151 est
1614 5113 1966 5166 aspernatus,

2153 3199 2204 3240 ιιι
2257 3185 2512 3247 Jordanis
2569 3195 2952 3252 transitionem
2984 3213 3170 3254 secum
3202 3199 3404 3257 aﬂ'crt:
3445 3218 3575 3259 nam
3610 3212 3663 3260 et

2205 3368 2331 3441 ὗτος
2366 3380 2464 3449 μὲν
2496 3382 2589 3436 οὖν
2612 3385 2639 3437 6
2665 3385 2758 3438 τοῦ
2803 3380 2960 3459 Νάυῆ
3003 3390 3218 3460 Ἰησοῦς
3243 3392 3429 3464 Αὑσῆς
3461 3397 3660 3466 πρότε-

2098 3483 2190 3537 ρον
2219 3470 2486 3538 ἐκαλείτο,
2531 3475 2876 3548 ὑποστρέψας
2911 3480 2967 3534 δὲ
3017 3483 3124 3536 ἀπὸ
3171 3483 3271 3553 τῆς
3305 3489 3659 3556 κατασκοπῆς

2093 3562 2246 3630 παρὰ
2278 3562 2373 3616 τοῦ
2425 3565 2671 3632 Μωσέως
2725 3571 3183 3642 μετονομάςεται.
3222 3577 3414 3646 Τούτῳ
3455 3577 3524 3649 δὴ
3585 3579 3659 3649 τῷ

2031 3702 2040 3716 ,
2103 3650 2280 3721 Ἰησοῦ
2325 3656 2463 3722 μετά
2514 3673 2577 3723 γε
2601 3661 3015 3729 τεσσαράκοντα
3042 3663 3137 3733 ἐτη
3176 3664 3211 3717 ἃ
3259 3665 3575 3720 διεϐίϐασεν
3605 3668 3659 3720 ἐν

2089 3743 2155 3810 τῇ
2181 3744 2393 3816 ἐρήμῳ,
2429 3747 2578 3816 λέγει
2621 3749 2648 3801 ὁ
2693 3750 2862 3815 Θεός·
2922 3773 2939 3806 ι
2981 3755 3229 3820 Καθίσας
3265 3758 3536 3830 περίτεμε
3570 3761 3658 3813 τὸν

2089 3835 2219 3889 λαδν
2269 3839 2568 3910 μαχαίραις
2604 3843 2909 3913 πετρίναις,
2947 3847 3040 3902 καὶ
3071 3849 3213 3903 οὑτω
3243 3852 3332 3903 τὸν
3376 3852 3655 3925 Ἰορδάνην
3699 3926 3701 3928 η

2086 3927 2323 3996 διάϐηθι.
2367 3949 2386 3983 ι
2434 3932 2496 3985 '0
2520 3934 2628 4004 γὰρ
2669 3937 2874 4006 Μωσῆς
2902 3941 3138 4009 περᾶσαι
3167 3941 3228 3994 οὗ
3273 3945 3654 4015 συνεχωρήθη,

2087 4019 2265 4073 καίτοι
2332 4025 2500 4077 πολλὰ
2537 4027 2664 4097 περὶ
2721 4029 2912 4082 τούτου
2938 4031 3035 4085 τοῦ
3071 4033 3208 4087 Θεοῦ
3233 4035 3475 4107 δεηθείς.
3500 4039 3655 4092 Μετὰ

2086 4107 2194 4178 γὰρ
2219 4109 2278 4162 τὸ
2298 4110 2530 4183 λαλῆσαι
2551 4116 2619 4167 τά
2646 4117 2743 4184 τῆς
2776 4117 2920 4188 ᾠδῆς
2953 4121 3030 4189 τῷ
3059 4122 3197 4192 λαῷ,
3243 4119 3364 4177 εἷπε
3391 4128 3532 4196 πρὸς
3559 4129 3652 4180 αὑ-

2083 4197 2174 4250 τὸν
2195 4200 2222 4251 ὁ
2250 4199 2418 4263 Θεός·
2455 4219 2475 4253 ι
2513 4203 2771 4275 Ἀνάϐηθι
2803 4209 2884 4270 είς
2913 4209 2974 4261 τὸ
3001 4210 3126 4279 ὅρος
3156 4213 3425 4283 Ἀραϐίμ.
3476 4216 3648 4269 Τοῦτο

2081 4287 2205 4360 ὅρος
2235 4291 2427 4346 Ναϐαὗ
2466 4294 2609 4348 κατὰ
2658 4299 2953 4366 πρόσωπον
3008 4302 3242 4372 Ἱεριχὼ.
3296 4307 3405 4358 Καὶ
3453 4307 3530 4360 ίδε
3557 4309 3652 4378 τήν

2082 4379 2454 4454 γῆνκΧαναᾶν,
2488 4383 2584 4438 καὶ
2609 4385 2860 4453 τελεύτα,
2883 4389 2942 4440 ὃν
2967 4392 3168 4458 τρόπον
3211 4393 3488 4448 ἀπέθανεν
3529 4396 3652 4450 ’Λα-

2085 4465 2198 4534 ρὼντ
2225 4467 2252 4518 ὀ
2282 4465 2512 4530 ἀδελφός
2546 4485 2640 4522 σου
2705 4473 2762 4526 έν
2797 4473 2896 4543 Ὦρ
2934 4475 3014 4544 τῷ
3040 4475 3155 4545 ὄρει
3182 4516 3197 4542 ,
3253 4477 3390 4531 διότι
3417 4482 3652 4549 ἠπειθή-

2083 4569 2210 4605 σειτε
2240 4553 2316 4622 τῷ
2337 4555 2404 4625 ῥή
2416 4556 2546 4623 μα.τὶ
2573 4575 2674 4626 μου
2694 4559 2787 4611 ἐπὶ
2816 4560 2910 4612 τοῦ
2938 4561 3130 4627 ὕδατος
3154 4564 3253 4633 τῆς
3276 4566 3644 4634 ἀντιλογίας.»

2083 4645 2205 4698 Ὅτι
2258 4647 2314 4698 δὲ
2351 4647 2533 4702 ἐδέετο
2588 4650 2681 4716 τοῦ
2735 4651 2872 4704 Θεοῦ
2940 4655 3178 4724 περᾶσαι
3212 4656 3303 4708 τὸν
3351 4656 3647 4729 Ἰορδάνην,

2088 4758 2104 4788 ι
2153 4739 2259 4790 Καὶ
2311 4739 2561 4808 ὑπερεῖδε
2597 4743 2800 4814 Κύριος
2840 4747 2942 4815 ἐμὲ
2994 4748 3186 4802 ἕνεκεν
3218 4751 3391 4822 ὑμῶν,
3431 4755 3524 4806 καὶ
3551 4756 3646 4808 οὐκ

2080 4829 2365 4898 εἰσήκουσὲ
2386 4850 2507 4901 μου.
2544 4833 2644 4887 Καὶ
2664 4833 2782 4888 εἷπε
2806 4839 3005 4908 Κύριος
3035 4843 3168 4909 πρός
3194 4861 3284 4912 με,
3323 4843 3648 4900 Ἰκανούσοω

2081 4936 2184 4985 σοι,
2235 4922 2308 4991 μὴ
2360 4927 2604 4995 προσθῇς
2665 4927 2745 4979 ἔτι
2799 4929 3027 4999 λαλῆσαι
3072 4933 3164 4985 τὸν
3221 4935 3379 5002 λόγον
3433 4937 3640 4990 τοῦτον.

2089 5010 2374 5066 Ἀνάἣαινε
2408 5017 2514 5085 γὰρ
2548 5019 2630 5079 εἰς
2654 5019 2711 5070 τὸ
2743 5019 2891 5092 ὅρος,
2938 5024 3034 5074 καὶ
3068 5025 3142 5076 ἴδε
3176 5027 3289 5088 τοῖς
3323 5027 3638 5095 ὀφθαλμοῖς,

2072 5104 2155 5156 ὅτι
2179 5107 2239 5157 οὐ
2270 5107 2504 5178 διαϐήσῃ
2544 5111 2635 5162 τὸν
2661 5111 2937 5183 Ἰορδάνην
2963 5117 3170 5172 τοῦτον.
3199 5137 3216 5168 ι
3246 5120 3352 5172 Καὶ
3371 5120 3422 5173 τί
3445 5121 3640 5186 δήποτε

405 5172 506 5212 "cc
540 5178 726 5229 Preces
765 5184 914 5227 mens
947 5178 1215 5234 exaudiit.
1253 5181 1553 5252 Respondit
1583 5191 1728 5243 enim
1767 5192 1819 5244 in
1855 5193 1969 5248 lucc

405 5253 568 5280 εφη-Ι...
611 5259 744 5280 .-.:L:
771 5277 785 5280 _
823 5261 856 5280 υ
903 5265 936 5280 ,ο
1007 5267 1020 5280 1
1276 5261 1286 5269 -
1327 5276 1337 5280 -
1365 5276 1376 5280 -
1513 5279 1520 5280 ,

2094 5195 2162 5246 iz‘a
2193 5198 2396 5264 μικρὰν
2435 5201 2815 5271 πλημμέλειαν
2867 5207 3155 5277 πόρρωθεν
3190 5209 3316 5262 ἰδεῖν
3377 5214 3403 5263 6
3437 5211 3640 5280 Μωσῆς

405 5253 569 5307 verba
611 5259 744 5312 mihi
771 5277 785 5313 :
822 5261 968 5320 Satis
1007 5267 1112 5323 hoc
1143 5281 1260 5326 esto
1276 5261 1401 5340 tibi,
1436 5279 1543 5332 noli
1573 5283 1680 5334 tale
1703 5283 1962 5352 quiddam

403 5345 635 5411 amplius
689 5365 717 5404 a
777 5368 864 5408 me
917 5369 1123 5426 petere.
1177 5363 1378 5418 Saltem
1430 5368 1482 5422 in
1533 5383 1771 5427 montem
1825 5376 1972 5432 hunc

403 5437 706 5503 ascendito,
737 5451 791 5495 et
823 5453 1019 5500 terram
1052 5442 1224 5506 oculis
1272 5456 1376 5510 tuis
1425 5458 1652 5526 intuere;
1700 5477 1822 5518 nam
1850 5465 1970 5519 Jor-

401 5525 597 5586 danetn
635 5532 779 5591 hunc
811 5554 919 5592 non
949 5542 1319 5612 trajicics”.i
1379 5549 1645 5616 Quidnam
1681 5571 1811 5611 vero
1846 5572 1971 5612 cau-

2079 5288 2425 5359 προσετάχθη
2483 5289 2580 5360 τὴν
2618 5293 2743 5359 γῆν,
2779 5294 2868 5346 τὸν
2920 5297 2975 5348 δὲ
3009 5299 3136 5350 λαὸν
3163 5301 3475 5368 εἰσαγαγεῖν
3500 5294 3640 5354 ικωο

2079 5377 2257 5446 λύοης
2297 5382 2550 5434 Διδάσκει
2609 5385 2754 5452 ἡμᾶς
2801 5389 2828 5439 6
2869 5389 3150 5458 Δεσπότης
3190 5392 3278 5445 διὰ
3327 5390 3529 5444 τούτων
3566 5392 3638 5454 ὼς

2080 5471 2205 5532 τοὺς
2233 5473 2288 5524 ἐν
2311 5475 2479 5542 ἀρετῇ
2512 5477 2749 5539 τελείους
2789 5481 2887 5551 τὴν
2919 5483 3098 5553 ἄκραν
3140 5485 3423 5555 ἀκρίϐειαν
3468 5487 3608 5537 eam

2078 5562 2161 5612 πῖ
2189 5577 2202 5590 .
2235 5580 2256 5615 ε
2311 5565 2369 5616 ου
2393 5566 2498 5634 μὲν
2532 5570 2640 5638 γὰρ
2673 5570 2976 5641 ἐλάχιστοῆ
3003 5577 3136 5646 φησὶ
3169 5577 3332 5644 σοφία
3358 5576 3635 5644 Σολομῶν-

487 5683 716 5751 "Num.
752 5709 856 5761 XIV,
885 5697 972 5757 30.
1051 5689 1094 5734 ⁶⁶
1131 5703 1271 5762 Psal.
1306 5723 1448 5777 χειν,
1486 5707 1568 5765 ll.
1647 5711 1691 5742 ⁸⁷
1718 5708 1884 5766 Josue
1917 5731 1966 5778 ν,

2133 5715 2174 5747 ³³
2210 5716 2366 5773 Deut.
2402 5737 2570 5787 xxx”,
2600 5725 2688 5791 i3,
2724 5729 2814 5782 5t).
2893 5730 2935 5761 ⁸³
2977 5729 3131 5784 Deut.
3171 5747 3320 5792 xxxi.
3357 5734 3409 5784 :i.

1197 6006 1227 6025 δ

2092 5946 2122 5972 κ
