3862 6228
168 264 264 357 309
364 343 373 359 .
1394 300 1712 363 ANNALII

1846 305 2041 367 rans
2084 259 2186 369 ι’ῐί

3278 318 3388 383 310

163 416 263 461 τος,
287 397 625 483 συγγνωστός
680 400 830 453 ἐστιν
885 403 1094 468 ἐλέους,
1131 405 1351 459 δυνατοὶ
1384 408 1442 461 δὲ
1470 408 1712 471 δυνατῶς

1819 427 1890 466 sae
1952 413 2055 469 fuit
2105 415 2459 484 quamobrem
2512 418 2583 473 ob
2627 418 2884 477 delictum
2922 422 3183 495 exiguum
3210 424 3389 483 Moses

163 488 549 559 ἐτασθήσονται.
585 509 603 541 ι
634 490 757 546 Ὅτι
800 494 856 548 δὲ
889 497 1033 564 μέγα
1074 496 1221 562 ειῗοξε
1250 499 1311 551 τὸ
1338 498 1429 552 τοῦ
1463 501 1712 566 Μωσέως

162 578 465 647 ἁμάρτημα,
499 578 802 647 δεδήλωκεν
846 584 1011 647 αὐτὸς
1050 586 1079 638 6
1129 586 1264 649 Θεὸς
1296 586 1471 651 οὕτως
1501 589 1709 655 εἰπών·

166 687 184 721 t
225 670 518 735 Ἀνάϐαινε,
553 671 645 724 καὶ
674 673 928 739 τελεύτα,
959 675 1095 730 διότι
1122 677 1461 747 ἠπειθήσατε
1497 680 1577 750 τῷ
1613 681 1713 751 ῥή-

165 759 278 830 ματί
307 778 405 829 μου
444 762 539 814 ἐπὶ
588 762 682 815 τοῦ
731 762 925 829 ὕδατος
963 769 1062 834 τῆς
1094 766 1431 835 ἀντιλογίας.
1476 787 1493 822 t
1529 769 1711 824 Πάντα

161 851 316 906 ταῦτα
352 854 653 922 πεποίηκεν
682 856 715 922 ή
746 854 954 923 θλίψις.
1001 856 1374 923 Ἑπιτιθέντες
1428 861 1537 931 γὰρ
1582 862 1714 916 ἰου-

160 942 280 995 δαίοι
314 941 387 1011 τῷ
419 941 551 1011 θείῳ
576 943 793 1009 Μωσεῖ,
843 936 933 997 ὅτε
968 944 1202 1015 ἀθυμῶν
1256 944 1324 1019 ἦν
1360 948 1448 1003 διά
1484 949 1584 1017 τὴν
1615 951 1714 1020 τῆς

162 1032 367 1102 Μαριὰμ
400 1033 682 1105 τελευτὴν,
714 1036 808 1086 καὶ
846 1034 1157 1105 βιαζόμενοι
1184 1037 1344 1106 χάριν
1373 1038 1567 1095 ὕδατος
1598 1080 1611 1101 ,
1638 1044 1713 1103 ὡς

160 1128 209 1178 ἐν
233 1128 290 1194 τῇ
334 1124 502 1195 βίϐλῳ
534 1128 648 1177 τῦν
693 1124 977 1199 Ἀριθμῶν
1016 1128 1354 1199 γέγραπται,
1392 1130 1713 1199 ἠνάγκασαν

160 1218 245 1284 τὴν
269 1216 574 1286 ἀμφίϐολον
610 1218 834 1289 ἐκείνην
866 1219 1119 1289 προϊέναι
1146 1221 1353 1289 φωνήν.
1408 1222 1578 1289 ’Δφες
1597 1221 1711 1273 λοι-

1820 506 1981 573 longo
1998 506 2208 574 quidem
2230 524 2294 562 ex
2322 509 2608 567 intervallo
2633 520 2835 567 terram
2854 514 3055 569 intueri
3076 516 3388 585 jussus'est.

1822 596 1914 651 sed
1945 596 2121 652 eidem
2154 598 2478 670 denegatum
2510 617 2578 656 ne
2613 604 2870 673 populum
2907 606 2960 660 in
2993 622 3112 661 eam
3138 607 3392 664 introdu-

1819 690 2009 742 ceret?
2045 688 2312 743 Nimirum
2349 706 2445 761 per
2477 693 2823 749 ἥατο-ἀστεῖα
2865 712 2966 750 nos
2996 697 3265 756 Dominus
3293 716 3392 757 vo.

1820 779 1920 834 luit
1955 796 2012 834 se
2040 782 2109 836 ab
2140 781 2207 836 iis
2247 782 2339 861 qui
2369 784 2572 839 virtute
2621 786 2848 854 perfecti
2901 772 3035 853 sint,
3088 798 3409 848 extremam.

1819 872 2220 929 acrurationem
2246 876 2549 944 requirere.
2585 895 2605 928 ι
2633 875 2766 930 Nam
2799 878 2891 947 qni
2926 884 3254 950 perpusillus
3281 894 3385 951 est,

1820 964 1998 1028 inquit
2056 962 2337 1033 Sapientia
2388 965 2785 1032 Salomonis",
2835 968 2906 1024 ob
2957 972 3388 1030 misericordiam

1822 1053 2225 1136 quodammodo
2256 1055 2476 1110 veniam
2536 1064 2811 1123 meretur;
2838 1067 2892 1112 at
2936 1062 3183 1115 valentes
3212 1063 3391 1118 valide

1818 1144 2269 1213 explorabuntur.
2299 1165 2318 1199 ι
2351 1147 2415 1201 Et
2439 1163 2565 1203 vero
2584 1149 2839 1205 delictum
2874 1150 3038 1207 Mosis
3063 1153 3256 1224 ingens
3287 1155 3391 1212 sibi

1818 1238 1991 1294 visum
2025 1240 2195 1295 fuisse
2230 1242 2372 1297 Deus
2412 1242 2527 1311 ipse
2552 1242 2733 1298 verbis
2762 1244 2846 1298 his
2870 1244 3205 1300 declaravit:
3257 1267 3275 1298 ι
3320 1248 3395 1300 A-

161 1307 359 1369 πδντᾶ
418 1307 515 1360 τοῦ
560 1309 850 1379 Ἰωσήπου,
903 1310 985 1364 ὅτι
1048 1311 1322 1364 καὶκατὰ
1359 1311 1539 1365 πάντα
1592 1313 1711 1374 ταῖς

1821 1330 2025 1385 scende
2058 1344 2120 1385 ac
2146 1346 2383 1397 morere,
2416 1342 2705 1401 propterea
2751 1335 2895 1403 quod
2939 1337 3121 1392 verbis
3163 1340 3298 1393 meis
3322 1338 3391 1394 ad

162 1400 315 1468 ίεραῖς
331 1399 579 1469 Γραφαῖς
605 1401 999 1471 ἐναντιούμενα
1024 1402 1305 1471 φαίνονται
1322 1418 1335 1433 ⁸
1368 1403 1461 1456 καὶ
1490 1404 1599 1473 γὰρ
1625 1402 1713 1456 διὰ

1820 1434 2013 1487 aquam
2062 1420 2224 1491 jurgil
2256 1420 2415 1476 fidem
2472 1438 2577 1476 non
2632 1424 2949 1479 habueritis.
2990 1444 3008 1478 ι
3042 1428 3217 1496 Atque
3276 1429 3395 1485 haec

1820 1511 2001 1564 omnia
2033 1511 2099 1565 de
2129 1512 2360 1580 quadam
2415 1514 2707 1570 afﬂictione
2730 1516 2971 1584 profecta
3028 1528 3206 1573 erant.
3254 1519 3391 1574 Nam

161 1582 340 1645 ἐκεῖνός
373 1586 559 1652 φησιν.
584 1583 711 1638 Ὀτι
738 1585 794 1637 δέ
816 1583 911 1637 τοῦ
939 1585 1075 1638 Θεοῦ
1117 1586 1463 1657 ὀργισθέντος
1490 1584 1583 1640 ἐπὶ
1602 1589 1712 1649 τοῖς

1821 1616 1944 1656 cum
1990 1601 2201 1657 Hebraei
2249 1604 2317 1659 ad
2349 1604 2550 1659 Mosem
2588 1592 2962 1670 convolareut,
3011 1609 3130 1678 ipso
3168 1620 3393 1679 propter

160 1674 505 1739 κατασκόποις
546 1676 643 1747 ἐτη
671 1676 1089 1747 τεσσαράκοντα
1124 1676 1399 1747 διέτριψεν
1435 1680 1461 1730 6
1496 1678 1621 1742 λαὸς
1654 1680 1712 1730 ἐν

1824 1692 2006 1747 Mariae
2030 1696 2235 1749 sororis
2264 1694 2469 1749 obitum
2500 1696 2662 1760 tristi,
2695 1704 2749 1751 et
2774 1696 3042 1751 violenter
3076 1713 3201 1765 eum
3231 1716 3394 1770 urge-
3421 1747 3438 1767 ,

159 1767 216 1835 τῇ
242 1766 445 1836 ἐρήμῳ,
503 1768 605 1821 καὶ
655 1768 715 1821 ἐν
751 1766 829 1838 τῷ
884 1770 1300 1840 Δευτερονομίῳ
1332 1769 1493 1823 τοῦτο
1526 1770 1712 1840 σαφῶς

1818 1790 1941 1835 rent
1974 1781 2045 1836 ob
2077 1798 2229 1852 aqua:
2280 1783 2576 1851 defectum,
2613 1785 2758 1840 sicut
2784 1787 2836 1839 in
2864 1762 3224 1841 Numerorum
3249 1761 3392 1842 libro

159 1858 447 1927 δεδήλωται.
509 1859 713 1913 Ἦνίκα
756 1862 867 1930 γάρ
905 1861 933 1914 6
963 1860 1171 1927 Μωσῆς
1205 1861 1273 1915 τά
1295 1862 1594 1916 τελευταῖα
1632 1861 1711 1932 τῷ

1821 1870 2192 1943 perscriptum
2239 1871 2491 1943 legimus,
2525 1876 2668 1931 hanc
2707 1876 2779 1930 ei'
2803 1893 2994 1932 vocem
3035 1878 3394 1934 dubitationis

160 1949 253 2018 λαῷ
294 1950 585 2019 διελέγετο,
629 1953 723 2006 καὶ
766 1952 891 2006 τάδε
939 1953 1079 2024 πρὸς
1105 1955 1219 2017 τοῖς
1247 1953 1430 2018 ἄλλοις
1488 1953 1709 2022 ἔλεγεν·

1818 1963 2036 2033 plenam
2091 1975 2487 2022 extorserunt..
2524 1967 2872 2038 Quapropter
2911 1968 3249 2038 missanrfac
3293 1970 3395 2026 Jo-

166 2057 181 2089 t
214 2038 472 2106 Ἦλθομιν
516 2041 619 2095 καὶ
650 2042 783 2113 πρὶν
816 2043 894 2105 είς
931 2043 994 2096 τὸ
1028 2045 1270 2115 περᾶσαι
1314 2044 1406 2097 καὶ
1431 2045 1712 2115 κατακλη-

1821 2055 1974 2123 seplti
2023 2055 2421 2121 narrationem,
2472 2072 2594 2127 quae
2645 2073 2873 2128 prorsus
2928 2034 3159 2117 Litteris
3213 2061 3395 2116 sacris

162 2131 429 2201 ρονομῆσαι
457 2134 567 2204 τὴν
599 2132 934 2187 Χανανίτιδα
970 2134 1097 2201 γῆν.
1136 2153 1155 2187 ι
1207 2134 1354 2187 Ἀλλ’
1382 2135 1431 2187 οἱ
1462 2134 1712 2205 διάστρο-

1823 2146 2102 2201 adversari
2136 2146 2373 2201 videtur.
2432 2146 2615 2204 Moses
2652 2150 2797 2204 enim
2832 2159 3057 2221 propter
3088 2153 3222 2207 iram
3256 2152 3395 2208 divi-

160 2240 235 2291 φοι
261 2224 451 2277 ἐκεῖνοι
512 2225 862 2287 κατάσκοποι
898 2225 996 2278 καὶ
1027 2229 1054 2279 6
1101 2225 1199 2278 τοῦ
1224 2225 1355 2278 λαοῦ
1395 2227 1712 2295 γογγυσμὸς

1820 2251 1949 2291 nam
1980 2237 2084 2292 hoc
2135 2237 2297 2291 modo
2345 2248 2595 2295 mortuus
2646 2249 2765 2305 est,
2820 2257 2929 2297 non
2973 2243 3042 2296 ob
3092 2243 3394 2305 senectutis

160 2314 237 2386 έτη
259 2323 304 2385 μ’
320 2316 764 2384 περιπλανᾶσθαι
790 2318 993 2380 αὖτοὺς
1016 2320 1075 2371 ἐν
1096 2319 1164 2389 τῇ
1189 2318 1384 2387 ἐρήμῳ
1412 2317 1709 2387 πεποίηκε.

1821 2328 2059 2395 molem,
2107 2331 2568 2399 quemadmodum
2616 2331 2705 2387 ille
2758 2333 2942 2387 tradit.
3005 2333 3159 2398 Quod
3206 2342 3391 2387 autem

160 2408 318 2462 Ταῦτα
364 2410 421 2463 δὲ
474 2410 619 2483 πρδς
652 2410 851 2473 αὐτοὺς
880 2410 1067 2479 ἔλεγεν
1096 2412 1153 2464 ἐν
1196 2413 1261 2480 τῇ
1310 2409 1542 2481 δευτέρᾳ
1575 2410 1710 2463 ὑπο-

1818 2422 1929 2477 Deo
1964 2431 2183 2492 prOpter
2209 2422 2585 2490 exploratores
2605 2425 2744 2491 irato
2782 2424 3013 2493 populus
3055 2424 3218 2479 annis
3253 2440 3392 2493 qua-

160 2504 359 2571 στροφῇ,
390 2504 500 2555 τῶν
546 2508 597 2571 μ’
625 2504 757 2555 ἐτῶν
778 2502 979 2575 δηλαδὴ
1001 2502 1425 2572 συμπληρώσει.
1458 2502 1705 2572 Πρόσεχε

1818 2510 2067 2583 draginta
2108 2511 2163 2565 in
2219 2512 2517 2569 solitudine
2569 2525 2943 2570 commoratus
2995 2516 3089 2581 sit,
3136 2516 3302 2571 etiam
3337 2516 3393 2569 in

162 2594 351 2647 λοιπόνι
388 2590 648 2662 φαίνεται
701 2598 810 2666 γάρ
869 2595 1127 2649 ἐντεῦθεν
1151 2597 1234 2649 ὅτι
1281 2597 1331 2649 εί
1377 2596 1454 2667 μὴ
1480 2594 1605 2649 θεία
1638 2591 1708 2666 ἦν

1818 2602 2241 2659 Deuteronomio
2262 2606 2549 2675 perspicue
2569 2588 2861 2663 indicatur.
2894 2608 3031 2663 Cum
3050 2608 3195 2663 enim
3214 2606 3395 2662 Moses

160 2688 273 2758 ὀργὴ
296 2687 389 2755 τῆς
417 2688 535 2742 τῶν
583 2688 952 2741 κατασκόπων
1004 2690 1342 2759 διαστροφῆς
1380 2688 1594 2753 ἕνεκεν,
1647 2690 1709 2742 ἐν

1825 2702 2073 2747 extrema
2105 2694 2355 2749 oratione
2390 2697 2649 2765 populum
2697 2696 3089 2766 alloqueretur,
3118 2697 3260 2751 inter
3286 2696 3393 2750 alia

161 2782 328 2851 βραχεῖ
344 2782 567 2853 διῆλθον
590 2782 687 2852 τὴν
711 2770 1042 2853 ἕρημονκαὶ
1066 2781 1157 2834 τὸν
1194 2781 1472 2853 Ἰορδάνην
1506 2781 1709 2853 ἐπέρα-

1829 2786 2014 2841 verbis
2070 2786 2383 2857 bujusmodi
2443 2803 2569 2843 usus
2613 2800 2733 2845 est:
2795 2790 3174 2845 «Accessimus
3224 2783 3393 2843 etiam

160 2874 377 2929 ωνᾶν.-
1816 2885 1978 2930 antea
2030 2878 2313 2947 trajecturi
2366 2877 2592 2944 ﬂumen,
2648 2888 2704 2935 et
2739 2890 2940 2935 terram
2972 2878 3392 2935 (Ihanauitidem

159 2971 484 3041 occupaturi:
521 2971 620 3027 sed
646 2973 1017 3043 exploratores
1040 2972 1116 3028 illi
1143 2972 1389 3043 perversi
1419 2971 1715 3043 populique
1755 2970 2008 3028 fremitus
2076 2974 2374 3030 eﬂ‘ecerunt
2405 2982 2462 3029 ut
2529 2976 2686 3029 annis
2734 2977 3091 3047 quadraginta
3130 2992 3226 3045 per
3258 2976 3391 3030 soli-

159 3067 370 3123 tudinem
418 3069 880 3138 obvagaremur.»
965 3067 1095 3135 Quae
1124 3068 1344 3138 quidem
1410 3068 1581 3122 verba
1642 3066 1874 3139 protulit
1935 3067 1990 3121 in
2053 3068 2223 3124 altera
2271 3071 2587 3125 reversione
2623 3070 2688 3124 ad
2740 3069 3061 3133 Jordanem,
3106 3084 3229 3124 cum
3261 3071 3392 3125 anni

158 3160 340 3214 scilicet
380 3159 750 3230 quadraginta
797 3160 907 3228 jam
950 3159 1210 3229 completi
1259 3166 1467 3213 essent.
1531 3157 1711 3227 Atque
1753 3156 1862 3223 hic,
1891 3173 2099 3228 quaeso,
2132 3159 2269 3213 mihi
2341 3160 2586 3214 animum
2657 3158 2947 3216 advertito.
2986 3157 3215 3212 Videtur
3245 3161 3391 3213 enim

155 3253 369 3310 futurum
399 3254 575 3309 fuisse
613 3260 671 3305 ut
702 3252 807 3306 nisi
838 3251 1022 3306 divina
1059 3252 1209 3307 ἱειαξο
1274 3251 1353 3305 ira
1422 3250 1825 3305 intercessisset
1894 3250 1964 3305 ob
2003 3249 2413 3321 exploratorum
2475 3251 2897 3323 perversitatem
2930 3260 3072 3318 orta,
3113 3251 3264 3306 brevi
3296 3251 3395 3308 ad-

156 3350 348 3402 modum
385 3346 659 3417 temporis
691 3344 870 3415 spatio
923 3343 1276 3399 solitudinem
1326 3350 1706 3413 peragrarent;
1748 3355 1810 3395 ac
1838 3337 2133 3395 Jordanem
2164 3341 2501 3412 trajicerent.

212 3440 406 3493 Οὐκοῦν
439 3439 543 3509 ἐτη
580 3445 631 3510 μ’
660 3438 1096 3507 περιπατοῦντες
1114 3436 1259 3491 κατὰ
1279 3437 1380 3507 τὴν
1415 3436 1621 3508 ἔρημον
1654 3435 1712 3490 τὸ

1892 3435 2164 3491 Cancrum
2213 3438 2341 3491 dum
2402 3438 2563 3493 annis
2613 3435 2683 3493 ιο
2732 3452 2831 3508 per
2866 3436 3218 3493 solitudinem
3267 3435 3396 3492 hinc

162 1492 291 1544 θείαν
324 1491 492 1561 ὀργὴν
532 1492 914 1561 ἐτελεύτητιν,
969 1494 1032 1547 οὐ
1090 1494 1198 1563 μὴν
1228 1489 1335 1548 ’διά
1393 1498 1592 1565 γῆρας,
1637 1494 1713 1558 ὡς

160 3532 308 3598 μάννα
331 3532 546 3601 ἢσθιον,
572 3531 781 3603 τροφὴν
813 3530 1098 3598 άσπαρτον
1123 3530 1221 3583 καὶ
1252 3530 1540 3599 ἀνήροτον.
1570 3529 1709 3583 Καθ’

1818 3529 1944 3584 inde
1989 3532 2342 3598 oberrabant,
2408 3546 2608 3584 manna
2663 3530 3049 3592 vescebantur,
3109 3529 3232 3584 cibo
3279 3546 3389 3584 non

158 3626 367 3697 ἑκάστην
398 3628 512 3697 γάρ
553 3624 782 3695 ἔϐρεχιν
816 3624 1033 3693 ἡμέραν
1096 3621 1230 3677 αὐτὸ
1287 3624 1315 3675 6
1366 3621 1521 3686 Θεὸς,
1582 3623 1709 3677 ἄνευ

1818 3633 1933 3677 sato
1975 3638 2076 3677 nec
2125 3638 2223 3693 per
2251 3632 2556 3677 aratonem
2586 3630 2931 3691 comparato.
3002 3617 3137 3673 Nam
3177 3619 3231 3674 in
3277 3619 3399 3675 dies

160 3722 319 3787 μέντοι
347 3718 441 3773 τοῦ
497 3717 809 3781 Σαϐϐάτου,
858 3716 1133 3771 διδάσκων
1184 3714 1483 3769 κάντεῦῠεν
1514 3714 1712 3776 αὐτοὺς

1818 3699 2063 3783 singulos
2095 3715 2359 3769 divinitus
2396 3715 2572 3769 instar
2604 3714 2884 3782 pluvizede
2915 3715 3055 3769 coelo
3087 3714 3396 3776 labebatur,

160 3811 307 3880 μηδὲν
349 3812 406 3863 ἐν
433 3808 708 3879 Σαϐϐάτῳ
745 3809 945 3863 ποιεῖν.
990 3806 1108 3876 Ἐφ’
1138 3799 1183 3874 ᾧ
1211 3806 1303 3859 καὶ
1335 3805 1396 3857 τδ
1431 3806 1486 3857 ὲν
1520 3808 1712 3874 [παρα-

1818 3808 1979 3862 unico
2010 3805 2247 3860 Sabbato
2274 3817 2534 3872 excepto:
2586 3820 2697 3871 quo
2725 3804 2844 3874 ipso
2869 3804 3103 3858 docebat
3132 3819 3229 3857 eos
3256 3804 3401 3857 niltit

158 3906 309 3973 σκευῇ
340 3901 753 3972 κατερχόμενον
786 3900 964 3970 μάννα
1002 3898 1291 3952 διπλάσιον
1329 3891 1420 3968 ἦν,
1456 3896 1532 3959 ὡς
1566 3896 1712 3965 ἔχειν

1818 3910 1938 3950 esse
2008 3894 2248 3948 Sabbato
2309 3892 2623 3947 faciundum
2681 3891 2887 3960 operis.
2958 3891 3272 3958 Eademque
3330 3892 3405 3944 de

158 3988 330 4052 αὐτοὺς
346 3992 439 4043 καί⁵
459 3988 562 4057 τὴν
588 3990 646 4040 ἐν
676 3986 940 4057 Σαϐϐάτῳ
962 3988 1194 4057 τροφήν.
1217 3986 1279 4039 Ei
1302 3987 1360 4039 δὲ
1391 3989 1448 4039 ἰν
1479 3985 1714 4055 δευτέρα

155 4082 299 4151 τυχὸν
325 4082 514 4152 ἡμέρᾳ
540 4080 580 4149 ἢ
614 4078 773 4151 τρίτῃ
803 4079 989 4132 λαϐὼν
1019 4080 1083 4132 ἐκ
1123 4078 1216 4132 τοῦ
1256 4077 1434 4150 μάννα
1475 4076 1714 4145 ἐφύλαξέ

157 4187 247 4237 τις,
272 4174 346 4236 είς
376 4173 475 4243 τὴν
504 4172 800 4242 ὑστεραίαν
832 4171 1236 4243 διεφθαρμένον
1267 4168 1336 4242 ἦν
1370 4169 1429 4235 ἐξ
1465 4169 1715 4241 ἀνάγκης

156 4266 206 4317 τὺ
225 4266 453 4319 τοιοῦτον
483 4264 809 4328 ἱδεῖν.Τίνος
838 4256 1056 4329 ἐνεκεν;
1100 4263 1317 4335 Ἐπειδὴ
1352 4262 1515 4332 νόμου
1536 4262 1717 4332 παρά-

158 4353 295 4418 ϐασις
329 4351 418 4428 ἦν.
487 4355 770 4410 Διδάσκων
821 4356 931 4426 γάρ
987 4354 1187 4420 αὐτοὺς
1251 4358 1360 4409 τῶν
1413 4355 1716 4427 φροντίδων

157 4445 420 4520 ἐλεύθερον
485 4447 663 4518 βιοῦν,
723 4447 996 4518 ὑπέσχετο
1028 4447 1152 4501 καθ’
1211 4449 1454 4517 ἑκάστην
1494 4448 1715 4517 ἡμέραν

158 4538 399 4607 παρέχειν
426 4537 526 4608 τὴν
557 4537 865 4604 ἀναγκαίαν
902 4537 1089 4599 αὐτοῖς
1117 4541 1349 4609 τροφήν.
1404 4538 1636 4591 Ἐκεῖνοι
1659 4535 1712 4590 δὲ

1818 4539 1963 4594 diem
1995 4539 2249 4613 alterum,
2306 4555 2419 4593 non
2469 4547 2689 4608 poterat
2738 4538 3003 4607 deinceps
3035 4538 3199 4591 aliter
3228 4553 3393 4607 quam

158 4627 541 4698 ἀπιστήσαντες
599 4627 765 4697 μέρος
820 4645 873 4680 τι
925 4626 1020 4680 τοῦ
1064 4628 1420 4698 συλλεγέντος
1472 4633 1552 4694 είς
1612 4633 1712 4701 τὴν

1818 4629 2182 4700 putrefactum
2218 4629 2442 4684 intueri.
2489 4628 2852 4695 Quamobrem
2889 4630 3063 4684 istuc?
3092 4628 3229 4695 Quia
3257 4630 3393 4699 legis

158 4718 431 4788 ὑστεραίαν
463 4719 758 4789 ἐφύλαξαν.
796 4718 895 4772 Διὰ
921 4719 1082 4774 τοῦτο
1125 4721 1218 4773 καὶ
1248 4722 1552 4787 ἐπώζεσεν.
1588 4724 1711 4776 Ὀτι

1820 4729 1940 4776 erat
1978 4720 2093 4779 haec
2133 4720 2373 4774 violatio.
2422 4719 2635 4790 Quippe
2677 4720 2818 4774 Deus
2852 4721 3044 4775 volens
3074 4735 3169 4775 eos
3192 4720 3395 4775 docere

108 4856 120 4865 .
158 4810 253 4880 γὰρ
275 4774 333 4866 οὐ
357 4813 456 4882 τῆς
490 4774 585 4866 τοῦ
635 4774 815 4883 μάννα
847 4814 1064 4882 φύσεως
1090 4807 1159 4884 ἦν
1186 4812 1246 4867 τδ
1271 4774 1710 4883 ττόιθος-,ᾐμαρτυἐ

1818 4814 1946 4883 quid
1964 4823 2111 4869 esset
2128 4814 2236 4867 vita
2263 4792 2413 4867 curis
2436 4813 2612 4868 soluta
2636 4820 2690 4865 et
2716 4812 2909 4876 libera.
2938 4828 2996 4867 se
3030 4814 3391 4882 praebiturum

162 4904 234 4971 ρεί
252 4906 308 4957 τὸ
343 4894 642 4969 Σάϐϐα-εον,
668 4906 725 4961 ἐν
742 4899 786 4973 ᾧ
806 4905 1092 4975 άλώϐητον
1124 4908 1432 4976 διετηρεῖτο
1467 4906 1527 4959 τὸ
1550 4907 1712 4977 χάριν

1818 4906 1896 4962 eis
1953 4906 2318 4976 pollicebatur
2378 4905 2433 4957 in
2490 4904 2605 4958 dies
2651 4903 2908 4973 singulos;
2945 4913 3173 4959 tantum
3208 4905 3389 4958 victus

160 4996 309 5049 αὐτοῦ
342 4999 485 5051 κατὰ
516 5000 618 5069 τὴν
671 4997 1043 5068 Παρασκευὴν
1080 4998 1480 5068 συλλεγόμενόν
1518 5015 1578 5050 τε
1618 4998 1712 5051 καὶ

1818 5008 2079 5067 quantum
2114 4997 2246 5069 ipsis
2275 4997 2485 5051 alendis
2511 4995 2803 5051 sufﬁceret.
2838 4997 2977 5051 liuic
3011 4996 3392 5066 pollicitationi

1818 4001 1987 4042 causa
2013 3984 2156 4054 quod
2190 3984 2275 4039 die
2305 3982 2599 4039 Sabbatum
2630 3982 2996 4052 praecedente,
3042 3997 3201 4050 quem
3234 3981 3399 4052 161

1815 4093 1845 4135 a
1877 4076 2275 4147 przeparatione
2316 4076 2659 4131 Parasceven
2723 4074 3142 4144 nuncupabant,
3192 4088 3401 4129 manna-

1816 4170 2193 4235 delabebatur,
2227 4170 2449 4241 duplum
2484 4180 2599 4224 erat
2630 4170 2861 4223 aliorum
2885 4170 3094 4223 dierum
3116 4177 3391 4237 respectu,

1814 4280 1921 4333 quo
1950 4264 2207 4319 videlicet
2238 4263 2458 4318 abunde
2510 4263 2647 4333 ipsis
2685 4263 2849 4319 etiam
2884 4260 3124 4317 Sabbato
3159 4262 3403 4319 durante

1817 4356 2061 4411 alimenti
2098 4353 2392 4410 sufliceret.
2435 4354 2641 4421 Quodsi
2673 4355 2798 4425 quis
2822 4364 3005 4409 autem
3035 4353 3123 4409 die
3149 4354 3401 4409 secundo

1817 4447 2136 4517 septimana:
2176 4446 2258 4500 vel
2285 4446 2449 4501 tertio
2481 4456 2763 4517 acceptum
2798 4460 2994 4499 manna
3033 4455 3305 4501 servasset
3338 4445 3399 4499 in

161 5087 571 5159 φυλασσόμενον.
628 5092 916 5162 Μαρτυρεῖ
963 5091 1019 5145 δὲ
1053 5092 1148 5145 καὶ
1196 5093 1257 5144 τὸ
1302 5093 1357 5143 ἐν
1393 5082 1469 5162 τῇ
1496 5090 1714 5161 κιϐωτῷ

159 5177 241 5229 ἐπὶ
260 5180 475 5241 πολλαῖς
496 5181 867 5251 ὃιαφυλαχθὲν
893 5183 1132 5247 γενεαῖς.
1151 5180 1327 5238 Τοῦτο
1358 5181 1415 5234 δὲ
1446 5182 1505 5233 τὸ
1534 5180 1714 5249 μάννα

161 5268 285 5321 κατὰ
335 5287 399 5338 γε
435 5272 494 5325 τὸ
528 5272 675 5342 πρωῒ
710 5274 806 5326 καὶ
844 5272 1006 5341 μόνον
1036 5272 1333 5341 συνήγετοο
1399 5271 1552 5340 ἡλίου
1602 5270 1711 5341 γὰρ

159 5359 516 5425 ἀνατείλαντος
548 5364 794 5432 ἐτήκετο.
823 5362 995 5416 Τοῦτο
1041 5362 1226 5431 μέντοι
1256 5361 1316 5413 τὸ
1347 5362 1545 5431 μάννα,
1567 5362 1713 5414 καθά

159 5468 307 5518 φησιν
337 5456 364 5507 6
402 5454 673 5518 θειότατος
698 5455 940 5524 Νύσσης,
964 5457 1025 5508 ὲκ
1065 5455 1161 5524 τῆς
1192 5454 1388 5520 σοφίας
1429 5452 1712 5521 Σολομῶν-

158 5554 239 5599 τος
260 5544 352 5606 τὰς
385 5544 634 5617 ἀφορμὰς
668 5544 875 5613 λαϐὼν,
911 5544 1180 5616 μονοειδὲς
1212 5540 1301 5616 ἦν,
1335 5546 1367 5617 ἡ
1394 5545 1449 5598 δὲ
1484 5544 1709 5623 ποιότης

226 5706 265 5736 ⁷⁸
296 5708 417 5776 Sap.
452 5726 519 5773 γι,
557 5712 606 5762 7.

1819 5106 1941 5146 cum
1979 5090 2138 5145 fidem
2170 5089 2389 5160 quidam
2436 5105 2544 5144 non
2579 5088 2841 5143 haberent
2872 5104 2974 5144 nec
3002 5089 3258 5143 mandato
3294 5103 3393 5156 pa-

1820 5189 2027 5246 rerent,
2081 5180 2219 5234 forte
2265 5178 2478 5233 tullccti
2534 5194 2745 5231 manna:
2798 5186 3009 5248 partem
3070 5179 3307 5245 aliquant
3339 5179 3394 5230 in

1819 5272 1961 5327 diem
2014 5279 2295 5340 posterum
2348 5278 2660 5334 servarunt,
2712 5286 2833 5339 qua:
2889 5270 3154 5325 continuo
3190 5268 3388 5322 fminit.

1820 5363 1886 5417 Et
1902 5361 2040 5415 hanc
2062 5375 2407 5430 nequaquam
2425 5361 2669 5430 profecto
2691 5376 2903 5413 mannr
2922 5373 3174 5413 naturam
3198 5359 3390 5420 fuisse,

1821 5453 1993 5525 colligi
2031 5462 2144 5506 lum
2172 5453 2239 5508 de
2272 5454 2514 5509 Sabbato
2544 5462 2757 5524 potest,
2800 5468 2909 5522 quo
2961 5451 3222 5520 quidquid
3268 5449 3388 5515 ejus

1820 5560 1982 5601 causa
2033 5546 2425 5616 prmparatorio
2458 5546 2546 5602 dic
2580 5554 2829 5600 coactum
2858 5554 2975 5598 erat
3010 5544 3386 5608 incorruptum
