3862 6228
413 257 515 324 3H

1672 265 2096 326 MICHAELIS
2135 236 2397 328 ωδε
2475 272 2512 307 ἰ

3548 256 3654 324 312

414 371 690 433 manebat.
734 377 851 426 tum
903 371 972 427 de
1022 371 1114 427 illo
1157 387 1356 427 manna
1387 354 1613 444 quodin
1646 391 1769 431 arca
1802 377 1990 433 nmltis

2099 361 2260 436 αὖτοῦ
2291 379 2352 432 τὸ
2384 355 2630 432 ποικίλον
2672 369 2840 446 εἶχεν,
2883 372 3100 444 ἑκάστῳ
3147 370 3476 443 προσφόρως
3512 371 3656 460 κατὰ

418 462 633 517 sareulis
657 473 742 516 cst
764 471 1170 518 conservatum.
1211 464 1578 537 Colligcbatur
1602 478 1782 522 autem
1810 477 1984 522 matu-

415 555 529 605 tino
549 562 791 622 tempore
808 560 1018 607 tantum
1043 572 1056 608 :
1089 555 1288 625 quippe
1307 557 1708 627 quamprimum
1728 558 1807 612 sol
1834 567 1986 612 ortus

416 645 631 706 fuisset,
664 645 1020 714 liquescebat.
1078 647 1225 700 Idem
1263 662 1483 714 manna,
1524 649 1982 718 quemadmodum

421 734 696 803 Nyssenns
729 735 962 790 antistes
993 736 1081 790 ille
1123 736 1500 791 divinissimns
1536 737 1631 804 ait,
1663 738 1982 806 sapientiam

418 825 727 878 Sblomonis
763 837 1008 886 secutus.
1045 827 1210 880 unius
1239 829 1460 897 quidem
1485 837 1600 882 erat
1629 830 1985 899 ejusdemque

417 920 626 980 formae,
655 913 978 984 qualitatem
1010 933 1139 972 vero
1187 920 1544 988 multiplicem
1595 921 1851 982 habebat,
1904 921 1981 974 uti

417 1008 560 1075 quod
589 1009 788 1077 cuique
825 1023 922 1076 pro
942 1009 1153 1064 ratione
1170 1011 1484 1079 cupiditatis
1508 1021 1746 1080 saperet.
1778 1012 1981 1067 Eodem

418 1099 578 1151 modo
611 1099 764 1166 panis
797 1099 884 1152 ille
917 1099 1006 1168 qui
1043 1100 1110 1154 de
1145 1101 1283 1154 caelo
1319 1101 1622 1164 descendit,
1654 1118 1849 1156 manna
1879 1101 1986 1156 sci-

353 1247 356 1252 _
419 1188 547 1240 licet
572 1187 914 1252 intellectile,
958 1205 1054 1259 pro
1083 1191 1375 1247 aﬂectione
1414 1192 1583 1245 animi
1613 1194 1985 1261 quorumlibet

419 1289 474 1332 et
496 1278 610 1347 ipse
639 1281 867 1335 allectus
896 1297 1018 1336 esse
1063 1283 1222 1336 solet.
1283 1283 1427 1338 Idem
1461 1299 1662 1339 manna
1695 1286 1983 1354 quamdam

419 1384 545 1424 esse
595 1371 868 1426 coriandri
918 1373 1154 1441 speciem
1204 1374 1377 1438 aiunt,
1436 1375 1590 1442 cujus
1644 1387 1892 1429 naturam
1930 1377 1984 1429 in

434 1464 752 1516 universum
776 1464 972 1517 semini
1007 1464 1339 1533 respondere
1366 1466 1678 1534 perhibent,
1718 1464 1790 1520 ita
1834 1474 1893 1519 ut
1939 1465 1983 1520 si

423 1554 750 1616 dissecetnr,
820 1555 968 1607 nulla
1018 1556 1089 1609 sit
1145 1557 1428 1625 particula'
1472 1573 1591 1626 qute
1657 1557 1766 1611 vim
1833 1571 1983 1610 suam

419 1643 652 1698 amittat.
709 1643 800 1698 Sic
841 1655 894 1698 et
925 1645 1167 1699 divinum
1208 1626 1340 1699 illud
1377 1661 1440 1699 ac
1472 1645 1752 1715 spirituale
1785 1637 1987 1698 manna

2085 475 2146 528 τὸ
2172 469 2313 535 εἶδος
2343 472 2442 541 τῆς
2470 467 2769 538 ἐπιθυμίας
2797 465 3146 534 ἐγγινομένη.
3196 463 3356 518 Οῦτω
3407 463 3512 531 μὲν
3565 458 3656 516 οὖν

2085 565 2182 620 καὶ
2213 565 2241 618 6
2279 562 2447 634 ἄρτος
2485 563 2514 614 6
2547 559 2790 619 καταϐὰς
2835 558 2901 610 ὲκ
2934 554 3028 609 τοῦ
3080 553 3340 624 οὐρανοῦ,
3381 552 3442 605 τὸ
3466 552 3660 622 νοητὸν

2084 655 2329 726 δηλονότι
2390 653 2588 723 μάννα,
2642 652 2779 720 πρ³ς
2825 649 2926 718 τὴν
2985 647 3227 700 διάθεσιν
3268 647 3368 714 τῆς
3423 645 3659 698 ἑκάστου

2086 748 2268 818 ψυχῆς
2305 744 2640 800 διατίθεσθαι
2694 740 2870 794 εῐωθε.
2907 739 3080 793 Τοῦτο
3120 738 3184 808 δὴ
3212 737 3272 791 τὸ
3300 737 3481 807 μάννα
3517 731 3661 800 εῐδος

2087 835 2202 906 εἷχε
2257 839 2469 905 κορίου,
2523 823 2583 884 οὗ
2629 830 2724 902 τὴν
2755 830 2932 905 φύσιν
2965 829 3096 898 ὅλην
3121 827 3298 881 διόλου
3327 826 3487 892 λόγον
3520 826 3662 894 ἔχειν

2089 909 2409 992 σπέρματος
2469 925 2742 996 λέγουσιν,
2774 923 2915 990 ὥστε
2946 921 3079 992 μηδὲ
3112 923 3168 974 ὲν
3199 919 3278 991 τῷ
3309 918 3652 974 κατακόπτε-

2089 979 2214 1069 σθιί
2238 979 2776 1085 έξιφανίζεσθαιτην
2821 979 2958 1084 πρὲς
2985 979 3045 1065 τΙδ
3072 979 3402 1080 σπείρεσθαι
3427 1010 3660 1079 δύναμιν
3749 1008 3760 1022 ⁸

2087 1106 2278 1163 αὑτοῦ.
2312 1105 2472 1160 Οῦτω
2500 1107 2599 1176 μὲν
2630 1100 2724 1158 οὖν
2758 1104 2854 1157 καὶ
2883 1109 2944 1156 τὸ
2974 1103 3121 1157 θεῖον
3164 1107 3338 1172 μάννα
3373 1102 3470 1154 καὶ
3500 1117 3661 1153 πνευ-

2090 1194 2322 1265 ματικὸν
2353 1191 2628 1262 πανταχοῦ
2663 1191 3098 1260 σκεδαννύμενόν
3143 1208 3204 1244 τε
3248 1193 3346 1245 καὶ
3379 1205 3658 1254 κατακερ-

2093 1287 2455 1356 ματιζόμενον
2483 1285 2604 1337 ὅλον
2629 1283 2803 1336 διόλου
2829 1284 2885 1334 ἐν
2923 1282 3065 1342 ὅλοις
3096 1280 3436 1351 εὑρίσκεται.
3467 1280 3582 1333 Καὶ
3613 1278 3661 1329 τί

2087 1376 2194 1446 χρὴ
2241 1374 2414 1428 πολλὰ
2470 1373 2681 1442 λέγεινς
2739 1373 2955 1442 Ὥσπερ
2985 1373 3076 1424 ἐπὶ
3103 1371 3198 1424 τοῦ
3237 1370 3419 1440 μάννα
3444 1369 3657 1424 ἐκείνου

2086 1459 2490 1530 κατερχομένου
2523 1458 2730 1512 ἄνωθεν
2754 1461 2815 1512 τὸ
2845 1457 2955 1510 τῶν
2989 1457 3264 1525 Ἐϐραίων
3299 1456 3461 1522 γένος
3489 1456 3659 1524 ὑπερ-

2086 1548 2524 1619 εκπληττὸμενον
2564 1547 2740 1615 ἔλεγε,
2778 1547 2843 1599 Ἱί
2885 1546 3045 1600 τοῦτό
3081 1549 3266 1613 ὲστιν;
3298 1545 3443 1599 οὕτω
3468 1545 3537 1616 δὴ
3573 1546 3660 1598 καὶ

2087 1639 2180 1693 ἐπὶ
2207 1639 2300 1693 τοῦ
2339 1638 2530 1711 νοητοῦ
2565 1638 2745 1709 μάννα
2780 1638 2877 1690 τοῦ
2909 1639 3076 1708 ἄρτου
3112 1638 3212 1706 τῆς
3268 1637 3439 1707 ζωῆς,
3490 1637 3653 1692 αὑτοῦ

421 1736 620 1804 ubique
649 1733 892 1789 locorum
939 1736 1248 1805 dispersum
1287 1745 1341 1790 et
1383 1737 1536 1805 quasi
1571 1737 1854 1791 concisum
1888 1735 1986 1790 mi-

2099 1729 2287 1800 Ξηλαδὴ
2321 1729 2412 1783 τοῦ
2448 1729 2774 1800 μονογενοῦς
2811 1729 2945 1783 Υίοῦ
2979 1729 3322 1790 καταϐάντος
3349 1727 3658 1798 ὲξοὺρανοῦ

421 1835 582 1879 uutas
611 1825 664 1878 in
698 1834 882 1894 partes
918 1826 1273 1879 nihilominus
1301 1834 1476 1880 totum
1518 1829 1728 1898 integre
1758 1827 1811 1880 in
1844 1827 1986 1881 inte-

420 1916 531 1985 gris
562 1918 850 1984 reperitur.
893 1917 1031 1982 Quid
1080 1920 1244 1973 multa
1292 1918 1670 1988 proferemus?
1711 1916 1984 1983 Quemad-

423 2008 640 2061 modum
686 2008 777 2063 illo
824 2024 1019 2064 manna
1086 2011 1301 2064 coalitus
1351 2010 1589 2064 demisso
1637 1994 2010 2062 llebrzeornm’

425 2103 573 2154 natio
603 2101 996 2156 admirabunda
1029 2101 1285 2168 dicebat,
1323 2101 1464 2168 Quid
1508 2102 1611 2155 hoc
1660 2099 1778 2154 est?
1823 2098 1903 2154 sic
1935 2105 1992 2152 et

2094 1822 2186 1896 καὶ
2218 1822 2312 1874 ἐπὶ
2343 1822 2445 1890 γῆς
2501 1820 2785 1889 ὀφθέντος,
2825 1819 3413 1893 ὑπερεκπληττὸμενοι
3474 1819 3657 1886 ἔλεγον

2093 1911 2353 1978 ἅπαντες,
2375 1913 2442 1965 Τί
2463 1911 2625 1966 τοῦτό
2653 1912 2770 1964 ἔστι
2793 1928 2809 1978 ;
2840 1911 2956 1974 πῶς
2977 1912 3004 1964 6
3027 1911 3155 1975 Υίδς
3177 1911 3269 1966 τοῦ
3297 1911 3438 1963 Θεοῦ
3472 1910 3661 1977 κατῆλ-

2095 2004 2186 2057 θεν
2217 2005 2298 2069 είς
2325 2003 2422 2073 τὴν
2447 2003 2588 2072 γῆνς
2627 2003 2744 2067 πῶς
2781 2004 2961 2075 σάρκα
3000 2004 3267 2074 ὲφόρεσες
3304 2004 3424 2067 πῶς
3454 2001 3660 2071 ἄνθρω-

2096 2113 2194 2159 πος
2227 2099 2418 2164 γέγονε
2446 2112 2463 2161 ;
2489 2094 2599 2149 Καὶ
2627 2095 2755 2164 περὶ
2792 2096 2892 2166 μὲν
2921 2094 3129 2149 τούτων
3159 2094 3356 2158 οὕτως.

425 2181 724 2248 ἱιιιεηροιίιὶ
759 2209 978 2257 manna,
1017 2209 1157 2264 pane
1185 2193 1396 2249 scilicet
1426 2193 1573 2258 vitae,
1610 2193 1847 2264 unigena
1885 2189 1977 2244 Dei
2017 2190 2177 2253 Filio,
2205 2188 2417 2243 caelitus
2446 2188 2670 2258 delapso
2709 2197 2766 2242 et
2828 2187 2884 2242 in
2920 2189 3081 2243 terris
3127 2196 3448 2257 conspecto,
3490 2185 3668 2270 cuncti]

427 2290 872 2355 obstupescentes
924 2288 1173 2342 aiebant:
1219 2288 1362 2354 Quid
1419 2289 1523 2343 hoc
1571 2288 1695 2344 est?
1749 2301 1985 2357 quonam
2028 2293 2186 2355 pacto
2245 2284 2337 2338 Dei
2379 2282 2550 2340 Filius
2609 2285 2666 2338 in
2727 2293 2928 2340 terram
2955 2282 3279 2339 descendit?
3318 2282 3415 2353 qui
3453 2297 3658 2339 carnem

425 2381 641 2449 gestat?
663 2383 754 2464 qui
787 2381 950 2437 homo
979 2381 1155 2436 factus
1190 2383 1322 2436 est?
1361 2383 1439 2438 Ac
1471 2382 1537 2438 de
1568 2383 1652 2437 his
1687 2383 1905 2452 quidem
1932 2380 2036 2434 hoc
2064 2375 2227 2432 modo
2259 2377 2466 2433 dictum
2505 2387 2646 2433 esto.

493 2476 762 2531 Caeterum
795 2487 919 2548 post
947 2489 1177 2534 mortem
1210 2479 1375 2536 Mosis
1398 2482 1542 2537 Deus
1574 2481 1756 2537 Jesum
1789 2480 1994 2536 allocu-

431 2576 518 2620 tus
547 2578 626 2622 cst
681 2570 734 2622 in
779 2571 926 2625 hunc
979 2571 1240 2627 modum:
1304 2572 1791 2644 «Quandoquidem
1836 2587 1994 2627 meus

428 2675 622 2739 servus
645 2662 818 2717 Moses
847 2674 1094 2719 mortuus
1120 2673 1225 2733 est,
1257 2681 1354 2736 age
1380 2677 1458 2732 tu,
1489 2666 1678 2736 trajice
1699 2663 1991 2722 Jordancm

429 2752 592 2806 istttm
625 2769 729 2807 una
761 2770 884 2809 cum
913 2757 1060 2810 omni
1088 2758 1193 2812 hoc
1219 2757 1419 2826 populo
1438 2758 1537 2813 ἰδ
1573 2757 1818 2828 Cumque
1842 2773 1995 2828 rcges

429 2848 892 2916 Amorrhanorum,
922 2849 1015 2918 qui
1048 2852 1189 2904 ultra
1217 2849 1511 2906 Iordanem
1541 2860 1696 2906 erant
1716 2890 1732 2917 ,
1777 2851 1994 2906 inaudi-

431 2939 636 2993 vissent
669 2939 986 3005 Dominum,
1008 2941 1102 3012 qui
1137 2941 1278 2996 Dens
1308 2951 1409 3007 est,
1446 2941 1739 2998 Jordanem
1765 2941 1991 2998 ﬂuvium

429 3032 756 3098 cxsiccasse,
807 3043 1017 3088 mentes
1043 3043 1098 3088 et
1132 3034 1297 3088 animi
1345 3050 1536 3089 eorum
1564 3035 1999 3100 contabuernnt,‘

2167 2479 2325 2535 Μετὰ
2355 2479 2410 2532 δὲ
2438 2479 2538 2550 τὴν
2566 2478 2661 2531 τοῦ
2694 2478 2938 2542 Μωσέως
2969 2465 3231 2550 τελευτὴν
3251 2476 3370 2533 εἷπε
3410 2481 3554 2549 πρὸς
3577 2480 3659 2533 τὸν

2111 2568 2321 2639 Ἰησοῦν
2349 2571 2377 2624 6
2405 2570 2540 2632 Θεός
2560 2585 2574 2598 ·
2622 2587 2642 2621 ι
2681 2571 2889 2639 Μωσῆς
2935 2571 2964 2622 6
2995 2563 3251 2640 θεράπων
3281 2589 3383 2641 μου
3416 2573 3658 2626 τετελεύ-

2098 2677 2263 2732 τηκεν
2285 2675 2300 2692 ⁸
2349 2659 2444 2714 νῦν
2476 2655 2569 2714 οῦν
2598 2660 2840 2724 ἀναστὰς
2894 2660 3117 2732 διάϐηθι
3145 2661 3238 2715 τὸν
3273 2662 3553 2732 Ἰορδάνην
3600 2661 3655 2714 σὺ

2101 2751 2337 2826 mea;
2362 2753 2390 2804 6
2415 2751 2544 2816 λαδς
2569 2746 2744 2813 οὗτος.
2777 2770 2794 2803 ι
2828 2752 2937 2806 Καὶ
2958 2753 3033 2814 ὡς
3068 2752 3310 2822 ἥκουσαν
3345 2754 3393 2804 οί
3432 2753 3656 2822 βασιλεῖς

2100 2843 2210 2896 τῶν
2237 2843 2602 2916 Ἀμορραίων,
2638 2843 2687 2898 οἳ
2717 2839 2857 2913 ἦσαν
2892 2845 3066 2914 πέραν
3127 2844 3221 2898 τοῦ
3253 2846 3553 2915 Ἰορδάνου,
3583 2847 3655 2900 ὅτι

2100 2935 2410 3008 ἀπεξήρανε
2449 2936 2654 3003 Κύριος
2707 2937 2736 2990 6
2790 2937 2923 3001 Θεδς
2970 2922 3062 2989 τὸν
3088 2937 3365 3008 Ἰορδάνην
3396 2938 3654 3007 ποταμῇν,

2101 3027 2490 3099 κατετάκησαν
2527 3027 2707 3081 αὐτῶν
2741 3029 2797 3082 αἱ
2819 3028 3073 3090 διάνοιαι,
3114 3029 3208 3081 καὶ
3256 3028 3356 3080 οὐκ
3391 3024 3462 3097 ἦν
3489 3031 3545 3082 ἐν
3566 3029 3654 3081 αὒ-

430 3140 530 3178 nec
559 3142 668 3195 prae
713 3137 859 3180 metu
906 3125 1278 3182 lsraelicorum
1315 3128 1470 3198 162
1503 3129 1803 3198 prudenter
1833 3130 1993 3184 rebus

2099 3119 2208 3182 τοῖς
2265 3118 2528 3189 φρόνησις
2586 3119 2815 3190 οὐδεμία
2870 3120 2978 3172 άπὸ
3016 3120 3311 3189 προσώπου
3377 3119 3493 3175 τῶν
3534 3121 3656 3172 υίῶν

428 3217 542 3270 suis
575 3217 862 3272 consulere
895 3217 1004 3272 ullo
1029 3219 1188 3274 modo
1206 3227 1480 3287 poterant.
1520 3219 1819 3275 Consimile
1838 3221 1996 3290 quid-

427 3307 550 3360 dum
583 3306 793 3385 scilicet
822 3307 904 3362 eis
943 3307 1268 3385 acciditilli,
1299 3307 1444 3378 quod
1474 3307 1708 3363 Jacobus
1738 3298 1997 3378 expertus

428 3407 650 3467 estprae
699 3398 915 3468 gaudio,
961 3414 1088 3453 cum
1125 3399 1406 3469 profectus
1458 3400 1512 3454 in
1560 3399 1852 3471 Egyptum
1901 3400 1996 3456 Jo-

431 3490 661 3556 scphmn
699 3489 867 3543 tilium
901 3489 1191 3558 aspiceret.
1228 3489 1499 3545 Nimirum
1531 3491 1599 3545 de
1631 3492 1818 3547 laetitia
1851 3507 2001 3560 qna:-

431 3580 554 3634 dam
577 3574 1054 3649 oritur‘sanguinis
1081 3579 1319 3646 diﬂ‘usio,
1356 3582 1423 3636 de
1446 3581 1734 3636 formidine
1763 3598 1891 3638 vero
1918 3583 1998 3637 fa-

431 3671 648 3726 cultatis
685 3671 860 3740 vitalis
885 3673 1188 3726 contractio
1220 3671 1273 3725 in
1311 3671 1472 3727 nobis
1496 3672 1728 3728 exsistit.
1756 3672 1999 3744 Utroque

432 3764 596 3818 modo
647 3763 764 3818 ﬁeri
815 3780 1208 3834 nonnunquam
1260 3765 1396 3819 solet
1430 3773 1490 3818 ut
1519 3780 1667 3820 mors
1701 3765 1804 3820 hoc
1839 3777 1999 3836 pacto

431 3857 660 3913 aﬂ'ectos
693 3858 1005 3913 necessario
1037 3859 1351 3913 comitetur.
1415 3856 1708 3928 Postquam
1754 3859 1996 3914 lsraelici

431 3953 631 4006 flumen
668 3951 1036 4022 traiecissent,
1082 3965 1205 4004 mox
1249 3950 1452 4019 absque
1481 3950 1650 4004 armis
1675 3947 1999 4006 Jericbunte

432 4044 717 4112 thiuntur
743 4058 757 4105 ;
788 4057 898 4110 quo
928 4041 1150 4095 nomine
1183 4040 1384 4094 factum
1415 4049 1472 4092 ut
1494 4053 1612 4095 eam
1640 4057 1739 4110 pro
1766 4041 1998 4096 anathe-

433 4143 574 4186 mate
605 4133 868 4186 ducerent
897 4172 910 4195 ,
953 4131 1056 4184 hoc
1095 4140 1178 4185 cst
1210 4130 1319 4185 Deo
1352 4141 1759 4186 consecrarcnt.
1792 4130 2001 4188 Secun-

431 4225 560 4278 dum
593 4223 710 4277 hmc
737 4223 918 4276 Achar
948 4223 1035 4276 ille
1068 4223 1317 4277 Charma:
1356 4223 1501 4278 filius
1533 4239 1597 4277 ex
1633 4223 1704 4278 iis
1733 4238 1855 4293 quae
1887 4224 1999 4280 Deo

432 4325 748 4370 consecrata
779 4323 974 4378 erant,
1018 4326 1166 4369 veste
1218 4315 1448 4384 quadam
1501 4332 1624 4369 cum
1673 4315 1790 4370 auri
1823 4329 1999 4370 massa

2111 3208 2350 3283 Ἰσραήλ.
2405 3211 2517 3266 Καὶ
2571 3213 2812 3268 τοιοῦτόν
2842 3231 2894 3267 τι
2931 3214 3281 3280 επεπόνθασιν
3317 3213 3510 3267 ὁποῖον
3562 3213 3656 3270 ἀπὺ

2097 3304 2274 3374 χαρᾶς
2302 3305 2330 3356 6
2372 3303 2595 3372 Ἰακὼϐ,
2625 3306 2792 3377 ἡνίκα
2848 3307 3129 3360 κατελθὼν
3157 3309 3237 3369 είς
3267 3305 3546 3375 Αἴγυπτον
3578 3307 3656 3359 τὸν

2109 3395 2308 3466 Ἰωσὴφ
2331 3396 2594 3452 ἐθεάσατο
2613 3415 2626 3430 ·
2657 3398 2767 3452 άπδ
2799 3399 2900 3468 μὲν
2931 3401 3040 3468 γὰρ
3075 3400 3174 3468 τῆς
3195 3401 3370 3470 χαρᾶς
3395 3401 3652 3464 διάχυσις.

2098 3485 2207 3539 άπὸ
2247 3485 2303 3538 δὲ
2342 3486 2434 3541 τοῦ
2467 3487 2634 3556 φόϐου
2663 3490 2945 3554 σύννευσις
2985 3491 3085 3558 τῆς
3122 3488 3499 3559 ζωογονούσης
3522 3491 3656 3560 ἡμᾶς

2098 3575 2385 3644 δυνάμεως
2416 3579 2646 3644 γίνεται,
2678 3582 2772 3632 καὶ
2796 3579 2964 3642 οὕτως
3001 3581 3034 3650 ἢ
3075 3579 3300 3641 ἐκείνως
3332 3580 3487 3633 ἔστιν
3519 3580 3602 3631 ὅτε
3631 3579 3657 3630 6

2100 3666 2330 3732 θάνατος
2386 3668 2445 3735 ἐξ
2479 3670 2729 3740 ἀνάγκης
2781 3670 2996 3724 ἕπεται.
3037 3671 3193 3724 Μετὰ
3240 3672 3298 3725 δὲ
3334 3670 3396 3724 τὸ
3433 3671 3655 3738 περᾶσαι

2087 3759 2404 3830 «τηνικαῦτα
2437 3761 2608 3830 χωρὶς
2635 3762 2816 3815 ὅπλων
2845 3761 2945 3833 τὴν
2975 3762 3192 3834 Ἰεριχὼ
3234 3766 3651 3834 κεκρατήκασιν·

2100 3851 2185 3920 ἐφ’
2214 3844 2258 3919 ᾧ
2316 3850 2415 3905 καὶ
2465 3851 2880 3923 άναθεμάτισαν
2931 3854 3124 3924 αὐτὴν,
3173 3855 3422 3908 τουτέστι
3453 3858 3530 3919 τῷ
3549 3853 3654 3922 Θεῷ

2099 3944 2438 4014 ἀφιέρωσαν.
2490 3945 2671 4016 Ἀχαρ
2736 3947 2926 4000 λοιπὸν
2984 3949 3013 4000 6
3061 3947 3155 4000 τοῦ
3185 3948 3392 4019 Χαρμῆ
3431 3946 3539 4000 ἀπὸ
3561 3947 3654 4000 τῶν

2100 4037 2641 4106 άναθεματισθέντων
2667 4037 2746 4109 τῷ
2777 4039 2969 4110 Κυρίῳ
3005 4040 3197 4110 στολήν
3219 4057 3340 4094 τινα
3365 4041 3461 4092 καὶ
3494 4038 3653 4108 μᾶζαν

2099 4130 2310 4199 χρυσῆν
2361 4131 2714 4201 άποσυλήσας
2765 4132 2858 4183 τὸν
2902 4131 3037 4185 Θεὸν
3090 4131 3173 4194 είς
3211 4131 3384 4202 ὀργὴν
3440 4131 3666 4202 ἤγειρε-ς

2099 4222 2312 4293 δεηθεὶς
2333 4223 2424 4276 οῦν
2448 4223 2477 4276 6
2514 4223 2724 4292 Ἰησοῦς
2757 4224 2852 4276 τοῦ
2885 4224 3048 4289 Θεοῦ,
3079 4225 3173 4278 καὶ
3203 4223 3397 4291 μαθὼν
3433 4225 3526 4277 τὸν
3566 4222 3652 4289 τῆς

2100 4315 2272 4386 ὀργῆς
2295 4313 2491 4380 αἴτιον,
2539 4315 2710 4375 λίθοις
2735 4315 2899 4370 αὑτὸν
2934 4315 3162 4379 πανοικὶ
3201 4317 3542 4385 κατέχωσαν.
3575 4313 3652 4365 Ἐν

433 4395 740 4462 clanculum
786 4415 1056 4477 surrepta,
1111 4407 1282 4462 Deum
1333 4406 1399 4462 ad
1456 4407 1591 4461 iram
1647 4407 1989 4476 provocavit.

2099 4407 2273 4478 τούτῳ
2301 4408 2358 4460 δὲ
2388 4407 2467 4478 τῷ
2489 4407 2626 4460 κατὰ
2651 4408 2752 4476 τῆς
2791 4405 3004 4478 Ἰεριχὼ
3040 4407 3264 4476 πολέμῳ
3301 4407 3478 4476 ἀρχὴν
3509 4403 3649 4458 ἔλαϐε

433 4499 772 4570 Quapropter
827 4499 984 4554 Jcsns
1037 4498 1202 4553 Deum
1247 4507 1522 4568 precatus,
1572 4498 1776 4568 irchne
1826 4510 2038 4555 causa'

431 4593 670 4657 cognita,
721 4590 991 4660 lapidibus
1032 4591 1309 4645 hominem
1362 4593 1620 4661 universa
1673 4605 1794 4644 cum
1835 4589 1998 4645 domo

433 4681 640 4737 obruit.
703 4679 760 4732 In
804 4681 908 4734 hac
935 4679 1271 4736 Jcricbuntis
1297 4679 1579 4735 obsidione
1609 4680 1847 4750 primum
1883 4695 2000 4738 om-

434 4773 587 4826 nium
615 4769 807 4824 violari
853 4771 1150 4826 Sabbatum
1183 4771 1390 4840 coepit;
1439 4770 1558 4825 dies
1595 4770 1741 4825 enim
1787 4779 1996 4840 septem

432 4863 690 4932 oppidum
719 4876 842 4915 cum
882 4861 1024 4917 tubis
1055 4863 1346 4918 cinxerunt
1377 4871 1540 4932 atque
1568 4863 1993 4929 circumierunt,

431 4971 539 5024 quo
571 4955 776 5009 dierum
823 4969 1051 5007 numero
1085 4954 1380 5009 Sabbatum
1417 4969 1636 5024 quoque
1682 4957 1994 5010 necessario

431 5045 936 5115 comprehenditur.
995 5046 1197 5101 Eodem
1238 5046 1389 5110 Jesn,
1439 5048 1894 5118 quemadmodum
1939 5061 1996 5103 et

431 5154 594 5208 supra
628 5125 993 5201 meminimus,
1019 5147 1208 5192 contra
1231 5138 1474 5207 quinque
1507 5154 1662 5210 reges
1690 5140 1997 5209 prmliante,

432 5231 510 5282 sul
541 5229 594 5283 in
629 5229 806 5282 medio
833 5230 972 5283 coelo
999 5228 1196 5282 restitit
1231 5235 1344 5282 nec'
1363 5227 1428 5282 ad
1462 5243 1712 5282 occasum
1744 5245 2000 5298 progres-

433 5337 526 5376 sus
555 5330 641 5376 est
667 5320 826 5374 unius
850 5319 1046 5391 integri
1076 5319 1182 5373 diei
1209 5321 1410 5388 spatio.
1431 5320 1495 5373 Et
1525 5330 1792 5390 ceperunt
1822 5323 2000 5375 Israc-

434 5413 524 5466 livi
579 5413 719 5466 bello
748 5422 975 5467 cunctas
1002 5412 1432 5466 (ibananmorum
1469 5411 1720 5476 ditioncs
1757 5422 1811 5467 ct
1838 5429 1995 5482 opes,

435 5504 667 5558 Domino
693 5503 828 5574 ipsis
858 5502 1139 5574 suppetias
1169 5503 1403 5579 ferente.
1467 5503 1739 5561 Chalcbus
1779 5519 2000 5574 quoque

505 5678 549 5712 ‘“
582 5679 743 5737 Josuc
775 5683 894 5748 1,2.

2100 4500 2465 4555 καταλύεσθαι
2496 4501 2557 4553 τὸ
2583 4500 2864 4554 Σάϐϐατον
2883 4516 2896 4531 ⁸
2937 4500 3079 4552 ἑπτὰ
3108 4499 3218 4570 γὰρ
3251 4500 3465 4570 ἡμέρας
3494 4498 3648 4564 αὐτὴν

2102 4594 2242 4662 μετὰ
2269 4580 2588 4660 σαλπῐγχων
2611 4591 3086 4662 περιεκύκλωσαν,
3117 4591 3175 4644 ὲν
3204 4585 3292 4654 αἷς
3320 4594 3416 4644 καὶ
3435 4592 3507 4644 ’τδ
3527 4589 3648 4642 Σάϐ-

2101 4681 2267 4736 ϐατον
2298 4681 2356 4746 ἐξ
2385 4683 2634 4752 ἀνάγκης
2659 4664 3182 4752 συμπεριείλητῖται.
3215 4682 3378 4735 Ἀλλά
3409 4683 3500 4735 καὶ
3526 4678 3646 4751 μετὰ

2105 4777 2268 4831 πέντε
2293 4774 2582 4845 βασιλέων,
2609 4774 2685 4837 ὡς
2715 4773 2924 4828 ἄνωθεν
2949 4773 3190 4844 εἴρηται,
3215 4772 3310 4826 τοῦ
3355 4770 3529 4842 Ἰησοῦ
3558 4786 3649 4839 μα⁶

2104 4868 2337 4941 χομένου
2370 4867 2501 4938 ἔστη
2540 4868 2569 4921 6
2600 4867 2752 4938 ἥλιος
2786 4867 2929 4919 κατὰ
2975 4865 3037 4917 τὸ
3081 4865 3246 4935 μέσον
3279 4864 3373 4918 τοῦ
3397 4861 3646 4935 οὖρανοῦ,⁶

2103 4961 2164 5015 οὐ
2194 4957 2600 5032 προεπορεύετο
2633 4959 2713 5020 είς
2751 4958 2963 5026 δυσμάς
2995 4956 3101 5020 ἕως
3153 4957 3235 5019 είς
3265 4955 3419 5018 τέλος
3455 4955 3648 5024 ἡμέρας

2107 5053 2257 5121 μιᾶς.
2317 5051 2428 5105 Καὶ
2491 5052 2669 5104 πάντα
2706 5049 2765 5103 δὲ
2802 5047 2872 5104 τὰ
2924 5047 3032 5101 τῶν
3063 5047 3387 5101 Χαναναίων
3415 5045 3596 5098 ἔλαϐεν
3623 5042 3647 5091 6

2115 5143 2332 5212 Ἰσραὴλ
2363 5143 2420 5196 ὲν
2447 5141 2694 5211 πολέμῳ,
2743 5140 2826 5193 ὅτι
2866 5131 2954 5192 διὰ
2981 5139 3190 5209 Κυρίου
3223 5139 3457 5207 ἐγένετο.
3503 5132 3644 5188 Ἀλλὰ

2105 5233 2196 5285 καὶ
2220 5231 2402 5286 Χάλεϐ
2426 5232 2536 5292 υἱὸς
2559 5228 2775 5298 Ἐφωνῆ
2803 5227 3000 5292 ἐξωλόθ
3011 5245 3103 5296 ρευ
3113 5244 3170 5280 σε
3196 5227 3322 5289 τοὺς
3350 5227 3492 5295 τρεῖς
3510 5222 3645 5279 υἱοὺς

2116 5321 2339 5387 Ἐναὰκ,
2360 5319 2451 5372 τὸν
2487 5319 2687 5387 Σουσῆ,
2717 5318 2811 5371 τὸν
2833 5317 3013 5386 Θολμὲ
3060 5319 3154 5370 καὶ
3190 5315 3282 5367 τὸν
3315 5313 3534 5382 Σχιμᾶν.
3565 5307 3644 5360 Fi-

2104 5429 2297 5480 γαντες
2316 5410 2378 5464 δὲ
2399 5411 2494 5463 καὶ
2519 5403 2668 5463 οὗτοι
2699 5409 2966 5479 εὐμήκεις
2998 5403 3140 5478 ἦσαν
3158 5423 3170 5437 ·
3205 5407 3252 5458 εί
3290 5405 3364 5475 μὴ
3384 5404 3490 5471 γὰρ
3506 5398 3645 5452 τοῦτο

2105 5501 2196 5574 ἦν,
2232 5503 2333 5558 οὐκ
2355 5501 2422 5556 ἂν
2451 5494 2731 5566 υίοὺς’τοῦ
2773 5499 2976 5554 Ἐναᾶικ
3011 5497 3252 5560 ἐκείνους
3279 5497 3580 5566 ὠνόμασαν.
