3862 6228
180 323 267 385 317
1379 318 1780 379 ANNALIUM
1826 318 2024 377 PARS
2065 319 2148 380 II.
3030 384 3033 387 λ
3293 325 3401 389 318

176 435 322 485 (lissi.
361 432 460 484 Kal
490 430 544 492 ὃς
577 429 697 480 ἰδὼν
720 429 963 493 ἐκείνους
992 431 1346 500 ὁρμήσαντας
1382 432 1513 484 κατ’
1542 432 1709 484 αὐτοῦ

1825 431 1917 484 sibi
1957 430 2079 486 dedi
2135 422 2351 501 julient.
2397 435 2535 503 Quid
2592 438 2681 494 hic
2729 438 2935 495 factum
2983 440 3052 496 ab
3092 439 3403 498 Israelitis?

174 528 231 579 ri
269 525 357 593 μὲν
401 523 569 591 δεσμά
596 522 875 591 διέρρηξε,
914 523 1143 589 σιαγόνα.
1171 524 1225 577 δὲ
1264 523 1385 575 δνου
1417 522 1601 576 λαϐὼν
1633 542 1714 593 χι-

175 617 298 678 λίους
336 615 522 675 ἄνδρας
552 614 659 663 τῶν
696 611 1012 681 ἀλλοφύλων
1048 612 1387 668 ἀπέκτεινεν.
1432 612 1593 666 ’Όθεν
1623 614 1718 667 ἐπὶ

171 706 399 761 τοσοῦτον
429 704 828 773 ἀγωνιζόμενος
856 704 959 756 ὑπὸ
986 704 1173 773 δίψους
1201 704 1716 774 ἐφλέγετοηΔέεται

172 797 251 853 οὖν
286 797 370 851 τοῦ
408 797 563 863 Θεοῦ,
606 799 698 850 καὶ
726 796 1035 867 τηνικαῦτα
1080 796 1490 867 παραμυθεῖται
1516 796 1714 849 αὐτόν·

174 891 318 961 ἡγὰρ
357 888 558 957 σιαγὼν
598 890 729 959 παρ’
762 890 933 943 αὐτοῦ
960 889 1280 944 ἐκθλςδείσα
1308 889 1453 959 ὕδωρ
1487 890 1717 941 ἔϐλυσεν

170 985 387 1054 ἄφθονον.
429 983 590 1035 Ὅθεν
623 987 653 1046 ἡ
689 984 917 1053 τοιαύτη
980 985 1130 1053 πηγὴ
1187 984 1352 1054 μέχρι
1391 984 1485 1035 καὶ
1546 982 1718 1052 τήμε-

172 1096 248 1148 ρον
275 1078 328 1128 ἐν
375 1077 484 1137 τοῖς
515 1075 861 1147 προαστείοις
902 1076 1118 1129 Ἐλευοε
1133 1076 1409 1147 ροπόλεως
1438 1074 1716 1143 φαίνεται,

172 1168 391 1236 σιαγόνος
435 1166 889 1237 ἐπονομαζομὲνη
941 1170 1117 1237 πηγή.
1161 1166 1221 1219 '0
1259 1166 1357 1236 μὲν
1403 1161 1497 1217 οὖν
1528 1164 1719 1234 Ίώςη-

170 1265 249 1325 πός
276 1278 431 1331 φησιν
488 1262 569 1313 ὅτι
605 1262 672 1331 τῇ
726 1262 906 1331 οἰκεῖα
941 1260 1200 1329 δυνάμει,
1246 1260 1344 1312 καὶ
1372 1258 1434 1312 οὗ
1474 1256 1551 1329 τῷ
1603 1256 1720 1327 Θεῷ

167 1355 249 1425 τὴν
269 1344 413 1422 νίκῇν
442 1350 895 1419 ἐπιγραψάμενος
931 1350 1157 1421 διψῇσαι
1185 1391 1199 1415 ,
1230 1349 1372 1403 κατὰ
1404 1350 1539 1402 πολὺ
1585 1365 1718 1417 συγ-

168 1444 468 1515 κεχώρηται.
507 1444 655 1512 Πλὴν
685 1445 714 1496 ὁ
739 1443 995 1507 τοσοῦτος
1023 1444 1123 1514 τὴν
1155 1444 1308 1513 ίσχὺν
1332 1442 1438 1497 ὑπὸ
1460 1442 1720 1511 γυναικὸς

172 1541 379 1606 κατέστη
423 1537 678 1605 παίγνιον
734 1535 986 1607 ὕστερον.
1022 1538 1175 1590 Μετά
1209 1537 1382 1589 ταῦτα
1432 1539 1540 1607 γὰρ
1580 1535 1720 1605 ἠγάα

174 1642 296 1694 πησε
318 1624 413 1695 τὴν
455 1627 517 1677 ἐκ
558 1623 937 1679 Παλαιστινῶν
968 1626 1223 1688 Δαλιλάν,
1257 1626 1382 1696 ἥτις
1417 1629 1569 1696 παρὰ
1612 1626 1722 1678 τῶν

168 1718 451 1786 ἀλλοφύλων
512 1718 970 1789 δωροφορηθείσα
1040 1719 1192 1789 ἠξίου
1252 1720 1416 1774 αὐτὸν
1482 1719 1723 1784 ἐξειπεῖν

1824 522 2099 575 Nimirum
2134 524 2207 577 illi
2245 526 2473 581 hostiles
2505 531 2757 585 incursus
2786 532 2944 587 veriti
2969 532 3212 588 vinctum
3240 533 3400 590 Sant-

1820 630 2010 669 sonetn
2044 617 2124 671 eis
2150 617 2380 673 dedunt.
2418 618 2513 675 llic
2557 638 2679 677 cum
2733 623 2824 679 ille
2869 624 3185 681 Palaestinos
3223 627 3292 683 ad
3338 643 3400 684 so

1818 708 2217 764 contendentes
2244 723 2521 776 cerneret,
2556 715 2731 784 ruptis
2756 717 2989 771 vinculis
3019 718 3214 787 quibus
3232 721 3398 776 astri—

1820 807 1941 852 ctus
1969 809 2108 867 erat,
2158 801 2296 855 asini
2346 804 2621 858 maxillam
2688 816 2881 861 nactus
2912 810 3058 864 mille
3090 810 3276 866 hostes
3310 812 3401 866 iu-

1823 892 2039 961 teriicit.
2109 893 2258 959 .Cutn
2323 905 2505 949 autem
2588 905 2739 952 tanta
2794 899 2993 954 virium
3046 904 3399 960 contentione

1823 983 2161 1053 pra-haretur
2191 986 2244 1038 in
2284 985 2520 1052 hostem,
2552 989 2753 1045 accidit
2788 1000 2847 1045 ut
2898 991 3016 1046 sitis
3045 993 3245 1050 ardens
3273 1011 3399 1051 eum

1824 1073 2065 1144 graviter
2123 1074 2409 1144 afﬂigeret.
2470 1076 2819 1148 Quapropter
2896 1077 3065 1133 Deum
3127 1079 3401 1146 obsecrat,

1822 1166 1913 1234 qui
1946 1180 2073 1219 mox
2120 1182 2279 1237 opem
2320 1168 2684 1237 suppeditans
2725 1169 3005 1225 hominem
3069 1170 3402 1227 consolatur.
3455 1194 3481 1211 -

1822 1255 2036 1327 Quippe
2069 1258 2137 1312 de
2163 1259 2403 1324 maxilla,
2446 1274 2609 1329 quam
2662 1261 2963 1332 abjccerat,
3006 1262 3198 1334 ingens
3249 1278 3406 1335 aqua:

1823 1349 1980 1417 copia
2017 1349 2384 1415 protuaravit.
2422 1350 2601 1420 Atque
2650 1351 2743 1407 hic
2791 1350 2909 1407 fons
2964 1353 3019 1407 in
3076 1354 3403 1410 hodiernum

1824 1454 1997 1508 usque
2034 1439 2177 1492 dietn
2212 1439 2266 1494 in
2295 1440 2740 1511 Eleutheropolis
2761 1444 3028 1499 suburbio
3069 1448 3407 1517 conspicitur

1823 1540 1877 1585 et
1908 1530 2064 1591 Fons
2104 1533 2338 1587 maxilla:
2383 1544 2758 1604 nuncupatur.
2794 1534 2971 1605 Atque
3016 1536 3122 1591 hoc
3160 1538 3282 1593 loco
3312 1537 3409 1595 Jo-

1824 1624 2031 1694 sephus
2064 1624 2160 1691 ait,
2195 1625 2342 1692 quod
2374 1626 2489 1681 suis
2536 1626 2771 1691 viribus,
2806 1643 2914 1683 non
2965 1626 3075 1683 Deo
3115 1630 3405 1687 victoriam

1825 1723 2109 1785 acceptam
2160 1716 2399 1781 tulisset,
2449 1726 2600 1772 tanta
2656 1718 2746 1773 siti
2798 1734 2921 1775 esse
2968 1730 3244 1777 vexatum.
3297 1724 3406 1779 Sed

163 1813 276 1881 αὐτῇ
306 1812 360 1862 ἐν
385 1812 493 1865 τίνι
522 1813 788 1881 τυγχάνει
830 1813 863 1882 ἡ
899 1812 1053 1882 ίσχὺς
1092 1811 1284 1866 αὑτοῦ.
1321 1813 1429 1865 Καὶ
1460 1810 1519 1875 ὃς
1548 1827 1720 1881 παρε-

1825 1807 1971 1863 enim
2016 1816 2173 1863 tanto
2227 1810 2310 1862 vir
2360 1819 2630 1879 pra-stans
2678 1812 2880 1867 robore
2934 1814 3194 1886 deinceps
3241 1815 3407 1871 unitts

163 1902 379 1968 λογίζετο
421 1904 521 1972 μὲν
554 1903 734 1974 αὐτὴν
782 1904 852 1958 τά
885 1903 1106 1974 πρῶτα,
1143 1903 1356 1973 λέγων·
1399 1923 1419 1957 ι
1458 1905 1588 1958 Ἐὰν
1624 1904 1721 1975 δή·

165 1994 275 2045 σωσί
300 2009 366 2062 με
395 1995 453 2047 ἐν
478 1994 622 2047 ἐτττά
659 1995 995 2065 κληματίσιν
1020 1997 1242 2067 ὑγραῖς,
1271 1996 1439 2067 ἤγουν
1471 1999 1717 2068 νευραῖς,

166 2085 401 2155 ἀτονήσω,
434 2089 531 2141 καὶ
563 2085 764 2157 ἔσομαι
790 2088 865 2152 ὼς
902 2083 985 2151 εἷς
1023 2089 1137 2142 τῶν
1171 2090 1501 2160 ἀνθρώπιον.
1544 2109 1563 2143 ι
1614 2092 1722 2145 Καὶ

164 2178 458 2248 δῆλασοῦσα
489 2183 697 2251 νευρὰς
736 2182 927 2253 ἔδησεν
964 2183 1154 2247 αὐτὸν,
1214 2179 1317 2236 εἷθ’
1361 2184 1535 2248 οὕτως
1566 2184 1722 2255 ἐδάη-

165 2289 239 2323 σεν
261 2289 272 2302 ·
306 2289 323 2325 ι
370 2272 694 2343 Ἀλλόςουλοι
730 2274 825 2328 ἐπὶ
878 2274 961 2341 σὲ,
995 2276 1258 2347 Σαμψών.
1292 2295 1311 2328 ι
1358 2277 1466 2329 Καὶ
1504 2278 1563 2341 ὃς
1592 2279 1723 2331 ἀνα-

166 2368 274 2429 στὰς
300 2366 587 2439 δίερῤηξεν
620 2367 811 2432 αὑτάς.
861 2368 1340 2438 Παραλογισθείσα
1373 2369 1467 2423 οὖν
1509 2372 1721 2424 ἐνέκει-

162 2469 230 2515 το,
259 2455 345 2507 καὶ
374 2452 530 2519 αὖθις
568 2446 959 2527 ᾕξίουξμαοετν
991 2458 1117 2513 ὅθεν
1146 2460 1180 2528 ἡ
1224 2459 1379 2530 ίσχίθς
1414 2461 1581 2532 αύτῷ.
1612 2464 1723 2516 Καὶ

164 2544 210 2605 ὃς
250 2546 464 2601 ἀπατῶν
527 2548 708 2619 αὐτὴν
766 2548 991 2618 ἐλεγενο
1027 2568 1046 2603 ι
1091 2550 1219 2606 Ἐὰν
1268 2552 1478 2623 δήσωσί
1542 2570 1610 2624 με
1662 2558 1723 2609 ἐν

164 2636 279 2690 ἑπτὰ
322 2640 608 2705 καλωδίοις
642 2641 910 2707 ἀθίκτοις,
957 2642 1200 2713 ἐκλείψει
1253 2646 1286 2715 ἡ
1337 2648 1491 2719 ἰσχύς
1528 2666 1651 2720 μου.
1696 2668 1715 2701 ι

164 2731 445 2803 Ποιησάσης
487 2726 591 2787 οὖν
639 2736 735 2787 καὶ
774 2734 955 2802 τοῦτο,
984 2736 1078 2790 καὶ
1114 2737 1393 2810 βοησάσης
1423 2757 1437 2774 ο
1474 2759 1493 2793 ι
1540 2742 1722 2796 Ἀλλό-

165 2824 297 2891 φυλοι
324 2826 414 2879 ἐπὶ
455 2826 537 2893 σέ,
577 2826 842 2898 Σαμψὼν,
877 2846 895 2880 ι
936 2829 1224 2901 διέρρηξεν
1260 2831 1400 2886 αύτά
1436 2836 1718 2907 παραχρῆ-

169 2934 231 2985 μα
281 2918 341 2971 ἐκ
395 2921 505 2974 τῶν
568 2919 878 2991 βραχίονων
909 2920 1100 2974 αὑτοῦ.
1130 2919 1300 2975 Πάλιν
1331 2922 1426 2977 οὖν
1462 2925 1722 2997 ἀξιούσης

163 3008 307 3080 αὐτῆς
345 3012 530 3081 ἔλεγεν
560 3028 579 3043 ⁸
618 3031 635 3065 ι
683 3013 810 3065 Ἐὰν
866 3013 994 3076 τοὺς
1056 3014 1199 3066 ἐπτά
1249 3013 1584 3085 βοστρύχους
1624 3016 1721 3085 τῆς

161 3103 369 3175 κεφαλῆς
395 3124 495 3176 μου
527 3105 835 3170 διεστῶτας
873 3104 969 3159 ἀπ’
994 3104 1245 3176 ἀλλήλων
1292 3109 1389 3159 ἐπὶ
1420 3108 1718 3163 πασσάλων

162 3195 369 3268 ὲκδήσῃς
410 3200 505 3252 καὶ
535 3200 636 3252 ἐπὶ
689 3199 785 3252 τοῦ
832 3198 1014 3268 τοίχου
1047 3198 1394 3270 προσπήξῃς,
1430 3199 1713 3270 ἀσΟενήσω

160 3290 235 3341 καὶ
258 3290 441 3359 ἔσομαι
476 3292 554 3356 ὡς
614 3292 663 3345 ot
711 3292 887 3345 λοιποὶ
917 3291 1092 3360 κάγώ.
1135 3310 1153 3344 ι
1205 3294 1579 3363 Ἀποτυχοῦσα
1619 3292 1714 3347 οὖν

163 3380 245 3433 κάν
274 3383 440 3454 τούτῳ
466 3384 789 3453 ἐξελιπὰρει
848 3383 1011 3437 αὐτὸν
1047 3379 1205 3447 αὖθις
1235 3399 1249 3414 ⁸
1278 3382 1400 3438 ὅθεν
1443 3382 1714 3437 ἀνακαλύ-

161 3476 333 3529 metro
353 3477 693 3549 ἀπόρρητον,
718 3476 814 3531 καὶ
843 3475 985 3530 οὕτω
1018 3478 1153 3545 φησὶ
1173 3477 1309 3547 πρὸς
1343 3475 1515 3546 αὐτήν
1535 3493 1548 3506 ⁸
1580 3475 1715 3527 «Ξυ-

160 3568 236 3634 ρδν
261 3571 346 3622 ἐπὶ
369 3572 469 3641 τὴν
503 3571 756 3640 κεφαλήν
796 3587 898 3640 μου
932 3570 1032 3622 οὐκ
1065 3568 1257 3637 ἀνέϐη,
1285 3569 1368 3622 ὅτι
1399 3568 1716 3638 Ναζαραϊος
1772 3631 1781 3637 _

158 3660 270 3713 Θεοῦ
303 3663 416 3731 εἰμι
446 3663 561 3732 ἐγὼ
594 3665 656 3714 ἐκ
682 3662 888 3723 κοιλίας
926 3662 1130 3732 μητρός
1167 3678 1292 3722 μου.
1331 3662 1440 3715 Kal
1469 3663 1515 3713 εί
1551 3660 1717 3731 ξυρή-

158 3757 355 3823 σωμαι,
386 3756 701 3825 ἀσθενήσω,
752 3756 850 3809 καὶ
910 3755 1288 3825 ἀποστήσεται
1347 3755 1441 3808 ἀπ’
1491 3752 1626 3826 ἐμοῦ
1680 3755 1713 3823 ὴ

160 3843 290 3914 ἰσχύς
338 3864 462 3918 μου,
516 3847 620 3901 καὶ
675 3846 878 3917 ἔσομαι
933 3847 1009 3911 ὡς
1064 3841 1147 3911 εἷς
1184 3846 1295 3900 τῶν
1323 3844 1647 3917 ἀνθρώπων.
1693 3861 1712 3897 ι

159 3935 598 4009 Κατακοιμίτασα
648 3936 742 3992 οὖν
784 3938 948 3993 αὐτὸν
988 3940 1022 4011 ἡ
1070 3938 1273 3992 Δαλιλέι
1314 3936 1549 4009 ἐξύρησε
1574 3976 1588 4001 ,
1622 3938 1718 3991 καὶ

156 4025 292 4081 τοῦτο
310 4032 590 4099 ποιήσασα
627 4027 856 4098 ἐϐόησεν
878 4044 892 4059 ⁸
926 4046 945 4081 t
996 4027 1314 4097 ’Λλλόφυλοι
1343 4028 1436 4082 ἐπὶ
1458 4028 1539 4094 σὲ,
1574 4028 1721 4094 Σαμ-

155 4116 273 4184 ψών.
308 4138 327 4171 ι
362 4121 470 4177 Kal
513 4119 578 4182 ὃς
641 4119 884 4181 ἀναστὰς
932 4118 1119 4171 οὐκέτι
1180 4120 1432 4189 ἐνεργεῖν
1496 4119 1711 4189 ἴσχυεν,

155 4210 219 4272 ὠς
252 4214 344 4267 καὶ
372 4212 667 4282 πρόκρον.
717 4210 928 4264 Οὐκοῦν
964 4211 1340 4280 ἐμπίπτουσιν
1373 4210 1523 4281 αὑτῷ
1549 4212 1598 4263 oi
1625 4210 1722 4262 ἀλ-

158 4302 379 4372 λόφυλοι,
411 4306 511 4359 καὶ
542 4305 927 4374 κρατήσαντες
952 4301 1292 4372 ἐκπηροῦσιν
1323 4302 1510 4355 αὐτόν.
1558 4301 1723 4355 Ἀλλὰ

156 4396 199 4449 τί
228 4398 282 4452 τὸ
311 4400 448 4468 μετὰ
486 4396 666 4451 ταῦτα
686 4412 709 4462 ’ς
740 4397 1013 4467 Ἐκλαυσε
1048 4394 1289 4466 Σαμψὼν
1317 4398 1454 4467 πρὶς
1493 4396 1719 4465 Κύριον,

152 4490 236 4540 καὶ
283 4487 473 4543 εἶπεν⁸
504 4510 525 4543 ί
581 4482 815 4543 ’Λδωναῖ
866 4488 1040 4556 Κύριε
1086 4488 1195 4540 τῶν
1246 4488 1555 4558 δυνάμεων,
1594 4491 1721 4558 μνή-

1832 4499 1967 4542 tura:
2018 4497 2145 4542 sunt
2176 4501 2203 4540 a
2261 4486 2539 4551 mevires,
2583 4494 2639 4540 et
2684 4485 2935 4539 infirmus
2977 4492 3423 4554 externumque

160 4579 296 4650 σθητί
330 4600 431 4651 μου
469 4581 590 4644 νῦν,
629 4584 726 4633 καὶ
781 4579 1003 4650 ῖσχυσὸν
1068 4595 1134 4649 με
1189 4580 1271 4631 ἐτι
1326 4577 1477 4646 ἅπαξ
1536 4581 1759 4644 τοῦτο,

161 4670 267 4740 Θιέ,
297 4674 390 4728 καὶ
432 4674 808 4729 ἀνταποδώσω
854 4674 1211 4727 ἀνταπόδοσιν
1267 4672 1398 4742 μίαν
1438 4674 1567 4743 περὶ
1612 4674 1722 4725 τῶν

156 4762 236 4817 δύο
264 4765 562 4837 ὀφθαλμῶν
619 4782 724 4835 μου
776 4768 888 4828 τοῖς
934 4765 1279 4833 ἀλλοφύλοις.
1322 4781 1340 4815 ι
1392 4764 1509 4834 Ἐφ’
1542 4759 1586 4833 ᾧ
1631 4765 1725 4818 καὶ

159 4853 211 4905 οὐ
259 4860 511 4926 παρεῖδεν
547 4858 711 4911 αὑτὸν
768 4846 1315 4927 ἐπικερτομούμενον
1373 4857 1401 4909 ὁ
1443 4855 1596 4918 Θεός·
1632 4856 1727 4909 καὶ

161 4947 449 5020 παιδαρίοις
500 4952 612 5022 γὰρ
667 4952 749 5015 εἰς
798 4951 1014 5019 γέλωτα
1075 4952 1213 5021 μετά
1275 4950 1336 5005 τὸ
1378 4950 1727 5020 τυφλωθῆναι

161 5039 457 5108 προῦκειτο.
515 5042 839 5112 Παραδόξως
890 5042 984 5096 οὖν
1022 5043 1262 5113 ἐνισχύει
1312 5042 1495 5095 αὐτόν.
1542 5033 1730 5110 Ἐφ’ᾧ

162 5135 244 5185 καὶ
278 5134 603 5206 καθημένων
652 5136 877 5188 ἐκείνων
929 5136 1026 5190 καὶ
1079 5137 1389 5205 μεθυόντων
1425 5135 1729 5205 (ἐπινικίων

161 5228 253 5297 γὰρ
290 5226 479 5282 ἕνεκεν
508 5231 622 5292 τοίς
652 5227 896 5290 εἰδώλοις
929 5226 1361 5298 ἐπανηγύριζον)
1394 5226 1726 5296 ἐπιδράσσε-

160 5333 241 5372 ται
268 5321 373 5374 τῶν
422 5323 519 5375 τοῦ
572 5323 721 5377 οἴκου
759 5322 851 5375 δύο
888 5323 1086 5376 κιόνων
1122 5326 1178 5375 ἐν
1220 5316 1262 5390 ᾧ
1301 5320 1442 5393 ἦσαν
1479 5322 1727 5392 καθήμε-

160 5426 253 5475 νοι,
282 5418 376 5469 καὶ
411 5416 554 5477 μετά
600 5420 659 5470 τὸ
694 5419 971 5487 κρατῆσαι
1013 5419 1210 5478 αὐτοὺς
1244 5414 1434 5469 εἶπεν·
1494 5434 1511 5468 ι
1562 5416 1725 5468 Ἀπο-

162 5501 357 5561 θανέέω
397 5514 429 5580 ἡ
462 5512 610 5580 ψυχή
644 5528 748 5581 μου
806 5510 943 5581 μετά
974 5512 1082 5564 τῶν
1118 5511 1454 5580 ἀλλοφύλων.
1494 5527 1513 5562 ι
1560 5511 1625 5562 Ὃ
1660 5512 1739 5579 δὴ·

167 5603 252 5651 καὶ
282 5604 532 5670 γέγονεν.
577 5604 692 5673 Ἀφ’
724 5600 784 5659 οὗ
836 5605 929 5680 καὶ
976 5604 1255 5657 δείκνυσιν
1310 5606 1337 5657 ὀ
1383 5602 1516 5668 Θεὸς
1548 5602 1623 5668 ὡς
1666 5605 1727 5656 οὐ

232 5782 275 5845 ²Ῠ
303 5784 479 5840 Judic.
516 5799 625 5853 XVt,
652 5787 706 5840 9.
784 5784 831 5816 '“’
858 5784 987 5839 ibid.
1030 5784 1113 5840 l7.
1192 5786 1237 5820 "
1273 5785 1401 5840 ibid.
1442 5787 1532 5843 58.

1825 1899 2163 1955 muliercula‘.
2193 1914 2361 1971 Opera
2396 1903 2613 1959 cunctis
2659 1917 2720 1958 se
2756 1898 3404 1977 deridendum'prazbuit.

1823 1991 1957 2048 Nam
2016 1986 2169 2049 haud
2221 1994 2391 2050 multo
2438 2004 2562 2065 post
2615 2011 2801 2053 amore
2863 1996 3044 2055 Dalilte
3110 1999 3407 2057 Palastiute

1829 2095 2026 2154 captus
2065 2092 2171 2151 est,
2200 2100 2321 2155 quae
2343 2085 2415 2139 ab
2448 2085 2771 2157 alienigenis
2798 2091 3121 2155 muneribus
3149 2100 3407 2163 corrupta

1826 2180 2046 2248 petebat
2074 2178 2142 2232 ab
2169 2192 2236 2233 eo
2260 2188 2316 2233 ut
2349 2178 2453 2233 sibi
2483 2177 2772 2245 fateretur,
2809 2197 3048 2251 quonam
3079 2183 3132 2237 in
3161 2184 3408 2241 membro
3482 2195 3495 2208 ‘

1824 2270 1990 2324 situm
2029 2269 2201 2323 robur
2228 2269 2360 2323 illud
2391 2268 2619 2325 haberet
2675 2270 2813 2326 Tum
2856 2272 2949 2328 ille
2989 2274 3272 2331 mulierem
3304 2275 3411 2330 ini-

1824 2360 1902 2415 tio
1931 2359 2129 2415 fallens
2163 2379 2179 2415 :
2216 2378 2234 2413 ι
2269 2358 2324 2416 Si
2359 2377 2444 2417 tne
2492 2362 2650 2434 165
2693 2362 2771 2418 tui
2822 2366 3275 2433 constrinxet-int,
3309 2367 3407 2434 ait,
3512 2412 3515 2413 ν

1824 2461 2035 2521 septem
2069 2453 2256 2508 nervis
2283 2453 2547 2521 humidis,
2589 2456 2733 2512 vires
2783 2471 2870 2512 nte
2904 2456 3227 2525 destituent,
3251 2460 3411 2516 simi-

1826 2544 2002 2614 lisque
2035 2546 2250 2600 cteteris
2298 2547 2624 2602 mortalibus
2668 2563 2785 2604 ero.
2819 2567 2838 2601 ι
2876 2548 2975 2604 llla
3002 2566 3137 2607 vero
3177 2551 3413 2623 sumptis

1826 2637 2011 2693 nervis
2053 2637 2331 2694 hominem
2369 2640 2726 2707 constrinxit,
2758 2655 2823 2697 ac
2871 2640 3074 2699 deinde
3111 2642 3409 2700 clamorem

1829 2730 2014 2786 verbis
2066 2731 2219 2786 hisce
2268 2731 2537 2786 sustulit:
2584 2749 2602 2783 ι
2639 2732 2972 2803 Alienigena;
3023 2743 3076 2790 te
3114 2735 3409 2805 invadunt,

1827 2823 2021 2879 Samso
2043 2823 2141 2879 ⁷³.»
2184 2823 2394 2890 Quibus
2424 2824 2626 2879 auditis
2664 2826 2906 2882 surrexit
2937 2835 2992 2883 et
3026 2842 3229 2885 nervos
3261 2829 3411 2885 lace-

1825 2914 1987 2968 ravit.
2039 2913 2388 2991 Quapmpter
2440 2915 2531 2969 illa
2586 2916 2815 2986 decepta
2878 2932 3074 2975 rursus
3130 2919 3409 2977 hominem

1825 3022 1873 3076 pr
1891 3005 2080 3061 ecihus
2101 3021 2319 3075 urgere,
2340 3006 2592 3075 scireque
2606 3022 2807 3077 cupere
2826 3024 3075 3078 quaenam
3098 3012 3413 3079 essetillius

1829 3100 2047 3154 roboris
2102 3115 2286 3153 causa.
2331 3098 2529 3154 Samso
2576 3112 2763 3155 contra
2807 3101 3071 3157 feminam
3105 3102 3315 3170 fallere,
3347 3120 3413 3161 ac
3508 3087 3518 3095 ⁷

1826 3191 2069 3246 vicissim
2110 3190 2315 3256 dicere,
2344 3192 2387 3245 si
2422 3205 2483 3246 se
2511 3190 2734 3246 funibus
2767 3201 2973 3260 septem
3014 3194 3335 3249 recentibus
3358 3206 3414 3250 et

1820 3282 2032 3337 nullunt
2078 3283 2147 3338 ad
2181 3297 2338 3337 usum
2391 3282 2651 3338 adhibitis
2697 3282 3038 3353 colligarent,
3081 3284 3233 3342 vires
3266 3300 3403 3343 suas

1819 3375 2050 3429 omnino
2078 3374 2418 3430 defecturas.
2448 3374 2585 3431 Cum
2619 3375 2724 3431 hoc
2771 3376 2936 3431 etiam
2970 3374 3061 3431 illa
3090 3376 3318 3433 fecisset
3356 3388 3414 3434 et

1820 3467 2215 3523 inelamasset:
2251 3485 2269 3519 ι
2307 3467 2645 3540 Alienigena:
2700 3477 2752 3523 te
2800 3467 3089 3536 invadunt,
3128 3467 3350 3537 Samso,
3385 3487 3406 3523 ι

1823 3574 1952 3615 mox
1987 3559 2150 3614 funes
2174 3559 2497 3630 discerpsit,
2542 3560 2744 3632 quibus
2787 3570 2947 3616 erant
3003 3561 3125 3632 ejus
3165 3562 3419 3636 colligata

1820 3653 2065 3707 brachia.
2102 3650 2240 3706 Cum
2277 3666 2469 3708 rursus
2505 3651 2672 3723 igitur
2724 3652 2867 3708 idem
2915 3669 2981 3707 ex
3020 3668 3086 3711 eo
3119 3666 3417 3725 quaereret,

1821 3744 2130 3814 respondit,
2180 3740 2469 3816 si‘capitis
2516 3746 2603 3801 sui
2662 3746 2954 3803 cincinnos
2986 3747 3194 3803 divisos
3245 3750 3421 3805 clavis

1821 3837 2068 3906 alligaret
2119 3852 2184 3893 ac
2216 3838 2412 3910 parieti
2474 3838 2738 3911 afﬁgeret,
2774 3839 3009 3895 debilem
3061 3856 3122 3896 se
3167 3840 3411 3913 futurum

1826 3931 2164 4001 reliquisque
2196 3928 2920 3989 mortalibusconsimilem;
2950 3933 3152 3989 Verum
3187 3949 3258 3990 ne
3297 3942 3410 3989 tum

1820 4023 2039 4092 quidem
2076 4022 2186 4077 voti
2212 4012 2436 4093 compos
2462 4021 2605 4078 facta
2635 4025 2703 4079 de
2753 4025 2966 4097 integro
2998 4024 3282 4082 blanditiis
3315 4025 3423 4080 ho.

1822 4117 2026 4170 minem
2084 4130 2317 4171 exorare
2371 4115 2587 4182 nititur,
2627 4118 2982 4187 quamobrem
3035 4118 3127 4173 ille
3186 4117 3415 4173 tandem

1822 4223 2084 4263 arcanum
2118 4209 2167 4261 ei
2204 4206 2505 4278 patefacit:
2537 4228 2555 4261 ι
2598 4208 2797 4279 Capiti,
2839 4209 2939 4274 ait,
2995 4224 3120 4265 meo
3144 4209 3417 4264 novacula

1823 4317 2106 4371 nunquam
2142 4309 2240 4359 est.
2272 4300 2526 4368 admota;
2579 4316 2705 4356 nam
2752 4302 2883 4357 inde
2931 4316 3107 4373 usque
3154 4315 3183 4354 a
3222 4310 3416 4356 ventre

1828 4396 2020 4448 matris
2046 4392 2136 4447 Dei
2191 4407 2313 4447 sum
2355 4391 2666 4447 Nazaraaus.
2703 4392 2907 4459 Quodsi
2961 4391 3252 4454 tondebor,
3295 4391 3419 4445 abi-

1830 4580 2072 4633 oninium
2150 4578 2345 4633 similis
2394 4593 2512 4634 ero.
2572 4578 2917 4648 Quapropter
2972 4576 3065 4632 ubi
3136 4576 3421 4630 hominem

1834 4672 2006 4727 Dalila
2058 4671 2483 4742 consopivisset,
2530 4670 2805 4735 totondit;
2852 4685 2962 4738 quo
3013 4669 3184 4735 facto,
3233 4669 3419 4724 excla-

1829 4774 1988 4837 mat:
2028 4782 2046 4817 ‹
2098 4763 2366 4822 Invadunt
2414 4762 2729 4833 allenigenae
2770 4771 2840 4829 te,
2873 4760 3068 4817 Samso
3093 4763 3159 4816 ⁷⁸.
3200 4780 3219 4814 ι
3274 4756 3417 4815 Tum

1830 4859 1922 4914 ille
1950 4874 2292 4930 consurgens
2321 4873 2433 4912 non
2461 4856 2697 4927 amplius
2725 4871 2791 4911 co
2816 4854 3064 4926 corporis
3092 4854 3167 4908 uti
3216 4853 3421 4909 robore

1828 4959 2041 5022 poterat
2074 4966 2184 5021 quo
2215 4948 2448 5004 dudum.
2474 4949 2822 5018 Quapropter
2858 4946 2910 4999 in
2939 4960 3065 5001 eum
3095 4943 3423 5014 alienigena}

1830 5046 2069 5108 irruunt,
2099 5044 2489 5113 hominemque
2512 5028 2669 5096 suam
2697 5041 2749 5095 in
2775 5048 3101 5111 potestatem
3122 5036 3421 5092 redactum

1831 5141 2002 5196 oculis
2029 5138 2284 5209 spoliant.
2320 5136 2461 5203 Quid
2510 5151 2641 5192 vero
2682 5135 2984 5191 secundum
3028 5132 3144 5187 hme
3174 5126 3428 5185 factum?

1833 5232 2063 5289 Plorans
2125 5232 2319 5288 Samso
2383 5231 2676 5286 Dominum
2732 5229 2819 5285 his
2883 5228 3069 5283 verbis
3135 5226 3416 5280 invocat:

1842 5342 1861 5381 t
1892 5303 2142 5392 Domine,
2169 5326 2310 5380 Deus
2333 5324 2694 5389 exercituum,
2716 5330 2992 5376 memento
3013 5332 3178 5381 nunc,
3204 5325 3425 5383 quaeso»

1837 5420 1965 5483 ntei,
2016 5431 2214 5486 meque
2279 5396 2384 5471 hoc
2440 5417 2633 5470 saltem
2702 5420 3042 5483 postremum
3099 5404 3417 5465 corroboua,

1838 5512 1980 5565 Deus
2006 5548 2021 5573 9
2064 5509 2189 5563 dum
2232 5524 2331 5580 pro
2380 5508 2649 5565 ambobus
2688 5505 2864 5562 oculis
2910 5502 3047 5558 meis
3081 5500 3418 5567 alienigenas

1840 5604 2011 5660 semel
2042 5602 2270 5659 ulciscor
2295 5602 2361 5656 ⁷⁵.
2395 5620 2413 5655 ι
2448 5603 2793 5672 Quapropter
2820 5597 3039 5653 illusum
3065 5591 3133 5648 ab
3162 5586 3416 5646 hostibus
