3862 6228
456 397 564 464 319

1725 381 2054 446 MlCIlAEI

2186 376 2444 438 suos
3105 349 3107 352 ⁴
3187 393 3192 399 -
3614 364 3698 426 320

454 530 565 570 non
603 499 844 583 neglexit
877 523 976 564 nec
1005 515 1289 563 aversatus
1317 513 1401 560 est
1449 502 1628 558 Deus:
1665 516 1790 556 nam
1821 515 1908 564 ex“
1929 511 2039 567 quo

2164 493 2494 565 ταραῦλέπει
2537 491 2665 552 τοὺς
2708 486 3108 547 ἀδικουμένους
3164 481 3458 553 δεομένους
3514 469 3697 531 αὐτοῦ’

457 606 713 662 amiserat
749 602 960 664 oculos,
995 599 1160 654 etiam
1213 596 1451 652 ludibrio
1504 593 1690 666 pueris
1717 600 1856 648 erat.
1886 588 2037 644 Novo

457 699 626 768 igitur
688 707 743 752 et
786 697 1047 749 inusitato
1077 691 1313 762 quodam
1373 688 1534 743 modo
1591 687 1738 741 Deus
1787 683 1839 739 ei
1889 681 2035 736 vires

457 790 709 852 adauget.
767 787 887 852 Quo
947 785 1092 838 facto
1161 782 1479 837 sedentibus
1536 779 1646 834 illis
1700 792 1764 832 ac
1794 775 1924 828 vino
1977 786 2036 826 se

2147 583 2423 651 τοσαύτην
2457 584 2568 652 γὰρ
2606 580 2760 650 ἰσχὺν
2796 577 3100 649 ἐχαρίσατο
3124 575 3201 645 τῷ
3233 571 3475 644 Σαμψὼν
3497 571 3569 633 ὡς
3597 572 3698 624 κλο-

2145 677 2310 747 νῆσαι
2354 675 2454 746 μὲν
2488 675 2615 737 τοὺς
2650 673 2920 743 φέροντας
2971 670 3158 731 κίονας
3209 669 3304 720 τὸν
3344 667 3452 718 τῶν
3495 663 3700 718 εἰδώλων

2149 770 2339 840 σηκὸν,
2376 769 2839 834 συγκατενεγκεῑν
2893 763 2951 816 δὲ
3004 762 3216 826 τούτοις
3248 761 3342 813 τὸν
3377 760 3587 827 ὄροφον,
3621 757 3701 810 καὶ

2148 881 2198 932 ,γ
2229 852 2426 932 ἄνδρας
2460 857 2743 929 συγχῶσαι
2766 900 2782 926 ,
2811 856 2910 912 καὶ
2942 855 3222 926 γυναικῶν
3250 853 3514 914 ὡσαύτως
3545 867 3698 920 παρει-

2151 953 2382 1024 πλήσιον
2429 948 2687 1022 ἀριθμόν.

459 881 941 952 ingurgimntibus,
973 886 1033 932 ut
1076 876 1170 948 qui
1199 873 1572 930 celebritatem
1615 868 1906 939 quamdam
1963 863 2040 918 si-

462 977 717 1030 mulacris
762 972 1126 1028 instituissent
1156 969 1422 1032 victoriae,
1450 981 1612 1036 quam
1645 964 1713 1019 de
1741 963 1899 1018 hoste
1939 974 2041 1014 suo

460 1069 740 1124 consecuti
793 1068 1050 1131 fuissent,
1117 1050 1312 1130 causa,
1351 1062 1551 1117 domus
1611 1058 1777 1119 illius,
1819 1070 1926 1126 qua
1985 1053 2041 1108 in
2085 1051 2248 1104 domo
2293 1045 2582 1107 sedebant,
2661 1042 2949 1097 columnas
2993 1039 3128 1096 duas
3200 1037 3493 1109 prehendit
3530 1051 3706 1105 easque

365 1227 378 1236 _
459 1163 794 1232 complexus.
831 1179 849 1212 ι
885 1157 1040 1225 Volo,
1074 1156 1269 1227 inquit,
1306 1158 1371 1207 ex
1446 1151 1559 1203 vita
1609 1164 1734 1203 cum
1785 1141 2112 1213 alienigenis
2177 1136 2480 1216 discedere.
2512 1151 2531 1186 ι
2605 1130 2762 1198 Quod
2799 1129 3021 1199 quidem
3090 1144 3218 1185 mox
3275 1128 3350 1181 ita
3398 1126 3706 1183 factnnn-st.

458 1260 635 1326 Atque
687 1257 789 1308 hoc
844 1250 1093 1322 exemplo
1147 1245 1445 1305 declaravit
1495 1243 1640 1298 Deus
1701 1254 1762 1297 se
1823 1237 2046 1292 affectos
2086 1230 2305 1301 injuriis
2346 1243 2457 1282 non
2517 1224 2813 1295 negligere.
2877 1219 3118 1274 Tantum
3170 1219 3315 1272 enim
3385 1217 3586 1272 roboris
3619 1217 3706 1271 hoc

463 1312 711 1419 tempore
782 1312 1041 1401 Samsoni
1114 1344 1344 1414 largitus
1393 1347 1504 1402 est,
1539 1345 1599 1392 ut
1646 1349 1758 1390 non
1827 1331 2004 1385 solum
2061 1326 2349 1381 columnas
2429 1315 3063 1380 confractamdirucret,
3115 1313 3317 1384 quibus
3369 1312 3548 1366 fanum
3594 1313 3707 1367 illud

461 1405 878 1499 simulacrorum
916 1437 1110 1492 fultum
1178 1405 1538 1496 innitebatur,
1563 1429 1657 1485 sed
1685 1426 1848 1482 etiam
1877 1422 2069 1478 eadem
2109 1417 2157 1470 vi
2198 1425 2402 1471 tectum
2439 1413 2724 1484 dejiceret,
2761 1426 2825 1466 ac
2854 1408 3097 1464 virorum
3145 1405 3368 1477 quidem
3411 1405 3509 1460 tria
3539 1405 3707 1472 millia,

463 1524 756 1592 mulierum
802 1549 932 1588 vero
979 1546 1168 1604 parem
1210 1542 1504 1585 numerum
1561 1541 1626 1581 ea
1678 1524 1839 1580 ruina
1873 1518 2229 1590 opprimeret.

535 1633 696 1705 166
729 1631 842 1686 lloc
891 1629 1012 1685 loco
1057 1628 1281 1684 divinus
1335 1626 1424 1681 ille
1459 1624 1543 1678 vir
1579 1621 1902 1676 Anastasius
1951 1617 2039 1672 Si-

2217 1609 2292 1662 Οὐ
2324 1606 2540 1678 μικρῶς
2563 1605 2618 1658 δὲ
2647 1602 2744 1675 τὴν
2767 1603 3005 1674 ᾶρῤητον
3034 1599 3129 1654 τοῦ
3153 1597 3286 1653 Θεοῦ
3305 1596 3608 1666 οἰκονομίαν
3629 1599 3704 1650 καὶ

461 1727 636 1779 naites
666 1739 775 1777 non
807 1735 1003 1793 parum
1035 1718 1130 1774 Dei
1177 1727 1293 1773 tum
1345 1711 1880 1772 administrationem
1929 1719 2040 1761 tum

2164 1699 2564 1773 ριὶανθρωπίαν
2611 1698 2704 1751 ἐπὶ
2732 1697 2944 1758 τούτοις
2987 1693 3354 1763 ἐκπλήττεται
3390 1693 3418 1744 ὁ
3462 1690 3706 1752 θειότατος

460 1817 857 1886 benignitatem
905 1813 1304 1882 obstupescens
1351 1809 1678 1869 demiratur,
1727 1802 2044 1873 expendcns

463 1910 580 1978 ipse
609 1923 795 1963 secum
836 1905 981 1975 quod
1020 1902 1349 1978 Samsoncm
1381 1899 1638 1968 dignatus
1669 1895 1740 1950 sit
1770 1909 1957 1949 eorum
1991 1894 2047 1945 in

462 2014 748 2054 numerum
783 1996 1030 2065 recipere
1063 1993 1156 2063 qui
1180 1969 1413 2046 salutem
1441 1993 1878 2055 consequuntur,
1922 1997 2046 2037 cum

466 2102 646 2147 tamen
691 2091 796 2144 hoc
839 2088 1001 2143 etiam
1057 2085 1144 2139 ille
1176 2091 1377 2154 prteter
1425 2079 1529 2134 alia
1583 2075 1945 2139 commiserit,
1992 2081 2052 2128 ut

465 2200 561 2239 eos
590 2179 890 2238 ulciscendi
931 2192 1095 2233 causa
1129 2188 1362 2244 quorum
1403 2170 1620 2241 injuriis
1653 2169 1816 2222 Iresus
1850 2167 2049 2230 fuerat,

467 2276 825 2343 semetipsum
879 2268 1043 2324 morti
1111 2260 1382 2322 dederet?
1427 2263 1543 2320 Nec
1610 2260 1912 2316 omittenda
1965 2257 2055 2314 hic

469 2367 631 2422 nobis
657 2373 740 2420 est
770 2361 1031 2418 iudicatio
1051 2373 1247 2426 causa},
1272 2371 1434 2428 quam
1459 2356 1530 2410 ob
1552 2369 1772 2410 causam
1801 2370 1830 2407 a
1862 2361 2054 2407 ventre

470 2459 662 2516 matris
693 2456 889 2512 Samso
917 2461 1131 2508 tantum
1165 2451 1380 2506 roboris
1414 2448 1688 2504 habuerit.
1722 2446 1862 2512 Quia
1903 2448 2053 2500 enim

469 2551 758 2618 lsraelitae,
790 2547 1016 2618 quijam
1071 2555 1213 2598 totos
1245 2557 1419 2598 annos
1475 2539 1834 2611 quadraginta
1883 2535 2057 2593 servi-

467 2653 644 2698 tutem
701 2638 1026 2706 alienigenis
1081 2635 1409 2696 servierant,
1458 2632 1552 2687 Dei
1604 2644 1832 2701 prorsus
1899 2634 2058 2681 erant

467 2734 628 2790 obliti
658 2748 762 2788 nec
800 2731 973 2787 ullum
1009 2727 1156 2800 apud
1213 2741 1272 2781 se
1305 2724 1516 2794 justum
1555 2719 1836 2776 hominem
1881 2716 2054 2773 habe-

472 2827 630 2890 bant,
666 2823 872 2880 idcirco
902 2819 1222 2877 Samsonem
1263 2815 1409 2871 Deus
1452 2811 1588 2884 ipsis
1620 2809 1832 2875 tribuit,
1881 2808 2057 2862 virum

468 2935 500 2974 a
557 2917 749 2989 primis
803 2911 1164 2970 incunabulis
1210 2910 1420 2981 justum
1467 2921 1533 2960 ac
1601 2917 1805 2974 magno
1859 2900 2058 2956 robore

467 3010 785 3083 praeditum,
824 3015 883 3061 ut
917 3021 1013 3076 per
1044 3003 1216 3074 ipsius
1251 3001 1514 3056 virtutem
1563 3012 1636 3052 ac.
1674 2994 2056 3051 fortitudinem

2161 1792 2512 1854 ’Δναστάσιος
2537 1789 2852 1860 ὁΣι-ναττης,
2881 1786 3076 1840 ἐννοῶν
3117 1787 3264 1848 ὅπως
3295 1783 3396 1853 τῆς
3435 1782 3539 1835 τῶν
3572 1798 3709 1834 σεσω-

2159 1886 2379 1958 σμέτων
2415 1883 2606 1956 μοίρας
2633 1879 2834 1949 ἠξίωσε
2873 1879 2965 1933 τὸν
2998 1875 3262 1947 Σαμψὼν,
3289 1876 3386 1929 καὶ
3417 1873 3585 1928 ταῦτα
3602 1875 3711 1943 api;

2158 1980 2320 2047 φόνον
2368 1976 2567 2034 ἑαυτὸν
2601 1970 2942 2026 ἐκδεδωκότα
2976 1971 3085 2023 τῶν
3143 1967 3523 2040 ἀδικησάντων
3577 1965 3732 2018 αὐτὸν·

2157 2071 2372 2124 ἕνεκεν.
2410 2067 2579 2122 Ἀλλὰ
2633 2068 2730 2121 καὶ
2776 2067 2924 2128 τίνος
2977 2063 3144 2133 χάριν
3179 2059 3453 2129 τοσαύτην
3498 2059 3639 2127 ἰσχὺν
3663 2058 3711 2109 ὲκ

2153 2162 2363 2236 κοιλίας
2391 2169 2545 2232 μητρ
2559 2161 2618 2224 ὸς
2650 2160 2920 2230 ἐκτήσατο
2969 2159 2996 2211 ὁ
3055 2154 3324 2224 Σαμψὼν,
3357 2155 3416 2205 οὐ
3451 2152 3712 2221 παρελθεῖν

2153 2255 2324 2320 ἄξιον.
2365 2254 2584 2324 Ἐπειδὴ
2609 2253 2717 2324 γὰρ
2752 2255 2803 2306 οἱ
2852 2251 3183 2323 Ἰσραηλῖται
3237 2245 3710 2317 τεσσαρακονταετῆ

2155 2348 2349 2418 χρόνον
2398 2348 2514 2409 τοῖς
2561 2345 2885 2413 ἀλλοφύλοις
2931 2342 3323 2404 δουλεύσαντες
3355 2341 3449 2393 τοῦ
3487 2337 3618 2391 Θεοῦ
3643 2341 3710 2389 τέ-

2155 2440 2278 2494 λεον
2308 2419 2660 2504 ἐπελάθοντο,
2683 2436 2902 2493 δικαίου
2923 2434 3152 2506 μηδενὸς
3185 2432 3336 2497 δντος
3367 2430 3498 2504 παρ’
3528 2430 3707 2489 αὐτοῖς.

2157 2532 2354 2586 τούτου
2394 2531 2559 2602 χάριν
2609 2531 2674 2583 ἐκ
2727 2527 3062 2599 σπαργάνων
3095 2525 3258 2578 αὑτὸν
3290 2526 3317 2578 ὁ
3357 2524 3489 2586 Θεὸς
3530 2522 3710 2575 δίκαιον

2158 2625 2331 2697 ἄνδρα
2384 2625 2478 2678 καὶ
2498 2622 2739 2694 ίσχυρὸν
2789 2621 3069 2691 παρέσχεν
3099 2618 3312 2680 αὐτοῖς,
3345 2616 3496 2678 ὅπως
3520 2614 3604 2666 διὰ
3635 2612 3713 2680 τῆς

2159 2717 2418 2790 ἐναρέτου
2438 2716 2715 2778 πολιτείας
2743 2717 2840 2768 καὶ
2869 2711 3180 2786 παραδόξου
3213 2709 3467 2779 ἀνδρείας
3498 2721 3710 2777 παρεχο-

2164 2811 2337 2882 μένην
2369 2811 2554 2871 αὐτοῖς
2605 2808 2844 2881 δρῶντες
2904 2808 3004 2878 τὴν
3063 2803 3346 2875 σωτηρίαν
3399 2800 3624 2872 ἑαυτούς
3663 2813 3709 2848 τε

2161 2902 2567 2975 διορθώσωνται
2590 2904 2687 2955 καὶ
2717 2901 2808 2954 τὸν
2843 2900 2951 2953 τῶν
2981 2899 3118 2954 ὅλων
3155 2898 3289 2952 Θεὸν
3326 2896 3706 2967 ἐκζητήσωσιν.

2173 2995 2315 3048 ‘AD.’
2347 2997 2547 3048 ἐκεῖνοι
2586 2991 2792 3064 μᾶλλον
2827 2989 3047 3046 καὶτοῦ
3091 2989 3229 3042 Θεοῦ
3288 2987 3463 3057 λήθην
3509 2981 3716 3053 ﬂcisz-

467 3103 633 3174 plane
658 3098 1037 3156 admirandam
1088 3093 1293 3149 servari
1331 3107 1390 3148 se
1436 3089 1770 3156 liberariun
1809 3084 2054 3140 animad-

2167 3105 2277 3149 vov,
2319 3088 2413 3140 καὶ
2445 3088 2534 3140 τὸν
2562 3086 2865 3156 εὐεργέτην
2898 3082 3080 3137 αὐτῶν
3131 3083 3211 3144 εἰς
3264 3083 3453 3150 χεῖρας
3484 3075 3588 3131 τῶν
3638 3090 3715 3125 πο-

468 3202 747 3250 vertentes
775 3193 940 3248 vitam
989 3204 1144 3244 suam
1179 3186 1542 3242 emendarent
1585 3189 1641 3236 et
1684 3181 1854 3235 Deum
1896 3179 2052 3232 illum

467 3285 637 3356 ttxjus
674 3282 918 3338 universi
959 3286 1295 3351 quaererent.
1336 3274 1540 3330 Verum
1569 3272 1854 3327 enimvero
1886 3270 2056 3346 magis

470 3363 552 3435 illi
585 3378 755 3431 Deum
787 3369 1048 3429 oblivioni
1099 3369 1409 3434 tradebant,
1458 3381 1523 3420 ac
1565 3368 1742 3441 virum
1795 3349 2057 3432 praeclare

2163 3180 2366 3250 λεμίων
2406 3181 2664 3251 φέροντες
2730 3177 3012 3250 ἓρῤιπτον.
3065 3176 3232 3227 Ὅθεν
3281 3174 3513 3239 εὐλόγως
3566 3171 3598 3239 ἡ
3641 3163 3714 3218 τοῦ

2164 3270 2308 3336 Θεοῆ
2371 3271 2621 3335 ἐξέλιπεν
2660 3271 2861 3332 αὐτοὺς
2928 3268 3248 3338 ἐπισκοπή⁶
3311 3265 3451 3332 μετᾶ
3505 3263 3612 3332 γὰρ
3645 3257 3715 3310 τδν

2165 3363 2408 3434 Σαμψὼν
2445 3365 2632 3417 οὐκέτι
2664 3364 2796 3434 παρ’
2847 3363 3120 3430 Ἐῗραίοις
3171 3360 3391 3430 κριτής.

469 3483 541 3529 οε
576 3485 638 3526 se
667 3468 925 3523 meritum
971 3465 1027 3520 in
1061 3478 1255 3516 manus
1305 3459 1532 3515 hostiles
1563 3458 1826 3519 traditum
1875 3456 2142 3510 scelerate
2210 3459 2550 3528 rejiciebant.
2610 3456 2974 3526 Quamobrem
3025 3453 3168 3508 Deus
3229 3451 3394 3508 etiam
3435 3446 3716 3520 aequissimo

464 3567 596 3637 jure
661 3578 850 3619 curam
903 3561 1152 3633 ipsorum
1214 3558 1419 3614 habere
1483 3555 1684 3622 desiit;
1743 3570 1870 3609 nam
1934 3563 2059 3625 post
2133 3555 2457 3612 Samsonem
2523 3555 2711 3611 nullus
2771 3555 2914 3625 apud
2965 3551 3228 3607 Hebraeos
3295 3549 3460 3620 judex
3515 3546 3716 3617 amplius

473 3657 706 3714 exstitit.

545 3749 749 3819 Quodsi
785 3746 951 3805 etiam
1005 3745 1308 3817 intelligere
1355 3744 1423 3800 de
1484 3742 1646 3799 nobis
1678 3759 1831 3807 aves,
1863 3729 2063 3798 dilecte

465 3843 573 3912 stili,
608 3842 962 3913 quamobrem
1017 3841 1157 3894 Deus
1190 3838 1459 3909 .Icphthae
1519 3837 1684 3892 tiliam
1739 3836 1965 3892 mactari
2009 3845 2064 3890 et

469 3937 711 4010 jugulari
770 3935 1080 4006 permiserit
1120 3933 1244 4002 (fuit
1289 3942 1474 3988 autem
1531 3933 1578 3987 is
1629 3945 1850 4001 quoque
1898 3930 2059 4000 judex

475 4030 620 4099 apud
677 4027 978 4096 Hebraeos),
1029 4026 1158 4095 quid
1207 4025 1408 4080 dicturi
1450 4025 1622 4079 simus
1675 4024 1884 4079 audito.
1927 4021 2059 4077 Pro-

426 4182 433 4188 _
479 4125 704 4179 missum
753 4121 856 4192 hoc
886 4109 1186 4187 vouimque
1219 4117 1498 4187 Jeplitliae
1530 4131 1792 4187 perquam
1831 4116 2051 4170 stultum

477 4225 614 4272 erat.
657 4216 787 4268 Nam
820 4210 1132 4280 expendere
1183 4223 1368 4264 secum
1420 4208 1537 4278 ipse
1577 4210 1730 4278 prius
1765 4209 2054 4272 debuerat,

482 4309 598 4365 fieri
627 4308 876 4362 fortassis
905 4317 1066 4374 posse
1093 4311 1156 4356 ut
1191 4301 1276 4356 vel
1310 4300 1461 4356 canis
1499 4301 1586 4356 vel
1630 4301 1820 4356 asinus
1849 4291 1933 4355 vel
1956 4299 2061 4354 ali-

481 4401 627 4475 quod
661 4399 810 4455 aliud
842 4395 1181 4453 immundum
1214 4408 1280 4449 ex
1313 4375 1649 4448 i'ndicatione
1696 4391 1828 4464 legis
1859 4390 2062 4446 animal
2093 4408 2112 4432 ι·

2241 3741 2302 3794 Εί
2339 3740 2403 3820 ’δὲ
2449 3741 2544 3792 καὶ
2589 3738 2746 3793 τοῦτο
2779 3737 2982 3810 ζητεῖς,
3023 3735 3302 3807 ἀγαπητὲ,
3335 3734 3477 3799 τινος
3507 3732 3716 3790 ἒνικενό

2163 3833 2296 3896 Θεὸς
2345 3831 2443 3901 τὴν
2482 3831 2576 3884 τοῦ
2619 3829 2830 3900 Ἰεφθάε
2881 3828 3160 3899 θυγατέρα
3207 3826 3486 3896 σφαγῆναι
3511 3826 3715 3896 συνεχώ-

2164 3942 2298 4000 ρησε
2355 3924 2574 3996 (κριτὴς
2628 3923 2685 3975 δὲ
2746 3923 2842 3976 καὶ
2901 3916 3059 3982 οὗτος
3118 3923 3250 3991 παρ’
3295 3921 3573 3990 Ἑϐραίοις
3621 3915 3712 3989 ἦν),

2160 4023 2366 4081 ἄκουεν
2416 4019 2668 4088 ’Δνόητος
2715 4018 2856 4086 ἄγαν
2912 4015 2973 4085 ’δ’
3008 4015 3104 4070 τοῦ
3145 4015 3361 4085 Ἰεφθάε
3417 4017 3711 4086 ὑπόσχεσις·

2167 4119 2278 4172 ἔδει
2326 4118 2436 4187 γὰρ
2469 4114 2633 4168 αὐτὸν
2669 4114 2925 4178 συνιδεῖν,
2968 4113 3042 4174 ὡς
3071 4111 3242 4174 εἰκὸς,
3291 4109 3436 4163 κύνα
3466 4108 3713 4180 πρῶτονῆ

2167 4213 2289 4268 ὄνον
2320 4211 2695 4289 συναντῆσαι,⁷
2734 4208 2804 4286 τὰ
2860 4206 3004 4260 κατᾶ
3041 4206 3209 4274 νόμον
3259 4204 3570 4275 ἀκὸθαρτα.
3603 4203 3715 4255 Παι-

2167 4304 2340 4359 δεύων
2367 4303 2462 4357 οὖν
2497 4305 2525 4356 ὁ
2555 4283 2686 4364 Θεὸς
2714 4301 2781 4354 δι’
2799 4283 3026 4352 ’ἐκείνου
3059 4299 3186 4360 τοὺς
3215 4295 3411 4359 ἄλλους
3437 4296 3571 4349 ὥστε
3602 4295 3716 4365 μετὰ

2173 4394 2381 4448 σκοποῦ
2433 4391 2710 4448 ποιεῖσόαι
2763 4391 2858 4453 τὰς
2920 4388 3248 4457 ὑποσχέσεις
3299 4385 3594 4458 (ὑπεσχέοη
3627 4383 3713 4450 γὰρ

477 4492 586 4564 ipsi
621 4492 858 4563 primum
893 4492 1231 4543 occurreret.
1268 4484 1612 4560 Quapropter
1651 4483 1770 4555 ejus
1795 4483 2054 4553 exemplo.

2175 4487 2382 4550 ἐκεῖνος
2417 4485 2480 4539 τὸ
2533 4483 2874 4551 συναντῆσαν
2919 4480 3069 4550 αὐτῷ
3111 4481 3174 4532 ὲκ
3220 4478 3322 4547 τῆς
3366 4479 3541 4540 οἰκίας
3581 4475 3715 4529 θῦσαι

474 4587 574 4658 qui
629 4596 756 4642 voto
819 4591 1090 4654 concepto
1152 4580 1484 4652 promiserat
1535 4593 1595 4633 se
1649 4577 2058 4632 immolatarum

479 4679 592 4736 Deo
616 4676 882 4748 quidquid
934 4692 1000 4731 ex
1055 4675 1218 4731 domo
1257 4689 1354 4731 sua
1415 4673 1652 4744 primum
1695 4671 1918 4726 obvium
1958 4670 2060 4726 ha-

479 4769 710 4828 buisset,
743 4767 880 4822 alios
910 4779 1137 4820 monere
1179 4765 1370 4820 volens
1427 4763 1569 4818 Deus
1604 4770 1661 4816 ut
1691 4777 1800 4816 non
1852 4763 2062 4832 absque

476 4859 1064 4915 considerationevota
1094 4857 1469 4926 conciperent,
1490 4853 1883 4924 jugulationem
1920 4855 2064 4909 hanc

479 4967 590 5007 non
625 4950 935 5022 impedivit.
972 4948 1112 5003 Filia
1147 4948 1366 5018 quidem
1403 4947 1518 5017 ipsa
1561 4945 1717 5017 longe
1768 4945 2060 5019 Jcphtham

480 5054 690 5115 patrem
713 5043 930 5098 .virtute
969 5041 1274 5111 superavit.
1311 5036 1447 5094 Nam
1475 5055 1600 5095 cum
1635 5054 1762 5094 eum
1805 5050 2066 5095 cerneret

479 5137 806 5192 vestimenta
843 5150 941 5191 sua
981 5133 1314 5188 lacerantem
1365 5141 1528 5202 atque
1558 5132 1862 5202 plorantem
1896 5151 1912 5188 :
1945 5153 1963 5184 ι
2005 5131 2061 5188 Si

2163 4577 2243 4650 τῷ
2305 4577 2446 4648 Θεῷ)
2500 4577 2602 4629 οὐκ
2661 4574 2903 4628 ἐκώλυσε
2952 4572 3051 4642 τὴν
3122 4569 3361 4638 σφαγήν.
3409 4569 3476 4623 Ἦ
3529 4568 3583 4622 δὲ
3639 4565 3714 4617 θυ-

2163 4672 2342 4743 γάτηρ
2390 4668 2571 4740 πολλῷ
2626 4667 2894 4739 κρείττων
2952 4663 3048 4716 τοῦ
3092 4663 3302 4732 Ἰεφθάε
3326 4677 3341 4693 ·
3403 4661 3582 4715 ἰδοῦσα
3627 4658 3714 4724 γὰρ

2164 4763 2326 4818 αὑτὸν
2394 4760 2496 4830 τὴν
2564 4758 2766 4828 ἐσθῆτα
2852 4756 3127 4827 ρηγνύντα
3195 4755 3290 4807 καὶ
3353 4753 3714 4822 ὀλοφυρόμενον

2163 4855 2360 4914 εἷπεν·
2401 4875 2421 4908 ι
2458 4856 2524 4910 Ei
2578 4857 2635 4907 ὲν
2682 4852 2810 4923 ἐμοὶ
2857 4849 3075 4924 ἧνοιξας
3111 4851 3175 4902 τὸ
3222 4848 3399 4919 στόμα
3445 4864 3559 4912 σου,
3595 4843 3714 4896 ποίει

2115 4990 2126 5000 .
2167 4969 2260 5022 μοι
2295 4949 2356 5004 ὃν
2383 4949 2590 5020 “rva
2622 4945 2846 5014 ἐξῆλθεν
2902 4946 2964 4997 ὲκ
3007 4940 3102 5009 τοῦ
3138 4941 3404 5011 στόματός
3435 4957 3524 4993 σου
3548 4980 3563 5004 ,
3597 4935 3711 5000 ὑπὲρ

2163 5041 2243 5098 ὦν
2297 5042 2524 5110 ἐποίησέ
2580 5057 2664 5093 σοι
2684 5041 2727 5105 ,ὁ
2764 5037 2968 5107 Κύριος
3005 5034 3283 5104 ἐκδίκησιν
3308 5036 3372 5088 ὲκ
3401 5033 3504 5086 τῶν
3535 5027 3711 5101 aliter}:

2169 5151 2265 5188 σου
2301 5135 2368 5186 ὲκ
2400 5132 2511 5187 τῶν
2538 5131 2672 5186 υίῶν
2715 5127 2963 5201 ’Δμμών.
3009 5145 3028 5179 ι

479 5233 725 5304 quidem,
775 5231 871 5298 ait,
925 5230 994 5284 de
1043 5243 1129 5283 me
1169 5226 1382 5296 aliquid
1436 5227 1714 5294 pollicitus
1763 5241 1846 5294 es,
1902 5229 2065 5284 facito
2112 5229 2245 5286 mihi
2311 5238 2371 5286 ut
2395 5240 2488 5286 tua
2524 5229 2633 5285 fert
2671 5227 2986 5300 promissio,
3027 5235 3313 5299 postquam
3359 5218 3712 5281 tithominus

485 5333 612 5383 tuos
644 5329 831 5382 hostes
858 5329 1208 5384 Amnionitas
1244 5330 1392 5385 ultus
1427 5339 1508 5385 est
1531 5330 1600 5384 ⁷⁸.
1639 5348 1658 5381 ι

555 5425 760 5480 Praeter
799 5424 1064 5478 hactenus
1088 5433 1275 5477 autem
1309 5422 1547 5477 indicata
1578 5408 1720 5479 scire
1747 5424 1917 5479 debes
1941 5430 2067 5493 post

483 5515 765 5572 Samsonis
793 5526 825 5570 e
846 5515 956 5569 vita
994 5504 1374 5586 migrationem
1419 5512 1830 5580 Benjamincam
1864 5496 2064 5570 tribum

484 5608 746 5676 voluptati
781 5621 842 5662 se
871 5605 1281 5662 Sodomitarum
1313 5605 1638 5660 abhorrenti
1669 5623 1698 5660 a
1731 5619 1926 5660 natura
1959 5614 2069 5660 tra-

485 5697 708 5765 didisse,
739 5693 802 5754 ac
832 5699 1037 5754 furiose
1073 5699 1128 5753 in
1161 5697 1414 5754 homines
1444 5681 1764 5769 peregrinos
1813 5696 2068 5754 irruisse.

556 5871 603 5903 τί
637 5863 814 5924 Judic.
850 5883 922 5939 xl,
959 5870 1050 5926 56.

2246 5418 2493 5470 Γίνωσκε
2553 5415 2611 5468 δὲ
2659 5412 2944 5468 καὶτοῦτο
2973 5412 3111 5482 πρὸς
3139 5413 3256 5474 τοῖς
3301 5410 3622 5480 εἰρημένοις.
3647 5408 3714 5456 ὅτι

2129 5531 2150 5553 ο
2187 5511 2327 5582 μετὰ
2358 5510 2455 5581 τὴν
2499 5509 2757 5579 τελευτὴν
2786 5507 2883 5561 τοῦ
2929 5504 3170 5576 Σαμψὼν
3203 5505 3236 5575 ἡ
3271 5504 3407 5573 φυλὴ
3433 5501 3524 5554 τοῦ
3556 5500 3714 5553 Βενια-

2178 5607 2273 5676 μὶν
2306 5603 2407 5676 τὴν
2435 5604 2590 5675 παρὰ
2631 5602 2794 5672 φύσιν
2821 5600 2928 5654 τῶν
2960 5596 3265 5668 Σοδομιτῶν
3307 5596 3579 5662 ἐνενόησεν
3613 5589 3714 5660 1550-

2177 5698 2273 5771 νὴν
2303 5698 2402 5752 καὶ
2452 5699 2564 5762 τοῖς
2596 5694 3040 5766 ἐπιξενουμένοις
3093 5690 3466 5762 ἐπεμαίνοντο.
3503 5685 3712 5749 Λευῖεῃς
