3862 6228
522 270 630 334 323

1779 284 1831 344 Μ
1842 285 2197 347 ICHAELIS
2236 288 2489 351 GLYCA!
3632 298 3711 361 32$

523 382 682 452 163
712 381 854 436 illam
881 398 999 435 cum
1021 384 1235 437 emteris
1276 384 1710 443 benedictionem
1737 394 2049 462 acceperint

2186 398 2314 450 κίαν
2338 399 2640 470 ὀξύρροπον
2671 398 3056 472 διορθούμενος
3093 402 3123 455 6
3154 401 3286 466 Θεὶς
3314 401 3590 467 τοιούτους
3619 407 3709 461 ἔθε-

515 473 607 529 Sic
630 475 774 529 enim
817 474 989 528 sacris
1026 475 1081 529 in
1129 474 1348 532 Litteris
1378 480 1739 551 perscriptum
1800 483 2027 554 legimus
2062 502 2077 541 :

521 585 541 619 ι
582 566 729 621 Vidit
779 566 918 621 Deus
946 569 1128 620 omnia
1162 584 1282 637 quae
1316 571 1536 635 fecerat,
1586 586 1757 643 eaque
1786 573 1926 628 bona
1957 590 2079 630 esse

2181 506 2242 542 το
2280 490 2476 560 νόμους
2500 494 2593 545 καὶ
2622 493 2856 546 τοιαῖσδε
2905 493 3229 565 θεραπείαις1
3263 496 3559 570 ἐχρήσατο,
3585 496 3708 555 οὕτω

2185 580 2286 649 μὲν
2316 576 2410 635 οῦν
2438 585 2531 636 καὶ
2566 585 2657 636 ἐπὶ
2694 582 2790 636 τοῦ
2833 585 2956 638 Νῶε
3007 585 3278 655 διαίρεσιν
3327 589 3589 657 τεχνᾶται
3626 594 3710 645 τῶν

514 655 894 727 pronuntiavit
915 656 982 710 ⁷⁸.
1021 676 1038 709 ι
1085 656 1140 712 Si
1196 674 1326 729 ergo
1370 676 1565 729 porcus
1618 671 1872 731 tanquam
1929 681 2062 720 res:

2180 668 2355 733 ζώων.
2394 672 2614 740 Ἐπειδὴ
2654 673 2764 744 γὰρ
2796 673 2943 744 ἑώρα
2971 675 3100 738 τοὺς
3125 655 3448 746 ἀνθρώπους
3480 678 3562 740 εἰς
3588 680 3708 734 ειδω-

515 749 629 804 Deo
675 758 858 803 creata
913 750 1086 804 bonus
1139 761 1276 816 erat,
1322 753 1415 822 qui
1468 754 1725 823 deinceps
1778 755 1955 811 lactus
1996 770 2062 812 eet

2178 756 2441 825 λομανίαν
2488 760 2858 828 ὲκκλίνοντας,
2899 762 3228 833 εὐμεθόδως,
3281 765 3357 828 ὡς
3403 765 3709 837 ἓφημεν,είς

516 841 875 897 immundus?
915 843 990 897 De
1022 843 1219 912 quibus
1269 845 1520 900 omnibus
1566 848 1853 917 perspicue
1900 858 2062 917 potesu

2180 848 2403 919 καθαρὰ
2438 851 2608 905 ταῦτα
2639 853 2819 926 διιστᾷ
2861 857 2951 909 καὶ
2982 857 3288 928 ἀκάθαρτα.
3321 859 3479 923 Τίνος
3511 861 3705 930 ἑνεκενς

512 932 739 1004 intelligi
772 932 940 988 Deum
973 936 1251 1003 corrigere
1298 936 1566 991 volentem
1619 937 1976 993 lsraelicorum
2009 937 2073 994 ad

508 1023 642 1077 vitia
682 1021 1098 1091 propensionem
1133 1024 1446 1091 hujusmodi
1501 1025 1645 1096 leges
1695 1028 1882 1082 tulisse
1909 1038 2074 1096 atque

508 1114 828 1186 hujusmodi
883 1116 1137 1171 remediis
1178 1132 1333 1170 usum
1382 1114 1572 1173 fuisse.
1618 1118 1814 1173 Eadem
1866 1120 2074 1176 ratione

504 1205 633 1261 Noae
667 1223 884 1277 quoque
921 1208 1255 1278 temporibus
1295 1210 1612 1262 animalium
1660 1212 1955 1265 discrimen
1989 1213 2071 1267 in-

506 1296 704 1351 stituit.
736 1296 870 1351 Nam
904 1300 1032 1367 quia
1064 1298 1303 1362 futurum
1332 1300 1697 1370 prospiciebat
1731 1311 1787 1356 ut
1823 1302 2073 1358 homines

504 1388 571 1441 aal
598 1390 845 1442 in~anum
874 1388 1219 1442 deastrorum
1243 1391 1447 1442 cultum
1471 1389 1843 1455 deﬂecterent,
1865 1393 2087 1462 optimo-

506 1494 639 1533 sane
666 1479 895 1565 consilio
928 1480 1007 1534 sic
1030 1480 1315 1548 distinguit
1351 1481 1627 1545 animalia,
1664 1498 1772 1552 quo
1809 1484 1910 1536 alia
1972 1500 2070 1553 pro

503 1570 744 1638 mundis,
788 1570 891 1624 alia
957 1585 1056 1640 pro
1103 1571 1399 1625 immundis
1429 1574 1775 1628 haberentur.
1824 1573 2067 1641 Quanam

501 1660 652 1725 illud,
696 1662 944 1725 obsecro,
984 1661 1051 1715 de
1086 1663 1289 1716 causa?
1326 1663 1596 1718 Nimirum
1645 1675 1704 1719 ut
1758 1668 1949 1736 partim
2002 1669 2068 1724 iis

497 1753 811 1807 virtitantes
869 1761 1127 1822 tauquam
1182 1756 1438 1822 mundis,
1496 1758 1692 1827 partim
1748 1770 2064 1817 aversantes

496 1844 645 1899 velut
678 1843 982 1910 immunda,
1009 1856 1198 1900 neutra
1233 1862 1331 1916 pro
1362 1848 1465 1902 diis
1490 1859 1899 1905 venerarentur.
1929 1852 2062 1906 Nam

497 1936 834 2005 cmtcroquin
885 1951 949 1989 ea
991 1951 1097 1990 non
1132 1937 1360 1992 dixisset
1414 1940 1717 2007 immunda,
1770 1957 1890 2010 qua:
1938 1958 2060 1997 cum

496 2027 618 2081 aliis
652 2040 1000 2081 communem
1030 2042 1059 2081 a
1092 2029 1200 2083 Deo
1224 2028 1662 2085 benedictionem
1688 2032 1845 2086 initio
1881 2050 2064 2090 rerum

495 2127 838 2186 acceperant.
877 2117 943 2171 Et
976 2132 1106 2171 vero
1128 2117 1326 2173 factam
1362 2119 1414 2173 id
1448 2122 1710 2190 temporis
1743 2123 2061 2178 animalium

492 2210 904 2265 distinctionem
958 2209 1257 2279 profectam
1306 2227 1427 2266 esse
1485 2212 1551 2267 de
1590 2215 1823 2270 consilio
1869 2215 1964 2271 Dei
2004 2232 2062 2271 se

493 2313 680 2357 nostra
707 2317 869 2356 causa
900 2302 1257 2365 demittentis,
1289 2304 1452 2357 etiam
1472 2303 1672 2360 Paulus
1705 2304 1857 2362 hisce
1883 2310 2061 2363 verbis

493 2395 777 2449 ostendit:
820 2413 838 2444 ι
874 2392 1033 2448 Nulla
1081 2393 1173 2448 Dei
1200 2404 1447 2449 creatura
1491 2397 1643 2465 rejici
1691 2399 1871 2466 debet,
1898 2401 2060 2454 modo

492 2495 615 2538 eum
647 2484 945 2555 gratiarum
998 2483 1215 2538 actione
1260 2487 1595 2539 sumatur".
1631 2505 1648 2537 ι
1692 2487 1839 2541 Idem
1888 2491 2059 2561 magis

491 2592 711 2645 quoque
745 2577 1036 2630 contirmat
1059 2574 1146 2628 illa
1180 2576 1272 2630 Dei
1303 2591 1427 2643 vox,
1459 2583 1563 2646 (tua
1598 2593 1869 2633 summum
1905 2580 2057 2634 illum

489 2667 796 2738 apostolum
833 2665 1054 2721 Pettum
1106 2667 1474 2735 compellavit,
1519 2683 1626 2738 quo
1672 2677 1920 2739 tempore
1965 2673 2060 2727 de-

488 2761 715 2815 missum
745 2773 777 2813 e
802 2758 941 2813 coelo
977 2759 1203 2813 linteum
1239 2761 1526 2829 conspexit
1554 2778 1567 2815 :
1603 2779 1620 2811 ι
1648 2760 1843 2832 Surge,
1879 2762 2056 2830 Petre,

487 2864 664 2907 macta
697 2858 752 2906 et
779 2865 1020 2906 vescere.
1061 2870 1079 2902 ι
1134 2850 1267 2905 [tem
1304 2866 1318 2903 :
1367 2868 1386 2902 ι
1418 2850 1547 2917 Quae
1595 2852 1738 2908 Deus
1788 2857 2055 2925 purgavit,

487 2951 546 2997 tu
586 2958 656 2996 ne
687 2944 894 3013 polluta
936 2942 1100 2998 dicito
1118 2942 1187 2997 ⁸ο.
1229 2960 1248 2994 ι
1308 2942 1497 3010 Neque
1532 2960 1660 2999 vero
1710 2947 1909 3001 mirum
1962 2950 2057 3003 tibi

2183 937 2299 991 Ἵνα
2319 941 2386 992 τὰ
2405 941 2505 1010 μὲν
2533 943 2707 996 αὐτῶν
2741 944 3009 1010 ἐσθίοντες
3038 947 3113 1009 ὡς
3133 949 3370 1020 καθαρὰ,
3402 951 3470 1005 τὰ
3490 953 3545 1005 δὲ
3576 954 3706 1008 πάλιν

2175 1029 2251 1094 ὡς
2315 1031 2602 1105 ἀκάθαρτα
2655 1036 2954 1104 φεύγοντες
3000 1040 3168 1109 μηδὲν
3205 1041 3262 1106 ἐξ
3292 1042 3472 1096 αὐτῶν
3504 1044 3578 1108 ὡς
3608 1046 3708 1101 Θεὸν

2175 1127 2652 1196 προσκυνήσωσιν.
2687 1129 2748 1182 Ei
2775 1131 2851 1199 μὴ
2880 1131 2987 1202 γὰρ
3020 1134 3181 1186 τοῦτο
3208 1130 3298 1204 ἦν,
3330 1136 3431 1189 οὐκ
3464 1137 3529 1190 ἂν
3553 1120 3740 1193 ἐκάλει⁹

2172 1212 2460 1285 ἀκάθαρτα
2495 1217 2563 1270 τὰ
2614 1221 2811 1284 κοινῶς
2860 1222 3105 1293 ἀρχῆθεν
3147 1223 3282 1296 παρ’
3311 1226 3479 1280 αὐτοῦ
3509 1229 3603 1299 τὴν
3635 1232 3704 1286 εὑο
3746 1259 3759 1275 ο

2174 1303 2387 1372 φημίαν
2435 1306 2726 1376 δεξάμενα.
2774 1313 2897 1365 Ὅτι
2949 1315 3006 1366 δὲ
3062 1317 3530 1383 συγκαταϐάσεως
3588 1317 3699 1394 ἦνή

2171 1399 2423 1464 γεγονυῖα
2447 1401 2568 1453 τότε
2613 1403 2722 1458 τῶν
2770 1403 2926 1469 ζώων
2951 1407 3236 1477 διαίρεσις,
3281 1413 3423 1466 καὶὸ
3463 1414 3702 1486 μακάριος

2170 1485 2338 1551 ἔδειξε
2371 1489 2584 1555 Παῦλος
2617 1493 2793 1556 οὕτως
2843 1496 3049 1550 είπώνο
3087 1517 3104 1551 ι
3151 1501 3321 1555 Οὐδὲν
3355 1503 3562 1574 κτίσμα
3594 1485 3701 1560 Θεοῦ

2171 1577 2476 1650 ἀπόϐλητον
2507 1585 2626 1652 μετ’
2658 1586 3010 1658 εὐχαριστίας
3050 1590 3484 1663 λαμϐανόμενον.
3521 1612 3542 1648 ι
3581 1594 3681 1651 Ἐπι

2171 1666 2388 1723 ϐεϐαιοῖ
2429 1673 2601 1727 ταῦτα
2646 1678 2738 1728 καὶ
2787 1677 2987 1746 μᾶλλον
3032 1683 3064 1751 ἡ
3118 1687 3378 1751 γεγονυῖα
3428 1686 3545 1739 θεία
3577 1690 3699 1761 φωνὴ

2170 1759 2302 1830 πρὸς
2337 1762 2429 1814 τὸν
2462 1769 2759 1835 κορυφαῖον
2784 1770 3026 1841 Πέτρον,
3060 1774 3225 1843 ἡνίκα
3262 1779 3362 1848 τὴν
3395 1778 3454 1842 ἐξ
3494 1759 3697 1850 οὐρανοῦ

2171 1856 2592 1926 κατενεχθεῖσαν
2630 1859 2822 1931 ὀθόνην
2862 1863 3107 1931 ἑώρακεν
3129 1880 3147 1896 ⁸
3177 1887 3196 1919 ι
3252 1870 3534 1935 Ἀναστὰς.
3568 1891 3587 1925 ι
3614 1874 3699 1943 γάρ

2169 1959 2323 2013 φησι,
2363 1964 2383 1998 ι
2418 1948 2614 2019 Πέτρε,
2654 1951 2819 2005 θῦσον
2850 1955 2942 2007 καὶ
2970 1958 3129 2024 φάγε,
3164 1961 3257 2013 καὶ
3292 1960 3328 2014 ἃ
3359 1963 3387 2014 6
3432 1963 3561 2026 Θεδς
3597 1967 3699 2021 ἑκά-

2170 2033 2326 2103 θηρε,
2379 2037 2443 2090 σὺ
2488 2037 2564 2109 μὴ
2611 2039 2815 2094 κοίνου.
2862 2062 2881 2095 ι
2930 2045 2993 2098 Εἰ
3038 2047 3096 2099 δὲ
3153 2050 3246 2101 καὶ
3293 2049 3389 2104 νῦν
3433 2053 3692 2126 ἀκάθαρτά

2167 2141 2288 2177 τινα
2311 2127 2442 2196 παρ’
2468 2130 2623 2197 ἡμῖν,
2656 2131 2731 2193 ὡς
2760 2134 2787 2185 6
2820 2132 3003 2202 λύκος,
3037 2138 3063 2190 6
3088 2138 3223 2193 λέων
3247 2144 3343 2195 καὶ
3374 2142 3408 2213 ἡ
3445 2144 3697 2215 πάρδαλις,

2171 2215 2246 2285 μὴ
2289 2218 2539 2288 Θαύμαζε
2578 2223 2769 2275 τούτου
2822 2224 3030 2280 ἕνεκεν.
3060 2230 3246 2299 Ἔχεις
3288 2232 3397 2303 γὰρ
3430 2236 3520 2288 τὸν
3548 2237 3697 2304 μέγαν

2168 2309 2449 2363 Βασίλειον
2492 2314 2550 2364 ἐν
2588 2317 2700 2378 τοῖς
2730 2317 3113 2388 Ἀσκητικοῖς
3139 2323 3304 2378 αὑτοῦ
3339 2328 3407 2380 τὰ
3447 2332 3569 2400 περὶ
3601 2331 3699 2383 τοῦ·

2167 2415 2274 2451 των
2309 2400 2449 2453 οὕτω
2495 2403 2902 2475 διευκρινοῦντα
2941 2427 3045 2464 σοι·
3084 2431 3103 2465 ‹
3138 2412 3229 2479 Ὠς
3274 2418 3330 2469 ὲν
3386 2417 3628 2488 λαχάνοις
3647 2421 3695 2473 τὺ

2170 2488 2434 2562 βλαϐερὸν
2481 2495 2574 2548 τοῦ
2625 2500 2965 2570 καταλλήλου
2995 2505 3323 2577 χωρίξομεν,
3368 2509 3509 2563 οὕτω
3545 2510 3694 2566 καὶέν

2165 2585 2278 2646 τοῖς
2308 2587 2499 2651 κρέασι
2523 2588 2617 2641 τοῦ
2649 2591 2924 2662 χρησίμου
2955 2597 3016 2648 τὸ
3050 2597 3311 2669 βλαϐερὸν
3341 2603 3684 2675 διακρίνομεν,

2166 2677 2283 2728 ὲπ.“ι
2326 2678 2556 2747 λάχανόν
2604 2682 2718 2734 ἐστι
2771 2685 2864 2738 καὶ
2923 2687 2982 2740 τὸ
3038 2689 3302 2755 κώνειον,
3338 2697 3524 2769 ὥσπερ
3553 2710 3694 2770 κρέας

2167 2767 2286 2820 ἐστὶ
2318 2771 2410 2821 καὶ
2459 2771 2519 2824 τὸ
2562 2774 2831 2845 γύπειον·
2881 2778 2998 2833 ἀλλ’
3031 2782 3179 2849 ὅμως
3235 2785 3359 2838 οὔτε
3407 2790 3689 2861 ὑοσκύαμον

2169 2857 2331 2925 φάγοι
2355 2858 2419 2912 ἄν
2449 2878 2531 2923 τις
2565 2863 2689 2916 νοῦν
2722 2866 2880 2935 ἔχων,
2915 2867 3045 2945 οὔτε.
3085 2875 3246 2938 κυνὸς
3297 2877 3494 2947 ἅψαιτο
3524 2857 3696 2952 μὴ’με-

2165 2950 2335 3021 γάλης
2363 2954 2607 3024 ἀνάγκης
2641 2962 3096 3030 κατεπειγούσης,
3126 2965 3203 3030 ὡς
3237 2969 3265 3021 ὃ
3297 2987 3359 3037 γε
3410 2950 3592 3040 φαγὼν
3613 2950 3691 3026 οὐκ

486 3035 740 3090 videatur
764 3034 928 3089 etiam
953 3034 1114 3089 modo
1137 3034 1378 3104 quaedam
1405 3049 1504 3104 pro
1528 3035 1825 3091 immundis
1847 3037 2056 3107 haberi,

2166 3041 2424 3112 ἠνόμησε.
2493 3064 2511 3096 ι
2554 3049 2810 3101 Μὰνθανε
2873 3049 2966 3106 οὖν
2997 3055 3080 3110 ὅτι
3126 3058 3186 3111 τὺ
3233 3034 3695 3134 βλὰδῴδγίηώ·
3782 3072 3823 3107 'l

485 3124 641 3181 verbi
706 3125 874 3195 gratia
933 3123 1145 3194 lupum,
1202 3125 1438 3191 leonem,
1496 3126 1779 3192 pardalim.
1840 3128 2055 3201 Quippe

2166 3147 2353 3198 γοντες
2379 3135 2445 3188 τὰ
2484 3137 2583 3203 μὲν
2612 3140 2722 3193 τῶν
2751 3141 2904 3205 ζώων
2936 3146 3210 3217 ἐσθίομεν,
3233 3123 3351 3206 ’ὅσα
3394 3123 3486 3208 καὶ
3522 3123 3694 3221 μᾶλλον

483 3229 713 3286 magnus
744 3214 836 3269 ille
867 3214 1101 3269 Basilius
1130 3213 1247 3268 bac
1276 3213 1333 3266 in
1358 3213 1607 3269 Asceticis
1645 3218 1781 3279 suis,
1807 3218 1899 3287 qui
1941 3220 2062 3275 libri

2166 3223 2378 3317 εὔχυμά.
2407 3244 2468 3279 τε
2513 3232 2605 3282 καὶ
2654 3235 2919 3304 τρόφιμα,
2955 3238 3022 3291 τὰ
3066 3213 3123 3293 δὲ
3181 3213 3694 3317 μυσαττόμεθα,κα-

484 3308 727 3362 rationes
777 3307 1170 3362 exercitiorum
1215 3306 1434 3375 pietatis
1463 3308 1767 3374 continent,
1816 3312 1869 3363 in
1923 3312 2062 3367 hunc

2166 3314 2345 3384 χεξίας
2387 3319 2481 3369 καὶ
2511 3318 2641 3382 ίσως
2671 3323 2762 3374 καὶ
2786 3325 2983 3394 ἀηδίας
3010 3327 3136 3382 ὄντα
3164 3306 3495 3404 παρεκτικά,
3533 3306 3693 3412 Ταύτῃ

482 3398 705 3453 modum
740 3398 1030 3467 explicavit
1059 3403 1113 3450 et
1151 3396 1466 3450 illustravit.
1505 3396 1973 3462 Quemadmodum
2009 3402 2062 3456 in

2166 3423 2243 3498 τοι
2280 3409 2371 3460 καὶ
2409 3409 2566 3479 ὄρους
2601 3413 2651 3465 οἱ
2700 3416 2945 3489 Πατέρες
2987 3422 3079 3475 ἐπὶ
3106 3396 3318 3490 τούτοις
3348 3431 3628 3498 τεθείκασι,
3645 3396 3695 3487 τί

482 3489 724 3543 oleribus
762 3488 908 3557 quod
960 3485 1185 3541 noxium
1220 3495 1325 3551 est,
1357 3486 1425 3541 ab
1453 3501 1520 3541 eo
1551 3489 1892 3542 seceruimus
1917 3496 2062 3560 quod

2166 3497 2353 3582 λίχνον
2396 3502 2698 3559 κάντεῦθεν
2746 3485 2901 3577 ἠμίῦν
2936 3485 3373 3582 ἀναστέλλοντες.
3412 3485 3691 3580 Καὶταῦτα

487 3584 696 3636 natura;
732 3590 932 3636 nostra:
977 3580 1255 3647 convenit,
1295 3580 1375 3636 sic
1405 3582 1568 3636 etiam
1603 3582 1657 3636 in
1692 3584 1948 3640 carnibus
1994 3588 2062 3642 ab

2166 3591 2265 3660 μὲν
2307 3580 2387 3656 είς
2416 3595 2697 3652 τοσοῦτον.
3298 3596 3303 3601 ’

482 3672 705 3729 utilibus
756 3689 1098 3744 quaecunque
1132 3675 1305 3730 noxia:
1342 3685 1475 3731 sunt
1520 3680 1876 3734 secernimus.
1926 3680 2059 3762 Nam
2099 3691 2155 3739 et
2220 3686 2396 3741 cicuta
2456 3690 2685 3758 perinde
2719 3694 2926 3751 olerum
2973 3703 3338 3772 appellatione
3368 3712 3530 3775 venit,
3570 3707 3621 3765 tit
3650 3718 3695 3766 et

480 3768 765 3823 vulturum
818 3782 1012 3824 carnes
1074 3783 1174 3836 pro
1217 3769 1476 3823 carnibus
1535 3770 1835 3826 ducuntur.
1921 3772 2093 3828 Nemo
2127 3784 2309 3831 tamen
2364 3781 2563 3836 mentis
2618 3798 2841 3855 compos
2874 3768 3261 3863 hyoscyamum
3294 3768 3580 3858 comederit
3607 3818 3692 3857 nec

480 3877 701 3918 carnem
732 3862 980 3915 caninam
1008 3862 1325 3930 gustaverit,
1352 3861 1456 3916 nisi
1536 3861 1675 3917 forte
1714 3879 1936 3945 magna
2003 3866 2251 3934 quadam
2325 3872 2622 3928 necessitas
2655 3888 2875 3948 urgeat;
2906 3861 3056 3951 quod
3080 3886 3296 3955 quidem
3332 3890 3378 3946 si
3418 3895 3693 3961 usuveniat,

478 3955 615 4009 ηίιιίι
683 3960 783 4009 hoc
834 3954 999 4012 modo
1059 3968 1287 4009 vescens
1344 3953 1634 4023 delinquit.
1702 3954 2045 4026 Quapropter
2083 3957 2228 4012 scire
2259 3958 2427 4014 debes
2495 3977 2595 4017 nos
2659 3980 2824 4035 opera
2856 3969 2981 4025 data
3010 3953 3110 4029 res
3142 3980 3335 4037 noxias
3377 3986 3619 4052 aversari,
3646 3953 3691 4041 et

477 4049 544 4104 iis
574 4047 789 4117 quidem
818 4046 1143 4104 animalibus
1179 4046 1321 4101 vesci
1356 4062 1696 4115 quaecunque
1769 4050 1917 4103 succi
1985 4048 2115 4103 boni
2153 4059 2283 4106 sunt
2310 4052 2549 4122 Utileque
2575 4056 2966 4116 nutrimentum
2997 4066 3263 4134 praebent.
3291 4074 3362 4130 ab
3388 4076 3507 4131 aliis
3535 4046 3688 4132 autem

442 4144 800 4217 .abborrere,
848 4157 968 4208 quae
1022 4140 1164 4195 forte
1213 4141 1581 4195 valetudinem
1641 4143 2044 4199 incommodam
2091 4146 2173 4201 vel
2242 4147 2450 4218 aliquid
2514 4149 2663 4206 aliud
2711 4152 2936 4224 ingratae
2991 4162 3072 4215 rei
3129 4164 3288 4221 nobis
3322 4168 3431 4224 sint
3458 4174 3686 4228 concilia-

478 4222 623 4296 μηδ’
655 4233 701 4287 si
734 4233 1115 4287 cumedanwr'
1158 4233 1324 4288 prisci
1369 4233 1586 4303 quidem
1674 4238 1752 4292 illi
1821 4236 2009 4294 Patres
2070 4249 2249 4296 certas
2310 4240 2470 4296 nobis
2517 4244 2619 4298 bac
2672 4243 2727 4298 in
2761 4222 2910 4314 parte
2954 4244 3101 4323 leges
3149 4261 3598 4331 praescripserunt,
3644 4266 3693 4318 ut

479 4324 719 4380 lascivire
773 4324 1146 4395 voluptatique
1199 4339 1401 4382 nostra:
1451 4330 1668 4384 modum
1725 4340 2053 4390 statuerent.
2100 4334 2179 4389 Ac
2226 4333 2292 4389 de
2340 4333 2428 4389 his
2462 4349 2596 4390 sane
2657 4338 2872 4393 dictum
2916 4324 3179 4406 hactenus
3220 4361 3365 4409 esto,

548 4421 684 4487 Quia
709 4434 837 4474 vero
854 4418 1091 4474 studium
1121 4419 1174 4473 in
1205 4421 1466 4476 discendo
1489 4431 1639 4478 tuum
1666 4424 1797 4478 mihi
1837 4441 2060 4496 perspe-

479 4525 627 4571 ctum
660 4521 763 4572 est.
790 4512 948 4585 169
963 4528 1141 4584 operae
1171 4514 1400 4583 pretium
1423 4525 1641 4571 acturus
1671 4531 1814 4580 sum,
1847 4519 1890 4573 si
1918 4534 2054 4588 qua-

2244 4426 2515 4504 'A.Etov.‘6e
2551 4427 2645 4481 καί
2669 4446 2832 4483 τινων
2866 4433 3118 4505 ἱστοριῶν
3143 4444 3539 4517 ἐπιμνησθῆναι
3563 4448 3689 4516 φιλοο

2169 4516 2396 4585 μαθείας
2424 4519 2586 4588 χάριν
2629 4519 2725 4587 τῆς
2768 4522 2868 4593 σῆς
2900 4526 2963 4580 ὲκ
3001 4528 3099 4599 τῆς
3137 4531 3365 4604 Ἰουδήθ.
3499 4539 3686 4594 Ναϐου-

481 4606 729 4661 rumdam
757 4621 821 4659 ex
846 4605 1077 4660 Juditlta!
1109 4606 1248 4661 libro
1295 4608 1669 4662 narrationum
1732 4610 2050 4666 meminero.

2166 4608 2447 4679 χοδονόσορ
2478 4610 2565 4664 διὰ
2609 4612 2670 4664 τὸ
2708 4614 2784 4683 μὴ
2816 4615 3178 4693 ἐπικουρῆσαι
3213 4625 3364 4696 αύτῷ
3393 4629 3583 4691 πάντας
3610 4629 3685 4680 ὅτε

478 4698 982 4753 Nabuchodonosor
1018 4709 1302 4769 propterea
1350 4700 1494 4769 quod
1551 4700 1803 4755 nationes
1845 4714 2056 4759 caetera:

404 4786 409 4791 ’
482 4787 583 4841 sibi
614 4787 873 4842 adversus
897 4788 1205 4858 Arphaxam
1239 4790 1438 4844 bellum
1477 4792 1680 4860 gerenti
1731 4808 1888 4863 opem
1947 4810 2053 4847 non

479 4878 754 4943 tulissent,
791 4879 1068 4946 copiarum
1101 4895 1322 4935 suarum
1360 4880 1747 4950 imperatorem
1786 4883 2054 4953 Olopher-

479 4984 604 5023 nem
641 4966 902 5023 adversus
933 4972 1160 5037 quosvis
1192 4971 1486 5042 ablegavit,
1541 4988 1707 5043 seque
1752 4975 1920 5029 totius
1945 4986 2055 5028 ter-

483 5074 667 5114 rarum
697 5059 848 5114 orbis
878 5074 1136 5129 magnum
1168 5077 1348 5132 regem
1399 5078 1464 5118 ac
1495 5063 1776 5119 dominum
1801 5067 2047 5136 appella-

434 5178 435 5181 η
481 5153 574 5205 vit.
615 5151 724 5205 iloc
776 5152 1031 5207 mandato
1077 5164 1302 5224 accepto
1338 5156 1600 5211 adversus
1653 5156 1870 5214 Judaros
1919 5157 2049 5213 Olo-

481 5243 724 5311 plternes
753 5244 939 5313 cepias
969 5255 1172 5301 movet.
1216 5245 1351 5300 Eum
1386 5248 1588 5302 Achior
1629 5251 1967 5305 Ammaniles
1997 5251 2051 5305 in

482 5334 627 5387 hanc
655 5335 982 5388 sententiam
1035 5344 1260 5393 monere
1292 5353 1305 5388 :
1343 5336 1387 5389 si
1423 5336 1563 5403 quod
1619 5349 1763 5393 eSseI
1792 5337 2052 5393 delictum

481 5424 602 5489 ejus
652 5423 890 5477 nationis
935 5439 1043 5492 quo
1113 5422 1281 5478 Deum
1339 5424 1734 5487 oll‘endissent.
1797 5438 1944 5483 recte
1994 5443 2055 5483 se

482 5514 766 5581 facturos,
823 5515 869 5569 si
924 5516 1199 5587 regionem
1249 5517 1394 5571 illam
1457 5518 1798 5585 invaderent,
1849 5525 2052 5592 quippe

493 5659 511 5667 ’
547 5671 592 5704 ⁷⁸
622 5672 759 5727 Gen.
789 5688 828 5738 ι,
866 5671 955 5725 51.
1030 5676 1072 5707 ⁷³
1101 5673 1117 5727 l
1146 5676 1290 5731 'l’im.
1328 5692 1396 5740 tv,
1431 5678 1519 5732 35.
1631 5676 1678 5708 '°
1713 5678 1835 5731 Αεῑο
1869 5695 1924 5743 ι,
1960 5679 2142 5734 15-15-

2154 4700 2417 4771 t-rto).ép.et
2466 4707 2604 4772 μετά
2659 4707 2752 4760 τοῦ
2795 4709 3063 4779 Ἀρφαξᾶ,
3098 4715 3382 4770 ἐπέστειλε
3428 4719 3514 4773 τὸν
3542 4734 3686 4788 στρα-

2154 4792 2323 4862 τηγδν
2369 4796 2536 4849 αὐτοῦ
2577 4799 2912 4871 Ὀλοφέρνην
2961 4803 3101 4857 κατᾶ
3148 4807 3326 4877 πάσης
3358 4809 3459 4879 τῆς
3488 4809 3593 4877 γῆς,
3620 4809 3687 4859 εἱ-

2155 4881 2273 4936 πὼν
2308 4887 2444 4952 πρὸς
2466 4887 2629 4942 αὐτόν
2656 4904 2669 4919 ⁸
2706 4908 2725 4942 ι
2774 4888 2915 4944 Τάδε
2946 4892 3092 4960 λέγει
3118 4891 3376 4963 βασιλεὺς
3410 4899 3435 4948 6
3463 4899 3634 4967 μέγας.
3661 4895 3685 4945 δ

2157 4973 2350 5045 κύριος
2400 4977 2585 5049 πάσης
2632 4982 2732 5052 τῆς
2768 4983 2893 5051 γῆς.
2935 5005 2953 5036 ν
3000 4985 3117 5054 Ἐφ’
3145 4979 3189 5054 ᾧ
3226 4988 3322 5041 καὶ
3346 4990 3484 5044 κατὰ
3509 4987 3683 5056 ταύτην

2154 5063 2256 5131 τὴν
2308 5065 2559 5121 κέλευσιν
2601 5070 2889 5141 ἀπαίροντι
2934 5071 3013 5144 τῷ
3054 5073 3360 5149 Ὀλοφὲρνῃ
3399 5079 3531 5131 κατὰ
3570 5076 3685 5128 Ἰου-

2157 5154 2344 5240 δαίων,
2377 5158 2476 5230 ἔφη
2509 5162 2603 5213 καὶ
2627 5163 2750 5216 τάδε
2778 5165 2806 5217 6
2849 5163 3190 5236 ’Λμμανίτης
3233 5167 3448 5242 ’Δχιὼρ,
3470 5187 3487 5220 ι
3516 5168 3569 5222 El
3594 5166 3682 5238 μὲν

2157 5232 2318 5302 ἐστιν’
2334 5251 2588 5321 ἀγνόημα
2622 5254 2679 5305 ὲν
2711 5254 2787 5324 τῷ
2818 5232 2934 5326 λαῷ
2960 5232 3154 5328 τούτῳ.
3188 5232 3684 5332 καίᾶμαρτάνουσιν

2156 5342 2233 5403 εἷς
2255 5340 2346 5394 τὸν
2377 5343 2510 5395 Θεὸν
2545 5345 2745 5413 αὐτῶν,
2780 5347 3184 5419 ἀναϐησώμεθα
3216 5354 3311 5407 καὶ
3338 5352 3686 5419 ἐκπολεμήσω-

2158 5450 2258 5501 μεν
2296 5434 2492 5497 αὐτούς
2517 5452 2529 5464 ·
2561 5437 2609 5490 εί
2636 5437 2691 5489 δὲ
2727 5439 2802 5510 μή
2836 5455 2921 5507 γε,
2956 5442 3271 5510 παρελθέτω
3295 5445 3323 5497 6
3344 5442 3517 5515 κύριός
3539 5458 3676 5511 pou.»

2156 5523 2264 5575 Καὶ
2304 5524 2334 5576 6
2375 5524 2706 5597 Ὀλοερέρνης
2741 5531 2877 5598 πρὸς
2918 5531 3141 5603 Ἀχιὼρ,
3181 5554 3198 5587 ι
3226 5537 3341 5589 Καὶ
3364 5538 3441 5592 τίς
3482 5535 3508 5586 ὁ
3543 5531 3680 5591 Θεὸς.
