3794 6226
466 210 568 278 331

1751 188 2166 286 MICHAELIS
2206 225 2464 290 GLi’C/E

3604 228 3705 294 3E

532 328 726 383 Arcam
768 326 1043 384 Palaestini
1082 330 1150 386 ab
1174 347 1233 387 se
1268 341 1482 404 captam
1514 332 1565 387 in
1593 333 1850 404 oppidum
1896 336 2037 390 Azo-

2207 340 2319 408 Τὴν
2350 341 2533 410 μέντοι
2556 342 2787 395 κιϐωτὸν
2818 344 2868 397 oi
2908 343 3260 398 Παλαιστινοὶ
3307 342 3574 406 λαϐόντες
3629 346 3705 406 είς

464 426 578 475 tum
611 421 871 475 avehunt.
933 419 1123 493 Neque
1167 425 1336 479 multo
1378 441 1500 495 anL
1551 426 1730 496 Dagon
1785 428 1906 482 loco
1932 443 2032 483 suo

464 522 644 567 motus
674 525 777 573 est.
796 515 1094 586 aliisusque
1115 530 1271 572 terrm
1304 512 1670 575 venerabundi
1689 522 1926 589 speciem
1942 536 2036 596 co:

466 614 580 655 ram
620 617 744 657 arca
793 609 1398 675 prostratus-exhibuit.
1433 608 1613 663 Voluit
1663 620 1841 666 autem
1895 612 2035 666 Deus

468 697 765 749 ostendere
803 710 910 749 non
958 712 1019 751 ex
1061 699 1433 754 imbecillitate
1470 702 1699 771 quadam
1741 716 1837 757 sua
1868 700 2035 759 fuisse

468 795 683 854 captam
721 800 902 841 arcam
934 806 946 840 :
974 804 1094 841 nam
1118 793 1411 857 czeteroqui
1434 791 1577 846 Deus
1595 794 2033 849 adversariorum

474 876 655 947 l’agon
702 895 827 934 arca
862 891 1132 949 praesente
1176 899 1281 936 non
1316 884 1768 940 fuissetaltritus.
1815 887 1888 940 De
1926 903 2036 956 quo

470 969 728 1038 colligere
767 971 893 1025 licet
922 984 1247 1041 puesentem
1278 976 1330 1029 in
1362 992 1423 1031 ea
1455 978 1675 1046 quidem
1708 976 1877 1033 fuisse
1898 980 2037 1033 divi-

468 1072 595 1112 nam
647 1063 897 1129 gratiam,
936 1067 1026 1117 sed
1075 1064 1144 1119 ob
1174 1066 1481 1121 Judteorum
1514 1071 1835 1123 sceleratam
1868 1072 2034 1124 vitam

416 1162 419 1165 '
472 1148 642 1204 Deum
684 1153 1000 1221 permisisse
1036 1166 1093 1209 ut
1138 1158 1371 1211 hostium
1418 1160 1470 1212 in
1519 1165 1843 1226 potestatem
1874 1159 2035 1216 veni-

472 1249 573 1294 ret.
615 1240 815 1296 Eodem
863 1253 1106 1314 tempore
1150 1247 1340 1302 morbo
1403 1248 1784 1304 intestinorum
1837 1250 2034 1306 adfecti

475 1331 852 1405 moriebantur
883 1344 1153 1404 quotquot
1198 1352 1376 1390 arcam
1408 1346 1684 1407 ceperant,
1725 1339 2039 1411 visceraque

471 1432 730 1491 corrupta
776 1427 1166 1480 excernebant.
1220 1428 1487 1483 Prmterea
1547 1431 1784 1485 murium
1846 1432 2040 1503 ingens

471 1522 629 1567 enata
684 1516 839 1584 copia
898 1517 1036 1571 fines
1086 1532 1275 1573 eorum
1329 1520 1643 1577 infestabat.
1697 1522 2041 1595 Quapropter

470 1604 647 1658 Azntli
675 1611 759 1660 vix
794 1608 1009 1663 tandem
1055 1609 1331 1666 intellecto
1358 1628 1416 1667 se
1449 1614 1607 1668 malis
1633 1614 1941 1683 bujusmodi
1969 1616 2038 1671 ob

2142 429 2298 482 πόλιν
2333 430 2578 495 ’Ἄζωτον
2630 433 2977 502 αἰχμάλωτον
3033 435 3262 505 ῆγαγον.
3312 434 3444 487 Τότε
3475 434 3578 487 καὶ
3611 434 3707 486 Δα-

2142 514 2255 587 γὼν
2285 522 2574 593 συνετρίϐη
2611 522 2709 593 τῆς
2737 526 2945 588 οἰκείας
2978 525 3178 587 ἐκστὰς
3211 525 3377 594 ἕδρας
3403 525 3495 577 καὶ
3552 523 3633 586 ὡς
3655 526 3709 574 ὲν

2144 611 2387 693 σχήματι
2416 614 2853 683 προσκυνοῦντος
2876 614 3083 668 πεσών.
3128 617 3344 679 Ἐδειξε
3372 615 3479 693 γᾲρ
3510 617 3542 667 ὁ
3578 614 3706 677 Θεὸς

2142 692 2375 749 ἐνταῦθα
2408 697 2493 749 ὅτι
2543 698 2641 767 οὐχ
2666 694 2740 761 ὡς
2777 700 3013 768 ἀσθενὴς
3049 692 3441 771 ᾐχμαλωτίσθη
3471 702 3502 769 ή
3535 698 3706 750 κιϐω-

2140 787 2230 849 τὸς
2259 786 2330 857 (εί
2362 789 2468 856 γὰρ
2507 788 2663 842 τοῦτο
2720 786 2812 859 ἦν,
2856 792 2956 844 οὐκ
3005 787 3070 845 ἂν
3101 793 3167 860 τῇ
3222 791 3494 860 παρουσίᾳ
3539 790 3707 856 αὐτῆς

2102 932 2105 937 _
2142 878 2169 929 ὁ
2200 878 2330 942 Θεὸς
2356 880 2537 934 αὐτῶν
2568 879 2760 947 Δαγὼν
2801 883 3119 954 συνετρίϐη,
3162 880 3353 954 [ὥστε]
3383 882 3435 934 εί
3468 880 3548 950 μὴ
3594 880 3707 932 θεία

2143 968 2302 1038 χάρις
2328 971 2536 1040 προσῆν
2578 971 2765 1043 αὐτῇ),
2822 972 3331 1042 αἰχμαλωτισθῆναι
3362 970 3420 1024 δὲ
3473 986 3708 1038 συνεχως

2146 1060 2287 1130 ρήθη
2320 1061 2407 1113 διὰ
2444 1061 2540 1131 τὴν
2574 1062 2684 1115 τῶν
2727 1063 2999 1117 Ἰουδαίων
3031 1063 3249 1117 κακίαν.
3303 1060 3438 1114 Τότε
3486 1059 3558 1128 δὴ
3592 1063 3706 1111 τότε

2145 1152 2240 1204 καὶ
2273 1152 2379 1204 ὑπὸ
2403 1153 2754 1224 δυσεντερίας
2805 1154 3150 1225 ἀπέθνησκον
3179 1157 3228 1208 οἱ
3264 1152 3706 1222 αἰχμαλωτίσαν-

2144 1260 2235 1307 τες
2269 1245 2461 1313 αὐτὴν,
2484 1246 2550 1299 τὰ
2580 1248 2728 1311 ἐντὸς
2754 1245 3077 1314 ὲξεμοῦντες
3108 1246 3503 1317 διεφθαρμένα.
3548 1243 3706 1295 Ἀλλὰ

2147 1335 2241 1387 καὶ
2277 1332 2429 1404 μυῶν
2493 1334 2697 1405 πλῆθος
2752 1334 2976 1389 ἀνελθὸν
3038 1339 3110 1390 τὰ
3153 1337 3249 1405 τῆς
3311 1334 3493 1404 χώρας
3554 1334 3707 1386 κατέ·

2146 1425 2378 1482 ϐλαπτε.
2409 1424 2582 1490 Μόλις
2605 1426 2698 1483 οῦν
2753 1428 2801 1482 oi
2844 1428 3096 1490 Ἀζώτιοι
3129 1428 3374 1495 συνῆκαν
3401 1426 3475 1488 ὡς
3503 1426 3573 1477 ὲκ
3612 1422 3703 1492 τῆς

2148 1518 2384 1572 κιϐωτοῦ
2413 1519 2481 1573 τὰ
2524 1519 2751 1573 τοιαῦτα
2785 1520 3171 1590 προσγίνονται
3218 1519 3437 1579 αὐτοῖς’
3498 1516 3702 1581 ἀξιοῦσι

2150 1608 2336 1664 λοιπὸν
2382 1611 2509 1674 τοὺς
2551 1613 2972 1676 Ἀσκαλωνίτας.
3014 1612 3126 1666 Καὶ
3173 1610 3379 1677 ταύτην
3417 1609 3702 1677 προσδεξά-

471 1710 653 1771 areum
677 1699 887 1760 Vexari,
929 1700 1271 1755 Ascalonitas
1297 1712 1457 1758 orant
1491 1716 1548 1759 ut
1572 1720 1690 1759 eam
1729 1704 1795 1758 ad
1829 1722 1887 1760 se
1911 1707 2042 1760 reci-

2158 1719 2302 1772 μενοι
2333 1704 2391 1756 ἐν
2415 1706 2528 1766 τοῖς
2557 1704 2764 1773 ὁμοίοις
2807 1704 3051 1772 γίνονται
3084 1706 3296 1766 κακοῖς.
3327 1703 3391 1754 Oi
3419 1701 3477 1754 δὲ
3521 1701 3702 1752 Ἀσκα-

473 1796 685 1855 percnt.
719 1788 832 1844 Hoc
868 1791 942 1844 illi
979 1806 1101 1845 cum
1128 1791 1404 1860 fecissent,
1429 1796 1742 1855 consimiles
1772 1798 2042 1854 calamita-

2158 1797 2368 1847 twvi’rat
2410 1796 2550 1864 πρὸς
2586 1795 2806 1868 ἐτέρους
2836 1801 3137 1866 πέμπουσι,
3169 1796 3418 1848 κάκεῖνοι
3451 1793 3587 1862 πρὸς
3615 1793 3696 1844 ἆλ-

474 1888 556 1931 tes
619 1881 1000 1948 experiuntur.
1057 1883 1135 1936 Ad
1171 1885 1309 1938 alios
1350 1884 1516 1950 igitur
1562 1902 1680 1940 eam
1726 1888 2042 1944 Ascalonita

2158 1890 2292 1949 λους.
2329 1888 2436 1940 Καὶ
2465 1888 2665 1950 πάντες
2707 1889 2777 1942 τὰ
2807 1890 2945 1943 αὐτὰ
2992 1884 3288 1958 πάσχουσι.
3350 1885 3699 1953 Συνέρχονται

471 1972 748 2041 ablegant,
800 1971 950 2043 iique
1001 1976 1244 2030 vicissim
1283 1976 1348 2031 ad
1384 1978 1539 2045 alios,
1573 1979 1829 2035 omnibus
1858 1981 2042 2036 eadem

2158 1971 2240 2031 ὶῦν
2258 1979 2304 2031 οἱ
2339 1977 2462 2050 τῶν⁸
2480 1981 2769 2035 παθουσῶν
2798 1981 2958 2036 πέντε
2989 1979 3197 2033 πόλεων
3225 1977 3506 2047 ἄρχοντες,
3547 1977 3697 2028 Ἀκα-

473 2068 613 2115 mata
646 2067 946 2133 perpessis.
983 2065 1135 2121 Hanc
1159 2066 1228 2120 ob
1264 2082 1482 2120 causam
1515 2071 1791 2138 congressi
1820 2071 2050 2140 optima-

472 2163 558 2210 tes
584 2157 798 2211 illarum
848 2159 1092 2228 quinque
1126 2161 1340 2214 urbium
1365 2203 1378 2227 ,
1419 2176 1537 2231 qua:
1580 2163 1736 2218 hisce
1765 2144 2049 2233 suppliciis

476 2250 717 2303 multatue
743 2248 980 2314 fuerant,
1000 2248 1255 2308 nimirum
1282 2254 1598 2321 Aecaronis,
1617 2255 1793 2320 (ἕαται,
1816 2257 1968 2311 Azoti
1996 2263 2052 2310 et

474 2341 953 2409 reliquarum,de
1008 2352 1119 2407 tota
1173 2359 1231 2398 re
1282 2346 1631 2412 deliberant,
1695 2355 2051 2425 statuuntque

475 2432 612 2485 duas
646 2446 840 2486 vaccas
870 2432 1028 2487 fu-tas
1058 2434 1242 2486 currui
1277 2434 1570 2504 alligandas
1621 2448 1760 2496 esse,
1802 2434 1888 2489 cui
1922 2450 2050 2489 arca

474 2523 816 2593 imponatur.
846 2522 959 2579 Hoc
994 2523 1139 2577 facto
1185 2540 1380 2579 vaccas
1412 2529 1466 2579 in
1504 2524 1661 2579 trivio
1709 2524 2046 2594 relinquunt,

474 2610 667 2678 eisque
698 2620 1024 2678 potestatem
1062 2612 1272 2667 faciunt
1310 2612 1477 2666 eundi
1508 2629 1616 2682 quo
1637 2614 1822 2667 velint.
1849 2613 2050 2676 Quodsi

477 2712 770 2771 pergerent
798 2703 851 2756 in
884 2702 1236 2758 Hebraeorum
1282 2703 1438 2768 fines,
1475 2705 1700 2759 omnino
1730 2704 2050 2759 existiman-

477 2792 608 2846 dum
637 2793 788 2847 aiunt
818 2809 996 2849 arcam
1047 2795 1180 2864 ipsis
1227 2796 1499 2865 ejusmodi
1533 2796 1797 2851 malorum
1830 2812 2050 2851 causam
2082 2830 2093 2837 -

478 2884 668 2952 fuisse,
702 2886 787 2940 sin
824 2887 980 2956 173
1011 2888 1116 2940 alio
1149 2886 1501 2942 deﬂecterent
1529 2930 1544 2953 ,
1593 2887 2051 2957 persequendam,

2149 2068 2279 2139 ρὼν.
2316 2069 2518 2139 Γάζης,
2548 2066 2784 2135 Ἀζώτου
2858 2072 2954 2126 καὶ
2991 2073 3098 2124 τῶν
3143 2069 3370 2127 λοιπῶν,
3432 2067 3526 2120 καὶ
3583 2069 3696 2135 περὶ

2149 2161 2342 2214 τούτου
2405 2162 2721 2217 σκοποῦσιν.
2778 2165 2941 2217 Ὅθεν
2986 2164 3082 2217 καὶ
3131 2162 3257 2232 βόας
3319 2157 3695 2223 ὑποζεύξαντις

2149 2255 2494 2325 ἀρτιτόκους,
2529 2255 2621 2307 καὶ
2645 2259 2745 2327 τὴν
2784 2256 3019 2310 κιϐωτὸν
3053 2255 3243 2316 αὐτοῖς
3271 2248 3696 2312 ὲπιτιθέασι,καὶ

2152 2344 2243 2399 ἐπὶ
2271 2345 2485 2415 τριόδου
2518 2347 2919 2410 καταλιπόντες
2985 2347 3381 2414 ἐπιτρέπουσιν
3435 2345 3610 2403 αὐτοῖς
3639 2340 3693 2407 ἦν

2153 2437 2434 2508 βούλονται
2476 2438 2596 2490 ὁδὸν
2642 2439 2941 2491 ἀπελθεῖν·
2994 2439 3099 2492 κᾶν
3144 2441 3248 2507 μὲν
3297 2437 3396 2507 τὴν
3452 2435 3694 2503 Ἐϐραίων

2150 2524 2407 2588 ἀπίωσιν,
2434 2523 2844 2593 ὑπολαμϐάνειν
2857 2524 2954 2596 τὴν
2976 2523 3210 2579 κιϐωτὸν
3239 2524 3419 2579 αἰτίαν
3448 2517 3693 2575 εἶναιτῶν

2148 2613 2403 2668 τοιούτων
2427 2616 2636 2681 κακῶν,
2666 2615 2733 2670 ἂν
2762 2617 2819 2670 δὲ
2861 2617 3028 2686 ἄλλην
3057 2617 3398 2686 τράπωνται,
3430 2608 3693 2667 Καταδιώο

2154 2705 2337 2776 ξωμεν
2369 2707 2563 2779 αὐτὴν,
2599 2709 2829 2779 ἔφασαν,
2851 2710 2947 2764 ἆτε
2991 2709 3065 2780 μὴ
3094 2707 3352 2777 τοιαύτην
3379 2706 3596 2776 ἔχουσαν
3618 2699 3693 2753 δύο

2152 2816 2337 2869 ναμιν.
2369 2800 2585 2853 Γίνεται
2604 2801 2799 2868 ταῦτα,
2818 2803 2910 2855 καὶ
2939 2800 3089 2855 θείαν
3104 2803 3172 2872 τῇ
3188 2797 3408 2868 κιϐωτῷ
3433 2796 3691 2867 προσεῖναι

2152 2889 2448 2959 διέγνωσαν
2487 2892 2738 2964 δύναμιν.
2788 2960 2803 2969 _

480 2983 555 3034 uti
589 2994 707 3050 qua:
734 2988 1058 3051 potestatem
1094 2981 1363 3051 ejusmodi
1397 2982 1600 3035 nullam
1636 2981 1879 3036 haberet.
1912 2980 2050 3036 lluic
2106 2986 2336 3041 consilio
2384 3001 2507 3041 cum
2570 2987 2896 3057 paruissent,
2945 2986 3137 3041 adesse
3170 2984 3405 3040 divinam
3432 2979 3691 3052 quamdam

477 3085 618 3130 arca:
647 3074 754 3129 vim
787 3090 850 3129 ac
879 3085 1205 3143 potestatem
1224 3074 1732 3145 deprehenderunt.

548 3168 606 3221 In
639 3168 743 3223 hoc
791 3175 934 3222 statu
957 3183 1079 3222 cum
1108 3182 1199 3221 res
1236 3166 1586 3221 flebrmorum
1615 3175 1799 3221 essent
1820 3205 1835 3229 ,
1872 3181 2042 3233 regent

2231 3162 2295 3217 Οἱ
2334 3164 2435 3235 μὲν
2463 3159 2558 3218 οῦν
2607 3162 2850 3234 Ἑϐραῖοι
2902 3161 3128 3218 τοιαῦτα
3163 3163 3462 3234 πάσχοντες
3495 3163 3690 3231 ζητοῦσι

477 3260 595 3317 dari
626 3260 728 3315 sibi
753 3261 1035 3330 postulant
1063 3269 1117 3315 et
1164 3238 1387 3313 Saulum
1419 3257 1712 3329 accipiunt,
1745 3271 2052 3329 quanquam

480 3350 625 3409 Deus
678 3349 996 3423 hujusmodi
1033 3353 1353 3421 petitionem
1396 3364 1586 3406 eorum
1650 3365 1911 3421 perquam
1941 3364 2058 3421 ενα-

483 3449 622 3501 viter
666 3446 828 3510 tulit,
887 3459 951 3499 ac
1002 3453 1295 3514 propterea
1328 3443 1514 3498 verbis
1559 3444 1710 3498 hisce
1743 3441 2058 3498 Samuelum

480 3539 753 3593 allocutus
784 3544 866 3590 est
916 3552 930 3590 :
986 3554 1005 3587 ι
1061 3533 1181 3591 Non
1217 3545 1271 3591 te
1308 3532 1674 3601 ﬂocciferunt,
1728 3534 1822 3589 sed
1858 3550 1943 3588 me
1978 3533 2060 3603 ip-

482 3645 629 3695 sum,
665 3643 733 3685 ne
768 3644 999 3700 regnum
1033 3629 1245 3684 scilicet
1295 3628 1349 3683 in
1385 3642 1480 3683 eos
1529 3627 1828 3683 obtineam.
1867 3646 1885 3679 ›
1923 3626 2060 3681 Sau-
2122 3681 2126 3685 .

483 3719 569 3774 lus
618 3720 709 3774 bic
753 3720 1021 3776 oriundus
1079 3716 1441 3788 Benjamitide
1482 3718 1664 3784 tribu,
1708 3716 1819 3772 Cisi
1866 3716 2009 3771 filius
2039 3757 2056 3784 ,

482 3813 658 3869 forma
693 3812 956 3883 praeditus
1002 3812 1163 3884 longe
1219 3810 1674 3882 praestantissima
1720 3825 2059 3881 corporeque

484 3919 713 3977 procero
746 3916 800 3961 et
847 3905 1051 3975 amplo,
1096 3903 1237 3960 forte
1273 3903 1447 3975 patris
1486 3903 1670 3958 asinas
1698 3902 1973 3966 amiserat,
2004 3908 2061 3955 et

482 4014 674 4055 earum
716 3998 1151 4067 indagandarum
1179 4011 1347 4051 causa
1377 4003 1560 4051 vatem
1593 3994 1909 4049 Samuelum
1934 4009 2063 4048 con-

483 4098 734 4145 venerat.
759 4089 839 4143 lbi
880 4095 1034 4142 vates
1060 4096 1340 4157 sumptum
1376 4087 1557 4142 oleum
1581 4100 1795 4142 sacrum
1823 4085 1879 4139 in
1901 4093 2062 4156 caput

477 4180 702 4252 juvenis
747 4177 1003 4244 eﬂ‘undit,
1038 4193 1278 4249 eumque
1316 4187 1662 4250 peramanter
1704 4179 2058 4254 complexus,

491 4293 509 4324 ι
551 4270 706 4338 Esto,
747 4271 947 4342 inquit,
981 4285 1076 4326 rex
1118 4268 1297 4341 gentis
1319 4278 1523 4326 nostra;
1563 4269 1828 4325 divinitus
1866 4282 2062 4338 appro-

395 4399 401 4405 ~
484 4364 669 4423 batus.
702 4383 722 4417 ι
760 4361 940 4419 Simul
973 4378 1025 4419 et
1072 4361 1342 4434 signiﬁcat
1369 4362 1553 4418 omnia
1591 4375 1713 4433 qua:
1737 4360 1838 4433 ipsi
1880 4367 2062 4415 essent

483 4458 540 4512 in
575 4456 777 4512 itinere
810 4454 904 4510 illo
927 4462 1214 4520 eventura,
1249 4452 1488 4509 futurum
1512 4452 1722 4509 scilicet
1745 4461 1801 4506 ut
1832 4450 1887 4504 in
1911 4458 2061 4506 vates

484 4548 772 4613 incideret,
805 4556 860 4603 et
886 4547 1075 4602 divino
1103 4557 1415 4617 correptum
1441 4542 1649 4616 Spiritu
1679 4561 1803 4600 cum
1839 4544 1919 4600 eis
1965 4560 2061 4597 va-

482 4638 862 4693 ticinaturum.
888 4638 1095 4694 Deinde
1119 4654 1311 4695 rursus
1346 4654 1469 4692 eum
1503 4636 1839 4707 inspectante
1862 4636 2064 4706 populo

486 4732 727 4804 inungit.
762 4732 939 4801 Atque
988 4732 1092 4786 hoc
1126 4731 1289 4787 modo
1328 4728 1681 4785 Hebraeorum
1730 4743 1819 4784 res
1848 4727 2063 4800 publica

486 4825 541 4876 in
574 4823 725 4893 regni
760 4822 991 4877 formam
1024 4833 1110 4878 est
1136 4830 1491 4877 commutata.
1526 4819 1812 4875 Samuelus
1841 4819 2060 4889 quidem

487 4914 774 4969 lsraelicos
805 4914 988 4968 aiebat
1016 4916 1254 4984 petendo
1288 4928 1472 4984 regem
1504 4926 1721 4982 gravem
1761 4912 1815 4965 in
1846 4926 1903 4965 se
1925 4925 2061 4965 con-

483 5008 683 5062 citasse
734 5007 1165 5077 indignationem
1220 5006 1581 5060 Dei.Licebat
1618 5006 1739 5075 ejus
1787 5005 1866 5058 rei
1923 5019 2059 5058 con-

482 5098 753 5169 jecturam
779 5100 864 5154 vel
892 5114 952 5153 ex
991 5112 1055 5155 eo
1086 5115 1326 5164 sumere,
1367 5099 1510 5168 quod
1538 5115 1659 5154 cum
1689 5114 1851 5153 nemo
1877 5106 2063 5152 aestate

488 5190 665 5245 media
719 5200 1105 5261 tempestatem
1155 5189 1421 5260 ejusmodi
1474 5191 1721 5253 vidisset,
1757 5189 1847 5242 illa
1880 5198 2063 5242 tamen

491 5285 544 5350 |d
573 5287 839 5355 temporis
869 5292 1161 5354 conspecta
1205 5285 1295 5338 sit.
1336 5285 1546 5355 Quippe
1576 5301 1700 5340 cum
1732 5294 1886 5338 vates
1925 5285 2065 5338 hanc

2162 3257 2408 3329 βασιλέα,
2441 3258 2533 3310 καὶ
2563 3258 2900 3326 λαμϐάνουσι
2918 3256 3009 3310 τὸν
3028 3257 3221 3320 Σαοὺλ,
3247 3260 3294 3309 εί
3315 3257 3409 3310 καὶ
3432 3257 3499 3325 μὴ
3531 3256 3691 3323 πράως

2159 3350 2404 3419 ἔφερενὸ
2437 3349 2569 3414 Θεὸς
2603 3350 2698 3402 τοῦ
2748 3348 2992 3403 τοιούτου
3029 3349 3188 3419 χάριν
3234 3348 3568 3418 ζητήματος,
3622 3342 3689 3413 ἐφ’

2157 3434 2203 3512 ᾧ
2240 3442 2334 3495 καὶ
2370 3440 2506 3511 πρὸς
2549 3442 2639 3494 τὸν
2687 3441 2946 3511 Σαμουὴλ
2979 3442 3194 3510 ἔλεγεν
3239 3461 3259 3492 ι
3300 3442 3375 3494 Οὐ
3413 3439 3471 3493 σὲ
3498 3432 3688 3507 ἐξουθε-

2161 3537 2411 3605 νήκασιν,
2453 3533 2565 3586 ἀλλ’
2600 3535 2721 3602 ἐμὲ,
2765 3534 2859 3587 τοῦ
2916 3534 2993 3604 μὴ
3024 3532 3333 3603 βασιλεύειν
3366 3534 3422 3585 ὲν
3473 3534 3685 3592 αὑτοῖς.)

2205 3624 2329 3689 ῦτος
2364 3627 2460 3696 μὲν
2489 3608 2582 3680 οὖν
2609 3628 2636 3678 ὁ
2665 3625 2841 3679 Σαοὺλ
2874 3626 2938 3680 ἐκ
2963 3626 3061 3696 τῆς
3107 3625 3474 3694 Βενιαμίτιδος
3503 3622 3686 3690 ὑπῆρχε

2160 3718 2355 3789 φυλῆς,
2396 3720 2510 3779 υἱὸς
2549 3712 2646 3770 τοῦ
2696 3718 2821 3779 Κῖς,
2880 3717 2907 3768 ὁ
2938 3716 3032 3769 καὶ
3086 3717 3187 3786 τὴν
3237 3714 3452 3785 μορφὴν
3500 3714 3685 3782 ἄριστος

2160 3807 2254 3864 καὶ
2287 3809 2347 3862 τὸ
2380 3808 2538 3878 σῶμα
2568 3806 2896 3877 μέγαςητὰς
2914 3809 3070 3871 ὅνους
3104 3807 3197 3861 τοῦ
3222 3807 3426 3877 πατρὸς
3454 3804 3682 3860 ἀπώλεσε,

2159 3902 2253 3954 καὶ
2283 3902 2420 3972 πρὸς
2449 3902 2540 3954 τὸν
2574 3901 2860 3972 προφήτην
2898 3886 3156 3970 Σαμουὴλ
3177 3900 3402 3968 ἔρχεται
3425 3897 3549 3966 περὶ
3573 3894 3687 3949 ὲκεί-

2160 4011 2268 4048 νων
2311 3994 2629 4063 ἐρωτήσων.
2670 3995 2730 4046 Ὀ
2757 3993 2813 4045 δὲ
2872 3995 3160 4064 προφήτης
3225 3990 3407 4045 λαϐὼν
3459 3990 3515 4044 τὸ
3566 3989 3687 4055 ἆγιςν

2161 4088 2340 4143 ἔλαιον
2368 4087 2470 4157 τῆς
2495 4088 2590 4141 τοῦ
2614 4087 2897 4140 νεανίσκου
2922 4088 3153 4156 καταχεῖ
3187 4085 3452 4153 κεφαλῆς,
3486 4083 3569 4136 καὶ
3587 4093 3686 4133 κατι

2161 4180 2551 4247 ασπασάμενος
2610 4179 2772 4232 αὐτὸν
2795 4218 2810 4242 ,
2856 4198 2873 4229 σ
2909 4178 3047 4232 Ἴσοι
3079 4197 3098 4229 ι
3133 4218 3148 4241 ,
3183 4179 3339 4246 φησὶ,
3383 4195 3402 4228 ι
3440 4173 3684 4245 βασιλεύςο

2162 4264 2271 4324 ιτξδ
2298 4268 2434 4323 Θεοῦ
2467 4269 2915 4340 κεχειροτόνησαι
2940 4270 3201 4338 σήμερον.
3242 4286 3261 4319 ι
3329 4267 3491 4319 ’Δλλὰ
3519 4263 3601 4318 καὶ
3636 4257 3685 4310 τὰ

2164 4362 2568 4433 συμϐησόμενα
2601 4359 2725 4415 καθ’
2770 4360 2888 4413 ὁδὸν
2922 4359 3071 4430 αὖτῷ
3125 4359 3334 4426 ἔλεγεν,
3391 4355 3618 4425 ἐντυχεῖν
3642 4363 3686 4399 τε

2165 4454 2500 4525 προφήταις,
2549 4440 2644 4508 καὶ
2688 4454 2786 4507 σὺν
2813 4453 2997 4516 αὐτοῖς
3025 4452 3408 4523 προφητεῦσαι
3444 4449 3685 4518 γενόμενον

2165 4545 2371 4600 ἔνθεον.
2423 4544 2585 4617 Χρίει
2627 4545 2683 4600 δὲ
2716 4545 2882 4599 αὐτὸν
2920 4542 3137 4599 καὶτοῦ
3202 4542 3443 4613 πλήθους
3477 4542 3684 4612 ὁρῶντος·

2167 4638 2279 4692 Καὶ
2301 4635 2475 4700 οὕτως
2507 4638 2540 4705 ὴ
2577 4636 2686 4689 τῶν
2734 4636 3005 4709 Ἐϐραίων
3030 4635 3299 4691 πολιτεία
3334 4638 3417 4700 εἰς
3453 4628 3684 4706 βασιλείαν

2168 4729 2497 4802 μετέπεσεν.
2534 4729 2734 4795 Ἔλεγε
2776 4729 2835 4781 δὲ
2868 4728 3004 4799 πρὸς
3028 4728 3228 4786 αὐτοὺς
3257 4729 3340 4781 ὅτι
3387 4727 3556 4781 Πολλὰ
3579 4733 3687 4788 παρ·

2172 4824 2449 4895 ωργίσατε
2480 4822 2570 4875 τὸν
2599 4822 2755 4887 Θεὸν,
2795 4821 3025 4891 βασιλέα
3070 4819 3453 4888 αἰτησάμενοι.
3492 4817 3586 4870 Καὶ
3614 4811 3683 4875 ὁῆυ

2163 4919 2258 4970 λον
2291 4914 2574 4968 ἐντεῦθεν·
2613 4912 2640 4965 ὃ
2666 4913 2777 4983 γὰρ
2819 4911 3077 4965 οὐδέποτέ
3122 4928 3203 4974 τις
3251 4907 3412 4975 εἶδεν,
3448 4911 3503 4962 ἐν
3538 4906 3685 4975 θέρους

2168 5009 2320 5078 ἀκμῇ
2356 5006 2626 5078 χειμῶνα,
2661 5006 2819 5058 τοῦτο
2867 5005 3239 5075 γεγενημένον
3289 5000 3566 5056 θεάσασθε.
3607 4990 3683 5045 Καὶ

2169 5100 2345 5152 ταῦτα
2375 5100 2623 5161 εἰπόντος
2644 5097 2740 5151 τοῦ
2776 5098 3059 5167 προφήτου
3093 5095 3379 5165 ἀστραπαὶ
3405 5094 3495 5147 καὶ
3513 5080 3684 5161 βρονταὶ

2174 5193 2271 5246 καὶ
2316 5192 2549 5263 χάλαζαι
2585 5192 3011 5258 καταφέρονται,
3051 5188 3126 5250 ὡς
3176 5186 3431 5242 ἐντεῦθεν
3470 5183 3553 5237 τὸν
3591 5175 3681 5229 λαξον

2173 5284 2445 5353 ἁμαρτεῖν
2474 5284 2552 5346 εἰς
2584 5283 2718 5336 Θεὸν
2751 5283 2962 5349 ἔλεγεν.

447 5381 795 5435 'orationem
828 5381 895 5435 ad
928 5380 1190 5450 p0puium
1233 5377 1537 5461 habuisset,
1604 5379 1819 5449 fulgura
1883 5392 2006 5431 cum
2050 5377 2309 5433 tonitruis
2375 5386 2430 5433 et
2487 5377 2751 5447 grandine
2781 5376 3144 5440 exstiletjunt;
3175 5388 3285 5442 quo
3309 5374 3450 5428 facto
3492 5352 3680 5437 proli“Bri

489 5474 723 5544 papulas
746 5489 803 5527 se
829 5474 882 5527 in
913 5474 1078 5546 Deum
1115 5473 1434 5542 deliquisse.

562 5566 872 5619 Secundum
921 5567 1036 5619 haec
1090 5566 1290 5620 Saulus
1336 5580 1460 5620 cum
1513 5564 1687 5634 coniis
1741 5561 2061 5617 Palmstinos

491 5652 790 5711 invasurus
827 5658 1070 5727 pontifici
1124 5659 1343 5733 mandat
1401 5665 1460 5712 ut
1509 5670 1723 5730 sumpta
1780 5655 2058 5728 pontiﬁcia

2249 5560 2310 5613 Ὀ
2342 5559 2532 5629 μέντοι
2573 5557 2746 5613 Σαοὺλ
2806 5557 3018 5629 μέλλων
3050 5556 3193 5608 κατὰ
3240 5551 3592 5609 Παλαιστινῶν
3614 5546 3678 5613 ὀρ-

2172 5655 2369 5736 μῆσαι,
2396 5653 2610 5708 κελεύει
2639 5653 2728 5707 τὸν
2767 5650 3029 5724 ἀρχιερέα
3054 5650 3290 5706 λαϐόντα
3335 5649 3435 5718 τὴν
3471 5650 3676 5716 ἀρχιερε-
