3794 6226
395 287 426 301 ’δ

123 320 210 386 333

1349 321 1750 384 ANNALIUM
1792 326 1982 385 PARS
2031 328 2102 388 ll.

3216 333 3311 391 37H

122 437 259 502 τικὴν
285 432 467 504 στολὴν
500 431 868 504 προφητεύειν
899 433 1049 504 αύτῷ
1103 434 1232 500 περὶ
1283 435 1391 488 τῶν
1433 435 1654 504 μελλόν-

1765 445 1908 490 veste
1934 437 2035 490 sibi
2071 439 2476 504 vaticinaretur,
2516 441 2733 510 quinam
2775 442 2894 508 ejus
2941 437 3063 492 belli
3109 437 3317 492 futuros

124 544 232 578 των.
261 525 358 578 Τοῦ
389 525 441 577 δὲ
465 527 874 596 προτρέψαντος
905 526 1190 596 ἐξέρχεται
1248 527 1387 579 κατὰ
1446 529 1649 580 Παλαι-

123 616 310 669 στενῶν.
328 616 383 669 '0
422 617 607 686 μέντοι
648 617 821 670 Σαοὺλ
853 619 918 687 τῇ
936 619 1062 688 νίκῃ
1091 617 1350 686 ἐπαρθεὶς
1374 620 1649 688 ἐπαρᾶται

120 709 215 768 τοῖς
261 706 522 776 Ἑϐραίοις
550 724 566 738 ·
605 709 670 778 ἦν
693 702 778 770 τις
817 708 1200 777 ἀποσχόμενος
1250 709 1342 760 τοῦ
1401 711 1651 775 φονεύειν

121 798 224 858 τοὺς
254 798 472 864 ἐχθροὺς
499 798 672 870 φάγῃ,
707 799 803 852 καὶ
860 798 935 868 μὴ
996 799 1192 868 μέχρις
1245 794 1306 852 οὗ
1340 798 1435 864 νὺξ
1493 800 1652 852 ἐπελ-

123 887 264 940 θοῦσα
290 887 386 954 τῆς
416 889 756 957 ἀναιρέσεως
790 890 990 953 αὐτοὺς
1020 889 1320 960 ἀποπαύσῃ
1351 891 1460 942 τῶν
1495 891 1653 944 πολεο

125 979 258 1048 μίων,
289 979 689 1050 δπικατάρατος
721 982 832 1052 εἴη.
892 981 1048 1035 Οὖτω
1103 981 1282 1036 τοίνυν
1324 983 1419 1035 τοῦ
1480 984 1651 1037 Σαούλ

123 1074 380 1140 φήσαντος,
405 1074 530 1126 ἐπεὶ
555 1075 693 1128 κατά
718 1094 838 1128 τινα
868 1077 1076 1146 δρυμδν
1099 1078 1349 1144 ἐγένοντο
1375 1079 1652 1146 μελισσῶν

121 1166 353 1234 γέμοντα,
395 1168 422 1219 6
452 1166 546 1218 τοῦ
592 1168 766 1221 Σαοὺλ
797 1171 924 1231 παῖς
956 1170 1056 1222 ούκ
1116 1169 1367 1238 ἀκηκοὼς
1417 1172 1515 1238 τῆς
1555 1171 1647 1224 τοῦ

120 1257 296 1324 πατρὸς
341 1259 476 1326 ἀρᾶς
526 1260 837 1325 ἀποθλίψας
895 1277 948 1313 τι
1008 1262 1203 1332 κηρίον
1261 1263 1354 1315 τοῦ
1430 1263 1646 1332 μέλιτος

121 1350 301 1419 ἢσθιεν.
334 1346 463 1403 Εἶτα
485 1352 649 1418 γνοὺς
679 1354 740 1405 τὸ
772 1356 997 1420 γεγονὸς
1044 1356 1144 1407 ούκ
1173 1355 1350 1424 ὀρθῶς
1405 1356 1507 1424 ἔφη
1560 1357 1651 1409 τὸν

121 1444 300 1508 πατέρα
330 1441 586 1511 τοιαύτην
615 1443 758 1512 ἀρὰν
781 1443 985 1497 θεῖναι⁹
1025 1445 1370 1514 εὐψυχότατοι
1402 1447 1507 1516 γὰρ
1547 1463 1622 1499 κα

120 1532 344 1601 τατρέχιι
374 1533 472 1602 τῆς
502 1534 610 1588 τῶν
662 1536 948 1596 ἐναντίων,
989 1536 1042 1587 εί
1101 1553 1162 1604 γε
1195 1539 1400 1607 τροφῆς
1455 1542 1513 1590 ἐν
1572 1541 1651 1610 τῷ

121 1625 248 1694 μέσῳ
280 1625 474 1694 φθάσει
506 1628 859 1697 μεταλαϐεῖν.
908 1630 966 1682 Ὀ
995 1630 1050 1681 δὲ
1085 1630 1257 1683 Σαοὺλ
1312 1633 1449 1700 μετὰ
1481 1634 1542 1685 τδ
1573 1651 1651 1687 νι-

119 1717 258 1784 κῆσαι
285 1719 374 1770 καὶ
409 1717 572 1771 θῦσαι
611 1718 689 1789 τῷ
736 1720 856 1790 Θεῷ
886 1721 1102 1774 κελεύει
1132 1721 1223 1773 τὸν
1259 1723 1522 1794 ἀρχιερέα
1558 1724 1652 1776 καὶ

1754 537 1902 582 esset
1931 528 2133 584 exitus.
2161 530 2258 584 Illo
2283 546 2461 600 regem
2487 532 2552 584 ad
2587 532 2783 586 bellum
2811 531 3104 592 excitante,
3138 532 3319 598 cepias

1753 618 1950 675 Saulus
1976 621 2260 675 adversum
2290 621 2598 676 Palaestinos
2631 625 2853 687 educit;
2889 627 3119 691 cumque
3151 623 3319 674 vieto-

1753 711 1831 764 ria
1890 713 2095 780 potitus
2157 721 2342 774 esset,
2410 712 2733 766 insolentior
2786 715 2962 765 factus
3004 711 3319 780 hujusmodi

1753 803 1988 871 quadam
2051 804 2432 858 exsecratione
2484 804 2586 858 sibi
2631 804 2886 858 llebratos
2912 805 3150 858 devincit
3172 803 3237 864 “",
3273 803 3317 855 si

1752 895 1874 961 quis
1917 895 2166 949 hostibus
2218 911 2447 965 parcens
2481 896 2662 949 cibum
2721 905 2983 957 sumeret,
3022 910 3118 948 nec
3149 895 3200 946 in
3237 894 3317 946 eis

1753 986 2071 1040 occidendis
2125 987 2310 1039 tandiu
2345 995 2716 1055 perseveraret
2745 987 2870 1038 dum
2911 1000 3016 1038 nos
3055 1000 3317 1053 superve-

1752 1077 1909 1131 nicus
1940 1079 2182 1132 caedendi
2234 1079 2394 1132 ﬁnem
2426 1079 2651 1141 faceret,
2697 1079 2744 1132 is
2775 1087 2834 1132 ιιι
2862 1076 3210 1132 exsecrabilis
3240 1076 3319 1128 fo-

1753 1178 1835 1223 ret
1884 1186 1947 1225 ac
1999 1171 2134 1226 diris
2167 1173 2548 1227 devoveretur.
2585 1174 2708 1227 llzcc
2757 1173 2954 1228 Saulus
2995 1188 3114 1225 cum
3147 1174 3320 1240 prolo-

1752 1271 1914 1315 cutus
1971 1261 2198 1325 fuisset,
2265 1264 2403 1318 forte
2448 1264 2648 1318 3Cl'ldlf.
2708 1274 2765 1318 ut
2813 1265 3074 1318 militibus
3127 1265 3316 1318 silvam

1751 1351 2038 1420 quamdam
2100 1353 2396 1423 ingressis,
2454 1372 2574 1422 quae
2636 1356 2831 1410 referta
2887 1365 3032 1411 esset
3087 1358 3318 1424 a,ibus,

1752 1442 1898 1496 Sauli
1935 1442 2077 1498 ﬁlius
2107 1447 2491 1501 exsecratione
2529 1457 2754 1516 paterna
2785 1465 2893 1500 non
2925 1449 3105 1502 audita
3137 1450 3318 1502 favmu

1754 1531 1932 1585 mellis
1955 1533 2203 1587 avulsum
2253 1535 2584 1589 comcderet.
2627 1534 2872 1604 Cumque
2905 1537 3162 1605 deinceps
3205 1553 3318 1588 rem

1755 1624 1830 1676 uti
1867 1633 2019 1694 gesta
2049 1624 2243 1680 fuisset
2269 1627 2669 1689 intellexisset,
2713 1629 2851 1681 male
2883 1629 3082 1681 factum
3110 1643 3137 1680 a
3166 1636 3322 1695 patre

1753 1715 1992 1775 dicebat,
2028 1718 2120 1785 qui
2163 1718 2264 1772 hac
2310 1718 2603 1773 devotione
2644 1720 2849 1774 milites
2883 1719 3262 1774 obstrinxisset
3304 1739 3317 1772 :

119 1808 248 1870 αὖθις
285 1811 484 1875 γνῶναι
515 1812 564 1862 εί
597 1788 1036 1875 δίδωσιν-αὐτοῖς
1065 1815 1092 1866 6
1121 1814 1252 1876 Θεὶς
1399 1788 1461 1867 τὸ
1487 1831 1650 1884 στρα-

1765 1807 1833 1861 sic
1863 1807 2008 1861 enim
2055 1819 2428 1878 comparatum
2467 1825 2587 1864 csse
2636 1821 2696 1864 ut
2742 1812 2925 1864 animo
2978 1813 3103 1880 quis
3138 1810 3321 1863 fortis—

119 1900 315 1952 τόπεδον
348 1901 458 1954 τ’ῶν
482 1902 696 1971 ἐχθρῶν
725 1903 899 1956 ἐλθεῖν
946 1907 1040 1958 καὶ
1075 1905 1385 1974 διαφθεῖραι
1427 1905 1648 1969 αὐτούς.

123 1989 353 2052 Εἰπόντος
392 1990 449 2042 δὲ
490 1991 584 2043 τοῦ
637 1993 944 2061 ἀρχιερέως
999 1995 1074 2062 μὴ
1124 1995 1521 2063 ἀποκρίνεσθαι
1560 1996 1652 2049 τδν

121 2079 252 2142 Θεὸν,
285 2082 312 2133 6
341 2081 515 2133 Σαοὺλ
553 2082 657 2150 ἔφη
700 2083 774 2152 μὴ
795 2084 924 2136 ἄνευ
965 2085 1143 2146 αἰτίας
1173 2085 1332 2138 τοῦτο
1359 2086 1604 2154 γίνεσθαι
1635 2102 1650 2117 ’

122 2171 218 2222 ἀλλ’
261 2171 368 2225 ἔστι
391 2188 446 2224 τι
472 2173 731 2226 λανθάνον
762 2173 818 2240 ἐξ
853 2175 1012 2244 ἡμῶν
1056 2176 1361 2246 ἁμάρτημα
1409 2180 1507 2247 τῆς
1556 2179 1653 2232 τοῦ

123 2264 234 2316 Θεοῦ
287 2268 496 2336 σιωπῆς
566 2266 764 2334 αἴτιον,
824 2269 918 2323 καὶ
967 2271 1194 2340 ὄμνυμι,
1234 2274 1339 2325 κᾶν
1385 2275 1411 2325 6
1465 2278 1594 2338 παῖς
1626 2278 1654 2328 6

123 2357 232 2423 ἐμὸς
265 2357 516 2411 Ὶωνάθαν
546 2359 634 2428 εἴη
664 2363 690 2412 6
729 2359 1142 2431 τὸ’ἁμάρτημα
1189 2363 1349 2416 τοῦτο
1400 2367 1652 2434 ποιήσας,

126 2439 621 2503 ἀποκτείνεινᾞὺτδν
653 2452 743 2504 καὶ
775 2452 864 2504 τὸν
892 2455 1028 2505 θεὸν
1076 2453 1248 2517 οὕτως
1303 2455 1651 2510 ίλεώσασθαι.

127 2540 295 2592 ιιὲπτει
319 2538 410 2594 οὖν
435 2543 462 2594 6
494 2543 698 2610 κλῆρος
721 2545 814 2596 ἐπὶ
845 2544 935 2597 τὸν
977 2545 1255 2607 ’1ωνάθαν,
1288 2549 1382 2598 καὶ
1413 2547 1507 2599 τοῦ
1545 2565 1651 2598 πα-

124 2630 230 2698 τρὸς
252 2633 559 2700 ἐρωτῶντος
586 2635 749 2686 αὐτον
779 2635 829 2686 τί
864 2652 919 2687 τε
967 2636 1237 2704 πεποίηκε
1269 2637 1364 2689 καὶ
1393 2639 1539 2699 ὅπως
1577 2639 1655 2701 είς

124 2722 234 2775 Θεὸν
258 2724 547 2794 ἐξήμαρτε,
581 2727 746 2794 μηδὲν
771 2726 958 2795 ἕτερον
1005 2727 1192 2794 ἔλεγεν
1240 2731 1470 2783 συνιδεῖν
1503 2731 1658 2802 ἦμέ-

124 2809 244 2875 λιτος
292 2814 412 2882 χθὲς
444 2813 877 2881 ἀπογεύσασθαι,
911 2815 1010 2885 τὴν
1068 2817 1205 2884 ἀρὰν
1263 2819 1495 2886 ἀγνοῶν.
1534 2823 1651 2872 Διο-

130 2903 326 2970 μνύεται
364 2904 454 2960 οὖν
481 2907 507 2957 6
538 2906 710 2957 Σαοὺλ
743 2907 1052 2960 ἀποκτεῖναι
1095 2909 1281 2962 αὐτόν.
1339 2912 1451 2963 Οὐκ
1503 2913 1654 2964 ἀνθί-

128 3010 294 3047 σταται
350 2998 376 3049 6
421 3001 572 3060 παῖς,
628 2998 698 3050 τὰ
740 2998 836 3050 τοῦ
893 2999 1060 3068 ὅρκου
1122 3000 1297 3068 βιάζει
1363 3003 1652 3071 προϐῆναι.

1753 1902 1894 1955 simo
1926 1900 2143 1955 invadat
2163 1901 2564 1964 adversarium,
2600 1900 2691 1954 ubi
2719 1901 3124 1965 cibumnactus
3147 1909 3321 1953 seuzet

1753 1993 2155 2063 aliquantulum
2188 1994 2473 2047 recrearit.
2507 1993 2703 2047 Saulus
2735 1993 2956 2047 victoria
2992 1992 3150 2062 174,
3179 1992 3320 2060 poti-

1757 2094 1843 2138 tus
1871 2125 1884 2147 ,
1922 2099 2044 2139 cum
2068 2101 2179 2139 rem
2207 2100 2416 2139 sacram
2446 2085 2556 2138 Deo
2581 2084 2818 2147 fecisset,
2857 2081 3051 2137 iterum
3079 2083 3318 2152 pontiﬁci

1755 2177 1977 2230 mandat
2007 2187 2063 2230 ut
2090 2176 2256 2230 Deum
2288 2177 2632 2242 consuleret,
2658 2192 2787 2229 nmn
2821 2174 3051 2228 feliciter
3081 2175 3317 2228 hostium

1755 2278 1933 2324 castra
1967 2269 2213 2323 invasuri
2252 2279 2439 2323 essent
2477 2278 2528 2322 et
2567 2269 2773 2323 cladem
2815 2271 2894 2322 eis
2940 2267 3160 2321 illaturi.
3211 2265 3320 2318 Re-

1755 2361 2057 2430 spondenle
2090 2361 2345 2429 pontiﬁce
2365 2361 2608 2415 divinum
2637 2362 2917 2413 oraculum
2944 2361 3121 2420 silere,
3153 2378 3170 2409 ι
3204 2358 3318 2409 Non

1758 2456 1881 2519 hoc,
1908 2455 1983 2508 ait
2017 2453 2232 2517 Saulus,
2261 2455 2466 2520 absque
2496 2464 2644 2508 certa
2673 2468 2832 2507 causa
2869 2452 2947 2511 ﬁt,
2981 2454 3071 2505 sed
3099 2465 3322 2503 necesse

1755 2549 1838 2592 est
1893 2539 2110 2606 aliquod
2172 2539 2442 2593 occultum
2517 2554 2637 2593 esse
2705 2539 2959 2592 delictum
3022 2548 3267 2592 nostrmn
3305 2577 3319 2600 ,

1757 2631 1912 2699 cujus
1941 2632 2110 2698 gratia
2137 2631 2296 2684 nobis
2331 2631 2471 2684 Deus
2516 2630 2658 2685 haud
2691 2631 3035 2699 respondeat.
3063 2629 3320 2698 Equidem

1758 2733 2102 2776 sacramento
2130 2723 2393 2775 conﬁrmo
2427 2738 2511 2776 me
2546 2761 2561 2785 ,
2609 2723 2652 2776 si
2715 2723 2791 2775 vel
2849 2708 3123 2776 Jonatbau
3182 2721 3324 2774 ﬁlius

1759 2830 1914 2868 meus
1949 2815 2109 2884 hujus
2154 2816 2359 2884 peccati
2402 2815 2473 2870 sit
2501 2825 2712 2880 auctor,
2749 2815 2973 2869 omnino
3003 2831 3124 2867 cum
3159 2815 3326 2869 intr-r-

1757 2905 2051 2971 fecturum,
2104 2917 2266 2975 atque
2323 2909 2421 2961 hac
2453 2908 2662 2961 ratione
2698 2907 2866 2962 Deum
2897 2908 3256 2976 placatorum.
3296 2925 3311 2956 ι

1761 2995 1870 3050 lloe
1921 2997 2080 3056 modo
2114 2997 2312 3050 factum
2348 3007 2404 3050 ut
2472 3011 2590 3050 sors
2637 2996 2797 3050 ducta
2857 2997 2908 3048 in
2949 2996 3316 3049 Jonatham-m

135 3082 274 3136 Ἀ),λᾶ
322 3085 378 3137 τὸ
432 3085 638 3155 πλῆθος
693 3087 872 3154 ἀλγεῖ,
929 3089 1026 3141 καὶ
1087 3090 1178 3142 τὸν
1223 3091 1477 3145 Ἰωνάθαν
1511 3095 1654 3158 ἐξαι-

1765 3087 2027 3150 raderet;
2088 3103 2322 3154 cumque
2369 3086 2536 3157 ﬁlium
2579 3098 2734 3155 pater
2792 3087 3156 3153 intermgaret
3197 3086 3326 3153 quid

131 3178 205 3238 ρεί
250 3176 341 3244 τῆς
400 3179 580 3248 χειρὸς
646 3180 842 3244 Σαοὺλ,
897 3182 990 3233 καὶ
1069 3181 1302 3234 ίκετεύει
1347 3182 1436 3234 τὸν
1497 3184 1648 3250 Θεὸν,

87 3264 250 3318 υᾶεον
311 3269 396 3322 ἐπὶ
454 3269 631 3340 τούτῳ
698 3273 865 3326 ποιεῖ.
926 3272 1032 3325 Καὶ
1093 3273 1217 3340 περὶ
1289 3273 1385 3340 μὲν
1451 3274 1654 3327 τούτων

126 3355 294 3414 οὕτως.

126 3455 636 3521 cjusexsecrationis
703 3475 807 3528 qua
863 3459 1127 3529 populum
1188 3470 1343 3530 pater
1412 3460 1810 3515 obstrinxisset.

1761 3179 2026 3232 facinoris
2054 3180 2394 3246 (lcsiguasset
2418 3194 2594 3246 quave
2628 3194 2684 3231 re
2718 3178 2770 3231 in
2794 3179 2960 3230 Deum
2991 3178 3326 3246 deliquisset,

1761 3272 1969 3325 nullius
2005 3271 2095 3332 ille
2138 3286 2195 3324 se
2253 3252 2530 3324 conscium
2557 3272 2672 3342 sibi
2710 3286 2826 3323 esse
2863 3270 2985 3322 facti
3031 3268 3326 3338 respondet

1764 3381 1926 3432 quam
1969 3365 2112 3432 quod
2151 3367 2408 3417 hesterno
2435 3363 2521 3416 die
2558 3363 2660 3416 mel
2695 3363 3056 3432 degustasset,
3107 3361 3326 3428 ignarus

1886 3461 2000 3514 lloc
2043 3461 2230 3514 audito
2261 3460 2456 3514 Saulus
2488 3476 2610 3513 cum
2653 3476 2709 3514 se
2767 3470 3082 3512 necaturum
3138 3459 3323 3525 jurat,

127 3565 335 3618 cumque
387 3553 522 3604 nihil
591 3553 915 3607 adversante
964 3553 1078 3607 ﬁlio
1128 3569 1346 3622 prorsus
1418 3555 1732 3623 juramcnto
1772 3553 2150 3608 satisfacturus
2205 3562 2384 3616 esset,
2421 3554 2677 3606 misertus
2727 3552 3049 3607 Jonalbanis
3097 3553 3328 3621 populus

127 3655 236 3694 eum
271 3643 331 3696 de
356 3641 498 3696 Sauli
567 3645 730 3698 manu
802 3645 996 3698 liberat
1054 3645 1334 3713 Deumque
1375 3644 1732 3714 supplicando
1773 3645 1965 3713 placat.
2030 3643 2095 3696 Et
2143 3644 2252 3698 haec
2292 3645 2506 3712 quidem
2566 3644 2620 3696 in
2677 3644 2820 3696 hunc
2858 3645 3070 3696 modum
3114 3653 3327 3697 narrata

129 3744 292 3787 sunto.

191 3827 361 3879 Εἱπεῖν
410 3828 466 3882 δὲ
503 3829 595 3880 τὸν
644 3827 778 3880 Θεὸν
810 3827 995 3896 ἔλεγεν
1025 3830 1052 3881 6
1107 3829 1356 3899 Σαμουὴλ
1410 3829 1483 3891 ὼς
1539 3830 1662 3882 ἐπεὶ

130 3916 281 3968 πολλὰ
325 3921 461 3977 κακᾶ
491 3921 620 3981 τοὺς
674 3919 963 3989 Ἐϐραίους
997 3922 1047 3973 οἱ
1097 3921 1458 3989 Ἀμαληκῖται
1521 3920 1663 3971 κατὰ

128 4028 185 4077 γε
206 4012 291 4082 τὴν
316 4014 516 4083 ἔρημον
552 4009 839 4082 διέθηκαν,
883 4012 1046 4085 ἡνίκα
1085 4012 1184 4080 τῆς
1213 4012 1489 4077 Αἰγύπτου
1547 4008 1664 4072 ἐξε-

130 4103 414 4171 πορεύοντο,
449 4105 697 4157 κελεύειν
736 4105 962 4176 πολέμῳ
1000 4102 1425 4176 τιμωρήσασθαι
1465 4102 1662 4164 αὐτοὺς

129 4192 208 4244 τὸν
231 4193 387 4248 Σαοὺλ
427 4197 521 4249 καὶ
550 4197 778 4265 μηδενὸς
804 4197 984 4251 αὐτῶν
1015 4196 1336 4264 φείσασθαι.
1381 4197 1528 4265 Νικᾷ
1553 4191 1661 4247 τοι·

134 4301 214 4335 νυν
247 4287 432 4349 αὐτοὺς
464 4289 605 4340 κατᾶ
640 4287 863 4357 κράτος,
918 4289 1188 4357 λαμϐάνει
1242 4289 1298 4341 δὲ
1355 4289 1446 4341 τὸν
1479 4286 1658 4341 αὐτῶν

134 4375 327 4436 βασιλέα
368 4378 538 4445 Ἀγὰτ
568 4379 939 4447 αἰχμάλωτον,
989 4375 1050 4433 οὗ
1106 4379 1393 4449 θαυμάσας
1431 4379 1489 4432 τὸ
1529 4381 1664 4432 κάλ-

131 4463 206 4527 ὶος
263 4470 350 4521 καὶ
394 4471 452 4523 τὺ
519 4471 749 4540 μέγεοος
802 4470 897 4523 τοῦ
952 4471 1226 4539 σώματος,
1271 4472 1345 4534 ὠς
1400 4469 1664 4541 Ἰώσηπός

134 4571 262 4623 φησι,
293 4559 556 4628 σωτηρίας
589 4560 738 4623 ἄξιον
774 4559 982 4629 ἔκρινε.
1017 4561 1124 4611 Καὶ
1154 4560 1346 4622 θυσίας
1399 4560 1505 4612 ἀπὸ
1557 4560 1664 4611 τῶν

132 4645 361 4718 λαφύρων
393 4653 618 4705 ἐκείνων
675 4653 944 4719 ἀνήνεγκε
999 4651 1074 4720 τῷ
1123 4649 1261 4718 Θεῷ.
1301 4651 1418 4718 ἰζ-ρ’
1479 4644 1521 4718 ᾧ
1570 4654 1663 4705 καὶ

134 4739 250 4804 πρὸς
298 4743 385 4795 τον
429 4741 685 4812 Σαμουὴλ
723 4741 825 4812 ἔφη
860 4743 888 4794 6
919 4744 1085 4803 Θεός’
1127 4760 1145 4792 ι
1185 4741 1666 4810 Μεταμεμέλημαι

134 4829 203 4880 ὅτι
226 4831 405 4902 ἐχρισα
434 4835 524 4886 τὸν
551 4833 723 4887 Σαοὺλ
751 4836 831 4898 είς
861 4832 1113 4902 βασιλέα,
1147 4833 1300 4899 κάγὼ
1331 4833 1668 4898 ὲξουδένωκα

139 4920 280 4972 αὐτὴν
307 4924 394 4976 τοῦ
433 4924 506 4994 μὴ
540 4925 850 4992 βασιλεύειν
896 4928 954 4977 ὲν
1015 4923 1255 4994 Ἰσραήλ.
1297 4942 1315 4974 ι
1380 4923 1542 4977 Ὅθεν
1577 4925 1672 4976 καὶ

139 5013 254 5077 πρὸς
271 5016 357 5066 τὸν
391 5018 561 5069 Σαοὺλ
589 5017 766 5079 οὕτως
795 5017 979 5085 ἔλεγεν
1011 5018 1039 5068 6
1066 5015 1343 5084 Σαμουὴλ,
1377 5017 1538 5084 ἡνίκα
1582 5017 1672 5067 τὸν

149 5101 298 5172 ’Λγὰγ
351 5107 683 5176 ὲζωογόνησε
742 5108 852 5159 τῶν
951 5105 1334 5174 Ἀμαληκιτῶν
1421 5105 1670 5172 βασιλέα,

146 5209 161 5239 ι
194 5193 572 5264 Μεματαίωσαι
609 5202 694 5260 σὺ,
748 5199 830 5250 ὅτι
886 5198 984 5249 οὐκ
1007 5195 1279 5264 ἐφύλαξας
1325 5196 1425 5266 τὴν
1451 5197 1671 5264 ἐντολὴν

139 5283 199 5348 ἣν
232 5287 520 5343 ἐνετείλατό
549 5307 630 5342 σοι
663 5291 692 5342 6
717 5290 943 5360 Κύριος.
981 5290 1144 5342 Ὅθεν
1175 5291 1268 5342 καὶ
1295 5290 1355 5342 ού
1413 5291 1672 5358 στήσεταί

141 5375 262 5444 σοιὴ
301 5378 553 5446 βασιλεία,
582 5384 674 5433 καὶ
705 5381 927 5449 ζητήσει
963 5381 1164 5450 Κύριος
1221 5381 1508 5450 ἄνθρωπον
1532 5381 1672 5433 κατὰ

144 5467 345 5532 καρδίαν
375 5471 534 5524 αὐτοῦ
578 5473 656 5534 είς
683 5474 914 5542 ἄρχοντα
946 5474 1042 5524 ἐπὶ
1087 5474 1180 5526 τὸν
1230 5472 1357 5524 λαὸν
1413 5472 1602 5526 αὐτοῦ.
1647 5491 1667 5523 ι

147 5553 272 5625 Πρὸς
297 5563 493 5628 τούτοις
522 5565 579 5617 δὲ
608 5569 699 5618 καὶ
723 5567 848 5620 τάδε
882 5567 1019 5638 πρὸς
1050 5567 1210 5620 αὐτὸν
1246 5565 1452 5633 ἔλεγεν,
1507 5564 1672 5633 ἡνίκα

210 5713 251 5745 ⁸³
292 5717 464 5791 lllcg.
493 5725 710 5790 “v.24.
790 5725 881 5778 "l
916 5723 1045 5792 Reg.
1083 5742 1169 5792 xv,
1208 5725 1292 5778 ll.

1832 3834 1968 3880 bum
2003 3836 2183 3878 autem
2221 3825 2419 3878 Saulus
2443 3826 2762 3894 prmcepisse
2797 3825 2898 3878 sibi
2937 3828 3099 3878 l‘eum
3126 3826 3330 3880 diceret

1762 3928 1818 3970 ut
1852 3916 2070 3986 quando
2100 3916 2410 3970 Amalec-itm
2451 3917 2501 3970 in
2529 3917 2749 3970 deserto
2805 3917 3085 3970 lsraelicos
3128 3920 3326 3972 misere

1763 4018 2089 4063 tractassent
2121 4049 2136 4072 ,
2192 4025 2256 4062 ex
2325 4008 2552 4080 Egypto
2585 4010 2635 4062 id
2676 4019 2836 4078 templ
2865 4010 2936 4062 ris
2989 4010 3282 4080 migrantes
3309 4051 3325 4071 ,

1761 4100 1876 4169 ipse
1926 4101 2068 4154 bello
2120 4101 2417 4155 sceleratos
2455 4101 2703 4155 lton‘iines
2742 4102 2960 4171 puniret
2987 4119 3049 4155 ac
3105 4105 3328 4156 munitm

1771 4208 1958 4246 eorum
1995 4193 2200 4247 nemini
2237 4206 2501 4263 parceret,
2531 4196 2910 4265 obtemperans
2954 4198 3210 4252 mandato
3245 4196 3331 4253 dio

1775 4289 1901 4343 vino
1930 4287 2100 4344 vineit
2131 4303 2225 4346 eos
2271 4289 2406 4355 acie,
2451 4305 2740 4360 regemque
2778 4290 3013 4361 Agagum
3059 4293 3329 4359 captivum

1770 4381 2008 4436 abducit.
2047 4380 2243 4435 Verum
2270 4383 2726 4452 pulchritudinem
2755 4382 2873 4449 eius
2917 4384 3330 4450 proceritatem-

1772 4487 1877 4542 que
1904 4473 2148 4540 corporis
2186 4473 2521 4537 admiratus,
2565 4473 3022 4542 quemadmodum
3080 4483 3132 4528 et
3175 4473 3333 4530 lose-

1773 4565 1910 4631 phus
1941 4564 2216 4617 meritoria:
2248 4563 2506 4633 prodidit,
2542 4564 2820 4617 hominem
2871 4563 3094 4634 dignum
3125 4565 3334 4633 judicat

1767 4655 1924 4725 cujus
1983 4655 2145 4710 Saluti
2191 4657 2423 4724 vitaeque
2473 4665 2745 4725 parcatur.
2792 4655 2962 4708 Simul
3017 4657 3083 4708 de
3146 4657 3333 4724 spoliis

1767 4746 2194 4799 Amalecitarum
2230 4745 2339 4798 Deo
2369 4744 2616 4800 victimas
2647 4745 2824 4798 oﬁ'ert.
2857 4745 2990 4796 Tum
3033 4759 3158 4798 \ero
3193 4747 3335 4801 Deus

1769 4837 1854 4890 his
1895 4838 2078 4891 verbis
2116 4837 2431 4891 Samuelum
2485 4835 2813 4904 cowpcllare
2847 4852 2859 4887 :
2911 4855 2926 4886 ι
2965 4835 3198 4890 Ρωιιίιρι
3251 4855 3336 4889 me

1771 4931 1920 4983 Sauli
1957 4931 2098 5000 regis
2136 4929 2501 4983 lsraelitarurn
2536 4930 2702 4982 creati
2743 4921 2769 4983 ς’
2794 4940 3126 4998 quapropter
3157 4930 3332 4984 homi-

1771 5036 1896 5074 nem
1935 5020 2216 5091 indignum
2247 5036 2368 5073 esse
2415 5022 2579 5074 statui
2616 5019 2702 5086 qui
2742 5035 2864 5073 eum
2899 5020 3130 5088 imperio
3160 5020 3335 5074 Israc—

1771 5111 1879 5166 litis
1925 5114 2109 5180 praesit
2145 5112 2213 5165 ⁸⁵.
2258 5131 2276 5162 ›
2325 5111 2401 5165 Ea
2453 5111 2519 5164 de
2559 5125 2722 5164 causa
2779 5109 3019 5163 vicissim
3052 5110 3337 5164 Samuelus

1777 5203 1848 5256 ita
1887 5203 2107 5256 Saulqu
2138 5203 2335 5270 alloqui
2363 5219 2377 5256 :
2416 5220 2431 5252 ι
2468 5200 2915 5270 Quandoquidem
2947 5199 3181 5269 Agagum
3211 5215 3311 5251 con

1777 5295 2030 5358 servasti,
2064 5294 2278 5363 gessisti
2318 5303 2370 5346 te
2410 5294 2716 5356 dementer,
2753 5309 2854 5344 non
2892 5291 3193 5358 prmstaudo
3221 5285 3356 5357 cdi-q

1777 5395 1866 5437 (to
1919 5402 2026 5454 quo
2087 5395 2138 5438 te
2198 5385 2457 5438 Dominus
2496 5383 2808 5436 obstrinxit.
2863 5380 3066 5433 Idcirco
3114 5394 3332 5446 l‘t‘gmmt

1779 5489 1947 5542 penes
1979 5485 2030 5527 te
2062 5491 2168 5527 non
2212 5475 2474 5538 manebit,
2523 5473 2614 5528 sed
2655 5472 2924 5526 hominem
2967 5469 3162 5536 deliget
3200 5469 3254 5518 Ηι
3275 5481 3337 5518 us

1777 5565 1961 5620 animo
2004 5581 2102 5619 suo
2145 5575 2380 5636 gratum,
2419 5565 2508 5634 qui
2549 5565 2747 5635 p0pulo
2781 5577 2878 5614 suo
2917 5571 3037 5613 cum
3073 5565 3337 5626 potestate
