3794 6226
458 261 562 329 335
952 260 981 287 λ

1738 266 2010 333 ΜῘΟΗΛῈ

2115 272 2154 332 S
2192 272 2449 333 (ΠΧεῶ
3582 272 3670 335 336

456 383 661 455 pra-sit.
704 404 722 438 ι
755 383 918 441 Addit
948 394 1003 442 et
1033 384 1135 442 alia
1188 388 1371 454 verba,
1404 404 1527 444 cum
1575 388 1773 445 Saulus
1814 391 2010 446 sacriﬁ-

2123 391 2220 462 τὴν
2247 390 2437 445 θυσίαν
2464 389 2683 463 ἔφερεν.
2724 411 2742 444 ι
2782 393 2858 448 Οὐ
2881 392 3023 463 θέλει
3059 393 3263 463 Κύριος
3297 392 3670 455 ὁλοκαυτώσεις

458 481 601 531 ciunt
640 496 797 532 suurn
824 480 1048 534 ollerre:
1075 499 1086 534 :
1115 499 1132 533 ι
1170 481 1281 536 Deo
1312 497 1425 535 non
1467 490 1570 536 tarn
1595 483 1810 552 placent
1835 484 2020 538 hostiae

456 584 519 622 ac
546 571 812 625 sacriﬁcia
863 588 1022 639 quam
1061 573 1103 627 si
1131 574 1252 639 quis
1287 574 1405 642 ejus
1435 576 1688 631 mandato
1718 576 1787 632 sit
1812 577 2021 631 obtem-

456 658 677 725 perans.
715 664 880 717 Certe
927 663 1189 717 Dmninus
1232 665 1451 735 abrupit
1474 684 1501 719 a
1534 677 1584 720 te
1615 667 1770 722 hodie
1793 682 2018 737 regnum

458 750 824 809 Israelitarum
853 792 869 816 ,
928 756 1094 826 idque
1147 758 1302 812 alteri
1341 767 1390 812 te
1425 758 1638 812 meliori
1668 759 1843 812 tradet
1874 757 1942 813 ⁸⁸.
1996 776 2015 809 ι

459 844 597 899 llinc
627 846 795 900 etiam
829 847 1031 901 factum
1064 856 1122 902 ut
1156 864 1280 903 cum
1311 864 1641 919 magnopere
1675 849 1824 904 Sauli
1857 864 2019 903 causa

456 947 609 988 tatus
639 938 731 990 hic
765 938 1029 993 sollicitus
1060 951 1225 1002 esset,
1265 938 1755 994 Dorninusdiccret
1799 956 1813 993 :
1855 959 1873 991 ι
1922 938 2021 991 De-

456 1028 575 1095 sine
618 1030 803 1100 lugere
833 1029 1086 1095 Saulum,
1115 1043 1449 1101 acceptoque
1480 1032 1603 1086 oleo
1651 1047 1809 1086 sacro
1860 1031 2021 1087 Beth-

455 1119 723 1181 lelremam
764 1119 1114 1177 adJessazum
1149 1124 1516 1193 proﬁciscere,
1548 1124 1722 1192 deque
1751 1122 1873 1176 ﬁliis
1902 1122 2021 1190 ejus

457 1222 623 1265 unum
672 1212 829 1283 175
887 1214 939 1266 in
990 1230 1215 1284 regnum
1266 1215 1455 1283 ttngito
1499 1211 1566 1268 ⁸⁷.
1625 1234 1642 1265 ι
1678 1214 2021 1285 Quapropter

453 1312 521 1355 eo
551 1299 836 1356 Sarnueltts
867 1316 927 1356 se
973 1303 1224 1367 confert;
1260 1303 1621 1371 omnibusque
1647 1304 1861 1357 (δίεισι-τε
1904 1301 2023 1357 Jes—

456 1391 546 1444 sati
586 1391 706 1443 ﬁliis
739 1392 955 1460 rejectis
979 1433 993 1452 ,
1034 1400 1087 1444 ut
1118 1393 1167 1444 in
1195 1391 1390 1459 quibus
1421 1392 1598 1445 oleum
1650 1407 1861 1445 sacrum
1912 1406 2019 1445 non

455 1491 754 1545 emanaret,
792 1484 1011 1537 tandem
1046 1493 1175 1537 natu
1210 1483 1467 1537 minimus
1501 1483 1742 1537 omnium
1788 1482 2021 1537 Davides

456 1575 692 1643 ungitur.
727 1570 800 1629 Ea
833 1575 899 1628 de
948 1590 1112 1629 causa
1162 1576 1419 1645 deinceps
1468 1575 1559 1630 ille
1586 1574 1849 1646 Spiritum
1878 1576 2019 1645 apud

452 1680 512 1719 se
539 1676 786 1720 sanctum
820 1666 1076 1731 habebat,
1113 1682 1237 1721 cum
1285 1684 1315 1722 e
1354 1667 1571 1721 diverso
1604 1667 1774 1721 malus
1796 1665 2021 1736 Spiritus

450 1756 674 1811 Saulum
712 1758 1018 1812 invaderet.
1044 1756 1270 1823 Quoties
1310 1769 1489 1814 autem
1526 1758 1615 1812 ille
1644 1758 1867 1812 Saulum
1898 1773 2023 1813 cor-

448 1851 673 1919 riperet,
712 1850 930 1906 aiebant
970 1851 1169 1905 medici
1193 1890 1208 1912 .
1259 1851 1719 1921 quernadmoduru
1750 1851 2020 1919 Iosephus

450 1949 659 2005 narrat,
697 1940 814 1997 ﬁeri
848 1943 1009 1997 aliter
1048 1959 1153 1997 non
1189 1959 1348 2014 posse
1375 1954 1436 1999 ut
1466 1942 1665 1998 malum
1699 1944 1842 1999 istud
1884 1959 2020 1998 con-

448 2036 743 2105 sopiretur,
776 2052 937 2106 quam
972 2036 1204 2106 alicujus
1228 2052 1391 2107 opera
1425 2037 1517 2106 qui
1548 2037 1746 2091 ﬁdibus
1775 2035 2015 2091 caneret.

448 2126 638 2197 itaque
668 2128 805 2183 facta
839 2129 1299 2200 pervestigatione
1344 2131 1531 2199 ecquis
1560 2129 1759 2184 alicubi
1805 2129 2016 2199 peritus

448 2220 569 2285 ejus
615 2219 750 2274 artis
774 2230 953 2285 esset,
983 2221 1215 2277 Davides
1259 2220 1568 2286 adducitur,
1618 2236 1779 2292 quem
1818 2220 2017 2274 Saulus

449 2311 777 2378 armigerum
825 2325 982 2365 suum
1016 2321 1166 2366 creat
1195 2322 1250 2367 et
1301 2311 1572 2367 honorato
1609 2312 1730 2366 loco
1763 2326 1931 2383 penes
1957 2326 2015 2366 se

446 2403 667 2455 retinet.
704 2403 794 2456 Sic
822 2402 1099 2469 Josephus
1133 2420 1243 2458 rem
1270 2414 1471 2475 gestam
1498 2412 1910 2458 commemorat.
1940 2404 2017 2457 Ac

2126 486 2220 536 καὶ
2252 484 2445 545 θυσίας
2478 485 2554 547 ὡς
2587 485 2648 537 τὸ
2678 484 2908 538 ἀκοῦσαι
2941 484 3041 553 τῆς
3069 480 3256 555 φωνῆς
3311 481 3507 547 αὑτοῦ,
3541 501 3559 534 ι
3590 485 3671 537 καὶ

2121 573 2276 637 αὖθις
2303 592 2349 626 'r
2385 574 2647 647 Διὲρῤηξε
2684 575 2883 645 Κύριος
2917 576 3015 645 τὴν
3050 574 3329 642 βασιλείαν
3382 574 3595 642 Ἰσραὴλ
3619 576 3673 626 ἐκ

2121 665 2304 734 χειρός
2338 682 2433 718 σου
2472 667 2739 735 σήμερον,
2771 667 2867 719 καὶ
2895 666 3057 719 δώσει
3105 667 3277 736 αὐτὴν
3326 664 3404 734 τῷ
3461 666 3671 731 πλησίον

2124 773 2217 809 σου
2269 756 2348 827 τῷ
2397 756 2591 825 ἀγαθῷ
2644 739 2780 827 ὑπὲρ
2841 758 2921 813 σέ.
2975 776 2995 808 ι
3036 757 3205 810 Ὅθεν
3252 756 3347 810 τοῦ
3403 759 3670 825 προφήτου

2122 844 2296 897 πολλὰ
2357 842 2737 914 φροντίζοντος
2786 845 2916 917 περὶ
2963 844 3058 897 τοῦ
3090 844 3284 909 Σαοὺλ,
3329 862 3348 895 ι
3405 843 3668 907 [Ia-30m,-

2121 935 2258 1006 πρὸς
2289 936 2452 989 αὐτὸν
2481 936 2584 1007 ἔφη
2616 938 2643 990 6
2673 936 2828 1000 Θεὸς,
2852 955 2871 988 ι
2901 937 2998 990 καὶ
3027 935 3208 989 λαῦὼν
3236 936 3296 987 τὸ
3326 936 3491 1002 ἅγιον
3509 934 3670 987 ἔλαιον

2121 1031 2201 1092 είς
2234 1027 2481 1097 Βηθλεὲμ
2515 1028 2718 1081 ἄπελθε
2769 1030 2903 1101 πρὸς
2941 1029 3163 1090 Ἰεσσαὶ,
3225 1028 3321 1080 καὶ
3365 1027 3557 1097 χρίσαι
3599 1027 3669 1089 εἰς
3694 1075 3709 1091 ,

2123 1119 2352 1192 βασιλέα
2409 1121 2506 1175 ἕνα
2528 1121 2637 1176 τῶν
2681 1122 2812 1174 υίῶν
2855 1119 3046 1176 αὑτοῦ.
3078 1139 3097 1174 ι
3134 1122 3400 1191 Ἔρχεται
3434 1117 3548 1181 οὖν,
3587 1120 3672 1172 καὶ

2120 1215 2341 1270 πάντων
2365 1214 2541 1269 ἀλλων
2576 1216 3131 1284 ἁποδοκιμασθέντων
3161 1215 3269 1270 τῶν
3301 1214 3439 1268 υἱῶν
3486 1213 3670 1267 Ἰεσσαὶ

2123 1304 2268 1377 (οὐδὲ
2307 1306 2417 1376 γὰρ
2443 1307 2522 1369 είς
2543 1305 2740 1370 αὐτοὺς
2767 1307 2828 1360 τὸ
2852 1303 3007 1372 ἅγιον
3052 1304 3276 1358 ἔϐλυσεν
3299 1303 3503 1372 ἔλαιον)
3537 1305 3668 1372 χρίε-

2121 1414 2212 1450 ται
2242 1397 2270 1449 6
2304 1399 2522 1450 πάντων
2562 1397 2791 1459 ὕστατος
2844 1397 3024 1452 Δαόίδ.
3081 1395 3196 1463 Ἐφ’
3227 1390 3271 1463 ᾧ
3314 1395 3413 1448 καὶ
3467 1394 3669 1462 Πνεῦμα

2123 1491 2279 1555 ἅγιον
2303 1490 2489 1541 ἔκτοτε
2518 1483 2586 1560 ἦν
2614 1490 2669 1541 ὲν
2703 1487 2874 1558 αὐτῷ,
2909 1489 3000 1541 τὸν
3045 1488 3103 1541 δὲ
3136 1487 3308 1540 Σαοὺλ
3342 1485 3562 1552 πνεῦμα
3588 1503 3669 1537 πο-

2122 1579 2287 1650 νηρὸν
2332 1582 2652 1650 ἐπέρχεται.
2713 1580 3051 1648 Πνιγομένου
3092 1580 3269 1633 τοίνυν
3308 1578 3481 1631 αὐτοῦ
3507 1577 3669 1645 ἔλεγον

2121 1672 2169 1725 oi
2217 1671 2412 1742 ἰατροὶ,
2456 1671 2601 1725 καθά
2630 1688 2797 1741 φησιν
2839 1670 3123 1742 Ἰώσηπος,
3159 1671 3242 1723 ὅτι
3275 1670 3350 1739 μὴ
3387 1669 3563 1732 ἄλλως
3616 1669 3667 1720 τὸ

2122 1764 2362 1817 τοιοῦτον
2400 1765 2818 1817 καταπαύσεται
2842 1762 3036 1827 πάθος,
3067 1763 3115 1815 εί
3176 1763 3252 1832 μή
3306 1779 3393 1824 τις
3435 1756 3544 1814 οἶδε
3592 1760 3667 1813 διὰ

2124 1854 2387 1921 κιννύρας
2422 1853 2589 1924 ᾄδειν.
2625 1840 2789 1906 Ὃθέν
2830 1854 2923 1906 καὶ
2952 1854 3206 1923 ζητηθεὶς
3268 1854 3322 1906 εί
3370 1870 3477 1905 που
3515 1852 3665 1905 τοιοῦ-

2121 1942 2212 1998 τός
2239 1945 2323 2007 τίς
2357 1946 2527 2006 ἐστιν.
2560 1946 2751 2014 ἄγεται
2773 1946 2800 1997 6
2820 1945 3004 1999 Δαϐίδ.
3041 1948 3192 1998 Ποιεῐ
3215 1936 3306 1997 οὗν
3338 1945 3502 1997 αὐτὸν
3525 1933 3665 1995 ὁπλοῖ

2124 2038 2311 2106 φόρον,
2348 2038 2443 2090 καὶ
2502 2037 2590 2091 διὰ
2633 2039 2798 2105 τιμῆς
2838 2036 2984 2104 ἄγει.
3040 2039 3148 2090 Kal.
3180 2038 3207 2089 6
3271 2037 3373 2104 μὲν
3429 2036 3665 2103 Ἰώσηπος

2120 2129 2316 2192 οὕτως.
2357 2128 2432 2182 Τὸ
2459 2128 2514 2181 δὲ
2545 2128 2820 2197 δαιμόνιον
2844 2128 2907 2180 τὸ
2959 2128 3262 2198 συμπνίγον
3308 2128 3401 2181 τὸν
3434 2127 3600 2181 Σαοὺλ
3634 2128 3662 2194 ἠ

2117 2221 2218 2290 μὲν
2242 2217 2334 2273 τοῦ
2359 2218 2525 2272 Δαόὶδ
2563 2218 2787 2290 κιννύρα
2827 2216 3127 2284 κατέπαυε,
3160 2218 3298 2289 πλὴν
3327 2218 3405 2281 ὡς
3438 2216 3514 2286 τῷ
3546 2234 3662 2270 παν·

2125 2309 2263 2380 αγίῳ
2303 2304 2582 2376 Πνεῦματι
2634 2310 2933 2380 κινουμένη
2959 2326 2975 2343 ·
3004 2308 3197 2363 τούτου
3233 2310 3344 2380 γὰρ
3393 2308 3661 2379 ὲπᾲδοντος

2118 2403 2298 2454 ἐκεῖνο
2330 2403 2421 2454 καὶ
2451 2396 2587 2455 ἆκον
2619 2400 2885 2471 ἡσύχαζε.

444 2506 638 2548 rerum
676 2494 892 2564 quidem
923 2506 1005 2551 est
1034 2497 1236 2551 malum
1270 2497 1433 2551 istum
1471 2498 1728 2567 genium,
1756 2497 1847 2566 qui
1914 2495 2137 2550 Saulum
2185 2495 2436 2560 vexabat,
2474 2495 2692 2551 Davidis
2754 2493 2962 2550 cithara
3026 2493 3274 2559 sedatum
3324 2491 3538 2549 'uisse:
3579 2488 3657 2547 sed

446 2582 519 2642 ita
548 2587 745 2641 factum
779 2589 882 2643 hoc
913 2596 1201 2655 statuatur,
1270 2590 1411 2659 quod
1477 2606 1538 2644 ea
1567 2590 1828 2643 nimirum
1876 2604 1906 2642 a
1948 2588 2155 2659 Spiritu
2195 2600 2415 2655 ,sancto
2483 2589 2692 2658 pulsata
2720 2587 2908 2643 fuerit.
2939 2585 3036 2642 Illo
3067 2601 3301 2657 namque
3338 2600 3560 2641 carmen
3579 2592 3655 2640 ac‘

442 2685 661 2736 c'nente
692 2681 862 2735 malus
885 2680 1075 2750 genius
1099 2682 1180 2734 vel
1210 2680 1381 2735 invite
1414 2681 1856 2750 conquiescebat.

516 2774 823 2831 Secundum
858 2777 972 2830 haec
1000 2776 1273 2830 Palaestini
1308 2777 1709 2845 ertpeditionem
1741 2777 2007 2830 adversus

441 2864 657 2921 Judazos
681 2866 1009 2937 suscipiunt,
1030 2867 1206 2937 deque
1228 2867 1421 2921 castris
1447 2867 1661 2922 illorum
1682 2866 1765 2920 vir
1788 2866 2005 2935 quidam

2189 2773 2345 2829 Μετὰ
2394 2768 2451 2825 δὲ
2510 2771 2684 2827 ταῦτα
2729 2774 2873 2828 κατὰ
2932 2769 3204 2828 Ἰουδαίων
3251 2770 3657 2843 ὲκστρατεύουσι

2116 2860 2486 2914 Παλαιστινοί.
2544 2859 2669 2929 ’Δφ’
2711 2857 2785 2916 ὧν
2841 2863 3115 2926 καταϐὰςο
3140 2862 3283 2933 ἀνήρ
3321 2880 3403 2926 τις
3464 2859 3650 2915 Γωλιᾶθ

447 2961 629 3026 prodit
670 2960 891 3015 nomine
938 2956 1260 3023 Goliathus,
1312 2960 1550 3030 ingentis
1616 2958 2007 3031 magnitudinis

2115 2948 2352 3019 τοῦνομα
2399 2950 2764 3021 παμμεγέθης
2815 2945 2904 3022 (ἦν
2941 2949 3051 3021 γὰρ
3117 2951 3337 3020 πήχεων
3395 2941 3656 3020 τεσσάρων

443 3054 581 3121 (erat
621 3053 762 3105 enim
817 3067 910 3105 sex
954 3053 1260 3106 cubitorum
1294 3061 1348 3106 et
1375 3053 1534 3106 unius
1567 3051 1892 3121 spithamaa),
1919 3051 2001 3104 in-

438 3147 602 3200 (intus
636 3160 828 3198 .tream
855 3145 1076 3200 loricam
1105 3144 1350 3214 quinque
1382 3144 1550 3197 millia
1581 3143 1840 3197 siclorum
1874 3158 2007 3211 pen-

437 3240 680 3306 dentem,
701 3239 857 3309 cujus
881 3237 1238 3307 magnitudini
1267 3246 1321 3290 et
1351 3217 1576 3304 ponderi
1605 3250 1754 3289 arma
1789 3249 2007 3304 quoque

438 3337 635 3383 cmtera
685 3326 1119 3397 respondebant.
1174 3325 1273 3379 llic
1317 3340 1447 3394 ergo
1491 3338 1680 3377 vocem
1714 3324 2005 3376 immanem

438 3422 597 3479 tollit.
642 3425 820 3488 deque
869 3418 1065 3473 castris
1112 3416 1491 3471 lsraelicoru‘m
1525 3415 1762 3483 aliquem
1791 3414 1857 3467 ad
1889 3413 2004 3467 sin-

441 3512 628 3581 gulare
662 3519 941 3564 certamen
977 3517 1258 3577 provocat.
1296 3506 1562 3561 Omnibus
1590 3515 1769 3560 autem
1799 3516 2008 3575 perter-

437 3603 560 3656 ritis
600 3601 827 3654 Davides
873 3601 941 3654 ad
983 3598 1207 3654 Saulum
1254 3598 1640 3662 introducitur,
1678 3597 1770 3665 qui
1824 3612 2005 3664 regem

439 3693 775 3756 consolatus,
814 3707 988 3761 eoque
1040 3691 1127 3744 vix
1182 3706 1465 3759 persuaso,
1523 3688 1666 3759 quod
1705 3705 1896 3760 parum
1947 3692 2002 3742 in

440 3786 666 3849 Davide,
691 3786 734 3839 si
767 3784 1139 3852 reSpiceretur
1168 3783 1339 3853 ipsius
1366 3794 1517 3848 tetas,
1550 3783 1759 3837 ﬁducia:
1800 3798 2008 3851 ponen-

436 3880 565 3934 tium
598 3879 955 3941 existimaret,
997 3876 1308 3931 Goliathum
1347 3875 1660 3955 aggreditur
1690 3875 2006 3929 lto;r~.inem-

435 3984 543 4041 que
571 3969 922 4035 fundzejactu
955 3967 1233 4022 interﬁcit.
1266 3966 1402 4021 Cum
1443 3975 1625 4020 autem
1657 3980 1725 4020 ex
1763 3980 1829 4019 eo
1872 3976 2007 4019 teni-

436 4078 571 4132 pore
600 4061 860 4115 mulieres
889 4061 944 4114 in
970 4061 1208 4114 carmine
1234 4058 1470 4129 quodam
1492 4066 1756 4113 canerent
1780 4058 2003 4112 Saulum

448 4150 670 4221 quidem
732 4149 882 4203 mille
932 4147 1249 4202 Palaestinos
1289 4146 1533 4213 fudisse,
1573 4146 1831 4202 Davidem
1876 4162 2007 4202 vero

440 4245 629 4297 decem
668 4240 863 4300 millia,
898 4256 1066 4311 regno
1113 4255 1216 4293 suo
1250 4250 1496 4294 metuere
1546 4239 1744 4294 Saulus
1790 4239 2002 4309 incipit,

2110 3044 2203 3095 καὶ
2237 3040 2566 3112 σπιθαμῆς),
2592 3042 2939 3111 ἐνδεδυμένος
2960 3041 3183 3111 θώρακα
3212 3041 3457 3110 σταθμὸν
3476 3042 3654 3109 ἄγοντα

2107 3133 2272 3186 πέντε
2312 3133 2560 3202 χιλιάδας
2615 3134 2814 3187 σίκλων
2848 3136 2943 3187 καὶ
2990 3138 3058 3187 τὰ
3095 3135 3261 3188 λοιπὰ
3313 3133 3457 3186 ὅπλα
3487 3132 3655 3187 ἀναλό-

2107 3243 2239 3293 γως.
2278 3227 2464 3296 φωνὴν
2520 3227 2764 3297 μεγάλην
2805 3227 3001 3297 ἀφίησι
3040 3229 3134 3280 καὶ
3172 3230 3502 3297 μονομαχεῖν
3544 3227 3654 3292 act}.

2105 3333 2209 3369 τει.
2240 3317 2347 3370 Καὶ
2373 3320 2590 3370 πάντων
2611 3317 2884 3385 ὲξαπορου
2895 3318 3073 3383 μένων
3110 3318 3396 3385 εἰσάγεται
3425 3319 3455 3369 6
3487 3313 3651 3374 Δαϐὶδ.

2107 3406 2203 3457 καὶ
2264 3405 2354 3458 τὸν
2403 3396 2576 3457 Σαοὺλ
2618 3406 3187 3476 παραμυθησάμενος.
3263 3404 3418 3474 μόλις
3475 3404 3529 3456 δὲ
3575 3401 3662 3456 καὶ

2106 3498 2302 3557 πείσας
2338 3496 2500 3547 αὑτὸν
2529 3494 2671 3567 (οὐδὲ
2697 3495 2806 3566 γὰρ
2832 3496 2859 3547 6
2908 3495 3081 3548 Σαοὺλ
3109 3495 3354 3566 ἐθάρρει,
3398 3496 3532 3563 πρὸς
3569 3495 3653 3560 τὴν

2106 3590 2201 3641 τοῦ
2233 3588 2397 3641 Δαϐὶδ
2439 3588 2651 3659 ἡλικίαν
2686 3586 2925 3659 ἀφορῶν)
2958 3588 3105 3657 ὁρμᾷ
3144 3590 3284 3641 κατὰ
3317 3586 3527 3640 meo
3569 3587 3650 3637 καὶ

2106 3678 2192 3733 διὰ
2225 3679 2517 3749 σφενδόνης
2550 3678 2713 3732 αὑτὸν
2739 3679 2973 3749 ἀναιρεῖ.
3021 3678 3249 3731 Ἔκτοτε
3302 3675 3398 3731 οὖν
3426 3678 3533 3730 τῶν
3570 3692 3652 3743 γυ-

2107 3772 2313 3825 ναικῶν
2344 3771 2617 3838 λεγουσῶν
2648 3771 2727 3825 ὅτι
2756 3771 2928 3823 Σαοὺλ
2960 3770 3059 3840 μὲν
3112 3770 3353 3839 χιλιάδας
3383 3771 3651 3823 Παλαιστι-

2106 3862 2214 3918 νῶν
2251 3861 2639 3931 κατηκόντισε,
2673 3862 2838 3915 Δαόὶδ
2868 3861 2923 3915 δὲ
2960 3862 3249 3932 μυριάδας.
3286 3866 3533 3915 πτοεῑται
3567 3862 3648 3913 καὶ

2106 3959 2187 4019 είς
2249 3956 2347 4026 τὴν
2396 3955 2560 4007 αὐτοῦ
2611 3954 2888 4024 βασιλείαν
2917 3956 2944 4008 ὁ
2972 3954 3143 4008 Σαούλ
3174 3970 3187 3983 ο
3217 3946 3367 4021 ὲφίἶι
3402 3955 3494 4007 καὶ
3538 3952 3649 4005 ὓπο-

2113 4063 2249 4100 πτυν
2277 4045 2423 4117 εἶχεν
2454 4047 2637 4100 ἔκτοτε
2665 4047 2753 4098 τὸν
2785 4044 2968 4111 Δασὶδ,
2993 4045 3087 4098 καὶ
3127 4045 3321 4114 φθόνον
3356 4045 3576 4116 ἔτρεφεν
3596 4044 3647 4095 οὐ

2111 4140 2329 4209 μικρόν.
2369 4138 2533 4192 Ὅθεν
2562 4138 2659 4191 καὶ
2696 4138 2779 4201 είς
2803 4135 3167 4217 ξκστρατείας
3197 4137 3362 4191 αὑτὸν
3404 4132 3647 4191 ἀπέστελτ

2107 4232 2198 4284 λεν
2229 4231 2305 4294 ὡς
2359 4230 2610 4283 ἐντεῦθεν
2663 4230 2741 4301 τῷ
2798 4230 3018 4300 πολέμῳ
3061 4230 3441 4299 ἀναιρεθῆναι.
3501 4229 3558 4282 '0
3601 4226 3648 4279 δὲ

436 4345 493 4387 et
520 4333 588 4385 ab
608 4347 675 4387 eo
700 4330 788 4385 die
820 4338 1137 4399 suspectum
1162 4328 1421 4384 Davidem
1447 4330 1655 4385 habens
1680 4345 1787 4384 non
1813 4346 2003 4400 parum

2115 4323 2278 4377 Δαεὶδ
2308 4322 2398 4374 τὸν
2424 4322 2558 4375 Θεὸν
2589 4316 2730 4391 ἔχων
2760 4320 2879 4391 μεθ’
2922 4321 3118 4375 ἑαυτοῦ
3158 4321 3415 4391 ἡρίστευε
3465 4338 3647 4374 παντα-

440 4424 656 4478 invidiae
695 4423 956 4478 adversus
982 4436 1107 4477 eum
1144 4422 1261 4477 alit.
1296 4420 1645 4491 Quapropter
1669 4423 1735 4477 ad
1771 4422 2001 4493 expedi-

442 4518 619 4572 tiones
649 4515 927 4569 hominem
956 4514 1190 4585 ablegat,
1222 4524 1282 4568 ut
1310 4513 1493 4582 aliquo
1525 4522 1686 4583 pacto
1720 4513 1773 4567 in
1798 4514 2001 4584 praeliis

439 4618 753 4664 necaretur.
792 4607 886 4661 llle
920 4622 1069 4670 vero,
1103 4606 1194 4677 qui
1224 4604 1393 4660 Deum
1429 4605 1643 4661 scilicet
1676 4616 1997 4674 praesentem

440 4700 689 4759 haberet,
725 4698 926 4765 ubique
970 4712 1086 4751 rem
1132 4696 1389 4766 prazclare
1423 4696 1603 4766 gerit;
1646 4710 1758 4765 quo
1796 4693 2000 4748 factum

437 4801 520 4845 est
567 4799 621 4841 ttt
661 4789 775 4858 ipsa
808 4804 1027 4859 quoque
1060 4786 1208 4843 Sauli
1247 4787 1352 4842 ﬁlia
1386 4787 1538 4858 virgo
1572 4787 1832 4857 singulari
1876 4803 2002 4842 eum

436 4897 621 4935 amore
685 4881 1162 4948 complecteretur.
1204 4879 1320 4945 Qua
1377 4895 1435 4931 re
1502 4876 1669 4931 Saulo
1732 4877 2003 4946 patefacta

435 4974 671 5028 oblatam
698 4962 765 5025 iul
798 4971 1122 5025 struendum
1150 4970 1380 5024 insidias
1406 4970 1750 5025 occasionem
1782 4970 2002 5023 minime

438 5064 688 5133 negligit,
716 5062 790 5116 uti
825 5046 1097 5129 JoSephus
1130 5071 1549 5125 commemorat,
1587 5061 1882 5129 signiﬁcari
1912 5060 2002 5126 ju-

438 5160 570 5210 bens
606 5156 707 5226 ipsi
742 5170 800 5209 se
827 5154 989 5208 ﬁliam
1024 5168 1178 5207 suam
1206 5152 1252 5205 ei
1284 5153 1675 5207 collocatnrum
1708 5154 1761 5206 in
1803 5155 1993 5207 matri-

436 5244 702 5307 tnoniurn,
762 5243 805 5295 si
862 5242 1006 5296 mille
1068 5239 1307 5295 hostium
1362 5242 1538 5308 capita
1585 5242 1696 5311 regi
1748 5243 1999 5294 referret.

438 5345 616 5407 Atque
647 5337 760 5390 hate
793 5336 866 5389 ita
901 5334 1043 5389 facta
1076 5341 1206 5387 sunt
1234 5351 1247 5386 :
1275 5332 1560 5387 Micholern
1596 5347 1817 5386 uxorem
1857 5332 2002 5386 acci-

436 5434 537 5498 pit.
575 5427 774 5483 Verum
807 5425 1028 5496 indigne
1072 5423 1258 5479 ferens
1291 5425 1489 5479 Saulus
1516 5423 1661 5493 quod
1688 5422 2000 5490 accidisset,

435 5523 628 5591 Ittajorl
666 5528 865 5573 aestuat
918 5518 1143 5586 invidia,
1177 5519 1332 5589 quasi
1379 5517 1490 5586 jam
1542 5532 1708 5586 regno
1744 5530 1845 5570 suo
1890 5531 2003 5572 ute-

503 5682 549 5721 “
586 5688 765 5756 “leg.
802 5700 891 5753 xv,
928 5688 1015 5742 ‘22.
1090 5688 1133 5720 ⁸⁷
1162 5687 1180 5741 l
1207 5686 1336 5758 Reg.
1362 5701 1469 5751 va,
1510 5684 1559 5741 l.

2107 4409 2227 4482 χοῦ,
2261 4411 2337 4475 ὡς
2361 4410 2611 4464 ἐντεῦθεν
2634 4414 2727 4465 καὶ
2748 4412 2847 4481 τὴν
2878 4410 3152 4479 θυγατέρα
3182 4412 3353 4466 Σαοὺλ
3402 4411 3646 4480 παρθένον

2104 4501 2275 4557 οὖσαν
2304 4503 2484 4573 ἔρωτα
2518 4505 2667 4573 σχεῖν
2717 4502 2909 4557 αὑτοῦ.
2951 4503 3098 4571 Δῆλα
3123 4502 3333 4571 γίνεται
3356 4501 3528 4556 ταῦτα
3564 4501 3645 4553 καὶ

2105 4593 2183 4664 τῷ
2216 4594 2416 4647 Σαούλ.
2456 4596 2566 4647 Kal
2601 4595 2657 4656 ὃς
2686 4593 3020 4665 δραξάμενος
3077 4595 3337 4665 ἀφορμῆς
3383 4595 3518 4664 πρὸς
3561 4592 3643 4658 τὴν

2107 4684 2230 4738 κατ’
2262 4685 2472 4738 ἐκείνου
2507 4686 2822 4756 ἐπιϐουλὴν,
2847 4686 2922 4749 ὡς
2980 4688 3242 4757 Ἰώσηπος
3275 4689 3497 4758 ἱστορεῖ,
3528 4687 3643 4737 ἀπο-

2109 4777 2293 4832 δοῦναι
2330 4777 2429 4848 τὴν
2459 4778 2732 4851 θυγατέρα
2757 4779 3067 4848 ἔλεγεν,“Αν
3095 4780 3272 4851 χιλίας
3305 4798 3395 4851 μοι
3423 4778 3641 4849 κεφαλὰς

2107 4870 2312 4941 κομίσῃ
2342 4870 2453 4922 τῶν
2485 4871 2782 4940 πολεμίων.
2830 4872 3044 4925 Γίνεται
3080 4872 3276 4937 ταῦτα,
3324 4873 3417 4925 καὶ
3454 4874 3531 4931 είς
3558 4884 3641 4935 7U-

2109 4965 2271 5016 ναίκα
2298 4965 2570 5034 λαμϐάνει
2606 4967 2707 5035 τὴν
2732 4966 2950 5035 Μελχώ.
2991 4966 3067 5019 Οὐ
3103 4966 3263 5038 φέρει
3279 4965 3450 5019 ταῦτα
3467 4963 3639 5026 Σαοὺλ,

2105 5055 2223 5108 ἀλλ’
2252 5056 2343 5109 ἐπὶ
2379 5055 2539 5109 πλέον
2570 5056 2774 5123 φθονεῖ,
2812 5058 2905 5110 ἆτε
2939 5057 3035 5109 καὶ
3069 5058 3199 5126 περὶ
3245 5059 3342 5126 τῆς
3391 5052 3641 5125 βασιλείας

2106 5147 2271 5201 αὑτοῦ
2327 5147 2538 5209 δεδιώς.
2564 5149 2915 5202 ’Δποκτεῖναι
2972 5149 3157 5201 λοιπὸν
3184 5204 3191 5215 ⁸
3220 5149 3382 5200 αὐτὸν
3438 5142 3635 5216 μελετᾷ.

2111 5240 2426 5311 Ἀνατίθησι
2451 5240 2626 5293 ταῦτα
2677 5242 2757 5311 τῷ
2784 5242 2886 5311 υίῴ
2917 5259 2977 5294 τε
3023 5242 3282 5296 Ἰωνάθαν
3314 5243 3407 5294 καὶ
3432 5241 3538 5299 τοῖς
3565 5251 3640 5285 tt-

2112 5334 2393 5396 στοτάτοις
2425 5334 2534 5387 τῶν
2558 5336 2607 5387 οἰ
2632 5336 2805 5389 .ετῶν.
2863 5335 2920 5387 '0
2948 5334 3006 5387 δὲ
3049 5335 3245 5406 μηνύει
3279 5333 3355 5403 τῷ
3384 5330 3538 5385 Δαϐὶδ
3580 5326 3638 5377 τὰ

2109 5426 2205 5493 τῆς
2237 5425 2461 5495 βουλῆς,
2486 5428 2577 5479 καὶ
2617 5428 2755 5492 ὑπὲρ
2799 5426 2965 5480 αὑτοῦ
2992 5427 3069 5496 τῷ
3120 5427 3290 5494 σπατρὶ⁵
3330 5423 3633 5488 διαὶέγετιι.

2112 5519 2261 5572 Μετὰ
2295 5518 2354 5572 δὲ
2388 5520 2560 5574 ταῦτα
2580 5520 2760 5574 διώκει
2790 5522 2878 5575 τὶν
2926 5521 3088 5575 Δαδὶδ
3130 5521 3222 5575 καὶ
3259 5518 3401 5585 ἅπαξ
3443 5514 3531 5571 καὶ
3562 5509 3635 5574 δὶς
