3794 6226
192 328 285 396 337
1060 336 1064 343 ’
1427 322 1702 384 ΛΝΝΑΙᾸ

1819 327 2055 387 {PARS
2100 332 2180 390 ll.

3271 340 3379 403 338

189 447 270 497 καὶ
313 440 575 504 πολλάκις.
629 439 945 507 Τηνικαῦτα
1014 438 1090 508 τῷ
1153 439 1402 506 ἀρχιερεῖ
1448 438 1710 506 Ἀϐιάθαρ

1819 449 1999 494 tuens.
2035 443 2398 506 Quamobrem
2431 442 2872 501 interﬁciendum
2907 445 3166 516 deinceps
3200 448 3376 500 immi-

185 535 519 604 προτέρχεται
547 551 559 564 ·
608 533 729 584 τότε
753 534 845 584 καὶ
879 533 1003 593 τοὺς
1040 531 1234 600 ἄρτους
1261 533 1356 600 τῆς
1409 532 1714 598 προθέσεως

186 625 383 691 ἔφαγεν.
417 623 654 676 Ἐκεῖθεν
711 619 869 683 αὖθις
931 622 1124 688 φεύγει
1184 621 1320 690 πρὸς
1386 621 1712 689 Ἀϐιμέλεχ·

182 719 286 768 τότε
338 715 389 768 δὲ
442 717 530 768 καὶ
599 717 666 767 τὰ
728 715 835 767 τῶν
903 713 1279 783 ἐπιληπτικῶν
1336 713 1712 782 ὑποκρίνεται.

183 806 274 856 Ἐπ
338 803 538 864 τούτοις
609 805 664 856 δὲ
719 806 746 856 ὁ
799 805 962 856 Δαϐὶδ
1017 802 1196 872 εὑρὼν
1253 802 1346 853 τὸν
1397 803 1568 854 Σαοὺλ
1620 802 1716 854 καὶ

185 893 316 957 ἅπαξ
375 895 464 946 καὶ
521 895 622 959 δὶς,
698 899 792 948 καὶ
857 896 1178 947 ἀποκτεῖναι
1238 893 1403 946 αὑτὸν
1470 893 1713 962 εὐχερῶς

183 987 322 1052 ἔχων,
381 989 596 1055 ποιῆσαι
645 989 804 1039 τοῦτο
863 990 961 1040 οὐκ
1009 987 1192 1057 ἦθελε,
1250 983 1326 1054 τῷ
1363 984 1482 1054 Θεῷ
1538 984 1716 1037 πάντα

185 1077 241 1129 τὰ
277 1079 390 1131 κατ’
449 1080 607 1132 αὐτὸν
657 1079 954 1140 ἀνατιθείς.
1010 1081 1120 1132 Καὶ
1176 1081 1304 1148 περὶ
1357 1078 1459 1147 μὲν
1509 1075 1718 1130 τούτων

182 1187 354 1221 ῢυῗ-ωέ.

1817 548 1943 584 nem
1985 534 2202 598 statuit,
2258 533 2419 587 simul
2468 536 2626 606 176
2673 537 2962 591 consilium
3006 553 3162 590 suum
3214 537 3380 589 Jona-

1815 623 1966 676 tbani
2007 623 2114 677 ﬁlio
2157 624 2528 691 ministrisque
2563 627 2838 681 ﬁdissimis
2894 628 3088 696 aperit.
3135 630 3198 682 Al
3240 628 3380 681 ﬁlius

1812 715 1878 768 ad
1919 715 2174 768 Davidem
2210 725 2496 784 paternum
2525 721 2812 772 consilium
2848 721 3117 776 enuntiat.
3150 722 3380 788 ejusque

1813 820 1975 858 causa
2005 815 2210 873 patrem
2246 806 2558 875 alloquitur.
2591 809 2688 862 Ille
2723 811 2914 872 semel,
2957 811 3058 875 bis,
3104 812 3381 865 multoties

1824 897 2076 950 Davidcm
2116 900 2488 967 persequitur;
2515 901 2604 968 qui
2645 900 2733 954 tali
2771 917 2949 954 rerum
2983 918 3200 956 suarum
3236 912 3379 956 statu

1821 988 2176 1043 Abiatbarum
2211 991 2520 1056 pontiﬁcem
2553 991 2765 1045 accedit
2789 1000 2840 1045 et
2879 993 3107 1058 panibus
3136 994 3379 1061 proposi-

1824 1077 1988 1130 tionis
2045 1078 2307 1131 vescitur.
2350 1079 2489 1133 llinc
2562 1079 2630 1133 ad
2683 1080 3088 1134 Abimelecbum
3151 1082 3274 1148 fuga
3311 1100 3380 1154 se

1777 1209 1790 1216 -
1822 1165 2059 1225 confert,
2100 1167 2191 1220 ubi
2237 1169 2427 1221 morbo
2459 1169 2636 1222 teneri
2675 1169 2967 1238 epileptico
3011 1168 3376 1238 judicabatur.

186 1262 382 1318 Interim
429 1263 661 1321 Davides
706 1265 928 1320 Saulum
970 1263 1138 1320 semel
1173 1273 1335 1332 atque
1387 1264 1584 1317 iterum
1629 1268 1904 1328 repertum
1929 1261 2138 1313 necare
2165 1276 2286 1314 Cum
2359 1263 2501 1315 facili
2564 1273 2843 1317 momento
2908 1271 3109 1332 posset,
3172 1279 3382 1333 nequa-

183 1374 322 1427 quam
359 1369 534 1416 tamen
582 1361 635 1414 id
685 1361 865 1416 facere
898 1361 1089 1421 voluit.
1127 1360 1238 1415 Deo
1289 1360 1552 1414 nimirum
1596 1355 1918 1426 permittens
1949 1355 2214 1423 quidquid
2245 1356 2311 1411 de
2341 1359 2457 1426 ipso
2483 1358 2726 1412 futurum
2766 1368 2932 1413 esset.

247 1453 579 1506 Παλαιστινοὶ
616 1454 662 1507 δ’
695 1451 852 1516 αὖθις
902 1454 1043 1508 κατὰ
1074 1454 1348 1508 Ἰουδαίων
1394 1450 1723 1522 στρατεύον-

184 1562 278 1608 ται,
314 1546 395 1614 ἐφ’
493 1549 588 1598 καλ⁵
628 1548 752 1610 τοὺς
777 1547 975 1606 αὐτοὺς
1010 1546 1340 1614 συμμάχους
1403 1545 1431 1595 ὁ
1487 1543 1722 1612 Ἀγχοὺς

185 1638 340 1691 καλεῖ;
385 1639 537 1706 Ὄρει
607 1637 662 1690 δὲ
720 1637 798 1706 τῷ
863 1637 1092 1690 Γελϐουὲ
1161 1637 1491 1706 προσϐάλλει
1539 1637 1631 1687 καὶ
1696 1636 1723 1687 ὁ

183 1732 355 1794 Σαοὺλ,
389 1732 481 1783 καὶ
512 1731 836 1799 πολυπληθῆ
866 1732 968 1798 τὴν
1017 1728 1372 1798 παρεμϐολὴν
1400 1727 1508 1780 τῶν
1564 1727 1720 1778 ἀλλο-

181 1823 342 1890 φύλων
376 1823 496 1877 ἰδὼν
532 1821 828 1891 ἐταράχθη,
873 1825 966 1874 καὶ
1000 1821 1254 1890 ὲξέστηή
1301 1819 1492 1889 καρδία
1521 1818 1712 1871 αὑτοῦ.

116 1935 150 1981 ·,
181 1917 272 1967 Καὶ
321 1914 640 1984 ἐπηρώτησε
693 1913 786 1965 τὸν
821 1912 1026 1982 Κύριον
1055 1912 1140 1965 διὰ
1195 1910 1290 1963 τοῦ
1347 1910 1569 1978 Ἐφοὺθ,
1619 1910 1716 1961 καὶ

178 1985 561 2076 οέκὰπεκρίθη
617 2004 925 2074 αὐτῷοκαὶ
983 2005 1092 2071 γὰρ
1154 2005 1201 2056 εἰ
1267 2003 1342 2072 μὴ
1395 2003 1717 2070 εὐδοκίμουν

179 2095 480 2163 παράὑτῷ,
517 2095 616 2148 οὐκ
661 2096 988 2164 είσήκουσεν
1022 2094 1224 2148 αὐτῶν.
1259 2094 1376 2160 Ἐφ’
1409 2087 1452 2160 ᾧ
1487 2095 1578 2144 καὶ
1622 2091 1719 2162 ζη-

177 2186 248 2235 τεῖ
273 2187 726 2255 ἐγγαστρίμυθον,
754 2189 801 2239 εί
833 2187 926 2239 καὶ
963 2186 1020 2238 τὸ
1069 2187 1228 2253 γένος
1272 2186 1453 2237 αὐτῶν
1482 2184 1718 2252 ἔφθασεν

180 2279 232 2326 ἐκ
265 2277 358 2344 τῆς
389 2279 599 2338 πόλεως
627 2278 792 2330 αὑτοῦ
827 2278 1082 2330 ὲκϐαλεῐν
1113 2276 1208 2330 ατε
1242 2279 1378 2347 πρὸς
1414 2277 1552 2330 Θεὸν
1582 2277 1719 2347 πρό-

179 2380 316 2436 τερον
361 2371 620 2423 summi)».
688 2370 1155 2439 Ἐγγαστρίμυθοι
1215 2369 1271 2420 δὲ
1336 2369 1592 2436 ἐλέγοντο
1629 2368 1719 2422 διὰ

180 2449 228 2509 τδ
252 2461 472 2529 δαίμονα
515 2463 657 2530 ἔχειν
684 2465 738 2514 ἐν
768 2465 830 2532 τῇ
873 2465 1078 2532 γαστρὶ
1114 2463 1296 2515 αὐτῶν
1337 2462 1718 2532 ἐγκαθήμενον

179 2551 256 2600 καὶ
292 2552 354 2600 τὰ
391 2552 651 2618 μέλλοντα
691 2551 1062 2620 μυθευόμενον
1093 2552 1191 2605 εἴτ’
1234 2547 1325 2604 οὖν
1383 2553 1718 2622 μαντευόμε·‹

180 2655 274 2693 νον.
302 2641 370 2694 Τὸ
398 2643 584 2710 μέντοι
610 2643 832 2708 γύναιον
882 2645 1058 2696 ἐκεῖνο
1111 2645 1358 2696 πείθεται
1410 2644 1583 2714 μόλις,
1622 2649 1718 2700 καὶ

178 2733 260 2799 τὴν
279 2735 364 2786 τοῦ
393 2735 645 2805 Σπμουὴ).
672 2735 848 2804 ψυχὴν
872 2737 928 2801 ἐξ
965 2734 1090 2805 ᾅδου
1149 2737 1366 2804 ἀνάγει,
1416 2739 1491 2801 ὡς
1525 2739 1719 2809 Ἰώση-

179 2837 262 2883 πος
302 2825 516 2892 ἱττορεῖ.
567 2825 626 2878 '0
673 2827 785 2896 γὰρ
850 2827 920 2879 τὰ
973 2827 1093 2880 θεῖα
1153 2828 1316 2895 σοφὸς
1371 2829 1718 2900 θεοδὼρητος

183 2909 393 2982 δυσσεϐῆ
427 2916 573 2981 λέγει
607 2917 698 2968 τὸν
735 2916 894 2982 λόγον
921 2921 1135 2973 τουτονὶ
1157 2921 1255 2972 κοιλ⁸
1305 2921 1546 2973 ἀνόσιον·
1577 2919 1716 2973 οιδε

179 3006 272 3072 γὰρ
299 3009 539 3060 πείθεται
575 3011 765 3071 νέκυος
809 3010 988 3080 ψυχὴν
1049 3011 1107 3076 ἐξ
1143 3013 1272 3082 ᾅδου
1343 3013 1438 3066 καὶ
1475 3015 1576 3083 τὴν
1622 3030 1717 3066 τυ-

1887 1447 2126 1503 Rursum
2161 1449 2434 1504 Palaestini
2465 1452 2650 1520 copias
2688 1467 2814 1506 suas
2847 1454 3132 1506 adversum
3165 1451 3383 1506 Judaeos

1817 1526 2076 1604 educunt.
2126 1542 2360 1611 ideoque
2393 1558 2523 1596 suos
2552 1544 2715 1596 etiam
2765 1543 3055 1596 auxiliares
3090 1544 3384 1598 Achis.rcx

1821 1641 2107 1686 convocat.
2141 1631 2278 1686 Tum
2313 1633 2513 1687 Saulus
2541 1647 2757 1702 quoque
2786 1650 2907 1686 cum
2958 1635 3072 1687 suis
3117 1635 3182 1686 ad
3229 1649 3387 1686 mon-

1821 1733 1928 1777 tem
1957 1721 2213 1778 Gelboem
2255 1725 2822 1792 eontendil;cumque
2851 1725 3116 1781 maximas
3156 1724 3207 1776 in
3248 1724 3384 1779 alie-

1823 1812 2140 1880 n'genarum
2194 1813 2386 1866 castris
2440 1827 2562 1866 esse
2614 1813 2798 1880 c0pias
2833 1814 3225 1882 conspexisset,
3261 1830 3384 1881 per-

1818 1903 2068 1956 turbatus
2093 1912 2175 1955 est
2201 1904 2473 1971 animique
2498 1902 2644 1972 gravi
2676 1912 2883 1957 terrore
2914 1912 3213 1972 correptus.
3251 1902 3381 1957 Eam

1815 1993 1884 2046 ob
1915 2008 2026 2046 rem
2060 1983 2346 2047 Dominum
2382 2009 2478 2062 per
2509 1994 2794 2062 produm
2823 1994 3081 2057 consulit,
3123 1993 3212 2063 qui
3247 1993 3384 2048 nihil

1816 2085 1862 2139 ei
1907 2087 2246 2152 respondet:
2289 2087 2493 2157 quippe
2540 2087 2594 2138 ni
2643 2087 2779 2140 bona
2824 2097 3005 2157 essent
3034 2088 3173 2157 apud
3211 2087 3379 2144 Deum)

1817 2177 2076 2231 Israelita;
2109 2177 2161 2231 in
2210 2155 2404 2247 gratia,
2441 2194 2546 2253 nqn
2579 2155 2907 2233 exaudielat
2935 2155 3270 2248 'eosalgitur
3302 2179 3383 2231 fe-

1820 2267 2022 2319 minam
2055 2265 2279 2331 inquirit
2303 2282 2421 2336 qum
2451 2269 2669 2322 oracula
2708 2283 2806 2337 per
2840 2279 3078 2321 ventrem
3109 2267 3381 2331 redderet,

1817 2372 2132 2426 quanquam
2169 2367 2350 2421 antea,
2388 2375 2510 2413 cum
2550 2360 2727 2414 adhuc
2759 2360 2811 2412 in
2845 2360 3013 2413 Deum
3048 2375 3104 2413 sc
3135 2360 3385 2428 religiose

1819 2461 2054 2522 gereret,
2097 2460 2262 2505 totam
2305 2452 2619 2518 huiusmodi
2677 2452 2970 2505 mulierum
3025 2450 3302 2504 nationem
3354 2467 3386 2504 ο

1817 2560 1876 2598 re
1909 2543 2123 2613 pubtica
2165 2559 2261 2596 sua
2302 2545 2605 2612 expttlt‘ml.
2640 2542 2911 2596 Vocantur
2966 2549 3145 2595 autem
3197 2541 3386 2606 hujus-

1819 2635 1960 2688 modi
2011 2634 2229 2688 feminae
2274 2621 2633 2704 ventriloqure
2663 2644 2949 2703 propterea
2980 2634 3124 2702 quod
3159 2634 3380 2701 genium

1819 2727 1874 2782 in
1916 2734 2104 2781 ventre
2152 2726 2561 2781 delitescentem
2613 2726 2890 2786 habeant,
2941 2725 3030 2792 qui
3071 2724 3138 2777 de
3187 2723 3385 2776 futuris
3475 2746 3480 2748 ·

1819 2819 2147 2888 respondeat
2173 2826 2227 2872 et
2258 2818 2603 2872 vaticinetur.
2636 2819 2732 2871 Vix
2768 2817 2983 2880 Saulus,
3017 2817 3160 2886 quod
3200 2831 3385 2884 posce-

1819 2911 1930 2974 bat,
1963 2925 1992 2962 a
2036 2909 2353 2963 muliercula
2389 2909 2608 2962 tandem
2658 2908 2933 2976 impetrat,
2984 2925 3104 2976 quae
3144 2909 3381 2961 animam

1821 3001 2063 3054 Samueli
2097 3015 2160 3054 ex
2214 3015 2342 3054 orco
2389 2999 2662 3068 producit,
2698 3007 2754 3050 ut
2787 2997 3061 3068 Josrpbus
3111 2999 3386 3052 memeria:

177 3093 352 3160 χοῦσαν
382 3097 628 3161 ἀνάγειν,
682 3100 842 3169 μήτοι
869 3118 934 3169 γε
963 3101 1218 3154 τοσούτου
1245 3104 1550 3172 προφήτου.
1582 3104 1713 3155 Ἀλ-

1819 3091 2075 3162 prodidit,
2130 3105 2440 3159 quanquam
2495 3087 2859 3158 peritissimus
2890 3089 2979 3141 ille
3029 3102 3208 3141 rerum
3249 3087 3386 3140 divi-

177 3179 243 3232 λοι
276 3181 327 3233 δὲ
357 3184 452 3236 τὶν
477 3185 632 3252 λόγον
668 3185 859 3240 τοῦτον
897 3187 971 3257 μὴ
1004 3187 1250 3251 θέλοντες
1306 3187 1522 3242 ἀνόσιον
1555 3191 1713 3256 δέξα-

174 3268 297 3330 σθαι,
327 3271 630 3326 λαοπλάνον
659 3279 782 3329 τινὰ
808 3276 1030 3344 λέγουσι
1079 3278 1310 3348 δαίμονα
1339 3281 1408 3332 τὰ
1450 3283 1593 3333 κατὰ
1626 3284 1716 3335 τὸν

173 3356 322 3412 Σεοϋλ
346 3363 670 3430 ἀναγγεῖλαι
710 3367 776 3432 τῇ
833 3366 1284 3435 ἐγγαστριμύθῳ.
1322 3365 1389 3420 ’⁸0
1431 3370 1530 3437 μὲν
1584 3370 1717 3422 Θεο-

175 3448 392 3521 edim-.0;
417 3453 538 3505 οὔτε
566 3456 626 3506 τὸ
666 3456 882 3524 πρῶτον
937 3456 1010 3518 ὡς
1053 3455 1315 3520 δυσσεϐὲς
1347 3459 1713 3529 καταδέχεται

177 3541 281 3595 οὔτε
309 3545 468 3598 πάλιν
493 3545 553 3598 τὸ
584 3545 840 3616 δεύτερον
868 3563 884 3579 ⁶
933 3549 982 3600 εἰ
1019 3550 1126 3617 γὰρ
1183 3549 1392 3618 δαίμων
1445 3547 1514 3620 ἦν
1556 3554 1583 3604 ὁ
1613 3569 1718 3619 φα-

182 3635 299 3700 νεὶς,
349 3638 444 3690 οὐκ
500 3636 566 3690 ἂν
626 3639 800 3707 ἀληθῆ
870 3639 1172 3708 ἐφθέγγετο
1222 3642 1462 3709 ῥήματα.
1509 3643 1716 3695 Οὐκοῦν

181 3723 321 3785 αὑτές
360 3727 386 3776 ὀ
415 3724 545 3786 Θεὸς
595 3726 657 3777 τὸ
719 3723 882 3792 εἶδος,
934 3729 1090 3798 φησὶ,
1141 3728 1235 3780 τοῦ
1279 3729 1531 3800 Σαμουὴλ
1586 3748 1718 3800 σχη-

182 3817 389 3878 ματίσας
413 3815 712 3886 ἠϐουλήθη,
746 3818 1032 3889 ἐξενήνοχε
1090 3818 1190 3890 τὴν
1251 3821 1527 3888 ἀπόφασιν
1553 3839 1567 3853 ο
1610 3823 1714 3894 ἔφη

180 3908 383 3975 καὶγὰρ
428 3907 514 3959 διά
547 3925 637 3960 του
681 3909 790 3960 τῶν
835 3910 1166 3979 προφητῶν·
1196 3928 1214 3960 ι
1255 3911 1382 3962 Ἐὰν
1443 3913 1717 3981 ἀπέλθητε

181 4000 294 4064 πρὶς
333 4001 418 4052 τὸν
449 4001 927 4070 ψευδοπροφήτην,
959 4000 1068 4067 ἐγὼ
1122 4000 1322 4071 Κύριος
1349 4005 1378 4053 ὁ
1406 4003 1538 4064 Θεὸς
1587 4006 1720 4058 ἁπο-

178 4091 478 4161 κριθήσομαι
517 4093 588 4143 δι’
621 4092 806 4145 αὐτοῦ.
845 4111 862 4143 ι
919 4089 1074 4144 Οὒτω
1112 4093 1198 4144 διὰ
1230 4091 1322 4144 τοῦ
1359 4094 1590 4164 Βαλαὰμ
1624 4096 1718 4164 ηὑ-

178 4177 344 4249 λόγησε
393 4185 480 4236 τὸν
511 4183 659 4242 λαὸν,
694 4185 787 4234 καὶ
821 4183 909 4234 διὰ
943 4183 1241 4246 δυσσεϐοῦς
1271 4178 1518 4253 μάντεως
1573 4203 1717 4255 προ-

179 4275 496 4344 ηγγέλθησαν
527 4275 596 4326 τὰ
625 4274 880 4342 ἐσόμενα.
915 4275 1126 4327 Γίνεται
1155 4277 1347 4338 ταῦτα,
1373 4281 1468 4330 καὶ
1509 4281 1558 4331 οί
1604 4283 1716 4332 Παε-

177 4361 410 4419 lamnae".
471 4371 584 4427 τοῖς
671 4367 942 4437 Ἑϐραίοις
1013 4368 1431 4436 προσϐάλλουσι.
1514 4371 1715 4424 ’Πίπτει

178 4454 336 4510 λοιπον
393 4463 419 4511 ὁ
464 4458 635 4512 Σαοὺλ
691 4465 787 4512 καὶ
830 4461 878 4511 οἱ
927 4460 1118 4522 παῖδες
1179 4461 1368 4516 αὐτοῦ.
1417 4463 1474 4514 ’0
1527 4466 1714 4532 μέντοι
1750 4445 1793 4499 ι)

178 4543 328 4601 Σαοὺλ
355 4551 558 4613 πολλὰς
592 4551 894 4621 δεξάμενος
954 4550 1194 4621 πληγὰς,
1256 4555 1350 4605 καὶ
1408 4554 1482 4623 μὴ
1527 4557 1712 4624 φέρειν

175 4635 466 4709 δυναμενοε,
499 4643 710 4695 κελεύει
741 4645 848 4695 τινὶ
879 4643 988 4696 τῶν
1053 4645 1216 4696 αὑτοῦ
1274 4648 1334 4698 τὸ
1365 4647 1515 4716 ξίφος
1547 4647 1710 4700 αὐτοῦ

178 4730 486 4800 ἐπενεγκεῖν,
513 4736 597 4786 ἵνα
630 4736 704 4803 μὴ
760 4737 879 4795 ταῖς
916 4737 1127 4804 ἐχθρῶν
1186 4725 1345 4807 χερσῖ
1405 4740 1708 4808 παραδοθῇ.

185 4817 235 4871 ’0
258 4823 414 4877 δὀὐκ
473 4826 748 4878 ἐπείθετο.
804 4825 1124 4880 Ἐπιπίπτει
1176 4827 1367 4880 λοιπὸν
1421 4830 1583 4891 αὐτὸς
1643 4833 1709 4899 τῇ

179 4914 412 4984 μαχαίρᾳ,
446 4918 543 4968 καὶ
581 4916 714 4984 μηδὲ
771 4915 942 4980 οὕτως
984 4918 1183 4988 ἰσχύων
1235 4919 1417 4988 ἑαυτῷ
1448 4920 1508 4970 τὸ
1557 4920 1710 4981 τέλος

175 5000 456 5073 ἐπενεγκεῖν
488 5009 667 5060 πείθει
697 5009 818 5061 τινὰ
856 5009 965 5062 τῶν
1017 5011 1426 5080 Ἀμαληκιτῶν,
1486 5013 1580 5066 καὶ
1618 5029 1709 5063 τε-

171 5089 288 5144 λειοί
310 5095 488 5148 αὐτόν.
541 5095 689 5148 Οίδὲ
754 5098 1108 5151 Παλαιστινοὶ
1163 5097 1524 5161 σκυλεύοντες
1580 5103 1707 5162 τοὺς

133 5179 434 5268 χἰτῢλεμίους
471 5189 862 5256 ἐντυγχάνουσι
889 5187 967 5256 τῷ
1001 5187 1176 5240 Σαούλ
1210 5205 1270 5240 τε
1306 5189 1401 5240 καὶ
1442 5191 1550 5247 τοῖς
1585 5208 1710 5240 παι-

170 5265 241 5318 σὶν
278 5273 457 5341 αὐτοῦ,
486 5275 576 5327 καὶ
606 5275 873 5345 κόψαῃιες
904 5276 1003 5336 τὰς
1044 5275 1288 5342 κεφαλὰς
1310 5276 1490 5328 αὐτῶν
1520 5278 1712 5345 περιῆ-

170 5371 250 5422 γον
297 5361 380 5415 διὰ
424 5364 602 5431 πάσης
634 5365 732 5432 τῆς
761 5337 966 5432 βρας,
1017 5365 1084 5417 τὰ
1136 5365 1192 5416 δὲ
1243 5363 1470 5434 σώματα
1527 5367 1707 5418 αὐτῶν

172 5446 577 5520 ἀνασταυροῦσιν
607 5452 712 5517 ἔξω
765 5453 859 5505 τοῦ
886 5455 1120 5523 τείχους,
1155 5456 1228 5517 ὡς
1259 5456 1522 5525 Ἰώσηπος
1557 5458 1706 5507 ἱστο-

175 5543 260 5604 psi.

1818 3199 2011 3238 narum
2059 3181 2434 3236 Theodoretus
2498 3179 2803 3233 orationem
2873 3177 3180 3247 hujuSinodi
3231 3185 3388 3229 vocat

1819 3275 2042 3343 impiam
2076 3281 2130 3326 et
2162 3271 2542 3340 irrcligiosani.
2577 3267 2693 3322 Non
2733 3268 2882 3321 enim
2920 3265 3239 3337 perSuaderi
3281 3266 3386 3319 sibi

1817 3367 2023 3436 patitur
2063 3363 2147 3418 vel
2195 3363 2320 3417 vilis
2353 3361 2582 3429 alicujus
2627 3359 2863 3412 hominis
2913 3356 3111 3411 mortui
3153 3356 3385 3409 animam

1817 3474 1878 3513 ex
1919 3472 2049 3512 orco
2099 3455 2285 3510 reduci
2321 3468 2502 3524 posse,
2539 3451 2739 3505 nedum
2779 3449 2903 3503 talis
2943 3465 3005 3507 ac
3058 3448 3193 3501 tanti
3228 3447 3386 3501 vatis.

1817 3551 1921 3604 Alii
1953 3557 2218 3619 negantes
2253 3548 2392 3599 banc
2425 3543 2730 3598 orationem
2780 3539 3025 3610 impiam'
3054 3553 3198 3601 esse,
3241 3537 3391 3590 velut

1818 3643 2170 3710 impostorem
2217 3637 2363 3706 vulgi
2397 3638 2695 3690 daemonem
2729 3631 3018 3701 quemdam
3053 3629 3391 3683 mulierculae

1816 3729 2184 3785 vaticinatrici
2236 3727 2581 3782 renuntiasse
2636 3723 2764 3793 quid
2829 3722 2994 3775 Saulo
3062 3729 3386 3774 eventurum

1817 3831 1980 3876 esset.
2008 3823 2076 3873 At
2101 3818 2482 3871 Theodorctus
2509 3829 2686 3882 neque
2711 3812 2941 3882 primum
2977 3809 3103 3862 illud
3129 3809 3386 3869 admittit,

1817 3911 2046 3979 impium
2089 3923 2212 3962 esse
2261 3905 2654 3976 pronuntians,
2707 3916 2883 3970 neque
2932 3901 3060 3953 item
3108 3899 3386 3960 alterum;

1820 4020 1944 4056 nam
1981 4003 2024 4054 si
2061 4001 2256 4071 genius
2289 3998 2466 4052 malus
2512 3995 2704 4049 fuisset
2735 3993 2824 4062 qui
2875 3992 3151 4062 apparuit,
3199 4005 3386 4044 verum

1818 4107 1950 4148 sane
2001 4107 2113 4146 non
2161 4090 2496 4159 protulisset.
2559 4085 2924 4159 Quamobrem
2979 4083 3172 4138 statuit
3221 4082 3386 4134 Deum

1821 4187 1998 4255 ipsum
2044 4145 2434 4253 repr'msentata
2474 4178 2713 4232 Samucli
2751 4145 2957 4247 specie,
2993 4192 3092 4244 pro
3121 4174 3386 4228 arbitratu

1820 4293 1940 4340 suo,
1975 4277 2138 4329 verba
2195 4275 2346 4328 istaec
2396 4272 2616 4326 effatum
2668 4286 2810 4323 esse.
2861 4269 2997 4322 Nam
3049 4266 3243 4320 alicubi
3293 4281 3386 4334 per

1819 4379 1994 4422 vatem
2045 4365 2336 4436 quemdam
2388 4363 2562 4417 dixit:
2623 4380 2641 4410 r
2697 4360 2901 4425 Quodsi
2963 4360 3152 4411 falsum
3209 4363 3386 4408 vatem

1821 4458 2193 4518 accesseritis,
2215 4471 2316 4526 ego
2345 4455 2607 4508 Dominus
2642 4467 2734 4520 per
2759 4451 2813 4520 ip
2847 4466 2935 4502 um
2981 4446 3382 4513 respondebo.)

1822 4552 1914 4607 Sic
1945 4566 2106 4619 opera
2157 4547 2395 4601 Balaami
2437 4544 2635 4614 populo
2691 4543 2866 4596 fausta
2915 4541 3244 4607 imprecatus
3284 4544 3387 4598 est,

1820 4657 2024 4712 perque
2051 4649 2229 4694 vatem
2259 4639 2567 4705 improbum
2598 4651 2716 4704 qua:
2751 4633 2933 4686 futura
2963 4642 3150 4685 essent
3177 4632 3388 4685 iudiea-

1821 4731 1918 4788 vit.
1975 4729 2279 4799 Respondit
2333 4728 2420 4780 hic
2457 4739 2675 4794 quoque
2731 4721 3065 4793 praedictinni
3118 4730 3388 4773 eventus:

1821 4823 2095 4878 Paltestini
2129 4821 2387 4875 llebrreos
2417 4816 2707 4880 invadunt,
2743 4813 2938 4868 Saulus
2967 4828 3091 4868 cum
3141 4812 3265 4865 ﬁliis
3297 4829 3390 4863 oc-

1819 4915 2024 4969 cumbit
2053 4933 2074 4978 ;.
2098 4926 2334 4980 cumque
2385 4908 2572 4962 multis
2603 4906 2922 4960 vulneribus
2952 4903 3184 4958 affectus
3223 4911 3389 4962 esset,

1817 5021 1920 5060 nec
1953 5005 2185 5073 amplius
2232 5004 2504 5071 imperare
2553 5001 2737 5052 animo
2774 5012 2874 5051 suo
2905 5005 3108 5065 posset,
3163 5009 3388 5048 suorum

1816 5098 2029 5154 cuidam
2063 5093 2282 5149 mandat
2317 5101 2377 5146 ut
2404 5107 2462 5146 se
2491 5091 2681 5146 stricto
2710 5087 2866 5158 177
2893 5088 3074 5156 gladio
3117 5084 3355 5140 transadi
3375 5115 3389 5123 -

1819 5199 1930 5260 gat,
1960 5205 2028 5244 ne
2058 5187 2298 5242 hostium
2337 5186 2390 5238 in
2421 5191 2748 5254 potestatem
2777 5182 3004 5235 veniret.
3044 5180 3149 5234 Sed
3199 5195 3265 5231 eo
3311 5194 3391 5230 req

1818 5291 2048 5334 cusante
2074 5278 2312 5350 gladium
2346 5277 2512 5345 cepit,
2552 5275 2712 5343 eique
2745 5273 3015 5328 incubuit.
3051 5272 3295 5338 Cumque
3322 5283 3390 5320 ne

1816 5373 1894 5425 sic
1919 5369 2140 5436 quidem
2189 5367 2432 5421 adimere
2467 5366 2569 5419 sibi
2605 5367 2772 5418 vitam
2819 5371 3021 5432 posset,
3055 5359 3384 5413 Amalecita-

1815 5469 1941 5513 Tum
1975 5460 2262 5527 quemdam
2295 5466 2507 5516 exorat,
2535 5455 2627 5523 qui
2658 5454 2816 5507 ﬁnem
2853 5453 2901 5506 ei
2935 5447 3151 5504 vivendi
3183 5445 3385 5498 attulit.

1821 5551 1959 5603 Tum
2002 5548 2276 5602 Palaestini
2308 5546 2555 5616 spoliatis
2594 5543 2840 5597 hostibus
2869 5542 2922 5593 in
2965 5538 3185 5592 Saulum
3232 5534 3383 5601 ejus-

178 5643 266 5691 title
325 5635 459 5690 ﬁlios
523 5638 812 5704 incidunt;
877 5656 1108 5710 eumque
1165 5641 1342 5710 capita
1396 5640 1636 5711 ipsorum
1709 5641 2096 5708 resecuisscnt,
2139 5656 2199 5696 ea
2251 5657 2345 5710 per
2368 5653 2583 5694 onmem
2610 5635 2876 5692 ditionem
2907 5643 3059 5686 suam
3097 5625 3387 5682 circumfe-

182 5726 368 5786 rebant.
402 5735 722 5804 corporibus
753 5734 915 5790 estra'
939 5755 1123 5792 muros
1150 5739 1449 5808 suspensis,
1481 5748 1538 5791 ut
1565 5738 1834 5810 JOSt-pbus
1874 5748 2080 5794 narrat.
