3794 6226
370 284 479 349 339

1650 303 2068 368 MICIIAELIS
2108 309 2363 372 GLYCE

3485 321 3585 383 34)

441 392 557 450 tloc
604 398 770 455 modo
791 399 951 455 vitam
982 400 1178 458 Saulus
1216 404 1355 460 ﬁniit
1388 416 1672 479 propterea
1705 414 1849 482 quod
1878 412 1931 466 iu

2108 417 2266 473 Οὕτω
2300 422 2636 493 κατέστρεψε
2688 425 2782 479 τὸν
2834 426 2950 498 βίον
2977 429 3004 482 6
3037 425 3206 481 Σαοὺλ
3252 426 3341 482 διὰ
3388 429 3451 482 τὸ
3505 433 3593 484 ἐπὶ
3659 490 3668 499 δ

368 486 754 543 exscinilendis
787 493 1101 549 Amalecitis
1139 495 1248 550 Deo
1288 513 1396 553 non
1448 502 1723 569 paruisset
1756 513 1811 559 et
1841 521 1928 560 sa-

368 576 655 633 cerdotum
710 581 988 638 nationem
1041 585 1353 643 delevisset.
1412 591 1546 647 Nam
1600 592 1762 649 Doeci
1810 594 1929 668 Syri

366 680 537 734 opera
589 671 906 727 sacerdotes
955 675 1021 729 ad
1069 685 1342 735 trecentos
1390 683 1806 755 quinquaginta,
1839 687 1929 755 qui

366 756 643 825 ephodum
693 771 1009 832 gestarent,
1060 760 1436 826 interfecerat.
1493 773 1739 844 Regnum
1787 775 1931 843 apud

364 849 652 906 lsraelicos
700 854 942 910 obtinuit
981 870 1158 912 annos
1212 859 1302 923 40,
1357 861 1605 918 humeris
1653 863 1932 922 Israelita:

363 956 556 997 omnes
591 945 1025 1012 supereminens.
1062 948 1271 1021 Quippe
1299 951 1442 1007 Deus
1475 952 1715 1010 Hebrazis
1763 957 1932 1026 grati-

365 1028 517 1086 tlcari
562 1033 753 1088 volens
775 1033 1045 1103 ejusmodi
1078 1039 1250 1094 virum
1280 1041 1539 1112 elegerat,
1569 1045 1659 1114 qui
1698 1045 1779 1101 eis
1805 1061 1929 1100 cum

364 1121 601 1192 imperio
655 1132 1152 1198 prmessct,:quoit
1202 1132 1281 1187 illi
1341 1133 1548 1191 bellica:
1594 1136 1930 1192 fortitudinis

363 1214 629 1272 adversus
674 1218 861 1276 hostes
906 1236 1092 1287 causa,
1142 1238 1250 1277 non
1301 1225 1555 1294 pietatis,
1589 1243 1772 1299 regem
1810 1230 1930 1286 dari

362 1307 467 1361 sibi
508 1309 819 1377 petiissent.
851 1312 969 1378 Quo
1014 1313 1215 1368 factum
1264 1325 1323 1370 ut
1369 1319 1450 1373 eis
1480 1321 1780 1375 maximum
1809 1337 1930 1376 om-

362 1393 515 1446 nium
558 1399 881 1465 praeﬁceret,
932 1403 1152 1471 quando
1206 1392 1354 1459 sica
1406 1416 1601 1462 natura
1632 1412 1931 1481 comparati

362 1497 554 1537 sumus
606 1493 666 1540 ut
705 1501 815 1541 non
865 1487 1126 1545 virtutem
1180 1492 1370 1562 animi,
1405 1502 1499 1551 sed
1545 1501 1932 1568 proceritatem

364 1576 613 1642 corporis
636 1577 991 1634 admiremur.

432 1664 566 1721 Post
621 1666 773 1724 Sauli
821 1682 1053 1729 mortem
1107 1675 1252 1732 ﬁlius
1298 1678 1417 1749 ejus
1466 1678 1935 1755 Mempliibosetus

2034 514 2147 574 τοῖς
2184 512 2583 583 Ἀμαληκίταις
2613 518 2964 587 παρακοῦσαι
2986 519 3081 572 τοῦ
3111 519 3250 573 Θεοῦ
3301 523 3395 574 καὶ
3428 522 3517 576 διά
3540 525 3599 576 τὸ

2034 603 2144 655 τῶν
2173 602 2365 671 ἱερέων
2392 606 2550 675 γένος
2579 608 2827 681 ἀπωλείᾳ
2856 610 3194 680 παραδοῦναι
3214 627 3233 644 ο
3262 611 3345 667 διὰ
3366 612 3479 683 γὰρ
3506 615 3596 667 τοῦ

2036 692 2209 762 Σύρου
2261 695 2421 764 Δωὴκ
2464 695 2593 750 ὡσεὶ
2630 697 2706 753 τν¹
2741 700 2909 769 ἱερεῖς
2959 701 3286 754 ἀπέκτεινεν
3343 704 3596 771 αἴροντας

2037 783 2100 838 τὸ
2131 785 2319 854 έφούθ.
2360 788 2665 859 Ἐκράτησε
2688 789 2852 844 δὲτὸν
2885 790 3104 862 Ἰσραὴλ
3130 793 3159 844 6
3186 792 3358 846 Σαοὺλ
3392 792 3489 863 ἔτη
3523 800 3593 864 μ’,

2035 878 2361 949 ὑπερωμίας
2394 880 2471 933 ὢν
2500 881 2701 946 παντὸς
2744 881 2840 936 τοῦ
2877 884 3112 953 Ἰσραήλ.
3158 884 3285 948 Τοῖς
3325 883 3593 953 Ἑϐραίοις

2033 969 2062 1021 6
2100 969 2237 1032 Θεὸς
2279 970 2642 1041 χαριζόμενος
2694 973 2940 1027 τοιοῦτον
2985 975 3155 1045 ἄνδρα
3185 975 3497 1045 βασιλεύειν
3539 977 3595 1028 έν

2037 1061 2227 1125 αὐτοῖς
2277 1062 2599 1128 ἐξελέξατο·
2642 1065 3013 1134 ἀνδραγαθίας
3047 1065 3156 1137 γὰρ
3209 1067 3308 1137 τῆς
3344 1068 3404 1119 ὲν
3446 1065 3595 1119 miti-

2036 1169 2160 1220 μοις
2188 1153 2398 1222 ἕνεκεν,
2427 1155 2488 1209 οὐ
2522 1157 2631 1225 μὴν
2660 1157 2945 1220 εὐσεϐείας
2965 1197 2982 1223 ,
3015 1159 3285 1228 ᾐτήσαντο
3350 1156 3591 1227 βασιλέα.

2033 1244 2218 1315 Ταύτῃ
2244 1262 2346 1299 τοι.
2363 1248 2456 1300 καὶ
2472 1248 2564 1300 τὸν
2585 1248 2844 1317 μέγιστον
2870 1252 3090 1308 πάντων
3117 1248 3423 1316 ἐκλέγεται,
3446 1250 3592 1302 ἐπει-

2033 1335 2214 1407 δήπερ
2242 1337 2303 1391 οὑ
2327 1337 2507 1410 ψυχῆς
2536 1339 2740 1411 ἀρετὴν
2769 1340 2908 1395 ἀλλά
2965 1340 3220 1413 σώματος
3246 1341 3591 1413 θαυμάζομεν

2038 1424 2293 1495 μέγεθος.
3355 1437 3359 1440 ’

2107 1699 2264 1753 Μετά
2298 1698 2354 1753 δὲ
2388 1699 2621 1755 θάνατον
2659 1699 2754 1754 τοῦ
2787 1700 2962 1755 Σαοὺλ
3010 1700 3368 1756 ἐϐασίλευσεν
3400 1702 3460 1756 ἑν
3498 1704 3593 1756 ’ῐσο

364 1770 592 1826 regnum
625 1760 772 1829 apud
810 1761 1093 1820 lsraelicos
1115 1777 1372 1837 occupat,
1390 1769 1593 1826 Davide
1619 1772 1928 1857 Iudaeorum

2049 1788 2179 1858 ραὴλ
2202 1791 2231 1843 6
2257 1789 2372 1853 υίὸς
2428 1790 2595 1844 αὑτοῦ
2647 1790 2948 1861 Μεμφοστὲ
2979 1792 3117 1863 (35),
3180 1794 3239 1845 ὲν
3272 1793 3448 1862 Ἰούδᾳ
3489 1794 3542 1847 δι
3570 1796 3596 1847 6

367 1846 611 1902 nationis
650 1847 881 1918 imperio
924 1860 1211 1908 contento.
1253 1856 1391 1912 Nam
1431 1875 1458 1912 τι
1493 1859 1750 1917 Satnuelo
1782 1849 1935 1933 prius

365 1936 507 2005 apud
550 1938 650 1994 hos
676 1955 842 2012 regno
872 1942 1130 2000 inunctus
1158 1946 1358 2004 fuerat.
1402 1949 1609 2008 Deinde
1657 1953 1936 2011 Richabus

364 2038 422 2083 et
460 2027 674 2087 Baneas
718 2033 1153 2104 Memphiboseto
1194 2041 1332 2096 clam
1364 2042 1653 2102 interfecto
1678 2048 1744 2102 ad
1777 2049 1938 2105 Davi-

363 2121 489 2177 dein
521 2138 580 2178 se
615 2124 929 2195 conferunt,
960 2132 1116 2200 quasi
1145 2134 1460 2203 praclaram
1500 2137 1619 2208 ejus
1650 2142 1814 2198 caedis
1842 2158 1938 2214 pa-

366 2220 520 2266 tratae
551 2230 713 2271 causa
746 2218 961 2275 laudem
1002 2225 1147 2293 apud
1178 2224 1328 2281 illu‘m
1360 2228 1662 2286 inventuri.
1705 2232 1939 2291 Davides

367 2318 498 2359 vero
528 2315 820 2380 utrumque
847 2315 1116 2382 supplicio
1146 2319 1340 2373 mortis
1368 2320 1552 2386 allicit,
1583 2327 1939 2394 quemadmo-

365 2393 494 2450 dum
519 2407 575 2452 et
600 2411 726 2455 ante
756 2404 1048 2471 puniverat
1071 2407 1429 2465 Amalecitam
1456 2393 1630 2479 illum,
1656 2430 1751 2485 per
1776 2433 1937 2488 quem

366 2485 568 2544 Saulus
615 2491 832 2548 occisus
879 2494 1082 2551 fuerat.
1131 2497 1261 2554 Post
1302 2502 1357 2556 id
1397 2506 1663 2575 temporis
1706 2485 1939 2568 Davides

366 2577 641 2634 universae
688 2583 928 2640 nationis
979 2602 1073 2642 rex
1119 2589 1446 2649 declaratur.
1498 2596 1651 2652 Sauli
1715 2601 1937 2670 quidem

366 2665 532 2722 ﬁliam
563 2685 786 2726 uxorem
822 2675 1055 2748 accepit,
1076 2679 1236 2734 aliter
1265 2690 1444 2738 tamen
1478 2700 1640 2756 quam
1668 2665 1938 2762 Joseplius

365 2770 628 2827 exponat,
679 2764 934 2820 videlicet
991 2771 1202 2837 praemii
1246 2771 1389 2840 loco,
1444 2791 1568 2832 cum
1623 2778 1937 2838 Golialhum

366 2848 552 2903 [unde
590 2852 741 2920 jactu
797 2866 1073 2924 necasset,
1107 2863 1569 2928 quemadmodum
1615 2867 1760 2924 inter
1792 2871 1940 2941 ipsos

366 2954 724 2999 convenerat.
748 2946 1111 3019 Posteaquam
1140 2968 1273 3009 vero
1301 2954 1533 3012 Davides
1562 2975 1659 3014 rex
1685 2960 1940 3033 designa-

366 3042 455 3088 tus
483 3043 585 3099 est,
619 3035 992 3111 Hierosolyma
1021 3057 1145 3097 cum
1185 3047 1359 3116 copiis
1397 3048 1625 3119 invadit,
1658 3062 1716 3108 et
1745 3055 1936 3124 ejectis

366 3124 564 3183 incolis
587 3130 772 3199 oppidi
800 3131 1067 3187 Jebusaeis
1103 3137 1305 3206 regiam
1354 3154 1510 3195 suam
1548 3141 1938 3216 Hierosolymis

364 3220 678 3279 constituit.
730 3221 948 3280 Primus
1008 3226 1232 3296 quidem
1299 3239 1450 3286 certe
1508 3231 1773 3292 Jebustcis
1815 3238 1949 3293 inde

366 3312 559 3380 pulsis,
597 3322 655 3367 ut
683 3315 953 3385 Josepbus
993 3330 1200 3387 narrat,
1234 3321 1302 3377 de
1349 3338 1450 3378 suo
1496 3328 1720 3382 nomine
1750 3329 1936 3384 urbem

368 3402 680 3459 Davidicam
709 3408 1039 3477 appellavit;
1061 3426 1186 3466 nam
1218 3414 1512 3471 Abrahami
1536 3426 1696 3473 aelate
1725 3419 1940 3493 Solyma

368 3499 815 3565 nuncupabatur.

440 3586 754 3644 Secundum
791 3592 904 3648 haec
929 3593 1071 3650 forte
1096 3609 1389 3669 conspecta
1420 3599 1712 3668 Bersabea,
1735 3623 1857 3677 qua:
1888 3624 1947 3664 se

369 3678 516 3732 domi
552 3696 666 3736 sum
696 3683 975 3752 abluebat,
1005 3689 1125 3758 ejus
1159 3706 1347 3746 amore
1394 3702 1587 3766 captus
1631 3707 1754 3765 est;
1790 3716 1946 3754 eum‘

369 3788 490 3843 que.
525 3774 580 3828 in
636 3779 921 3847 amplexus
966 3784 1216 3841 mulieris
1258 3788 1538 3855 venisset,
1587 3805 1844 3861 procurat
1887 3804 1948 3849 ut

372 3867 606 3921 maritus
637 3867 756 3935 ejus
790 3869 950 3927 Urias
996 3874 1048 3928 in
1081 3877 1270 3946 praelio
1298 3881 1538 3949 quodam
1573 3887 1945 3953 occumberet.

371 3957 489 4012 Non
520 3960 684 4032 longo
713 3970 962 4033 tempore
988 3966 1280 4038 interjecto
1315 3988 1345 4027 a
1377 3972 1627 4031 Natbane
1661 3987 1784 4034 vate
1819 3980 1948 4036 faci-

372 4051 524 4104 noris
558 4052 703 4107 illius
733 4057 1004 4124 arguitur.
1033 4057 1231 4114 Secuta
1259 4070 1343 4116 est
1371 4062 1547 4134 ipsius
1578 4066 1701 4137 fuga
1726 4078 1950 4139 propter

372 4141 683 4196 Abesalumi
740 4143 832 4197 ﬁlii
881 4147 1246 4203 't'ebellionent
1275 4167 1290 4217 ;
1320 4169 1424 4221 qua
1473 4156 1694 4226 quidem
1729 4160 1782 4212 in
1827 4159 1950 4232 iuga

372 4234 716 4289 concubinas
735 4250 865 4290 suas
897 4236 966 4290 10
995 4239 1278 4310 relinquit,
1309 4259 1428 4313 quae
1458 4246 1676 4302 domum
1706 4253 1949 4306 custodi«

375 4331 520 4376 rent.
547 4322 721 4378 Causa
754 4340 885 4379 vero
916 4330 1275 4396 quamobrem
1302 4333 1662 4393 Abesalomus
1691 4340 1792 4394 ltoc
1829 4357 1953 4410 par-

2037 1879 2223 1934 Δαϐίδο
2252 1880 2407 1952 παρά
2447 1881 2700 1953 Σαμουὴλ
2724 1884 2819 1935 καὶ
2854 1883 2964 1954 γὰρ
2996 1885 3284 1954 χρισθῆναι
3330 1886 3595 1955 προέφθα-
3644 1956 3651 1967 ι

2038 1990 2150 2026 σεν.
2180 1963 2541 2043 Εἶτα’⁰Ριχαῦ
2577 1975 2671 2027 καὶ
2714 1974 2922 2038 Βανέας
2952 1975 3128 2046 λάθρα
3170 1976 3263 2029 τὸν
3301 1977 3593 2046 Μεμφοστὶ

2018 2065 2323 2129 ,ἀνελόντες
2347 2061 2512 2136 ἦλθον
2560 2065 2700 2136 πρὸς
2734 2065 2830 2120 τὸν
2856 2066 3021 2120 Δαϐὶδ
3050 2066 3125 2131 ὡς
3185 2068 3349 2137 δῆθεν
3397 2068 3596 2122 εὐδοκι-

2042 2160 2320 2230 μήσαντες
2346 2159 2433 2212 διά
2461 2159 2553 2213 τὸν
2580 2159 2763 2228 φόνον.
2808 2159 2868 2213 '0
2891 2160 2947 2213 δὲ
2976 2161 3186 2214 ἀνεῖλεν
3215 2161 3437 2225 αὐτοὺς,
3462 2160 3595 2214 καθά

2037 2250 2102 2321 δὴ
2133 2253 2230 2305 καὶ
2261 2248 2354 2303 τὸν
2376 2250 2755 2320 Ἀμαληκίτην
2793 2252 3029 2319 ἐκεῖνον,
3068 2251 3136 2305 δι’
3166 2243 3227 2304 οὗ
3262 2255 3288 2304 6
3322 2251 3494 2304 Σαοὺλ
3537 2251 3593 2302 τὸ

2012 2341 2192 2403 .τέλος
2229 2341 2467 2406 ἐδέξατο.
2507 2340 2824 2412 Τηνικαῦτα
2866 2345 3069 2406 παντὸς
3103 2342 3201 2396 τοῦ
3262 2343 3399 2396 λαοῦ
3449 2342 3593 2395 καθί-

2041 2449 2233 2486 σταται
2291 2432 2547 2502 βασιλεὺς
2580 2434 2609 2486 6
2664 2432 2851 2488 Δαϐῑδ.
2897 2435 3010 2504 Τὴν
3056 2433 3115 2489 δὲ
3166 2434 3448 2502 θυγατέρα
3498 2434 3583 2486 τοῦ

2040 2522 2236 2589 Σαοὺλ,
2273 2526 2323 2577 εί
2361 2524 2437 2594 μὴ
2463 2523 2541 2586 ὡς
2578 2524 2847 2596 Ἰώσηπος
2908 2526 3134 2596 ἱστορεῖ,
3189 2526 3306 2580 ἀλλ’
3346 2525 3439 2579 οὖν
3469 2525 3591 2577 επα-

2042 2612 2165 2667 θλον
2197 2614 2410 2678 ἐλαϐεν,
2435 2614 2599 2685 ἡνίκα
2635 2614 2727 2668 τὸν
2763 2616 2954 2669 Γολιὰθ
2983 2615 3388 2685 ὲσφενδὸνησεν
3411 2631 3428 2648 ο
3452 2614 3592 2683 οὕτω

2038 2707 2150 2778 γὰρ
2186 2706 2463 2777 ἀναμέσον
2495 2707 2678 2760 αὐτῶν
2738 2707 3164 2777 συμπεφώνητο.
3209 2707 3271 2762 Ὀ
3326 2706 3460 2774 γοῦν
3501 2712 3592 2758 Δα-

2041 2801 2126 2856 ϐὶδ
2163 2799 2305 2871 μετά
2326 2799 2388 2852 τὸ
2418 2798 2854 2869 ἀναγορευθῆναι
2883 2799 3137 2869 βασιλεὺς
3184 2801 3474 2865 ἐφίσταται
3531 2799 3590 2868 τῇ

2053 2890 2425 2961 Ἰεροσόλυμα,
2458 2890 2701 2954 καὶτοὺς
2745 2890 2928 2943 ἐκεῖσε
2979 2889 3370 2955 κατοικοῦντας
3404 2889 3590 2945 Ἰεϐου-

2044 2983 2229 3043 σαίους
2265 2981 2695 3054 τροπωσάμενος
2744 2980 3023 3051 βασιλείαν
3052 2980 3249 3034 ἑαυτοῦ
3279 2983 3513 3034 ποιεῖται
3534 2977 3593 3029 τά

1964 3097 2010 3160 c
2053 3075 2429 3147 Ἱεροσόλυμα.
2458 3072 2680 3144 Πρῶτος
2716 3076 2815 3143 μὲν
2853 3071 2946 3126 οὖν
2999 3071 3184 3136 Δαϐὶδ,
3219 3070 3294 3135 ὡς
3346 3070 3593 3138 Ἰώσηπος

2047 3167 2413 3238 {magniﬁci};
2438 3165 2800 3228 Ἰεϐουσαίους
2832 3165 3040 3219 ἐκεῖθεν
3068 3163 3344 3228 ἐκϐαλὼν,
3374 3163 3592 3231 ἀφ’ὲαυ-

2042 3262 2141 3315 τοῦ
2176 3259 2272 3331 τὴν
2305 3257 2463 3311 πόλιν
2508 3255 2947 3327 προσαγορεύειο
2982 3256 3202 3325 Σόλυμα
3228 3254 3326 3308 καὶ
3354 3254 3462 3323 γὰρ
3512 3250 3592 3304 ἐπὶ

2045 3352 2298 3424 Ἀϐραὰμ
2327 3349 2598 3405 ἐκαλεῖτο.

2118 3620 2273 3674 Μετά
2301 3617 2357 3671 δὲ
2388 3615 2562 3669 ταῦτα
2583 3615 2684 3685 δρᾷ
2709 3614 2809 3686 τὴν
2861 3612 3155 3683 Βηρσαϐεὲι
3199 3612 3500 3684 λουομένην
3546 3616 3596 3666 ἐν

2047 3707 2125 3779 τῷ
2153 3707 2290 3777 οἴκῳ
2337 3705 2530 3775 αὐτῆς,
2578 3703 2699 3756 ὅθεν
2750 3705 2843 3757 καὶ
2888 3703 3097 3773 ταύτης
3152 3705 3278 3775 ἐρᾷ.
3340 3705 3595 3772 Μίγνυται

2048 3799 2234 3852 λοιπὸν
2272 3796 2436 3867 αὐτῇ,
2471 3795 2564 3848 καὶ
2592 3795 2683 3849 τὸν
2715 3795 2921 3866 Οὐρίαν
2958 3795 3240 3865 οίκονομεῖ
3273 3795 3490 3865 θανάτῳ
3515 3812 3596 3848 πε-

2053 3890 2319 3962 ριπεσεῖν,
2352 3888 2411 3951 ὃς
2449 3887 2587 3957 ἀνὴρ
2612 3887 2784 3955 αὐτῆς
2815 3883 2906 3958 ἦν.
2961 3889 3036 3940 Οὐ
3077 3888 3213 3940 πολὺ
3242 3887 3305 3941 τὸ
3354 3889 3412 3941 ἐν
3441 3889 3594 3959 μέσῳ.

2049 3982 2145 4034 καὶ
2169 3980 2258 4033 διὰ
2282 3979 2471 4034 Νάθαν
2493 3978 2801 4048 ἐλέγχεται.
2829 3975 2962 4032 Εῐτα
2991 3978 3186 4046 φεύγει
3235 3978 3324 4032 διὰ
3373 3979 3469 4049 τὴν
3512 3977 3593 4030 τοῦ

2048 4069 2415 4140 Ἀϐεσσαλὼμ
2462 4070 2862 4133 ἐπανάστασιν,
2915 4069 3251 4138 καταλείψας
3294 4070 3395 4132 τὰς
3449 4065 3593 4122 αὐτοῦ

2049 4163 2183 4217 δέκα
2213 4160 2498 4224 παλλακὰς
2535 4160 2832 4228 φυλάσσειν
2875 4160 2967 4214 τὸν
3003 4157 3155 4214 οἷκον
3207 4161 3397 4215 αὑτοῦ.
3444 4150 3517 4213 Ἦ“
3549 4158 3597 4210 δὲ

2054 4256 2204 4308 αἰτία
2232 4253 2326 4306 τοῦ
2358 4251 2725 4320 ’Λϐεσσαλὼμ
2774 4251 3115 4323 πατραλοίαν
3161 4252 3420 4320 γενέσθαι
3455 4250 3596 4317 αὕτη.

2051 4348 2143 4419 Τῷ
2196 4346 2363 4400 Δαϐὶδ
2431 4345 2682 4417 θυγάτηρ
2739 4338 2810 4415 ἦν
2867 4345 3074 4416 σφόδρα
3140 4345 3496 4414 περικαλλὴς,
3534 4341 3599 4412 τῷ

377 4413 626 4471 ricidium
656 4430 967 4488 monretur,
1004 4421 1122 4479 haec
1153 4421 1277 4480 fuit.
1310 4424 1559 4484 Habebat
1592 4430 1758 4495 ﬁliam
1795 4435 1938 4489 Davi-

2055 4413 2413 4510 Ἀϐεσσαλὼμ
2440 4413 2804 4509 ὁμομήτριος.
2838 4413 3342 4507 ΤαύτηςὸἊμνὼν
3375 4438 3474 4508 ἐρᾷ
3507 4441 3599 4487 τῶν

373 4506 471 4563 des
496 4508 902 4581 elegantissima
945 4514 1121 4574 forma
1171 4518 1332 4590 178
1374 4521 1678 4590 prrcditam,
1707 4542 1827 4596 qua:
1858 4543 1951 4583 ea-

375 4602 497 4657 dem
524 4617 647 4658 cum
680 4605 1009 4666 Abesalomo
1033 4621 1161 4666 nata
1207 4622 1383 4668 matre
1411 4612 1611 4671 fuerat.
1640 4616 1793 4674 Hanc
1822 4635 1948 4675 cum

374 4694 613 4757 Amnon,
648 4700 920 4771 regiorum
959 4703 1195 4758 ﬁliorum
1230 4715 1358 4759 natu
1402 4707 1696 4775 maximus,
1747 4712 1947 4769 misere

374 4789 672 4858 deperiret,
720 4807 821 4847 nec
870 4794 1117 4851 libidinis
1143 4797 1429 4867 explenda:
1464 4800 1732 4856 rationem
1784 4805 1949 4859 ullam

377 4883 674 4950 reperiret,
714 4893 861 4940 totus
909 4888 1353 4951 contabescebat.
1406 4889 1649 4948 Tandem
1697 4897 1948 4951 morbum

374 4960 634 5040 simulat,
667 4991 731 5030 ac
780 4988 990 5046 patrem
1040 4989 1161 5035 orat
1210 4990 1271 5034 ut
1314 4997 1557 5038 sororem
1601 4984 1793 5041 adesse
1845 4987 1949 5041 sibi

375 5065 506 5119 \'e|.t
551 5066 603 5120 iu
647 5082 715 5122 co
754 5071 946 5124 morbo
995 5071 1344 5128 ministraudi
1393 5089 1580 5131 causa.
1618 5075 1876 5146 lmpetrat
1920 5095 1951 5134 a

374 5167 538 5227 patre
567 5161 711 5229 quod
755 5162 989 5217 volebat.
1034 5164 1293 5219 Amorem
1330 5180 1492 5221 suum
1537 5169 1728 5237 puella:
1756 5174 1950 5241 alaerit,

450 5371 565 5449 ('55)
600 5372 1097 5440 Memphibosetum
1167 5376 1337 5449 ﬁlium
1372 5378 1572 5437 Saulis.
1621 5381 1850 5449 ejusque
1902 5380 1955 5433 in

380 5445 528 5513 mgni
572 5452 722 5511 parte
748 5459 1122 5527 successorem
1140 5448 1463 5529 gravissimo
1488 5445 1677 5529 errore
1709 5445 1960 5529 statuunt

380 5515 794 5593 (ilyc_as,_atque
822 5514 993 5579 ipsius
1039 5514 1337 5593 interpres
1378 5517 1766 5593 ‘Lcunclavius.
1819 5520 1959 5574 LXX

380 5583 549 5637 editio
582 5584 821 5638 Romana
841 5593 997 5660 vocat
1039 5586 1293 5647 Ὶεϐοσθὲ,
1327 5590 1591 5652 lsboscth,
1630 5606 1794 5660 quem
1856 5606 1952 5644 c0-

387 5659 485 5705 itcx
519 5664 709 5724 uoster
733 5670 798 5708 ex
822 5670 932 5722 quo
951 5656 1197 5711 Graecum
1228 5669 1429 5712 textum
1471 5656 1758 5724 edidimus,
1799 5670 1955 5715 vui-at

388 5723 796 5792 Μεὲλφοττὲνῗο
826 5726 1207 5798 Μεμφιεοστὲ,
1252 5743 1314 5781 ex
1370 5743 1475 5798 quo
1542 5730 1953 5802 Mempitcbcsc-

2057 4532 2306 4601 ἀδελφῶν
2334 4531 2361 4583 6
2386 4529 2787 4601 πρεσϐύτατος.
2820 4528 2933 4581 Καὶ
2965 4528 3041 4598 μὴ
3086 4527 3226 4599 ἔχων
3257 4528 3330 4580 τὰ
3362 4524 3460 4596 τῆς
3492 4527 3594 4576 ἑπι-

2058 4623 2260 4694 θυμίας
2311 4621 2599 4692 πληρῶσαι
2646 4620 2853 4691 σφόδρα
2900 4620 3255 4688 κατετήκετο.
3286 4610 3475 4687 Ἐφἰἷι
3521 4613 3600 4668 καὶ

2055 4719 2231 4770 νοσεῖν
2259 4713 2640 4785 ὑποκρίνεται.
2700 4711 2958 4766 Ἰκετεύει
3017 4711 3109 4764 τὸν
3146 4710 3360 4780 πατέρα
3405 4722 3601 4776 συμπα-

2058 4806 2319 4877 ραμένειν
2348 4803 2497 4875 αὑτῷ
2522 4805 2621 4874 τὴν
2655 4803 2892 4873 ἀδελφὴν
2920 4801 3169 4866 δουλείας
3216 4803 3434 4855 ἕνεκεν.
3474 4799 3603 4851 Γίνε-

2055 4916 2144 4951 ται
2173 4896 2369 4951 ταῦτα.
2413 4894 2817 4949 Ἀποκαλύπτει
2848 4895 2911 4947 τὸ
2948 4893 3120 4957 πάθος
3158 4894 3323 4963 αὐτῇ,
3362 4894 3396 4962 ἡ
3443 4889 3483 4942 δ’
3515 4886 3600 4939 οὐκ

2056 4986 2328 5042 ἐπείθετο.
2354 4985 2611 5049 Βιάζεται
2643 4984 2836 5056 αὐτὴν,
2865 4986 2933 5052 ὲφ
2973 4977 3018 5051 ᾧ
3042 4980 3381 5051 καταπειθὴς
3407 4980 3596 5049 ὁρᾶται.

2058 5081 2413 5150 Παραχρῆμα
2447 5081 2604 5148 μῖσος
2630 5079 2877 5130 τίκτεται
2910 5076 3033 5131 κατ’
3066 5076 3238 5144 αὐτῆς
3277 5073 3354 5143 τῷ
3391 5067 3599 5140 Ἀμνὼν.

2060 5172 2144 5240 ἐφ’
2163 5165 2204 5238 ᾧ
2224 5171 2318 5223 καὶ
2351 5167 2604 5222 ἐκϐάλλει
2625 5169 2820 5238 αὐτήν.
2851 5167 3106 5221 Θλίϐεται
3136 5166 3197 5218 οὐ
3234 5163 3440 5236 μικρῶς
3461 5161 3599 5225 αὕτη.

2069 5396 2181 5437 tum
2210 5397 2391 5441 suum.
2422 5380 2513 5457 qui
2543 5379 2867 5457 Jonatbanis
2908 5375 3064 5457 ‘ﬁli'us
3100 5374 3208 5457 fuit
3235 5383 3460 5457 utr_oque
3486 5365 3601 5457 ρειξε

2066 5453 2311 5509 claudus.
2341 5445 2689 5525 concinnavit
2703 5448 3100 5525 _Leuttcla\_’i_us.
3119 5445 3440 5525 _l_{-i_c.hu_bum
3484 5452 3601 5525 qut)-

2067 5538 2172 5589 que
2197 5533 2249 5577 et
2286 5521 2858 5604 Baneantuexb-ibuit.‘
2892 5517 2982 5604 (lui
3013 5517 3075 5604 iit
3119 5515 3283 5604 μυξη
3307 5516 3599 5604 iiigererctgt;

2058 5585 2204 5646 tione
2223 5593 2481 5648 dit-untur
2528 5591 2735 5660 Ῥηχάϐ
2771 5591 2868 5642 καὶ
2900 5585 3102 5655 Βσανά,
3131 5587 3185 5642 in
3242 5586 3303 5643 Ρ.
3347 5585 3598 5654 Tutia"

2058 5672 2244 5719 nostro
2279 5661 2468 5731 Ῥιχαῦ
2489 5663 2582 5717 καὶ
2624 5662 2850 5724 Βανέας.
