3794 6226
208 355 296 420 311
1420 355 1786 418 ANNALIUI

1901 358 2060 417 ’ARS
2100 354 2183 419 II.
3178 385 3192 396 ·
3314 359 3423 424 342

206 471 562 530 ἀποκαλύπτει
592 473 768 528 ταῦτα
811 473 888 543 τῷ
917 472 1296 543 Ἀὅεσσαλώμ.
1340 474 1751 543 Παρατηρεῖται
1783 520 1786 529 ,

1901 487 1978 524 me
2016 486 2138 524 cum
2175 471 2295 540 ejus
2329 469 2600 525 desiderio
2645 486 2758 526 non
2809 469 3194 531 assentiretur,
3235 470 3429 524 vitium

204 564 404 634 καιρὸν,
429 563 710 633 ἐξέρχεται
732 565 812 626 είς
839 564 1043 634 κουρὰν
1069 564 1173 616 τῶν
1199 562 1531 633 θρεμμάτων
1565 560 1751 626 αὑτοῦ,

1901 565 1905 616 i
1943 578 2038 632 per
2070 563 2178 617 vim
2210 561 2390 616 offert.
2423 561 2542 615 Mox
2574 572 2837 632 (ιυιιοεπριο
2866 563 2919 617 in
2962 577 3082 616 eam
3127 561 3252 616 odio
3280 561 3429 616 foras

206 655 549 724 συλλαμϐάνει
587 657 706 724 μεθ’
739 657 936 709 ἑαυτοῦ
966 658 1060 709 καὶ
1094 657 1220 720 τοὺς
1251 656 1537 725 ἀδελφούς.
1565 657 1752 712 Τελεί-

1901 653 2110 706 iolatam
2159 653 2330 720 ejieit.
2380 653 2472 706 Illa
2522 669 2631 707 non
2677 670 2880 721 parum,
2921 635 3097 708 semet
3139 653 3426 715 afﬂictare,

203 765 284 800 ται
319 747 631 815 συμπόσιον,
665 749 758 799 καὶ
795 748 1116 818 καρωθέντα
1147 748 1238 801 τὸν
1267 749 1481 816 Ἀμνὼν
1505 748 1751 801 κτείνου-

1901 743 2009 796 ’ίιιτί
2067 743 2396 797 Abesalomo
2443 758 2557 796 rem
2611 744 2960 812 patefacere;
3018 744 3110 813 qui
3163 743 3429 812 temporis

204 853 280 887 σιν
316 836 363 887 ol
417 837 625 888 οἰκέται
660 836 853 889 αὑτοῦ.
904 837 1186 890 Ἐντεῦθεν
1220 836 1311 890 οὖν
1343 839 1370 888 6
1397 837 1755 904 Ἀϐεσσαλὼμ

1901 836 2263 905 pportunitate
2292 836 2603 898 observata,
2635 851 2858 888 suorum
2902 837 2965 889 ad
3000 851 3263 904 pecorum
3301 846 3432 888 ton-

203 925 448 994 πτοηθείς
479 928 694 994 φρονεῖν
722 926 925 996 ἤρξατο
951 927 1092 980 κατὰ
1122 929 1352 995 πατρός.
1396 927 1506 980 Καὶ
1539 927 1754 997 πρῶτον

1901 942 2038 979 iram
2084 927 2435 992 proficiscens
2488 925 2686 980 fratres
2749 940 2878 979 suos
2924 927 3184 979 invitatos
3239 941 3428 982 secum

206 1017 293 1084 μὲν
321 1016 494 1068 πείθει
534 1017 694 1070 αὐτον
728 1021 756 1070 ὁ
788 1017 1066 1086 Ἀχιτόφελ
1089 1020 1168 1080 είς
1197 1018 1296 1080 τὰς
1327 1019 1612 1079 παλλακὰς
1641 1021 1756 1070 εἰσ-

1901 1017 2098 1070 bducit.
2158 1015 2295 1070 Hinc
2357 1018 2578 1086 epulum
2652 1017 2962 1078 instruitur,
3019 1019 3431 1086 Amnonemque

203 1111 366 1160 ελθεῖν
416 1109 511 1161 τοῦ
561 1108 796 1178 Πατρδς,
829 1108 1017 1161 ἔπειτα
1054 1108 1412 1177 συμόουλεύει
1449 1108 1595 1176 αὐτῷ
1619 1109 1758 1177 μετὰ

1901 1121 2062 1162 ictum
2128 1109 2444 1163 hilariorem
2499 1109 2809 1162 Abesalomi
2873 1108 3058 1160 fratris
3119 1107 3307 1160 famuli
3360 1124 3428 1161 ex

206 1203 446 1270 organi,
471 1202 712 1271 ὁρμῆσαι
745 1200 886 1253 κατὰ
917 1200 1011 1253 τοῦ
1043 1201 1226 1254 Δαϐίδ.
1261 1200 1352 1271 Μὴ
1379 1201 1756 1263 εἰσακουσθεὶς

1901 1201 2162 1268 aliiposito
2211 1212 2434 1255 necant.
2476 1201 2550 1254 Ex
2609 1215 2675 1254 eo
2729 1211 2974 1268 tempore
3027 1209 3279 1252 metuens
3330 1198 3434 1253 sibi

203 1291 252 1343 δὲ
295 1291 378 1344 διὰ
425 1290 484 1344 τὸ
516 1291 727 1360 ἀγαθὴν
763 1291 908 1354 δόξαι
958 1291 1056 1361 τὴν
1091 1291 1184 1344 τοῦ
1227 1293 1397 1345 Xoual.
1445 1293 1758 1362 συμϐουλὴν

1909 1293 2219 1346 besalomus
2247 1295 2474 1348 consilia
2507 1294 2754 1361 quaedam
2793 1302 2985 1346 contra
3021 1300 3228 1360 patrem
3273 1291 3436 1344 moli-

207 1383 369 1451 (ἔτυχε
405 1383 514 1453 γὰρ
574 1383 725 1452 φίλος
759 1378 901 1434 εἶναι
943 1382 1021 1452 τῷ
1069 1381 1232 1436 Δαὸὶδ
1266 1388 1294 1436 6
1325 1383 1516 1454 Χουσὶ)
1554 1386 1760 1456 ἀγχόνῃ

1901 1400 1974 1438 ll‘.
2013 1385 2090 1438 Ac
2123 1386 2300 1455 primo
2329 1386 2548 1452 quidem
2578 1396 2767 1438 auctor
2794 1385 2847 1437 ei
2892 1384 2993 1437 fuit
3040 1382 3439 1451 Achitopbelus

204 1475 484 1542 ἐχρήσατο.
517 1473 644 1525 Ἐπὶ
688 1475 745 1526 δὲ
778 1475 954 1542 τούτῳ
987 1473 1244 1526 διώκεται
1277 1473 1475 1540 μᾶλλον
1511 1477 1537 1526 6
1563 1473 1758 1526 Ἀϐεσ-

1902 1482 1922 1527 t
1950 1475 2117 1540 patris
2147 1475 2480 1528 concubinas
2507 1474 2705 1537 iniret;
2726 1473 2924 1527 deinde
2953 1481 3010 1526 ut
3035 1488 3159 1528 cum
3194 1472 3437 1526 exercitu

206 1561 407 1630 σαλὼμ.
452 1562 546 1614 καὶ
574 1563 640 1632 δὴ
672 1563 1182 1630 καταλαμϐάνεται.
1218 1563 1362 1615 Ἀλλ’
1397 1557 1441 1615 ὦ
1467 1563 1760 1631 Δαὸιδικῆς

1901 1564 2121 1617 tavidem
2167 1567 2472 1618 invaderet.
2511 1564 2708 1618 Verum
2754 1580 2876 1616 cum
2923 1564 2973 1616 ei
3008 1571 3295 1632 propterea
3330 1577 3438 1615 non

205 1650 401 1720 ψυχῆςί
447 1654 538 1704 καὶ
568 1652 806 1704 τοσαῦτα
841 1653 950 1720 γὰρ
987 1652 1176 1704 παθὼν
1222 1653 1374 1723 παρὰ
1401 1653 1495 1705 τοῦ
1546 1669 1760 1722 πατραιο

1901 1657 2351 1724 btemperaretur,
2408 1657 2553 1724 quod
2619 1655 2835 1708 Chustei
2897 1654 3186 1708 consilium
3243 1654 3440 1706 melius

205 1743 311 1794 λοία
334 1744 482 1809 ἔλεγε
500 1757 513 1770 ·
539 1762 556 1793 ι
586 1743 848 1796 Φείσασθε
876 1729 1293 1813 τοῦ’παιδαρίου
1326 1743 1700 1812 Ἀὃεσσαλώμ.
1733 1762 1752 1795 ι

1901 1762 1987 1801 ssc
2016 1749 2190 1801 visum
2225 1747 2438 1812 fuisset,
2465 1748 2700 1802 hominis
2733 1746 2919 1800 Davidi
2946 1744 3100 1798 valde
3121 1743 3438 1803 familiaris.

217 1835 365 1889 Ἀλλὰ
421 1838 514 1888 καὶ
564 1836 659 1889 τοῦ
715 1837 873 1890 Ίωὰὸ
910 1839 1052 1890 κατὰ
1113 1839 1341 1906 καρδίας
1375 1838 1628 1906 βαλόντος
1667 1838 1760 1891 τὸν

1901 1837 2159 1904 uspendio
2208 1839 2371 1891 vitam
2406 1823 2894 1892 finit.'Secnnduin
2929 1839 3044 1890 haec
3081 1837 3438 1890 Abesalomus

204 1928 572 1996 ’Ᾱόεσσαλὼμ,
609 1930 778 2000 ήνίκα
806 1931 882 1999 τῷ
937 1932 1139 2002 δένδρῳ
1169 1931 1476 2004 ἀηωρήθη
1505 1933 1614 1984 τῶν
1647 1949 1764 2001 τρι-

1901 1937 2077 1998 mpetu
2118 1932 2308 1998 majori
2345 1941 2551 2001 patrem
2590 1930 2968 1999 persequitur:
2994 1927 3088 1984 sed
3119 1931 3289 1984 haeret
3323 1939 3444 1983 tan—

205 2017 324 2083 χῶν,
358 2018 661 2087 ἑθρήνησεν
693 2018 934 2088 ἄμετρα.

1901 2036 2013 2072 ηυιιι.
2066 2024 2241 2088 Atque
2284 2021 2371 2075 hic
2416 2021 2547 2074 mihi
2593 2022 2916 2075 Davidicum
2949 2021 3190 2074 animum
3234 2021 3440 2089 aspice.

205 2105 512 2174 Quanquam
563 2113 688 2164 talia
753 2121 1015 2179 tantaque
1064 2126 1360 2181 perpessus
1399 2125 1428 2164 a
1487 2108 1760 2179 parricida
1803 2108 2018 2174 fuisset,
2079 2111 2432 2166 nihilominus
2500 2114 2553 2165 in
2585 2113 2699 2166 haec
2733 2113 2899 2168 verba
2941 2126 3074 2166 suos
3105 2110 3441 2180 alloquitur:

211 2217 228 2250 ι
264 2197 466 2254 Parcite
509 2200 718 2269 juveni
751 2201 1166 2255 Abesalomo“.
1205 2220 1222 2253 ι
1268 2199 1436 2267 Idem,
1469 2216 1591 2254 cum
1659 2199 2020 2257 Abesalomus
2069 2202 2254 2256 arbori
2301 2203 2546 2258 crinibus
2602 2203 2821 2258 innexis
2877 2202 3224 2265 adhaesisset,
3279 2217 3444 2271 supra

206 2295 412 2346 modum
443 2293 810 2349 calamitatem
850 2297 969 2364 ejus
999 2296 1326 2364 deploravit.

270 2387 356 2456 Τῷ
383 2391 574 2455 μέντοι
616 2391 780 2442 Δαὸἳδ
819 2389 1118 2458 μελετῶντι
1146 2389 1270 2440 ναὸν
1306 2387 1658 2456 οἰκοδομῆσαι
1688 2386 1765 2457 τῷ

210 2483 387 2551 Κυρίῳ
421 2483 581 2536 εἶπεν
634 2486 661 2536 6
712 2482 931 2534 Νάθανο
976 2499 996 2530 ‹
1029 2481 1213 2534 Πάντα
1246 2481 1344 2533 ὅσα
1370 2481 1428 2532 ὲν
1472 2482 1536 2548 τῇ
1571 2480 1768 2550 καρδίᾳ

210 2592 292 2627 σου
325 2575 506 2644 βάδιζε
538 2575 632 2627 καὶ⁵
664 2574 826 2636 ποίει,
855 2575 936 2626 ὃτι
961 2573 1093 2635 Θεὸς
1131 2571 1270 2640 μετὰ
1306 2571 1422 2624 σοῦ.
1462 2589 1480 2623 ι
1502 2571 1766 2641 Ἠγνόησε

1951 2383 2264 2442 Secundum
2315 2386 2428 2442 hmc
2455 2387 2718 2456 cogitanti
2755 2406 2878 2443 cum
2915 2389 3098 2443 animo
3127 2404 3225 2442 suo
3258 2383 3450 2440 Davidi

1875 2475 1943 2530 de
1985 2479 2185 2546 templo
2231 2478 2283 2531 in
2326 2481 2592 2532 honorum
2634 2479 2838 2534 domini
2866 2481 3198 2533 exstruendo
3239 2478 3449 2530 Nathan

1877 2570 2188 2636 respondet,
2231 2571 2494 2639 quidquid
2537 2587 2723 2625 secum
2755 2573 2933 2626 facere
2965 2569 3364 2631 constituisset,
3399 2568 3451 2620 id

207 2669 308 2738 γὰρ
335 2670 426 2721 καὶ
453 2661 610 2727 οὗτος
644 2667 703 2720 τδ
734 2667 945 2735 μέλλον,
973 2666 1048 2727 ὡς
1079 2665 1107 2716 6
1139 2663 1394 2734 Σαμουὴλ
1421 2664 1513 2716 τὸν
1543 2665 1768 2732 χρισθηο

1901 2659 2055 2710 noliri
2092 2658 2202 2713 Deo
2237 2663 2478 2716 secundo
2507 2671 2779 2733 pergeret.
2823 2662 3113 2732 Ignorabat
3137 2662 3284 2713 enim
3305 2669 3454 2712 vates

211 2762 424 2829 σύμενον
457 2761 575 2812 υἱὸν
605 2758 698 2811 τοῦ
730 2759 954 2821 Ἰεσσαὶ,
989 2761 1082 2811 καὶ
1106 2755 1226 2818 ὼςιὸ
1268 2756 1570 2818 Ἐλισσαῖος
1590 2756 1650 2807 τὸ
1670 2755 1769 2824 τῆς

1901 2750 1999 2816 _uid
2046 2750 2285 2806 futurum
2343 2762 2523 2817 esset,
2574 2754 3037 2822 quemadmodum
3097 2750 3449 2821 inungendus

210 2851 553 2918 Σομανίτιδος
598 2850 794 2910 πάθος.
845 2847 1077 2917 Νύκτωρ
1121 2847 1176 2899 δὲ
1226 2849 1514 2914 ἐπιφανεὶς
1569 2845 1716 2916 αὐτῷ
1745 2849 1773 2900 6

1905 2843 2059 2898 essaai
2091 2843 2232 2897 filius
2257 2859 2285 2896 a
2322 2843 2580 2898 Samuclo
2619 2861 2724 2898 non
2758 2845 3183 2914 agnoscebatur,
3215 2855 3269 2895 et
3312 2839 3451 2895 lilis-

211 2941 399 3007 Κὺριος
425 2942 530 3008 ἔφη
551 2957 565 2970 ·
606 2959 623 2991 ι
664 2941 924 3008 Πορεύου,
958 2941 1052 2992 καὶ
1083 2937 1205 2990 εἰπὲ
1256 2937 1332 3003 τῷ
1361 2935 1531 3002 δούλῳ
1568 2953 1669 3007 μου
1698 2937 1774 3007 τῷ

1903 2951 2013 2989 atus
2043 2936 2405 2988 calamitatem
2430 2935 2786 2990 Sumanitidis
2806 2938 3114 3004 ignorabat.
3143 2933 3252 2987 Sed
3281 2941 3451 2986 noctu

212 3029 394 3082 Δαϐίδο
443 3030 570 3081 ’Ότι
623 3031 683 3080 οὐ
745 3029 810 3079 σὺ
875 3027 1252 3096 οίκοδομήσεις
1311 3043 1414 3094 μου
1461 3020 1632 3090 οἷκον,
1693 3027 1776 3079 ὅτι

1901 3033 2019 3078 )eus
2044 3023 2277 3077 Nathani
2309 3034 2637 3093 conspectus
2665 3025 2840 3089 inquit
2867 3043 2881 3078 :
2911 3043 2930 3074 ι
2955 3025 3057 3077 Abi
3089 3024 3455 3093 significatum

217 3123 415 3190 αἵματα
454 3121 630 3174 πολλὰ
668 3121 887 3190 ἐξέχεας
924 3121 1015 3172 ἐπὶ
1041 3121 1138 3187 τῆς
1172 3120 1273 3188 γῆς
1308 3119 1548 3172 ἐναντίον
1583 3136 1707 3188 μου.
1749 3136 1769 3169 ι

1901 3117 2082 3170 amulo
2113 3131 2232 3169 meo
2267 3115 2477 3178 Davidi,
2508 3129 2617 3167 non
2656 3114 2835 3182 ipsum
2864 3130 2984 3168 esse
3017 3115 3110 3185 qui
3141 3114 3310 3167 aedem
3348 3113 3459 3166 Do-

214 3213 373 3266 Τοῦτο
401 3215 460 3266 δὲ
497 3215 756 3284 εἰρῆσθαι
791 3215 938 3266 δοκεῖ
959 3215 1037 3270 εἰς
1067 3213 1335 3286 ὠφέλειαν
1364 3211 1471 3264 τῶν
1503 3211 1600 3274 τὰς
1628 3229 1778 3280 μιαι-
1819 3229 1822 3232 ·

214 3307 391 3372 φονίας
437 3305 866 3374 ἐργαζομένων·
921 3305 1043 3356 οὐδὲ
1115 3305 1222 3372 γὰρ
1276 3303 1341 3355 ἂν
1373 3302 1581 3355 δίκαιον
1619 3303 1778 3368 φόνον

214 3392 492 3460 ἐμέμψατο
522 3391 600 3460 τῷ
635 3392 846 3461 βασιλεῖ
872 3393 898 3443 6
925 3391 1017 3443 τοῦ
1045 3392 1226 3453 Φινεὲς
1258 3393 1352 3442 τὸν
1371 3392 1583 3444 δίκαιον
1620 3391 1780 3459 φόνον

215 3483 399 3546 θυσίας
434 3483 918 3552 προσαγορεύσας.
956 3484 1072 3547 Ἐφ’
1095 3475 1137 3549 ᾧ
1168 3483 1260 3534 καὶ
1293 3483 1476 3534 δίδωσι
1503 3482 1665 3533 Δαὸὶδ
1688 3483 1783 3532 Σο-

214 3575 442 3645 λομῶντι
481 3578 562 3644 τῷ
593 3575 694 3643 υἱῴ
724 3575 890 3627 αὑτοῦ
914 3574 974 3626 τὸ
1005 3575 1358 3642 παράδειγμα
1385 3573 1480 3625 τοῦ
1517 3574 1646 3626 ναοῦ
1690 3576 1784 3627 καὶ

215 3666 315 3718 τῶν
344 3668 510 3720 οἴκων
541 3665 727 3720 αὐτοῦ.
773 3666 954 3717 Πάντα
984 3667 1040 3717 ὲν
1067 3667 1252 3734 γραφῇ
1284 3667 1346 3717 ἐκ
1368 3665 1543 3734 χειρὸς
1574 3666 1780 3732 Κυρίου

216 3758 439 3811 δέδωκεν
470 3757 640 3826 αὐτῷ.
678 3756 842 3810 Ἀλλὰ
869 3759 960 3808 καὶ
984 3758 1148 3819 αὐτὸς
1177 3759 1202 3808 6
1233 3756 1440 3818 Νάθαν,
1463 3756 1626 3825 ήνίκα
1646 3755 1781 3824 πρὸς

216 3850 370 3902 αῠτ“ν
404 3850 688 3918 ἀπεστάλη
731 3849 884 3916 παρᾶ
934 3848 1090 3911 Θεοῦ,
1147 3848 1302 3898 εἰπε·
1343 3848 1572 3900 «Καλὸν
1627 3849 1785 3900 τοῦτο

217 3943 498 4010 ἐποίησας,
547 3944 630 3994 ὅτι
665 3941 906 4012 ἐγενήθη
943 3944 1002 3994 ἐν
1035 3942 1098 4009 τῇ
1145 3939 1346 4010 καρδῖᾳ
1395 3957 1489 3990 σου
1525 3939 1656 4009 περὶ
1688 3939 1782 3991 τοῦ

219 4033 571 4103 οἰκοδομῆσαι
598 4028 750 4084 οἷκον
772 4048 786 4061 ·
814 4029 930 4083 ἀλλ’
959 4030 1018 4082 οὐ
1058 4031 1144 4095 σὺ,
1170 4029 1523 4099 οἰκοδομήσει
1544 4031 1570 4081 6
1601 4032 1664 4082 ἐκ
1686 4029 1781 4082 σοῦ

219 4125 291 4177 δέ.
329 4144 348 4178 ι

1886 3207 2036 3262 mino
2063 3207 2133 3260 sit
2164 3213 2562 3270 exstructurus,
2594 3205 2822 3258 multum
2853 3205 3000 3258 enim
3033 3205 3107 3258 ab
3137 3219 3204 3257 eo
3234 3205 3459 3271 sanguis

1888 3299 1973 3352 nis
2007 3313 2128 3352 esse
2182 3297 2360 3351 fusum
2382 3297 2450 3348 ⁸⁵.
2485 3315 2504 3347 ι
2555 3295 2711 3362 Quod
2754 3295 2974 3365 quidem
3009 3305 3348 3363 postremum
3389 3294 3459 3346 ad

1882 3390 2172 3444 utilitatem
2204 3405 2393 3444 eorum
2434 3389 2641 3444 dictum
2669 3403 2796 3442 esse
2828 3387 3051 3440 videtur
3084 3387 3178 3455 qui
3214 3387 3460 3440 caedibus

1883 3497 2002 3536 sese
2041 3483 2421 3550 coinquinant.
2455 3481 2588 3535 Nam
2639 3479 2932 3549 carteroqui
2991 3479 3218 3534 minime
3257 3488 3460 3547 putan-

1884 3572 2014 3626 dum
2051 3583 2134 3628 est
2174 3575 2344 3627 Deum
2380 3574 2504 3626 huic
2536 3575 2645 3644 regi
2681 3575 2858 3628 caedes
2899 3572 3078 3642 justas
3129 3571 3464 3642 exprobrare

1889 3665 2146 3727 voluisse,
2163 3680 2284 3718 cum
2311 3665 2678 3732 perpetratam’
2698 3679 2726 3716 a
2748 3664 3017 3718 Phineaso
3039 3663 3240 3717 caedem
3268 3664 3466 3730 equis-

1891 3756 2084 3810 simam
2125 3755 2378 3809 sacrificii
2422 3755 2641 3810 nomine
2676 3755 2954 3822 dignetur.
2998 3753 3152 3808 Hanc
3190 3754 3354 3824 igitur
3392 3752 3464 3807 ob

1891 3862 2113 3901 causam
2146 3847 2379 3899 Davides
2413 3846 2694 3898 Salomoni
2725 3846 2833 3898 lilio
2863 3861 2965 3899 suo
2993 3845 3160 3899 tradit
3182 3845 3464 3908 exemplar

1891 3941 2212 3996 exstruendi
2241 3941 2426 4008 templi
2457 3951 2511 3993 et
2541 3938 2899 3993 aedificiorum
2933 3939 3075 4007 ejus,
3108 3941 3270 4004 idque
3301 3952 3463 3990 manu

1890 4035 2107 4089 Domini
2141 4049 2481 4102 expressum.
2512 4032 2722 4085 Nathan
2757 4043 2926 4092 certe,
2961 4046 3083 4084 cum
3109 4031 3174 4084 ad
3207 4029 3464 4084 Davidem

1889 4139 1918 4178 a
1970 4125 2081 4178 Deo
2130 4123 2326 4178 fuisset
2367 4123 2674 4193 ablegatus,
2710 4121 2948 4175 ostendit
2992 4135 3116 4174 eum
3161 4121 3246 4174 his
3298 4119 3466 4172 rebus

223 4218 323 4274 filio
349 4219 726 4290 relinquendis
754 4226 1086 4289 occupatum
1155 4217 1344 4273 fuisse.
1383 4217 1547 4290 179
1614 4215 1865 4284 Factum,
1909 4217 2108 4286 inquit,
2155 4218 2252 4272 abs
2299 4226 2352 4270 te
2400 4215 2685 4287 praeclare,
2731 4214 2876 4283 quod
2920 4212 3233 4284 hujusmodi
3281 4225 3467 4265 curam

221 4315 520 4383 susceperis
548 4315 616 4368 de
649 4313 833 4382 templi
864 4321 1139 4367 structura
1171 4329 1183 4364 :
1219 4329 1329 4367 non
1365 4324 1546 4368 tamen
1589 4328 1651 4368 ea
1685 4327 1783 4382 per
1821 4319 1894 4376 te,
1923 4312 2016 4368 sed
2044 4320 2231 4366 natum
2265 4326 2330 4364 ex
2365 4319 2418 4365 te
2445 4311 2613 4363 tilium
2647 4308 2978 4378 perﬁcietur.

287 4406 346 4460 Ei
378 4408 476 4460 καὶ
517 4405 866 4474 μακροθυμεῖ
893 4409 921 4459 6
962 4406 1093 4469 Θεὸς
1128 4406 1229 4474 τῆς
1261 4405 1538 4476 ἁμαρτίας
1579 4404 1786 4474 τολμω-

1966 4401 2382 4457 Observandum
2415 4401 2594 4455 obiter
2624 4400 2768 4469 quod
2802 4395 3016 4451 tametsi
3057 4395 3202 4449 Deus
3231 4392 3472 4450 fat-inore

228 4500 408 4566 μένης,
443 4501 558 4554 ἀλλ’
591 4498 688 4568 ὀψέ
720 4516 851 4552 ποτε
875 4497 1113 4562 κολάζει.
1143 4499 1248 4552 Ἴδε
1286 4500 1394 4570 γὰρ
1419 4500 1500 4552 ὅτι
1529 4499 1666 4568 μετὰ
1687 4497 1794 4552 τῶν

226 4589 578 4644 Γαϐαωνιτῶν
609 4592 660 4643 οἱ
706 4591 1043 4662 Ἰσραηλῖται
1085 4591 1378 4643 συνέθεντο
1427 4591 1502 4660 μὴ
1537 4590 1794 4656 φονεῦσαι

226 4685 430 4748 αὐτοὺς,
491 4686 518 4737 6
570 4684 627 4736 δὲ
691 4685 863 4737 Σαοὺλ
919 4683 1017 4736 σὺν
1091 4686 1202 4747 τοῖς
1253 4683 1434 4746 ἄλλοις
1480 4683 1795 4747 ἀλλοφύλοις

227 4777 314 4828 καὶ
369 4777 567 4839 αὐτοὺς
623 4777 934 4829 ἀπέκτεινε.
996 4776 1106 4836 Τὰς
1163 4776 1344 4842 μέντοι
1401 4773 1494 4826 τοῦ
1549 4774 1790 4825 τοιούτου

226 4870 571 4939 τολμήματος
603 4869 762 4931 δίκας
792 4871 884 4921 ἐπὶ
917 4867 1012 4920 τοῦ
1043 4867 1208 4920 Δαϐὶδ
1253 4867 1570 4934 εἰσέπραξε,
1604 4867 1792 4934 λοιμὸν

229 4959 554 5026 ἐπενεγκών.
590 4961 701 5013 Καὶ
729 4962 777 5012 εί
816 4959 892 5029 μὴ
926 4958 1052 5020 τοὺς
1089 4960 1182 5010 τοῦ
1212 4959 1384 5010 Σαοὺλ
1415 4959 1555 5010 ἐπετᾶ
1597 4959 1792 5017 παῖδας

229 5050 542 5118 ἐφόνευσαν,
572 5053 673 5104 οὐκ
705 5049 770 5103 ἂν
803 5054 834 5119 ή
869 5050 988 5101 θεία
1027 5051 1166 5117 ὀργὴ
1201 5049 1397 5102 ἔπαυε.
1434 5049 1793 5116 Μανθάνομεν

230 5139 318 5193 οὖν
347 5143 410 5194 ὲκ
436 5143 628 5195 τούτου
665 5143 739 5205 ὼς
768 5143 957 5209 γένους
988 5144 1015 5195 6
1037 5141 1318 5210 Δεσπότης
1345 5141 1444 5192 οὐκ
1464 5137 1573 5192 οἶδε
1605 5142 1792 5208 διαιρο-

238 5230 349 5298 ρὰν,
396 5231 528 5285 ἀλλὰ
570 5235 682 5296 τοῖς
733 5231 1107 5302 ἠδικημένοις,
1143 5230 1245 5284 κᾶν
1289 5229 1601 5296 ἁλλογενείς
1635 5225 1787 5294 ὦσιν,

235 5322 490 5392 ἑπαμύνει
523 5323 745 5385 δικαίως
779 5324 932 5384 Θεός.
979 5323 1083 5374 Καὶ
1127 5323 1288 5383 αὐτὸς
1316 5323 1344 5372 6
1375 5321 1538 5373 Δαὸὶδ
1560 5322 1651 5373 τὸν
1691 5321 1795 5373 Οὐ-

240 5411 352 5478 ρίαν
392 5411 656 5480 ἀδικήσας
697 5411 996 5478 ἀλλόφυλον
1039 5410 1169 5462 ὄντα
1208 5410 1490 5478 (Χετταῖος
1535 5409 1664 5477 γὰρ)
1696 5409 1796 5461 οὐκ

239 5503 578 5573 ἀτιμώρητος
612 5505 816 5570 ἔμεινε.
844 5505 916 5555 T6
945 5504 1000 5556 δὲ
1034 5502 1296 5572 μοιχίδιον
1329 5502 1548 5571 βρέφος,
1581 5502 1608 5554 ὃ
1643 5501 1800 5570 πρῶ-

237 5609 326 5644 τον
345 5598 408 5662 τῇ
437 5595 715 5664 Βηρσαόεὲ
741 5597 930 5663 γέγονε
960 5595 1314 5665 μοιχευθείσῃ
1344 5594 1422 5662 τῷ
1445 5593 1631 5660 Δαϐὶδ,
1660 5594 1798 5647 ἐπάε-

306 5750 348 5781 ⁸⁸
381 5752 421 5806 ll
451 5752 561 5819 Reg
617 5770 770 5819 xvut,
930 5756 972 5787 '9
1009 5753 1025 5807 Ι
1063 5754 1241 5809 Paral.
1273 5769 1406 5821 xvn,
1431 5753 1485 5807 4.

1901 4495 2133 4565 quodam
2169 4495 2457 4562 designato
2487 4493 2667 4561 longa
2709 4499 2894 4544 utatur
2935 4487 3216 4556 patientia,
3253 4486 3471 4540 tandem

1905 4597 2085 4640 tamen
2117 4584 2418 4655 aliquando
2451 4583 2660 4652 puniat.
2701 4582 2832 4649 Ejus
2865 4581 2946 4634 rei
2980 4579 3101 4634 licet
3136 4594 3166 4632 a
3196 4578 3473 4633 Gabaoni-

1903 4677 1972 4730 tis
1995 4676 2301 4746 exemplum
2331 4685 2538 4744 petere.
2572 4673 2720 4728 Pacti
2748 4689 2870 4726 eum
2903 4669 3224 4725 Gabaonitis
3259 4671 3476 4724 fuerant

1902 4771 2143 4823 lsraelici
2180 4784 2288 4822 non
2321 4784 2379 4822 se
2413 4767 2538 4820 illos
2568 4768 3018 4835 interentpturos.
3051 4763 3120 4816 At
3151 4763 3350 4816 Saulus
3378 4777 3474 4816 eos

1902 4861 2258 4915 nihilominus
2300 4875 2406 4913 una
2460 4874 2582 4912 cum
2621 4857 2829 4912 exteris
2871 4855 3190 4910 nationibus
3248 4855 3475 4925 reliquis

1903 4955 2125 5008 excidit.
2165 4953 2300 5020 Ejus
2335 4951 2597 5005 facinoris
2621 4966 2814 5021 poenas
2838 4951 2985 5004 Deus
3015 4965 3110 5017 per
3148 4949 3350 5018 illatam
3386 4965 3475 5001 rr-

1903 5053 2103 5110 gnante
2156 5041 2359 5096 Davide
2411 5040 2606 5094 famem
2656 5040 2858 5109 exegit.
2894 5039 3055 5105 ‘Qnod
3107 5039 3211 5092 nisi
3268 5048 3475 5107 septem

1900 5135 2050 5188 Sauli
2094 5134 2187 5188 lilii
2231 5134 2464 5188 fuissent
2507 5133 2848 5202 interempti,
2891 5133 2972 5186 ira
3009 5132 3106 5187 Dei
3135 5148 3243 5186 non
3273 5146 3478 5186 cessas-

1899 5237 2000 5282 set.
2029 5226 2164 5280 llinc
2188 5225 2622 5278 animadvertere
2653 5225 2779 5279 licet
2809 5224 3097 5279 Dominum
3127 5227 3340 5293 generis
3368 5221 3476 5275 dis-

1899 5318 2108 5372 Crimen
2131 5318 2338 5371 nullum
2371 5317 2689 5377 admittere,
2719 5319 2812 5371 sed
2844 5317 3068 5370 affectos
3097 5316 3473 5385 injuria,'t:~m-

1901 5410 2002 5462 etsi
2059 5409 2276 5478 generis
2304 5409 2504 5463 diversi
2560 5417 2614 5461 et
2655 5408 2919 5477 peregrini
2961 5410 3088 5468 sint,
3121 5407 3269 5474 justo
3321 5405 3472 5472 judi-

1902 5503 1990 5556 cio
2021 5518 2120 5556 suo
2148 5502 2447 5556 vindicare.
2490 5499 2630 5579 Quin
2665 5499 2829 5553 etiam
2873 5500 2988 5568 ipse
3035 5497 3290 5560 Davides,
3329 5495 3474 5562 quod

1911 5597 2094 5652 Uriam
2130 5612 2227 5666 per
2263 5595 2443 5652 scelus
2475 5593 2766 5658 \iolasset,
2800 5588 3111 5644 ‘hominem'
3143 5587 3475 5655 ςαειοι-οιμιίιι
