3794 6226
290 249 396 311 343

1553 250 1973 314 MICHAELIS
2013 253 2272 314 GLYCIE

3423 244 3530 310 344

289 356 676 424 alienigenam,
735 357 918 427 utqui
954 357 1234 412 Chettaeus
1267 366 1447 422 esset,
1483 356 1706 428 impune
1749 373 1858 413 non

1999 362 2124 428 αξεν
2156 364 2184 415 6
2224 360 2374 424 Θεύς.
2406 361 2526 415 Ζῶν
2558 361 2666 432 γὰρ
2706 359 2932 432 ἔμελλεν
2957 356 3100 416 εῖναι
3135 359 3230 413 τοῦ
3267 350 3533 421 εὐσεϐοῦς

292 450 436 504 tulit.
455 450 530 503 Ex
560 450 828 504 adulterio
853 450 1071 519 quidem
1099 460 1402 518 conceptus
1420 448 1626 514 infans,
1651 450 1858 519 primus

1999 452 2232 516 ασιλέως
2278 453 2483 518 ὄνειδος
2512 455 2605 508 καὶ
2643 454 2743 524 τῆς
2771 450 2936 507 αὑτοῦ
2978 453 3329 524 παρανομίας
3379 449 3537 516 ἔλεγ-

292 544 340 595 ei
372 550 534 596 natus
564 558 632 597 ex
666 543 956 609 Bersabea,
985 542 1251 598 divinitus
1283 544 1475 598 morbo
1506 543 1734 597 allectus
1773 544 1861 597 in-

296 635 483 699 teriit;
523 636 726 703 quippe
759 633 804 688 si
835 643 1116 702 superstes
1148 635 1433 698 inanisset,
1475 636 1565 703 pio
1589 635 1704 703 regi
1735 634 1865 690 fuis-

1965 562 2079 616 χοςο
2107 544 2417 617 Κηδόμενος
2445 542 2540 600 οὖν
2577 544 2742 600 αὐτοῦ
2781 545 2881 618 ζῇν
2907 545 2968 599 τὸ
2992 545 3236 599 τοιοῦτον
3269 545 3297 596 6
3321 541 3537 595 Δεσπό-

1966 652 2066 707 της
2094 638 2195 689 οὐκ
2225 639 2427 690 εῖασεν.

293 732 378 778 set
403 727 600 792 probro
620 737 676 779 et
697 726 1046 782 manifestum
1074 728 1298 782 admissi
1327 728 1586 782 facinoris
1642 728 1904 783 indicium
1944 739 2108 798 atque
2148 742 2548 800 argumentum.
2588 722 2975 798 'Quamohrem
3015 731 3198 786 divina
3227 730 3295 786 de
3330 729 3540 784 Davide

296 833 430 875 cura
465 820 924 886 providentiaque
966 819 1170 875 factum
1198 830 1283 875 est
1315 831 1372 875 ut
1400 822 1662 889 ejusmodi
1697 835 1867 889 puero
1903 820 2013 875 vita
2044 822 2262 889 longior
2289 806 2396 876 non
2424 824 2844 879 concederetur.

368 914 641 967 Caeterum
667 914 719 965 in
759 913 1098 968 Omissorum
1130 915 1308 983 primo
1342 914 1486 969 libro
1517 915 1863 985 significatur

299 1020 490 1058 omnes
522 1007 759 1072 psalmos
791 1004 1010 1059 Davidis
1028 1020 1175 1061 esse.
1213 1004 1473 1061 Testatur
1501 1006 1643 1059 idem
1678 1003 1862 1059 Theo-

300 1096 787 1165 doretusqnoqne,
856 1099 1084 1166 primum
1150 1097 1403 1152 Davidem
1460 1098 1741 1152 ordinasse
1783 1096 1869 1151 di-

300 1201 453 1248 cens.
486 1187 751 1251 Asanhati
790 1195 845 1240 et
875 1186 1102 1241 fratrum
1145 1187 1265 1257 ejus
1292 1201 1479 1263 opera.
1536 1196 1599 1238 ut
1653 1185 1870 1255 hymnis

307 1276 451 1331 Deus
484 1277 981 1331 concelebraretur.
1012 1276 1151 1331 Cum
1182 1286 1362 1329 autem
1395 1275 1642 1339 Davides,
1679 1277 1872 1329 eodem

306 1369 653 1425 'fheodoreto
677 1379 922 1433 auctore,
955 1384 1129 1423 annos
1154 1369 1372 1438 triginta
1407 1376 1712 1438 regnasset.
1745 1384 1870 1434 sep-

308 1460 550 1530 tuaginta
584 1461 830 1522 vixisset,
867 1458 980 1515 fato
1012 1459 1234 1514 functus
1265 1467 1370 1513 est.
1435 1459 1591 1513 Libet
1619 1460 1721 1513 hoc
1756 1459 1877 1512 loco

310 1552 689 1618 superioribus
726 1552 841 1606 haec
876 1560 1093 1619 quoque
1123 1552 1193 1604 de
1223 1549 1449 1620 Iosephi
1471 1550 1878 1604 narrationibus

2051 916 2114 969 Ἦ
2144 917 2200 969 δὲ
2244 918 2435 988 πρώτη
2467 917 2649 988 βίὸλος
2682 919 2790 972 τῶν
2830 915 3333 988 Παραλειπομένων
3366 915 3541 970 αἰνίτ-

1972 1026 2123 1064 τεται
2151 1010 2227 1073 ὡς
2275 1009 2368 1064 τοῦ
2398 1010 2563 1065 Δαϐίδ
2598 1013 2737 1065 εἰσιν
2770 1011 3014 1066 ἅπαντες
3046 1011 3096 1064 οί
3128 1009 3358 1080 ψαλμοὶ,
3397 1009 3542 1063 καθά

1976 1117 2112 1168 φησι
2160 1101 2526 1173 Θεοδώρητυς.
2572 1103 2738 1169 Λέγει
2785 1103 3021 1170 γὰρδτι
3070 1102 3225 1166 ἔταξε
3273 1100 3444 1153 Δαϐὶδ
3486 1101 3543 1153 ὲν

1978 1191 2119 1259 ἀρχῇ
2153 1188 2248 1242 τοῦ
2301 1193 2473 1243 αίνεῖν
2522 1188 2612 1244 τὸν
2644 1192 2848 1261 Κύριον
2889 1193 2946 1244 ἐν
2981 1192 3126 1261 χειρὶ
3166 1188 3416 1259 Ἀσαφὰτ
3451 1190 3545 1241 καὶ

1977 1279 2086 1332 τῶν
2128 1280 2372 1348 ἀδελφῶν
2417 1280 2604 1341 αὐτοῦ.
2659 1283 2718 1337 Ὀ
2765 1283 2949 1352 μέντοι
2987 1283 3151 1337 Δαθδ
3199 1282 3338 1335 ἐτῶν
3386 1282 3541 1348 τριά-

1974 1387 2142 1424 κοντα
2193 1370 2539 1439 βασιλεύσας,
2569 1373 2643 1434 ὥς
2692 1388 2824 1440 φησι
2878 1370 3245 1441 Θεοδώρητος,
3301 1369 3434 1437 περὶ
3477 1368 3545 1418 τὸ.

1976 1460 2347 1530 έδδομήκοντα
2372 1462 2432 1516 τὸ
2459 1461 2554 1516 τοῦ
2598 1462 2713 1533 βίου
2744 1462 2896 1525 τέλος
2926 1459 3166 1526 ἐδέξατο.
3202 1460 3545 1530 Προσθετέον

1978 1551 2036 1606 δὲ
2060 1555 2174 1615 τοῖς
2202 1552 2314 1606 ἄνω
2342 1554 2436 1605 καὶ
2471 1554 2600 1607 τάδε
2631 1554 2752 1607 καθ’
2788 1554 3032 1624 ἱστορίαν
3066 1554 3193 1606 ὄντα
3222 1550 3321 1606 τοῦ
3358 1552 3545 1620 Ἰωσή-

310 1639 567 1709 adjicere.
593 1639 805 1694 Accidit
832 1639 1124 1708 aliquando
1175 1646 1235 1693 ut
1274 1640 1463 1707 cupias
1496 1638 1727 1691 Davides
1781 1638 1878 1690 ad-

1999 1661 2106 1700 του.
2153 1646 2313 1700 Κατὰ
2362 1645 2739 1701 Παλαιστινῶν
2785 1644 3143 1718 ἐκστρατεύει
3170 1645 3199 1697 6
3227 1643 3419 1707 Δαὸὶδ,
3456 1641 3546 1695 καὶ

307 1746 503 1785 versos
537 1730 859 1786 Palasstinos
921 1732 1202 1794 educeret,
1263 1745 1495 1799 cumque
1549 1738 1872 1800 persecutus

1999 1737 2180 1802 ἲιώξας
2231 1738 2323 1790 ἐπὶ
2375 1738 2510 1791 πολὺ
2564 1738 2747 1809 διέστη
2788 1739 2895 1791 τῶν
2932 1737 3096 1791 αὐτοῦ
3148 1737 3396 1790 πάντων.
3441 1735 3547 1787 Καὶ

308 1835 407 1875 eos
437 1821 530 1876 diu
566 1821 783 1884 fuisset,
808 1821 972 1892 longo
1008 1822 1301 1877 intervallo
1325 1837 1355 1876 a
1379 1823 1492 1876 suis
1519 1821 1774 1876 omnibus
1795 1827 1878 1875 est

2000 1828 2107 1883 δὼν
2142 1829 2305 1884 αὑτὸν
2338 1829 2723 1900 μεμονωμένον
2750 1830 2845 1882 καὶ
2874 1829 2977 1882 ὑπ’)
3004 1830 3174 1881 κόπου
3202 1826 3433 1880 ἔκλυτόν
3462 1842 3544 1887 τις

308 1912 576 1966 divulsus.
633 1910 770 1967 Tum
807 1911 1027 1982 quidam
1065 1927 1131 1967 ex
1191 1912 1457 1977 hostibus,
1520 1926 1552 1965 e
1601 1914 1877 1982 gigantum

312 2004 634 2074 posteritate
663 2016 844 2069 natus,
877 2020 1003 2058 eum
1057 2005 1234 2057 solum
1273 2004 1663 2071 desertumque
1692 2003 1881 2056 videns

317 2112 382 2149 ac
409 2112 520 2165 pra:
554 2094 742 2151 labore
769 2096 979 2151 viribus
1005 2096 1354 2160 destitutum,
1389 2096 1698 2149 interﬁcere
1729 2094 1883 2150 festi—

317 2188 486 2242 nabat
512 2204 526 2253 ;
558 2203 623 2242 ac
646 2186 848 2242 factum
884 2187 937 2241 id
974 2201 1107 2241 sane
1135 2186 1350 2252 fuisset,
1378 2187 1430 2239 ni
1460 2187 1705 2241 Abisams
1729 2185 1883 2239 Joahi

321 2279 490 2333 frater
520 2294 648 2333 mox
676 2279 946 2334 adfuisset
973 2279 1299 2346 hostemque
1333 2279 1653 2348 peremisset
1681 2293 1745 2332 ac
1778 2276 1883 2330 Da-

320 2371 496 2425 vitlem
524 2372 732 2425 salvum
767 2373 885 2427 suis
917 2371 1272 2426 restituisset.
1335 2369 1451 2436 Qua
1488 2370 1559 2425 de
1586 2386 1753 2425 causa
1787 2385 1885 2438 po-

324 2462 485 2532 pulus
525 2464 820 2518 universus
863 2478 989 2517 eum
1024 2464 1379 2533 jurejurando
1405 2463 1722 2526 adstrinxit,
1778 2478 1887 2532 quo

322 2570 384 2611 se
418 2555 683 2625 dt-inceps
713 2571 836 2610 cum
860 2557 1072 2611 caeteris
1116 2558 1170 2610 in
1210 2556 1393 2626 pra-lia
1442 2570 1552 2611 non
1615 2555 1892 2624 profectu-

250 2704 253 2707 η
326 2661 445 2701 runt
480 2649 848 2716 polliceretur.
885 2648 1117 2704 Rursum
1146 2629 1422 2703 Palaestini
1469 2657 1650 2703 castra
1691 2646 1890 2701 castris

329 2738 680 2793 Hebraeorum
717 2749 1112 2809 opposuerant.
1152 2739 1545 2808 Ilabebantque
1575 2752 1761 2794 secum
1792 2739 1892 2793 ho-

326 2831 528 2885 minem
554 2834 881 2902 proceritate
909 2848 1001 2887 sex
1055 2834 1368 2888 cubitorum
1398 2874 1414 2899 ,
1448 2832 1534 2886 cui
1585 2840 1771 2887 essent
1836 2831 1890 2885 in

328 2930 559 2992 utraque
586 2925 769 2992 planta
793 2923 954 2993 pedis
984 2933 1041 2979 et
1071 2935 1301 2993 utraque
1326 2938 1492 2979 manu
1516 2923 1670 2994 digiti
1707 2923 1893 2993 plures

324 3028 492 3084 quam
522 3024 725 3070 naturae
752 3014 1103 3082 conveniret;
1134 3025 1254 3070 erat
1279 3016 1424 3071 cnim
1462 3024 1519 3070 et
1553 3015 1669 3083 ipse
1718 3014 1784 3068 de
1810 3013 1891 3083 εἰς

329 3116 556 3176 gantum
590 3109 828 3175 posteris
862 3109 1147 3162 oriundus.
1189 3107 1368 3176 Hunc,
1422 3108 1604 3163 duello
1637 3100 1896 3176 congres-

329 3212 444 3258 sus.
479 3197 753 3253 Jonathan
786 3197 1014 3253 Sabaeus
1045 3198 1206 3268 180
1232 3201 1454 3269 quidam
1484 3198 1766 3260 interﬁcit,
1802 3211 1897 3251 eo.

324 3302 435 3356 que
454 3296 619 3357 pacto
643 3290 885 3345 victoriae
913 3291 1029 3346 suis
1057 3304 1247 3346 auctor
1276 3289 1512 3344 exstitit.
1543 3291 1624 3344 Ab
1655 3304 1722 3343 eo
1754 3298 1896 3343 tem-

1979 1921 2089 1974 τῶν
2141 1918 2426 1984 ἐναντίων,
2452 1919 2509 1983 ὃς
2563 1921 2655 1975 καὶ
2699 1919 2967 1987 ἀπόγονος
3011 1919 3117 1971 τῶν
3146 1918 3431 1983 Γιγάντων
3460 1909 3544 1985 ἦν,

1981 2012 2239 2081 ἠπείγετο
2270 2011 2580 2064 θανατῶσαι
2620 2010 2801 2064 αὐτόν.
2833 2010 2944 2061 Καὶ
2973 2007 3131 2062 τοῦτο
3163 2008 3230 2062 ἂν
3275 2007 3545 2075 ἐγεγόνει,

1983 2104 2030 2156 εί
2067 2106 2143 2171 μὴ
2180 2101 2460 2164 Ἀσεσαῖος
2490 2102 2517 2154 6
2551 2100 2777 2170 ἀδελφὸς
2814 2097 2971 2153 ἰωὰϐ
3002 2097 3280 2168 παρευθὺς
3306 2094 3548 2165 εὑρεθεὶς

1984 2195 2165 2247 ἐκεῖσε
2220 2193 2513 2247 ἀπέκτεινε
2573 2192 2664 2246 τὸν
2718 2190 2999 2258 πολέμιον,
3050 2189 3259 2242 ἐκεῖνον
3307 2187 3367 2241 δέ
3412 2185 3545 2238 σῶον

1986 2286 2389 2342 ἐπανεσώσατο.
2444 2284 2610 2338 Ὅθεν
2662 2285 2759 2338 καὶ
2806 2283 3070 2354 ὥρκωσεν
3120 2281 3304 2353 αὐτὸνί
3346 2281 3375 2332 6
3424 2277 3548 2339 λαὺς

1988 2373 2135 2439 ἄπας
2184 2375 2259 2438 ὡς
2315 2374 2390 2444 μὴ
2435 2372 2530 2426 τοῦ
2578 2371 2765 2426 λοιποῦ
2814 2373 2910 2426 σὺν
2955 2372 3141 2433 αὐτοῖς
3184 2371 3437 2439 ἀπαντᾷν
3472 2370 3547 2430 είς

1990 2470 2244 2537 πόλεμον.
2297 2465 2794 2536 Στρατοπεδεύουσι
2864 2464 2958 2517 καὶ¹
3023 2458 3180 2526 αὖθις
3249 2464 3393 2515 κατὰ
3445 2462 3547 2514 τῶν

2000 2559 2271 2628 Ἐϐραίων
2315 2560 2364 2611 oi
2412 2557 2789 2622 Παλαιστινοὶ,
2821 2558 2879 2609 ὲν
2925 2548 3126 2628 οῖςλῆν
3176 2555 3318 2626 ἀνὴρ
3363 2555 3423 2606 τὸ
3456 2552 3547 2623 μὲν

1993 2620 2125 2721 ὕψος
2171 2650 2231 2716 ἓξ
2279 2650 2522 2720 πήχεων,
2549 2620 2848 2710 δακτύλους
2879 2646 2937 2699 δέ
2967 2620 3297 2717 ἐνὶκατέρεξ
3321 2647 3430 2699 τῶν
3458 2620 3548 2713 θα-

1994 2757 2132 2796 σεων
2167 2742 2259 2795 καὶ
2286 2739 2397 2793 τῶν
2425 2739 2624 2811 χειρῶν
2654 2737 3082 2808 περισσοτέρους
3114 2730 3231 2805 εἶχε
3263 2733 3376 2786 τῶν
3414 2730 3547 2784 κατὰ

1994 2834 2189 2901 φύσινο
2244 2832 2515 2898 ἀπόγονος
2559 2830 2668 2900 γὰρ
2720 2827 2829 2882 τῶν
2877 2828 3159 2895 Γιγάντων
3203 2821 3294 2897 ἦν.
3357 2822 3547 2875 Τοῦτον

1993 2925 2307 2980 ἀποκτείνει
2373 2924 2759 2994 μονομαχήσας
2815 2920 3071 2973 ’ῐωνάθαν
3136 2934 3223 2983 τις
3272 2917 3544 2979 Σουεαῖος,

1994 3014 2117 3069 ὅθεν
2150 3014 2245 3067 καὶ
2280 3013 2435 3083 νίκης
2459 3013 2629 3075 αἴτιος
2653 3012 2885 3080 γίνεται.
2916 3011 3143 3063 Ἔκτοτε
3174 3004 3268 3062 οὖν
3293 3008 3548 3060 παύονται

1999 3108 2049 3161 οἱ
2071 3105 2420 3160 Παλαιστινοὶ
2447 3103 2538 3158 τοῦ
2569 3104 2704 3176 πρὸς
2739 3102 3026 3173 Ἐὀραίους
3057 3100 3347 3171 μάχεσθαι.
3376 3095 3491 3165 Ἐφ’
3510 3089 3549 3162 ᾧ

2002 3196 2181 3250 λαϐὼν
2214 3194 2402 3251 ἄδειαν
2448 3194 2477 3248 6
2529 3193 2689 3246 Δασὶδ
2716 3194 2906 3264 ὑμνεῖν
2936 3189 3140 3262 ἦρξα-το
3180 3188 3272 3242 τὸν
3303 3187 3436 3241 Θεὸν
3464 3185 3549 3238 καὶ

2005 3284 2103 3350 τὰς
2125 3284 2268 3357 ᾠδὰς
2297 3284 2546 3340 ἐπλεκεν.

329 3356 473 3447 pore
498 3381 772 3436 Palaestini
834 3383 977 3436 bello
1042 3381 1301 3436 Hebraeos
1360 3381 1562 3435 adoriri
1618 3381 1923 3446 desierunt,
1997 3392 2106 3448 qua
2146 3356 2450 3433 occasione
2510 3375 2740 3433 Davides
2785 3356 2956 3433 otium
3017 3393 3048 3434 a
3079 3377 3308 3449 negotiis
3369 3382 3550 3430 nactus

334 3476 552 3546 hymnis
576 3477 747 3530 Deum
774 3477 999 3531 laudare
1033 3476 1202 3545 carpit
1231 3472 1474 3542 odaéque
1531 3490 1718 3530 sacras
1760 3485 2074 3530 contexere.

406 3570 706 3626 Sciendum
764 3581 845 3628 est
891 3582 1076 3629 autem
1126 3560 1384 3628 habuisse
1411 3572 1631 3642 quidem
1693 3571 1900 3626 milites

336 3658 598 3714 Davidem
628 3661 940 3728 complures
972 3646 1158 3715 invicti
1193 3662 1428 3725 roboris,
1486 3676 1674 3715 verum
1739 3662 1902 3730 quin-

336 3768 446 3820 quc
479 3752 708 3807 omnino
736 3752 989 3806 eximios.
1025 3751 1231 3807 ﬂorum
1266 3752 1323 3807 in
1364 3766 1593 3806 numero
1633 3751 1902 3807 fuitunus

335 3843 429 3911 qui
460 3850 751 3897 sexcentos
783 3844 969 3896 hostes
999 3857 1107 3896 uno
1134 3841 1222 3896 die
1254 3841 1556 3904 interemit,
1594 3840 1721 3895 item
1756 3841 1899 3895 alius

336 3938 429 4004 qui
494 3937 760 3989 adversus
831 3935 1014 3988 hostes
1072 3933 1364 4001 prosiliens
1427 3931 1674 3986 caedendi
1738 3933 1901 3986 tinem

339 4028 492 4095 prius
519 4042 626 4081 non
658 4026 789 4079 fecit
819 4039 981 4092 quam
1022 4037 1327 4094 nongentos
1358 4024 1674 4078 occidisset.
1729 4022 1903 4077 Tanta

337 4120 530 4175 i‘idem
563 4117 773 4186 prmditi
801 4129 960 4171 erant
988 4118 1237 4179 audacia,
1275 4126 1332 4169 ut
1372 4125 1484 4170 tres
1523 4130 1713 4170 eorum
1740 4115 1906 4170 Beth-

338 4211 613 4271 ichematn
649 4219 945 4277 pergerent
990 4223 1054 4263 ac
1093 4206 1279 4261 Davidi
1345 4218 1456 4262 tum
1512 4205 1906 4277 Hierosolymis

2087 3570 2287 3625 Ίστέον
2310 3568 2368 3624 δέ
2401 3569 2482 3623 ὅτι
2511 3568 2851 3638 στρατιώτας
2878 3568 3125 3638 ἀμάχους
3156 3569 3255 3639 μὲν
3276 3570 3377 3639 τὴν
3406 3568 3549 3637 ἰσχὺν

2002 3665 2231 3724 πολλοὺς
2258 3666 2286 3717 6
2312 3662 2477 3744 Δασὶδ
2510 3665 2798 3733 ἐκτήσατο,
2831 3662 3125 3733 ἐξαιρέτως
3169 3664 3227 3716 δὲ
3271 3665 3449 3716 πέντε.
3491 3663 3542 3713 ’0

2005 3755 2104 3824 μὲν
2135 3755 2242 3824 γὰρ
2273 3754 2454 3808 αὐτῶν
2482 3752 2527 3824 χ’
2572 3753 2776 3807 ἀνεῖλεν
2806 3756 2862 3806 ὲν
2903 3755 3002 3824 μιᾷ
3047 3752 3252 3823 ἡμέρᾳ,
3283 3756 3311 3807 6
3355 3755 3410 3806 δέ
3439 3754 3547 3810 κατ’

2004 3844 2212 3917 ἐχθρῶν
2256 3844 2575 3915 ἐκπηδήσας
2625 3845 2725 3899 οὐκ
2768 3845 2834 3897 ἂν
2874 3844 3111 3898 ἐπαύετο
3141 3846 3191 3897 sl
3228 3845 3303 3914 μὴ
3339 3848 3548 3897 ἐννακο-

2006 3939 2150 4001 σίους
2183 3938 2381 3992 ἀνεῖλε.
2411 3936 2675 3990 Τοσοῦτον
2705 3936 2814 4007 γὰρ
2868 3936 3135 4006 τολμηροὶ
3177 3930 3320 4006 ἦσαν
3361 3936 3434 3997 ὡς
3465 3934 3549 3987 καὶ

2005 4026 2150 4091 τρεῖς
2181 4023 2239 4088 ἐξ
2266 4023 2445 4078 αὐτῶν
2473 4022 2608 4092 πρὸς
2650 4023 2896 4093 Βηθλεὲμ
2930 4022 3187 4076 ἀπελθεῖν
3214 4023 3310 4076 καὶ
3337 4020 3549 4089 ἀγαγεῖν

2005 4118 2149 4187 ὕδωρ
2189 4117 2269 4186 τῷ
2316 4116 2481 4169 Δαὸὶδ
2510 4116 2658 4179 ὲντδς
2687 4115 2802 4169 ὄντι
2846 4115 3263 4189 Ἰεροσολύμων,
3292 4110 3543 4168 εἰσελθόν-

2006 4223 2104 4269 τας
2139 4206 2338 4270 αὐτοὺς
2382 4207 2478 4260 καὶ
2514 4205 2830 4270 ἐξελθόντας
2872 4205 2962 4258 διὰ
3008 4204 3188 4274 μέσων
3223 4204 3331 4255 τῶν
3362 4201 3547 4255 Παλαι-

338 4299 561 4368 ΑΙιοεθηιί
589 4313 783 4368 aquam
834 4296 1137 4361 adferrent,
1160 4298 1164 4301 ’
1189 4297 1418 4368 profecti
1455 4314 1520 4354 eo
1558 4298 1889 4366 vicissimqm

2009 4296 2204 4351 πινῶν
2249 4296 2354 4363 ἔξω
2388 4294 2871 4367 παρακαθημένων
2918 4294 3011 4348 καὶ
3070 4293 3144 4365 μὴ
3180 4293 3551 4363 τολμησάντων

338 4393 551 4446 reversi
590 4406 688 4462 per
723 4390 931 4446 medios
967 4388 1308 4467 Palaestinos,
1354 4399 1511 4446 extra
1543 4391 1802 4462 oppidum
1847 4392 1889 4445 lt

2015 4391 2196 4454 αὐτοῖς
2242 4392 2551 4445 ἁντιπεσεῖν
2589 4388 2677 4441 διὰ
2717 4390 2971 4441 τοσοῦτον
3019 4386 3218 4458 θράσος
3262 4384 3460 4440 αὐτῶν.
3494 4383 3550 4432 Ὀ

338 4485 541 4540 castris
578 4485 957 4548 eonsidentes.
1023 4499 1124 4539 nec
1177 4492 1402 4555 propter
1458 4482 1732 4553 insignem
1766 4480 1889 4537 hanc

2009 4482 2153 4552 ὕδωρ
2192 4481 2293 4534 οὐκ
2338 4480 2571 4551 ἠθέλησε
2625 4481 2772 4533 πιεῖν
2802 4481 2830 4532 6
2853 4478 3039 4544 Δαὸὶσ,
3080 4477 3197 4531 ἀλλ’
3243 4478 3460 4530 ἔσπεισε
3484 4470 3550 4542 τῷ

222 4564 235 4567 ’
338 4578 621 4633 audaciam
654 4592 712 4632 se
730 4578 864 4648 ipsis
890 4576 1131 4648 obiicere
1153 4573 1339 4633 ausos.
1361 4577 1536 4647 Atque
1560 4578 1700 4633 hanc
1715 4592 1889 4646 aquan

2009 4573 2150 4642 Θεῷ,
2179 4572 2273 4626 καὶ
2307 4575 2430 4635 τοὺς
2460 4568 2801 4642 στρατιώτας
2837 4565 3140 4637 ἐθαύμασε.
3199 4571 3207 4597 ί

344 4671 534 4726 bibere
566 4669 797 4724 Davides
830 4671 1030 4737 noluit,
1054 4670 1149 4725 sed
1178 4670 1411 4724 militum
1445 4671 1708 4724 virtutem
1738 4669 1913 4724 admi-

341 4777 499 4823 ratus
533 4777 651 4817 eam
687 4759 798 4814 Deo
820 4761 1032 4817 libavit.

423 4855 738 4909 Secundum
798 4854 913 4909 haec
971 4854 1287 4924 designatus
1341 4869 1371 4908 a
1415 4853 1618 4908 Davide
1667 4852 1909 4912 Solomo.

341 4947 600 5010 consedit
622 4948 677 5003 in
699 4947 899 5001 throno
935 4947 1150 5000 Domini
1168 4947 1235 5001 ad
1269 4945 1634 5000 obtinendum
1660 4957 1913 5007 regnum,

2084 4847 2236 4900 Μετὰ
2272 4844 2329 4897 δὲ
2374 4842 2546 4896 ταῦτα
2591 4839 2988 4912 χειροτονηθεὶς
3036 4839 3192 4910 παρὰ
3224 4837 3318 4892 τοῦ
3353 4836 3552 4891 Δασὶδὸ

2014 4938 2263 5007 Σολομῶν
2289 4935 2540 4988 ἐκάθισεν
2563 4934 2656 4988 ἐπὶ
2690 4933 2883 5003 θρόνου
2917 4918 3120 5000 Κύρίου
3150 4932 3231 4992 είς
3273 4928 3547 4999 βασιλείαν,

344 5042 454 5098 hoc
482 5053 567 5098 est
606 5043 662 5096 in
719 5041 918 5097 solium
960 5041 1149 5106 Davidi
1203 5055 1234 5095 a
1268 5041 1499 5097 Domino
1527 5038 1811 5094 tributum.
1853 5035 1889 5091 lt

2015 5031 2292 5084 τουτέστιν
2345 5030 2424 5086 εἰς
2472 5026 2563 5079 τὸν
2614 5025 2835 5077 δοθέντα
2877 5022 3066 5092 θρόνον
3108 5020 3257 5085 αὐτῷ
3290 5020 3430 5088 παρέ
3457 5019 3550 5070 Κνο

346 5135 691 5195 Omissorum
725 5135 906 5204 primo
943 5132 1086 5187 libro
1121 5133 1492 5212 perscriptum
1540 5132 1770 5201 legimus
1819 5130 1918 5183 Sa-

2020 5122 2159 5194 ρίου.
2195 5120 2306 5189 Τῆς
2344 5118 2400 5171 δὲ
2440 5115 2666 5185 πρώτης
2718 5114 2903 5183 βίϐλου
2934 5111 3042 5164 τῶν
3080 5110 3551 5178 Παραλειπομένων

349 5226 611 5292 muelum,
641 5225 965 5285 Nathanem.
992 5205 1303 5293 Gademquc
1332 5235 1485 5278 vates
1505 5221 1880 5278 commentarii

2018 5215 2076 5266 τδ
2098 5212 2251 5272 τέλος
2281 5210 2431 5277 δηλοῖ
2463 5209 2544 5260 ὅτι
2591 5208 2682 5260 καὶ
2717 5205 2969 5275 Σαμουὴλ
2996 5206 3023 5256 6
3046 5202 3187 5274 ὁρῶν
3213 5205 3307 5256 καὶ
3328 5201 3508 5261 ,Νάθαν
3527 5196 3552 5247 ὁ

352 5337 441 5375 res
497 5334 526 5372 a
576 5317 781 5373 Davidc
819 5325 1002 5388 gestas
1041 5314 1357 5384 complexos
1410 5327 1554 5368 esse.
1619 5310 1889 5368 Sciendun

2021 5306 2306 5376 προφήτης
2332 5303 2426 5356 καὶ
2457 5301 2563 5354 Γὰδ
2590 5300 2618 5352 6
2646 5297 2790 5367 ὁρῶν
2811 5297 3027 5367 βίϐλους
3050 5294 3197 5365 εἶχον
3228 5305 3552 5388 συγγεγραμ-

365 5412 615 5466 eumdem
645 5379 1071 5464 fuisseVOrniam
1095 5416 1149 5461 et
1176 5405 1464 5471 Adoniam,
1508 5414 1569 5459 ut
1601 5405 1693 5475 qui
1719 5403 1883 5473 duplo

2024 5400 2211 5467 μένας.
2251 5393 2447 5448 ἰστέον
2491 5393 2573 5445 ὅτι
2620 5391 2839 5460 Ὀρνίας
2884 5389 2978 5442 καὶ
3033 5386 3293 5449 Ἀδωνίας
3343 5386 3368 5437 6
3407 5379 3549 5439 αὐτὸς

359 5520 555 5558 nomen
590 5500 865 5556 inluxerit.
904 5498 1004 5554 llic
1034 5512 1159 5553 cum
1198 5497 1265 5551 ad
1293 5495 1601 5551 convivium
1638 5495 1889 5551 invitasse

2021 5488 2109 5562 ἦν,
2142 5490 2254 5552 υίὸς
2294 5487 2351 5540 δὲ
2390 5484 2592 5538 Δαϐίδο
2632 5482 2902 5551 διώνυμος
2960 5481 3092 5549 γάρ.
3141 5472 3311 5539 Οὗτος
3363 5479 3551 5562 δειπνοξ

357 5592 585 5648 Joabum
610 5602 664 5647 ct
688 5590 1061 5653 Abiatharcm,
1080 5587 1148 5642 de
1164 5586 1480 5657 occupando
1503 5602 1670 5658 regno
1692 5584 1885 5639 sollicit

2024 5560 2291 5649 κλήτορας
2341 5577 2480 5646 έχων
2532 5576 2624 5629 τὴν
2666 5574 2824 5628 ’ῐωὰὸ
2868 5575 2962 5626 καὶ
3008 5571 3102 5625 τὸν
3153 5568 3411 5658 Ἀϐιάθαρ
3441 5560 3552 5658 uel

357 5685 652 5754 ςιιδίιειὶκιι.
684 5684 818 5736 Tum
847 5682 1056 5739 Nathan
1091 5690 1237 5735 vates
1257 5681 1448 5735 horum
1476 5679 1701 5736 consilia
1729 5676 1922 5730 Bersa-

2020 5674 2121 5742 τῆς
2155 5670 2429 5741 βασιλείας
2466 5669 2716 5739 ἐμελέτα.
2757 5668 2816 5721 '0
2839 5667 2892 5719 δὲ
2927 5663 3111 5717 Νάθαν
3136 5660 3324 5733 μηνύει
3355 5657 3416 5711 τὰ
3440 5656 3553 5727 περὶ
