3794 6226
344 364 449 429 34Ἰ
1627 362 1920 424 ΜΙΟΠΑΕ

2032 366 2049 424 5
2087 365 2352 425 sucis
3472 337 3569 432 aii

342 478 405 533 ιη
437 474 684 549 ejusdem
736 470 968 528 circuitu
998 468 1202 542 passim
1251 469 1494 525 aediculae
1542 472 1791 541 quaedam
1849 474 1915 528 ad

2032 474 2075 526 Et
2114 474 2204 526 τὸν
2238 473 2379 527 θεῖον
2425 468 2575 526 οἷκον
2626 474 2832 526 ἐκεῖνον
2884 474 3024 543 μετά
3068 471 3145 525 τλ¹
3185 471 3281 542 ἔτη
3330 472 3429 542 τῆς
3480 475 3584 539 ἐξό-

345 570 655 624 Levitarum
686 577 819 618 usus
845 561 1140 617 adstructa:
1168 568 1318 626 sunt,
1351 558 1405 616 ét
1438 569 1500 616 ut
1527 577 1655 616 vasa
1685 579 1840 618 sacra
1866 565 1921 619 in

2032 564 2113 617 Βου
2153 564 2288 633 (56).
2331 565 2616 636 Παρῆλθον
2654 565 2711 618 δὲ
2762 565 2996 618 τοσαῦτα
3042 567 3159 636 ἔτη,
3193 567 3343 629 ὅπως
3385 566 3584 620 ἀποκα-

266 670 273 679 ’
345 660 427 716 eis
459 664 894 728 rcponerentur;
953 669 1081 709 nam
1134 654 1239 709 hoc
1271 655 1572 709 sacrarium
1623 656 1756 712 solis
1784 673 1811 709 a
1838 672 1924 710 sa-

2032 656 2218 724 μόντες
2258 660 2323 727 τῇ
2375 659 2454 720 εἰς
2488 657 2558 711 τά
2595 658 2697 728 ὅρη
2729 657 3123 730 περιπλανήσει
3159 659 3252 713 τὸν
3292 657 3390 713 ἕνα
3434 657 3586 713 τόπον

344 747 665 803 ecrdotibus
692 743 832 800 adiri
866 743 947 797 fas
976 752 1115 797 erat.
1146 743 1395 798 Altitudo
1436 742 1552 797 fani
1606 744 1921 800 cubitorum

2032 745 2120 817 τὴν
2154 746 2515 819 Ἰερουσαλὴμ
2556 749 2909 819 ἀγαπήσωσι.

345 848 461 895 erat
484 848 705 895 centum
736 837 953 907 viginti.
994 836 1062 890 Et
1091 834 1311 905 quidem
1338 836 1521 891 fanum
1555 836 1659 892 hoc
1695 837 2012 892 universum
2050 854 2184 893 auro
2251 840 2617 910 integebatur.
2684 840 2876 895 Omnia
2912 856 3045 897 vero
3109 841 3263 898 istaec
3299 843 3357 897 in
3396 843 3588 914 templo

345 932 717 989 construenda
769 929 1009 1000 Spiritus
1064 936 1288 981 sanctus
1342 944 1442 999 per
1505 928 1732 998 gratiam
1792 945 1944 984 suam
2021 929 2208 986 Davidi
2261 932 2698 1000 demonstravit,
2750 933 2982 990 Davides
3036 951 3252 990 rursum
3321 934 3586 991 Solonium

347 1027 489 1093 lilio;
517 1028 607 1097 qui
644 1026 885 1082 divinam
917 1026 1056 1081 banc
1078 1025 1248 1079 mdem
1275 1038 1419 1076 anno
1438 1022 1506 1075 ab
1530 1021 1910 1077 lsraelicorum
1951 1040 2015 1080 ex
2046 1024 2281 1095 )Egypto
2342 1027 2668 1097 migratione
2711 1027 2819 1082 320
2876 1030 3185 1085 maliﬁcavit.
3255 1030 3360 1087 Tot
3419 1042 3586 1088 autem

346 1124 779 1177 intercesserunt
803 1120 956 1185 anni,
1010 1129 1069 1174 ut
1092 1119 1312 1174 tandem
1345 1117 1565 1208 ρει-ιδεδί
1596 1114 2025 1184 obvagationum
2058 1119 2278 1174 illarum
2312 1122 2539 1191 quosvis
2604 1121 2661 1176 in
2721 1134 2937 1180 montes
3001 1125 3181 1181 locum
3243 1126 3490 1191 unicum,
3516 1128 3587 1182 vi-

347 1215 544 1269 deliect
575 1214 942 1284 l-liersolyma,
971 1212 1299 1279 deligerent.

362 1320 371 1327 '
417 1307 691 1364 Caeterum
724 1323 844 1377 qua:
867 1306 921 1359 in
950 1306 1053 1359 boc
1088 1303 1261 1359 veteri
1293 1306 1418 1357 fano
1449 1303 1693 1372 fuerunt,
1743 1305 1924 1362 diviso

2058 1308 2284 1362 οΤαῦτα
2323 1308 2381 1362 δὲ
2426 1309 2496 1364 τά
2545 1311 2687 1365 κατά
2731 1328 2795 1380 γε
2839 1311 2931 1366 τὸν
2976 1312 3204 1366 παλαιὸν
3239 1314 3386 1373 ναὸν.
3426 1314 3483 1377 ὃς
3516 1316 3587 1379 εἰς

349 1411 460 1456 tres
489 1401 543 1455 in
578 1407 784 1469 partes,
815 1397 1076 1452 nimirum
1109 1396 1161 1449 in
1194 1395 1371 1449 locum
1432 1395 1523 1449 ubi
1578 1383 1697 1450 laici
1736 1397 1924 1453 consi-

2032 1402 2149 1473 τρία
2194 1401 2468 1473 διῄρηται,
2500 1404 2580 1467 εἷς
2618 1421 2677 1457 τε
2715 1404 2814 1475 τὴν
2845 1404 2955 1460 τῶν
3004 1406 3212 1459 λαῖκῶν
3239 1407 3442 1478 δηλαδὴ
3477 1410 3586 1465 στά-

347 1500 577 1555 sterent,
634 1500 689 1544 ct
723 1490 813 1543 ubi
853 1494 1211 1542 versarentur
1246 1487 1564 1542 sacerdotes
1599 1503 1663 1542 ac
1699 1487 1924 1553 Levitte,

2032 1509 2127 1555 σιν,
2161 1493 2261 1562 τὴν
2299 1492 2406 1546 τῶν
2450 1493 2641 1564 ἱερέων
2698 1497 2793 1548 καὶ
2831 1497 2941 1549 τῶν
2991 1496 3256 1564 Λευῖτῶν,
3300 1497 3362 1562 ὃς
3400 1499 3462 1571 δὴ
3505 1504 3587 1555 καὶ

344 1588 434 1657 qui
477 1586 635 1640 locus
680 1581 953 1652 peculiare
1005 1578 1229 1633 sacrarii
1285 1594 1487 1632 nomen
1535 1579 1794 1642 habebat,
1868 1581 1922 1635 in

2032 1585 2187 1647 τόπος
2234 1584 2389 1654 ἅγιος
2434 1585 2669 1653 ἐλέγετο,
2704 1591 2798 1641 καὶ
2844 1589 2927 1651 εἰς
2968 1589 3107 1643 αὐτά
3152 1591 3218 1643 τά
3249 1591 3441 1656 ἄδυτα,
3475 1592 3587 1664 ἀδὴ

344 1681 500 1748 adyta
530 1675 767 1744 denique
798 1671 1098 1729 sacrarium
1131 1670 1538 1726 sanctissimum
1582 1681 1920 1743 nuncupata,

2032 1679 2119 1731 καὶ
2161 1677 2328 1746 ’Ἅγια
2359 1678 2466 1731 τῶν
2506 1677 2973 1746 ἀγίων’ὲκαλεῖτο,
3001 1683 3056 1734 ἐν
3086 1677 3166 1744 οἷς
3208 1682 3386 1746 οὐδεὶς
3418 1685 3587 1755 εἰσήρ-

343 1782 467 1839 quae
502 1767 655 1822 adire
684 1764 897 1820 nemini
925 1770 1124 1832 praeter
1157 1776 1434 1816 summum
1497 1764 1808 1831 pontilicetu
1844 1762 1923 1818 fas

342 1871 478 1921 erat,
523 1876 588 1913 ac
618 1874 687 1912 ne
724 1857 883 1927 182
912 1856 987 1909 illi
1025 1855 1246 1926 quidem
1283 1855 1442 1909 aliter
1483 1870 1645 1924 quam
1673 1856 1842 1910 semel
1870 1857 1921 1909 in

342 1967 517 2006 annos
576 1951 844 2015 singulos,
905 1962 1007 2002 nec
1067 1962 1188 2001 sme
1243 1945 1547 2016 sanguine:
1587 1946 1701 2001 bazc
1761 1946 1925 2016 igitur

341 2046 509 2100 etiam
543 2044 673 2099 licet
705 2043 759 2097 in
813 2041 968 2097 caelis
999 2038 1442 2108 deprehendere.
1500 2038 1635 2095 Nam
1672 2040 1729 2093 in
1779 2041 1924 2094 cmlo

341 2138 502 2193 nobis
527 2137 804 2208 proximo,
843 2133 1101 2187 nimirum
1166 2132 1218 2185 in
1251 2146 1417 2197 aere,
1484 2144 1614 2186 sunt
1664 2132 1923 2187 animalia

340 2228 546 2297 quaevis
572 2226 916 2296 promiscue;
948 2222 1001 2276 in
1036 2222 1229 2289 altero,
1256 2222 1397 2297 quod
1429 2222 1575 2276 intra
1609 2223 1925 2278 lirmamen-

345 2285 457 2375 tum
491 2285 826 2390 aspectabile
862 2285 1305 2381 continetur,'u-t
1352 2285 1676 2369 Abnastasius
1712 2316 1799 2369 ille
1833 2317 1922 2371 Si-

344 2410 521 2466 naites
547 2409 644 2475 ait,
678 2408 935 2462 caelestes
987 2406 1093 2459 illae
1121 2413 1423 2475 potestates
1458 2404 1779 2485 degunt_ac
1807 2407 1923 2461 for-

345 2500 505 2554 tassis
529 2500 692 2553 etiam
718 2508 1033 2553 Sanctorum
1059 2495 1342 2549 hominum
1369 2496 1594 2569 animm;
1630 2496 1771 2551 ultra
1794 2512 1922 2552 vero

347 2583 482 2643 illud
515 2589 746 2642 alterum
777 2596 834 2641 et
868 2585 1297 2655 inadspectabile
1344 2585 1543 2640 caelum
1579 2602 1742 2642 nemo
1797 2605 1920 2659 prr-

347 2682 501 2737 veuit
530 2695 773 2749 unquam
819 2687 1016 2748 printer
1073 2693 1264 2733 verum
1324 2677 1475 2730 illum
1505 2677 1804 2743 Christum.
1857 2679 1955 2735 ΕΙ(

345 2776 567 2844 quidem
602 2773 789 2826 fanum
840 2770 973 2824 illud
1025 2778 1287 2824 terrestre
1326 2771 1607 2825 conditum
1647 2770 1817 2825 fuisse
1855 2773 1923 2826 ad

344 2866 639 2932 imaginem
693 2876 875 2916 rerum
921 2861 1227 2916 cmlestium
1283 2861 1447 2915 etiam
1506 2864 1778 2916 maximus
1833 2862 1923 2916 ille

341 2957 545 3012 Paulus
569 2964 759 3011 noster
793 2953 943 3009 hisce
974 2951 1158 3007 verbis
1220 2951 1551 3021 signiliravit
1580 2968 1594 3004 :
1632 2971 1648 3003 ‹
1684 2949 1805 3005 Νοιι
1862 2951 1919 3005 in

2026 1785 2152 1838 χετο
2201 1769 2250 1821 εί
2287 1769 2361 1840 μὴ
2412 1769 2574 1839 μόνος
2614 1771 2643 1822 6
2689 1769 2999 1840 ἀρχιερεὺς,
3030 1775 3279 1840 κάκεῖνος
3320 1775 3470 1840 ἅπαξ
3503 1776 3585 1831 τοῦ

2026 1859 2295 1927 ἐνιαυτοῦ,
2332 1864 2425 1913 καὶ
2472 1859 2643 1914 ταῦτα
2681 1862 2741 1913 οὐ
2786 1863 2956 1934 χωρὶς
2997 1865 3247 1933 αἳματος,
3278 1869 3376 1920 καὶ
3411 1870 3468 1921 ὲν
3496 1871 3584 1922 αὐ-

2025 1954 2137 2016 τοῖς
2163 1954 2275 2015 τοῖς
2310 1952 2557 2024 οὐρανοῖς
2586 1952 2863 2025 εὑρήσεις.
2918 1957 3008 2008 Ἐν
3034 1958 3143 2025 γὰρ
3167 1958 3245 2028 τῷ
3274 1959 3415 2028 πρὸς
3452 1962 3585 2030 ἡμᾶς

2027 2042 2262 2114 οὐρανῷ,
2304 2045 2384 2113 τῷ
2427 2044 2550 2115 ἀέρι
2602 2045 2868 2114 δηλονότι,
2914 2047 3095 2101 πάντα
3149 2049 3214 2120 δὴ
3259 2051 3329 2104 τὰ
3374 2051 3585 2119 ἀγελαῖα

2026 2133 2164 2198 ζῶα,
2190 2134 2457 2204 ἐσώτερον
2492 2134 2548 2188 δὲ
2595 2137 2689 2189 τοῦ
2724 2138 3053 2209 φαινομένου
3087 2143 3490 2212 στερεώματος,
3520 2143 3586 2207 ὥς

2026 2243 2190 2295 φησιν
2233 2226 2261 2279 6
2293 2226 2554 2297 Σιναῖτης
2596 2228 2737 2293 Θεῖος
2776 2231 3153 2296 ’Λναστάσιος,
3194 2234 3295 2296 τὰς
3338 2236 3587 2306 οὐρανίας

2023 2316 2315 2385 διαγούσας
2369 2319 2652 2386 δυνάμεις,
2696 2321 2828 2384 ἴσως
2868 2322 2925 2375 δὲ
2976 2325 3068 2376 καὶ
3121 2324 3291 2390 αὐτὰς
3343 2326 3445 2390 τὰς
3488 2327 3585 2380 τῶν

2026 2410 2195 2478 ἁγίων
2221 2409 2420 2483 ψυχάς.
2459 2397 2760 2493 Ἆνὼτερον
2792 2414 2847 2466 δὲ
2878 2415 2970 2468 τοῦ
3010 2417 3269 2488 δευτέρου
3299 2421 3402 2472 καὶ
3433 2419 3584 2490 ἀορά-

2023 2516 2116 2551 του
2154 2499 2385 2569 οὐρανοῦ
2423 2499 2595 2565 οὐδεὶς
2626 2502 2972 2573 εἰσελήλυθεν
3005 2505 3056 2558 εἰ
3097 2505 3172 2576 μὴ
3214 2507 3381 2577 μόνος
3407 2511 3433 2562 6
3456 2510 3579 2579 ἀληο

2024 2593 2122 2663 Oi};
2179 2595 2465 2664 ἀρχιερεὺς
2522 2595 2778 2665 Χριστὸς,
2808 2597 3076 2652 ἀντίτυπα
3133 2599 3242 2652 τῶν
3303 2601 3579 2672 ἀληθινῶν.

2028 2683 2151 2737 Ὅτι
2175 2685 2230 2738 δὲ
2253 2688 2320 2739 τὰ
2346 2686 2442 2739 τοῦ
2485 2687 2733 2755 ἐπιγείου
2764 2687 2920 2742 τοῦδε
2959 2691 3088 2744 ναοῦ
3118 2692 3243 2745 κατ’
3281 2695 3466 2748 εἰκόνα
3488 2695 3582 2749 τῶν

2024 2774 2362 2847 ἐπουρανίων
2395 2777 2666 2841 ἔκτισται,
2692 2781 2786 2832 καὶ
2808 2780 2969 2844 αὐτὸς
2993 2782 3019 2832 ὁ
3048 2783 3356 2854 πάμμεγας
3388 2786 3581 2851 Παῦλος

2025 2864 2315 2935 ἐδήλωσεν,
2339 2866 2512 2930 οὕτως
2543 2867 2733 2932 εἰπὼν,
2767 2888 2784 2920 ι
2832 2871 2966 2923 Οὐδὲ
2997 2872 3103 2942 γὰρ
3142 2875 3222 2937 εἰς
3250 2876 3581 2947 χειροποίητα

2027 2956 2157 3023 ἅγια
2189 2958 2438 3029 εἰσῆλθεν
2475 2960 2504 3012 6
2548 2959 2805 3030 Χριστὸς,
2841 2961 2956 3014 ἀλλ’
2999 2965 3080 3026 εἰς
3122 2965 3288 3018 αὐτὸν
3320 2968 3414 3020 τὸν
3440 2969 3582 3039 οὐρα-

342 3048 717 3103 tnaunfactnm
777 3043 1083 3101 Sacrarium
1150 3043 1403 3097 Christus
1485 3042 1764 3113 ingressus
1812 3053 1917 3109 est,

2032 3049 2133 3115 νὺν,
2171 3049 2266 3103 νῦν
2292 3052 2698 3121 ἐμφανισθῆναι
2735 3054 2813 3125 τῷ
2842 3056 3121 3131 προσώπῳ
3159 3059 3256 3112 τοῦ
3295 3059 3429 3113 Θεοῦ
3460 3061 3582 3131 ὑπὲρ

343 3140 489 3207 quod
532 3140 646 3194 veri
700 3136 928 3193 sacrarii
962 3136 1105 3190 foret
1154 3136 1462 3204 exemplar,
1501 3136 1593 3189 sed
1630 3136 1682 3188 in
1742 3135 1914 3204 ipsum

343 3233 565 3297 caelum,
594 3243 652 3284 ut
685 3245 831 3284 nunc
863 3228 975 3284 Deo
996 3244 1181 3282 coram
1206 3244 1304 3297 pro
1337 3227 1494 3281 nobis
1523 3227 1909 3296 appareat“.r

342 3326 521 3394 Atque
550 3325 638 3378 bic
664 3323 709 3377 si
742 3322 1032 3390 diligenter
1072 3319 1317 3372 animum
1375 3317 1648 3382 advertas,
1706 3318 1921 3374 videbis

345 3424 670 3474 ornamenta
693 3413 806 3468 fani
844 3412 944 3466 sub
972 3409 1166 3465 oculos
1190 3407 1441 3462 cadentia
1474 3409 1628 3479 quasi
1660 3409 1922 3478 quasdam

344 3523 637 3579 expressas
669 3508 936 3576 imagines
983 3517 1110 3559 esse
1145 3501 1578 3572 pulchritudinis
1631 3500 1781 3554 illius
1836 3500 1921 3553 in-

344 3599 754 3670 adspectabilis.
775 3596 1018 3651 Sensilt-s
1059 3595 1278 3665 quidem
1308 3592 1584 3650 sutiituum
1614 3592 1921 3667 fragrantia:

347 3688 929 3762 repraesentantnobis
958 3687 1189 3741 halitum
1226 3693 1281 3741 et
1305 3675 1544 3740 sumtum
1571 3685 1720 3740 illum
1758 3685 1922 3740 intel-

346 3784 609 3839 lectilem.
638 3780 798 3836 Facta
831 3779 900 3835 de
957 3778 1202 3833 terrestri
1250 3777 1480 3832 materie
1537 3776 1742 3831 lumina
1796 3786 1925 3833 sunt

2023 3140 2204 3211 ἡμῶν.
2247 3159 2266 3193 ι
2306 3141 2448 3212 Ὅρα
2481 3143 2591 3212 γὰρ
2620 3132 2888 3214 νουνεχῶς
2914 3146 2996 3199 ὅτι
3048 3128 3138 3199 διαὶ
3181 3148 3249 3202 τὰ
3298 3128 3581 3219 φαινόμενα

2023 3233 2119 3287 τοῦ
2146 3232 2275 3287 ναοῦ
2312 3234 2469 3288 τοῦδε
2513 3235 2687 3305 κάλλη
2733 3238 2831 3308 τῆς
2862 3238 3101 3308 ἀφανοῦς
3150 3239 3365 3311 ἐκείνης
3400 3241 3581 3311 εὐπρεσ

2030 3326 2188 3388 mia;
2245 3327 2383 3379 εἰσὶν
2440 3327 2904 3395 ἀπεικονίσματα,
2974 3331 3030 3381 αἰ
3090 3329 3138 3382 δ’
3200 3325 3293 3384 οῦν
3349 3330 3582 3402 αἰσθηταὶ

2031 3416 2249 3469 εὐωδὶαι
2291 3418 2405 3487 τῆς·
2435 3418 2633 3488 νοητῆς
2672 3419 2966 3483 διαδόσεως
3001 3421 3393 3491 ὲκτυπώματα.
3425 3423 3501 3474 Ta
3535 3422 3581 3473 δὲ

2032 3507 2193 3561 ὐλικὰ
2241 3508 2396 3579 φῶτα
2428 3511 2528 3579 τῆς
2561 3510 2727 3564 ἀΰλου
2779 3511 3109 3580 φωτοδοσίας
3155 3505 3365 3576 εἰκόνες
3403 3515 3582 3583 τυγχά-

2028 3613 2219 3651 νουσι·
2272 3601 2366 3652 καὶ
2422 3600 2531 3669 γὰρ
2568 3602 2656 3654 διά
2707 3603 2877 3654 τῶνδε
2927 3602 3037 3656 τῶν
3090 3602 3290 3657 ὐλαίων
3332 3604 3464 3674 πρὸς
3497 3604 3581 3671 τὴν

2029 3689 2267 3762 ἄρρητον
2291 3690 2504 3762 ἐκείνην
2528 3691 2779 3764 Θεωρίαν,
2797 3693 2938 3748 καθὰ
2962 3694 3136 3767 δήπου
3161 3695 3355 3766 καὶτῷ
3381 3697 3582 3766 μεγὰἓῳ

2030 3781 2178 3834 δοκεῖ
2208 3783 2493 3855 Διονυσίῳ,
2522 3786 2868 3855 χειραγωγοῦ
2878 3787 3037 3856 tit-:01.

347 3876 618 3949 imagines
667 3874 806 3930 lucis
848 3872 994 3928 illius
1021 3870 1263 3927 caelestis
1291 3880 1348 3926 et
1398 3870 1650 3928 materiei
1702 3886 1931 3940 prorsus
1969 3874 2232 3943 expertis.
2266 3871 2535 3930 Nimirum
2563 3893 2664 3949 per
2701 3880 2863 3934 hasce
2929 3895 3016 3935 res
3083 3880 3312 3945 materie
3350 3887 3583 3935 constan-

346 3982 430 4028 tes
457 3987 521 4026 ac
549 3978 795 4025 terrenas
829 3965 895 4021 ad
920 3966 1444 4034 contemplationem
1512 3965 1663 4020 illam
1697 3964 2048 4035 ineffabilem,
2085 3969 2550 4040 quemadmodum
2625 3982 2681 4027 et
2752 3987 2948 4045 magno
2999 3975 3075 4029 illi
3146 3975 3406 4046 Dionysio
3447 3968 3580 4025 iide-

349 4077 460 4130 tur,
490 4064 646 4136 quasi
680 4077 842 4116 manu
870 4060 1146 4116 ducimur.

417 4162 493 4219 Ut
523 4170 705 4216 autem
736 4158 805 4213 ad
836 4158 1187 4212 Solomonem
1216 4162 1587 4226 revertamur,
1635 4171 1927 4229 superasse

350 4253 501 4309 illum
554 4262 748 4306 omnes
781 4247 1060 4303 "omnibus
1110 4246 1275 4302 rebus
1337 4246 1508 4301 sacris
1582 4262 1648 4303 ex
1702 4248 1925 4305 Litteris

353 4359 657 4419 cognoscas
715 4343 864 4398 licet.
927 4361 943 4393 ι
983 4341 1242 4404 Tantum,
1270 4323 1841 4409 inquiunt",divitiis
1872 4350 1926 4395 et

354 4439 618 4510 sapientia
662 4443 891 4493 cunctos
934 4432 1152 4504 Egypti
1205 4447 1362 4503 reges
1391 4433 1648 4488 excellnit
1679 4432 1923 4497 Solomo,

354 4539 416 4586 ut
441 4543 633 4584 omnes
661 4528 811 4583 orbis
843 4536 1117 4581 terrarum
1173 4539 1333 4593 reges
1391 4535 1750 4595 conspectum
1808 4526 1927 4597 ejus

354 4620 699 4690 requirerent
741 4618 1029 4673 audiendas
1081 4617 1365 4686 sapientiae
1395 4632 1582 4684 causa,
1634 4632 1737 4687 qua
1771 4619 1930 4687 longe

355 4713 691 4782 amplissima
721 4710 978 4777 przrditus
1042 4710 1265 4779 quosvis
1317 4710 1595 4779 sapientes
1649 4709 1934 4780 Egyptios

358 4812 484 4874 post
514 4816 573 4856 se
602 4802 994 4869 relinquebat.»
1033 4799 1177 4853 Idem
1207 4799 1427 4853 Solomo
1489 4816 1613 4854 cum
1664 4801 1930 4855 divinitus

356 4893 687 4964 sapientiam
743 4902 949 4945 tantam
989 4901 1185 4945 nactus
1242 4892 1476 4956 luisset,
1538 4894 1930 4946 srntentiarum

360 4989 463 5042 tria
492 4984 663 5040 tnillia
699 4984 941 5053 protulit,
976 4992 1031 5036 et
1088 4985 1317 5037 odarum
1354 4986 1596 5053 quinque
1629 4984 1797 5038 millia
1865 4990 1932 5038 de

358 5079 614 5133 omnibus
647 5091 677 5130 e
708 5086 851 5129 terra
889 5075 1247 5128 nascentibus
1277 5086 1332 5129 et
1360 5078 1576 5132 cunctis
1606 5078 1933 5132 animalibus

425 5236 473 5270 ”
502 5233 669 5289 Hebr.
700 5245 776 5292 ιι,
803 5227 893 5282 21.
968 5228 1015 5260 ³³
1040 5228 1109 5283 ΙΙΙ
1142 5230 1273 5301 Reg.
1301 5247 1375 5297 tv,
1407 5232 1496 5286 54.

431 5379 543 5446 (56)
574 5377 635 5432 ln
666 5385 873 5431 textum
924 5374 1173 5430 Graecum
1213 5374 1571 5446 Latinamquc
1617 5378 1926 5431 versionem

362 5451 542 5524 gravis
581 5462 735 5524 error
782 5446 1053 5524 incubuit,
1103 5446 1323 5524 cum_ab
1382 5446 1803 5524 lsraeliticorutn
1863 5461 1927 5499 ex

363 5516 597 5591 Egypto
626 5518 952 5586 migratione
988 5516 1237 5591 _treccnti
1286 5526 1496 5591 tantum
1553 5532 1615 5571 ac
1683 5516 1926 5591 triginta,

363 5586 851 5653 ri’friumerentur
875 5587 1002 5645 anui
1030 5601 1202 5656 usque
1247 5586 1315 5640 ad
1366 5596 1701 5642 exstructam
1764 5587 1929 5641 Deoa

366 5660 657 5731 Solomone
682 5657 1068 5731 liierosolymis
1091 5672 1303 5731 sacram
1333 5656 1531 5731 aedem.
1568 5657 1756 5731 Exstat
1781 5656 1927 5709 enim

365 5731 487 5784 lucc
520 5729 815 5784 meridiana
840 5726 1043 5785 clarius
1073 5729 1445 5782 testimonium
1481 5726 1602 5780 libri
1629 5742 1686 5780 ιιι
1720 5726 1928 5795 ltegum

364 5798 544 5861 capite
576 5807 728 5855 sexto
758 5816 774 5855 :
807 5798 1034 5857 Factum
1055 5807 1129 5855 est
1161 5814 1282 5865 erqo
1309 5797 1825 5863 quadrinqenterimo
1877 5805 1926 5848 et

2106 4159 2230 4212 "Ott
2260 4157 2316 4211 δὲ
2353 4158 2562 4223 πάντας
2592 4159 2940 4232 ὑπερϐαίνων
2959 4155 3027 4231 ἦν
3057 4162 3151 4218 ἐπὶ
3193 4165 3355 4219 πᾶσιν
3383 4165 3410 4218 6
3443 4165 3583 4219 Σολοο

2037 4250 2176 4320 μῶν,
2196 4252 2229 4320 ἡ
2258 4250 2449 4322 Γραφὴ
2494 4250 2792 4305 διδασκέτω
2821 4270 2880 4307 σε
2912 4253 3169 4342 λέγουσα·
3201 4274 3219 4307 ι
3270 4257 3379 4309 Καὶ
3404 4259 3585 4326 ἐμεγα-

2034 4343 2201 4413 λύνοη
2228 4343 2482 4413 Σολομῶν
2503 4345 2643 4416 ὑπὲρ
2676 4346 2884 4407 πάντας
2908 4352 3035 4408 τοὺς
3064 4345 3306 4417 βασιλεῖς
3326 4349 3583 4418 Αἰγύπτου

2035 4434 2251 4504 πλούτῳ
2298 4437 2392 4488 καὶ
2428 4436 2713 4507 φρονήσει,
2749 4437 2842 4492 καὶ
2888 4440 3091 4500 πάντες
3140 4440 3193 4491 oi
3234 4438 3469 4509 βασιλεῖς
3499 4439 3582 4509 τῆς

2032 4527 2135 4594 γῆς
2173 4524 2400 4593 ἐζήτουν
2432 4516 2503 4577 τδ
2527 4527 2822 4597 πρόσωπον
2864 4527 3209 4598 Σολομῶντος
3248 4531 3339 4583 τοῦ
3373 4529 3583 4584 ἀκοῦσαι

2035 4617 2134 4687 τῆς
2176 4618 2495 4688 φρονήσεως
2548 4618 2735 4672 αὐτοῦ.
2796 4620 3137 4691 Ἐπληθύειθη
3193 4623 3301 4694 γὰρ
3354 4624 3387 4692 ἡ
3443 4622 3583 4689 σοφία

2041 4707 2206 4760 αὐτοῦ
2242 4709 2378 4779 ὑπὲρ
2417 4708 2595 4763 πάντα
2651 4711 2915 4781 φρόνιμον
2959 4712 3259 4781 Αἰγύπτου.
3295 4732 3314 4764 ι
3352 4713 3457 4775 Τὰς
3500 4710 3580 4763 τοῦ

2041 4798 2382 4868 Σολομῶντος
2416 4799 2653 4870 βίϐλους,
2679 4802 2771 4870 ἀφ’
2806 4797 2878 4855 ὧν
2914 4803 3008 4856 καὶ
3034 4807 3081 4856 οἱ
3111 4803 3220 4856 τῶν
3250 4805 3445 4874 ἰατρῶν
3476 4802 3582 4854 παῖ-

2038 4891 2127 4954 δες
2177 4891 2271 4952 τὰς
2318 4892 2572 4962 ἀφορμὰς
2611 4892 2822 4947 ἔλαϐον.
2860 4895 3014 4947 Μετά
3065 4898 3173 4966 γὰρ
3219 4898 3278 4948 τὸ
3327 4896 3500 4947 λαϐεῖν
3531 4896 3583 4942 ἐκ

2039 4982 2174 5037 Θεοῦ
2208 4984 2307 5054 τὴν
2368 4984 2560 5052 σοφίαν
2608 4985 2915 5054 τρισχιλίας
2974 4987 3072 5054 μὲν
3132 4988 3441 5058 παραϐολὰς
3502 4983 3581 5035 καὶ

2041 5075 2483 5146 πεντακισχιλίας
2522 5076 2664 5146 ᾠδὰς
2703 5076 2934 5148 ὲλάλησε
2984 5080 3106 5151 περὶ
3142 5081 3356 5135 πάντων
3394 5078 3492 5133 τῶν
3531 5090 3579 5126 τε

2037 5379 2350 5448 octogesimo
2375 5396 2514 5434 anno
2547 5380 2864 5449 egressionis
2895 5377 3131 5445 ﬁliorum
3168 5379 3353 5444 Israel,
3405 5393 3454 5431 et
3475 5392 3578 5449 qua;

2037 5447 2362 5520 sequuntur.
2391 5450 2501 5503 luto
2528 5447 2630 5503 nec
2656 5450 2856 5503 desunt
2881 5452 3024 5520 inter
3078 5458 3449 5520 chronologos,
3497 5447 3575 5513 qui

2038 5518 2199 5588 longe
2249 5518 2411 5572 etiam
2453 5519 2636 5588 plures
2666 5519 3034 5573 numerandos
3078 5535 3204 5573 esse
3252 5518 3577 5588 contendant,
3655 5574 3663 5581 ,

2038 5598 2094 5661 et
2139 5586 2370 5661 prodiit)
2410 5586 2887 5661 velintlegendum
2913 5603 3035 5642 esse
3086 5589 3141 5641 in
3173 5593 3337 5644 sacris
3391 5586 3590 5661 codieiO

2038 5658 2138 5712 bus
2166 5659 2289 5713 580.
2322 5662 2434 5724 Qua
2457 5659 2525 5713 de
2552 5674 2611 5712 re
2644 5663 2885 5719 uberius,
2920 5661 3011 5727 qui
3059 5661 3353 5714 doctrinam
3393 5658 3577 5725 temp)-

2037 5744 2156 5782 rutn
2192 5740 2309 5784 arte
2349 5744 2413 5785 ac
2433 5729 2690 5784 methudo
2725 5738 3079 5799 pertractant.
