3794 6226
198 369 288 432 349

1411 361 1812 424 ANNALIUM
1853 361 2051 424 PARS
2093 367 2175 426 ll.

3270 365 3372 427 350

193 479 247 527 ἐκ
268 473 353 542 γῆς
382 474 653 542 φυομένων
689 473 782 527 καὶ
828 473 1047 526 πάντων
1077 472 1182 526 τῶν
1216 472 1388 536 ζώων.
1432 474 1556 526 Ἐπὶ
1599 473 1703 541 γὰρ

1813 473 2140 541 composuit.
2186 473 2296 529 lloc
2324 475 2471 529 enim
2502 476 2746 530 indicare
2778 475 2967 531 volens
2989 483 3178 528 auctor
3203 473 3372 528 hism.

190 565 336 635 τούτῳ
375 565 524 618 καὶοό
568 565 913 637 συγγραφεύς
968 583 1133 636 φησιν
1167 567 1247 619 ὃτι
1289 566 1551 634 ἐλάλησεν
1577 567 1708 636 περ)⁸

188 657 280 710 τῶν
309 657 464 723 ξύλων
494 659 600 711 ἀπὸ
629 657 726 727 τῆς
778 659 971 728 κέδρου
1017 661 1114 728 τῆς
1161 662 1218 711 ἐν
1247 659 1324 729 τῷ
1355 658 1573 727 Λιϐάνῳ
1613 659 1709 712 καὶ

186 749 274 811 ἕως
295 744 644 817 τῆςύσσώπου
670 748 770 818 τῆς
803 749 1244 820 ἐκπορευομένης
1277 750 1341 802 ἐκ
1369 747 1462 801 τοῦ
1497 747 1704 817 τοίχου.

186 837 320 906 Παρά
362 836 414 890 δέ
473 835 710 901 Ἐζεκίου
772 837 1042 892 κεκαῦθαί
1110 857 1274 910 φησιν
1314 841 1342 892 ὁ
1385 838 1707 909 πολυμαθὴς

185 930 262 980 καὶ
295 928 582 999 πνλυῖστωρ
610 928 887 993 Εὐσέϐιος.
927 931 1068 984 Ὅσα
1117 931 1214 984 καὶ
1260 930 1369 1002 γὰρ
1403 934 1459 985 ἐν
1499 934 1567 1002 γῇ
1613 934 1709 983 καὶ⁵

186 1019 414 1091 θαλάσσῃ,
448 1021 502 1072 ἐν
531 1020 669 1092 ἀέρι,
717 1022 964 1092 ἀφορμαὶ
1003 1026 1100 1092 τῆς
1143 1024 1350 1077 ἐκείνου
1390 1024 1706 1092 φιλοσοφίας

182 1110 414 1176 ἐγένοντο.
444 1112 595 1164 Οὕτω
644 1112 742 1182 μὲν
772 1109 865 1166 οὖν
920 1116 947 1167 6
1013 1115 1261 1178 Ἐζεκίας
1319 1117 1411 1168 καὶ
1469 1117 1561 1168 ἐπὶ
1607 1115 1705 1168 τοῦ

181 1201 319 1254 Δαῦὶδ
355 1204 574 1273 ἐποίησε
633 1204 888 1276 ψαλμοῖς.
913 1206 1132 1260 Τούτων
1182 1208 1275 1259 καὶ
1326 1208 1431 1277 γὰρ
1482 1209 1537 1259 ἐν
1590 1210 1708 1270 ταῖς

179 1295 541 1362 αἰχμαλωσίαις
587 1296 963 1361 ἀπολωλότων,
1029 1299 1265 1368 Ἔσδρας
1311 1316 1397 1361 τις
1443 1299 1583 1369 ἀνὴρ
1628 1300 1710 1363 είς

179 1387 322 1454 ἄκρον
357 1389 448 1455 τῆς
491 1389 766 1458 Ἐϐραῖδος
816 1391 1099 1446 διαλέκτου
1146 1392 1424 1463 ἐληλακὼς
1465 1399 1509 1446 τ’
1553 1393 1708 1455 ὅλους

177 1479 614 1552 ἀπηριθμήσατοῆ
647 1483 741 1536 καὶ
771 1483 988 1548 πλείους
1021 1485 1298 1550 συλλέξας.
1319 1485 1457 1540 Ἀλλ’
1487 1487 1514 1539 6
1561 1487 1707 1550 Ἐζε-

178 1567 282 1630 κίας
315 1570 432 1631 τοὺς
459 1570 674 1634 πλείους
703 1574 812 1626 τῶν
838 1573 1068 1646 ψαλμῶν
1099 1576 1373 1647 ἀθετήσας
1398 1577 1474 1640 ὡς
1511 1577 1585 1648 μὴ
1612 1576 1705 1629 τοῦ

177 1659 318 1713 Δσδὶδ
361 1657 496 1716 εἶναι
547 1665 1029 1739 ῷμολογημένους,
1058 1669 1184 1730 τοὺς
1246 1675 1324 1739 ρν¹
1362 1669 1456 1723 καὶ
1515 1669 1707 1740 μόνους

175 1752 562 1823 ἁπέκρινεν,ὡς
613 1758 640 1810 6
696 1757 1008 1828 σοφώτατος
1062 1761 1280 1823 Ψελλὸς
1325 1761 1526 1830 ίστορεῑ
1554 1746 1700 1832 ’(37).

185 1842 576 1916 Ἐφυσιολόγησε
630 1847 688 1901 δὲ
755 1849 1008 1916 Σολομῶν
1065 1851 1159 1904 καὶ
1217 1849 1345 1920 περὶ
1393 1849 1576 1916 λίθων,
1606 1852 1704 1920 οὐχ

176 1933 300 1998 ὅπως
328 1937 678 2009 ἐχρώσθησαν
710 1940 872 2008 μόνον
923 1943 956 2010 ἢ
1006 1924 1414 2010 συνεπάγησαν,
1445 1942 1579 1996 ἀλλὰ
1611 1944 1706 1995 καὶ

171 2026 283 2080 ὅπου
317 2027 512 2098 ἑκάστη
567 2031 832 2083 συντελεῖ.
863 2031 978 2101 Τὴν
1015 2033 1113 2100 μὲν
1145 2033 1503 2103 σωφροσύνης
1534 2033 1704 2102 ἔφησε

173 2117 524 2190 φυλακτήριον,
545 2121 645 2190 τὴν
662 2121 729 2196 ,δέ
753 2122 888 2192 πρὸς
909 2124 976 2175 τὰ
1003 2121 1198 2192 θειώδη
1226 2125 1470 2193 ἀντέχειν
1498 2124 1703 2193 πυρσὰ.

171 2207 338 2277 ἑτέραν
381 2211 433 2262 δέ
466 2213 792 2281 φυγαδεύειν
826 2213 1113 2282 πνεύματα
1159 2215 1390 2284 πονηρά.
1426 2215 1586 2267 Ἀλλά
1613 2215 1706 2268 καὶ

172 2302 276 2368 περὶ
304 2300 565 2372 δαιμόνων
597 2302 754 2373 ἐτέθη
802 2304 1006 2374 βιϐλίον
1031 2304 1222 2368 αὐτοῦ,
1255 2307 1402 2370 ὅπως
1434 2323 1494 2359 τε
1528 2307 1702 2360 κατά-

170 2408 328 2458 γονται
357 2395 446 2446 καὶ
473 2397 528 2447 ἐν
556 2397 694 2460 οἵοις
721 2398 888 2450 εἴδεσι
937 2398 1234 2467 φαίνονται.
1273 2399 1466 2462 Φύσεις
1498 2400 1554 2453 δέ
1584 2400 1706 2454 τού-

169 2496 258 2532 των
299 2484 381 2534 καὶ
421 2484 689 2555 ἰδιότητας
726 2487 953 2557 ἔγραψε,
995 2486 1114 2552 πῶς
1146 2503 1204 2540 τε
1240 2488 1566 2558 δεσμοῢνται
1613 2494 1706 2544 καὶ

169 2569 264 2632 πῶς
291 2564 786 2644 ἐμφιλοχωροῦντες
831 2578 1180 2632 ἀπολύονται.
1210 2579 1372 2632 Ὅθεν
1406 2580 1541 2652 ἔργα
1583 2583 1706 2633 τού-

167 2674 261 2722 τοις
291 2663 558 2735 ἀχθοφόρα
606 2666 921 2732 ἐπέταττεν,
955 2667 1238 2738 ὑλοτομεῖν
1295 2687 1375 2732 τε,
1405 2671 1478 2733 ὡς
1527 2669 1700 2737 λόγος,

167 2755 432 2824 ἠνάγκαζε,
463 2759 558 2811 καὶ
586 2758 909 2828 κατωμαδὸν
947 2760 1012 2811 τὰ
1039 2759 1176 2830 ἄχθη
1219 2761 1404 2831 φέρειν
1442 2760 1706 2829 παρεϐιά-

167 2846 285 2910 ζετο.
326 2849 578 2920 ᾮδηκότα
609 2869 667 2904 τε
721 2853 1004 2922 σπλάγχνα
1037 2853 1068 2922 ἢ
1105 2855 1342 2922 ἐπῳδαῖς
1382 2855 1412 2924 ἢ
1447 2856 1704 2926 βοτάναις

166 2942 429 3010 περιτιθεὶς
485 2943 841 3015 ἐθεράπευεν.
885 2945 1028 2997 Ἀλλ’
1071 2945 1098 2996 ὃ
1153 2962 1219 3014 γε
1271 2947 1412 3009 θεῖος
1455 2947 1704 3011 Ἐζεκίας

165 3033 261 3103 Θεῷ
294 3036 477 3088 ἑαυτὸν
512 3036 808 3103 ἀνατιθεὶς,
848 3039 939 3090 καὶ
972 3039 1150 3091 πάντα
1190 3039 1290 3108 τῆς
1324 3039 1534 3092 ἐκεῖθεν
1567 3059 1702 3108 προ-

1811 566 1904 617 ῑὶω
1930 566 2111 618 verbis
2143 566 2448 637 huiusmodi
2479 583 2608 620 usus
2635 579 2750 625 est:
2787 567 3087 622 «Disseruit
3122 567 3188 620 de
3219 567 3352 620 arbo

1811 655 1984 720 ribus,
2015 673 2045 711 a
2083 659 2247 713 cedro
2279 658 2468 712 Libani
2502 675 2672 726 usque
2697 661 2760 713 ad
2791 661 3076 732 hysopum,
3111 661 3166 714 in
3199 661 3372 728 patie-

1808 745 1944 813 gtinis
1969 747 2060 816 qui
2096 749 2395 802 nascitur.)
2431 747 2501 800 Ex
2542 749 2627 802 his
2663 750 2814 802 libris
2860 747 3227 803 Solomonicis
3262 763 3367 802 mc-

1810 837 2055 892 dicorutn
2080 839 2230 892 natio
2255 840 2427 893 multa
2453 839 2856 893 commentandi
2891 839 3208 894 occasion‘es
3229 856 3371 893 sum-

1810 929 1918 999 psit
1953 949 1965 984 :
1995 946 2120 984 nam
2157 947 2499 1001 quaecunque
2553 933 2799 996 interra,
2850 934 2904 987 in
2939 935 3098 996 mari,
3152 935 3205 988 in
3253 949 3374 988 aere

1809 1022 2096 1087 exsistunt,
2130 1024 2408 1078 Solomoni
2447 1026 2512 1079 ad
2554 1026 3056 1095 philosophandum
3095 1029 3375 1083 materiem

1809 1113 2253 1182 suppeditarunt.
2285 1114 2560 1170 Nonnulla
2597 1128 2778 1171 tamen
2816 1118 3128 1172 Solomonis
3178 1136 3374 1173 nomen

1809 1206 2222 1273 przeseferentia
2275 1205 2439 1260 fuisse
2503 1208 2570 1262 ab
2611 1206 2802 1262 Ezecia
2867 1219 3250 1275 concremata,
3285 1210 3375 1262 dn-

1811 1297 2084 1351 ctissimus
2105 1297 2189 1351 ille
2211 1297 2677 1369 plurimarumque
2704 1316 2880 1353 rerum
2907 1302 3215 1370 coguit'oue
3244 1318 3334 1371 pra
3356 1332 3376 1344 -

1809 1388 1954 1442 ditus
1978 1389 2249 1443 Eusebius
2275 1391 2554 1444 memoriae
2579 1393 2832 1458 prodidit.
2863 1393 3004 1446 Idem
3034 1393 3121 1446 hic
3153 1393 3379 1446 Ezecias

1809 1478 1866 1532 in
1911 1478 2179 1536 Davidicis
2209 1484 2370 1534 etiam
2418 1482 2638 1550 psalmis
2680 1484 3117 1550 przestititznam
3152 1500 3274 1538 cum
3327 1485 3378 1538 in

1807 1573 2212 1640 captivitatibus
2279 1573 2353 1626 illi
2407 1575 2591 1627 amissi
2651 1573 2847 1639 forent,
2902 1577 3100 1628 Esdras
3130 1577 3376 1645 quidam,

1811 1663 1893 1716 vir
1929 1663 1993 1715 ad
2024 1678 2298 1716 summum
2340 1664 2624 1718 llebraica:
2657 1665 2857 1735 lingua:
2889 1653 3122 1734 peritus,
3161 1678 3375 1720 trecen-

1813 1762 1912 1816 tos,
1941 1753 2052 1806 imo
2079 1753 2261 1821 plures
2287 1753 2549 1808 collectos
2580 1757 2858 1808 recensuit
2893 1771 2906 1807 :
2941 1771 3130 1810 verum
3157 1755 3378 1812 Ezecias

1806 1844 2178 1913 compluribus
2216 1859 2280 1899 ex
2326 1845 2483 1914 183
2518 1846 2666 1899 hisce
2687 1846 2913 1915 psalmis
2937 1848 3098 1916 plane
3138 1849 3377 1918 rejtctis,

1809 1946 1866 1989 ut
1896 1936 1986 2005 qui
2012 1938 2148 1989 citra
2173 1935 2604 1989 controversiam
2637 1936 2856 1989 Davidis
2889 1937 3151 2006 appellari
3183 1939 3378 2007 nequi-

1808 2037 1949 2090 rent,
1994 2028 2140 2083 solos
2173 2029 2274 2081 150
2309 2029 2550 2096 reliquos
2585 2027 2845 2098 suﬂ'ragio
2879 2044 2980 2083 suo
3027 2029 3374 2100 approbavit,

1807 2119 2270 2188 quemadmodum
2323 2119 2530 2174 Psellus
2590 2121 2679 2174 ille
2726 2121 3076 2176 doctissimus
3134 2122 3378 2192 scripsit.

1808 2215 2076 2266 Praeterea
2109 2211 2334 2266 Solomo
2358 2212 2426 2266 de
2462 2213 2692 2282 gemmis
2755 2229 2975 2283 quoque
3005 2215 3266 2268 disseruit
3292 2231 3378 2269 ea-

1807 2319 1926 2357 rum
1951 2319 2036 2371 lue
2067 2311 2284 2368 natura,
2314 2318 2418 2355 non
2458 2310 2668 2355 tantum
2704 2317 2811 2369 quo
2847 2303 2950 2357 illae
2979 2314 3139 2373 pacto
3165 2305 3377 2361 calores

1809 2397 1906 2449 bos
1938 2394 2023 2447 vcl
2050 2395 2171 2448 illos
2199 2393 2472 2462 accipiant
2503 2393 2589 2446 vel
2621 2393 2914 2462 gignantur
2962 2403 3016 2447 ct
3041 2396 3376 2461 CO-‘JIBSCilﬂ!,

1807 2503 1995 2541 verum
2032 2488 2193 2539 etiam
2243 2486 2363 2553 quis
2419 2487 2848 2556 uniuscujusque
2881 2486 2952 2539 sit
3006 2502 3138 2540 usus
3169 2505 3181 2540 :
3215 2480 3374 2541 aliam

1807 2578 1953 2632 enim
1982 2576 2257 2646 pudicitia:
2287 2576 2570 2629 custodem
2603 2593 2722 2630 esse.
2765 2579 3160 2646 pronuntiavit,
3217 2579 3378 2632 aliam

1808 2673 2065 2727 sulfurcis
2095 2672 2612 2726 inﬂammationibus
2647 2673 2932 2736 resistere,
2992 2673 3040 2725 al
3067 2689 3152 2726 am
3211 2674 3383 2726 malos

1806 2763 1992 2833 genios
2021 2763 2260 2832 abigere.
2296 2762 2441 2827 Quin
2477 2763 2640 2816 etiam
2671 2763 2870 2817 librum
2905 2763 2971 2818 de
3004 2765 3181 2835 geniis
3221 2780 3374 2818 com-

1805 2855 2010 2926 posuit,
2052 2871 2160 2923 quo
2198 2857 2461 2908 nimirum
2495 2864 2654 2924 pacto
2689 2869 2719 2910 e
2770 2856 2992 2910 sublimi
3039 2857 3382 2911 deducantur

1806 2958 1859 3001 et
1891 2947 2144 3017 qualibus
2175 2949 2362 3000 formis
2407 2957 2724 3016 appareant.
2771 2948 3099 3002 Eorumdem
3159 2961 3383 3003 naturas

1806 3048 1968 3107 atque
2008 3039 2379 3107 proprietates
2413 3039 2731 3107 complexus
2777 3050 2883 3102 est,
2918 3048 3029 3092 tum
3061 3056 3171 3109 quo
3215 3026 3380 3110 pacto

169 3126 288 3189 ιοίας
338 3127 668 3197 ἐξαρτήσας,
694 3128 800 3182 τῶν
871 3130 1008 3201 ὑπὲρ
1061 3130 1223 3198 φύσιν
1267 3131 1345 3201 τῷ
1395 3132 1702 3201 Σολομῶντι

1810 3130 2040 3184 vinculis
2063 3125 2431 3199 astringantur
2462 3138 2515 3181 et
2544 3129 2708 3182 certis
2742 3129 2876 3182 locis
2901 3129 3114 3182 adsueti
3148 3131 3376 3197 abigan-

164 3217 613 3288 φιλοσοφηθέντων
657 3219 1030 3291 ὠλιγώρησεν.
1082 3213 1182 3274 Ὧν
1232 3223 1288 3274 δὲ
1351 3223 1635 3294 ἱστόρησεν
1677 3224 1704 3274 6

165 3304 358 3369 Ψελλὸς,
387 3307 476 3359 καὶ
527 3308 556 3360 6
592 3306 859 3375 Ἰώσηπος
915 3309 1122 3380 μάρτυς
1155 3311 1267 3362 ἐστὶ
1305 3310 1506 3378 λέγων·
1545 3330 1563 3363 ι
1599 3313 1706 3365 Καὶ

163 3397 345 3466 ἐπῳδὰς
371 3401 509 3452 κατὰ
552 3401 830 3467 δαιμόνων
863 3401 956 3453 καὶ
989 3402 1350 3472 ἐξορκισμοὺς
1387 3404 1704 3472 ἐπενόησεν,

163 3483 256 3554 αἷς,
291 3508 306 3540 ι
343 3491 527 3560 φησὶν,
569 3510 589 3544 ι
637 3487 752 3546 οἶδα
800 3492 1081 3562 χρώμενον
1128 3493 1390 3565 Ἐλεάζαρ
1445 3496 1536 3547 τὸν
1573 3496 1705 3548 Ἰου-

162 3581 304 3646 δαῖον,
330 3584 617 3640 δακτύλιον
667 3587 949 3639 ἐντιθέντα
990 3591 1054 3657 τῇ
1099 3590 1206 3656 ῥινὶ
1233 3588 1326 3640 τοῦ
1382 3587 1704 3658 πάσχοντος,

161 3674 281 3728 καθὰ
331 3677 582 3747 Σολομῶν
656 3678 944 3743 ὑπέδειξε*
1008 3681 1102 3732 καὶ
1159 3681 1586 3750 ὀσφραινόμενον
1647 3682 1707 3734 τὸ

159 3765 407 3835 δαιμόνιον
437 3771 643 3833 εὐθέως
679 3770 890 3823 ἐκεῖθεν
932 3771 1216 3840 ἠλαύνετο.
1250 3773 1419 3842 Δῆλον
1461 3773 1516 3826 δὲ
1547 3773 1707 3826 τοῦτο

159 3857 376 3923 γίνεσθαι
430 3860 520 3915 διά
582 3879 730 3924 τινος
797 3863 1152 3925 ὐποτεθέντος
1207 3865 1432 3932 ἀγγείου
1503 3865 1704 3935 μεστοῦ

160 3947 326 4015 ὕδατος
346 3968 358 3981 ·
390 3954 830 4024 συνεταράσσετο
873 3953 982 4022 γὰρ
1010 3955 1070 4007 τὺ
1117 3955 1354 4021 τοιοῦτον
1387 3956 1529 4028 ὕδωρ
1561 3957 1704 4008 ἐκεί-

158 4057 234 4093 νου
263 4041 640 4114 ὲξερχομένου.
679 4062 698 4094 ι
734 4044 921 4098 Ταῦτα
956 4045 1013 4098 δὲ
1049 4045 1224 4098 πάντα
1273 4047 1341 4098 τὰ
1384 4047 1508 4116 περὶ
1552 4048 1710 4099 Σολο-

160 4134 344 4196 μῶντος
382 4135 749 4206 ἱστορούμενα
803 4135 898 4188 καὶ
941 4135 1102 4199 αὐτὸς
1145 4138 1351 4201 ἐκεῖνος
1397 4137 1711 4191 ἐπιϐεϐαιοϊ

159 4224 208 4275 ἐν
235 4228 292 4295 τῇ
333 4225 499 4297 βίϐλῳ
527 4225 700 4280 αὑτοῦ
727 4229 794 4296 τῇ
825 4226 1098 4299 λεγομένῃ
1134 4227 1306 4298 Σοφίᾳ
1334 4228 1705 4299 Σολομῶντος,

158 4315 238 4366 καὶ
264 4317 378 4370 τάδε
406 4319 732 4387 κατὰ¹ῥῆμα
764 4316 998 4384 διεξιὼν,
1021 4339 1039 4371 ι
1061 4318 1262 4381 ὈΘεὸς
1286 4319 1448 4372 ἔδωκέ
1481 4338 1572 4389 μοι
1599 4321 1706 4374 τῶν

157 4405 303 4460 εντων
341 4411 541 4477 γνῶσιν
570 4409 803 4479 ἀψευδῆ,
845 4411 1044 4463 εἰδέναι
1089 4427 1146 4462 τε
1194 4411 1448 4463 σύστασιν
1475 4413 1704 4482 κόσμου,

158 4495 313 4560 θέσεις
342 4499 590 4570 ἀστέρων
629 4501 722 4552 καὶ
763 4501 956 4570 φύσεις
1003 4500 1180 4565 ζώων,
1205 4503 1468 4574 διαφορὰς
1525 4508 1707 4570 φυτῶν

157 4590 236 4641 καὶ
285 4590 540 4662 δυνάμεις
578 4592 770 4663 ῥιζῶν,
807 4593 896 4645 καὶ
927 4592 1129 4661 γνῶσιν
1174 4594 1270 4661 τὴν
1303 4596 1359 4646 ἐν
1392 4597 1640 4666 κρυπτῷ.
1683 4617 1700 4648 ι

148 4681 342 4740 ςΟὐκοῦν
373 4685 670 4748 ἀξιόπιστα
695 4687 869 4739 πάντα
902 4687 970 4737 τὰ
1014 4687 1140 4754 περὶ
1172 4686 1518 4754 Σολομῶντος
1557 4689 1710 4758 λεγό-

159 4788 297 4841 μενα.

1812 3235 1917 3277 tur.
1948 3221 2084 3276 Hinc
2115 3221 2316 3274 factum
2349 3230 2407 3272 ut
2440 3235 2638 3289 operas
2672 3219 2937 3289 quasdam
2988 3223 3376 3290 gestandorum

1809 3328 2034 3368 onerum
2068 3313 2147 3365 eis
2177 3311 2515 3379 imponeret:
2550 3324 2673 3361 nam
2709 3317 2763 3363 et
2793 3311 3102 3376 materiem,
3135 3325 3236 3365 ceu
3261 3329 3379 3378 per-

1812 3405 2021 3468 hibent,
2053 3417 2146 3456 eos
2175 3402 2382 3456 caedere
2409 3401 2662 3471 cogebat,
2700 3408 2755 3456 et
2787 3402 3034 3455 humeris
3065 3417 3232 3456 onera
3256 3420 3381 3473 por.-

1812 3511 1946 3552 tarc.
1976 3497 2125 3550 Idem
2171 3495 2459 3548 hominum
2498 3495 2709 3548 viscera
2762 3495 3075 3549 exulcerata
3120 3497 3204 3550 vel
3257 3513 3378 3550 car-

1811 3589 2052 3642 minibus
2101 3588 2186 3640 vel
2221 3587 2403 3639 herbis
2458 3586 2716 3640 adhibitis
2769 3588 3016 3641 sanabat.
3065 3586 3264 3642 Verum
3299 3589 3381 3643 di-

1814 3681 1967 3732 vinus
1998 3683 2160 3732 homo
2193 3677 2437 3739 Ezecias,
2483 3677 2572 3744 qui
2626 3692 2683 3730 se
2713 3685 2884 3730 totum
2927 3676 2978 3728 D-
3004 3694 3036 3731 o
3065 3695 3385 3733 consecras-

1811 3780 1893 3824 set
1920 3777 1975 3822 et
2003 3767 2364 3835 mancipasset
2390 3768 2616 3835 ejusque
2647 3765 2712 3818 ad
2753 3766 3382 3841 providentianrcuncta

1811 3863 2056 3926 referret,
2089 3859 2237 3929 parvi
2263 3874 2323 3914 ea
2363 3859 2489 3913 fecit
2520 3875 2639 3927 qua:
2680 3873 2845 3926 supra
2880 3867 3128 3911 naturam
3165 3859 3385 3912 δςιιυιιιο

1810 3954 2222 4026 philoSnphatus
2271 3959 2436 4006 esset.
2503 3949 2628 4003 llaec
2679 3958 2859 4002 autem
2893 3966 2922 4001 a
2959 3948 3134 4001 Psvllo
3189 3950 3384 4004 tradita

1812 4045 2024 4101 veritati
2059 4053 2432 4098 consentanea
2468 4055 2590 4095 esse
2630 4039 2903 4110 Joscplms
2943 4055 3158 4110 quoque
3205 4042 3384 4095 verbis

1813 4139 1845 4192 h
1873 4152 1962 4190 sce
1995 4145 2255 4190 testatur:
2289 4151 2308 4184 ι
2350 4133 2524 4188 Etiam
2553 4135 2795 4186 carmina
2826 4134 3072 4202 qu:edam
3123 4133 3386 4188 adversus

1811 4234 2000 4302 genios
2033 4239 2087 4284 et
2116 4227 2433 4282 eorutudem
2477 4226 2851 4296 adjurationes
2883 4229 3236 4296 excogitavit;
3267 4225 3387 4293 qni-

1811 4323 1936 4386 bus,
1975 4322 2168 4390 inquit,
2193 4317 2416 4373 memini
2452 4317 2702 4371 Judaeum
2743 4318 3033 4385 quemdam
3067 4317 3383 4370 Eleazarum

1813 4425 2080 4474 utentem,
2115 4411 2381 4466 annulum
2415 4410 2643 4462 naribus
2674 4409 2911 4461 hominis
2945 4407 3128 4478 agitati
3165 4409 3306 4461 malo
3357 4423 3385 4460 a

1817 4507 1977 4579 genio
2011 4505 2089 4560 sic
2120 4503 2450 4566 admovisse,
2485 4500 2947 4569 quemadmodum
2993 4499 3254 4552 indicavit
3287 4499 3386 4550 So-

1815 4601 1996 4664 lomo;
2032 4613 2192 4666 quem
2223 4611 2345 4649 cum
2377 4594 2570 4664 genius
2604 4592 2900 4654 olfecisset,
2932 4592 3196 4646 continuo
3231 4607 3292 4646 ex
3320 4609 3385 4646 eo

1819 4690 2090 4762 migravit.
2120 4686 2184 4740 Et
2207 4686 2585 4756 migrationem
2620 4684 2762 4738 hanc
2817 4683 2933 4736 ﬁeri
2985 4683 3051 4737 de
3090 4699 3219 4737 vase
3255 4700 3386 4752 quo-

1816 4784 1964 4845 dam,
1989 4795 2125 4848 aqua
2156 4778 2389 4846 repleto,
2423 4775 2709 4845 perspicue
2735 4773 3096 4827 animadverti
3129 4783 3381 4842 poterat;

156 4880 264 4919 nam
295 4881 430 4936 aqua
480 4866 914 4937 genio'exeuute
957 4867 1296 4923 turbabatur.
1336 4888 1354 4919 ι
1391 4871 1566 4939 Atque
1598 4873 1710 4928 ha-c
1754 4876 1934 4928 omnia
1958 4873 2024 4925 de
2081 4869 2371 4923 Solomone
2435 4875 2855 4920 commemorata
2881 4865 3167 4918 conlirmat
3192 4863 3383 4932 ipsein

157 4970 214 5010 eo
241 4958 372 5012 libro
448 4959 541 5027 qui
609 4957 884 5027 Sapientia
935 4957 1244 5013 Solomonis
1297 4963 1624 5031 appellatur,
1688 4965 1773 5020 his
1814 4967 1946 5036 ipsis
1977 4962 2203 5016 verbis:
2253 4978 2269 5008 ι
2305 4959 2448 5012 Deus
2492 4957 2626 5009 nubi
2687 4957 2834 5010 dedit
2889 4971 3069 5009 rerum
3121 4957 3379 5039 cognme-

157 5065 264 5103 nem
301 5051 639 5105 verissimam
674 5061 732 5104 ut
769 5052 958 5105 mundi
989 5067 1304 5123 compagem
1355 5065 1694 5124 perspectam
1738 5060 1987 5120 habeam,
2050 5056 2399 5120 siderumque
2434 5051 2571 5104 situs
2633 5058 2687 5103 et
2741 5059 2964 5104 naturas
3016 5049 3378 5102 animantium

157 5150 202 5193 et
229 5143 469 5212 stirpium
502 5142 844 5196 dill'erentias
893 5153 947 5197 et
980 5145 1222 5198 radicum
1282 5146 1421 5200 vires
1453 5157 1507 5201 et
1545 5148 1852 5204 abditorum
1931 5147 2296 5215 cognitionem
2318 5145 2416 5195 θ’.»
2473 5140 2681 5208 Quibus
2751 5157 2901 5194 sane"
2959 5139 3139 5195 verbis
3195 5149 3380 5195 osten-

157 5237 286 5291 ditur
309 5240 485 5293 omnia
518 5239 587 5293 de
613 5237 902 5294 Solomone
937 5241 1149 5309 prodita
1185 5242 1342 5315 liuent
1377 5243 1595 5297 mereri.

216 5375 259 5406 ”
283 5375 405 5446 Sap.
442 5393 533 5437 vlt,
566 5376 656 5428 ‘20.

195 5492 321 5561 ’(57)
349 5499 479 5557 Qua:
507 5494 575 5546 de
607 5490 832 5563 Psalmis
855 5491 1123 5563 Davidicis
1146 5509 1370 5552 numero
1413 5494 1702 5563 plusquam

159 5565 414 5632 trecentis,
441 5578 567 5614 cum
601 5561 783 5613 amissi
821 5561 1069 5632 fuissent,
1118 5565 1186 5614 ab
1213 5563 1383 5616 Esdra
1416 5561 1568 5632 post
1616 5580 1707 5617 Ca-
1747 5616 1759 5625 _

157 5618 440 5694 pt'ivitatem
469 5632 736 5692 collectis,
780 5639 836 5682 et
881 5632 948 5683 ab
972 5618 1200 5684 Ezechia
1273 5634 1339 5685 ad
1407 5618 1702 5687 n'umerum

159 5711 445 5753 ccntumac
487 5700 879 5767 quinquaginta
912 5701 1202 5770 revocatis
1253 5705 1462 5763 asserit,
1507 5704 1700 5770 partim

161 5780 403 5837 snspech
431 5770 553 5824 ﬁdei
601 5779 751 5832 sunt,
785 5769 980 5836 partim
1030 5775 1251 5825 omnino
1286 5773 1437 5838 falsa,
1482 5769 1538 5827 ut
1584 5788 1703 5840 qute

1817 5503 1937 5560 post
1961 5491 2288 5558 captivitatis
2329 5500 2571 5558 tempora
2601 5489 2801 5562 vixisse
2859 5483 3164 5562 Eaecbiam,
3211 5492 3380 5562 atque

1816 5552 1986 5616 Esdra
2019 5552 2296 5616 Hebraiea)
2328 5552 2522 5629 linguae
2551 5559 2885 5629 peritissimo
2912 5554 3184 5629 juniorent
3208 5552 3376 5629 fuis_e

1813 5642 2142 5700 supponunt,
2176 5648 2354 5703 neque
2382 5623 2485 5703 ulla
2519 5623 2571 5682 ni
2599 5631 2662 5681 iis
2691 5623 3062 5703 haberialebet
3087 5623 3224 5703 ratio
3276 5623 3382 5703 κᾶν

1813 5690 2366 5770 σοξρίυτὰτουΨελλοῦ
2391 5741 2406 5765 ,
2437 5701 2480 5753 si
2513 5712 2687 5752 lmnen
2739 5696 2828 5748 illa
2879 5692 2980 5746 fuit
3039 5690 3383 5749 celeberrimi

1810 5773 1865 5826 ill
1896 5787 1958 5826 us
1993 5773 2232 5828 doctoris
2257 5771 2464 5840 Opinio.
