3794 6226
161 257 251 317 τ’ἑζὶ

1359 251 1692 315 ΛΧΝΑῙᾸἘ

1815 252 2007 313 PARS
2049 248 2129 311 ΙΙ.
3250 250 3350 311 354

157 366 437 435 διούλῳσου.
494 384 509 416 ι
559 366 772 435 Ἐπειδὴ
829 369 1161 438 γᾶρνφησὶ,
1210 368 1307 438 τήν
1366 369 1681 438 πρέπουσαν

1803 368 1931 421 Deus
1984 368 2097 435 ipse
2161 366 2509 422 Solomonem
2568 366 2748 422 verbis
2812 368 2961 422 hisee
3016 366 3351 435 compellat:

154 460 257 527 ἐμοὶ
286 458 358 527 τῷ
403 459 584 527 κτίστῃ
634 460 801 528 τιμὴν
851 461 944 511 καὶ
986 460 1145 525 δ’ξαν
1179 464 1244 531 τῇ
1287 460 1447 529 δούλῃ
1507 460 1684 513 κτίσει

1791 457 2088 524 tQuouiam
2115 466 2169 512 tu
2197 458 2525 513 commisisti
2548 467 2606 513 ut
2637 470 2912 529 prmcepto
2941 474 3064 513 meo
3114 475 3222 512 non
3256 461 3356 511 nh-

151 551 443 619 ἁπένειμας,
477 549 629 601 δώσω
666 548 826 616 κάγὼ
874 552 973 620 τὴν
1025 551 1182 616 δόξαν
1241 569 1333 604 σου
1388 552 1465 617 τῷ
1512 550 1685 619 δούλῳ

1809 564 2125 618 emperares
2154 559 2207 604 et
2252 550 2507 604 mandata
2563 566 2680 604 mea
2720 551 2814 605 tibi
2872 551 3190 620 praescripta
3247 567 3355 603 non

153 658 250 696 σου.
284 640 438 693 Ὅθεν
486 645 573 694 καὶ
610 643 874 713 ἐπαρθεὶς
921 646 948 696 6
1005 644 1289 712 Ἰεροὸοὰμ
1322 645 1527 713 ἢρξατο
1576 643 1684 715 ἀπὸ

1803 656 2057 703 :ervares,
2093 641 2325 710 eripiam
2384 656 2483 710 ego
2531 642 2628 695 tibi
2676 644 2743 697 de
2791 659 2956 697 manu
3010 654 3098 696 tua
3129 657 3355 713 regnum

150 733 459 801 Σολομῶντος
484 733 569 785 τὸν
603 733 731 789 λαὸν
765 737 1018 806 ἁψιστᾷν.
1051 735 1220 787 Τοῦτο
1257 734 1442 804 μαθὼν
1466 736 1494 787 6
1527 735 1683 786 Σολο-

148 825 249 892 μῶν
299 823 473 893 ἐζήτει
522 824 613 876 τδν
667 826 952 895 Ἱεροδοέιμ
1016 824 1332 878 συλλαὸεῖνο
1375 824 1459 893 ἐφ’
1507 818 1550 892 ᾧ
1589 826 1683 877 καὶ

146 911 311 978 φεύγει
354 912 483 981 πρὸς
527 916 827 981 Αἴγυπτον,
874 915 972 985 τὴν
1030 917 1291 984 τελευτὴν
1332 915 1680 984 Σολομῶντος

144 1002 418 1070 καρτερῶν.
451 1004 554 1055 Καὶ
588 1006 732 1056 κατὰ
758 1006 855 1074 μὲν
896 1006 995 1074 τὴν
1034 1005 1189 1058 θείαν
1221 1006 1448 1076 Γραφὴν
1490 1006 1677 1059 ἐϐασί-

1797 738 1973 795 tuum,
2019 732 2181 800 idque
2207 746 2365 785 servo
2396 740 2488 786 tuo
2510 730 2767 787 (labo'h
2804 732 3067 787 Nimirum
3130 733 3231 787 hoc
3272 734 3359 786 di-

1790 834 1913 874 cere
1942 821 2103 875 vult:
2154 820 2290 886 Quia
2320 820 2565 875 debitum
2615 821 2748 875 mihi
2809 822 3040 877 creatori
3092 822 3357 876 honorem

1788 912 2127 981 gloriamque
2158 922 2419 966 creatura:
2466 926 2638 966 serva:
2673 912 2934 975 detulisti,
2990 928 3088 982 ego
3143 928 3360 981 quoque

1782 1003 2005 1079 gloriam
2030 1004 2482 1074 majestatemque
2507 1013 2651 1058 tuam
2680 1005 2745 1058 ad
2767 1018 2983 1058 servum
3013 1012 3161 1057 tuum
3185 1014 3359 1058 trans-

147 1092 281 1141 λευσε
318 1092 564 1162 Σολομῶν
609 1094 702 1162 ἔτη
740 1096 814 1164 μ’,
852 1096 991 1148 κατὰ
1033 1097 1090 1149 δὲ
1130 1096 1223 1148 τὸν
1266 1096 1531 1166 Ἰώσηπον
1584 1097 1681 1165 ἔτη

1803 1095 1984 1148 'cram.
2068 1096 2280 1160 Quibus
2338 1109 2471 1150 sane
2532 1094 2717 1151 verbis
2776 1095 2954 1149 elatus
3001 1093 3362 1149 Jerobnauius

143 1181 459 1250 ὀγδοήκοντα.
517 1184 872 1254 Ἐτελεύτησε
927 1187 1023 1250 δὲ,
1070 1185 1145 1248 ὡς
1201 1187 1407 1248 ἐκεῖνος
1458 1185 1704 1256 ἔφησεν,η

143 1272 260 1325 ἑτῶν
289 1276 606 1344 ἐνενήκοντα
636 1277 731 1328 καὶ
765 1276 1069 1341 τεσσάρων.

143 1366 273 1419 deret
294 1368 575 1436 cogitabat.
608 1367 807 1424 Verum
837 1371 881 1426 is
905 1370 1025 1442 fuga
1054 1372 1106 1425 in
1131 1370 1419 1442 [Egyptum
1449 1370 1640 1441 evasit,
1666 1370 1853 1438 ibique
1888 1371 2202 1429 Solomonis
2233 1373 2440 1428 exitum
2494 1373 2874 1444 exspectavit;

1790 1186 1948 1256 185
1982 1190 2241 1256 populum
2300 1203 2330 1241 a
2359 1188 2654 1243 Solomone
2705 1187 2870 1257 coepit
2918 1187 3225 1250 abducere;
3254 1201 3362 1255 quo

1801 1277 1893 1331 ille
1923 1279 2165 1348 cognito,
2215 1294 2323 1349 quo
2369 1289 2531 1349 pacto
2562 1280 2949 1335 Jeroboamum
3008 1278 3365 1348 comprehen-

2940 1375 3033 1443 qui
3083 1373 3152 1428 de
3184 1387 3367 1429 saera.

143 1472 242 1512 rum
293 1460 500 1526 quidem
530 1459 858 1515 Litterarum
916 1463 1239 1516 auctoritate
1272 1462 1514 1531 regnavit
1546 1476 1718 1515 annos
1765 1461 1855 1528 40,
1883 1463 1977 1519 sed
2022 1464 2176 1535 juxta
2220 1465 2523 1537 Josephum
2583 1466 2673 1521 80.
2738 1465 2884 1523 idem
2919 1467 3081 1523 tradit
3110 1468 3366 1523 Solomo-

147 1564 249 1604 nem
288 1559 553 1603 mortuum
594 1566 715 1607 esse
762 1566 883 1607 cum
936 1561 1097 1607 natus
1130 1563 1276 1608 esset
1308 1567 1481 1607 annos
1506 1551 1597 1607 94.

100 1678 107 1681 -
204 1644 338 1713 Πλὴν
368 1646 398 1711 ἡ
433 1645 622 1715 Γραφὴ
644 1646 739 1697 καὶ
766 1645 893 1699 τάδε
919 1646 1048 1716 περὶ
1076 1645 1241 1719 αὐτοῦ
1261 1646 1506 1709 διέξεισι·
1543 1644 1695 1698 Καὶό

1862 1648 2096 1706 Narrant
2128 1652 2287 1707 etiam
2328 1650 2546 1709 Littera:
2578 1666 2749 1709 sacrae
2784 1650 3135 1709 Solomonem
3166 1654 3366 1709 mulie-

143 1736 370 1805 βασιλεὺς
396 1736 649 1806 Σολομῶν
683 1731 751 1807 ἦν
782 1732 1146 1805 φιλογύναιος,
1177 1741 1272 1789 καὶ
1300 1735 1460 1788 ἔλαϐε
1491 1736 1679 1803 γυναῖ-

1803 1751 1912 1793 rum
1944 1742 2113 1795 amori
2151 1743 2319 1798 fuisse
2353 1744 2597 1799 deditum
2634 1754 2688 1800 et
2720 1760 2922 1801 uxores
2964 1754 3179 1800 exteras
3213 1761 3366 1799 com-

143 1844 231 1889 κας
260 1826 539 1897 ἀλλοτρίας
575 1826 779 1888 πολλὰς
806 1863 825 1892 ,
872 1828 969 1880 καὶ
1000 1825 1101 1896 τὴν
1146 1825 1426 1894 θυγατέρα
1459 1822 1683 1893 Φαραὼ,

142 1918 479 1980 Μωαϐίτιδας,
526 1917 963 1988 Ἀμμανίτιδας,
1003 1917 1181 1986 Σύροις
1225 1918 1319 1968 καὶ
1362 1914 1687 1983 Ἰδουμαίας,

142 2010 383 2070 Χετταίας
411 2010 506 2060 καὶ
543 2008 886 2077 Ἀμορραίας
910 2024 926 2039 ⁶
958 2009 1054 2061 καὶ
1082 2005 1224 2077 ἦσαν
1250 2006 1399 2077 αὐτῷ
1426 1993 1685 2076 γυναῖκες

141 2100 377 2166 ἄρχουσαι
408 2094 483 2165 ψ’,
512 2097 606 2150 καὶ
626 2096 902 2149 παλλακαὶ
922 2103 988 2150 τ’.
1024 2098 1158 2149 Τότε
1185 2097 1532 2167 ᾠκοὲόμησεν
1554 2096 1691 2165 ὑψη-

141 2188 197 2242 λὰ
220 2192 323 2252 τοῖς
346 2188 582 2252 εἰδώλοις
606 2190 798 2242 πασῶν
822 2188 933 2240 τῶν
958 2189 1237 2258 γυναικῶν
1254 2188 1442 2242 αὐτοῦ.
1480 2189 1571 2252 Ὠς
1605 2190 1691 2241 ὲν·-

141 2276 304 2330 τεῦθεν
327 2280 418 2331 καὶ
447 2278 540 2329 τὸν
584 2276 1215 2347 παραϐάτηνΊουλιανδν
1241 2266 1555 2348 ὀρμὴθῆναι
1595 2279 1690 2329 καὶ

142 2371 309 2435 εἰπεῖν,
338 2369 417 2423 δτι
438 2367 545 2421 Τὸν
565 2368 885 2437 Σολομῶντα
906 2367 1068 2437 σοφὸν
1100 2368 1175 2439 μὴ
1200 2368 1409 2435 λέγετε,
1442 2369 1692 2436 καθάπερ

142 2463 166 2511 ὁ
190 2461 344 2529 μέγας
376 2462 602 2525 διέξεισι
644 2458 941 2529 Κύριλλος·
981 2461 1030 2512 εί
1071 2459 1129 2511 δὲ
1180 2459 1579 2512 πεπιστεύκατε
1619 2457 1694 2513 εἷ-

142 2568 217 2605 ναι
246 2554 423 2622 σοςδν,
457 2554 623 2623 μήτοι
656 2553 811 2621 παρὰ
838 2552 1102 2620 γυναικὸς
1132 2551 1509 2621 ἐξηπατῆσθαι
1541 2553 1694 2622 νομί·

143 2644 261 2709 ζετε,
288 2646 458 2714 κρίσει
505 2644 566 2697 δὲ
599 2645 777 2714 οἰκείᾳ
807 2645 901 2698 καὶ
927 2645 1079 2715 παρὰ
1111 2645 1207 2698 τοῦ
1246 2646 1507 2715 φανέντος
1540 2646 1690 2717 αὐτῷ

142 2734 258 2787 Θεοῦ
305 2737 631 2805 πειθόμενον
663 2736 1090 2806 λελατρευκέναι
1142 2739 1254 2800 τοῖς
1296 2736 1479 2799 ἄλλοις
1524 2736 1689 2801 θεοῖς.

146 2829 267 2897 Πρὸς
295 2826 384 2881 οὖν
412 2830 591 2883 ταῦτα
620 2831 649 2881 6
688 2828 831 2893 θεῖος
865 2824 1023 2891 οὗτος
1053 2829 1194 2899 ἀνὴρ
1224 2828 1694 2897 ἀνταποκρινόμε-

147 2923 314 2983 νοςκαὶ
333 2923 457 2975 τάδε
473 2920 857 2991 προστίθησιν
895 2938 913 2972 ι
946 2919 1083 2972 Ἀπὸ
1116 2925 1216 2990 μὲν
1243 2913 1318 2972 ὧν
1340 2919 1571 2988 ἔγραφε,
1602 2936 1688 2970 σσ-

148 3015 230 3080 φδς
258 3016 319 3065 ἂν
344 3014 559 3081 λέγοιτο
591 3014 724 3083 παρ’
752 3012 910 3082 ήμῶν
945 3013 1010 3081 δὴ
1041 3012 1134 3064 καὶ
1165 3014 1340 3064 νοοῖτο
1385 3010 1528 3063 κατὰ
1559 3010 1693 3079 ἀλή-

1792 1830 1975 1898 plures
2008 1831 2255 1898 duxisse,
2288 1835 2551 1889 nimirum
2591 1836 2754 1891 tiliam
2787 1836 3113 1903 Pharaonis,
3152 1837 3330 1892 Moabi
3352 1867 3366 1878 -

1793 1920 1932 1973 tides
1962 1921 2167 1989 aliquot
2198 1932 2254 1977 et
2283 1922 2678 1980 Ammanitides
2712 1937 2767 1980 et
2798 1925 2961 1997 Syras
2998 1937 3054 1982 et
3096 1926 3366 1982 Idumaaas

1792 2019 1845 2065 et
1871 2010 2144 2067 Chetueas
2183 2023 2236 2069 et
2269 2014 2603 2081 Amorrteas,
2645 2015 2720 2071 ita
2759 2026 2819 2071 ut
2854 2018 3133 2089 principes
3163 2035 3363 2074 uxores

1793 2099 1914 2163 700,
1966 2102 2306 2156 concubinas
2343 2102 2448 2157 500
2504 2102 2778 2159 habuerit.
2849 2105 2927 2158 Ex
2993 2120 3060 2159 eo
3119 2115 3366 2174 tempore

1792 2192 2124 2246 sublimibus
2158 2190 2210 2245 in
2243 2192 2375 2247 locis
2414 2193 2641 2248 delubra
2674 2194 3116 2249 simulacrorum
3150 2197 3365 2253 cunctis

1793 2284 2055 2339 uxoribus
2096 2286 2210 2339 suis
2232 2286 2519 2340 exsuuxit.
2565 2286 2723 2342 Unde
2757 2289 2994 2356 sumpsit
3019 2291 3364 2344 occas‘onem

1794 2377 2043 2431 desertor
2075 2376 2167 2433 ille
2223 2376 2343 2431 fidei
2390 2375 2661 2444 Julianus,
2692 2388 2753 2433 ut
2792 2378 3001 2434 diceret
3024 2379 3369 2436 Christianos

1786 2467 2149 2525 Solomonem
2184 2469 2411 2524 minime
2463 2468 2664 2524 debere
2717 2471 3021 2539 sapientem
3070 2471 3368 2541 appellare.

1795 2561 1929 2615 Nam
1963 2561 2063 2616 hoc
2093 2562 2213 2631 ejus
2247 2563 2473 2617 verbum
2507 2561 2742 2635 Cyriilus
2772 2564 3055 2620 memoriae
3101 2565 3364 2636 prodidit.

1796 2650 2001 2718 Quodsi
2030 2654 2274 2719 omnino,
2312 2655 2512 2725 inquit,
2573 2657 2882 2728 sapientem
2917 2656 3087 2713 fuisse
3123 2659 3369 2728 persuasi

1797 2746 1952 2808 estis‘,
1987 2745 2157 2799 nolite
2178 2753 2373 2816 putare
2416 2749 2709 2819 deceptum
2736 2764 2764 2804 a
2798 2748 3028 2805 muliere
3049 2749 3238 2810 fuisse.
3274 2753 3369 2805 sed

1798 2836 1980 2905 potius
2008 2838 2315 2892 existimate
2343 2849 2494 2897 certo
2518 2840 2726 2908 judicio
2765 2850 2821 2895 et
2851 2842 3176 2897 auctoritate
3227 2842 3371 2896 illius

1801 2925 1894 2980 Dei
1931 2925 2154 2992 fretum,
2192 2928 2281 2995 qui
2319 2928 2370 2981 ei
2411 2938 2588 2983 semet
2615 2929 2911 2985 videndum
2940 2934 3237 2997 obtulerat,
3267 2935 3372 2989 (liis

1803 3017 2103 3087 peregrinis
2153 3018 2430 3075 serviisse.
2491 3019 2702 3085 Quibus
2762 3024 2950 3092 yerbis
2992 3023 3228 3094 Cyrillus
3281 3041 3375 3080 re-

147 3103 274 3156 θειαν
300 3106 326 3156 ὀ
355 3104 644 3173 Σολομῶν·
675 3106 757 3155 ὅτι
788 3104 846 3156 δὲ
877 3102 1349 3173 πεπλημμέληκεν
1397 3102 1692 3170 όμολογου·

1803 3109 2103 3179 spondens,
2123 3109 2432 3179 huiusmodi
2462 3111 2705 3181 quaedam
2744 3091 3004 3185 subjicit:
3039 3091 3186 3171 chos
3213 3116 3373 3170 Solo-

149 3195 305 3261 μένως
325 3196 436 3256 τοῖς
457 3192 836 3263 ψευδωνύμως
870 3192 1171 3262 λατρεύσας
1216 3192 1381 3254 θεοῖς,
1412 3189 1695 3259 ἁρνήσαιτ’

147 3285 204 3336 ἂν
223 3285 404 3349 οὐδείς.
440 3286 610 3339 Ὅθεν
653 3285 777 3338 οὔτε
829 3287 1140 3356 προφήταις
1196 3285 1370 3348 ἁγίοις
1417 3284 1537 3338 οὔτε
1594 3283 1699 3356 μὴν

147 3377 442 3442 ἀποστόλοις
498 3376 770 3446 ποιοῦμεν
834 3377 995 3429 αὑτὸν
1025 3374 1363 3446 ἐναρίθμιον,
1397 3376 1450 3427 σῖ
1486 3392 1554 3443 γε
1606 3377 1700 3426 καὶ

149 3466 327 3534 μᾶλλον
351 3467 497 3519 κατὰ
536 3466 634 3536 μὲν
664 3465 763 3536 τὴν
815 3465 1146 3533 νεότηταητὰ
1175 3464 1311 3532 πρὸς
1350 3463 1508 3526 δόξαν
1560 3460 1696 3513 Θεοῦ

145 3556 364 3627 πληροῦν
406 3557 698 3627 ἠπείγετο,
732 3556 876 3609 κατὰ
908 3556 965 3608 δὲ
993 3555 1086 3608 τὸν
1136 3553 1229 3606 τοῦ
1255 3554 1462 3623 γήρους
1506 3550 1698 3620 καιρὸν

144 3646 307 3718 πάγην
328 3649 476 3718 αὐτῷ
509 3648 608 3719 τὴν
624 3647 732 3700 ἀπὸ
764 3646 1021 3714 γυναικὸς
1048 3648 1076 3698 6
1096 3647 1340 3706 Σατανᾶς
1364 3643 1702 3697 κατεσκεύα-

146 3757 216 3795 σε.
252 3760 268 3792 ι
300 3740 527 3804 Τούτοις
555 3741 652 3809 μὲν
685 3738 781 3792 οὖν
814 3739 910 3792 καὶ
949 3738 1212 3807 Ἰώσηπος
1237 3738 1518 3808 συμφωνεῖ
1555 3735 1697 3802 διεξ-

148 3835 229 3888 ιὼν
252 3836 467 3889 οὕτωσίυ
504 3853 524 3886 ι
548 3835 691 3888 Ἀλλ’
707 3836 769 3887 οὐ
798 3832 1036 3895 τοιοῦτος
1067 3833 1095 3883 ὁ
1118 3830 1371 3901 Σολομῶν
1399 3833 1454 3883 ὲν
1471 3830 1548 3899 τῷ
1580 3844 1700 3882 και-

148 3928 215 3996 ρῷ
239 3930 327 3981 τοῦ
350 3931 582 3999 γήρους,
619 3930 802 3991 ὁποῖος
835 3928 944 3993 ἄρα
977 3926 1073 3978 καὶ
1098 3927 1155 3977 ὲν
1186 3928 1250 3994 τῇ
1286 3924 1501 3993 νεότητι
1534 3920 1699 3975 αὑτοῦ

143 4014 223 4091 ἦν.
251 4021 661 4091 Προϐαινούσης
688 4020 797 4088 γὰρ
835 4020 933 4086 τῆς
963 4018 1126 4087 ἧὸης,
1160 4016 1257 4069 καὶ
1301 4016 1396 4068 τοῦ
1434 4014 1699 4085 λογισμοῦ

142 4113 220 4165 διὰ
249 4114 333 4165 τὸν
360 4114 558 4183 χρόνον
585 4110 942 4172 ἀσθενοῦντος
982 4109 1385 4179 ἀντέχειξπρδς
1423 4108 1521 4177 τὴν
1566 4108 1703 4177 μνή-

148 4222 242 4275 μην
270 4209 377 4259 τῶν
407 4208 575 4260 θείων
590 4205 868 4276 ,ἐντολῶῃ
901 4201 998 4256 τοῦ
1037 4203 1168 4255 ἰδίου
1196 4218 1256 4254 τε
1289 4201 1424 4254 Θεοῦ
1458 4200 1698 4253 κατωλι-

145 4302 345 4368 γώρησε
370 4301 469 4352 καὶ
496 4301 578 4360 εις
610 4299 877 4366 γυναῖκας
917 4295 1253 4363 ἀλλοφύλους
1280 4292 1561 4360 ἐξώκειλε,
1590 4293 1702 4354 τοῖς

1804 3215 2021 3255 nionem
2054 3211 2278 3271 prepter
2305 3216 2370 3256 ea
2404 3217 2526 3272 quae
2556 3202 2808 3273 scripsit,
2851 3212 2907 3257 et
2932 3203 3117 3259 dicere
3148 3207 3374 3275 sapieng
3430 3208 3436 3216 '

1804 3303 1912 3348 tem
1946 3302 1999 3348 et
2025 3295 2209 3364 reipsa
2239 3302 2481 3349 statuere
2520 3309 2832 3365 possumus.
2894 3295 3157 3351 Eumdem
3188 3299 3376 3351 coleu-

1801 3386 1887 3441 dis
1919 3387 2153 3441 deastris
2186 3386 2328 3442 haud
2354 3388 2521 3442 dubie
2551 3388 2869 3458 deliquisse,
2896 3403 3060 3443 nemo
3088 3399 3236 3444 certe
3277 3405 3374 3444 ne-

1803 3478 1962 3548 garit.
2000 3476 2116 3543 Qua
2150 3480 2218 3534 de
2247 3494 2412 3534 causa
2443 3495 2544 3535 nec
2573 3481 2714 3535 inter
2736 3495 2924 3535 sacros
2948 3495 3070 3537 eum
3095 3492 3244 3536 vates
3275 3495 3378 3535 nec

1803 3570 1948 3624 inter
1977 3570 2255 3641 apostolos
2295 3570 2671 3627 numeramus.
2736 3572 2829 3627 Vel
2866 3572 3047 3644 potius
3077 3573 3152 3629 ita
3181 3575 3380 3629 Statui-

1802 3675 1946 3731 mrl,
1997 3662 2052 3717 in
2103 3664 2392 3732 iuventute
2443 3662 2908 3720 studiosissimum
2962 3665 3131 3722 fuisse
3168 3677 3229 3720 ut
3258 3684 3378 3737 qua:

1805 3755 1873 3809 ad
1927 3754 2024 3808 Dei
2076 3755 2306 3826 gloriam
2360 3756 2705 3825 pertinerent
2737 3756 2994 3822 ediceret,
3043 3758 3100 3811 in
3155 3768 3379 3813 senet-tu

1804 3860 1935 3899 vero
1977 3843 2235 3899 Satanam
2269 3845 2321 3899 ei
2364 3859 2462 3913 per
2488 3846 2750 3899 mulieres
2782 3846 3011 3901 insidias
3038 3850 3364 3903 struxisse.»

1803 3937 2018 4002 Quibus
2057 3951 2190 3992 sane
2238 3938 2533 4007 postremis
2581 3938 2766 4009 Cyrilii
2821 3940 3003 3994 verbis
3054 3942 3215 3995 etiam
3267 3942 3375 3997 hoc

1803 4025 2027 4096 Josephi
2062 4028 2437 4084 testimonium
2478 4031 2775 4087 consentit.
2834 4030 3225 4102 Nequaquam,
3274 4035 3373 4099 ait,

1807 4120 1934 4175 talis
1964 4119 2020 4173 in
2054 4128 2276 4175 senecta
2314 4119 2536 4177 Solomo
2566 4122 2690 4187 fuit,
2732 4122 2950 4192 qualem
2995 4124 3049 4183 in
3080 4124 3379 4195 iuventute

1811 4224 1869 4265 se
1902 4220 2167 4281 gesserat.
2210 4210 2347 4264 Nam
2375 4219 2537 4265 mtate
2570 4212 2679 4281 jam
2706 4214 3072 4281 provectiore,
3105 4229 3228 4267 cum
3263 4216 3380 4284 ejus

1809 4302 1950 4354 ratio
1982 4301 2243 4370 paulatim
2270 4301 2656 4357 debilitaretur
2682 4303 2734 4356 in
2754 4304 3041 4358 retinenda
3068 4304 3381 4360 divinorum

148 4390 273 4453 θεοῖς
301 4392 483 4446 αὐτῶν
514 4393 783 4459 πρότερον
830 4389 1169 4449 καταθύσας.
1211 4388 1321 4439 Καὶ
1354 4387 1460 4457 πρὸ
1492 4385 1692 4439 τούτων

1808 4393 2188 4447 mandatorum
2217 4392 2500 4459 memoria,
2517 4393 2687 4447 Deum
2706 4409 2865 4448 suum
2889 4409 2995 4447 non
3012 4392 3193 4466 magni
3229 4395 3380 4456 fecit.

134 4481 196 4533 δὲ
218 4484 291 4544 είς
320 4486 419 4553 τὴν
446 4484 699 4553 φυλακὴν
726 4483 834 4536 τῶν
867 4483 1115 4552 νομίμων
1143 4480 1476 4549 ἐξήμαρτεν,
1507 4478 1593 4531 ὅτε
1636 4478 1703 4531 τὰ

146 4574 242 4623 τῶν
266 4573 482 4643 χαλκῶν
518 4572 655 4642 βοῶν
687 4572 1013 4641 ὁμοιώματα
1040 4568 1418 4621 κατεσκεύασε
1459 4568 1563 4632 καὶ,
1593 4565 1703 4619 τῶν

144 4661 357 4717 λεόντων
399 4665 511 4718 τῶν
559 4664 691 4734 περὶ
727 4664 817 4716 τὸν
846 4663 1036 4730 θρόνον
1067 4661 1159 4713 τὸν
1192 4660 1359 4731 ἴδιον,
1391 4661 1487 4712 καὶ
1525 4658 1702 4711 ταῦτα

144 4755 215 4818 δὶς
247 4758 406 4811 αὑτοῦ
441 4756 534 4810 τοῦ
558 4755 693 4808 Θεοῦ
719 4754 843 4807 καθ’
867 4754 1068 4815 ὕπνους
1102 4752 1381 4823 φανέντος.
1410 4751 1572 4804 Ὅθεν
1603 4752 1699 4803 καὶ

110 4896 113 4901 ,
148 4850 298 4919 ’Δδερ
327 4852 425 4903 τὸν
488 4851 789 4919 ’Ῑδουμαῖον
840 4849 1049 4919 ἐγείρει
1082 4847 1203 4900 κατ’
1230 4846 1396 4901 αὑτοῦ
1427 4849 1453 4898 6
1493 4845 1648 4907 Θεός.
1678 4862 1696 4895 ›

158 4945 210 4997 '0
245 4949 428 5015 μέντοι
461 4948 651 5019 θρόνος
680 4949 776 5001 τοῦ
823 4946 1169 5018 Σολομῶντος
1217 4944 1563 5013 ἐλεφάντινος
1607 4939 1696 5014 ἦν,

145 5036 508 5107 ἀναϐαθμίδας
562 5037 703 5107 ἔχων
742 5036 823 5100 ἓξ.
889 5039 996 5090 Καὶ
1031 5038 1090 5090 ἐν
1130 5038 1230 5106 μιᾷ
1272 5036 1479 5105 ἑκάστῃ
1523 5035 1702 5087 αὐτῶν

145 5124 342 5191 λέοντες
375 5131 719 5200 είστήκεισαν
746 5128 1111 5199 ἑκατέρωθεν,
1135 5129 1272 5197 πρὸς
1299 5126 1509 5188 τούτοις
1531 5126 1586 5179 δὲ
1611 5127 1703 5179 καὶ

153 5218 390 5289 ὁμοίωμα
422 5222 624 5292 μόσχου
676 5217 744 5289 ἦν
774 5220 906 5291 παρ’
937 5219 1107 5289 αὐτῷ.
1146 5220 1206 5271 Ei
1239 5219 1295 5271 δὲ
1333 5217 1503 5270 ταῦτα
1531 5218 1704 5281 οὕτως

151 5309 273 5379 ἔχει,
299 5312 478 5375 καθὼς
508 5314 716 5367 ἄνωθεν
747 5313 985 5384 εἴρηται,
1025 5314 1316 5383 προσέχειν
1350 5311 1522 5375 ἄξιον,
1567 5311 1704 5377 ἁγα-

154 5404 301 5469 πητὲ,
320 5404 414 5456 καὶ
440 5404 514 5475 μὴ
542 5404 982 5475 συναρπάζεσθαι
1013 5408 1123 5467 τοῖς
1150 5405 1398 5471 λέγουσιν
1422 5405 1503 5455 ὅτι
1537 5417 1705 5469 μετα.

155 5493 264 5563 νοίξ.
294 5497 420 5565 περὶ
469 5499 525 5551 τὸ
557 5497 732 5567 γῆρας
775 5500 802 5549 6
848 5497 1099 5566 Σολομῶν
1155 5497 1445 5566 ἐχρήσατο.
1482 5495 1542 5548 Εἰ
1594 5497 1702 5562 γὰρ

220 5653 344 5743 "lli
378 5655 509 5725 iieg.
540 5673 613 5721 xl,
656 5657 736 5711 ll.
848 5676 851 5677 '

467 5756 735 5813 i’A'ruoL.
790 5752 905 5813 Gn.
959 5751 1220 5815 CLVili.

1811 4492 1866 4537 et
1892 4490 2110 4537 exteras
2136 4483 2203 4537 ad
2240 4483 2500 4537 mulieres
2533 4497 2641 4537 non
2688 4484 2865 4538 solum
2912 4484 3152 4548 deﬂexit,
3189 4500 3383 4540 verum

1811 4575 1977 4628 etiam
2007 4573 2108 4627 diis
2140 4587 2325 4627 earum
2351 4588 2506 4628 sacra
2538 4574 2682 4629 fecit.
2712 4574 2858 4640 Quin
2901 4576 3063 4629 etiam
3099 4586 3257 4632 antea
3288 4582 3387 4633 de—

1810 4665 1972 4735 liquit
2003 4665 2058 4719 in
2091 4665 2226 4735 legis
2256 4665 2455 4731 edicta,
2486 4680 2609 4719 cum
2641 4666 2982 4720 ahencorum
3016 4669 3175 4722 boum
3208 4670 3385 4723 simu-

1810 4759 1959 4813 lacra
1984 4758 2316 4827 leonumque
2339 4758 2485 4814 circa
2514 4757 2710 4813 solium
2745 4774 2905 4814 suum
2936 4759 3185 4830 lingeret,
3212 4777 3388 4831 quan-

1813 4850 2012 4907 tumvis
2050 4850 2099 4905 ei
2135 4850 2219 4905 bis
2247 4850 2388 4905 Deus
2415 4850 2469 4904 in
2494 4850 3081 4921 somnoapparuisset,
3119 4868 3279 4923 quam
3315 4854 3385 4908 ob

1811 4958 2033 4998 causam
2066 4942 2207 4997 Deus
2236 4942 2467 4996 Aderem
2493 4939 2789 4996 idumzeum
2816 4942 3079 4997 adversus
3102 4960 3225 4998 cum
3255 4960 3387 4999 cou-

1814 5035 2022 5092 citavit.
2044 5033 2356 5089 Solomonis
2369 5041 2550 5087 autem
2566 5032 2761 5087 solium
2781 5032 2925 5088 istud
2954 5034 3214 5089 eboreum
3243 5044 3387 5101 erat,

1813 5136 1872 5182 et
1913 5126 2113 5198 gradus
2163 5138 2257 5180 sex
2308 5125 2559 5187 habebat,
2593 5123 2647 5177 in
2681 5139 2914 5193 quorum
2954 5125 3221 5196 graduum
3250 5142 3388 5196 quo-

1815 5220 1950 5275 libet
2000 5219 2253 5287 utrinque
2296 5218 2485 5272 leones
2511 5218 2749 5285 stabant,
2784 5226 2838 5272 et
2867 5227 3065 5288 praeter
3100 5219 3198 5273 hos
3232 5219 3386 5273 vituli

1816 5326 2035 5382 quoque
2068 5310 2424 5364 simulacrum
2458 5308 2714 5368 habebat.
2773 5309 2908 5375 Qua:
2940 5309 3207 5363 hactenus
3239 5309 3389 5362 iudi-

1812 5414 1933 5459 cata
1980 5403 2024 5457 si
2059 5417 2183 5457 vero
2206 5411 2354 5467 sunt,
2390 5401 2552 5472 186
2584 5410 2796 5465 caveto,
2833 5400 3033 5455 dilecte
3066 5399 3162 5463 iiIi,
3191 5412 3262 5452 ne
3289 5399 3382 5454 cui

1816 5497 1974 5551 ﬁdem
2018 5495 2219 5548 habeas
2273 5494 2366 5564 qui
2408 5493 2756 5549 Solomonem
2794 5493 2848 5545 in
2883 5497 3166 5546 senectute
3199 5489 3384 5557 paeni-

2405 5745 2433 5793 ις
2952 5736 3022 5790 12
