3794 6226
448 319 555 382 :55
658 281 672 286 ’
938 307 945 313 ·
1721 298 2138 363 MtenAELts
2179 298 2437 360 cures

3570 298 3661 359 356

446 436 612 493 tentia
635 435 852 490 ductum
885 429 1054 484 fuisse
1086 425 1300 481 ili-xerit.
1330 420 1466 476 Nam
1493 421 1537 476 si
1563 418 1666 473 hoc
1696 418 1998 483 accidisset,

2113 416 2265 470 τοῦτο
2312 409 2402 484 ἦν,
2451 415 2759 484 προφήταις
2795 412 2860 468 ἃν
2895 414 3071 483 arisi;
3101 414 3419 486 ἐναρίθμιος
3459 408 3549 484 ἦν,
3585 417 3664 468 καὶ

440 529 665 583 omnino
693 526 834 579 inter
863 536 1047 576 sacros
1085 527 1236 573 vates
1287 514 1598 576 referretur,
1643 526 1744 565 nec
1792 510 1872 563 vir
1917 510 2003 564 ille

440 621 657 674 divmus
691 614 928 686 Cyrillus
951 625 1076 664 eum
1102 609 1168 662 de
1200 614 1383 660 vatum
1417 616 1645 656 numero
1669 599 2003 653 excluderet.

523 710 656 764 Post
689 708 1040 762 Solomonem
1077 700 1384 753 Roboamus
1415 696 1531 764 ejus
1584 692 1724 746 filius
1773 691 2005 760 imperio

442 804 650 872 potitus
673 809 775 863 est,
808 812 916 867 quo
945 801 1202 864 regnante
1232 789 1464 858 populus
1497 786 1629 839 duas
1659 784 1710 837 in
1737 791 1922 852 partes
1941 795 2007 835 se

445 892 704 962 disjunxit
735 930 751 953 ,
813 888 955 956 quod
1001 885 1312 939 Roboamus
1354 893 1448 933 eos
1503 877 1728 930 nimium
1771 889 1800 926 a
1851 872 2007 926 Solo-

447 1000 607 1038 mone
638 989 888 1049 gravatos
913 975 1337 1043 servitutisjugo
1353 979 1585 1024 tractare
1608 967 1794 1020 mitius
1818 964 2006 1018 nollet.

444 1079 582 1131 Tum
613 1076 732 1130 duae
771 1081 980 1128 tantum
1015 1070 1214 1133 tribus,
1245 1065 1504 1119 nimirum
1529 1061 1754 1115 Judaiea
1789 1067 1844 1112 et
1869 1057 2026 1136 Bene

438 1169 715 1236 jaminea,
767 1165 989 1231 reliqua:
1024 1159 1126 1230 ipsi
1174 1163 1518 1217 manserunt,
1563 1153 1778 1208 cmteris
1823 1149 2009 1203 decem
2082 1212 2086 1216 η

447 1260 698 1316 tribubus
727 1253 1030 1311 Jeroboami
1071 1248 1329 1304 Samaria:
1377 1245 1624 1314 degentis
1689 1239 1922 1308 imperio
1951 1252 2012 1292 se

445 1347 888 1418 subiicientibus.
925 1345 972 1398 ls
1006 1351 1152 1396 metu
1181 1335 1492 1393 Solomonis
1523 1334 1574 1386 in
1600 1330 1835 1402 [Egypto
1859 1327 2012 1398 prius

445 1441 677 1501 vixerat,
730 1449 921 1490 verum
973 1447 1040 1485 eo
1098 1431 1263 1485 rebus
1326 1426 1581 1481 immanis
1641 1428 1897 1489 exemplo
1951 1431 2012 1472 se

446 1529 746 1585 Samariam
775 1523 1098 1579 contulerat.
1137 1519 1429 1588 Subjectus
1468 1515 1613 1569 illius
1645 1527 1808 1581 regno
1840 1525 2012 1579 popu-

446 1627 531 1679 lus
578 1616 822 1675 lsraelici
871 1621 926 1670 et
971 1611 1250 1683 Eplirarmi
1307 1605 1719 1678 appellationem
1779 1601 2015 1656 habebat

444 1719 740 1783 propterea
793 1704 936 1775 quod
969 1703 1037 1757 ab
1081 1701 1365 1769 Ephrarmo
1396 1692 1618 1762 JOSCphi
1654 1691 1760 1744 [ilio
1798 1689 2012 1759 generis

2109 508 2206 559 οὑκ
2242 507 2308 560 ἂν
2331 506 2492 560 αὑτὸν
2515 507 2541 556 6
2569 505 2843 568 θειότατος
2886 507 3154 577 Κύριλλος
3185 508 3286 578 τῆς
3323 506 3433 559 τῶν
3464 522 3664 576 προφη-

2108 599 2215 649 τῶν
2241 597 2414 648 ἐποίει
2445 596 2664 664 μερίδος
2693 596 3001 665 ἀλλότριον.

2179 689 2333 740 Μετὰ
2386 687 2442 739 δὲ
2489 687 2659 744 ταῦτα
2706 691 2902 756 κρατεῖ
2939 690 2967 739 6
3009 687 3105 740 τοῦ
3169 688 3520 757 Σολομῶντος
3569 687 3667 750 ue;

2119 776 2377 846 Ῥοϐοὰμ,
2408 777 2491 846 ἐφ’
2524 771 2586 829 οὗ
2619 779 2712 830 καὶ
2758 779 3095 848 διασχίζεται
3124 782 3149 830 6
3176 779 3325 844 λαὸς,
3357 779 3455 832 ἆτε
3493 779 3568 848 μὴ
3595 779 3668 829 θε-

2110 865 2374 935 λήσαντος
2393 866 2705 920 ἀναπαῦσαι
2739 869 2937 928 αὐτοὺς
2957 867 3366 936 βεϐαρημένους
3399 867 3502 936 ἤδη
3527 866 3669 928 ὄντας

2109 960 2188 1029 τῷ
2217 960 2309 1012 τοῦ
2339 961 2686 1028 Σολομῶντος
2725 960 2897 1029 ζυγῷ.
2939 961 3047 1013 Καὶ
3081 961 3172 1012 δύο
3203 961 3306 1029 μὲν
3332 961 3524 1027 φυλαὶ,
3557 960 3667 1029 ἦτε

2112 1051 2207 1104 τοῦ
2251 1051 2420 1104 Ἰούδα
2450 1053 2603 1122 καὶή
2637 1051 2729 1104 τοῦ
2778 1052 3058 1120 Βενιαμὶν,
3096 1053 3247 1122 αὑτῷ
3287 1053 3665 1120 ὲναπέμειναν,

2113 1144 2170 1198 αἱ
2206 1143 2480 1196 δὲλοιπαλ⁵
2511 1144 2642 1196 δέκα
2673 1143 3026 1212 ὑπετάγησαν
3058 1134 3470 1216 τῷίῚεροϐοὰμ
3509 1145 3563 1194 ὲν
3585 1145 3665 1194 21-

2117 1233 2321 1305 μαρείᾳ
2352 1235 2614 1302 διάγοντι.
2644 1235 2742 1287 Διὰ
2773 1237 2879 1315 γόερ
2902 1235 2994 1287 τὸν
3023 1235 3188 1303 φόϐον
3218 1234 3310 1287 τοῦ
3341 1233 3668 1302 Σολομῶντος

2113 1326 2172 1376 ὲν
2201 1324 2464 1394 Αἰγύπτῳ
2505 1325 2804 1395 διέῳιὸεν,
2853 1326 3064 1377 ἐκείνου
3101 1325 3158 1378 δὲ
3209 1325 3572 1395 παρελθόντος
3601 1329 3666 1388 εἰς

2115 1418 2428 1488 Σαμάρειαν
2479 1417 2720 1489 ἔρχεται.
2763 1420 2872 1471 Καὶ
2906 1421 2932 1471 6
2967 1420 3067 1490 μὲν
3100 1419 3193 1472 ὑπ’
3236 1419 3403 1471 αὑτὸν
3433 1419 3560 1481 λαδς
3588 1420 3667 1470 καὶ

2127 1511 2340 1580 Ἰσραὴλ
2365 1511 2584 1579 ὲλέγετο
2603 1528 2616 1542 ⁸
2644 1511 2752 1568 ἀπὸ
2781 1511 2890 1581 γὰρ
2919 1511 3014 1564 τοῦ
3058 1509 3299 1581 Ἐφραῗμ
3323 1510 3446 1564 υἱοῦ
3487 1511 3666 1581 Ἰωσὴφ

2115 1599 2144 1652 6
2179 1601 2460 1670 Ὶεροϐεὰμ
2499 1603 2794 1669 κατήγετο.
2829 1601 3032 1654 Τοῦτον
3057 1601 3112 1654 δὲ
3140 1603 3228 1654 τὸν
3258 1602 3391 1656 λαὸν
3423 1603 3666 1672 ᾐχμαλώ-

2116 1707 2309 1744 τευσεν
2340 1691 2368 1742 6
2395 1691 2500 1762 πρὸ
2547 1691 2638 1744 τοῦ
2669 1693 3044 1763 Σενναχηρεὶμ
3071 1693 3289 1762 κρατῶν
3337 1693 3454 1746 τῶν
3488 1692 3662 1745 Ἀσσυ-

441 1761 707 1869 driginem
729 1793 1099 1848 Jeroboamus
1133 1791 1397 1842 traheret.
1452 1785 1589 1837 Eum
1625 1783 1883 1852 populum
1912 1780 2007 1835 Sa-

2119 1783 2249 1850 ρίων
2281 1783 2666 1872 ξαλμανασὰρ,
2705 1788 2762 1838 ὲν
3012 1761 3015 1762 ν
3039 1761 3132 1839 καί
3159 1778 3186 1837 6
3213 1773 3438 1846 δίκαιος
3467 1785 3662 1852 Τωϐήτ.

439 1892 778 1946 lanianassar
802 1871 899 1938 res
919 1881 1284 1951 Assyriorum,
1300 1877 1391 1948 qui
1417 1877 1660 1946 proxime
1686 1871 2012 1927 Senacberi-

438 1986 569 2040 bum
612 1977 929 2040 antecessit,
961 1976 1016 2029 in
1046 1971 1420 2042 captivitatem
1451 1968 1715 2031 abduxit;
1771 1978 2007 2036 quorum

439 2076 498 2128 in
529 2085 757 2126 numero
793 2067 896 2120 fuit
937 2065 1120 2134 justus
1168 2063 1257 2117 ille
1304 2059 1554 2114 Tobzeus.
1635 2057 1823 2127 Magna
1877 2069 2010 2110 vero

443 2179 570 2235 pars
597 2163 812 2218 illorum
838 2175 867 2214 a
905 2157 1275 2212 Senacheribo
1297 2162 1394 2210 est
1423 2151 1730 2215 interfecta,
1761 2163 1885 2203 cum
1919 2146 2010 2201 ille

440 2254 704 2325 singulari
745 2268 870 2308 cum
919 2247 1222 2320 ignominia
1275 2243 1666 2314 Hierosolymis
1697 2249 2005 2296 revertere-

2130 1876 2251 1944 Ἀφ’
2282 1869 2356 1930 ὧν
2388 1877 2614 1940 πολλοὺς
2641 1877 2800 1947 ἔργον
2831 1877 3322 1946 φόνουπεποίηκεν
3347 1879 3373 1928 6
3422 1877 3664 1945 Σενναχηο

2119 1968 2264 2036 ρεὶμ,
2285 1968 2372 2020 ὅτε
2407 1965 2527 2036 μετ’
2557 1967 2816 2037 αἰσχύνης
2846 1968 2904 2032 ἐξ
2940 1968 3295 2038 Ἰερουσαλὴμ
3323 1968 3660 2036 ὑποστρέφει,

2115 2056 2163 2109 εί
2195 2057 2288 2110 κοιλ⁸
2314 2056 2374 2110 τὸ
2403 2058 2552 2120 τέλος
2583 2058 2681 2111 οὑκ
2707 2061 2787 2121 εἰς
2817 2058 2980 2111 καλὶν
3007 2057 3188 2127 ἀπέϐη
3221 2058 3366 2128 αὑτῷ
3391 2072 3408 2086 ο
3442 2059 3522 2118 εἰς
3569 2058 3662 2126 γὰρ

2115 2149 2206 2202 τὸν
2249 2149 2381 2202 Θεὸν
2413 2149 2817 2222 βλασφημήσας
2865 2149 2969 2202 ὑπὸ
2989 2150 3104 2203 τῶν
3145 2151 3292 2204 ἰδίων
3323 2152 3530 2204 τέκνων
3552 2151 3662 2220 ἀνῄο

2121 2257 2251 2311 ρητο
2276 2240 2374 2310 τὴν
2405 2242 2574 2312 ζωήν.

442 2363 554 2410 tur,
597 2347 817 2401 tandem
845 2352 901 2398 et
936 2343 1050 2412 ipse
1073 2340 1214 2395 tristi
1244 2339 1351 2393 fine
1415 2337 1582 2392 vitam
1615 2334 1894 2390 claudens.
1933 2330 2068 2399 Quia
2107 2332 2250 2389 enim
2284 2334 2690 2392 contumeliosis
2721 2336 2779 2391 in
2835 2335 3006 2393 Deum
3039 2337 3219 2392 verbis
3252 2351 3395 2392 usus
3427 2337 3608 2405 fuerat,
3633 2349 3655 2390 ι

441 2441 678 2515 propriis
705 2439 830 2492 filiis
857 2437 967 2493 vita
993 2433 1258 2505 spoliatus
1283 2441 1389 2488 est.

477 2549 484 2556 ‘
509 2522 1098 2602 Jeroboamusﬁutem,
1131 2542 1202 2582 ne
1235 2515 1462 2598 regnum
1493 2525 1776 2582 amitteret
1807 2522 2010 2596 populo

443 2627 872 2698 Hierosolymam
897 2621 1282 2694 proficiscente
1308 2618 1415 2673 fani
1440 2618 1637 2690 gratia,
1663 2617 1875 2686 primus
1906 2615 2011 2668 im-

441 2722 663 2793 pietatis
687 2716 985 2789 cujusdam
1023 2720 1214 2767 auctor
1247 2710 1482 2776 eXstitit,
1511 2710 1884 2780 juvencasque
1912 2720 2011 2758 au-

439 2828 564 2868 reas
603 2810 819 2865 duobus
868 2808 920 2860 in
973 2805 1106 2860 locis
1137 2801 1442 2858 constituit.
1499 2800 1617 2865 Quo
1651 2798 1792 2852 facto
1827 2795 2012 2851 Joelus

442 2913 594 2958 vates
629 2910 682 2956 et
720 2900 884 2953 homo
915 2897 1142 2952 divinus
1181 2909 1211 2948 e
1243 2891 1429 2946 Judtea
1455 2890 1734 2944 Bethciem
1787 2904 1847 2943 se
1875 2903 2010 2942 con-

441 2997 572 3059 fert,
602 2995 776 3062 deque
817 2989 1073 3045 mandato
1107 2986 1201 3041 Dei
1232 2984 1414 3040 verbis
1444 2981 1759 3052 huiusmodi
1799 2982 2008 3039 utitur:

444 3085 520 3142 «Ο
553 3102 663 3150 ara,
702 3100 826 3149 ara,
867 3098 936 3140 en
992 3079 1210 3135 Davidis
1245 3094 1275 3134 e
1323 3076 1524 3132 familia
1561 3075 1782 3145 quidam
1812 3088 2008 3128 nasce-

441 3189 548 3245 tur,
580 3177 668 3232 cui
707 3192 908 3232 nomen
943 3176 1049 3230 erit
1088 3172 1288 3228 Josias.
1345 3171 1396 3225 ls
1422 3184 1586 3238 super
1617 3177 1669 3222 te
1699 3167 2010 3224 sacerdotes

439 3269 777 3324 excelsorum
829 3264 1088 3320 mactabit
1114 3271 1168 3318 et
1197 3276 1318 3319 ossa
1349 3261 1590 3315 humana
1621 3259 1675 3312 in
1707 3267 1758 3312 te
1783 3257 2010 3312 combu-

440 3371 526 3414 ret
545 3361 642 3412 ".o
702 3357 838 3423 Quae
865 3356 1030 3412 verba
1062 3370 1187 3410 cum
1217 3351 1652 3423 pronuntiasset,
1687 3350 1850 3404 etiam
1887 3363 2006 3402 ma-

2129 2606 2134 2611 ι
2197 2522 2256 2576 '0
2295 2521 2594 2595 Ἰεροϐοὰμ,
2623 2519 2710 2578 ἶνα
2764 2525 2840 2596 μὴ
2883 2526 3246 2598 ἀποσχίζηται
3277 2528 3308 2579 6
3331 2516 3466 2590 λαὸς
3503 2517 3657 2581 ’θέλων

2113 2615 2193 2678 εἰς
2235 2618 2583 2690 Ἰεροσόλυμα
2631 2621 2886 2690 ἔρχεσθαι
2923 2621 3013 2674 διὰ
3064 2622 3152 2674 τὸν
3204 2622 3352 2687 ναὸν,
3405 2622 3505 2691 τῆς
3546 2624 3655 2673 ἀσε-

2114 2707 2266 2768 ϐείας
2291 2712 2626 2780 κατάρχεται
2669 2712 2885 2780 πρῶτος
2920 2713 3014 2766 καὶ
3056 2713 3166 2776 τὰς
3181 2715 3388 2784 χρυσᾶς
3423 2713 3654 2781 δαμάλεις

2116 2797 2320 2869 ἵστησι.
2355 2801 2668 2870 Τηνικαῦτα
2703 2804 2796 2856 καὶ
2825 2806 2852 2856 6
2879 2805 3167 2874 προφήτης
3207 2802 3379 2874 Ἰωήλ,
3420 2806 3448 2856 6
3475 2805 3562 2857 καὶ
3581 2804 3651 2855 ἄν·

2114 2891 2328 2961 ορωπος
2361 2893 2454 2945 τοῦ
2491 2893 2649 2960 Θεοῦ,
2683 2895 2741 2959 ἐξ
2772 2895 2944 2950 Ἰούδα
2981 2895 3315 2964 παρεγένετο
3351 2897 3438 2958 εἰς
3479 2894 3651 2962 Βαιθὴλ

2111 2985 2169 3037 ἒν
2186 2983 2327 3052 λόγῳ
2358 2985 2584 3055 Κυρίου,
2609 2985 2701 3039 καὶ
2727 2982 2871 3038 εἴπεο
2907 2983 3356 3054 «Θυσιαστήριον,
3387 2983 3653 3052 Bumasti)-

2112 3090 2250 3143 ptov,
2294 3075 2401 3128 ἰδοὺ
2452 3078 2698 3129 τίκτεται
2727 3076 2804 3147 τῷ
2833 3077 2967 3146 οἴκῳ
3014 3077 3198 3141 Δαόὶδ,
3241 3078 3460 3140 Ἰωσίας
3506 3075 3650 3143 ὄνομα

2109 3166 2280 3234 αὐτῷ,
2317 3168 2411 3221 καὶ
2433 3168 2584 3221 θύσει
2613 3170 2704 3220 ἐπὶ
2753 3170 2810 3222 σὲ
2832 3170 2960 3232 τοὺς
2985 3170 3150 3240 ἱερεῖς
3176 3170 3284 3223 τῶν
3311 3169 3546 3240 ὑψηλῶν,
3576 3164 3650 3220 καὶ

2110 3262 2245 3314 ὀστᾶ
2276 3262 2584 3333 ἀνθρώπων
2636 3264 2730 3315 ἐπὶ
2782 3265 2842 3316 σὲ
2889 3265 3248 3319 κατακαύσει.
3289 3283 3306 3316 ι
3377 3264 3512 3319 Τότε
3566 3263 3645 3332 δὴ,

2108 3351 2230 3404 τότε
2283 3353 2376 3405 καὶ
2435 3355 2535 3421 τὴν
2593 3357 2752 3424 χεῖρα
2819 3355 2915 3407 τοῦ
2985 3355 3266 3424 Ἵεροδοὰμ
3317 3354 3647 3426 ξηρανθεῖσαν

440 3467 576 3506 num
605 3447 935 3512 Jeroboami,
965 3463 1086 3516 qua:
1125 3455 1416 3515 prepterea
1449 3458 1685 3514 prorsus
1731 3456 2007 3496 emarcue-

2113 3442 2194 3495 διὰ
2221 3443 2282 3496 τὸ
2312 3445 2599 3516 κινηθῆναι
2633 3447 2774 3499 κατὰ
2812 3448 2904 3500 τοῦ
2958 3450 3240 3517 προφήτου
3273 3451 3438 3511 αὐτὸς
3469 3451 3496 3502 6
3538 3464 3648 3516 προ-

445 3548 551 3604 rat,
588 3539 717 3608 quia
749 3537 1060 3592 sustulisset
1097 3536 1245 3589 illam
1273 3535 1538 3589 adversus
1575 3542 1761 3588 vatem
1785 3572 1800 3596 ,
1857 3539 2008 3585 vates

444 3631 564 3698 ipse
599 3630 830 3682 sanavit.
887 3625 1021 3682 Tum
1066 3635 1214 3681 vates
1243 3625 1464 3695 quidam
1498 3625 1662 3689 alius,
1689 3622 1782 3693 qui
1835 3622 1901 3676 iis
1951 3621 2006 3676 in

445 3720 578 3778 locis
614 3721 868 3790 degeret,
918 3718 1190 3782 hominem
1246 3718 1396 3772 illum
1445 3717 1688 3786 divinum
1743 3725 1900 3786 urget
1950 3723 2010 3770 ut

442 3829 624 3868 secum
656 3822 986 3878 vesceretnr,
1018 3825 1322 3880 quanquam
1345 3807 1496 3864 Joelo
1529 3808 1836 3863 mandasset
1866 3808 2008 3862 Deus

442 3916 502 3962 ut
522 3905 794 3987 Bethelem
834 3889 1290 3975 proficisceretur,
1317 3917 1426 3956 non
1461 3910 1638 3956 tamen
1666 3901 1738 3954 ibi
1768 3898 1851 3954 vel
1883 3899 2007 3952 cibo

442 4001 528 4056 vel
563 4008 694 4069 potu
727 4009 948 4066 sumpto
977 4003 1364 4051 reverteretur.
1424 3991 1615 4063 itaque
1640 4007 1767 4046 cum
1803 4004 2008 4046 mensa:

440 4091 769 4154 assiderent,
821 4087 963 4141 Deus
995 4085 1150 4140 alteri
1223 4086 1326 4141 vati
1357 4084 1618 4154 praecepit
1655 4091 1714 4138 ut
1759 4081 2005 4136 divinum

443 4180 718 4234 hominem
768 4176 978 4230 Joelum
1031 4177 1210 4230 verbis
1253 4158 1566 4240 huiusmodi
1614 4159 2001 4242 compellaret:

450 4266 932 4337 «Quandoquidem
963 4266 1018 4318 in
1044 4265 1319 4335 oppidum
1361 4275 1412 4319 te
1451 4263 1764 4329 contulisti,
1803 4274 1858 4320 et
1884 4263 2007 4318 cibo

443 4370 682 4430 potuque
713 4368 764 4414 te
793 4358 1052 4412 recreasti
1098 4357 1200 4411 hoc
1247 4356 1302 4410 in
1344 4356 1482 4422 loco,
1507 4371 1705 4426 corpus
1734 4366 1882 4412 tuum
1917 4371 2008 4412 ses

443 4453 629 4522 pulcro
681 4453 948 4522 majorum
1007 4459 1223 4525 tuorum
1279 4464 1388 4504 non
1446 4447 1766 4502 inferetur»
1818 4449 2006 4519 Itaque

441 4544 700 4612 deinceps
729 4542 930 4596 factum
963 4549 1044 4595 est
1077 4550 1133 4593 ut
1163 4539 1231 4593 ad
1263 4554 1390 4593 suos
1419 4547 1697 4594 revertens
1724 4541 1780 4594 in
1808 4540 2006 4594 itinere

441 4649 472 4684 a
493 4632 646 4684 leone
668 4631 1044 4699 perimeretur,
1076 4644 1138 4683 ac
1159 4626 1428 4682 interfecit
1450 4628 1541 4682 ille
1561 4628 1780 4698 quidem
1805 4638 2002 4694 vatem,

442 4722 539 4777 sed
569 4721 793 4775 ulterius
820 4721 1072 4791 progredi
1107 4735 1215 4790 non
1243 4727 1324 4774 est
1352 4733 1535 4773 ausus.
1569 4718 1778 4790 Quippe
1807 4735 2007 4790 corpus

2111 3532 2289 3600 φήτης
2331 3532 2542 3589 ἰάσατο.
2574 3534 2862 3603 Προφήτης
2888 3534 2945 3586 δέ
2969 3551 3050 3596 τις
3083 3534 3161 3588 ῶν
3202 3537 3385 3588 ἐκεῖσε
3419 3536 3646 3590 ἐϐιάσατο

2109 3624 2199 3678 τὸν
2252 3623 2541 3694 ἄνθρωπον
2591 3626 2684 3678 τοῦ
2714 3626 2848 3680 Θεοῦ
2899 3629 3097 3695 φαγεῖν
3139 3628 3304 3696 ἄρτον
3342 3630 3458 3697 μετ’
3483 3628 3643 3691 αὑτοῦ,

2110 3718 2203 3770 καὶ
2227 3716 2403 3770 ταῦτα
2435 3717 2530 3770 τοῦ
2565 3717 2699 3772 Θεοῦ
2726 3719 2864 3788 πρὸς
2899 3719 3063 3774 αὑτὸν
3113 3720 3365 3784 εἰπόντος
3413 3722 3644 3776 ἀπελθεῖν

2112 3808 2212 3877 μὲν
2241 3811 2320 3871 εις
2345 3809 2567 3880 Βαιθὴλ,
2602 3810 2694 3864 καὶ
2723 3812 2859 3880 μήτε
2886 3811 3051 3882 ἄρτον
3082 3812 3328 3880 φαγόντα
3358 3817 3496 3885 μήτε
3523 3814 3642 3882 ὓδωρ

2108 3902 2300 3954 πιόντα
2319 3902 2698 3971 ὑποστρέψαι.
2733 3904 2846 3971 Ἐφ’
2875 3897 2920 3972 ᾧ
2960 3905 3054 3958 καὶ
3073 3905 3400 3975 καθημένων
3421 3906 3509 3960 ἐπὶ
3533 3922 3643 3974 rp:-

2110 3992 2280 4063 πέζης
2308 3992 2460 4061 λόγος
2485 3994 2686 4063 Κυρίου
2719 3996 2934 4063 ἐγένετο
2963 3995 3096 4066 πρὸς
3115 3997 3204 4050 τὸν
3233 3993 3642 4069 προφήτηνὲκεῖ·

2108 4101 2218 4152 νον,
2254 4084 2339 4138 ἵνα
2368 4085 2496 4156 εἴπῃ
2515 4085 2648 4156 πρὸς
2664 4087 2753 4139 τὸν
2781 4087 3065 4158 ἄνθρωπον
3091 4089 3184 4142 τοῦ
3205 4089 3364 4142 Θεοῦ·
3400 4089 3560 4143 t‘AvO’
3581 4081 3640 4140 ὧν

2108 4171 2448 4242 ἐπέστρεψας
2482 4175 2574 4225 καὶ
2603 4173 2800 4242 ἔφαγες
2834 4177 2995 4245 ἄρτον
3024 4178 3118 4229 καὶ
3145 4178 3297 4241 ἔπιες
3335 4177 3476 4246 ὓδωρ
3508 4178 3559 4228 ἐν
3580 4174 3640 4242 τῷ

2107 4264 2260 4334 τόπῳ
2291 4261 2550 4335 τούτῳ,οὑ
2571 4264 2646 4336 μὴ
2665 4267 2884 4338 εἰσέλθῃ
2901 4270 2956 4320 τὶ
2983 4267 3144 4338 σῶμά
3160 4286 3255 4321 σου
3285 4271 3364 4332 εἰς
3391 4269 3478 4322 τὸν
3495 4269 3639 4336 τάφον

2106 4356 2216 4410 τῶν
2253 4357 2498 4425 πατέρων
2565 4373 2683 4410 σου.
2717 4377 2736 4409 ι
2784 4358 2897 4427 Ἐφ’
2929 4355 2971 4425 ᾧ
3031 4360 3125 4412 κα).
3176 4361 3527 4431 ὑποστρέφων
3557 4359 3640 4411 ὑπὸ

2103 4451 2318 4513 λέοντος
2349 4450 2488 4502 κατὰ
2517 4448 2613 4520 τὴν
2648 4450 2764 4504 ἁδὺν
2811 4449 3152 4505 θανατοῦται.
3202 4453 3313 4505 Καὶ
3377 4456 3406 4506 6
3436 4452 3530 4522 μὲν
3558 4451 3638 4519 θὴρ

2107 4542 2372 4606 ἀπέπνιξε
2387 4541 2547 4610 μόνον
2568 4541 2750 4606 αὑτὸν,
2770 4542 2864 4593 ἐπὶ
2879 4542 3038 4594 πλέον
3055 4542 3111 4594 δὲ
3138 4543 3386 4614 χωρῆσαι
3404 4543 3500 4595 οὐκ
3517 4539 3639 4594 ἐτόλ-

2109 4649 2281 4704 μησε·
2313 4633 2372 4686 τὸ
2395 4633 2500 4702 γὰρ
2536 4631 2694 4701 σῶμα
2717 4629 2810 4683 τοῦ
2840 4632 3120 4700 προφήτου
3153 4631 3310 4693 δίκας
3344 4627 3638 4698 εἰσπραχθὲν

2105 4722 2192 4776 διὰ.
2245 4722 2344 4792 τὴν
2373 4723 2682 4792 παρακοὴν,
2732 4720 2901 4790 αὑτὴν
2945 4721 3148 4790 δηλαδὴ
3195 4723 3294 4793 τὴν
3342 4719 3636 4789 πνιγμονὴν,

442 4817 581 4871 vatis
629 4815 905 4885 supplicio
956 4822 1180 4884 propter
1242 4812 1669 4867 inobedientiam
1726 4811 2000 4878 allectum,

2113 4812 2400 4882 ἐδικαιώθη
2429 4812 2636 4878 ἔκτοτε,
2666 4813 2756 4864 καὶ
2800 4812 2984 4864 οὐκέτι
3033 4812 3166 4882 βορὰ
3193 4814 3270 4882 τῷ
3294 4814 3464 4867 λέοντι
3498 4806 3637 4880 προῦο

443 4912 587 4978 quod
617 4908 940 4977 supplicium
970 4915 1088 4960 erat
1121 4906 1238 4974 ipsa
1271 4904 1520 4970 necatio,
1557 4903 1714 4974 187
1746 4904 2006 4974 deinceps

445 5003 685 5054 immune
740 4997 964 5063 factum,
1022 5012 1052 5051 a
1108 4997 1266 5051 leone
1316 4996 1565 5051 devorari
1617 5011 1726 5050 non
1772 5006 2023 5064 poterat..

444 5092 711 5147 Caeterum
766 5097 947 5143 vatem
1017 5088 1163 5140 hunc
1217 5087 1449 5140 alterum
1507 5084 1775 5154 Iosephus
1842 5084 2008 5138 tradit

443 5184 615 5238 fuisse
641 5181 827 5242 talem,
882 5179 975 5249 qui
1026 5178 1163 5232 falso
1212 5192 1411 5232 nomen
1456 5176 1556 5232 hoc
1591 5177 1916 5231 mentiretur
1953 5184 2010 5231 et

444 5274 725 5346 improbus
754 5280 900 5327 esset
927 5285 991 5324 ac
1025 5268 1332 5324 Jeroboami
1365 5269 1506 5338 regis
1555 5251 1842 5338 impostor.
1899 5268 2005 5323 Ve-

445 5383 567 5422 rum
595 5364 976 5420 Theodoretus
1013 5377 1138 5417 eum
1173 5363 1225 5414 in
1245 5377 1498 5416 verorum
1519 5369 1698 5414 vatum
1721 5375 2006 5413 numerum

444 5459 632 5524 refert,
663 5466 828 5525 atque
880 5455 932 5509 id
987 5465 1046 5508 ut
1084 5454 1301 5524 probet,
1358 5452 1683 5508 Litterarum
1733 5467 2007 5517 sacrarum

446 5549 824 5607 auctoritatem
853 5546 1063 5616 allegat,
1095 5546 1149 5600 in
1179 5544 1374 5616 quibus
1405 5544 1680 5601 memoria:
1729 5544 2002 5613 proditum

521 5727 564 5759 "
597 5725 664 5780 ill
697 5725 828 5798 Reg.
865 5741 985 5793 xm,
1018 5724 1072 5778 ‘3.

2108 4922 2278 4959 κειτο.
2304 4905 2413 4957 Καὶ
2439 4905 2530 4956 τὸν
2553 4903 2652 4973 μὲν
2677 4905 2963 4973 προφήτην
2989 4905 3197 4958 ἐκεῖνον
3221 4905 3637 4973 ψευδοπροφήτην

2111 4992 2249 5051 εἶναι
2282 4996 2429 5064 λέγει
2462 4995 2554 5048 καὶ
2603 4996 2837 5066 πονηρὸν
2887 4995 2980 5050 καὶ
3037 4995 3332 5050 ἀπατεῶνα
3361 4996 3450 5049 τοῦ
3504 4995 3638 5060 Ἱερο-

2110 5087 2253 5156 ϐοὰμ
2287 5089 2314 5139 6
2359 5086 2642 5155 Ἰώσηπος.
2689 5085 2747 5138 ὐ
2775 5085 2830 5138 δὲ
2860 5085 3203 5154 Θεοδώρητος
3240 5086 3410 5156 ἀληθῆ
3450 5085 3634 5153 πρεφή,

2109 5196 2209 5246 την
2233 5179 2324 5230 τὸν
2356 5176 2601 5232 τοιοῦτον
2626 5172 2766 5230 εἶναι
2797 5178 2968 5244 λέγει,
3001 5181 3267 5247 παράγων
3289 5179 3379 5231 καὶ
3403 5175 3495 5245 τὴν
3521 5175 3556 5226 Γ
3559 5189 3634 5243 ρα-

2111 5270 2214 5341 φὴν
2247 5270 2387 5323 οὓτω
2416 5271 2698 5339 λέγουσαν·
2729 5287 2745 5321 ι
2770 5267 3012 5338 Διεσώθη
3035 5269 3103 5321 τὰ
3126 5271 3260 5322 ὀστᾶ
3273 5269 3364 5322 τοῦ
3388 5266 3629 5338 προφήτου

2109 5358 2201 5410 τοῦ
2256 5357 2562 5428 πρεσῦύτου
2617 5356 2709 5408 τοῦ
2750 5355 3128 5418 κατοικοῦντος
3169 5359 3228 5410 ἐν
3271 5355 3463 5423 Βαιθὴλ
3519 5348 3631 5418 μετὰ

2109 5449 2219 5502 τῶν
2249 5449 2422 5501 ὀστῶν
2471 5444 2566 5499 τοῦ
2599 5445 2886 5516 ἀνθρώπου
2918 5445 3010 5499 τοῦ
3056 5447 3192 5501 Θεοῦ
3225 5445 3317 5500 τοῦ
3352 5445 3556 5513 ἥκοντος
3582 5436 3628 5501 ἐξ

2123 5539 2294 5596 Ἰούδα
2339 5538 2432 5595 καὶ
2477 5534 2830 5606 λελαληκότος
2863 5541 3038 5612 πᾲντα
3091 5540 3158 5592 τὰ
3187 5537 3321 5608 ἔργα
3352 5535 3384 5589 ἃ
3407 5529 3628 5598 ἐποίησεν
