3794 6226
180 313 268 375 361
1404 315 1810 377 ANNALIUM
1851 316 2042 378 PARS
2081 318 2161 378 Il.

3290 323 3394 383 ξι(ὶὲ

179 430 299 484 Θεοῦ
323 428 514 483 καὶτὸν
544 429 796 483 διάϐολον
834 432 892 483 ὲν
917 431 981 500 μέ
993 448 1075 501 σῳ
1099 430 1299 497 αὐτῶν,
1325 434 1420 486 καὶ
1448 433 1592 488 οὕτω
1618 434 1730 487 δια·

1861 436 1911 491 bi
1970 437 2196 505 pereat?
2282 434 2419 488 Tum
2472 452 2529 491 se
2571 436 2797 507 spiritus
2847 437 3066 508 quidam
3118 439 3410 508 proripuit,

178 520 414 591 λεχθῆναι
458 520 594 590 πρὸς
645 522 739 575 τὸν
778 522 1006 592 Κύριον.
1070 524 1524 592 προσωποποιίαν
1586 520 1727 579 εἶναι

175 629 323 681 φησιν
350 614 376 665 ὁ
406 611 538 675 Θεῖος
580 614 984 683 Χρυαόστομος.
1038 616 1143 668 Τὸν
1178 615 1362 683 μέντοι
1410 616 1555 670 Βάαλ
1606 616 1729 671 θεὸν

174 692 299 760 εἶναι
326 707 466 775 λέγει
523 708 739 778 Τυρίων
792 711 820 762 ὀ
850 709 1140 780 Ἰώσηπος,
1172 711 1271 783 τὴν
1316 711 1374 765 δὲ
1420 711 1730 782 Ἀστάρτην

176 800 438 866 Σιδωνίων,
469 801 698 871 Βααλὴμ
732 802 787 854 δὲ
813 802 904 856 τὸν
929 803 1024 855 τοῦ
1054 804 1201 859 Βάαλ
1236 804 1425 875 σηκόν.
1465 805 1575 858 Καὶ
1598 806 1730 872 περὶ

176 892 264 961 μὲν
283 891 477 945 τούτων
506 892 703 955 οὕτως.
749 893 823 948 '0
843 894 899 947 δὲ
919 894 1189 963 Ἰωσαφὰτ
1219 897 1310 949 καὶ
1330 896 1729 966 προφήτηνξη-

172 984 329 1052 τήσας
358 986 446 1039 καὶ
464 986 695 1041 τοιαῦτα
715 988 903 1057 μαθὼν
934 991 1086 1060 ὅμως
1117 991 1430 1062 συναπῆρεν
1457 994 1536 1054 εἰς
1574 992 1733 1061 πόλε-

176 1090 263 1142 μον
301 1078 435 1144 μετὰ
465 1076 835 1149 τοῦἈχαάὸ·
893 1080 1031 1153 πλὴν
1086 1083 1177 1136 διὰ
1223 1081 1322 1152 τὴν
1354 1082 1525 1151 ἄλλην
1561 1083 1728 1137 αὐτοῦ

170 1166 373 1235 ἀρετὴν,
418 1166 490 1229 ὡς
528 1166 734 1221 ἄνωῗεν
763 1171 1002 1241 εἴρηται,
1052 1172 1409 1243 διεφυλάχοη.
1450 1175 1512 1225 '0
1540 1174 1728 1242 μέντοι

170 1257 392 1327 Μιχαίας
422 1258 634 1331 φυλακῇ
675 1261 977 1331 ἐμϐληθεὶς
1019 1264 1171 1334 παρὰ
1201 1264 1297 1317 τοῦ
1332 1264 1540 1334 ’Λχαὰὀ
1575 1265 1730 1334 ἔλεγε

176 1349 321 1417 μετὰ,
358 1352 675 1421 παρρησίας
703 1371 721 1405 ι
763 1354 889 1407 Ἐάν
937 1356 1280 1425 ἐπιστρέφων
1311 1356 1647 1426 επις-τρέψῃς
1674 1360 1732 1409 ὲν

169 1443 368 1511 εἰρήνῃ,
397 1444 459 1497 οὺ
489 1445 788 1515 λελάληκεν
818 1448 875 1501 ἐν
905 1448 1037 1517 ἡμῖν
1072 1448 1101 1499 ὀ
1123 1448 1347 1519 Κύριος.
1379 1466 1398 1501 ι
1434 1449 1603 1501 Ἀλλὰ
1636 1447 1733 1502 καὶ

168 1534 311 1601 ἠὲπὶ
337 1534 429 1587 τοῦ
476 1537 687 1606 Ἀχαάὸ
742 1537 832 1591 διά
890 1539 985 1591 τοῦ
1014 1539 1200 1592 Ἡλίου
1261 1539 1382 1593 θεία
1420 1542 1731 1610 πρόρρησις

168 1629 325 1696 πέρας
372 1627 520 1696 ἔσχε.
569 1629 813 1698 Τρωθεὶς
862 1631 955 1684 ἐπὶ
988 1632 1125 1685 πολὺ
1167 1633 1244 1701 τῷ
1278 1632 1488 1702 ἅρματι
1518 1634 1731 1695 ῖστατο,

167 1718 241 1771 ἵνα
275 1719 345 1787 μὴ
375 1720 589 1792 τροπὴν
638 1723 953 1793 ἐργάσηται
978 1726 1045 1794 τῇ
1080 1728 1248 1794 φυγῇ.
1275 1725 1348 1778 Τὸ
1388 1724 1445 1777 δὲ
1476 1720 1613 1794 αἷμα
1641 1742 1735 1792 φε-

1837 536 1892 581 et
1924 530 2106 582 coram
2144 527 2373 581 Domino
2410 544 2467 582 se
2499 529 2702 583 sistens
2736 530 2788 583 iu
2824 532 2967 585 hunc
3005 531 3224 585 modum
3260 532 3412 586 locu-

1837 627 1925 674 tus
1954 627 2065 674 est:
2129 620 2270 690 «Ego
2316 636 2446 674 vero
2495 622 2769 677 hominem
2803 624 3125 693 decipiam.»
3176 625 3273 680 Cui
3307 625 3411 681 Do-

1838 713 2053 767 minus:
2107 713 2202 766 «Et
2241 712 2596 781 quo-tandem
2628 722 2785 785 pacto
2806 716 2855 767 ?i
2918 716 3143 780 «Abibo,
3214 716 3413 786 inquit,

1836 815 1893 858 et
1940 819 2035 859 ero
2085 804 2317 874 spiritus
2381 806 2608 860 mendax
2657 807 2710 860 in
2758 822 2852 863 ore
2882 819 3198 863 cunctorum
3226 820 3413 864 vatum

1836 896 1957 966 ejus
1980 916 2003 961 ;.
2023 912 2197 966 coque
2227 898 2388 951 modo
2419 898 2593 967 ipsum
2640 898 2843 953 fallam.
2873 918 2890 950 ›
2926 899 3063 954 Tum
3116 902 3411 957 Doluinus:
3470 896 3489 901 ’

1844 990 1973 1044 «Abi
2004 1005 2152 1059 ergo,
2176 991 2270 1057 ait,
2293 991 2548 1061 quodque
2572 991 2780 1054 dixisti,
2813 992 3028 1047 facito.»
3068 992 3206 1047 Sunt
3229 1004 3413 1067 autem

1840 1081 1955 1135 lucc
1998 1081 2201 1146 omnia,
2255 1083 2717 1151 quemadmodum
2746 1083 3125 1139 Theodorctns
3175 1086 3449 1154 scripsit,-

1838 1187 2002 1226 mera:
2056 1186 2415 1241 personarum
2464 1174 2733 1242 ﬁctiones,
2765 1191 2885 1244 qua:
2940 1192 3039 1231 nos
3085 1177 3153 1231 de
3184 1177 3417 1245 pennis-

1839 1267 1996 1322 sionc
2027 1266 2209 1322 divina
2234 1267 2516 1322 erudiunt.
2573 1266 2776 1322 Eodem
2802 1268 2962 1321 modo
2987 1284 3111 1322 cum
3142 1268 3198 1321 in
3229 1283 3419 1322 narra-

1840 1361 1987 1413 tione
2016 1358 2082 1412 de
2131 1358 2268 1413 lolio
2309 1358 2527 1414 Littera:
2558 1374 2728 1415 sacra:
2774 1359 3021 1414 referunt
3072 1361 3293 1432 angelos
3322 1374 3418 1415 c0-

1839 1465 1957 1503 ram
1991 1448 2221 1505 Domino
2271 1450 2529 1515 astitisse,
2580 1466 2643 1505 ac
2685 1453 2828 1506 inter
2855 1466 2951 1506 eos
2982 1442 3167 1521 ipsum
3198 1468 3417 1521 quoque

1838 1540 2138 1606 diabolum,
2191 1545 2285 1611 qui
2346 1541 2513 1595 Deum
2567 1543 3004 1613 compellaverit,
3052 1543 3273 1597 divinus
3326 1545 3417 1597 ille

1839 1633 2261 1700 Chrysostomus
2342 1648 2701 1702 personarum
2793 1633 3065 1689 ﬁctionem
3145 1636 3417 1704 agnoscit.

1840 1723 2111 1778 Caeterum
2178 1725 2307 1777 Baal
2361 1724 2599 1794 Josepho
2675 1726 2823 1781 deus
2885 1733 2969 1780 est
3039 1726 3413 1795 Assyriorum,

166 1812 379 1880 μόμενον
433 1816 680 1885 ὲνεπάγη
736 1816 814 1886 τῷ
848 1817 1078 1887 ἅρματι.
1112 1818 1285 1871 Τοῦτο
1318 1818 1470 1887 παρὰ
1501 1818 1730 1887 κρήνῃό

1858 1817 2061 1871 ιδιοηο
2110 1832 2244 1871 vero
2297 1816 2916 1881 S'doniorum,’Baallm
2970 1794 3210 1887 denique
3240 1818 3418 1872 sacel-

168 1903 362 1971 ἡνίοχος
399 1906 651 1971 ἔπλυνεν,
678 1912 727 1961 οί
757 1908 815 1961 δὲ
850 1910 1009 1973 κύνες
1038 1908 1327 1980 ἐξὲλειχον.
1356 1910 1422 1961 Ai
1454 1909 1510 1960 δὲ
1536 1909 1733 1977 πόρναι

168 1998 281 2066 περὶ
306 1998 400 2068 τὴν
424 2001 501 2053 ἕω
527 2003 669 2054 κατὰ
696 2002 758 2055 τὸ
787 2002 907 2066 ἔθος
934 2004 1226 2057 ἐλούσαντο
1245 2020 1259 2035 ο
1292 2004 1598 2073 πηγιμαῖον
1629 2003 1733 2071 γὰρ

165 2084 224 2158 ἧν
245 2089 301 2141 τὸ
326 2090 492 2162 ὕδωρ,
534 2095 921 2163 κεχρωσμένοι)
944 2095 1002 2147 δὲ
1038 2094 1116 2163 τῷ
1142 2095 1361 2164 αἵματι.

1841 1909 1956 1963 lum
1990 1907 2114 1961 Baal
2146 1906 2560 1976 interpretatur.
2598 1909 2677 1963 Ac
2718 1908 2785 1963 de
2814 1909 2898 1964 his
2930 1909 3153 1977 quidem
3192 1909 3305 1963 hcce
3335 1909 3418 1961 in-

1839 2001 2017 2056 dicata
2051 2012 2239 2055 sunto.
2294 2001 2625 2069 Josaphatus
2666 2012 2849 2057 autem
2891 2002 3158 2071 requisito
3191 2012 3314 2056 vate
3352 2017 3417 2053 ae

1804 2078 1811 2091 ’
1840 2093 2155 2163 hujusmodi
2188 2093 2349 2147 rebus
2380 2108 2445 2146 ex
2469 2108 2534 2147 eo
2566 2093 2800 2164 cognitis
2846 2095 3022 2149 nihilo
3060 2094 3243 2147 minus
3289 2109 3414 2145 cum

164 2182 402 2237 Achaabo
423 2182 492 2237 ad
532 2186 732 2239 bellum
764 2188 1040 2255 profectus
1068 2196 1172 2242 est.
1204 2187 1341 2252 Quia
1392 2195 1574 2241 tamen
1641 2185 1844 2254 alioqui
1909 2184 1993 2239 vir
2034 2199 2244 2253 magna:
2300 2184 2517 2239 virtutis
2554 2194 2694 2247 erat,
2723 2195 2783 2240 ut
2812 2201 2976 2256 supra
3029 2202 3245 2255 quoque
3277 2185 3418 2239 dixi-

167 2291 293 2341 mus,
330 2279 621 2332 incolumis
660 2279 883 2333 domum
916 2280 1112 2334 evasit.
1191 2279 1444 2335 Miehtcas
1514 2280 1572 2333 in
1640 2292 1918 2333 carcerem
1972 2276 2041 2330 ab
2109 2275 2364 2330 Acltaabo
2419 2277 2700 2347 coniectus
2749 2292 2944 2347 magna
3010 2293 3131 2333 cum
3182 2280 3303 2332 oris
3354 2277 3418 2330 li.‘

165 2368 356 2424 bertate
380 2370 561 2425 dixit:
617 2371 853 2438 (Quodsi
900 2388 1161 2443 prospere
1196 2373 1418 2429 domum
1452 2388 1703 2429 reversus
1743 2372 1932 2436 fueris,
1967 2370 2136 2424 Deum
2173 2388 2269 2441 per
2306 2387 2392 2426 me
2419 2372 2646 2427 mimine
2680 2374 2921 2427 locutum
2953 2388 3075 2427 esse
3113 2374 3345 2427 fatebor.
3394 2390 3412 2421 ι

167 2460 442 2517 Enimvero
487 2464 729 2518 divinum
793 2465 927 2519 illud
989 2465 1273 2519 oraculum
1319 2466 1387 2521 de
1443 2465 1727 2530 Acbaabo,
1764 2464 1909 2535 quod
1945 2462 2093 2517 Elias
2161 2463 2351 2529 edidit,
2416 2471 2647 2519 eventus
2679 2465 2795 2533 ipse
2828 2464 3227 2533 comprobavit.
3282 2462 3418 2518 Nam

164 2569 276 2608 cum
305 2557 501 2610 vulnus
524 2556 855 2626 accepisset,
893 2557 1303 2613 diuadmodum
1337 2558 1389 2613 in
1426 2548 1587 2613 curru
1615 2558 1785 2621 stetit,
1821 2572 1889 2610 ne
1950 2569 2243 2625 conspecta
2274 2556 2417 2627 regis
2457 2556 2580 2627 fuga
2649 2558 2849 2612 milites
2909 2557 3055 2611 hosti
3122 2566 3268 2627 terga
3323 2556 3419 2610 da-

167 2658 291 2705 rent.
353 2653 427 2706 lbi
458 2653 681 2723 sanguis
722 2669 752 2707 e
785 2654 1013 2709 vulnere
1077 2654 1356 2725 proﬂuens
1413 2670 1578 2709 curru
1646 2653 1916 2718 adhmsit;
1972 2669 2147 2722 quem
2186 2653 2443 2721 deinceps
2496 2655 2689 2724 auriga
2731 2654 2798 2707 ad
2858 2652 3065 2708 fontem
3140 2653 3446 2706 abluit‘et‘

165 2761 312 2802 canes
343 2749 641 2805 linxerunt.
692 2750 849 2805 Mane
913 2766 1042 2805 vero
1076 2752 1395 2809 meretrices
1427 2752 1495 2806 ad
1542 2751 1747 2807 fontem
1792 2750 1950 2821 190
1982 2750 2220 2805 Aclt‘aahi
2269 2750 2534 2819 sanguine
2587 2755 2812 2806 tinctum
2873 2751 3196 2805 accedentes
3256 2749 3415 2804 etiam

167 2842 214 2897 in
244 2858 304 2898 eo
324 2860 559 2917 corpora
598 2861 701 2900 sua
735 2860 833 2916 pro
874 2862 1029 2901 more
1052 2847 1365 2901 abluerunt.

226 2939 419 3008 Ἰωράμ
448 2939 508 2991 δὲ
533 2938 637 2991 τοῦλ
656 2937 927 3008 κηδεστοῦ
964 2941 1174 3009 ’Λχαὰϐ
1198 2939 1452 3010 ζηλώσας
1481 2940 1580 3010 τὴν
1604 2941 1731 2993 ασε-

165 3033 301 3083 ϐειαν
349 3032 511 3097 ἀξίαν
544 3031 645 3102 τὴν
694 3031 969 3101 τιμωρίαν
1006 3030 1227 3102 εὖρατο.
1270 3033 1331 3085 Ὀ
1383 3032 1492 3103 γὰρ
1554 3034 1727 3102 μέγας

173 3125 346 3187 Ἦλίας
402 3125 495 3178 διὰ
543 3126 888 3195 γραμμάτων
946 3129 1229 3196 μεμήνυκε
1284 3126 1383 3195 τὴν
1415 3126 1719 3193 ἀπόφασιν)

1915 2935 2231 2992 Secnndnm
2259 2936 2376 2990 haec
2403 2950 2492 2990 rex
2516 2934 2774 2990 Joramus
2803 2933 3136 3001 impietatem
3176 2934 3417 2990 Achaabi

1838 3033 2015 3085 soceri
2049 3030 2133 3085 sui
2169 3030 2455 3084 aemulatus
2497 3029 2723 3083 meritas
2765 3028 2992 3081 omnino
3043 3044 3231 3095 plenas
3293 3029 3414 3084 luit.

1834 3122 1971 3177 Nam
2007 3138 2238 3193 magnus
2283 3122 2371 3175 ille
2395 3132 2544 3175 vates
2573 3121 2717 3173 Elias
2742 3119 3053 3186 hujusmodi
3085 3121 3265 3173 verbis
3290 3136 3415 3175 cum

170 3232 186 3264 ι
214 3214 340 3269 Τάδε
363 3215 516 3282 λέγει
542 3215 747 3283 Κύριος
765 3229 778 3243 ·
813 3215 955 3268 ’Λνο’
985 3212 1060 3268 ὧν
1081 3217 1180 3271 οὐκ
1212 3216 1512 3287 ὲπορεὺθης
1540 3219 1596 3269 ἐν
1623 3216 1727 3285 ὁδῷ

1858 3230 1933 3267 ιρι·
1981 3213 2193 3267 litteras
2220 3212 2605 3281 compellavit:
2645 3210 2801 3264 illane
2830 3212 2924 3265 tibi
2958 3212 3221 3265 Dominus
3248 3213 3418 3279 signi-

174 3304 423 3374 Ἰωσαφέιτ
452 3305 551 3358 τοῦ
586 3307 793 3377 πατρὸς
826 3324 941 3373 σου,
974 3308 1301 3372 ἀπέκτεινας
1329 3309 1385 3362 δὲ
1419 3310 1547 3370 τοὺς
1577 3309 1734 3361 ἀδελ-

165 3398 282 3465 φούς
309 3418 425 3464 σου,
461 3396 573 3455 ίὸοὒ
609 3402 816 3471 Κύριος
838 3401 1109 3455 πατάσσει
1141 3402 1358 3472 πληγὴν
1394 3401 1643 3472 μεγάλην
1677 3403 1734 3454 ὲν

163 3492 229 3561 τῷ
249 3493 377 3561 οἴνῳ
404 3510 525 3559 σου,
557 3494 653 3545 καὶ
684 3494 748 3546 σὺ
781 3494 878 3565 ἔσῃ
912 3496 969 3547 ὲν
995 3495 1332 3565 ἀρρωστίαις
1360 3494 1650 3564 πονηραῖς,
1677 3494 1733 3547 ὲν

163 3585 428 3656 ἀρρωστία
457 3584 691 3649 κοιλίας,
729 3584 834 3648 ἕως
880 3584 945 3641 ἂν
994 3586 1182 3657 ἐξέλθῃ
1214 3587 1283 3639 τὰ
1310 3586 1506 3655 ἔντερά
1554 3602 1671 3639 σου.
1708 3605 1726 3636 ι

173 3665 624 3739 Ἐπεστράφησαν
670 3670 852 3721 τοίνυν
908 3669 1201 3737 ἀλλόφυλοι
1234 3669 1355 3722 κατ’
1388 3668 1581 3733 αὐτοῦ,
1637 3668 1733 3721 καὶ

164 3759 353 3824 πάντας
384 3762 879 3833 ἐξηνδραπόδισαν,
928 3762 1026 3817 καὶ
1069 3763 1135 3815 τά
1165 3763 1329 3815 τέκνα
1360 3762 1523 3815 αὐτοῦ
1553 3762 1734 3814 πάντα

164 3850 509 3913 κατέκτειναν
558 3854 685 3906 ἄνευ
738 3852 835 3905 τοῦ
870 3852 1141 3922 Ὀχοζίου.
1177 3853 1493 3924 Ἐπὲσκηψε
1550 3855 1645 3906 καὶ
1697 3856 1729 3923 ἡ

164 3945 323 4011 νᾶσος,
356 3946 453 3998 καὶ
474 3945 599 3997 οὐδὲ
634 3944 773 4012 μετὰ
796 3944 1029 3999 Θάνατον
1062 3944 1350 4014 βασιλικῆς
1383 3943 1591 4014 ἠξιὼοη
1630 3961 1731 3997 τα-

166 4035 282 4105 φῆς.
306 4038 551 4106 Ἀληθῶς
598 4038 835 4111 φοϐερὸν
877 4038 939 4093 τὸ
981 4040 1245 4110 ἐμπεσεῖν
1270 4039 1351 4104 είς
1379 4041 1567 4111 χεῖρας
1592 4039 1731 4093 Θεοῦ
1774 4066 1794 4106 ι⁸

164 4128 372 4196 ζῶντος.

226 4402 375 4458 Μετὰ
401 4404 597 4458 τοῦτον
629 4405 877 4475 Ὀχοζίας
905 4403 1156 4475 ζηλωτὴς
1186 4406 1279 4459 καὶ
1310 4404 1474 4467 αὐτὸς
1498 4404 1599 4475 τῆς
1631 4421 1735 4457 πα-

162 4495 345 4564 τρικῆς
394 4496 675 4559 ἀσεϐείας.
721 4496 1169 4549 ’Λποστέλλονται
1224 4496 1405 4549 τοίνυν
1454 4497 1594 4566 πρὸς
1641 4498 1732 4550 τὸν

1840 3308 1965 3361 ﬂeat
1994 3324 2007 3360 :
2052 3306 2323 3371 Quoniam
2355 3304 2666 3359 institutum
2695 3313 2936 3373 paterna-
2977 3302 3262 3369 Josapbati
3296 3304 3420 3357 vita:

1838 3413 2030 3454 nones
2058 3407 2322 3463 sectatus,
2380 3398 2475 3451 sed
2505 3395 2710 3450 fratres
2753 3407 2873 3449 tuos
2922 3395 3243 3450 interfecisti
3273 3436 3286 3458 ,
3347 3411 3418 3448 en

1836 3505 2033 3561 magna
2058 3491 2369 3546 calamitate
2410 3490 2670 3543 Dominus
2702 3488 3159 3543 familiam-tuam
3195 3488 3418 3550 allicict,

1835 3597 1901 3636 ac
1956 3592 2011 3637 tu
2063 3583 2322 3652 gravibus
2373 3582 2663 3637 admodum
2708 3582 2913 3635 morbis
2942 3579 3237 3645 lab‘orabis,
3280 3594 3420 3648 quos

1836 3674 1983 3728 inter
2035 3685 2198 3728 erunt
2246 3676 2519 3728 viseerum
2571 3676 2830 3737 tormina,
2870 3685 2977 3727 tam
3029 3674 3119 3727 diu
3164 3673 3416 3726 durantia

1835 3767 2015 3820 donec
2048 3766 2309 3820 intestina
2348 3782 2542 3834 egeras
2565 3769 2640 3820 ’.ι
2704 3768 2819 3817 Non
2850 3766 3023 3819 ιιιιιΙιυ
3052 3774 3172 3832 post
3213 3772 3419 3817 extera:

1835 3854 2087 3908 nationes
2130 3856 2182 3907 in
2216 3869 2342 3907 cum
2388 3854 2575 3923 cupias
2618 3855 2897 3918 educunt,
2931 3869 3123 3906 omnes
3164 3868 3195 3906 c
3238 3852 3419 3905 medio

1836 3944 2064 4007 tollunt,
2121 3944 2325 3997 liberos
2363 3928 2549 4013 regios
2596 3942 2964 4005 interﬁciunt,
3024 3942 3260 3995 ()ehnzia
3300 3941 3418 3994 solo

1834 4044 2088 4104 excepto.
2122 4034 2297 4088 Simul
2329 4046 2383 4088 et
2416 4037 2639 4088 morbus
2672 4034 2950 4086 hominem
2993 4034 3221 4096 invadit,
3250 4050 3313 4086 ac
3348 4050 3418 4087 ne

1834 4127 2039 4195 regiam
2068 4127 2288 4196 quidem
2318 4126 2652 4195 sepulturam
2682 4142 2710 4179 a
2744 4134 2918 4179 morte
2949 4136 3278 4179 consecutus
3310 4135 3416 4179 est.

1835 4217 2109 4273 Nimirum
2172 4234 2364 4289 reapse
2422 4218 2771 4273 formidabile
2830 4227 2912 4271 est
2956 4219 3009 4270 in
3050 4218 3147 4271 Dei
3184 4217 3419 4270 viventis

1836 4326 2031 4365 manus
2058 4312 2302 4365 incidere
2322 4312 2387 4365 ⁸ο.

1907 4404 2185 4459 Successit
2218 4404 2270 4457 in
2318 4419 2484 4475 regno
2534 4404 2679 4458 {ilius
2714 4405 2999 4464 Ochozias,
3061 4412 3115 4456 et
3151 4403 3265 4471 ipse
3322 4418 3419 4470 pa-

1837 4506 2009 4551 terna:
2061 4496 2361 4565 impietatis
2416 4496 2720 4550 aemulator.
2783 4496 2898 4548 lloc
2963 4505 3208 4563 tempore
3268 4495 3414 4549 missi

166 4585 326 4654 μέγαν
363 4590 551 4641 Ἠλίαν
585 4589 678 4641 δύο
722 4588 1194 4659 πεντηκόνταρχοι
1240 4589 1377 4658 μετὰ
1424 4588 1725 4657 σοσαρὸτη-

1858 4589 2097 4663 .tmt‘ad
2150 4602 2406 4657 magnum
2467 4586 2615 4639 illum
2673 4594 2849 4640 vatem
2884 4584 3054 4639 Elian:
3113 4586 3221 4639 duo
3256 4586 3419 4655 quin-

164 4692 245 4739 τος
280 4680 573 4744 καλοῦντες
615 4681 780 4734 αὑτὸν
814 4680 908 4733 ἐπὶ
940 4680 1018 4751 τῷ
1059 4683 1406 4751 ἐρωτηθῆναι
1438 4682 1537 4747 τῆς
1576 4682 1732 4733 νόσου

162 4765 248 4818 τοῦ
298 4767 560 4837 βασιλέως
610 4772 838 4826 ’ἐνεκενσ
889 4765 1049 4841 hic}
1095 4774 1191 4826 καὶ
1242 4772 1354 4843 πῦρ
1403 4770 1733 4839 καταγαγὼν

164 4858 358 4913 ἄνωθεν
401 4864 747 4917 κατέκαυσεν
788 4864 1012 4927 αὐτούς.
1050 4864 1195 4918 Ἀλλ’
1220 4863 1453 4917 ἐνταῦθα
1492 4865 1541 4915 oi.
1579 4863 1730 4933 ὡμό-

163 4962 291 5017 τητα
334 4952 425 5004 τοῦ
466 4955 749 5027 προφήτρυ
795 4957 1233 5027 κατηγοροῦντες
1273 4957 1442 5012 αὑτοῦ
1487 4974 1731 5026 κατηγο-

170 5040 309 5106 ροῦσι
337 5043 432 5095 τοῦ
464 5044 597 5097 Θεοῦ
623 5061 637 5074 ·
670 5040 739 5098 δι’
763 5047 932 5100 αὐτοῦ
963 5048 1074 5118 γὰρ
1101 5051 1170 5102 τὰ
1202 5049 1401 5102 πάντα.
1434 5050 1721 5102 Στέλλεται

166 5132 251 5187 οὖν
278 5135 458 5227 τρίτος
489 5139 994 5210 πεντηκόνταρχος.
1028 5141 1124 5194 καὶ
1156 5142 1340 5210 ὴπίοις
1372 5140 1551 5208 λόγοις
1585 5124 1726 5210 χρη-

171 5227 388 5296 σάμενος
421 5233 519 5300 τὴν
554 5232 829 5301 τιμωρίαν
864 5232 1140 5301 διέφυγεν.
1178 5234 1598 5303 Κατερχὸμενος
1632 5232 1726 5287 οὖν

169 5320 256 5370 καὶ
300 5325 637 5393 συναντήσας
679 5325 791 5386 τοῖς
840 5325 1230 5377 ἀποσταλεῖσιν
1276 5326 1372 5376 ἐπὶ
1416 5324 1488 5376 τά
1536 5324 1728 5376 εἴδωλα

172 5404 307 5474 εἷπε,
344 5430 361 5462 ι
405 5414 558 5484 Παρὰ
591 5415 653 5466 τὸ
694 5414 768 5484 μὴ
806 5409 946 5468 εἶναι
985 5416 1119 5467 Θεὸν
1152 5416 1210 5468 ἐν
1247 5415 1487 5485 Ἰσραὴλ,
1522 5416 1731 5487 πορεύῃ

172 5500 389 5571 ζητῆσαι
438 5513 597 5575 μυῖαν
642 5507 766 5563 θεὸν
802 5508 1086 5578 Ἀκαρ‹ἷ›ν;
1124 5510 1156 5579 ή
1193 5508 1346 5580 κλίνη
1385 5509 1470 5577 ἐφ’
1497 5501 1563 5572 ἧς
1601 5509 1728 5561 ἀνέ-

176 5591 297 5661 6ης,
339 5598 397 5648 οὗ
449 5598 760 5669 καταϐήσῃ.
821 5617 839 5649 ι
877 5600 1144 5651 Ἰστωσαν
1193 5596 1287 5652 οὖν
1335 5598 1593 5663 ἐντεῦθςν
1635 5598 1726 5654 εἰς·

241 5758 259 5789 ⁸
291 5759 328 5813 ιι
358 5760 531 5819 Paral.
563 5780 625 5827 tt,
664 5765 753 5821 '21.
837 5767 877 5796 ¹⁰
910 5764 1076 5820 llebr.
1110 5783 1160 5833 .v,
1198 5766 1287 5819 51.

1836 4694 2149 4750 quagenum
2182 4678 2412 4731 militum
2440 4676 2702 4746 prtcl‘ecti,
2753 4678 2987 4745 quicum
3036 4678 3274 4747 superbe
3325 4694 3418 4730 ar-

1837 4778 2056 4825 cessunt
2080 4767 2148 4821 de
2178 4767 2321 4835 regis
2351 4767 2540 4821 morbo
2570 4766 2989 4821 consulendum.
3050 4766 3192 4820 't'um
3231 4769 3413 4837 ignem

1836 4863 1927 4917 ille
1954 4860 2170 4917 caelitus
2199 4860 2479 4914 deducens
2511 4858 2798 4913 universos
2847 4860 3239 4913 concremavit.
3304 4858 3418 4911 line

1832 4955 1955 5011 loco
1976 4954 2068 5023 qui
2099 4953 2479 5007 crudelitatem
2515 4952 2656 5007 vatis
2692 4960 2978 5014 accusant,
3035 4952 3205 5005 Deum
3238 4951 3415 5021 ipsum

1838 5048 2204 5102 criminantur
2238 5064 2253 5101 :
2284 5048 2409 5098 nam
2446 5059 2544 5114 per
2575 5060 2699 5099 cum
2734 5046 2847 5098 haec
2885 5045 3067 5099 omnia
3097 5045 3234 5098 facta
3265 5057 3413 5100 sunt.

1837 5139 2079 5194 Tandem
2116 5148 2169 5193 et
2205 5140 2399 5192 tertius
2423 5138 2644 5207 quidam
2677 5139 2913 5191 militum
2967 5139 3410 5207 quinquagenum

1837 5234 2128 5304 przel'cctus
2159 5232 2465 5299 ablegatur,
2499 5231 2591 5301 qui
2622 5240 2804 5285 vatem
2842 5232 3067 5285 mitibus
3101 5231 3282 5285 verbis
3328 5231 3411 5282 al—

1840 5333 2056 5379 .ocutus
2085 5322 2412 5391 supplicium
2440 5338 2547 5390 quo
2585 5323 2799 5392 priores
2825 5322 3004 5378 allecti
3034 5324 3250 5377 fuerant
3285 5337 3411 5373 eva-

1840 5415 1929 5469 sit.
1962 5414 2335 5478 Q‘uamobrcm
2363 5422 2514 5468 vates
2540 5414 2605 5468 de
2642 5422 2829 5468 monte
2871 5413 3231 5474 descendens,
3279 5424 3405 5463 cum

1841 5507 2124 5560 incidisset
2193 5506 2245 5558 in
2278 5506 2529 5560 homines
2555 5506 2833 5575 ablegatos
2865 5522 2892 5557 a
2924 5519 3047 5573 rege
3103 5506 3169 5555 ad
3204 5514 3406 5553 consu-

1839 5595 2027 5651 lcudos
2061 5595 2324 5661 dcastros,
2359 5593 2674 5665 huiusmodi
2698 5594 2859 5648 verba
2891 5592 3117 5664 protulit
3143 5608 3152 5646 ι
3180 5583 3415 5672 κιριιιὶιιν,
