3794 6226
347 153 450 223 391
906 210 931 237 ,

1619 157 1677 224 Μ
1688 157 2042 225 lCHAELlS
2076 159 2338 227 θυῖοῶ
3479 162 3588 234 399

347 275 609 345 deinceps
639 281 790 329 toros
826 273 1032 330 alienos
1064 275 1584 330 contaminatorum.
1618 276 1731 332 lloc
1772 276 1908 331 laeto

2019 277 2262 348 φιλήσων
2295 274 2481 343 αὐτὸν,
2519 278 2613 330 καὶ
2647 277 2820 342 οὕτως
2846 277 2952 349 ἔφη
2975 297 2986 309 ·
3024 299 3042 330 ι
3078 270 3317 335 ῗεὸαστὲ
3349 274 3588 357 Καίσαρ,

347 367 623 423 rediturus
654 367 707 422 in
742 367 973 436 patriam
1005 367 1393 422 Athenodorus
1416 409 1430 433 ,
1463 367 1607 438 quod
1641 368 1911 425 Caesarem

349 467 534 514 nosset
582 459 860 513 hominem
909 474 1034 515 esse
1062 460 1362 531 prmcipitis
1393 459 1615 530 quidem
1649 458 1744 514 ira:
1767 499 1781 523 ,
1819 459 1913 514 sed

343 569 466 623 quae
501 552 682 607 subito
714 552 1042 623 deﬂagraret
1065 592 1084 620 ,
1113 553 1180 606 ad
1215 567 1402 606 aurem
1435 553 1558 621 ejus
1587 566 1646 607 se
1685 551 1915 608 inﬂectit

344 646 498 716 quasi
534 645 793 700 videlicet
824 646 998 716 ipsum
1029 646 1445 701 deosculaturus
1472 685 1486 707 ,
1517 655 1569 700 et
1596 687 1610 709 ,
1651 662 1670 697 ι
1708 646 1911 711 Caesar,

346 739 552 808 inquit,
586 738 833 812 Auguste
856 780 870 803 ,
902 754 1068 792 unum
1099 739 1280 793 adhuc
1306 737 1563 809 quiddam
1600 738 1694 792 tibi
1738 737 1915 792 deest.

345 827 465 882 Noli
497 829 564 882 de
600 829 708 883 reis
739 831 1073 885 sententiam
1108 829 1263 898 prius
1301 829 1442 884 l‘erre
1474 842 1638 895 quam
1679 827 1822 896 apud
1861 836 1913 879 te

343 922 564 977 litteras
623 921 811 992 viginti
871 932 1111 992 quatuor
1170 920 1510 975 recitaveris.
1551 938 1568 969 ι
1603 918 1912 986 Cmteroqui

346 1023 494 1067 tanto
525 1001 652 1067 erat
689 1013 837 1081 apud
877 1013 1127 1068 subditos
1158 1013 1212 1067 in
1250 1027 1438 1066 amore
1471 1011 1673 1073 Caesar,
1711 1019 1771 1064 ut
1803 1009 1915 1062 Ro-

342 1118 536 1157 manus
570 1103 793 1173 quidam
827 1104 968 1160 civis
997 1112 1054 1160 et
1084 1103 1192 1158 vita
1221 1103 1551 1157 decessurus
1580 1099 1770 1154 liberis
1801 1099 1914 1155 suis

340 1196 697 1264 praeceperit,
727 1196 1027 1264 gratiarum
1070 1195 1306 1250 actionis
1337 1207 1467 1264 ergo
1512 1193 1618 1248 diis
1665 1192 1912 1248 victimas

341 1285 694 1344 immolarent
717 1330 730 1351 .
760 1289 910 1359 quod
933 1289 1242 1360 Augustum
1271 1293 1393 1357 post
1419 1301 1479 1340 se
1507 1286 1718 1340 salvum
1747 1283 1913 1338 relin-

337 1395 556 1454 queret.
583 1384 766 1438 Caesar
799 1382 916 1451 ipse
942 1395 1066 1435 cum
1094 1394 1127 1435 ο
1151 1379 1260 1432 vita
1289 1378 1582 1448 migraret:
1615 1395 1633 1428 ι
1657 1375 1908 1434 Luteam.

338 1474 553 1544 inquit,
585 1474 776 1529 urbem
815 1472 1032 1536 inveni,
1067 1485 1228 1540 quam
1267 1468 1383 1538 ipse
1412 1469 1622 1537 pulcris
1658 1477 1906 1522 ornatam

2021 367 2183 420 τοῦτό
2223 385 2304 421 σοι
2352 366 2531 421 λείπει
2571 369 2754 438 μόνον,
2789 368 2862 440 μὴ
2891 371 2990 434 τὰς
3017 371 3236 443 ψήφους
3277 372 3595 442 ἐξενεγκεῖν

2023 460 2155 529 πρὶν
2191 458 2258 512 ἂν
2302 460 2360 513 ὲν
2391 459 2571 530 ἑαυτῷ
2602 459 2844 533 λαλήσῃς
2863 462 2930 515 τὰ
2962 462 3040 516 κδ’
3067 465 3396 534 γράμματα.
3432 484 3452 516 ι
3487 467 3593 519 Το-

2025 551 2218 604 σοῦτον
2239 550 2299 604 δὲ
2333 552 2485 622 παρά
2515 553 2628 614 τοῖς
2658 552 2924 623 ὑπηκόοις
2956 549 3321 625 ἀγαπώμενος
3350 551 3419 625 ἦν
3451 557 3595 610 ὥστε

2035 641 2306 711 Ῥωμαῖος
2339 641 2477 712 ἀνὴρ
2507 642 2598 696 τὸν
2641 641 2756 713 βίον
2788 645 3032 698 ἐκλιπεῖν
3063 647 3278 716 μέλλων
3314 648 3429 719 (48)
3460 651 3594 702 ἐπέ-

2019 749 2189 803 τρεπε
2227 735 2339 798 τοῖς
2373 735 2567 788 ἑαυτοῦ
2609 736 2769 788 παισὶ
2801 739 3190 808 χαριστηρίους
3221 740 3412 800 θυσίας
3443 737 3592 806 ἐνεγ-

2017 827 2134 878 κείν
2155 829 2265 888 τοῖς
2297 827 2463 895 Θεοῖς,
2494 829 2576 883 ὃτι
2612 829 2792 894 ζῶντα
2842 833 3248 900 καταλιμπάνει
3297 833 3390 885 τὸν
3427 832 3589 884 056:-

2017 918 2160 973 στόν.
2205 918 2359 972 Ἐπεὶ
2393 921 2452 974 δὲ
2477 921 2506 974 ὁ
2554 923 2773 994 Καῖσαρ
2807 923 3057 988 ἐξίστατο
3101 918 3195 977 τοῦ
3231 923 3371 994 βίου,
3413 942 3434 976 ι
3476 926 3588 992 Πη-

2017 1009 2195 1078 λίνην,
2232 1011 2422 1082 ἔφησε,
2469 1013 2569 1082 τὴν
2612 1015 2767 1068 πόλιν
2824 1017 3001 1086 εὑρὼν
3053 1016 3166 1088 (49)
3221 1017 3590 1088 καλλίπυργον

2016 1102 2223 1170 ταύτην
2254 1103 2349 1156 καὶ
2399 1106 2729 1176 στερεμνίοιν
2767 1107 3068 1178 πεποίηκα.
3115 1107 3258 1178 Πρὸς
3291 1107 3508 1169 τούτοις
3535 1107 3588 1158 δὲ

2015 1197 2109 1250 καὶ
2137 1195 2366 1261 πολλοὺς
2397 1198 2453 1250 ὲν
2499 1200 2562 1270 τῇ
2603 1198 2826 1269 τελευτῇ
2879 1216 2983 1268 μου
3017 1198 3273 1269 βούλομαι
3320 1197 3588 1269 κρατῆσαι

2013 1289 2229 1357 χεῖρας,
2287 1289 2362 1351 ὠς
2419 1289 2512 1340 ἐπὶ
2571 1290 2741 1359 μίμου
2789 1290 3013 1360 τελευτῇ
3070 1290 3166 1343 καὶ
3227 1287 3460 1341 παίκτου
3511 1305 3585 1341 τι-

2009 1379 2097 1441 νός
2129 1377 2264 1448 (50).
2299 1397 2317 1429 ι
2357 1379 2544 1432 Ταῦτα
2585 1380 2641 1432 δὲ
2672 1379 3028 1444 καταπαίζων
3071 1377 3166 1431 τοῦ
3218 1378 3333 1447 βίου
3368 1377 3583 1439 πάντως

2011 1466 2186 1535 ἔλεγε.
2220 1468 2331 1521 Καὶ
2369 1467 2501 1537 περὶ
2531 1467 2631 1538 μὲν
2659 1467 2866 1521 τούτων
2899 1466 3092 1529 οὕτως.

337 1569 558 1624 arcibus
589 1577 645 1622 et
691 1578 1051 1620 marmoream
1097 1562 1282 1620 ell'eci.
1315 1581 1334 1616 ι
1398 1564 1665 1617 Praeterea
1717 1560 1940 1616 dicebat
2002 1560 2140 1614 velle
2179 1575 2238 1614 se
2268 1560 2539 1630 plurimos
2575 1562 2694 1630 ipso
2733 1561 3002 1616 moriente
3032 1560 3283 1615 manibus
3330 1557 3579 1628 plausum

336 1667 499 1730 dare,
535 1661 996 1744 quemadmodum
1037 1661 1206 1716 mimo
1233 1661 1318 1715 vel
1357 1660 1581 1715 ludione
1650 1657 1934 1714 desinente
1974 1658 2090 1713 ﬁeri
2137 1659 2508 1715 consueverit.
2573 1658 2704 1726 Quae
2736 1673 2870 1714 sane
2899 1659 3068 1714 verba
3115 1675 3224 1715 non
3254 1661 3581 1730 spectabant

335 1762 444 1815 alio
483 1774 646 1829 quam
683 1758 830 1829 quod
881 1759 1051 1812 vitam
1101 1757 1242 1812 hanc
1289 1756 1514 1810 rideret.
1569 1754 1647 1808 Ac
1700 1753 1767 1808 de
1815 1753 1902 1809 his
1943 1753 2166 1824 quidem
2200 1755 2490 1809 hactenus.

408 1857 567 1928 207
611 1856 764 1912 Scito
802 1863 984 1908 autem
1013 1892 1028 1915 ,
1062 1851 1265 1906 dilecte
1320 1851 1393 1905 lili
1420 1890 1434 1914 ,
1490 1865 1635 1904 anno
1693 1849 1908 1921 imperii

2083 1850 2323 1904 Γίνωσκε
2351 1851 2428 1915 δὲ,
2455 1851 2727 1921 ἀγαπητὲ,
2759 1851 2840 1903 ὅτι
2872 1851 2926 1902 ὲν
2962 1849 3040 1919 τῷ
3074 1851 3164 1922 μβ¹
3189 1849 3298 1903 ἔτει
3335 1849 3452 1920 (5i)
3487 1851 3578 1920 τῆς

335 1952 542 2018 hujus,
603 1947 670 2000 de
725 1959 836 2014 quo
884 1941 1181 2013 loquimur,
1237 1941 1464 2010 Augusti
1519 1939 1752 1995 Cesaris
1803 1940 1906 2002 42,

336 2042 481 2112 quod
511 2053 732 2095 carnem
784 2037 1019 2100 attinet,
1074 2033 1368 2089 Dominum
1419 2044 1670 2088 nostrum
1721 2032 1906 2088 Jesum

338 2135 616 2190 Christum
655 2147 718 2184 ex
755 2138 1020 2200 perpetua
1065 2124 1286 2198 Virgine
1323 2126 1486 2180 Maria
1526 2135 1716 2180 natum
1752 2141 1907 2185 esse,

335 2227 552 2296 Quippe
584 2221 780 2276 mulier
811 2219 926 2274 haec
961 2217 1245 2287 inculpata
1293 2233 1360 2271 ex
1401 2216 1588 2270 divino
1637 2216 1909 2286 promisso

333 2329 461 2373 nata
498 2316 636 2381 l‘uit,
677 2326 918 2381 cumque
961 2312 1184 2365 tertium
1240 2309 1512 2378 attigisset
1551 2324 1793 2375 annum,
1838 2308 1908 2363 ad

337 2411 597 2480 templum
639 2406 870 2461 deducta
911 2404 1002 2458 diu
1046 2403 1103 2457 in
1144 2402 1520 2472 penetralibus
1561 2401 1680 2471 ejus
1731 2401 1904 2468 vixit,

333 2518 456 2555 cum
490 2498 708 2568 quidem
743 2497 810 2551 ab
837 2496 1032 2566 angelo
1063 2494 1238 2548 vietus
1265 2495 1312 2547 ei
1345 2495 1698 2563 praeberetur,
1731 2493 1906 2547 donec

334 2597 400 2650 ad
431 2608 636 2648 annum
673 2591 848 2646 aztatis
884 2590 949 2642 ll
983 2591 1348 2658 pervenisset.
1380 2586 1489 2641 llac
1528 2587 1594 2641 de
1629 2601 1687 2641 re
1723 2587 1904 2656 ponti-

333 2689 494 2751 ﬁces,
527 2693 586 2740 ut
622 2684 737 2739 ﬁeri
775 2699 872 2753 par
903 2691 1058 2749 erat,
1091 2681 1234 2735 inter
1263 2696 1322 2735 se
1356 2681 1672 2734 consultant
1697 2689 1752 2733 et
1779 2694 1906 2749 pre:

333 2781 491 2837 cibus
523 2779 690 2834 Deum
724 2776 1046 2847 implorant:
1078 2775 1207 2830 lude
1235 2775 1478 2843 Josepho
1511 2774 1903 2843 despondetur,

334 2874 446 2928 Deo
476 2888 572 2942 per
609 2874 814 2940 virgam
849 2884 967 2938 quas
1005 2872 1405 2939 germinaverat
1431 2908 1445 2932 ,
1484 2877 1541 2921 ut
1579 2869 1808 2920 omnino
1849 2867 1901 2920 id

333 2967 522 3028 ﬁeret,
557 2971 834 3017 mouente.
870 2963 1218 3029 Quapropter
1247 2959 1297 3012 id
1329 2959 1592 3028 temporis
1629 2959 1904 3032 huicora-

331 3058 454 3111 culo
493 3057 630 3111 vatis
665 3066 894 3110 eventus
937 3051 1259 3122 respondit:
1300 3071 1317 3100 ι
1353 3051 1432 3104 Eu
1470 3051 1609 3103 liber
1650 3049 1906 3119 obsigna-

333 3160 420 3203 tus
448 3150 564 3202 viro
596 3149 904 3201 litterarum
958 3161 1067 3198 non
1102 3144 1292 3213 ignaro
1321 3143 1481 3196 datur
1510 3141 1554 3172 ’⁷
1588 3159 1605 3190 ι
1656 3141 1795 3208 (hoc
1822 3150 1906 3193 est

2014 1941 2296 2012 βασιλείας
2313 1941 2408 1995 τοῦ
2437 1940 2898 2013 μνημονευθέντος
2927 1941 3136 1996 ἄνωθεν
3161 1942 3443 2012 Καίσαρος
3468 1958 3583 2007 γεηι

2011 2037 2170 2090 νᾶται
2199 2035 2257 2088 τδ
2287 2036 2428 2089 κατὰ
2462 2035 2641 2104 σάρκα
2688 2036 2717 2088 ὀ
2765 2029 2970 2106 Κῦριος
2999 2034 3160 2106 ἡμῶν
3202 2033 3410 2105 Ἰησοῦς
3456 2035 3577 2104 Χρι-

2013 2131 2134 2193 στδς
2168 2132 2233 2184 ὲκ
2264 2131 2364 2201 τῆς
2397 2128 2761 2200 ἀειπαρθὲνου
2803 2130 3046 2200 Μαρίας.
3089 2127 3154 2182 ’11
3205 2129 3313 2200 γὰρ
3356 2129 3573 2198 ἄμωμος

2012 2223 2152 2290 αὕτη
2190 2223 2448 2290 γεννᾶται
2486 2223 2586 2292 μὲν
2631 2221 2693 2287 ἐξ
2737 2221 3099 2292 ἐπαγγελίας,
3145 2221 3493 2290 τριετίζουσα
3525 2221 3576 2274 δὲ

2013 2315 2350 2384 προσάγεται
2373 2312 2450 2382 τῷ
2478 2313 2590 2381 ναῷ
2611 2311 2750 2382 (52),
2776 2313 2967 2384 καιρὸν
2997 2312 3180 2365 ἱκανὸν
3204 2314 3260 2364 ἐν
3280 2315 3395 2375 τοῖς
3418 2313 3570 2365 αὐτοῦ

2011 2407 2188 2475 διάγεί
2219 2404 2453 2468 ἀδύτοις,
2489 2405 2582 2459 ὑπ’
2613 2405 2850 2475 ἀγγέλου
2884 2406 3170 2476 κομίζεται
3214 2406 3312 2476 τὴν
3355 2408 3571 2476 τρυφὴν,

2010 2500 2145 2553 ὡσεὶ
2170 2500 2300 2553 δέκα
2333 2501 2543 2568 γίνεται
2595 2501 2688 2553 καὶ
2725 2500 3006 2570 τεσσάρων
3041 2501 3196 2555 ἐτῶν.
3249 2501 3571 2554 Σκὲπτονται

2011 2595 2139 2664 περὶ
2168 2593 2357 2646 τούτου
2389 2596 2437 2647 οἱ
2471 2595 2770 2665 ἀρχιερεῖς,
2814 2595 2888 2657 ὠς
2919 2594 3063 2658 εἰκός
3089 2609 3103 2624 ⁸
3140 2594 3350 2665 δεήσεις
3381 2595 3572 2664 προσά-

2010 2705 2167 2756 γουσι
2188 2687 2263 2758 τῷ
2285 2687 2425 2758 Θεῷ.
2447 2673 2824 2760 Μνήστεύεται
2840 2686 3139 2761 τηνικαῦτα
3159 2688 3470 2760 τῴΊωσὴφ,
3487 2685 3567 2739 τοῦ

2010 2779 2145 2833 Θεοῦ
2171 2781 2263 2833 καὶ
2289 2778 2449 2832 τοῦτο
2484 2780 2571 2833 διὰ
2602 2779 2698 2848 τῆς
2727 2780 3105 2852 βλαστησὰσης
3127 2780 3326 2851 ῥάϐδου
3350 2779 3570 2850 προτρὲυ

2009 2875 2231 2940 ψαντος.
2257 2871 2388 2922 Τότε
2421 2870 2484 2938 δὴ
2514 2870 2632 2923 τότε
2665 2873 2758 2925 καὶ
2787 2873 2956 2942 πέρας
2979 2873 3246 2941 λαμϐάνει
3269 2871 3565 2940 προφητικὴ

2013 2964 2168 3034 ῥῆσις
2191 2964 2225 3034 ἡ
2256 2963 2517 3030 λέγουσα·
2550 2981 2569 3014 ι
2591 2962 2721 3017 Ἰδοὺ
2747 2964 2946 3017 δίδοται
2981 2963 3182 3034 βιϐλίον
3212 2963 3567 3033 ἐσφραγισμέ-

2013 3071 2101 3106 νον
2132 3054 2284 3123 ἀνδρὶ
2312 3053 2474 3107 εἰδότι
2501 3053 2825 3124 γράμματα,
2854 3072 2874 3106 ι
2902 3055 3148 3109 τουτέστι
3180 3055 3386 3124 γάμοις
3417 3071 3565 3123 προσά

2010 3148 2333 3216 ωμιληκότι,
2401 3165 2420 3198 ι
2487 3147 2582 3200 καὶ
2634 3148 2771 3217 ἐρεῖ,
2838 3132 3210 3218 Οἴδύναμαι
3271 3149 3562 3214 ἀναγνῶναι

329 3249 377 3298 ei
414 3244 507 3313 qui
543 3243 598 3295 in
637 3241 892 3311 coniugio
925 3240 1172 3306 vixerat)
1207 3256 1221 3290 :
1280 3255 1297 3287 ι
1332 3244 1497 3305 atque
1529 3237 1574 3289 is
1605 3233 1902 3303 responde-

2011 3240 2161 3304 αὐτὸ,
2199 3241 2280 3292 ὅτι
2309 3241 2752 3308 ὲσφραγισμένον
2773 3239 2944 3295 ἐστίν.
2974 3259 2992 3294 ι
3020 3243 3092 3294 Οὐ
3126 3241 3295 3305 πολὺς
3329 3241 3561 3314 παρῆλθε

329 3338 444 3392 bit:
486 3335 753 3405 Equidem
783 3334 982 3386 librum
1020 3333 1165 3383 hunc
1193 3329 1372 3399 legere
1407 3327 1618 3390 nescio,
1647 3327 1905 3396 quoniam

329 3431 650 3500 obsignatus
681 3434 789 3480 est.
819 3444 839 3476 ι
875 3423 992 3478 Non
1025 3424 1187 3490 longo
1217 3420 1510 3489 interjecto
1542 3429 1787 3488 tempore
1825 3417 1905 3471 di-

330 3523 494 3578 vinus
533 3519 760 3589 angelus
797 3515 865 3570 ad
910 3530 1029 3569 eam
1083 3514 1389 3583 ablegatnr,
1437 3513 1531 3582 qui
1588 3510 1909 3581 hujusmodi

335 3613 522 3668 verbis
543 3625 661 3664 eam
686 3607 977 3677 compellat
994 3606 1074 3660 ²⁸ι
1108 3622 1128 3656 ι
1157 3605 1334 3668 Salve,
1356 3611 1596 3672 accepta,
1622 3601 1708 3656 cui
1728 3600 1911 3654 Domi-

332 3720 438 3760 nus
471 3703 650 3759 adest.
687 3721 708 3754 ι
739 3701 836 3755 llis
873 3709 929 3755 et
969 3699 1087 3754 aliis
1127 3698 1307 3769 angeli
1348 3697 1532 3752 verbis
1567 3695 1659 3750 illa
1689 3704 1909 3765 pertur-

333 3798 458 3853 bata
482 3839 497 3863 ,
540 3789 664 3852 cum
705 3802 956 3859 rogasset
985 3808 1223 3862 quonam
1257 3791 1310 3846 id
1342 3798 1501 3861 pacto
1531 3788 1648 3844 ﬁeri
1684 3795 1906 3858 posset,

331 3891 552 3962 quando
600 3890 777 3944 virum
826 3888 948 3960 ipsa
993 3889 1240 3949 neseiat,
1295 3885 1534 3940 vicissim
1576 3899 1608 3938 a
1648 3881 1905 3938 Gabrielo

331 3985 528 4040 audit:
559 4001 579 4034 ι
611 3983 690 4036 Te
731 3980 971 4051 Spiritus
1006 3988 1230 4034 sanctus
1269 3979 1522 4041 invadet,
1563 3992 1626 4031 ac
1667 3974 1909 4045 supremi

332 4080 576 4148 potentia
632 4073 992 4127 inumbrabit.
1027 4089 1051 4122 υ
1086 4071 1294 4136 Quibus
1350 4071 1403 4123 in
1463 4070 1648 4124 verbis
1712 4077 1905 4122 notato

333 4170 480 4239 quod
515 4165 763 4235 Spiritus
801 4163 974 4217 sancti
1016 4161 1298 4216 mentione
1333 4162 1470 4216 facta
1495 4201 1509 4226 ,
1543 4163 1782 4229 itemque
1811 4175 1910 4230 po-

336 4264 524 4317 tentiae
593 4257 888 4328 Supremi,
957 4271 1267 4326 quavoce
1327 4255 1577 4308 Christus
1637 4253 1910 4307 indicatur

334 4355 634 4424 (Christus
662 4353 808 4407 enim
840 4350 934 4404 Dei
966 4349 1213 4420 potentia
1237 4357 1321 4402 est
1342 4349 1387 4419 ),
1421 4356 1531 4402 tota
1563 4355 1908 4401 sacrosancta

337 4446 580 4501 Trinitas
611 4461 867 4516 expressa
896 4446 986 4497 sit.
1030 4442 1350 4512 Quanquam
1378 4442 1523 4496 enim
1550 4437 1722 4494 Filius
1760 4439 1911 4494 solus

334 4556 556 4596 carnem
612 4539 965 4610 adsumpsit,
1026 4538 1200 4592 nihilo
1255 4547 1437 4591 tamen
1501 4534 1684 4588 minus
1746 4532 1909 4587 Pater

405 4712 448 4741 ³⁷
475 4709 580 4764 lsa.
612 4723 758 4772 nix,
789 4707 876 4761 12.
959 4705 1161 4760 “'Luc.
1195 4721 1234 4770 ι,
1266 4703 1358 4758 28.

405 4865 520 4936 (48)
560 4862 663 4919 JM.
702 4862 999 4918 Suetonius
1030 4877 1151 4936 cap.
1185 4859 1252 4936 59
1289 4877 1304 4914 :
1341 4856 1657 4936 (“Nonnulli
1691 4865 1904 4936 patrum
1943 4863 2094 4936 DUt
2110 4874 2242 4917 vero
2267 4861 2448 4917 infans
2479 4861 2690 4936 (Maria)
2723 4876 2756 4916 a
2786 4863 2925 4916 lacte
2951 4871 3201 4936 materno
3247 4866 3354 4936 jam
3376 4865 3548 4919 ahhur-
3632 4920 3641 4934 ⁸

335 4927 670 4994 testamento
696 4941 982 4998 caverunt,
1008 4943 1067 4985 ut
1087 4927 1157 4984 ab
1187 4931 1498 4998 liaeredibus
1538 4927 1653 4981 suis
1680 4929 1904 4997 prmlato

338 5009 572 5063 vietima:
611 5004 768 5058 titulo
820 5004 876 5056 in
934 5001 1262 5070 Capitolium
1304 5000 1665 5070 ducerentur,
1691 5007 1906 5052 votum-

337 5094 445 5149 que
471 5090 574 5149 pro
600 5089 659 5128 se
695 5069 1029 5149 solveretur,
1053 5074 1197 5149 quod
1224 5071 1575 5149 superstitem
1600 5069 1905 5138 Augustum

345 5141 724 5216 relitl'uissettti
751 5142 853 5196 JM.
878 5143 1173 5216 Suetonius
1194 5156 1320 5216 gap.
1351 5141 1444 5194 28.

411 5210 524 5286 (ὡ)
554 5215 657 5270 JM.
694 5213 992 5286 Suetonius
1032 5226 1152 5280 cap.
1192 5210 1284 5267 9.7.

409 5281 523 5360 (50)
555 5287 708 5360 Ideni
727 5299 852 5360 cap.
871 5281 964 5360 9_9.

412 5349 524 5427 (51)
564 5355 666 5410 ιιι.
697 5349 828 5422 legit
900 5353 1096 5427 in_suo
1149 5349 1337 5405 codice
1393 5350 1912 5427 019ax00;@__5¢u-

339 5421 515 5498 τὲρῳ,
544 5438 600 5482 et
643 5421 904 5481 observat
939 5421 1158 5476 Graecos
1204 5421 1524 5498 posterioris
1571 5421 1691 5498 zeviA
1730 5421 1914 5498 dicere

342 5491 704 5566 σαρακοστός,
730 5509 834 5566 pro
853 5493 1326 5566 τεσσαρακοστός,
1375 5491 1535 5566 idque
1587 5506 1648 5545 se
1664 5493 1914 5548 docuisse

341 5559 553 5635 pridem
575 5569 628 5620 in
664 5559 766 5620 sub
795 5559 1062 5619 Glossari'o
1093 5559 1565 5635 Qrwcoqurbaro.

416 5637 526 5706 (ὃῖ)
557 5637 659 5691 .l.\l.
693 5635 1054 5702 Nieephorus,
1085 5630 1452 5714 ΙίὶεεκΕεοίεε.
1480 5633 1575 5686 liti.
1603 5648 1664 5697 ll,
1703 5646 1824 5700 cap,
1857 5631 1906 5682 7.

2003 3333 2216 3401 καιρὸς,
2261 3335 2354 3385 καὶ
2387 3334 2531 3395 Baio;
2559 3333 2790 3402 ἄγγελος
2826 3335 2963 3405 πρὸς
2996 3334 3169 3406 αὐτὴν
3215 3339 3563 3406 καταπέμπε-

2000 3440 2090 3476 ται
2115 3465 2129 3488 ,
2159 3443 2176 3474 ι
2209 3425 2401 3495 Χαῖρε,
2435 3427 2876 3496 κεχαριτωμένη,
2914 3427 3088 3495 λέγων
3110 3444 3129 3460 ⁸
3156 3429 3184 3480 ὁ
3211 3429 3416 3500 Κύριος
3440 3430 3562 3499 μετὰ

2003 3514 2121 3569 σοῦ.
2150 3536 2168 3567 ι
2197 3516 2514 3586 Ἕκϐαμῦος
2542 3517 2634 3570 οὖν
2665 3519 2756 3571 ἐπὶ
2791 3517 2870 3589 τῷ
2905 3521 3113 3591 ῥήματι
3143 3525 3425 3590 γεγονυῖα,
3457 3523 3559 3584 καὶ,

2009 3626 2027 3659 ι
2067 3608 2190 3670 Πῶς
2213 3607 2365 3660 ἔσται
2407 3626 2496 3679 μοι
2521 3609 2704 3664 τοῦτο.
2750 3630 2770 3663 ι
2813 3612 3080 3676 εἰποῦσα,
3122 3631 3139 3663 ι
3176 3614 3297 3666 ἐπεὶ
3321 3615 3479 3684 ἄνδρα
3506 3614 3561 3666 οὐ

2003 3698 2293 3766 γινώσκω;
2339 3719 2356 3753 ι
2395 3700 2546 3767 παρὰ
2573 3701 2670 3754 τοῦ
2721 3702 2964 3775 Γαϐριὴλ
3014 3705 3206 3758 ἀκούει
3271 3707 3367 3760 καὶ
3416 3705 3554 3759 τάδε·

2007 3809 2027 3842 r
2074 3789 2298 3863 Πνεῦμα
2341 3792 2494 3860 ἆγιον
2550 3793 2905 3848 ἐπελεύσεται
2963 3796 3054 3850 ἐπὶ
3110 3797 3193 3862 σὲ,
3227 3799 3321 3851 καὶ
3351 3798 3556 3868 δύναμις

2015 3883 2280 3956 Ὑψίστου
2313 3888 2627 3942 ἐπισκιάσει
2675 3905 2783 3942 σοι.
2818 3907 2838 3940 ›
2877 3890 3121 3961 Πρόσεχε
3150 3891 3210 3944 δὲ
3237 3893 3321 3946 ὅτι
3352 3892 3553 3961 Πνεῦμα

2002 3976 2156 4046 ἅγιον
2186 3977 2359 4032 εἰπὼν
2388 3981 2483 4033 καὶ
2511 3981 2745 4052 δύναμιν
2784 3967 3072 4051 Ὑψίστου,
3106 3985 3134 4037 ὃ
3176 3988 3430 4057 σημαίνει
3478 3987 3557 4038 τὶν

2000 4069 2236 4138 Χριστδν
2258 4068 2520 4142 (Χριστὸς
2550 4073 2660 4144 γὰρ
2687 4074 2824 4128 Θεοῦ
2857 4076 3136 4148 δύναμις),
3167 4077 3295 4147 ὃλην
3329 4080 3384 4131 ἐν
3403 4079 3556 4144 τούτῳ

1999 4159 2098 4229 τὴν
2117 4163 2284 4230 ἁγίαν
2311 4164 2519 4232 Τριὰδα
2547 4167 2824 4238 ἐνέφηνεν.
2850 4168 2915 4221 El
2945 4169 3056 4242 γὰρ
3076 4172 3171 4224 καὶ
3203 4173 3363 4242 μόνος
3389 4175 3415 4226 ὁ
3445 4171 3553 4233 Υιος

2001 4253 2315 4325 ἐσαρκὼὒη,
2365 4257 2500 4311 ἀλλὰ
2550 4260 2644 4311 καὶ
2695 4261 2723 4312 ὁ
2759 4261 2949 4334 Πατὴρ
2988 4264 3084 4317 καὶ
3133 4265 3196 4317 τὸ
3239 4265 3458 4333 Πνεῦμα
3503 4269 3553 4314 τὺ
3660 4255 3662 4264 ’

2002 4342 2156 4410 ἆγιον
2188 4347 2557 4418 συμπαρῆσαν
2589 4349 2735 4420 αὑτῴ
2759 4353 3118 4425 σαρκουμὲνῳ
3143 4356 3286 4410 κατὰ
3317 4356 3379 4409 τὸ
3402 4354 3552 4409 ἀδιαί-

2005 4451 2160 4507 ρετον
2211 4437 2310 4506 τῆς
2344 4439 2786 4512 ὁμοουσιότητος,
2827 4445 2952 4507 ὼςὸ
2990 4447 3167 4517 μέγας
3197 4449 3360 4518 φησιν
3410 4447 3550 4501 Ἀθιο

2001 4531 2205 4594 νὰσιος.
2236 4532 2395 4585 Κατὰ
2425 4533 2590 4585 τοῦτο
2616 4536 2708 4588 καὶ
2726 4539 2753 4588 ὁ
2777 4537 2988 4604 Παῦλος
3008 4539 3199 4608 ἔλεγεν
3228 4545 3308 4595 ὅτι
3345 4544 3397 4595 ἐν
3423 4538 3549 4606 αὐτῷ

2015 4933 2146 4998 ruit,
2176 4940 2233 4987 et
2257 4947 2546 4986 mammam
2581 4933 2854 4999 attingere
2915 4933 3108 4997 noluit,
3162 4933 3545 5000 promissionem

2015 5011 2190 5057 mater
2231 5003 2533 5072 adimplet:
2567 5004 2700 5057 etin
2733 5003 2996 5071 templum
3047 5006 3364 5070 ascendens,
3414 5004 3546 5073 juxta

2016 5083 2227 5138 votum,
2258 5087 2378 5128 eam
2411 5073 2521 5128 Deo
2543 5083 2850 5131 consecrat.
2883 5073 3104 5143 tertium
3127 5076 3240 5143 jam
3272 5087 3377 5130 tum
3397 5073 3551 5128 anatis

2019 5153 2275 5214 agentem
2303 5158 2534 5207 annum,
2562 5143 2628 5197 Et
2657 5144 2897 5198 Evodius
2958 5145 3012 5196 in
3047 5142 3284 5214 Epistula
3318 5147 3381 5199 ad
3409 5158 3544 5198 eum-

2019 5214 2144 5266 dem
2171 5213 2538 5284 Nicephorum
2562 5215 2702 5268 libro
2759 5230 2820 5280 ιι,
2864 5227 2987 5284 cap.
3047 5213 3130 5271 δίε
3162 5215 3395 5270 Trimula
3440 5226 3543 5268 eum

2013 5294 2166 5357 esset
2249 5283 2510 5357 (Maria)
2584 5283 3022 5357 inuitemplum
3085 5294 3168 5340 est
3226 5293 3537 5357 praesentata.

2013 5353 2170 5426 Quod
2196 5364 2378 5408 autem
2413 5356 2499 5409 hic
2527 5366 2583 5410 et
2635 5354 2764 5409 alibi
2808 5353 2955 5426 saepe
3010 5353 3298 5426 inpari—es
3345 5355 3542 5410 advocat

2012 5425 2522 5493 Glycamnostrum,
2561 5437 2817 5494 tanquam
2869 5423 3177 5479 Metochitae
3237 5441 3332 5482 suo
3365 5436 3537 5480 conso-

2011 5505 2261 5562 nantem,
2299 5500 2400 5550 huc
2450 5496 2758 5551 mirabilem
2785 5495 3026 5550 hominis
3060 5497 3318 5568 ἀσλεψίαν
3343 5497 3537 5550 demon-

2012 5572 2170 5618 Strat.
