3794 6226
203 412 295 476 393
695 423 708 438 '
1397 402 1701 465 ANNALU

1899 404 2037 465 ARS
2077 403 2195 464 ΙΙῐ.
3294 412 3397 474 334

202 525 417 584 κατοικεῖ
439 521 541 576 πᾶν
571 519 630 572 τὸ
657 519 935 591 πλήρωμα
963 519 1062 588 τῆς
1093 517 1348 590 θεότητος
1374 519 1700 587 σωματικῶς

1896 533 2002 587 que
2033 517 2273 588 Spiritus
2299 529 2521 574 sanctus
2549 535 2767 576 carnem
2797 524 3099 580 assumenti
3131 526 3360 580 aderant
3381 567 3394 590 ,

199 616 448 672 τουτέστιν
480 610 774 674 οὐσιωδῶς.

1909 610 2052 664 aude
2081 608 2342 664 identitas
2371 611 2691 667 substantia:
2724 614 2890 670 dividi
2923 617 3147 686 nequit,
3187 625 3247 671 ut
3285 618 3400 674 exi-

198 712 320 766 mius
354 708 438 764 ille
461 717 646 762 noster
679 703 1012 760 Athanasius
1040 701 1302 773 loquitur.
1365 700 1576 757 Idcirco
1644 702 1844 758 Paulus
1906 703 2073 758 etiam
2141 702 2282 760 dixit
2311 704 2356 736 ¹⁹
2395 704 2448 758 in
2477 703 2699 760 Christo
2741 716 2908 763 totam
2945 708 3252 765 divinitatis
3291 707 3400 778 ple-

193 801 467 860 nitudinem
520 797 878 866 corporaliter
930 793 1219 860 habitare,
1273 791 1331 848 id
1386 801 1474 849 est
1519 792 1914 850 essentialiter.
2277 854 2292 864 κ

265 894 566 962 Ἐγκυμονεῖ
590 889 896 961 τηνικαῦτα
923 886 1134 953 λοιπὸν,
1157 883 1420 955 evneum
1455 886 1488 956 ἠ
1525 885 1729 956 παρθε-

1900 885 2212 956 Hoc'pacto
2254 886 2344 942 illa
2381 895 2542 943 utero
2580 887 2848 958 concipit,
2883 891 3164 960 virgineus
3209 902 3398 949 venter

193 987 297 1058 νικὴ
328 985 532 1054 γαστὴρ
555 983 749 1053 αὐτῆς.
780 983 856 1036 Οὐ
898 980 1114 1052 μικρῶς
1160 981 1256 1033 ὲττὶ
1280 978 1496 1041 τούτοις
1535 979 1564 1032 ό
1612 979 1691 1031 Ἰιιι

1893 980 2186 1035 tumescit:
2218 993 2330 1047 non
2369 995 2560 1050 parum
2591 979 2866 1050 Iosephus
2898 997 2963 1036 eo
3007 986 3232 1050 nomine
3261 1001 3390 1055 per—

193 1081 284 1148 σὴφ
319 1075 657 1146 ταράσσεται,
698 1072 973 1141 λαθραίως
1001 1070 1275 1126 ἀπολῦσαι
1310 1071 1411 1139 τὴν
1443 1070 1691 1140 ὲγκόμονι

1901 1068 2102 1133 rbatur,
2136 1080 2509 1139 praegnantem
2543 1084 2572 1123 a
2609 1084 2669 1126 se
2695 1071 2836 1126 clam
2869 1071 3147 1127 dimittere
3175 1076 3399 1146 cogitat.

191 1172 388 1244 μελετᾷ.
416 1170 564 1232 Beloc
601 1167 751 1238 αὐτῷ
801 1167 1090 1235 ἐφίσταται
1140 1164 1370 1234 ἅγγελος
1394 1165 1517 1218 κατ’
1548 1163 1684 1236 όναρ

1897 1174 2031 1213 :rum
2075 1158 2294 1216 divinus
2338 1160 2567 1229 angelus
2597 1159 2645 1216 ei
2681 1176 2779 1230 per
2804 1177 3059 1217 somnum
3091 1165 3269 1220 adstat
3301 1177 3352 1222 rt
3379 1206 3395 1229 ,

190 1283 212 1319 ί
243 1264 324 1333 Μὴ
353 1260 610 1330 φοϐηθῇς.
637 1259 837 1324 λέγων,
865 1255 1207 1326 παραλαϐεῖν
1238 1255 1478 1326 Μαριὰμ
1500 1254 1600 1326 τὴν
1626 1271 1688 1323 γυ

1900 1249 1967 1304 Ne
2011 1258 2259 1315 metuas,
2317 1251 2529 1321 inquit,
2579 1251 2854 1308 asciscere
2898 1253 3125 1310 Mariam
3171 1273 3398 1313 uxorem

187 1355 327 1410 ναῖκά
359 1369 478 1408 σου·
509 1352 571 1406 τὸ
592 1352 702 1418 γὰρ
733 1352 790 1403 ὲν
815 1349 958 1419 αὐτῇ
997 1348 1260 1418 γεννηθὲν
1295 1348 1360 1401 ὲκ
1404 1347 1685 1418 Πνεῦματό

2013 1357 2181 1396 :uam
2207 1342 2362 1412 quod
2407 1342 2459 1395 in
2502 1357 2566 1398 ea
2621 1344 2865 1414 genitum
2919 1356 3038 1414 est,
3091 1363 3157 1408 ex
3209 1359 3403 1408 sancto
3492 1373 3497 1379 ·

185 1451 312 1500 ἑστιν
335 1444 507 1514 ἁγίου.
539 1462 560 1496 ι
599 1441 872 1507 Ἐξυπνος
904 1440 999 1494 οὖν
1030 1438 1273 1508 γεγονὼς
1306 1439 1591 1510 παρέλαϐε
1619 1440 1683 1510 τὴ

1902 1433 2039 1487 ιὶτὶιυ
2071 1441 2153 1488 est
2179 1433 2247 1489 ³⁰.
2277 1451 2296 1486 ι
2327 1431 2676 1504 Quapropter
2722 1446 3073 1506 experrectus
3125 1454 3154 1493 a
3204 1456 3400 1498 somno

186 1539 392 1608 γυναῖκα
432 1535 624 1610 αὑτοῦ⁹
680 1535 776 1588 καὶ
823 1534 925 1587 οὐκ
973 1532 1278 1601 ἐγίνωσκεν
1308 1533 1504 1604 αὐτὴν,
1536 1532 1684 1596 ἓωςο

1898 1525 2114 1594 njugem
2178 1540 2333 1579 suam
2385 1525 2622 1592 ascivit;
2677 1543 2781 1582 nec
2821 1543 2942 1584 eam
2987 1534 3279 1603 cognovit,
3309 1538 3392 1590 do-

181 1631 316 1685 ἔτεκε
364 1629 453 1682 τὸν
474 1628 602 1682 Υίδν
633 1627 807 1697 αὐτῆς
846 1629 940 1681 τὸν
973 1627 1342 1698 πρωτότοκον.
1391 1629 1450 1680 '0
1497 1626 1595 1697 μὲν
1633 1623 1679 1680 οἶ

1901 1634 1932 1672 c
1967 1633 2030 1671 ea
2061 1617 2269 1688 peperit
2302 1618 2502 1673 Filium
2539 1634 2699 1674 suum
2731 1621 3179 1693 primogenitum.
3223 1627 3399 1695 Atque

186 1723 340 1794 μέγας
363 1720 636 1784 Βασίλειός
669 1737 835 1793 φησιν
870 1721 954 1774 ὅτι
979 1719 1105 1773 οὔτε
1144 1720 1252 1790 πρὸ
1283 1719 1377 1773 τοῦ
1407 1719 1568 1773 τόκου
1599 1719 1684 1774 οὔτ

1905 1725 1931 1762 c
1977 1709 2098 1762 loco
2139 1724 2366 1780 magnus
2413 1709 2505 1764 ille
2550 1709 2784 1766 Basilius
2822 1713 2902 1767 ait
2939 1713 3240 1784 Josephum
3303 1733 3403 1772 nec

181 1816 299 1880 μετὰ
318 1813 403 1866 τὸν
424 1813 577 1866 τόκον
601 1811 742 1879 ἔγνω
769 1814 869 1881 τὴν
895 1812 1176 1880 πάναγνον
1201 1814 1230 1865 ό
1261 1811 1484 1880 Ἰωσήφ.
1519 1812 1592 1864 Τὸ
1613 1811 1679 1879 γὰ

1904 1809 1952 1852 te
1983 1806 2221 1866 partum,
2257 1812 2361 1852 nec
2393 1812 2420 1851 a
2459 1807 2616 1867 partu
2654 1799 3019 1854 castissimum
3057 1802 3198 1857 hanc
3231 1804 3396 1874 virgi-

174 1907 271 1970 ἕως
289 1901 356 1960 οὗ
387 1903 658 1974 πολλαχοῦ
697 1903 798 1973 τῆς
821 1904 1050 1975 Γραφῆς
1077 1904 1338 1975 ἀόριστον
1369 1904 1624 1975 εὕρηται,
1646 1906 1672 1959 d

1899 1905 1949 1943 m
1980 1890 2328 1959 cognovisse.
2359 1888 2493 1942 Nam
2530 1889 2854 1946 vocabulum
2883 1899 3079 1955 donec,
3110 1893 3219 1958 ait,
3255 1894 3396 1949 mul—

177 1996 480 2070 ὃτανλέγῃ·
536 2014 555 2049 t
589 1996 700 2050 Καὶ
729 1996 829 2066 οὐχ
883 1996 1229 2067 ὑπέστρεψεν
1267 1997 1488 2067 όκόραξ
1515 1997 1621 2062 ἓως
1657 2017 1675 2051 c

1893 2017 1894 2029 χ
1922 1982 1975 2034 in
2004 1982 2138 2036 locis
2166 1996 2444 2036 sacrarum
2476 1981 2809 2038 Litterarum
2839 1984 3125 2064 indeﬁnite
3152 1985 3391 2055 positum

180 2089 418 2158 Eququ
451 2090 483 2160 ή
525 2088 630 2158 γῆ·
670 2107 690 2140 ο
753 2087 848 2141 καὶ⁹
903 2089 1013 2157 γὰρ
1068 2089 1096 2140 ό
1123 2089 1294 2160 κόραξ
1340 2089 1464 2144 οὐδὲ
1495 2092 1631 2160 μετὰ
1657 2107 1678 2143 1

1897 2075 2127 2145 peritur.
2167 2075 2325 2130 Verbi
2372 2076 2545 2146 gratia
2587 2091 2711 2130 cum
2757 2076 2992 2132 dicitur:
3027 2096 3044 2128 ι
3078 2077 3268 2148 Neque
3309 2096 3395 2135 re-

179 2181 480 2250 ξηρανθῆναι
537 2180 638 2251 τὴν
696 2179 804 2250 γῆν
866 2180 1207 2252 ὑπέστρεψε.
1270 2183 1380 2236 Καὶ
1438 2181 1677 2251 ἀλλαχοῦ

1897 2181 2017 2219 rsus
2064 2173 2146 2220 est
2193 2181 2425 2230 corvus,
2463 2165 2641 2219 donec
2669 2165 2942 2222 exsiccata
2972 2177 3056 2222 est
3092 2178 3236 2223 terra
3268 2169 3332 2224 ³¹.
3369 2190 3389 2221 τ

182 2291 198 2324 ι
223 2269 374 2328 Εἶπεν
425 2274 453 2325 ό
480 2271 685 2340 Κύριος
724 2270 802 2341 τῷ
835 2273 1027 2343 Κυρίῳ
1059 2291 1185 2344 μου,
1229 2273 1401 2330 κάθου
1433 2276 1495 2326 ὲκ
1528 2274 1680 2341 δεξιῶ

1895 2259 2090 2313 mirum
2143 2274 2214 2314 ne
2262 2268 2450 2329 postea
2488 2257 2708 2328 quidem
2739 2275 2903 2329 quam
2936 2261 3214 2316 exsiccata
3249 2273 3393 2318 terra

177 2382 282 2434 μου,
303 2365 399 2428 ἕως
426 2366 490 2419 ἂν
525 2365 604 2418 θῶ
634 2367 760 2428 τοὺς
787 2365 1019 2435 ἐχθρούς
1053 2383 1147 2419 σου
1172 2367 1463 2421 ὑποπόδιον
1490 2369 1596 2420 τῶν
1622 2385 1675 2422 πι

1895 2361 1990 2416 -οι,
2026 2366 2223 2406 corvus
2259 2351 2349 2405 ille
2386 2368 2642 2428 reversus
2675 2361 2778 2408 est.
2817 2353 2953 2407 Item
2990 2353 3043 2407 in
3083 2355 3191 2409 alio
3226 2355 3346 2410 loco
3378 2373 3393 2410 :

173 2457 260 2510 δῶν
286 2475 393 2511 σου.
432 2477 452 2510 ι
487 2458 658 2526 Εἴπερ
682 2458 784 2512 οὐκ
815 2455 883 2530 ἦν
916 2459 1192 2528 -ἀόριστον
1223 2460 1285 2513 τὸ
1305 2461 1442 2525 ἕως,
1481 2461 1671 2532 ἑγερθῑ

1897 2443 2021 2499 )ixit
2050 2443 2314 2498 Dominus
2348 2443 2582 2499 Domino
2610 2461 2755 2510 meo,
2786 2446 2930 2501 Sede
2959 2445 3026 2500 ad
3057 2461 3234 2501 meam
3264 2449 3395 2503 dex-

172 2568 246 2603 ναι
267 2550 439 2605 λοιπὸν
463 2553 702 2620 εἴπαμεν
734 2550 824 2604 τὸν
855 2550 1058 2621 Κύριον
1089 2552 1229 2620 μετὰ
1252 2552 1310 2604 τὸ
1344 2551 1670 2618 τεθῆναιτοί

1896 2552 2027 2600 am,
2064 2537 2238 2592 donec
2271 2537 2437 2608 208
2478 2547 2600 2595 tuos
2631 2539 2820 2594 hostes
2864 2538 3162 2594 scabellum
3199 2540 3394 2610 pedum

173 2641 371 2710 ἐχθροὺς
392 2641 555 2696 αὐτοῦ
588 2643 696 2696 ὑπὸ
742 2646 876 2706 τοὺς
914 2644 1080 2706 πόδας
1130 2630 1320 2698 αὑτοῦ.
1389 2644 1550 2698 Ἀλλὰ
1575 2646 1668 2700 καὶ

1893 2645 2035 2685 arum
2067 2628 2305 2685 effecero
2337 2631 2405 2682 ³⁸.
2437 2647 2455 2681 ι
2490 2630 2692 2697 Quodsi
2726 2631 2891 2684 donec
2941 2629 3226 2686 indeﬁnite
3282 2647 3391 2686 non

169 2733 336 2805 Σωτὴρ
373 2735 605 2804 Χριστὸς
653 2738 769 2798 τοῖς
826 2735 1098 2807 μαθηταῖς
1125 2736 1292 2790 αὐτοῦ
1325 2737 1482 2805 ἔλεγε
1506 2755 1520 2767 ·
1551 2757 1568 2788 ι
1605 2739 1667 2792 li:

1897 2728 2132 2790 irpatur,
2161 2730 2329 2776 restat
2357 2730 2415 2776 ut
2442 2722 2690 2778 dicamus
2717 2723 2968 2778 desinere
2994 2724 3282 2778 Dominum
3312 2739 3395 2778 se-

167 2824 336 2894 ξσομαι
366 2828 482 2896 μεθ’
510 2828 668 2897 ὑμῶν
699 2827 882 2892 πάσας
911 2830 1020 2892 τὰς·
1039 2828 1255 2899 ἡμέρας
1305 2830 1410 2892 ἕως
1441 2830 1539 2898 τῆς
1583 2846 1665 2882 om

1897 2829 1969 2879 re,
2007 2822 2358 2883 posteaquam
2385 2816 2571 2869 hostes
2600 2815 2771 2884 ipsius
2797 2816 2899 2869 sub
2929 2815 3095 2885 pedes
3114 2815 3231 2882 ejus
3261 2815 3395 2870 sub-

167 2916 372 2984 τελείας.
403 2938 421 2972 ι
457 2919 519 2973 Et
543 2918 642 2974 οὖν
676 2921 777 2974 οὐκ
802 2917 876 2992 ἦν
906 2904 1252 2992 ἀόριστον’τδ
1279 2921 1413 2988 ἕως,
1447 2923 1586 2992 μετὰ
1618 2923 1665 2975 τί

1892 2906 1942 2957 :ti
1973 2904 2197 2960 fuerint.
2255 2906 2426 2960 Etiam
2461 2907 2746 2977 discipulis
2777 2908 2893 2962 suis
2926 2908 3189 2963 Servator
3215 2907 3390 2962 dixit:

170 3009 449 3063 συντέλειαν
467 3011 657 3067 λοιπὸν
679 3015 740 3066 οὐ
775 3014 1063 3067 συνέσεται
1091 3016 1204 3078 τοῖς
1229 3015 1494 3084 μαθηταῖς
1517 3017 1546 3067 ὁ
1575 3016 1668 3085 Χρι

1893 2996 2168 3050 ldl'uturus
2212 3013 2337 3052 sum
2391 2999 2547 3053 vobis
2608 3007 2910 3068 perpetuo,
2974 3000 3150 3054 donec
3205 3000 3391 3054 δινουιὶ

170 3097 298 3161 στός.
313 3101 418 3154 Καὶ
445 3102 552 3173 μὴν
585 3105 615 3158 ό
641 3105 855 3171 Παῦλος
887 3104 1030 3160 οὕτω
1054 3106 1219 3176 φησίν
1239 3123 1253 3138 ·
1301 3125 1320 3158 ι
1363 3107 1668 3179 Ἀρπαγησι

1896 3088 1940 3142 is
1986 3095 2226 3156 appetat.
2259 3106 2276 3138 ι
2313 3086 2368 3141 Si
2403 3102 2505 3142 vox
2552 3088 2716 3142 donec
2772 3088 3055 3143 indeﬁnita
3104 3105 3212 3144 non
3267 3099 3389 3154 est,

163 3187 284 3257 μεθα
305 3192 356 3242 ὲν
377 3194 628 3263 νεφέλαις
648 3196 728 3258 είς
751 3197 1059 3266 ἀπάντησιν
1084 3196 1178 3250 τοῦ
1203 3196 1407 3268 Κυρίου
1433 3200 1512 3261 είς
1542 3200 1661 3270 ἀέρι

1893 3179 2062 3249 luitur
2085 3179 2366 3236 Christum
2423 3196 2453 3235 a
2495 3180 2684 3235 mundi
2717 3181 3191 3235 consummatione
3224 3180 3391 3236 disci-

169 3281 245 3334 καὶ
262 3281 393 3336 οὕτω
420 3285 654 3340 πάντοτε
688 3287 784 3340 σὺν
813 3288 1003 3358 Κυρίῳ
1029 3287 1290 3359 ἐσόμεθα.
1323 3308 1342 3341 ι
1382 3291 1494 3345 Καὶ
1531 3288 1665 3344 ταῦτ

1892 3273 1954 3328 lis
1987 3273 2102 3328 suis
2134 3289 2242 3327 non
2279 3273 2621 3328 adfuturum.
2657 3274 2820 3344 Atqui
2858 3273 3060 3330 Paulus
3097 3275 3172 3328 ait
3206 3275 3255 3306 ³⁸
3305 3275 3390 3328 fni-

164 3371 253 3440 μιν
275 3374 456 3430 τοῦτον
480 3376 593 3448 ἔχει
621 3379 716 3434 τὸν
748 3371 972 3449 τρόπον,
1012 3380 1040 3434 ό
1075 3380 1131 3435 δὲ
1165 3381 1338 3452 μέγας
1385 3380 1662 3437 Ἀθανόισκ

1893 3382 1992 3420 ἸΠΙὶ
2022 3375 2082 3421 ut
2109 3366 2161 3421 in
2193 3367 2368 3422 nubes
2399 3368 2612 3438 abrepti
2661 3376 2715 3422 et
2775 3367 2954 3437 ipsum
3013 3369 3069 3422 in
3123 3383 3250 3422 aera
3282 3367 3391 3423 Do-

164 3481 305 3535 φησιν
329 3467 406 3521 ὅτι
435 3470 534 3524 οὐκ
566 3471 868 3538 ἐγίνωσκεν
897 3471 1068 3542 αὐτὴν
1092 3472 1306 3543 ἀληθῶς
1335 3472 1441 3536 ἕως
1470 3467 1530 3528 οὗ
1554 3473 1662 3529 ἔτει

1889 3476 1958 3516 no
1991 3474 2380 3526 occurramus,
2412 3469 2577 3532 atque
2607 3461 2678 3516 ita
2706 3470 2970 3531 perpetuo
3003 3477 3136 3517 cum.
3161 3462 3387 3518 Domino

162 3556 466 3628 τὸνιςύριον,
492 3562 606 3616 οὐκ
635 3562 752 3633 ᾔδει
783 3561 920 3616 τιτδ
943 3564 1000 3615 έν
1023 3564 1185 3634 αὐτῇ,
1213 3563 1390 3618 Μόνον
1415 3565 1505 3616 ὅτε
1529 3564 1704 3630 ἔτεκε,
1807 3554 1999 3608 simus.
2037 3553 2162 3610 Haec
2209 3570 2239 3608 a
2297 3554 2500 3610 Basilio
2554 3554 2633 3610 sic
2689 3555 2906 3626 prodita
2955 3563 3104 3609 sunt.
3158 3556 3228 3611 At
3276 3573 3390 3610 ma-

160 3648 263 3704 τότε
284 3651 343 3724 δὴ
371 3655 462 3706 καὶ
492 3655 783 3726 ἐγνώρισε.
819 3655 950 3708 Τότε
977 3655 1118 3725 ἔγνω
1146 3657 1174 3708 ό
1207 3654 1404 3728 Ἰωσὴφ
1443 3658 1526 3718 τίς
1556 3658 1591 3726 ἡ
1613 3657 1658 3709 δι

1890 3662 1945 3701 us
1990 3646 2080 3700 ille
2123 3645 2451 3703 Athanasius
2513 3648 2590 3702 ait
2656 3664 2849 3718 reapse
2917 3647 3216 3719 Josephum
3278 3665 3388 3704 non

161 3758 303 3810 ναμις
353 3747 448 3817 τῆς
509 3747 806 3818 παρθένου.
861 3747 998 3800 Τότε
1030 3748 1192 3816 ἔγνω,
1239 3749 1328 3801 ὅτε
1388 3749 1659 3818 ἐξελόχευς

1884 3737 2126 3806 gnovisse
2190 3738 2406 3806 ipsam,
2469 3739 2646 3794 donec
2711 3740 3002 3795 Dominum
3061 3743 3382 3811 peperisset.

159 3835 239 3886 καὶ
264 3834 328 3888 τὰ
375 3835 481 3889 τῶν
515 3836 690 3908 λεχῶν
725 3837 786 3891 οὐ
841 3837 1194 3905 κατενόησεν,
1225 3840 1313 3892 ὅτε
1356 3839 1498 3907 γάλα
1566 3856 1657 3911 πειε

1885 3826 2333 3881 ιοτοῦειιεοίιίοει
2379 3827 2510 3897 quid
2563 3828 2696 3883 illud
2751 3839 2899 3884 esset
2957 3831 3104 3898 quod
3159 3843 3277 3884 erat
3326 3830 3383 3884 in

159 3921 256 3989 εἶχε
322 3921 605 3996 ξενορῤυὲς
677 3928 774 3981 καὶ
830 3926 999 3998 θηλὴν
1052 3929 1150 3998 τῆς
1221 3933 1458 3999 φυσικῆς
1531 3931 1657 4000 νομὶ

1887 3934 1942 3973 ο.
1976 3917 2184 3972 Saltem
2221 3918 2312 3974 ubi
2345 3922 2684 3989 peperisset,
2739 3921 2980 3990 agnovit.
3011 3921 3167 3976 Tunc
3222 3923 3385 3976 nimi-

156 4011 435 4086 ἀλλοτρίαν,
485 4018 578 4072 ὅτε
617 4017 792 4090 μαζὸν
827 4020 992 4073 ἔδωκε
1049 4023 1140 4073 κα¹ι
1187 4021 1547 4089 φλεδοσυλίαν
1605 4023 1654 4075 οῖ

1881 4027 1924 4064 ιη
1977 4011 2247 4066 intellexit
2295 4010 2568 4083 Josephus
2619 4028 2739 4084 qua:
2780 4013 2857 4068 vis
2885 4025 3033 4069 esset
3065 4015 3211 4070 illius
3269 4019 3379 4072 vir-

159 4105 440 4176 ὑπέμεινεν.
521 4111 684 4165 Ἀλλὰ
747 4112 822 4182 μὴ
888 4113 1036 4177 ξένον
1100 4113 1160 4165 τὸ
1222 4115 1454 4183 πρᾶγμα
1541 4114 1657 4185 ήγοῐ

1873 4104 1968 4160 iis.
2016 4103 2168 4159 Tunc
2216 4105 2474 4176 cognovit
2505 4123 2625 4161 eam
2664 4115 2882 4177 partum
2919 4107 3160 4162 edidisse
3190 4111 3371 4165 nullas

156 4197 348 4273 Ἐπειδὴ
374 4203 478 4272 γὰρ
523 4203 660 4267 Θεὸς
685 4199 754 4274 ἦν
805 4204 901 4256 καὶ
944 4203 1231 4274 ἄνθρωπος
1265 4205 1325 4258 τὸ
1357 4207 1654 4276 τικτόμενα

1872 4196 1905 4249 ri
1941 4197 2091 4267 leges
2121 4207 2444 4268 expertam,
2497 4215 2620 4254 cum
2676 4201 2760 4255 lac
2812 4217 2956 4256 novo
3005 4210 3060 4255 et
3109 4203 3370 4258 inusitate

157 4290 206 4357 ἐξ
252 4294 482 4364 ἀνάγκης
543 4295 722 4366 ἑαυτῷ
781 4295 1064 4360 συνέζευξε
1113 4296 1183 4350 τά
1237 4314 1298 4350 τε
1355 4297 1473 4352 θεῖα
1532 4301 1655 4353 τᾶιπ

1878 4291 1966 4343 )d0
2002 4306 2228 4344 manans
2261 4291 2627 4360 suppeditavit
2656 4301 2711 4346 et
2750 4285 3152 4348 nutrimentum
3204 4311 3232 4348 a
3283 4311 3376 4349 na—

153 4382 462 4453 ἁνθρώπινα.
537 4390 649 4442 Καὶ
712 4389 1030 4457 ἀνθρώπινα
1097 4389 1216 4456 μὲν·
1267 4391 1295 4443 ὁ
1359 4390 1523 4458 ὄγκος
1600 4394 1651 4445 τί

1883 4381 1962 4433 ἰιιὶ
1997 4381 2310 4448 diversum;
2345 4397 2467 4436 cum
2503 4399 2793 4446 mammam
2831 4385 3058 4453 praebuit
3084 4427 3097 4450 ,
3135 4403 3197 4440 at:
3228 4388 3381 4440 venis

155 4477 382 4545 γαστρὸς,
421 4479 450 4531 δ
511 4481 614 4548 τῆς
679 4479 978 4548 κυοφορίας
1038 4480 1426 4548 ἐνναμηνιαῖος
1483 4484 1653 4554 καιρὸς

1879 4486 1984 4525 nen
2018 4485 2086 4525 ne
2110 4472 2409 4540 quidquam
2441 4473 2758 4527 decederet.
2793 4475 2903 4529 Nec
2935 4475 3240 4529 abhorrere
3277 4494 3377 4546 pu-

153 4562 312 4630 ἡτοῦ
359 4568 675 4638 τικτομένου
742 4567 982 4637 συνήθης
1055 4565 1270 4633 ἔξοδος,
1334 4571 1367 4639 ἡ
1434 4571 1651 4638 γαλακτ‹

1875 4562 1945 4616 ιίε
1979 4562 2092 4617 hzec
2120 4579 2148 4616 a
2181 4579 2328 4618 vero.
2369 4561 2502 4616 Nam
2536 4564 2679 4632 quia.
2710 4565 2921 4633 pariter
2961 4567 3122 4619 homo
3163 4577 3282 4622 erat
3325 4571 3373 4624 itl

152 4657 322 4726 τροφία
369 4660 458 4714 καὶ
529 4661 564 4730 ἡ
608 4659 714 4713 ἀπὸ
761 4659 856 4711 τοῦ
914 4660 1115 4729 μικροῦ
1170 4661 1264 4712 ἐπὶ
1325 4662 1386 4714 τὸ
1451 4663 1650 4733 καθῆκε

1878 4657 1945 4712 od
1980 4658 2324 4728 gignebatur,
2357 4664 2412 4711 et
2451 4656 2625 4719 Deus,
2662 4658 2974 4724 necessario
3028 4668 3138 4712 tam
3192 4661 3374 4716 divina

152 4747 296 4801 αὐτοῦ
340 4749 588 4820 σώματος
637 4749 901 4819 αὕξησις¹
947 4750 1094 4803 κατὰ
1140 4751 1246 4822 γὰρ
1276 4753 1368 4805 τὸν
1421 4756 1650 4824 μακάριι

1879 4750 2051 4805 mdam
2086 4767 2249 4820 quam
2287 4751 2525 4804 humana
2559 4750 2869 4819 conjunxit.
2916 4751 3163 4807 Humana
3216 4767 3377 4811 erant

150 4839 336 4892 Παῦλον
355 4843 571 4897 πάντων
605 4842 937 4913 πεπείραται
969 4843 1077 4915 τῷν
1105 4843 1398 4912 ἡμετέρων
1431 4846 1560 4900 ἄνευ
1597 4865 1648 4917 μι

1871 4857 1983 4898 mor
2012 4842 2114 4896 alvi
2145 4881 2158 4905 ,
2194 4851 2408 4912 tempus
2441 4856 2635 4895 novem
2670 4843 2942 4897 mensium
2968 4886 2984 4911 ,
3017 4861 3127 4914 quo
3158 4859 3369 4904 uterum

149 4946 228 4998 νης
254 4932 343 5002 τῆς
368 4935 660 5004 ἁμαρτίας.
695 4935 826 4988 Θεῖα
875 4933 932 4988 δὲ
958 4934 1122 4987 πάλιν
1153 4938 1186 5006 ἡ
1220 4937 1466 5006 ἄσπορος
1498 4938 1647 4993 σύλλι

1877 4943 1972 4990 iter
2027 4933 2291 5006 gerebat,
2338 4935 2483 4989 fetus
2541 4935 2598 4988 in
2649 4935 2828 4990 lucem
2887 4937 3057 4992 editio
3088 4954 3188 5009 pro
3223 4957 3375 4998 more

147 5021 242 5087 ψις,
274 5026 620 5096 ήπαράδοξος
665 5027 865 5096 κύησις
895 5028 991 5082 καὶ
1023 5029 1376 5101 ἀῤῥύπαντος
1405 5031 1645 5102 γέννησις

1875 5037 1978 5090 :ta,
2013 5028 2251 5083 lacteum
2297 5028 2734 5092 nutrimentum,
2769 5044 2797 5082 a
2845 5046 3014 5098 parvo
3054 5033 3122 5086 ad
3171 5050 3373 5090 conve-

152 5113 244 5168 Καὶ
287 5118 436 5171 τοῦτό
487 5121 636 5176 ἐστιν
681 5121 820 5190 ὅπερ
871 5121 905 5190 ἡ
947 5119 1198 5189 θεολόγος
1243 5121 1400 5190 ἔλεγε
1431 5123 1650 5190 γλῶττα

1873 5130 2044 5176 antem
2076 5117 2322 5187 corporis
2353 5117 3064 5183 staturamincrementum.
3093 5119 3252 5188 Nam,
3298 5124 3370 5176 uti

155 5223 169 5253 ι
194 5205 350 5278 Νόμοι
384 5210 596 5278 φύσεως
624 5212 1009 5267 καταλύονται.
1036 5231 1054 5264 ι
1086 5212 1228 5283 Πρδς
1251 5217 1362 5279 τοῖς
1382 5215 1560 5279 ἄλλοις
1584 5217 1653 5284 γὰ

1868 5222 1995 5265 atus
2023 5209 2113 5264 ille
2140 5209 2339 5263 Paulus
2365 5209 2522 5272 ait”,
2551 5219 2810 5279 expertus
2837 5220 2920 5266 est
2945 5213 3126 5266 omnia
3156 5222 3366 5277 nostra,

153 5296 234 5348 καλ⁸
256 5302 521 5369 μητρικῶν
565 5302 777 5357 ὠδίνων
809 5301 1034 5356 ἄνευθεν
1065 5304 1304 5374 Χριστὸν
1336 5306 1369 5376 ὴ
1413 5306 1651 5374 πάναγνο

1869 5305 1915 5358 lo
1947 5311 2172 5372 peccato
2201 5309 2450 5371 excepto.
2482 5302 2718 5356 Rursum
2761 5304 2945 5358 divina
2977 5315 3134 5360 erant
3172 5321 3367 5374 expers

149 5386 312 5441 ἔτεκε·
355 5393 491 5446 κατὰ
522 5397 629 5464 γὰρ
687 5396 778 5448 τὸν
821 5397 1208 5466 Δαμασκηνὸν,
1270 5397 1398 5451 ἔνθα
1430 5399 1594 5472 ἡδονὴ
1628 5417 1647 5453 c

1867 5393 2027 5450 minis
2061 5393 2376 5461 conceptio,
2409 5404 2600 5462 partus
2636 5394 2964 5459 inusitatus,
3021 5393 3153 5448 nulli
3195 5393 3365 5448 [tedi-

155 5485 490 5552 προηγήσατο,
545 5489 768 5551 εἰκότως
826 5489 951 5542 οὐδὲ
1001 5487 1162 5556 ὀδύνη
1220 5489 1653 5561 ἐπηκολούθησει

1867 5487 1896 5540 Li
1949 5485 2222 5555 nullisque
2264 5485 2521 5540 sordibus
2573 5486 2809 5540 obnoxia
2847 5485 3129 5539 nativitas.
3185 5474 3365 5554 Atqu'c

155 5571 260 5625 ὀτι
305 5576 357 5628 δὲ
384 5578 451 5632 τὰ
498 5579 596 5649 τῆς
656 5581 950 5650 κυοφορίας
1006 5579 1290 5650 παράδοξα
1339 5577 1500 5652 ἦσαν,
1537 5582 1632 5636 καὶ

1864 5594 1902 5635 ιο
1960 5578 2094 5634 illud
2146 5588 2230 5634 est
2283 5578 2428 5649 quod
2473 5579 2767 5650 Gregorius
2814 5577 3123 5644 The0103us
3178 5577 3362 5630 dixit:

165 5659 528 5742 Ἀρεοπαγίτης
575 5670 852 5735 Διονύσιος
898 5671 1117 5739 ἔδειξεν,
1153 5672 1326 5738 οὕτως
1359 5673 1530 5728 εἰπὼν
1561 5693 1663 5746 περ

1863 5672 2026 5747 Leges
2078 5681 2286 5727 naturae
2336 5671 2647 5727 solvuntur.
2683 5690 2700 5722 ι
2747 5669 2879 5723 Nam
2914 5669 3056 5722 inter
3087 5669 3190 5722 alia
3225 5669 3361 5723 citra

163 5780 265 5898 15”
285 5781 482 5841 Coloss.
523 5802 586 5852 ιι,
612 5787 662 5842 9.
739 5788 782 5820 ³⁰
806 5786 994 5844 Matth.
1029 5804 1069 5855 ι,
1096 5788 1187 5842 ‘20.
1267 5790 1308 5821 ³⁸
1355 5788 1490 5847 Gcn.
1525 5805 1640 5856 vui,

1863 5791 1894 5823 "
1920 5790 2060 5847 Psal.
2095 5804 2208 5853 cux,
2244 5789 2289 5842 l.
2369 5787 2453 5839 ³³1
2488 5787 2680 5841 Thess.
2714 5802 2781 5848 tv,
2826 5784 2910 5838 Ιϐ-
2984 5781 3220 5881 ³⁵Ὶηρὺικ
3252 5801 3361 5847 XIV,
