3794 6226
119 407 206 468 πιῖἿ

1330 421 1732 486 ANNALIUM
1776 428 1970 489 mens
2012 407 2144 503 Ill.

3233 444 3335 506 398

116 545 231 590 τοις,
280 524 436 578 ’Δλλὰ
492 525 569 596 μὴ
624 527 714 580 ἐπὶ
752 528 915 584 πλέον
951 529 1296 601 ἀμφίϐαλλε·
1327 536 1450 589 οὐδὲ
1487 538 1596 606 γὰρ
1630 538 1650 590 6

1766 541 1988 606 tionem,
2030 543 2098 598 de
2135 544 2356 600 sublimi
2413 547 2764 617 descensum,
2797 555 3011 626 aliaque
3049 557 3194 612 talia.
3230 561 3335 613 Ve-

112 619 324 679 τοιοῦτος
373 620 548 692 ἀστὴρ
599 617 677 684 εἷς
732 623 998 694 ἐτύγχανε
1054 627 1167 680 τῶν
1220 629 1455 696 πολλῶν,
1505 630 1598 694 οὒς
1627 632 1654 684 ὁ

113 714 228 775 Θεὸς
263 713 316 762 ὲν
339 711 415 780 τῷ
443 711 786 782 στερεώματι
829 715 952 769 κατ’
993 717 1168 788 ἀρχὰς
1199 719 1372 786 ἔθετο,
1406 719 1542 774 ἀλλὰ
1568 720 1659 774 δύ-

115 807 254 874 ναμίς
306 821 387 866 τις
435 808 668 878 ἀόρατος
720 804 810 879 ἦν,
841 811 923 872 είς
986 811 1192 882 ταύτην
1245 829 1656 884 μετασχηματι-

115 899 278 952 σθείσα
344 898 440 971 τὴν
484 901 650 971 ὄψιν,
713 902 788 966 ὡς
848 906 875 956 6
932 907 1341 977 χρυσορῤήμων
1403 907 1658 979 Ἰωάννης

114 993 272 1062 φησίν.
302 993 446 1046 Ἐδει
476 993 585 1064 γὰρ
611 997 704 1049 καὶ
734 997 829 1049 ἐπὶ
873 999 1167 1068 παραδόξῳ
1200 999 1427 1072 τοιαύτῃ
1461 1003 1660 1070 γεννή-

114 1104 181 1138 σει
222 1085 310 1138 καὶ
359 1086 662 1157 παράδοξον
707 1089 919 1160 ἀστέρα
959 1091 1215 1160 γενέσθαι
1269 1093 1518 1163 μηνυτὴν
1563 1095 1657 1146 καὶ

112 1179 441 1248 προάγγελον,
495 1179 573 1244 ὡς
626 1179 656 1234 6
715 1177 994 1248 θειότατός
1059 1187 1545 1258 φησιιΚύριλλοςο
1610 1189 1658 1242 εί

114 1272 176 1342 μὴ
228 1273 329 1341 γὰρ
381 1273 544 1328 τοῦτο
607 1270 698 1346 ἦν,
760 1277 860 1332 οὐκ
904 1277 969 1331 ἂν
1021 1279 1116 1332 ἐπὶ
1185 1280 1443 1334 τοσοῦτον
1499 1281 1658 1349 εφαι-

113 1377 202 1425 νεν,
229 1360 322 1412 οὐκ
375 1358 440 1414 ἂν
494 1363 555 1416 ὲν
600 1365 786 1436 ἡμέρᾳ
839 1369 981 1438 μέσῃ
1026 1370 1124 1433 τὰς
1162 1371 1394 1442 ἡλιακὰς
1426 1373 1657 1435 ἀκτῖνας

114 1452 534 1522 ύπερηκὸντιξεν.
565 1453 626 1507 Ei
667 1457 742 1526 μὴ
784 1458 944 1511 τοῦτο
966 1459 1054 1528 ὴν,
1089 1461 1189 1514 οὐκ
1222 1463 1285 1514 ἂν
1315 1462 1500 1515 ἔπεισε
1530 1464 1656 1526 τοὺς

112 1543 302 1612 Μάγους
331 1546 548 1600 ἐκεῖθεν
576 1549 875 1619 ἐγερθῆναι
909 1557 1004 1608 καὶ
1048 1555 1323 1624 τοσαύτην
1356 1557 1475 1608 ὁδὸν
1509 1557 1657 1610 στεί-

111 1636 303 1702 λασθαι,
350 1639 452 1691 οὐκ
498 1639 568 1694 ἂν
610 1639 758 1695 οὕτω
806 1643 1132 1732 θαυμασίως
1178 1651 1260 1710 είς
1301 1648 1658 1720 Ἰεροσόλυμα

110 1729 307 1799 ἢγαγεν,
343 1731 442 1784 οὐκ
486 1731 556 1786 ἂν
605 1733 666 1798 ἐξ
716 1729 884 1804 ὕψους
936 1739 1294 1805 συγκαταϐὰς
1342 1742 1527 1794 ἐπάνω
1561 1741 1655 1794 τοῦ

110 1820 359 1890 τεχθέντος
392 1822 524 1894 ἔστη
558 1827 803 1892 παιδίου,
828 1829 929 1882 οὐκ
963 1828 1028 1883 ἂν
1052 1833 1290 1901 ἄφαντος
1316 1835 1456 1903 μετὰ
1485 1835 1656 1887 ταῦτα

110 1913 312 1978 ἐγένετο.
329 1914 550 1986 Ἐπειδὴ
597 1918 704 1988 γὰρ
733 1919 1094 1991 ὁδηγούμενοι
1129 1924 1258 1993 παρ’
1288 1924 1455 1976 αὐτοῦ
1488 1941 1656 1994 προσ-

111 2007 368 2075 εληλύθασι
417 2009 495 2079 τῷ
543 2012 768 2082 Χριστῷ
821 2015 915 2066 καὶ
956 2016 1026 2085 τῇ
1057 2017 1181 2068 κατ’
1209 2017 1370 2070 αὐτὸν
1422 2017 1658 2071 ἀπλανεί

111 2101 539 2168 πίστειγεγὸνασι
573 2105 820 2173 κάτοχοι,
843 2109 1224 2175 χειραγωγίας
1241 2109 1428 2161 οὐκέτι
1463 2107 1656 2161 τοιαύ-

109 2198 430 2264 της-ἐδέοντο.
477 2197 676 2250 Ἔνθεν
721 2216 806 2252 τοι
865 2201 961 2253 καὶ
1025 2201 1144 2253 κατ’
1199 2201 1335 2272 ὁναρ
1371 2220 1654 2273 χρηματι-

110 2289 294 2354 σθέντες
338 2290 406 2342 δι’
444 2291 619 2361 ἄλλης
653 2292 778 2351 ὁδοῦ,
815 2294 1178 2366 ἀνεχώρησαν
1217 2298 1295 2360 είς
1332 2300 1434 2367 τὴν
1463 2298 1653 2368 χώραν

109 2383 278 2438 αὐτῶν.

165 2574 292 2645 ῐΙρδς
319 2574 531 2638 τούτοις
565 2574 643 2639 δὲ,
681 2575 955 2644 ἀγαπητὲ,
985 2575 1085 2647 τὴν
1129 2577 1224 2630 τοῦ
1252 2579 1310 2630 ὲν
1335 2578 1652 2651 Βουλγαρίᾳ

108 2666 511 2734 ἀρχιεπισκὸπου
567 2667 832 2738 ἐξήγησιν
871 2670 966 2721 ἐπὶ
993 2669 1159 2738 μέσου
1189 2689 1259 2724 πα
1271 2674 1654 2740 ράγεις,-κάνο

108 2751 265 2807 τεῦθεν
295 2754 605 2826 διισχυρίζῃ
641 2757 716 2825 μὴ
761 2758 820 2810 ὲν
849 2757 1000 2827 αὐτῷ
1029 2759 1109 2829 τῷ
1136 2760 1409 2831 σπηλαίῳ,
1447 2764 1562 2816 ἀλλ’
1595 2765 1652 2817 ἐν

105 2844 226 2914 οἰκίᾳ
271 2847 524 2912 γενέσθαι
556 2850 666 2900 τινὶ
704 2849 804 2917 τὴν
830 2850 984 2917 παρὰ
1015 2851 1126 2902 τῶν
1160 2852 1368 2918 Μάγων
1403 2855 1652 2921 προσκύ-

106 2955 253 3008 νησιν.
287 2941 343 2993 Ὀ
371 2942 478 3010 γὰρ
528 2941 677 3003 θεῖος
731 2934 887 3005 οὗτος
939 2944 1081 3012 ἀνὴρ
1116 2945 1181 2996 ἐκ
1233 2946 1344 2997 τῶν
1378 2945 1474 2998 τοῦ
1510 2948 1652 3000 κατὰ

104 3030 348 3085 Ματθαίον
376 3033 746 3102 Εὑαγγελίου,
781 3036 855 3096 ὡς
905 3037 1104 3098 ἔοικεν,
1149 3037 1494 3106 ὁρμώμενος,
1539 3039 1650 3092 τῶν

105 3123 222 3176 οὕτω
251 3127 372 3193 περὶ
401 3125 511 3176 τῶν
537 3125 744 3194 Μάγων
772 3126 1068 3195 λεγόντων·
1109 3148 1127 3179 ι
1155 3128 1258 3179 Καὶ
1293 3128 1539 3191 ἐλθόντες
1570 3134 1650 3194 είς

1691 1898 1729 1950 Β

1760 647 1880 687 rum
1920 634 2036 689 hzee
2071 637 2240 691 nolim
2273 638 2370 692 tibi
2399 639 2628 696 nimium
2662 647 2863 714 negotii
2894 647 3183 705 facessere.
3214 652 3331 705 Non

1757 725 1901 780 enim
1953 727 2070 783 haec
2102 730 2258 786 stella
2297 731 2363 786 de
2409 732 2626 788 illorutn
2672 737 2911 794 siderum
2945 757 3181 809 numero
3213 744 3332 809 fuit,

1758 833 1880 888 quae
1931 819 2093 875 initio
2129 839 2312 877 rerum
2352 824 2494 880 Deus
2539 827 2604 885 in.
2631 827 2976 887 ﬁrmamento
3019 837 3329 901 collocavit,

1759 911 1852 964 sed
1895 920 2138 981 potestas
2175 917 2422 985 quaedam
2457 918 2883 990 inaspectabilis,
2925 925 2978 977 in
3011 925 3329 996 hujusmodi

1759 1004 1996 1072 speciem
2061 1005 2487 1077 transformata,
2564 1013 3024 1081 quemadmodum
3087 1017 3329 1074 Joannes

1758 1093 2180 1164 Chrysostomus
2241 1097 2338 1152 ait.
2387 1097 2691 1168 Oportebat
2736 1103 2882 1156 enim
2938 1104 2990 1157 in
3049 1107 3336 1160 nativitato

1759 1187 2070 1243 admirabili
2121 1197 2177 1244 et
2223 1191 2483 1248 inusitata
2528 1194 2694 1250 etiam
2749 1198 2961 1252 stellam
3013 1215 3212 1254 novam
3274 1217 3337 1257 ac

1761 1277 2083 1353 inusitatam
2133 1282 2290 1347 oriri,
2330 1300 2453 1353 qua:
2506 1288 2667 1342 index
2722 1300 2871 1344 esset
2914 1306 2976 1345 ac
3007 1291 3170 1362 210
3200 1309 3337 1362 pne-

1759 1370 1975 1434 nuntia,
2030 1372 2190 1428 sicuti
2239 1375 2461 1434 divinus
2513 1378 2603 1433 ille
2638 1379 2874 1452 Cyrillus
2906 1383 3166 1452 loquitur.
3203 1384 3335 1438 Nam

1759 1461 1965 1532 absque
2007 1462 2099 1517 illo
2128 1465 2288 1529 foret,
2324 1482 2433 1520 non
2484 1476 2694 1522 tantum
2737 1471 2873 1526 lucis
2926 1481 2982 1526 et
3025 1463 3342 1542 Splendoris'
3427 1513 3430 1518 ι

1759 1551 2067 1616 habuisset,
2102 1572 2213 1609 non
2253 1559 2436 1613 medio
2468 1561 2555 1615 die
2591 1562 2779 1617 radios
2829 1564 3038 1620 solares
3082 1581 3339 1636 superas-

1759 1653 1861 1708 set,
1901 1661 2010 1700 non
2051 1647 2221 1717 Magis
2269 1653 2632 1719 persuasisset
2685 1665 2744 1708 ut
2789 1670 2819 1709 e
2871 1658 3042 1725 patria
3101 1658 3336 1726 profecti

1761 1745 1972 1792 tantum
2030 1739 2240 1796 itineris
2289 1744 2654 1814 susciperent,
2706 1736 2816 1801 non
2868 1763 2964 1803 eos
3015 1751 3175 1804 modo
3224 1759 3335 1804 tant

1759 1832 2063 1887 admirabili
2097 1835 2452 1903 perduxisset
2484 1838 2942 1910 Hierosolymam,
2975 1859 3085 1897 non
3130 1859 3193 1898 ex
3227 1846 3336 1898 alto

1763 1936 1821 1975 se
1865 1921 2162 1978 detnittcns
2201 1940 2362 1996 supra
2418 1939 2606 1983 natum
2651 1930 2912 1985 infantem
2965 1935 3334 1995 constitisset.

1761 2031 1869 2068 non
1904 2015 2161 2085 deinceps
2195 2019 2439 2089 conspici
2471 2021 2742 2078 desiisset.
2776 2023 3140 2094 Posteaquam
3185 2027 3333 2082 enim

1760 2107 1828 2161 ab
1856 2122 1918 2161 ea
1947 2108 2094 2162 ducti
2132 2109 2197 2164 ad
2237 2109 2516 2166 Christum
2563 2125 2908 2170 accesserant
2938 2127 2993 2171 et
3021 2133 3149 2171 vera
3181 2117 3332 2171 illum

1761 2199 1865 2254 fide
1897 2202 2130 2270 amplexi
2185 2203 2427 2270 fuerant,
2478 2221 2589 2260 non
2635 2207 2745 2276 jam
2790 2209 3023 2277 amplius
3070 2209 3335 2278 ejusmodi

1762 2293 2207 2350 manuductionis
2289 2297 2544 2367 egebant.
2623 2298 2859 2369 Ideoque
2948 2302 3172 2356 oraculo
3238 2317 3338 2371 per

1757 2386 1996 2454 quietem
2042 2387 2304 2454 admonin
2355 2390 2458 2444 alia
2507 2390 2594 2447 via
2632 2381 2892 2460 :suamin
2927 2395 3158 2464 patriam
3208 2401 3337 2448 sunt

1759 2481 1990 2534 revvrsi.

1828 2568 2100 2628 Fortassis
2127 2581 2336 2639 autem,
2379 2574 2578 2631 dilecte
2630 2577 2728 2637 fili,
2763 2577 3032 2648 Bulgaria:
3061 2578 3337 2650 pontificis

1755 2665 2160 2719 enarrationem
2193 2666 2246 2719 in
2281 2667 2519 2721 medium
2558 2670 2827 2740 prolatam
2872 2672 3034 2726 nobis
3063 2688 3334 2741 oppones,

1755 2764 1809 2808 et
1844 2770 1910 2808 ex
1950 2770 2014 2809 ea
2047 2756 2305 2824 probabis
2333 2774 2444 2812 non
2477 2759 2533 2812 in
2567 2761 2852 2828 spelunca,
2887 2762 2983 2816 sed
3002 2762 3164 2818 domo
3198 2779 3332 2833 qna-

1755 2845 1877 2899 dam
1913 2845 2187 2900 Christum
2225 2863 2252 2901 a
2311 2847 2478 2918 Magis
2515 2849 2802 2905 adoratum
2852 2866 2995 2907 esse.
3055 2852 3327 2908 Nimirum

1754 2937 1973 2991 divinus
2009 2938 2100 2992 ille
2140 2939 2241 3002 vir,
2275 2943 2567 2995 occasione
2603 2943 2670 2998 de
2704 2943 2884 2999 verbis
2920 2945 3198 3016 Evangelii
3237 2961 3332 3014 per

1755 3029 2068 3083 Matthmum
2119 3033 2414 3100 conscripti
2474 3044 2712 3102 sumpta,
2769 3051 2888 3104 qua:
2933 3037 3000 3090 de
3046 3036 3216 3107 Magis
3263 3038 3335 3090 ita

1753 3123 2094 3190 loquuntur:
2135 3142 2154 3174 ι
2212 3123 2446 3194 lngressi
2485 3126 2705 3179 domum
2741 3127 2943 3183 ibidem
2984 3144 3107 3181 cum
3165 3138 3340 3182 matre

103 3209 182 3283 τὴῧ
208 3217 373 3269 οἰκίαν
400 3213 544 3270 εἶδον
573 3218 634 3270 τὸ
668 3219 879 3271 παιδίον
915 3219 1054 3287 μετὰ
1071 3219 1290 3288 Μαρίας
1317 3221 1411 3290 τῆς
1439 3224 1647 3293 μητρὸς

1766 3213 1920 3267 Maria
1957 3229 2190 3284 puerum
2231 3214 2578 3281 videt-unt“,
2622 3235 2638 3267 ι
2681 3217 2872 3271 scribit
2900 3229 3336 3273 consentaneum

103 3303 260 3370 αὑτοῦ,
295 3325 313 3355 ι
349 3307 443 3359 καὶ
492 3307 623 3359 τάδε
678 3310 865 3376 φησὶν,
898 3310 979 3360 ὅτι
1023 3308 1162 3377 μετὰ
1204 3309 1265 3360 τὸ
1318 3311 1647 3380 γεννηθῆναι

102 3394 176 3445 τὸν
207 3397 400 3466 Κύριον
457 3400 557 3451 καὶ
605 3401 663 3451 ὲν
695 3403 761 3470 τῇ
804 3405 980 3469 φάτνῃ
1013 3401 1372 3470 ἀνακλιθῆναι
1399 3403 1546 3466 εἰκὸς
1581 3400 1647 3474 ἦν

103 3487 357 3557 εὑρεθῆναι
415 3493 509 3543 καὶ
563 3493 742 3545 οἰκίαν
785 3495 928 3559 τινὰ,
964 3497 1022 3546 ὲν
1128 3496 1273 3566 παρὰ.
1300 3495 1406 3549 τῶν
1439 3497 1648 3565 Μάγων

105 3578 185 3644 τὴν
219 3580 597 3650 προσκύνησιν
655 3579 936 3644 δέξασθαι.
975 3583 1083 3635 Καὶ
1111 3585 1136 3634 6
1173 3583 1272 3651 μὲν
1323 3583 1645 3651 διαληφθεὶς

101 3675 218 3744 ἀνὴρ
246 3676 386 3728 ἔοικε
442 3676 748 3747 προφανῶς
805 3677 987 3742 λέγειν
1047 3677 1123 3744 μὴ
1159 3677 1217 3726 ἐν
1250 3675 1329 3746 τῷ
1371 3677 1645 3744 σπηλαίῳ,

101 3760 204 3833 ὲνῷ
233 3769 322 3820 καὶ
350 3771 382 3838 ὴ
415 3769 624 3837 φάτνη,
662 3766 788 3828 τοὺς
831 3767 1058 3833 Μάγους
1094 3767 1222 3818 ἰδεῖν
1254 3766 1345 3818 τὸν
1376 3767 1644 3834 Χριστόν·

99 3859 187 3911 ὁδὲ
207 3861 300 3930 τὴν
329 3860 585 3929 γλῶτταν
625 3858 862 3930 χρυσοῦς
915 3858 986 3910 τά
1018 3875 1076 3909 τε
1107 3859 1206 3927 τῆς
1238 3858 1420 3919 οἰκίας
1451 3857 1646 3926 συμϐι-

101 3951 256 4014 ϐάζων
289 3955 384 4006 καὶ
443 3956 513 4006 τὰ
562 3953 664 4021 τῆς
723 3951 933 4020 φάτνης
972 3945 1144 4021 αὐτῆς
1174 3949 1318 4003 οὕτω
1345 3953 1530 4018 φησὶν,
1563 3953 1646 4002 ὅτι

99 4044 306 4098 τεκοῦσα
349 4047 450 4116 μὲν
484 4044 692 4108 εὐθέως
732 4045 1087 4098 κατέκλινενο
1141 4045 1259 4096 ἐκεῖ
1310 4044 1520 4095 πολλῶν
1553 4045 1647 4096 καὶ

99 4136 187 4206 γάρ
217 4140 505 4192 συνιόντων
559 4138 650 4190 διὰ
685 4138 785 4208 τὴν
821 4138 1152 4207 ἀπογραφὴν
1192 4137 1293 4190 οὐκ
1347 4133 1416 4207 ἦν
1468 4138 1648 4190 οἰκίαν

100 4229 275 4299 εὑρεῖν.
305 4233 560 4302 Παράγει
616 4230 673 4282 δὲ
729 4230 823 4282 καὶ
852 4231 942 4282 τὸν
969 4230 1245 4282 Θειὸτατον
1277 4230 1495 4282 Λουκᾶν
1531 4233 1650 4282 ἐπι-

101 4322 409 4385 σημαίνοντα
459 4320 627 4372 τοῦτο
659 4319 754 4372 καὶ
783 4319 1014 4386 λέγοντα
1042 4321 1125 4372 ὅτι
1179 4319 1270 4373 διὰ
1308 4319 1370 4372 τὸ
1408 4317 1483 4389 μὴ
1507 4315 1646 4372 εἶναι

99 4411 240 4464 τόπον
290 4413 346 4464 ὲν
393 4412 470 4481 τῷ
537 4411 907 4481 καταλύματι,
940 4412 1220 4464 ἀνέκλινεν
1259 4411 1424 4464 αὐτὸν
1479 4414 1536 4464 ἐν
1578 4414 1646 4483 τῇ

100 4503 269 4570 φάτνῃ,
303 4503 439 4572 μετὰ
461 4502 519 4554 δὲ
538 4501 698 4553 τοῦτο
731 4501 976 4554 ἀνείλετο
1005 4501 1100 4552 καὶ
1138 4501 1233 4553 ἐπὶ
1256 4500 1366 4552 τῶν
1399 4499 1647 4565 γονάτων

99 4589 239 4664 εἶχεν.
279 4596 440 4648 Ἀλλὰ
472 4595 567 4648 καλ⁵
605 4595 663 4647 ἐν
711 4597 776 4663 τῇ
837 4593 932 4646 τοῦ
988 4594 1128 4646 κατὰ
1178 4594 1462 4647 Ματοαῖον
1512 4593 1646 4662 ἕκτῃ

97 4687 258 4758 ὁμιλία
291 4689 418 4757 περὶ
471 4687 585 4740 τῶν
612 4677 826 4754 Μάγων
860 4684 1004 4738 οὕτω
1036 4687 1207 4754 φησί’
1241 4704 1259 4736 ι
1295 4685 1360 4739 Τί
1407 4685 1463 4738 δὲ
1507 4686 1645 4748 ὅλως

98 4779 177 4831 καὶ
203 4779 472 4848 βασιλείας
505 4775 778 4849 σύμὸολον
813 4775 976 4846 εἶδον,
1029 4778 1274 4848 καλύὸην
1302 4778 1396 4831 καὶ
1433 4778 1644 4848 φάτνην

98 4871 178 4924 καὶ
199 4872 400 4925 παιδίον
421 4873 480 4924 ἐν
512 4871 848 4940 σπαργάνοις
879 4871 972 4924 καὶ
1002 4871 1216 4942 μητέρα
1256 4871 1493 4940 πτωχὴν,
1510 4871 1647 4923 ἰδόν-

99 4971 203 5022 τε;;
227 4977 244 5008 ι
275 4959 383 5013 Καὶ
409 4959 530 5028 μετ’
564 4959 752 5027 ὁλίγα”
793 4978 810 5010 ι
845 4959 968 5022 Πῶς
1003 4958 1061 5010 δὲ
1118 4960 1210 5012 καὶ
1239 4958 1269 5011 6
1300 4959 1497 5028 ἀστὴρ,
1523 4957 1648 5010 εἰπέ

100 5066 194 5116 μοι,
218 5052 376 5104 τόπον
403 5052 550 5107 οὓτω
581 5053 771 5105 στενὸν
803 5051 1014 5122 φάτνης
1063 5052 1160 5106 καὶ
1212 5051 1458 5122 καλύϐην
1506 5052 1649 5105 ἐδεί-

101 5157 257 5208 κνυεν,
292 5147 338 5198 εἰ
377 5149 453 5215 μὴ
491 5148 552 5199 τὸ
603 5145 807 5216 ὑψηλὸν
841 5145 1020 5197 ἐκεῖνο
1053 5145 1214 5212 ἀφεὶς
1260 5144 1411 5197 κάτω
1439 5144 1646 5214 κατέϐη

101 5237 183 5285 καὶ
211 5237 343 5306 ὑπὲρ
374 5239 543 5309 αὐτῆς
583 5240 715 5308 ἔστη
756 5239 856 5308 τῆς
888 5236 1142 5307 κεφαλῆς
1203 5235 1297 5291 τοῦ
1346 5237 1595 5301 παιδίου;
1623 5257 1642 5289 ι

101 5327 196 5384 Καὶ
226 5332 355 5398 μετὰ.
389 5331 565 5385 ταῦτα
587 5346 602 5362 ·
637 5351 654 5383 ι
697 5332 854 5384 Ἐπεὶ
880 5330 973 5384 οὖν
1006 5331 1184 5401 ἤγαγε
1215 5331 1310 5382 καὶ
1350 5328 1650 5400 ἐχειραγώ-

98 5433 240 5486 γησε,
269 5424 360 5474 καὶ
382 5425 518 5490 πρὸς
546 5426 646 5497 τὴν
671 5424 881 5493 φάτνην
899 5423 1150 5492 ἔστησεν,
1183 5423 1368 5476 οὐκέτι
1394 5422 1463 5474 δι’
1485 5423 1648 5475 ἀστέ-

102 5525 200 5575 ρος,
238 5511 368 5566 ἀλλὰ
401 5513 470 5566 δι’
501 5516 734 5582 ἀγγέλου
764 5515 953 5567 λοιπὸν
1013 5516 1198 5575 αὐτοῖς
1255 5513 1593 5580 διαλέγεται.
1625 5533 1642 5565 ι

102 5603 196 5655 Καὶ
242 5605 296 5657 ὲν
346 5609 412 5677 τῇ
472 5608 630 5680 ὀγδόῃ
669 5608 726 5660 δὲ
768 5608 958 5678 ὁμιλίᾳ
989 5609 1131 5661 κατὰ
1160 5607 1306 5673 λέξιν
1339 5605 1483 5660 οὕτω
1515 5608 1651 5675 φησὶ

102 5694 337 5764 περὶτῶν
360 5699 600 5767 Μάγων·
640 5699 838 5753 ι’Λλλά
863 5700 916 5752 τί
944 5700 1005 5752 τὺ
1024 5702 1220 5754 πεῖσαν
1253 5699 1452 5764 αὐτοὺς
1481 5716 1650 5770 προσ-

165 5881 400 5942 “Matth.
438 5905 498 5952 ll,
560 5889 641 5951 lt.
722 5892 763 5924 ³⁷
791 5866 930 5946 Luc.
973 5907 1031 5954 ιι,
1074 5893 1125 5946 7.

1680 4575 1722 4627 Ι)

1752 3321 1895 3370 esse,
1934 3316 2056 3376 post
2089 3307 2140 3361 id
2183 3309 2444 3376 temporis
2470 3325 2577 3376 quo
2605 3311 2789 3364 editus
2833 3312 2886 3364 in
2929 3312 3106 3366 lucem
3142 3313 3220 3368 Do
3244 3314 3328 3367 ιιοί·

1751 3415 1854 3455 nus
1887 3402 1939 3453 in
1981 3401 2213 3470 prmsepi
2250 3402 2550 3458 reclinatus
2607 3403 2792 3466 fuerit,
2842 3404 3118 3460 inventam
3156 3407 3325 3462 fuisse

1751 3493 1971 3548 domum
2004 3493 2297 3563 quamdam
2329 3495 2381 3547 in
2415 3510 2519 3563 qua
2569 3495 2705 3567 Magi
2756 3513 2878 3552 cum
2910 3509 3325 3555 venerarcntur.

1750 3582 2045 3653 Adeoque'
2081 3589 2258 3656 palam
2317 3585 2772 3658 Theopbylactus
2829 3590 3076 3646 indicare
3127 3592 3340 3648 videtur

1751 3673 1936 3744 Magos
1966 3674 2246 3730 Christum
2277 3677 2329 3730 in
2359 3686 2523 3733 ant-ro
2555 3678 2646 3732 illo
2670 3693 2779 3733 non
2807 3683 3184 3751 conspexisse,
3227 3700 3338 3754 quo

1751 3782 1997 3835 praesepe
2028 3767 2435 3822 continebatur.
2473 3768 2675 3823 Verum
2721 3769 3150 3842 Cbrysostomus
3193 3776 3339 3832 inter

1751 3872 1809 3909 se
1872 3863 1976 3908 tam
2022 3870 2086 3908 ea
2117 3871 2238 3923 quae
2283 3854 2356 3908 de
2395 3857 2554 3910 domo
2593 3857 2856 3913 dicuntur
2910 3877 3072 3930 quam
3110 3878 3233 3930 quae
3267 3865 3335 3919 de

1751 3947 1980 4015 praesepi
2017 3947 2342 4010 concilians,
2376 3948 2477 4002 Ubi
2516 3940 2773 4017 pi‘inium,
2797 3954 3180 4020 inquit,maler
3203 3970 3329 4011 eum

1753 4039 2078 4106 peperisset,
2118 4038 2170 4091 in
2199 4041 2428 4108 prmsepi
2464 4042 2767 4096 reclinavit.
2795 4041 3009 4114 Quippe
3038 4047 3181 4114 quod
3213 4062 3330 4102 ma-

1749 4149 1868 4200 gum
1904 4132 2184 4185 hominum
2235 4131 2406 4201 copi-.e
2454 4148 2656 4188 census
2700 4150 2864 4188 causa
2915 4136 3332 4202 confluxissent,

1750 4225 1972 4279 domum
2018 4225 2268 4280 invenire
2300 4242 2409 4279 non
2462 4236 2778 4296 potuerant.
2831 4228 2963 4298 Ejus
2999 4231 3079 4285 rei
3139 4241 3331 4286 testem

1751 4318 1886 4372 citat
1906 4316 2132 4381 Lucam,
2161 4317 2251 4382 qui
2285 4317 2465 4372 verbis
2491 4318 2640 4372 hisce
2669 4318 2810 4372 idem
2841 4319 3117 4375 innuerit:
3153 4340 3169 4370 ι
3196 4321 3332 4386 Quia

1751 4406 1806 4459 in
1839 4406 2144 4460 diversorio
2174 4407 2327 4460 locus
2371 4421 2478 4460 non
2512 4414 2679 4470 esset,
2725 4407 2779 4460 in
2820 4410 3050 4477 praesepi
3089 4425 3214 4463 omn
3243 4427 3330 4464 rc—

1751 4496 1977 4554 clinavit
2013 4496 2079 4549 ³⁷.
2117 4516 2134 4547 ι
2193 4497 2370 4564 Atque
2418 4497 2544 4551 inde
2592 4506 2716 4566 post
2767 4513 2892 4551 eum
2951 4499 3227 4554 sublatum
3275 4501 3330 4554 iit

1753 4606 1931 4658 genua
1979 4588 2287 4642 collocavit.
2323 4589 2469 4642 Idem
2523 4588 2578 4641 in
2618 4604 2806 4643 earum
2840 4589 3148 4644 orationum
3179 4604 3331 4647 sexta

1753 4660 1951 4740 quibus
2002 4679 2356 4746 Evangelium
2399 4679 2637 4735 Mattbzei
2684 4681 3022 4750 explanavit,
3073 4684 3135 4737 in
3189 4686 3332 4740 hunc

1756 4773 1976 4828 modum
2038 4774 2105 4827 de
2149 4771 2320 4841 Magis
2373 4773 2658 4842 loquitur:
2709 4791 2727 4826 ι
2768 4772 2902 4827 Cum
2954 4775 3230 4846 tugurium
3279 4787 3335 4831 et

1757 4881 1998 4936 przesepe
2045 4873 2100 4919 et
2153 4865 2338 4920 fasciis
2383 4865 2690 4920 involutum
2735 4880 2967 4934 puerum
2999 4875 3055 4922 et
3099 4877 3330 4923 matrem

1756 4973 2053 5029 pauperem
2112 4965 2427 5022 cernerent,
2492 4957 2799 5026 quodnam,
2857 4959 3118 5024 obsecro,
3179 4962 3331 5031 regni

1751 5053 1964 5123 signum
1995 5051 2248 5104 videbant
2278 5050 2301 5101 ?
2338 5067 2356 5100 ι
2394 5050 2457 5102 Ει
2493 5051 2654 5118 paulo
2689 5060 2833 5119 post.
2886 5071 2903 5103 ι
2940 5051 3217 5118 Quonam,
3249 5054 3333 5106 in-

1750 5146 1887 5215 quit,
1922 5151 2090 5210 pacto,
2113 5141 2220 5213 (die
2249 5141 2406 5210 mihi)
2440 5141 2594 5196 stella
2634 5151 2743 5196 tam
2778 5151 2956 5198 artum
2985 5143 3248 5215 praesepis
3277 5153 3332 5198 et

1752 5236 1950 5307 tugnrii
1986 5237 2166 5289 locum
2217 5233 2514 5296 indicabat,
2551 5236 2594 5289 si
2633 5251 2738 5289 non
2793 5235 2989 5291 relicto
3022 5237 3236 5292 sublimi
3270 5252 3330 5288 se

1749 5329 1970 5383 demisit
2019 5335 2073 5380 et
2121 5341 2285 5395 supra
2335 5337 2500 5396 caput
2553 5328 2728 5398 ipsius
2781 5330 2934 5398 pueri
2975 5327 3263 5384 constitit?
3305 5347 3323 5378 ι

1749 5423 1986 5476 Rursum
2023 5427 2144 5488 post
2193 5419 2346 5473 haec:
2389 5438 2406 5470 ι
2450 5417 2548 5474 Ubi
2583 5420 2695 5486 jam
2750 5422 3069 5475 adduxisset
3123 5435 3215 5473 eos
3269 5434 3332 5472 ac

1744 5517 1899 5587 juxta
1935 5526 2178 5582 prmsepe
2226 5511 2476 5576 stitisset,
2529 5528 2638 5566 non
2688 5513 2923 5581 amplius
2973 5529 3067 5579 per
3092 5510 3326 5573 stellam,

1750 5606 1845 5661 sed
1880 5619 1978 5674 per
2014 5603 2266 5673 angi-lum
2301 5618 2396 5657 eos
2421 5603 2689 5673 deinceps
2720 5604 3032 5671 alloquitur.
3077 5619 3094 5651 ›
3135 5598 3328 5653 Itidem

1752 5700 1806 5753 in
1851 5698 2094 5753 oratione
2131 5706 2321 5753 octava
2362 5696 2630 5767 de-lllagis
2667 5696 2730 5750 ad
2784 5696 3005 5748 verbum
3043 5692 3155 5746 haec
3213 5697 3329 5745 tra-
