3794 6226
431 373 538 434 399

1735 376 2156 439 MICHAELIS
2196 379 2458 441 (ΠΧοΕ

3576 380 3656 442 ἇθθ

436 484 555 538 dit:
596 503 614 536 ι
655 485 795 550 Quid
837 487 1052 542 tandem
1082 489 1163 544 eis
1203 491 1475 560 persuasit
1507 499 1566 544 ut
1599 506 1829 560 puerum
1867 506 2012 545 smu-

2121 496 2393 562 κυνῆσαις
2426 495 2552 548 οὔτε
2581 495 2688 566 γὰρ
2722 495 2756 562 ἡ
2785 493 3057 565 παρθένος
3087 492 3360 561 ἐπίσημος
3388 485 3479 560 ἦν,
3501 491 3606 547 οὔτε
3630 498 3655 562 ἡ

439 576 684 630 missime
733 581 1172 634 venerarcntur?
1222 580 1331 636 Nec
1372 583 1519 636 enim
1562 581 1722 653 Virgo
1774 583 2012 652 speciem

2114 589 2263 640 οἰκία
2302 585 2635 657 περιφανής.
2667 606 2684 638 ι
2719 586 2826 640 Καὶ
2865 585 2982 655 μετ’
3014 585 3171 653 ὀλίγα
3201 600 3215 614 ’
3247 604 3267 636 ι
3307 583 3474 636 Οὐδέν
3497 602 3546 636 τι
3573 585 3659 638 τῶν

435 666 724 732 quamdam
782 669 1050 723 illustrem
1105 686 1219 740 prae
1268 689 1328 728 se
1368 671 1598 734 ferebat,
1650 689 1752 728 nec
1813 677 2012 731 domus

2121 677 2394 745 αἰσθητῶν
2444 679 2587 747 μέγα
2618 679 2755 742 ἐκεῖ,
2790 677 2927 731 ἀλλὰ
2960 679 3140 747 φάτνη
3199 676 3290 730 καὶ
3341 673 3547 744 καλύὁη
3586 679 3658 729 καί

438 769 558 813 erat
601 761 906 829 splendida.
951 781 968 814 ι
1006 762 1072 816 Ει
1110 765 1276 834 paulo
1303 775 1460 835 post:
1507 784 1525 817 ι
1566 765 1710 820 Nihil
1741 766 1866 821 istic
1895 783 2015 823 ma-

437 868 604 917 gnum
629 866 679 908 et
720 855 933 928 insigne
973 858 1442 926 conspiciebatur,
1475 875 1538 915 ex
1575 861 1642 920 iis
1675 861 1894 930 quidem
1931 876 2016 915 rc—

436 943 541 997 bus
572 962 692 1016 qua:
738 962 903 1004 sensu
945 950 1418 1020 percipiebantur,
1461 953 1556 1007 sed
1617 962 1826 1008 tantum
1880 969 2018 1023 prae-

2117 769 2297 840 μήτηρ
2371 768 2583 840 πτωχὴ,
2664 768 2750 822 ἵνα
2824 769 3040 838 γυμνὴν
3120 768 3228 821 τῶν
3307 765 3514 835 Μάγων
3567 766 3658 838 ἴδῃς

2113 862 2210 932 τὴν
2274 863 2662 933 φιλοσοφίαν.»
2753 863 3010 923 Μάνθανε
3103 863 3198 916 οὖν
3281 860 3530 914 ἐντεῦθεν
3595 862 3656 915 ὅτι

2118 958 2210 1010 καὶ
2259 957 2439 1012 οἰκίαν
2480 959 2575 1012 καὶ
2619 957 2865 1027 καλύῦην
2894 958 2956 1010 τὸ
3011 956 3276 1026 σπήλαιον
3305 958 3333 1008 ὁ
3366 955 3657 1023 Χρυσοῤῥή-

435 1051 563 1105 sepe
599 1054 663 1093 ac
710 1041 986 1111 tugurium
1040 1044 1197 1112 211
1237 1056 1523 1114 tuaterque
1561 1045 1912 1115 paupercula,
1960 1056 2012 1102 ut

2121 1065 2238 1116 μων
2272 1049 2560 1116 ἐκάλεσεν,
2615 1050 2746 1104 ἔνθα
2802 1049 2898 1104 καὶ
2954 1051 2986 1112 ἡ
3043 1050 3242 1119 φάτνη.
3273 1049 3366 1117 Μὴ
3417 1047 3506 1101 οὖν
3533 1046 3656 1100 ἔνθεν

435 1129 698 1184 nimirum
730 1132 859 1186 hinc
886 1135 1088 1207 nudam
1124 1135 1400 1206 Magorum
1421 1138 1824 1209 philosophiam
1850 1153 2012 1209 agno-

2121 1139 2378 1193 ιιάκεῑθεν
2399 1141 2833 1212 περιπλανάσθω
2857 1158 2956 1195 σου
2992 1145 3027 1211 ἡ
3063 1141 3293 1204 διάνοια,
3331 1140 3409 1208 τῷ
3442 1140 3659 1210 Χρυσορο

432 1237 575 1274 scas.
624 1243 642 1274 ι
698 1223 772 1280 De
824 1227 1024 1294 quibus
1072 1229 1328 1288 omnibus
1395 1231 1802 1287 animadvertas
1865 1231 2013 1296 licet,

431 1307 888 1382 Chrysostomum
923 1317 978 1374 id
1029 1316 1132 1372 loci
1164 1334 1273 1389 quo
1316 1335 1561 1390 praesepe
1600 1321 2014 1389 continebatur,

2116 1233 2319 1302 ρὴμονι
2378 1234 2438 1288 δὲ
2489 1235 2726 1307 πρόσεχε
2780 1235 3002 1306 μᾶλλον,
3047 1237 3131 1288 ὅτι
3172 1235 3268 1287 καὶ
3304 1232 3502 1298 σάλπιξ
3530 1224 3657 1293 οὗτος

2114 1325 2454 1398 χρυσήλατος
2487 1327 2582 1382 τοῦ
2623 1329 2894 1398 παναγίου
2927 1329 3313 1400 κεχρημάτικε
3351 1325 3656 1393 Πνεύματος.

433 1416 486 1460 et
517 1409 740 1466 domum
789 1423 846 1472 et
918 1415 1193 1487 tugurium
1243 1425 1297 1472 et
1345 1419 1666 1488 Speluncam
1710 1419 2038 1489 appellasse.
2080 1420 2448 1487 Quamobrem
2501 1426 2634 1481 hinc
2667 1426 2796 1482 inde
2846 1441 3000 1482 mens
3043 1435 3134 1482 tua
3181 1440 3295 1480 non
3367 1423 3655 1494 obragetur.

430 1504 527 1559 sed
581 1508 785 1562 oratori
843 1509 972 1566 huic
1032 1527 1202 1566 aureo
1240 1511 1401 1567 {idem
1469 1511 1690 1574 habeat,
1733 1512 1827 1583 qui
1879 1513 2008 1568 tuba
2049 1517 2222 1572 sancti
2260 1517 2502 1588 Spiritus
2531 1519 2654 1588 fuit,
2681 1537 2749 1576 ex
2779 1535 2914 1577 auro
2947 1521 3124 1576 solido
3152 1519 3338 1575 ducta.
3659 1526 3661 1528 ’

504 1596 802 1670 Postquam
835 1603 939 1656 hoc
971 1620 1079 1673 quo
1101 1605 1342 1661 diximus
1373 1607 1536 1661 modo
1566 1607 1821 1664 Christus
1849 1617 2013 1662 natus

426 1692 644 1758 fuisset,
676 1704 870 1751 octavo
904 1695 1168 1768 deinceps
1194 1698 1284 1756 die
1316 1699 1759 1762 circumciditur,
1792 1710 1848 1756 et
1887 1710 2013 1770 post

426 1784 499 1840 40
533 1783 654 1838 dies
679 1785 732 1838 in
772 1787 1032 1857 templum
1065 1789 1410 1856 deportatur.
1437 1789 1530 1844 Sic
1577 1791 1726 1845 enim
1765 1790 2008 1860 perscri-

428 1888 584 1946 ptum
613 1876 846 1948 legimus
871 1894 884 1933 :
915 1898 932 1930 ι
962 1877 1259 1949 Completis
1284 1882 1682 1951 puriﬁcationis
1700 1883 1916 1947 diebus,
1936 1901 2004 1940 ex

430 1969 551 2040 lege
595 1968 796 2036 Mosis,
834 1986 1062 2040 puerum
1101 1971 1535 2046 Hierosolymam
1591 1975 1837 2030 tulerunt
1865 1976 1930 2031 ³⁸.
1983 1996 2003 2030 ι

428 2057 541 2115 Lex
581 2069 763 2133 autem
793 2062 885 2118 illa
917 2063 1228 2133 huiusmodi
1263 2075 1390 2121 est:
1435 2087 1454 2119 ‹
1503 2067 1559 2122 Si
1599 2067 1798 2122 mulier
1827 2083 1858 2122 e
1890 2069 2010 2127 viro

429 2165 702 2226 concepto
728 2157 942 2213 semine
982 2173 1186 2212 marem
1221 2159 1516 2230 pepererit,
1549 2161 1753 2230 polluta
1785 2171 1902 2217 esto
1939 2163 2010 2218 40

428 2249 575 2317 dies;
601 2249 688 2306 sin
742 2248 1000 2306 feminam
1047 2252 1300 2322 ediderit,
1334 2253 1453 2312 dies
1478 2254 1546 2308 80
1579 2256 1643 2308 ³⁸.
1683 2274 1699 2306 ι
1727 2245 2010 2322 Quamob-

428 2357 571 2419 rem,
617 2359 826 2414 quaso,
882 2343 957 2402 ita
988 2354 1118 2400 sunt
1149 2345 1266 2400 haec
1316 2347 1608 2402 instituta?
1645 2347 1711 2402 Et
1742 2364 1842 2404 cur
1873 2358 2010 2404 tem-

430 2449 542 2504 pus,
572 2435 674 2506 hoc
708 2435 998 2504 pollutioni
1034 2437 1408 2507 prmscriptum
1445 2438 1601 2492 matri
1639 2437 1866 2494 femellae
1905 2440 2008 2494 du-

429 2525 700 2598 plicatur?
731 2526 1114 2588 Theodoretus
1151 2529 1254 2584 hac
1280 2530 1348 2585 de
1385 2546 1442 2585 re
1497 2531 1553 2585 in
1588 2532 1736 2587 hunc
1784 2533 2009 2589 modum

432 2619 679 2685 diSSerit,
711 2619 973 2676 nimirum
1007 2621 1332 2692 pollutionis
1370 2624 1473 2678 hoc
1501 2633 1719 2693 tempus
1747 2625 2013 2698 requietis

431 2725 600 2782 causa
624 2713 1008 2786 praescriptum
1029 2731 1149 2772 esse
1178 2715 1526 2784 mulieribus,
1544 2717 1623 2771 uti
1643 2732 1763 2786 quae
1785 2734 2012 2789 magno-

430 2821 564 2875 pere
593 2817 889 2882 graventur
915 2808 1048 2879 dum
1081 2820 1301 2882 uterum
1340 2821 1560 2880 gerunt.
1590 2809 1806 2882 Quippe
1861 2823 2010 2875 metu

432 2895 833 2970 inquinationis
862 2909 942 2955 lex
970 2902 1199 2960 maritos
1225 2903 1480 2969 retrahit,
1501 2919 1640 2960 neve
1660 2921 1788 2960 suas
1813 2920 2014 2962 uxores

331 3015 334 3018 -
431 2989 489 3066 id
520 2993 784 3062 temporis
816 2994 1017 3048 adeant
1042 2996 1256 3050 suadet.
1279 2997 1349 3054 Et
1369 2999 1497 3067 quia
1521 2997 1758 3056 feminea
1794 3001 2013 3057 soboles

431 3094 657 3146 matrem
706 3086 956 3162 molestia
1005 3087 1198 3157 majori
1239 3088 1405 3145 allicit
1450 3089 1629 3162 (aiunt
1673 3093 1820 3148 enim
1870 3094 2016 3148 hanc

393 3215 396 3218 ~
430 3177 593 3246 citius
641 3179 700 3256 in
741 3189 905 3257 utero
933 3197 992 3236 se
1035 3196 1257 3255 movere
1309 3199 1473 3253 quam
1513 3188 1768 3258 marem),
1811 3187 2014 3244 idcirco

2192 1614 2456 1669 Γεννᾶται
2495 1615 2608 1682 οὖν,
2643 1617 2720 1680 ὡς
2774 1618 3013 1688 εἴρηται,
3053 1617 3082 1669 ὁ
3107 1617 3369 1685 Χριστὸς,
3402 1614 3656 1670 κάντεῦθεν

2117 1709 2464 1780 ὀκταήμερος
2507 1710 2922 1781 περιτέμνεται,
2969 1711 3029 1764 ἐν
3073 1709 3152 1780 τῷ
3190 1711 3306 1779 ναῷ
3355 1710 3656 1779 προσάγεται

2119 1799 2240 1868 μεθ’
2294 1803 2510 1874 ἡμέρας
2547 1810 2620 1873 μ’.
2683 1822 2702 1857 ι
2728 1805 2840 1860 Καὶ
2881 1803 3232 1874 ἐπλήσθησαν
3259 1824 3279 1856 ι
3321 1803 3434 1870 γάρ
3482 1819 3654 1872 φησιν,

2120 1913 2138 1945 ι
2172 1895 2230 1947 αἱ
2254 1897 2459 1965 ἡμέραι
2485 1895 2579 1949 τοῦ
2601 1895 2951 1965 καθαρισμοῦ
2975 1897 3113 1950 κατὰ
3126 1897 3216 1950 τὸν
3240 1897 3412 1964 νόμον
3428 1895 3655 1964 Μωσέως,

2115 1987 2211 2039 καὶ
2243 1963 2521 2057 ἀνήγαγον
2576 1986 2636 2040 τὸ
2688 1963 2908 2042 παιδίον
2948 1989 3029 2049 εἰς
3066 1963 3453 2055 Ἰεροσόλομα,
3479 2005 3497 2037 ι
3545 1986 3658 2038 κατὰ

2113 2081 2205 2134 τὸν
2237 2079 2382 2134 οὕτω
2423 2081 2654 2149 λέγοντα
2683 2081 2848 2149 νόμον
2873 2097 2886 2112 ·
2927 2079 3092 2135 «Ἰάν
3131 2079 3518 2149 απερματισθῇ
3547 2078 3656 2146 γυνὴ

2082 2236 2089 2242 ι
2114 2173 2223 2226 ἀπὸ
2252 2173 2444 2244 ἀνδρὸς
2475 2176 2571 2228 καὶ
2595 2174 2730 2247 τέκῃ
2758 2174 2972 2228 παιδίον
2992 2173 3186 2243 άῤῥεν,
3214 2171 3527 2242 ἀκάθαρτος
3544 2171 3656 2239 αὕτη

2116 2268 2326 2335 μενέτω
2357 2265 2572 2338 ἡμέρας
2605 2264 2678 2333 μ’,
2718 2266 2812 2320 ἐὰν
2839 2265 2897 2320 δὲ
2935 2263 3070 2336 θῆλυ
3103 2265 3237 2336 τέκῃ
3287 2265 3522 2326 παιδίον,
3551 2265 3658 2331 iiut-

2119 2379 2218 2431 ρας
2249 2360 2323 2419 π’.
2357 2381 2375 2414 ι
2419 2361 2518 2415 Διὰ
2569 2361 2621 2413 τί
2669 2360 2725 2412 δὲ
2763 2362 2858 2413 καὶ
2894 2362 3038 2423 τίνος
3071 2359 3264 2412 ἕνεκεν
3294 2358 3506 2422 ταῦτας
3529 2357 3555 2409 ὀ
3583 2359 3660 2426 ὲμο

2115 2451 2428 2522 πρόθεσμος
2459 2447 2614 2516 οὗτος
2647 2452 2748 2520 τῆς
2772 2452 3118 2519 ἀκαθαρσίας
3148 2451 3346 2520 καιρὸς
3395 2450 3658 2503 διπλασίων

2113 2545 2268 2613 ἐδόθη
2295 2549 2360 2614 τῇ
2399 2545 2568 2614 μητρὶ
2596 2543 2693 2598 τοῦ
2720 2545 2966 2614 θήλεως;
3004 2543 3062 2597 Ὀ
3085 2547 3186 2608 μὲν
3213 2540 3313 2598 οὖν
3351 2543 3658 2613 Θεοδὼρητος

2113 2637 2286 2700 οὕτως
2319 2635 2553 2707 εὕρηται
2595 2640 2725 2708 περὶ
2746 2637 2956 2690 τούτων
2995 2635 3236 2702 διεξιὼν,
3258 2639 3345 2692 ὅτι
3369 2637 3438 2690 τὰ
3458 2638 3549 2705 τῆς
3573 2653 3659 2686 τοι·

2115 2731 2286 2798 αὑτης
2331 2728 2678 2801 ἀκαθαρσίας
2728 2729 3097 2793 ἀναπαύσεως
3131 2730 3297 2799 χάριν
3323 2727 3656 2798 ἐνομοθετήθη

2115 2821 2237 2882 ταῖς
2283 2820 2523 2886 γυναιξὶ,
2554 2819 2961 2890 βαρυνομέναις
3013 2821 3177 2888 δῆθεν
3200 2819 3285 2889 τῷ
3315 2820 3418 2888 τῆς
3456 2821 3660 2887 ἐγκυμο-

2116 2912 2236 2975 νὶας
2268 2911 2449 2983 καιρῷ
2461 2927 2480 2976 _°
2505 2911 2594 2964 διὰ
2619 2911 2725 2981 γὰρ
2746 2911 2838 2964 τοῦ
2861 2910 3030 2980 φόϐου
3051 2911 3151 2980 τῆς
3181 2909 3526 2976 ἀκαθαρσίας
3553 2913 3660 2964 ἀνα-

2115 3004 2355 3075 χαιτίζει
2380 3004 2509 3067 τοὺς
2542 3003 2854 3074 ὁμοζύγους
2881 3005 2908 3056 ὁ
2935 3003 3123 3071 νόμος,
3157 3004 3252 3058 καὶ
3306 3003 3486 3056 πείθει
3532 3018 3660 3071 τηνι-

2119 3098 2299 3152 καῦτα
2329 3101 2453 3161 ταῖς
2480 3100 2751 3168 γαμεταῖς
2790 3098 2974 3152 αὐτῶν
3008 3100 3084 3168 μὴ
3119 3096 3549 3168 προσέρχεσθαι.
3577 3095 3661 3150 Καὶ

2120 3191 2308 3266 ἔπειδῂ
2331 3189 2392 3244 τὸ
2423 3189 2560 3261 θῆλυ
2600 3191 2811 3259 μείζονι
2855 3189 3264 3244 καθυποϐάλλει
3307 3189 3557 3261 ἀχθηδόνι
3584 3187 3662 3256 τὴν

429 3270 681 3329 femellas
725 3274 1070 3343 parientibus
1121 3275 1348 3354 duplum
1383 3279 1704 3346 pollutionis
1745 3282 2008 3352 templum

2121 3274 2256 3337 αὐτὸ
2280 3283 2556 3354 φέρουσαν
2583 3283 2828 3352 (λέγεται
2847 3283 2955 3353 γὰρ
2978 3285 3060 3337 ὅτι
3085 3283 3275 3352 τάχιον
3311 3286 3371 3336 ὲν
3401 3285 3468 3353 τῇ
3495 3281 3662 3351 γαστρὶ

429 3378 515 3440 est
568 3369 976 3442 praescriptum,
1034 3378 1094 3426 ut
1155 3353 1258 3425 hac
1300 3371 1516 3433 ratione
1577 3373 1744 3442 duplo
1795 3391 2014 3446 quoque

430 3465 736 3535 longiorem
767 3466 1068 3533 requietem
1105 3465 1394 3524 haberent.
1423 3466 1549 3523 llzec
1572 3467 1896 3524 Theodoriti
1929 3479 2015 3525 est

431 3557 733 3622 sententia.
773 3556 1005 3617 Divinos
1037 3568 1225 3617 autem
1256 3559 1344 3614 vir
1396 3560 1490 3616 ille
1527 3561 1765 3632 Cyrillus
1798 3563 1875 3617 ait
1906 3579 2017 3618 ma-

432 3663 554 3709 rem
594 3649 740 3725 intra
769 3648 892 3705 dies
925 3651 994 3706 40
1023 3653 1253 3707 formam
1301 3668 1456 3708 suam
1491 3655 1779 3724 consequi,
1818 3654 2013 3710 femel-

433 3743 541 3820 lam
571 3756 702 3801 vero
735 3743 853 3804 dies
884 3743 954 3800 80
983 3744 1051 3798 ad
1084 3744 1338 3816 humanae
1372 3748 1564 3802 formae
1597 3747 2012 3818 expressionem

433 3837 740 3911 requirere.
781 3837 846 3892 Et
872 3838 999 3907 quia
1058 3840 1299 3896 mascula
1349 3840 1568 3896 soboles
1610 3841 2012 3913 purificationis

431 3945 599 3991 causa
646 3928 736 4006 die
764 3930 1220 4000 quadragesimo,
1272 3933 1476 3989 femina
1517 3948 1645 3989 vero
1675 3937 2014 4004 octogesimo

429 4021 504 4077 ad
540 4020 803 4091 templum
836 4021 1208 4089 deferebatur,
1244 4034 1467 4093 apparet
1498 4026 1726 4080 omnino
1765 4025 1868 4081 Per
1901 4028 2016 4087 haec

431 4115 736 4184 significari
771 4115 919 4181 quod
971 4116 1290 4185 huiusmodi
1344 4118 1598 4174 formatio
1666 4119 2011 4189 purgatione,

433 4223 558 4278 qua;
601 4207 870 4280 divinitus
899 4207 1012 4268 fiat,
1047 4205 1313 4276 indigeat.
1347 4206 1439 4260 Sic
1468 4207 1636 4262 divini
1691 4208 1876 4270 Patres
1912 4209 2016 4267 hac

436 4301 508 4367 de
551 4316 612 4356 re
658 4301 1060 4363 disseruerunt.
1093 4299 1364 4353 Caeterum
1398 4297 1536 4375 liber
1585 4298 1676 4354 ille
1718 4299 1811 4368 qui
1848 4314 2016 4369 parva

434 4393 667 4466 Genesis
694 4393 918 4458 dicitur,
952 4392 1101 4454 haud
1129 4391 1247 4446 scio
1276 4391 1434 4460 cujus
1466 4392 1726 4458 auctoris,
1746 4394 2014 4447 Adamum

435 4489 656 4560 quidem
685 4489 767 4544 ait
793 4497 921 4558 post
953 4487 1024 4542 40
1045 4487 1165 4550 dies
1187 4485 1508 4556 paradisum
1541 4500 1660 4540 esse
1687 4485 2013 4556 ingressum,

435 4574 604 4630 Evam
639 4591 772 4631 vero
803 4585 926 4646 post
964 4575 1072 4641 80;
1103 4590 1280 4645 eaque
1328 4577 1396 4628 de
1424 4589 1588 4635 causa
1624 4585 1742 4644 post
1789 4574 2013 4642 totidem

2120 3379 2336 3448 σκαίρει
2365 3377 2428 3431 τὸ
2452 3378 2696 3430 τοιοῦτον
2724 3377 2756 3447 ἢ
2795 3377 2854 3430 τὸ
2886 3377 3098 3449 άρῤεν),
3132 3378 3327 3430 τούτου
3365 3374 3661 3446 χάρινὸτῆς

2118 3468 2464 3539 ἀκαθαρσίας
2501 3468 2694 3538 καιρὸς
2724 3468 3024 3532 διπλασίων
3047 3469 3205 3537 ἐδόθη
3238 3469 3362 3532 ταῖς
3387 3465 3662 3526 τικτούσαις

2117 3564 2186 3617 τὰ
2219 3561 2411 3630 θήλεα,
2441 3561 2518 3623 ὡς
2549 3560 2803 3616 ἐντεῦθεν
2848 3561 3024 3624 αὐτάς
3071 3559 3344 3620 διπλασία)
3393 3556 3677 3625 κεκτῆσθαι

2119 3656 2213 3707 καὶ
2266 3653 2366 3722 τὴν
2406 3653 2735 3707 ἀνάπαυσιν.
2796 3653 2910 3708 Καὶ
2947 3653 3012 3707 τὰ
3064 3653 3161 3722 μὲν
3209 3651 3308 3705 τοῦ
3343 3649 3662 3719 Θεοδωρητου

2117 3748 2381 3803 τοιαῦτα·
2412 3750 2439 3801 ὁ
2467 3749 2525 3802 δὲ
2559 3747 2839 3810 θειότατος
2878 3745 3146 3815 Κύριλλος
3195 3747 3253 3800 ὲν
3298 3745 3538 3815 ἡμέραις
3585 3740 3665 3810 μὲν

2119 3839 2505 3894 εἷδοποιείσθαι
2546 3839 2608 3894 τὸ
2645 3838 2818 3910 ἄρρεν
2849 3839 2983 3907 φησὶ
3016 3835 3108 3908 pl,
3127 3836 3188 3890 τὸ
3223 3835 3358 3907 θῆλυ
3393 3837 3438 3889 δ’
3465 3833 3530 3888 αὖ
3557 3835 3666 3901 ἠμε-

2119 3933 2230 4003 ρῶν
2263 3939 2317 3986 π’
2355 3933 2576 3986 δέεσθαι
2624 3932 2762 4003 πρός
2787 3947 2854 3999 γε
2882 3930 2982 4002 τὴν
3018 3933 3100 3993 εἰς
3141 3926 3282 3993 εἶδος
3305 3929 3370 3983 τὸ
3417 3925 3663 3997 ἀνθρώπι-

2119 4043 2209 4079 νον
2240 4025 2496 4096 πάροδον.
2529 4025 2641 4078 Καὶ
2669 4023 2855 4094 ἐπειδὴ
2883 4023 2944 4077 τὸ
2982 4023 3083 4094 μὲν
3140 4023 3312 4094 άῤῥεν
3343 4012 3664 4090 καθαρισμοῦ

2119 4117 2279 4187 χάριν
2329 4119 2386 4170 ἐν
2435 4115 2617 4187 ἡμέρῃ.
2667 4118 2734 4187 τῇ
2773 4113 3299 4185 τεσσαρακοστῇ,τὺ
3351 4112 3412 4166 δὲ
3460 4109 3581 4180 θῆλυ
3608 4109 3663 4176 τῇ

2117 4208 2456 4279 ὀγδοηκοστῇ
2486 4189 2863 4278 προσεφέρετο
2905 4205 2984 4276 τῷ
3025 4205 3161 4276 ναῷ,
3188 4205 3449 4275 φαίνεται
3480 4202 3664 4257 πάντως

2118 4301 2200 4354 ὅτι
2233 4299 2556 4370 καθάρσεως
2581 4303 2614 4370 ἡ
2647 4299 2872 4370 τοιαύτη
2903 4298 3103 4360 πλάσις
3137 4297 3319 4350 δέεται
3351 4295 3502 4366 παρᾶ
3523 4289 3662 4354 θεοῦ.

2122 4393 2234 4446 Καὶ
2262 4391 2408 4445 οὕτω
2453 4393 2550 4460 μὲν
2595 4391 2645 4443 οἱ
2684 4390 2821 4444 θεῖοι
2862 4391 2994 4458 περ)⁵
3035 4389 3230 4444 τούτου
3264 4383 3662 4458 Πατὲρεςθὴδὲ

2121 4485 2389 4556 λεγομένη
2423 4483 2613 4554 Λεπτὴ
2644 4484 2866 4547 Γένεσις
2902 4483 3035 4553 (55),
3067 4483 3167 4535 οὐκ
3195 4478 3276 4534 οἶδ
3300 4481 3426 4534 ὅθεν
3456 4493 3666 4545 συγγριτ

2125 4583 2286 4646 φείσα
2314 4561 2410 4632 καὶ
2449 4579 2620 4640 ὅπως,
2651 4577 2816 4648 φησιν
2855 4576 2938 4630 ὅτι
2969 4576 3090 4645 μεθ’
3117 4577 3332 4646 ἡμέρας
3364 4582 3417 4627 π’
3449 4571 3665 4643 εἰσῆλθεν

438 4666 558 4722 dies
617 4679 727 4726 tam
775 4684 960 4732 mares
991 4683 1154 4737 quam
1218 4666 1460 4722 femellas
1519 4667 1574 4722 in
1621 4666 1825 4734 templo
1875 4667 2012 4722 sisti.

2124 4671 2153 4724 ὁ
2193 4670 2369 4740 ’Δδὰμ
2395 4670 2477 4733 εἰς
2510 4670 2602 4722 τὸν
2629 4669 2984 4738 παράδεισον,
3025 4669 3058 4737 η
3087 4666 3145 4720 δὲ
3183 4665 3298 4720 Εὕα
3338 4666 3458 4737 μεθ’
3487 4665 3666 4736 ἡμέρας

439 4755 642 4813 Verum
680 4770 737 4814 tu
775 4761 911 4815 mihi
964 4760 1166 4814 librum
1205 4758 1353 4813 hunc
1383 4757 1614 4814 missum
1651 4757 1839 4812 facito.
1867 4759 2016 4813 ‘Nam

437 4865 568 4908 vera
599 4850 768 4906 Mosis
797 4851 1025 4907 historia
1065 4860 1332 4924 monstrat.
1367 4852 1531 4919 Deum
1574 4851 1664 4906 die
1691 4863 1848 4905 sexto
1878 4851 2020 4906 Ada-

437 4957 590 4997 mum
646 4943 894 5009 finxisse,
950 4959 1015 4999 ac
1068 4961 1193 4999 mox
1237 4945 1291 5001 in
1345 4943 1655 5014 paradisum
1697 4945 2015 5000 collocasse.

439 5035 817 5104 Consimiliter
839 5037 1006 5091 Evam
1032 5039 1122 5092 die
1148 5043 1302 5093 sex‘to
1330 5040 1398 5091 de
1427 5037 1620 5092 Adami
1657 5048 1831 5100 costa,
1851 5054 2014 5106 quam

440 5139 776 5200 sumpserat,
809 5130 1095 5201 formatam
1131 5139 1286 5184 sexto
1320 5129 1457 5205 item
1498 5129 1586 5184 die
1616 5129 1666 5182 in
1703 5130 2017 5199 paradisum

437 5225 694 5295 collocat.
728 5221 794 5276 Et
841 5221 1062 5291 quidem
1100 5229 1225 5290 post
1259 5231 1472 5276 sextum
1521 5223 1666 5297 hunc
1694 5221 1839 5294 diem
1883 5221 2022 5279 nihil

441 5318 678 5388 amplius
703 5315 972 5384 condidit.

2126 4761 2204 4829 π’,
2236 4765 2330 4816 καὶ
2368 4763 2560 4816 τούτου
2594 4763 2756 4834 χάριν
2779 4764 2838 4814 ἐν
2869 4761 3106 4832 ἡμέραις
3136 4760 3438 4824 τοσαύταις
3487 4754 3663 4829 πραεῖά·

2129 4871 2313 4922 γονται
2346 4853 2424 4924 τῷ
2455 4852 2568 4924 ναῷ
2597 4853 2660 4907 τό
2689 4869 2750 4904 τε
2782 4853 2952 4922 ἄρρεν
2996 4853 3088 4906 καὶ
3132 4852 3194 4905 τὸ
3231 4852 3390 4921 θῆλυ,
3421 4851 3668 4917 ἀναλόγως

2125 4947 2269 5016 τάχα
2290 4947 2370 5015 τῷ
2421 4945 2594 5014 Ἀδὰμ
2627 4945 2722 4998 καὶ
2767 4947 2833 5015 τῇ
2897 4942 3037 5013 Εὕα.
3084 4943 3226 4998 Ἀλλ’
3257 4945 3394 5014 ἄφες
3419 4942 3613 5012 αὐτή-ι’
3641 4937 3665 5004 ἡ

2127 5039 2236 5107 γὰρ
2265 5037 2361 5091 τοῦ
2396 5037 2642 5100 Μωσέως
2697 5037 2902 5106 ἀληθής
2949 5035 3161 5105 ἱστορία
3189 5035 3467 5089 δείκνυσιν
3513 5035 3589 5086 ὅτι
3617 5030 3668 5096 τῇ

2133 5129 2266 5200 ἕκτῃ
2299 5129 2486 5200 ἡμέρᾳ
2530 5129 2622 5182 τὸν
2667 5129 2842 5198 ’Δδάμ
2901 5129 3140 5196 ἔπλασεν
3168 5130 3197 5180 ὁ
3225 5127 3380 5192 Θεὸς,
3419 5128 3511 5180 καὶ
3546 5125 3670 5176 ἔθετο

2134 5222 2300 5277 αὑτὸν
2325 5223 2528 5290 εὐθέως
2550 5223 2608 5276 ὲν
2635 5221 2715 5294 τῷ
2739 5220 3084 5294 παραδείσῳο
3108 5223 3204 5276 καὶ
3231 5222 3331 5293 τὴν
3356 5221 3498 5275 Εθαν
3525 5214 3673 5271 ὡσαύ-

2128 5335 2236 5380 τως
2257 5319 2317 5372 ἐν
2337 5318 2484 5390 αὗτῷ
2513 5317 2737 5372 πλάττει
2753 5316 2832 5388 τῷ
2853 5317 3167 5388 παραδείσῳ
3181 5317 3324 5393 ὲν-τῇ
3352 5314 3483 5385 ἕκτῃ
3501 5310 3671 5382 ἡμέρᾳ.

443 5418 574 5488 μίαν
626 5416 738 5469 τῶι⁸
781 5411 1036 5484 πλευρῶν
1083 5409 1264 5466 λαϐὼν
1308 5411 1401 5463 τοῦ
1446 5409 1650 5484 Ἀδάμο
1692 5415 1830 5484 μετὰ
1879 5415 1992 5486 γὰρ
2028 5413 2128 5496 τὴν
2169 5415 2338 5485 ἕκτην
2371 5416 2630 5487 ἐποίησεν
2656 5415 2831 5471 οὐδέν.

507 5549 553 5579 ³⁸
583 5548 719 5604 Luc.
744 5563 804 5613 ιι,
829 5544 920 5600 22.
1001 5545 1044 5575 ³⁹
1081 5544 1258 5599 Levit.
1289 5559 1384 5608 xu,
1419 5545 1471 5598 6.

508 5671 626 5740 (55)
658 5666 793 5734 Quis
837 5667 909 5722 sit
965 5674 1159 5740 auctor
1208 5663 1429 5733 Λεπτῆς
1448 5662 1774 5740 ΑΓενέσεως,
1804 5664 2020 5740 'Parvm

437 5731 714 5804 Cauneas,
765 5754 928 5808 quam
969 5738 1140 5790 citant
1192 5731 1394 5805 praeter
1440 5731 1685 5808 Glycam,
1736 5735 2017 5808 Cedrenus

437 5821 493 5866 et
519 5804 797 5869 Zonaras;
851 5810 1157 5874 ignoratur,
1193 5804 1383 5872 quove
1441 5804 1642 5857 saeculo
1690 5820 1720 5857 c
1774 5807 2017 5860 tenebris

442 5881 729 5952 emerserit
748 5897 760 5934 :
779 5896 898 5935 nam
918 5876 1323 5949 antiquioribus
1348 5875 1448 5929 fuit
1468 5888 1693 5941 prorsus
1719 5875 2012 5942 incognita.

2129 5667 2246 5734 Qua
2283 5683 2415 5724 vero
2447 5667 2659 5722 ratione
2688 5665 2944 5721 Christus
2966 5661 3237 5734 Dominus
3270 5659 3513 5715 Mosaicae
3538 5651 3671 5710 fuerit

2129 5731 2231 5807 legi
2279 5739 2587 5808 subjectus,
2651 5736 2939 5806 disputant
2987 5731 3248 5802 theologi,
3315 5739 3668 5794 Sacraruniquc

2128 5809 2462 5864 Litterarum
2497 5810 2851 5877 interpretes.
