3794 6226
105 401 182 460 i-O'i
1261 405 1604 467 ANNALIU

1722 407 1905 467 PARS
1948 411 2062 470 III.

3174 417 3278 477 406

95 509 192 578 ἦνό
221 508 352 559 δεῖνα
399 508 602 570 ἐκεῖνος
638 508 767 579 πρὸς
809 509 868 575 ὃν
919 509 1309 595 ἀπεστάλησαν
1342 519 1391 570 oi
1431 518 1603 588 μαθη-

1725 523 1939 595 egisse;
1992 524 2135 590 quod
2173 539 2306 579 sane
2341 525 2383 579 si
2421 527 2572 594 prius
2624 527 2866 596 legisset,
2909 527 3172 582 Joannem
3210 531 3278 586 ad

93 602 163 654 tat
189 597 318 669 παρὰ
342 597 430 652 τοῦ
463 600 692 671 Κυρίου.

142 872 252 942 Περὶ
275 872 326 925 δι
352 870 436 924 τοῦ
470 871 678 925 Παύλου
709 875 760 927 τί
791 875 896 945 χρὴ
929 878 1024 930 καὶ
1081 879 1284 947 λέγειν,
1318 879 1374 932 ετ
1403 898 1466 949 γε
1501 883 1599 936 καὶ

88 963 233 1015 τοῦτον
256 959 382 1015 εἶναι
405 963 640 1033 νομίζεις
661 966 752 1019 ἕνα
778 967 887 1020 τῶν
907 968 1114 1024 δώδεκα
1137 973 1276 1024 κατὰ
1296 973 1394 1041 τὴν
1414 973 1596 1026 πλειό-

90 1073 168 1106 νων
195 1055 472 1123 ὑπόληψινς
509 1057 679 1125 Ἀφες
713 1059 840 1121 τοὺς
865 1061 972 1113 τῶν
1006 1063 1218 1115 πολλῶν
1249 1063 1464 1130 λόγους,
1501 1066 1596 1118 καὶ

89 1149 172 1206 τοῖς
207 1147 353 1214 ίεροίς
411 1149 642 1218 πρόσεχε
695 1150 1013 1220 γράμμασι.
1071 1155 1290 1210 Δώδεκα
1359 1158 1458 1226 μὲν
1505 1159 1599 1214 οὖν

89 1236 316 1301 ὶξελέξατο
352 1241 598 1310 μαθητὰς
626 1243 653 1294 6
696 1243 952 1311 Χριστὸς,
981 1241 1064 1309 οἷς
1117 1249 1217 1301 οὐκ
1271 1248 1388 1302 ἐστι
1430 1269 1597 1321 συνη-

90 1335 368 1404 ριθμημίνος
394 1337 421 1388 ὁ
458 1338 693 1401 Παῦλος.
728 1339 849 1402 Πῶς
883 1343 975 1394 καὶ
1005 1343 1134 1412 γὰρ,
1169 1345 1287 1413 εἴγε
1333 1347 1470 1413 μετὰ
1499 1348 1600 1414 τὴν

88 1426 158 1476 τού
185 1427 425 1492 παναγίου
477 1427 792 1496 Πνεύματος
836 1430 1062 1484 κάθοδον
1120 1436 1489 1504 προσελήλυθε
1524 1437 1601 1505 τῷ

89 1515 301 1586 Χριστῷ;
348 1517 564 1572 Δώδεκα
623 1521 720 1590 μὲν
787 1519 882 1576 οὖν
935 1526 984 1576 oi
1045 1526 1304 1595 μαθηταὶ,
1338 1531 1423 1598 ἐφ’
1457 1525 1531 1583 ὧν
1573 1531 1601 1583 6

97 1609 258 1670 Ἰούδας
283 1611 342 1679 τῇ
379 1611 473 1679 τῆς
500 1610 869 1682 φιλαργυρίας
914 1615 1056 1684 νόσῳ
1087 1617 1316 1685 κάτοχος
1357 1622 1602 1688 γεγονὼς

87 1698 157 1749 τιῦ
200 1699 296 1750 τῶν
341 1701 594 1768 μαθητῶν
647 1703 903 1756 ἐκπίπτει
953 1706 1143 1774 χοροῦ.
1200 1707 1499 1776 Εξσάγεται
1543 1711 1600 1762 δὲ

87 1790 172 1843 ἀντ’
215 1791 365 1845 αὐτοῦ
403 1795 538 1861 μετὰ
573 1795 672 1865 τὴν
702 1796 796 1849 τοῦ
835 1799 1044 1864 Κυρίου
1081 1799 1356 1869 ἀνάληψιν
1381 1802 1410 1854 6
1445 1803 1600 1855 Ματ-

88 1885 194 1947 θίας,
215 1883 281 1946 ῶς
308 1886 339 1953 ἡ
375 1885 551 1953 βίϐλος
577 1887 890 1958 διαγορεύει
917 1893 1029 1942 τῶν
1069 1892 1351 1961 Πράξεων.
1389 1895 1598 1948 Οὐκοῦν

89 1978 123 2030 οἳ
145 1977 218 2030 τὸν
245 1975 441 2032 Παῦλον
479 1976 576 2030 ἕνα
605 1980 859 2046 λέγουσιν
882 1976 1022 2033 εἶναι
1050 1983 1159 2035 τῶν
1201 1983 1478 2054 δώδεκα,ἢ
1510 1986 1601 2037 τὸν

86 2067 335 2121 ἐκπεσόντα
366 2069 455 2122 τοῦ
484 2071 648 2140 χοροῦ
699 2069 1032 2151 δειξάτωσαν
1089 2075 1222 2142 ἡμῖν
1249 2075 1321 2143 (εί
1373 2076 1447 2145 μὴ
1492 2077 1603 2147 γὰρ

89 2161 266 2223 ἐξέπεσέ
295 2180 394 2225 τις,
428 2164 528 2216 οὐκ
560 2164 626 2217 ἂν
662 2167 688 2217 6
720 2165 931 2228 Παῦλος
966 2167 1258 2236 εἰσῆλθεν),
1288 2167 1427 2236 ῆτὺν
1459 2170 1608 2221 Παῦ-

87 2255 153 2307 λον
191 2256 272 2309 ἕνα
313 2253 450 2311 εἶναι
496 2258 607 2310 τῶν
648 2259 857 2312 δώδεκα
892 2259 966 2328 μὴ
996 2260 1331 2328 λεγέτωσαν.
1374 2263 1523 2331 Πλὴν
1555 2265 1603 2316 εί

87 2349 154 2400 καὶ
175 2349 237 2417 μὴ
253 2348 321 2417 τῷ
347 2349 486 2420 χορῷ
508 2349 620 2403 τῶν
646 2350 712 2419 ιβ’
748 2353 1232 2421 συνηριθμημένος
1271 2353 1442 2416 ἐστὶν,
1477 2354 1594 2407 ἀλλ’

86 2442 218 2504 οὐδεὶς
260 2443 434 2495 ὲπανω
472 2445 732 2511 στήσεται
760 2445 997 2511 Παύλου,
1039 2445 1184 2498 καθά
1222 2461 1388 2513 φησιν
1415 2445 1444 2496 6
1486 2445 1587 2514 τὴν

86 2532 279 2600 γλῶτταν
318 2536 570 2604 χρυσοῦς.
609 2538 669 2590 Ei
729 2537 838 2606 γὰρ
868 2537 1099 2600 ἕκαστος
1131 2538 1272 2590 κατὰ
1305 2536 1398 2589 τὸν
1457 2536 1592 2588 ἴδιον

87 2628 215 2680 κόπον
250 2629 456 2683 καὶτὸν
493 2629 689 2699 μισθὸν
745 2629 1243 2700 λήψεται,·Παύλου
1303 2629 1360 2681 δὲ
1405 2629 1593 2681 πλεῖον

87 2721 218 2783 οὖδεὶς
256 2722 522 2784 ἐκοπίασε,
553 2723 608 2774 τί
639 2725 744 2792 χρὴ
803 2711 898 2775 καὶ
954 2722 1174 2790 λέγειν;
1227 2721 1462 2792 Εὔδηλον
1494 2722 1604 2793 γὰρ

86 2811 284 2865 ιντεῦθεν
307 2815 372 2878 ὥς
396 2815 496 2868 οὐκ
531 2814 680 2868 ἔστιν
705 2815 868 2868 αὐτοῦ
893 2815 1090 2886 μείζων
1114 2815 1311 2879 οὐδείς.
1343 2816 1452 2870 Καὶ
1481 2816 1610 2885 περὶ

89 2906 164 2972 μὲν
186 2906 367 2961 τούτων
403 2908 462 2961 οῦ
471 2926 599 2970 τως.

1702 617 1935 671 alterum
1991 617 2138 670 illum
2193 626 2405 672 certum
2458 619 2733 675 hominem
2791 621 3098 690 ablegatum
3155 624 3279 674 ani-

1703 709 2108 775 madvertisset,
2145 725 2247 771 nec
2287 709 2440 764 illum
2470 709 2637 766 fuisse
2673 711 2739 766 ad
2768 727 2928 781 quetu
2961 729 2990 767 a
3037 714 3270 768 Domino

1704 802 2084 856 mittebantur.

1770 893 2038 956 Cancrum
2071 895 2139 950 de
2180 895 2349 950 Paulo
2393 897 2534 952 nihil
2581 895 2877 950 dicendum
2927 897 3074 952 aliud
3115 915 3276 963 quam

1693 973 1846 1055 quod
1885 988 1940 1040 in
1993 1004 2224 1045 numero
2277 988 2671 1058 discipulorum
2711 989 2932 1041 illorum
2988 988 3278 1042 duodecim

1705 1095 1812 1133 non
1847 1079 2032 1139 fuerit.
2083 1081 2230 1151 quod
2286 1092 2466 1135 tamen
2516 1081 2716 1151 vulgus
2749 1082 3035 1134 hominum
3084 1081 3278 1134 existi-

1705 1180 1836 1223 mat.
1871 1171 1952 1224 Tu
2005 1172 2121 1248 illis
2153 1173 2508 1244 Opinionibus
2559 1173 2804 1238 omissis,
2837 1188 2959 1241 qua:
3005 1173 3177 1230 sacris
3228 1172 3282 1225 iu

1705 1263 1931 1316 Litteris
1973 1265 2171 1317 tradita
2223 1274 2353 1319 sunt
2397 1264 2657 1318 retineto.
2695 1264 2989 1318 Duodecim
3027 1263 3286 1322 videlicet

1703 1354 2002 1420 discipulos
2063 1355 2320 1410 Christus
2377 1355 2591 1423 selegit,
2654 1371 2890 1424 quorum
2950 1356 3004 1408 in
3053 1372 3286 1408 numero

1704 1443 1907 1498 Paulus
1938 1461 2284 1514 nequaquam
2324 1447 2556 1500 exstitit.
2591 1447 2722 1500 Nam
2753 1446 2845 1514 qui
2885 1447 3076 1501 referri
3115 1447 3285 1514 possit

1705 1537 1851 1589 inter
1909 1551 2023 1600 eos,
2077 1551 2203 1589 cum
2267 1552 2296 1588 a
2353 1538 2528 1590 sancti
2580 1538 2824 1605 Spiritus
2887 1540 2939 1601 in
3005 1538 3287 1606 apostolos

1702 1624 1969 1678 descensu
2007 1627 2244 1694 primum
2274 1626 2497 1680 Christo
2527 1627 2858 1681 accesserit?
2888 1626 2962 1679 Ex
2993 1627 3284 1688 duodecim

1704 1733 1836 1770 vero
1879 1717 2166 1786 discipulis
2218 1734 2342 1770 eum
2397 1717 2566 1773 Judas
2611 1736 2754 1774 unus
2792 1720 3038 1772 avaritiae
3093 1719 3286 1774 inorbo

1703 1821 1996 1876 correptus
2047 1810 2151 1864 hoc
2208 1811 2405 1866 ordine
2459 1829 2521 1866 ac
2575 1823 2722 1876 emtu
2785 1812 3102 1871 excidisset,
3163 1822 3284 1880 post

1707 1900 1922 1955 Domini
1961 1903 2339 1956 ascensionem
2389 1904 2440 1956 in
2488 1905 2684 1958 cadum
2731 1903 2892 1974 214
2922 1903 3174 1956 Matthias
3231 1903 3283 1954 in

1706 1992 1825 2061 ejus
1853 1992 2033 2045 locum
2065 1991 2331 2046 suﬂ'ectus
2356 2002 2457 2054 est,
2491 1994 2632 2047 sicut
2667 1993 2930 2047 Actorum
2965 1994 3102 2046 liber
3134 2008 3285 2044 com-

1707 2084 2063 2136 memorat".
2127 2082 2312 2152 Itaque
2364 2084 2407 2138 si
2461 2085 2552 2151 qui
2602 2085 2828 2137 Paulum
2884 2084 2938 2136 in
2996 2098 3284 2136 numerum

1708 2172 1924 2225 illorum
1959 2171 2249 2225 duodecim
2286 2172 2488 2226 referre
2519 2173 2730 2238 volunt,
2768 2175 2848 2226 vel
2876 2173 2998 2242 quis
3028 2188 3093 2226 eo
3140 2183 3286 2224 ςσιιιι

1709 2261 1978 2319 exviderit
2026 2265 2432 2328 demonstrent,
2469 2265 2521 2318 in
2579 2265 2737 2332 cujus
2775 2265 2890 2331 ipse
2936 2264 3116 2318 locum
3167 2278 3288 2314 suc-

1708 2352 1944 2406 cesserit
1988 2352 2210 2421 (quippe
2270 2369 2338 2407 ne
2387 2353 2511 2421 quis
2564 2354 2853 2419 exciderit,
2894 2353 3095 2406 Paulus
3147 2352 3288 2403 inter

1703 2457 1799 2496 eos
1851 2443 2053 2497 relatus
2103 2446 2272 2497 fuisse
2312 2444 2419 2498 diei
2472 2460 2582 2498 non
2642 2441 2866 2514 potest),
2919 2444 3002 2496 vel
3059 2442 3288 2496 Paulum

1700 2533 1881 2588 facere
1914 2535 1981 2587 de
2033 2535 2327 2587 duodecim
2386 2551 2556 2589 unum
2600 2535 2876 2589 desinant.
2925 2534 3055 2589 Utut
3107 2545 3288 2586 autem

1703 2631 1848 2676 cmtu
1892 2623 2112 2677 illorum
2145 2625 2436 2678 duodecim
2471 2626 2904 2694 comprehensus
2957 2639 3064 2678 non
3097 2624 3289 2686 fuerit,

1706 2729 1870 2768 nemo
1927 2725 2108 2768 tamen
2154 2717 2324 2768 alium
2377 2731 2710 2784 quemquam
2761 2716 3072 2784 apostolum
3122 2730 3288 2783 supra

1711 2807 1940 2860 Paulum
1978 2807 2290 2872 collocabit,
2336 2819 2395 2860 ut
2443 2788 2684 2862 Joannes
2732 2809 2822 2861 ille
2866 2806 3290 2878 Chrysostomus

1718 2907 1812 2960 ait.
1851 2906 2064 2974 Quippe
2093 2909 2136 2960 si
2165 2923 2263 2976 pro
2292 2907 2497 2962 laboris
2529 2910 2612 2962 sui
2646 2909 2858 2963 ratione
2885 2923 3096 2962 merces
3122 2909 3287 2962 etiam

88 2996 330 3068 unicuique
376 3000 678 3066 tribuetur,
734 3009 789 3056 et
838 3000 882 3056 si
939 3001 1125 3056 nullus
1182 3001 1402 3055 illorum
1470 3001 1596 3070 plus
1669 2999 1842 3054 Paulo
1918 2999 2211 3062 laboravit,
2256 3001 2411 3070 quid,
2455 2999 2711 3067 obsecro,
2753 2999 3287 3057 discendumiPer-

86 3097 286 3165 sgicuum
319 3100 443 3155 hinc
509 3101 760 3172 profecto
804 3111 890 3156 est
939 3102 1216 3155 neminem
1265 3116 1334 3155 eo
1399 3100 1662 3167 majorem
1701 3113 1846 3153 esse.
1876 3099 1949 3152 De
1987 3099 2073 3151 his
2105 3097 2395 3151 hactenus.

143 3191 190 3242 ’0
215 3192 263 3262 δὲ
315 3192 509 3264 Κύριος
562 3193 720 3263 ἡμῶν
785 3194 996 3264 Ἰησοῦς
1051 3194 1288 3264 Χριστὸς
1349 3193 1489 3263 μετὰ
1537 3193 1596 3246 τὸ

1773 3192 2038 3246 Dominus
2059 3202 2242 3246 autem
2269 3204 2458 3247 noster
2477 3193 2639 3248 Iesus
2657 3192 2913 3248 Christus
2931 3202 3287 3260 posteaquam

87 3271 407 3353 βαπτισθῆναι¹
437 3289 533 3340 καὶ
587 3285 682 3350 τοῦ
718 3285 1180 3356 θαυματουργεῖν,
1224 3286 1298 3349 ὡς
1342 3287 1604 3358 προείρηο

85 3393 166 3437 ται,
193 3377 273 3428 καὶ
308 3378 395 3430 τοῦ
437 3378 716 3431 διδάσκειν
777 3378 1114 3450 ἀπάρχεται,
1156 3379 1241 3446 ἐφ’
1273 3371 1316 3446 ᾧ
1351 3380 1445 3431 καὶ
1477 3377 1604 3430 λαὸν

84 3469 158 3539 οὐκ
176 3469 332 3536 ὀλίγον
359 3472 673 3538 ἐφέλκεται.
708 3471 896 3543 Ταύτῃ
929 3489 1012 3524 τοι
1053 3472 1148 3523 καὶ
1188 3471 1480 3539 φθονοῦσιν
1511 3471 1607 3522 αύ-

83 3558 141 3625 τῷ
177 3561 216 3611 οί
255 3563 520 3634 ἀρχιερεῖς
571 3563 663 3614 καὶ
714 3564 762 3614 οἱ
811 3565 1203 3632 γραμματεῖς·
1259 3562 1380 3615 ὅθεν
1414 3561 1606 3632 ὕϐρεσι

41 3699 47 3707 ,
89 3649 302 3706 πλύνουσι
337 3656 428 3708 καὶ
453 3655 680 3725 μὼμους
711 3655 858 3724 αύτῷ
890 3655 1396 3725 προσεπιτρίδουσι,
1422 3656 1607 3725 Σαμα-

88 3743 233 3809 ρείτην
261 3745 664 3807 ἀποκαλοῦντες
698 3748 794 3798 καὶ
817 3745 1160 3814 δαιμονῶντα
1204 3745 1378 3814 φάγον
1415 3763 1471 3797 τε
1511 3744 1606 3797 καὶ

83 3837 321 3905 οἰνοπότην
362 3841 547 3894 αὐτόν.
598 3840 761 3899 Ἀλλὰ
818 3839 912 3896 καὶ
965 3838 1137 3900 λίθοις
1174 3838 1469 3908 βάλλουσι,
1513 3838 1609 3891 xui.

87 3927 249 3994 μᾶλλον
274 3933 428 4000 ἡνίκα
462 3933 843 4002 τετραήμερον
883 3933 1072 4002 ἤγειρε
1121 3933 1212 3985 τὸν
1261 3933 1514 4001 Λάζαρον
1546 3933 1610 3985 ἐκ

86 4019 275 4088 νεκρῶν.
324 4021 518 4075 Οᾶκέτι
573 4023 760 4075 λοιπὸν
815 4023 1103 4093 παρρησίᾳ
1165 4022 1491 4090 περιεπάτει
1551 4024 1610 4074 ὲν

84 4111 173 4170 τοῖς
216 4112 502 4178 Ἰουδαίοις,
543 4113 660 4165 ἀλλ’
689 4114 931 4183 ἀπῆλθεν
976 4116 1057 4176 είς
1099 4113 1198 4186 τὴν
1227 4115 1412 4184 χώραν
1444 4116 1610 4182 ἐγγὺς

84 4198 158 4265 τῆς
185 4202 372 4271 ἐρήμου
420 4206 500 4267 είς
563 4203 804 4274 Ἐφραῒμ
862 4203 1180 4274 λεγομένην
1226 4207 1406 4268 πόλιν,
1450 4205 1613 4256 κάκεῖ

86 4287 290 4358 διέτριϐε
353 4294 491 4361 μετὰ
554 4294 664 4347 τῶν
730 4295 988 4364 μαθητῶν
1020 4295 1205 4362 αὑτοῦ,
1242 4296 1316 4359 ὡς
1355 4297 1612 4364 Ἰωάννης

89 4378 209 4445 φησί.
247 4381 372 4434 Μεθ’
423 4385 646 4457 ἡμέρας
688 4383 745 4436 δὲ
802 4401 958 4447 τινας
995 4385 1206 4452 ἐκεῖθεν
1236 4387 1480 4456 ἔρχεται,
1517 4386 1614 4438 καὶ

88 4471 196 4533 μετὰ
248 4472 404 4544 βαῒων
451 4466 924 4544 ’προσυπαντῶσιν
975 4477 1122 4546 αύτῷ
1179 4476 1463 4531 “rogita-:3:
1521 4479 1613 4531 τὸν

85 4560 292 4631 Λάζαρον
347 4567 509 4620 ἕνεκα
563 4568 864 4637 θαύματος.
921 4571 1010 4622 Ἐν
1064 4569 1120 4621 δέ
1174 4588 1236 4638 γε
1284 4575 1346 4641 τῇ
1399 4571 1611 4644 μεγάλῃ

84 4657 266 4726 τετράδι
299 4660 446 4729 παρὰ
477 4661 681 4729 Σίμωνι
717 4663 968 4714 ἑστιᾶται
1000 4663 1075 4731 τῷ
1106 4666 1276 4733 πατρὶ
1307 4666 1399 4717 τοῦ
1427 4667 1611 4729 Λαζά-

87 4759 161 4812 ρῡυ
191 4747 311 4816 (56),
345 4749 401 4804 ὃν
426 4753 588 4815 αὐτὸς
619 4752 720 4821 τῆς
755 4754 962 4824 λέπρας
995 4755 1206 4810 ἰάσατο.
1239 4758 1373 4808 Τότε
1402 4757 1464 4826 δὴ
1491 4759 1610 4809 τότε

86 4838 253 4912 ήγυνὴ
295 4844 462 4916 πύρνη
513 4849 579 4917 τῇ
624 4849 833 4922 κεφαλῇ
867 4848 1034 4901 αὐτοῦ
1075 4849 1247 4919 μύρον
1276 4852 1482 4919 ἑπιχέει
1518 4869 1614 4903 πο-

86 4926 289 4999 λύτιμον.
325 4935 464 5005 Ὅρα
497 4938 554 4990 δὲ
588 4939 856 5010 νουνεχῶς
886 4941 984 5009 εὸτι
1032 4941 1088 4993 αἱ
1143 4945 1404 5008 γυναῖκες
1445 4945 1499 4995 αἱ
1551 4945 1612 4995 τὸ

90 5019 231 5087 μὺρον
262 5027 542 5098 ἀλείψασαι
596 5031 688 5085 τὸν
731 5033 939 5103 Κύριον
977 5038 1124 5104 τρεῖς
1154 5037 1208 5087 αἱ
1248 5035 1424 5088 πᾶσαί
1455 5038 1613 5090 εἰσιν.

90 5106 232 5200 ἰξλλη
267 5117 356 5184 μὲν
400 5121 508 5192 γάρ
540 5123 685 5174 ἐστιν
718 5125 750 5191 ὴ
784 5125 935 5194 παρὰ
967 5124 1042 5194 τῷ
1091 5126 1335 5200 Ἰωάννῃ·
1370 5128 1529 5197 τιμία
1559 5128 1614 5180 δὲ

89 5197 223 5272 αὕτη,
246 5209 332 5260 καὶ
360 5212 390 5282 ἡ
431 5213 634 5284 ἀδελφὴ
671 5215 765 5268 τοῦ
798 5217 1073 5285 Λαζάρου.
1110 5218 1283 5287 Ἀλλη
1308 5217 1363 5270 δὲ
1404 5221 1436 5286 ἡ
1470 5219 1618 5288 ποιρά

90 5289 169 5356 τῆς
212 5298 377 5361 οἰκίας
430 5303 672 5372 Σίμωνος
727 5305 822 5358 τοῦ
873 5307 1114 5377 λεπροῦο
1153 5309 1330 5379 πόρνη
1373 5310 1428 5362 δὲ
1475 5310 1614 5379 αῦτη

92 5387 422 5449 πρῡσελθοῦσα
473 5395 549 5466 τῷ
593 5399 853 5467 Χριστῷ,
891 5399 1076 5463 καθὼς
1105 5402 1131 5454 6
1165 5401 1444 5465 Mateaio;
1475 5403 1617 5454 ίστο-

146 5521 182 5551 "
211 5525 321 5582 Act.
355 5546 392 5598 ι,
420 5533 508 5589 ‘26.
581 5535 628 5566 ⁸⁸
661 5535 821 5591 Joan.
852 5553 928 5606 XI,
967 5540 1055 5594 5.5.

148 5641 244 5726 (5‘?)
278 5644 540 5726 Simonem
561 5654 861 5722 Leprosum
914 5669 1124 5726 patrem
1160 5661 1324 5714 fuisse
1394 5661 1604 5726 Lazari,

167 5714 341 5800 {lepra
366 5719 528 5776 fuisse
552 5740 580 5776 a
605 5714 823 5800 Christo
845 5714 1097 5800 sanatum
1155 5731 1355 5800 Clycas
1387 5714 1604 5790 asserit;

97 5787 230 5868 abin
256 5800 430 5867 eorum
490 5795 791 5857 concedere
857 5799 1071 5852 videtur
1108 5787 1446 5868 opinionem,
1510 5787 1601 5867 qui

99 5854 190 5918 ires
215 5857 435 5929 omnino,
467 5877 666 5933 easque
688 5854 737 5919 'a
791 5883 846 5922 se
885 5871 1110 5925 invicem
1146 5854 1446 5939 'diversas;
1491 5854 1601 5927 st'a-

735 5974 788 5981 -ο

1706 3287 2013 3356 baptizatus
2069 3296 2253 3351 esset,
2300 3299 2414 3341 tum
2469 3289 2736 3351 miracula
2798 3291 3046 3357 quautam
3096 3286 3284 3348 edere,

1703 3395 1802 3434 ceu
1835 3380 1986 3448 prius
2020 3379 2422 3444 iudicabamus,
2459 3383 2645 3449 cwpit,
2711 3392 2822 3433 tmn
2875 3377 3110 3432 docendi
3158 3376 3291 3430 fec't

1706 3469 1948 3522 initium.
1990 3471 2109 3535 Quo
2147 3470 2348 3524 farctum
2383 3480 2441 3525 ut
2487 3473 2748 3541 populum
2801 3472 2866 3524 ad
2900 3486 2957 3524 se
3006 3485 3110 3521 non
3159 3469 3279 3521 cxi-

1706 3577 1869 3631 gnum
1906 3563 2276 3630 pertraheret,
2311 3581 2475 3633 quam
2512 3579 2624 3616 rem
2675 3562 2996 3632 pontiﬁcum
3045 3570 3100 3614 et
3150 3560 3290 3613 seri-'-

1707 3655 1903 3708 barum
1946 3653 2154 3708 invidia
2185 3668 2372 3709 secuta
2411 3664 2512 3710 est.
2548 3655 2685 3709 llinc
2733 3655 3058 3724 injuriarutn
3104 3669 3290 3720 asper-

1707 3745 1892 3798 sioncs
1934 3755 1988 3799 et
2047 3746 2537 3814 reprehensionum
2595 3747 3004 3814 usurpationes,
3079 3744 3286 3813 quibus

1707 3853 1832 3891 eum
1858 3837 2229 3905 exagitabant,
2252 3837 2660 3891 Samaritanum
2686 3839 3028 3909 appellantes
3049 3847 3103 3890 ct
3129 3836 3292 3902 genio

1711 3931 1854 3982 malo
1887 3927 2190 3982 obn‘oxium
2247 3939 2302 3983 et
2357 3929 2715 3984 comedonem
2775 3940 2831 3983 et
2898 3929 3288 3982 temulentum.

1709 4021 1852 4089 Quin
1903 4021 2066 4075 etiam
2124 4023 2396 4090 lapidibus
2445 4023 2622 4090 ipsum
2681 4022 2988 4090 petebant,
3054 4035 3118 4073 ac
3175 4029 3289 4072 tum

1711 4115 2014 4184 prmsertittt
2059 4130 2183 4169 cum
2234 4115 2497 4168 Lazarum
2547 4123 2658 4167 toto
2707 4114 2890 4167 triduo
2923 4123 3197 4166 mortuum
3234 4110 3289 4163 in

1710 4208 1878 4261 vitam
1908 4215 2248 4262 revocasset.
2299 4207 2481 4272 Quare
2530 4221 2640 4259 non
2687 4205 2796 4275 jam
2851 4205 3089 4272 amplius
3125 4203 3294 4256 auda-

1712 4310 1830 4354 cter
1869 4300 2012 4353 inter
2038 4298 2260 4353 Judzeos
2295 4300 2645 4360 versabatur,
2677 4298 2772 4352 sed
2808 4297 2861 4350 in
2892 4297 3130 4350 vicinam
3164 4295 3295 4349 soli-
3339 4329 3345 4335 -

1715 4392 1890 4446 tudini
1941 4393 2239 4460 regionem,
2272 4392 2364 4444 ubi
2394 4391 2654 4460 oppidum
2689 4401 2808 4444 erat
2853 4406 3016 4458 quam
3050 4388 3295 4456 Epltrae-

1716 4500 1856 4537 mam
1901 4483 2179 4547 dicebant,
2210 4483 2526 4544 scccdebat,
2591 4483 2778 4551 ibique
2827 4497 2953 4534 cum
3007 4481 3296 4548 discipulis

1717 4576 1832 4630 suis
1856 4574 2199 4644 aliquandiu,
2232 4589 2330 4626 ceu
2364 4573 2604 4628 Joannes
2653 4573 2930 4626 memoria:
2960 4571 3204 4641 prodidit
3226 4573 3292 4634 “',

1717 4667 1972 4736 degebat.
2027 4664 2156 4718 Post
2209 4663 2420 4733 aliquot
2469 4665 2588 4717 dies
2641 4663 2939 4717 revertenti
2992 4663 3294 4732 palmarum

1715 4776 1839 4814 cum
1873 4759 2039 4812 ramis
2070 4754 2387 4822 occurrunt,
2415 4758 2533 4827 ejus
2573 4757 2822 4810 miraculi
2848 4771 3009 4811 causa
3039 4755 3184 4824 quod
3241 4756 3295 4808 in

1716 4850 2094 4905 resnscitando
2145 4851 2357 4904 Lazaro
2423 4849 2697 4903 ediderat.
2751 4847 2880 4902 lude
2949 4864 3139 4917 magna
3205 4848 3296 4900 illa

1715 4953 1909 5012 quarta
1949 4944 2082 4997 feria
2117 4944 2257 5011 apud
2303 4943 2585 4996 Simonem
2626 4941 2818 4994 Lazari
2874 4949 3107 5016 patrem,
3139 4940 3299 5009 cujus

1717 5035 1928 5105 lepram
1979 5041 2287 5097 sanaverat,
2370 5033 2628 5086 convivio
2685 5033 2995 5103 excipitur;
3060 5048 3168 5101 quo
3241 5033 3296 5086 in

1719 5127 1972 5180 convivio
2021 5125 2220 5178 mulier
2267 5124 2542 5192 quasdam,
2594 5140 2718 5194 qua:
2773 5141 3003 5194 corpore
3053 5139 3155 5178 suo
3185 5139 3298 5178 me-

1724 5217 1946 5281 rui~set,
1993 5225 2276 5284 unguento
2310 5217 2528 5269 u'iaxitni
2569 5219 2732 5286 pretii
2793 5227 2958 5288 caput
3007 5219 3126 5288 ejus
3173 5234 3298 5286 per-

1723 5309 1920 5361 fundit.
1971 5307 2148 5377 Atque
2196 5307 2286 5361 hic
2321 5309 2624 5377 prudcnler
2667 5310 2939 5364 advortito
2976 5309 3122 5378 quod
3175 5323 3296 5360 ml!-

1722 5401 1889 5456 liercs
1923 5417 2042 5472 quae
2071 5401 2352 5457 Christum
2387 5411 2666 5474 unguento
2699 5403 3044 5474 perfuderint
3067 5400 3296 5456 omnino

1729 5668 1894 5713 luunt
1937 5659 2216 5722 mulieres,
2267 5676 2386 5729 quae
2444 5658 2730 5729 Dominum
2775 5650 3138 5729 im_tn\'_t_erint:
3183 5651 3278 5701 sed

1718 5733 1831 5810 haec
1851 5747 1915 5784 ac
1941 5731 2140 5784 similia
2171 5721 2390 5786 (innare
2415 5740 2508 5786 aut
2533 5727 2782 5783 refellere
2806 5721 3058 5795 pluribus
3086 5731 3294 5804 nonest

1715 5817 1951 5856 animus.
