3794 6226
44 298 129 366 Μ

1208 290 1613 353 ANNAHUM
1659 289 1856 348 PARS
1902 287 2015 349 III.

3142 289 3255 351 ιεο

59 413 151 467 Καὶ
187 406 322 461 τοῦτο
363 406 534 473 δηλῶν
572 406 597 457 ὁ
646 400 1042 472 εὐαγγελιστῆς
1094 405 1277 469 ἔλεγεν
1341 404 1421 455 ὅτι
1468 402 1561 453 καὶ

1745 401 1852 454 ιὶιο.
1898 420 1914 452 ›
1956 402 2101 454 Inter
2165 402 2303 455 alios
2358 410 2409 456 ct
2460 401 2627 456 Iudas
2670 400 3004 470 'participat.
3066 414 3247 470 eoque

43 502 193 557 λαϐὼν
233 500 287 552 τὸ
333 498 541 566 ψωμέον
573 496 795 565 ἐξῆλθεν
822 511 837 525 ·
870 490 938 564 ἦν
979 496 1033 547 δὲ
1069 495 1185 558 νύξ.
1228 495 1558 563 ’Ᾱπέρχεται

42 593 115 648 οὖν
147 592 267 661 πρὸς
332 589 422 651 οὓς
490 587 835 656 συνεφώνησε
898 586 1237 657 παραδοῦναι
1290 587 1384 637 τὸν
1444 585 1559 637 Κύ-

42 703 150 755 ριον.

1669 491 1815 545 facto
1864 506 1923 544 se
1975 493 2040 545 ad
2098 491 2320 546 Judteos
2378 493 2611 555 confert,
2648 501 2705 545 ιιι
2754 508 2876 561 qua:
2924 508 2953 546 a
3022 490 3255 546 Domino

1670 592 1790 637 acta
1823 585 2061 638 luissent
2093 584 2225 653 ipsis
2278 585 2572 641 indicaret.
2625 586 2682 639 Id
2748 586 2897 640 enim
2937 586 3254 656 signiﬁcare

1666 680 1859 733 volens
1885 692 2078 733 auctor
2113 680 2357 733 historiae
2392 680 2720 749 evangelica:
2745 681 2881 734 dixit
2906 700 2921 736 :
2949 701 2966 731 ι
2994 680 3168 765 Simul
3193 695 3255 732 ae

43 780 233 846 sumpsit
260 778 513 832 bucceam
538 775 729 839 exivit,
762 789 886 828 cum
920 773 1143 844 quidem
1200 788 1305 828 nox
1336 780 1483 827 esset
1505 770 1607 827 δ’.»
1650 775 1777 829 Abit
1834 776 2001 845 igitur
2053 774 2117 827 ad
2178 790 2275 829 eos
2349 773 2678 843 quibuscum
2707 786 2901 845 pactus
2958 776 3137 830 fuerat
3192 792 3249 831 se

45 873 283 927 hominum
313 869 439 939 ipsis
477 869 828 929 traditurum.
860 880 867 889 '

98 965 231 1018 Καὶό
256 959 349 1030 μὲν
372 959 575 1029 Κύριος
599 960 665 1012 τὰ
688 961 977 1013 τελευταῖα
1006 961 1119 1021 τοῖς
1151 958 1421 1028 μαθηταῖς
1449 958 1567 1010 δια-

44 1056 228 1110 τίθεταισ
255 1047 350 1105 εἷθ’
384 1050 558 1109 οὕτως
594 1052 675 1113 εὶς
710 1053 882 1103 τόπον
910 1053 1133 1121 ἔρχεται
1169 1052 1228 1103 ὃν
1259 1050 1375 1121 ᾔδει
1408 1053 1505 1102 καὶ
1539 1048 1568 1099 ὁ

44 1148 283 1217 προδότης,
334 1143 389 1205 ὃς
438 1142 638 1195 αὐτίκα
696 1144 793 1195 καὶ
851 1143 1033 1197 λαϐὼν
1075 1143 1173 1213 τὴν
1222 1144 1451 1211 σπεῖραν
1502 1141 1567 1193 ὲκ

46 1238 128 1291 τῶν
171 1237 454 1307 ἀρχιερέων
507 1236 604 1286 καὶ
642 1234 954 1305 Φαρισαίων
1008 1235 1292 1303 ὑπηρέτας
1340 1232 1562 1303 ἔρχεται

43 1334 130 1382 ἐκεῖ
170 1330 293 1398 μετα
327 1328 509 1395 φανῶν
560 1329 655 1381 καὶ
685 1328 1009 1399 λαμπάδων.
1053 1328 1340 1398 Ἐπερωτᾷ
1377 1326 1565 1379 λοιπὸν

47 1418 201 1480 αὐτούς
223 1433 237 1448 ·
278 1417 534 1469 πίπτουσι
588 1417 784 1487 χαμαί.
831 1418 1159 1470 Ἀποκὸπτει
1189 1417 1249 1469 τὸ
1276 1416 1439 1469 ὠτίον
1468 1415 1562 1468 τοῦ

48 1510 223 1577 uano»
250 1509 277 1560 ὁ
314 1509 538 1578 Πέτρος,
582 1511 630 1561 εὶ
660 1509 755 1562 καὶ
792 1509 894 1578 τὴν
934 1509 1113 1562 αὐτοῦ·
1151 1510 1400 1581 κεφαλὴν
1430 1511 1564 1563 ἀπο-

47 1601 191 1668 τεμεῖν
222 1598 311 1651 οὐκ
339 1599 547 1667 ἴσχυσε·
587 1600 745 1653 τοῦτο
766 1601 861 1653 καὶ
888 1602 995 1672 γὰρ
1024 1596 1092 1673 ἦν
1126 1602 1274 1672 αὐτῷ
1306 1604 1366 1655 τὸ
1398 1618 1565 1654 σπου-

46 1690 304 1758 δαζόμενον.
340 1692 470 1743 Τότε
502 1690 573 1763 δὴ
603 1692 724 1744 τότε
754 1694 849 1745 καὶ
876 1695 1014 1762 πρὸς
1044 1694 1207 1747 αὑτὸν
1244 1693 1347 1763 ἔφη
1385 1696 1412 1746 ὁ
1448 1694 1563 1748 Κύο

1743 954 1963 1011 Interim
2025 955 2288 1011 Dominus
2336 955 2503 1010 rebus
2558 958 2673 1010 suis
2723 967 3063 1024 postremum
3111 963 3251 1016 inter

1670 1049 1970 1117 discipulos
2023 1048 2292 1103 ordinatis
2344 1060 2508 1117 atque
2566 1048 2887 1117 dispositis,
2963 1052 3013 1104 in
3075 1053 3253 1107 locum

1669 1140 1961 1210 quemdam
1992 1155 2048 1194 se
2086 1140 2278 1210 recipit
2314 1138 2579 1210 proditori
2612 1155 2720 1193 non
2756 1140 3023 1211 ignotum.
3049 1143 3100 1198 Is
3128 1161 3258 1199 vero

1668 1233 1896 1287 cohorte
1927 1234 2162 1287 militum
2191 1234 2456 1287 continuo
2486 1233 2651 1303 216
2672 1248 2857 1287 secum
2891 1244 3105 1303 sumpta
3132 1251 3257 1289 cum

1669 1325 2023 1394 pontiﬁcibus
2046 1334 2099 1378 et
2127 1325 2419 1379 Pharisreis
2446 1324 2734 1389 ministris,
2768 1339 2835 1378 eo
2866 1340 2988 1379 cum
3020 1327 3261 1383 lucernis

1671 1424 1727 1468 et
1774 1415 1987 1469 facibus
2044 1416 2293 1469 advolat.
2337 1415 2413 1468 Ibi
2465 1414 2685 1469 Christo
2738 1431 2833 1471 eos
2884 1416 3258 1489 interrogante

1673 1507 1825 1559 humi
1868 1516 2155 1562 corruunt.
2184 1507 2379 1561 Petrus
2407 1506 2617 1561 Malcho
2642 1509 2943 1564 auriculam
2964 1512 3257 1571 abscindit.

1672 1614 1798 1652 cum
1831 1610 1998 1669 caput
2027 1599 2236 1654 homini
2283 1600 2610 1656 abscindere
2642 1617 2749 1655 non
2781 1616 2987 1671 posset,
3023 1606 3075 1658 id
3107 1607 3255 1674 quod

1673 1690 1921 1745 studiose
1956 1691 2155 1746 facere
2211 1692 2539 1746 conabatur.
2576 1693 2717 1747 Tum
2774 1695 2858 1749 his
2900 1712 3023 1749 eum
3072 1698 3255 1751 verbis

50 1799 166 1850 ριος·
199 1799 216 1833 ι
240 1778 311 1836 Ἦ
338 1784 487 1836 δοκεῖ
537 1802 625 1837 σοι
678 1787 759 1841 ὅτι
790 1787 853 1839 οὐ
882 1785 1118 1856 δύναμαι
1147 1786 1273 1858 ἄρτι
1309 1805 1564 1859 παρακαο

1745 1784 1935 1838 μηιῑηιιε
1986 1784 2331 1853 compellat:
2373 1802 2392 1834 ι
2430 1790 2512 1837 Au
2574 1800 2685 1838 non
2743 1786 3030 1841 existimas
3094 1803 3256 1857 posse

45 1875 161 1928 λέσαι
184 1876 265 1929 τὸν
302 1877 518 1947 Πατέρα
558 1895 686 1947 μου,
708 1880 805 1932 καὶ
841 1880 1190 1950 παραστήσει
1225 1898 1314 1949 μοι
1341 1881 1563 1945 πλείους

46 1968 68 2036 ἦ
99 1968 273 2021 δώδεκα
314 1969 590 2037 λεγεῶνας
641 1972 931 2039 ἁγγέλων;
965 1972 1085 2035 πῶς
1119 1968 1213 2026 οὖν
1264 1972 1570 2043 πληρωθώ-

53 2077 116 2112 σιν
132 2062 175 2112 αἱ
201 2063 235 2113 Γ
241 2064 421 2130 ραφαὶ,
453 2065 535 2115 ὅτι
582 2062 757 2141 οὕτως
785 2064 869 2117 δεῖ
893 2065 1149 2133 γενέσθαι
1176 2083 1193 2131 ;
1226 2084 1248 2120 ι
1290 2065 1475 2119 Ταῦτα
1509 2065 1567 2118 δὲ

46 2155 125 2217 τοῖς
156 2155 397 2225 μαθηταῖς
431 2153 626 2223 ἔλεγεν
654 2157 683 2209 ὁ
717 2158 930 2230 Σωτὴρ,
967 2159 1218 2228 ὲκφοόὦν
1247 2159 1445 2222 αὐτοὺς
1472 2159 1569 2212 καὶ,

51 2246 211 2299 πείθων
234 2247 475 2300 ἐντεῦθεν
505 2246 679 2317 μηδέν
701 2266 755 2302 τι
776 2250 886 2302 τῶν
906 2251 1211 2319 γινομένων
1240 2250 1564 2320 πολυπραγ-

50 2341 202 2403 μονεῖν.
236 2340 291 2392 Εἰ
318 2344 425 2411 γὰρ
450 2344 577 2405 ταῖς
608 2342 877 2413 Γραφαῖς,
916 2344 1075 2412 φησὶ,
1114 2343 1273 2396 τοῦτο
1312 2344 1482 2408 δοκεῖ,
1506 2344 1567 2398 τὸ

50 2430 197 2481 παθεῖν
228 2432 319 2500 ἐμὲ
352 2432 625 2503 δηλονότι,
653 2435 773 2498 πῶς
794 2435 955 2505 ὑμεῖς
985 2434 1333 2489 ὲναντιοῦσθε
1368 2435 1569 2506 μαχαί-

52 2538 137 2590 ραις
168 2523 416 2594 χρώμενοι
443 2542 460 2592 ;
490 2527 556 2580 τὸ
596 2530 863 2599 ποτήριον
892 2527 920 2581 ὃ
948 2527 1151 2583 δέδωκέ
1176 2545 1266 2599 μοι
1294 2530 1322 2581 ὁ
1354 2527 1565 2600 Πατὴρ,

50 2616 92 2666 οὐ
123 2617 182 2685 μὴ
203 2618 303 2671 πίω
327 2620 494 2687 αὑτός

96 2790 327 2861 Δήσαντες
361 2793 451 2847 οὖν
482 2795 583 2849 τὸν
608 2795 841 2867 Ἰησοῦν
866 2796 1161 2868 ἀπήγαγον
1205 2799 1341 2869 πρὸς
1366 2800 1565 2856 Ἀνναν

51 2882 238 2951 πρῶτον,
264 2888 480 2942 κάκεῖσε
527 2888 802 2960 κρίνεται.
836 2890 973 2959 Περὶ
1006 2892 1107 2961 τῆς
1135 2892 1303 2945 αὑτοῦ
1340 2893 1566 2966 διδαχῆς

55 2975 237 3030 καὶτῶν
267 2980 519 3049 μαθητῶν
545 2983 844 3050 ἐρωτᾶται.
886 2982 1270 3053 Ἀποκρίνεται
1298 2986 1370 3048 ὡς
1393 2988 1562 3049 εἰκός.

58 3067 284 3173 ἷΡάπισμα
314 3073 550 3145 δέχεται,
591 3076 685 3127 καί
718 3092 907 3145 φησιν·
944 3095 962 3127 ι
1003 3077 1063 3130 ΕΞ
1104 3077 1202 3146 μὲν
1233 3078 1418 3142 κακῶς
1439 3080 1561 3133 ὲλά-
1592 3111 1637 3173 C

50 3156 181 3226 λησα,
211 3180 227 3213 ι
266 3167 354 3216 καὶ
402 3166 470 3219 τὰ
526 3165 682 3235 ἑξῆς.
748 3167 993 3221 Ἐκεῖθεν
1046 3167 1138 3221 οὖν
1181 3170 1378 3236 ἄγεται
1430 3172 1566 3242 πρὸς

52 3252 272 3321 Καϊάφαν,
297 3257 485 3312 ἔπειτα
523 3251 667 3328 πρὶς
710 3259 943 3314 Πιλάτον
977 3263 1188 3332 πρωῒας
1218 3261 1409 3335 οὔσης·
1440 3268 1569 3335 πρὶν

51 3344 75 3411 ἦ
118 3346 197 3413 μὲν
244 3350 504 3421 ἀλέκτορα
557 3353 810 3422 φωνῆσαι
857 3355 994 3425 πρὸς
1040 3356 1294 3425 Καϊάφαν
1352 3357 1565 3425 ἄγεται,

54 3439 161 3507 πρωῒ
200 3440 250 3493 δὲ
296 3444 431 3514 πρὸς
493 3445 753 3499 Πιλάτον.
792 3448 1080 3501 Δεὶκνυσιν
1115 3450 1143 3500 ὁ
1175 3449 1569 3521 εὐαγγελιστὴς

52 3531 109 3581 ὅτι
130 3531 177 3583 τὺ
196 3535 354 3604 ἡμισυ
384 3538 489 3606 τῆς
523 3538 721 3601 νυκτὸς
756 3536 904 3591 ἅπαν
943 3538 1050 3591 ὑπὸ
1088 3540 1320 3609 Καῐαφα
1351 3540 1571 3615 ἐρωτώ-

56 3639 175 3689 μενος
200 3629 342 3681 οὺδὲν
373 3631 725 3700 ἐξηλέγχετο,
767 3630 849 3683 διὸ
888 3632 984 3684 καὶ
1014 3633 1379 3704 παρέπεμψεν
1406 3635 1568 3687 αὐτὸν

54 3716 107 3783 τῷ
132 3719 337 3791 Πιλάτῳ.
364 3724 476 3776 Καὶ
527 3724 557 3775 ὁ
608 3724 708 3791 μὲν
734 3725 962 3795 Μάρκος
986 3726 1114 3795 περὶ
1147 3725 1248 3796 τῆς
1277 3726 1570 3799 ἀλεκτορο-

54 3809 211 3872 φωνίας
239 3812 439 3878 διεξιὼν
477 3814 624 3867 οὕτω
661 3815 828 3884 φησιν
859 3831 872 3845 ·
922 3833 941 3865 ι
983 3815 1116 3885 Πρὶν
1158 3815 1427 3888 ἀλέκτορα
1457 3835 1569 3885 φω-

52 3899 172 3966 »ἧσαι
194 3904 284 3969 δὶς,
312 3906 430 3976 τρὶς
464 3909 763 3979 ἀπαρνήσῃ
788 3924 855 3977 με
894 3924 914 3960 ι
950 3909 1060 3979 (ὅτε
1088 3908 1198 3978 γὰρ
1227 3909 1375 3973 ἅπαξ
1404 3911 1568 3981 ἠρνή-

56 4004 172 4053 σατο,
208 3995 475 4066 ἐςώνησεν
530 3999 560 4049 ὁ
615 3998 935 4068 ἀλεκτρυὼν
986 4000 1050 4052 τὸ
1090 4000 1329 4070 πρῶτον,
1371 4001 1460 4055 ὅτε
1512 4002 1570 4056 δὲ

56 4083 198 4147 τρίτον
219 4089 511 4158 ἠρνήσατο,
561 4092 624 4143 τδ
669 4090 926 4162 δεύτερον
975 4090 1315 4163 ἐφώνησεν),
1344 4094 1570 4165 ἀκριϐέ-

56 4190 201 4245 στερον
224 4181 583 4253 ἐξηγούμενος
599 4182 698 4254 τὴν
727 4184 824 4237 τοῦ
853 4184 1064 4253 Πέτρου
1096 4183 1408 4252 ἀσθένειαν,
1439 4188 1570 4257 παρ’
1598 4192 1609 4197 ’

54 4271 180 4322 αὖτοῦ
230 4275 316 4328 τοῦ
369 4276 696 4332 διδασκάλου
748 4277 977 4345 μαθὼν.
1025 4280 1107 4332 ὅτι
1159 4279 1255 4332 καὶ
1307 4282 1571 4350 φοιτητὴς

54 4363 219 4418 ὲκεξνον
245 4364 327 4439 ἦν.
367 4370 426 4423 Ὀ
444 4371 501 4422 δὲ
522 4370 795 4435 Ματθαῖος
827 4372 995 4424 εἰπὼν
1024 4374 1104 4424 ὅτι
1132 4390 1148 4422 ι
1177 4372 1315 4443 Πρὶν
1346 4374 1569 4426 ἀλέκτο-

1674 1889 1760 1929 me
1785 1875 2001 1928 Patrem
2033 1890 2262 1929 exorare
2285 1875 2447 1928 modo
2472 1886 2529 1929 ut
2558 1877 2741 1945 plures
2776 1878 2905 1930 mihi
2933 1894 3095 1946 quam
3123 1880 3258 1931 duo-

1671 1967 1849 2021 decim
1893 1967 2142 2037 legiones
2173 1968 2494 2036 angelorum
2543 1969 2894 2038 suppeditet?
2928 1981 2982 2023 at
3016 1987 3253 2040 quonam

1669 2070 1829 2131 pacto
1866 2060 2176 2115 conﬁerent
2215 2077 2335 2130 quae
2369 2060 2487 2116 fieri
2539 2076 2796 2131 oportere
2855 2065 3027 2119 sacris
3065 2066 3252 2135 prodi-

1673 2162 1785 2207 tum
1818 2164 1902 2209 est
1935 2153 2162 2208 Litteris
2183 2153 2276 2206 ”?
2308 2172 2327 2205 ι
2362 2153 2492 2221 Quae
2516 2169 2647 2209 sane
2676 2156 2941 2210 Dominus
2974 2156 3039 2211 ad
3086 2158 3255 2212 disci-

1670 2247 1828 2315 pulos
1884 2249 1956 2301 ita
2013 2248 2263 2318 protulit,
2320 2256 2379 2302 ut
2435 2258 2641 2302 metum
2695 2250 2778 2303 cis
2834 2250 3130 2315 incuteret,
3192 2268 3257 2306 ac

1668 2322 2026 2409 persuaderet
2076 2354 2144 2394 ne
2185 2339 2317 2410 quid
2375 2356 2571 2395 eorum
2606 2357 2729 2411 qua:
2782 2342 3099 2397 acciderent
3152 2359 3253 2397 cu-

1671 2432 1872 2486 riosius
1905 2441 2308 2487 scrutarentur.
2342 2432 2477 2487 Nam
2526 2432 2571 2486 si
2621 2434 2795 2487 sacris
2844 2435 2917 2487 ita
2960 2436 3135 2488 visum
3171 2446 3258 2489 est

1672 2524 1898 2579 Litteris
1951 2534 2012 2577 ut
2042 2524 2366 2595 patiendum
2402 2524 2535 2579 mihi
2567 2525 2659 2592 sit,
2689 2525 2783 2595 qui
2817 2525 2875 2579 ﬁt
2918 2539 2977 2579 ut
3010 2543 3109 2582 vos
3138 2529 3257 2599 gla-

1670 2618 1776 2671 diis
1807 2626 2025 2672 utentes
2056 2618 2334 2672 adversari
2366 2618 2588 2672 velitis?
2618 2621 2878 2688 poculum
2918 2620 3077 2687 illud,
3107 2622 3256 2691 quod

1669 2711 1831 2765 Pater
1856 2712 1989 2765 mihi
2022 2712 2191 2774 dedit,
2224 2727 2332 2765 non
2367 2711 2593 2766 bibam?

1743 2804 1912 2873 Igitur
1946 2802 2257 2873 colligatum
2288 2804 2524 2859 vinculis
2562 2803 2752 2859 Jesum
2789 2805 2855 2859 ad
2897 2807 3110 2860 Annam
3142 2809 3256 2876 pri-

1670 2912 1817 2949 mum
1847 2894 2152 2959 abducunt,
2178 2896 2366 2965 ibique
2393 2897 2606 2966 judicio
2634 2897 2876 2957 sistitur.
2908 2899 2976 2953 de
3006 2900 3261 2955 doctrina

1670 2998 1726 3043 et
1759 2988 2051 3057 discipulis
2093 2988 2510 3057 interrogatur:
2543 2990 2844 3057 respondet
2893 3000 2951 3045 ut
2988 3008 3085 3061 par
3115 3009 3255 3046 erat.

1668 3076 1803 3132 Cum
1838 3077 2048 3146 alapam
2089 3076 2395 3146 accepisset
2429 3093 2443 3130 :
2484 3095 2501 3127 ι
2540 3076 2596 3132 Si
2654 3079 2795 3133 male
2840 3080 3060 3135 locutus
3111 3099 3259 3148 sum,

1676 3169 1875 3239 inquit,
1932 3169 2227 3224 testiﬁcare
2276 3170 2343 3224 de
2400 3176 2545 3224 malo
2591 3187 2607 3223 :
2665 3171 2751 3223 sin
2814 3171 2975 3236 bene,
3024 3189 3125 3226 cur
3172 3189 3262 3227 me

1673 3260 1920 3315 caedis?»
1967 3261 2099 3325 Inde
2157 3260 2223 3315 ad
2278 3259 2578 3330 Caiapham
2632 3260 2896 3328 ducitur;
2930 3278 2959 3316 a
3016 3262 3258 3332 Caiapha

1671 3368 1862 3407 rursus
1890 3354 1957 3408 ad
1991 3353 2248 3408 Pilatum.
2296 3352 2477 3424 Atque
2523 3354 2615 3409 hic
2644 3355 2889 3410 ostendit
2927 3357 3263 3428 evangelica:

1674 3443 1918 3497 historia:
1954 3444 2194 3514 scriptor
2221 3452 2332 3499 tota
2382 3446 2611 3499 dimidia
2646 3455 2811 3501 nocte
2853 3448 3260 3519 interrogatum

1672 3552 1700 3590 a
1728 3536 1969 3606 Caiapha
2011 3537 2218 3591 nullius
2272 3539 2538 3608 improba:
2572 3539 2652 3593 rei
2690 3538 2943 3594 convinci
2992 3544 3258 3610 potuisse,

1673 3631 1909 3700 ideoque
1940 3631 2007 3684 ad
2045 3620 2282 3686 Pilatum
2317 3648 2346 3686 a
2392 3630 2635 3702 Caiapha
2685 3632 2917 3688 missum
2963 3650 3110 3689 esse.
3145 3634 3263 3689 Cte-

1674 3733 1851 3777 terum
1915 3725 1983 3779 de
2020 3726 2145 3795 galli
2204 3735 2367 3779 cantu
2436 3724 2655 3779 Marcus
2706 3728 2777 3779 ita
2833 3727 3079 3782 locutum
3137 3744 3265 3783 esse

1668 3816 1963 3871 Dominum
1996 3817 2167 3871 refert
2219 3832 2233 3871 :
2273 3837 2291 3868 ι
2333 3817 2659 3886 Priusquam
2710 3817 2796 3872 bis
2841 3820 3017 3886 gallus
3049 3828 3263 3883 cantet,

1674 3919 1758 3964 ter
1808 3924 1895 3963 me
1939 3910 2169 3979 negabis
2190 3910 2255 3961 “.
2302 3928 2319 3959 ι
2362 3909 2577 3979 Quippe
2616 3924 2742 3963 cum
2774 3910 2893 3964 vice
2947 3911 3122 3979 prima
3159 3927 3258 3965 ne-

1672 4013 1843 4073 garet,
1876 4002 2116 4073 primum
2158 4002 2336 4072 gallus
2385 4001 2627 4056 cantavit
2659 4018 2675 4055 :
2710 4017 2834 4055 cum
2863 4016 2996 4055 vero
3029 4014 3260 4072 negaret

1672 4097 1922 4161 tertium,
1959 4096 2133 4167 gallus
2183 4095 2428 4150 secundo
2457 4095 2679 4150 cet-init.
2716 4094 2831 4149 Hoc
2884 4096 3048 4148 modo
3099 4109 3263 4148 accu-

1672 4191 1847 4245 ratius
1869 4190 1961 4244 ille
1988 4188 2423 4243 imbecillitatem
2457 4188 2606 4242 Petri
2642 4187 2919 4258 exposuit,
2955 4202 3014 4240 re
3043 4196 3155 4241 tota
3192 4195 3262 4240 de

1673 4283 1847 4352 ipsius
1891 4281 2134 4351 magistri
2183 4282 2269 4335 sui
2319 4280 2636 4333 narratione
2667 4280 2926 4350 cognita;
2959 4279 3062 4333 fuit
3114 4281 3263 4332 enim

1672 4374 1886 4429 Marcus
1910 4373 2059 4429 Petri
2088 4383 2329 4429 sectator
2359 4384 2414 4427 et
2464 4373 2793 4441 discipulus.
2843 4371 3133 4426 Mattbmus
3166 4387 3261 4424 au.

56 4470 104 4514 ρα
127 4462 344 4530 φωνῆσαι
370 4464 490 4533 τρὶς
517 4466 814 4537 ἀπαρνήσῃ
840 4481 929 4534 με,
957 4484 976 4517 ι
1000 4466 1098 4535 τὴν
1119 4465 1246 4536 ὃλην
1271 4466 1566 4538 ἀλεκτορο-

1745 4485 1783 4522 at
1812 4483 1937 4522 cum
1979 4470 2056 4523 ait
2099 4486 2111 4521 :
2146 4486 2163 4519 ι
2195 4467 2519 4535 Priusquam
2577 4465 2753 4535 gallus
2803 4473 3007 4527 cantet,
3044 4474 3127 4517 ter
3176 4480 3265 4517 me

55 4552 216 4610 (ἰωνίαν
261 4556 515 4627 ἐνέφηνε,
561 4557 710 4611 τοῦτ’
743 4560 858 4612 ἔστι
899 4561 1000 4626 τὴν
1050 4559 1303 4629 πρώτην,
1331 4561 1453 4631 ἣτις
1482 4561 1569 4612 διὰ

54 4639 279 4711 διαφόρων
325 4650 689 4722 ἐκφωνήσοων
731 4651 962 4719 γίνεται,
1019 4648 1208 4720 ὥσπερ
1251 4644 1346 4705 οὖν
1396 4653 1491 4705 καὶ
1534 4654 1569 4722 η

54 4729 238 4804 δευτέρα
262 4738 699 4810 ἁλεκτοροφωνία
724 4743 820 4795 καὶ
847 4744 880 4812 ἡ
909 4741 1092 4813 τρίτη.
1133 4742 1269 4812 Πρὶν
1310 4738 1404 4796 οὖν
1442 4744 1571 4803 ἀλέ-

54 4836 186 4891 κτορα
212 4830 468 4899 φωνῆσαι,
501 4833 530 4884 ὀ
574 4834 852 4896 Ματοαῖος
880 4833 1075 4898 εἰπὼν,
1108 4834 1231 4904 τρὶς
1282 4836 1575 4906 ἀπαρνήσῃ

58 4930 124 4979 με,
152 4918 295 4974 τοῦτο
342 4924 543 4979 ὡσανεὶ
597 4927 804 4993 ἔλεγεν,
850 4928 932 4980 ὅτι
961 4929 1073 4983 Καὶ
1097 4930 1205 4998 πρὸ
1244 4928 1338 4981 τοῦ
1371 4928 1573 4997 φθάσαι

56 5012 131 5073 την
158 5014 363 5085 πρώτην
400 5018 689 5086 παρελθεῖν
725 5020 1200 5091 ἁλεκτοροφωνίαν
1242 5023 1363 5092 τρὶς
1392 5024 1575 5093 ἀπαρ-

56 5102 165 5175 νήσῃ
197 5124 275 5176 με.

114 5200 239 5257 Μετὰ
273 5208 450 5275 μέντοι
508 5211 568 5263 τὸ
622 5211 884 5282 κριθῆναι
937 5212 1032 5265 τὸν
1071 5212 1277 5283 Κύριον
1327 5211 1434 5264 ὑπὸ
1482 5210 1574 5264 τοῦ

58 5288 252 5347 Πιλάτου
280 5299 621 5368 «μαστίζεται
674 5304 765 5355 τὸν
828 5303 997 5357 νῶτον
1049 5303 1247 5375 λώροις
1296 5305 1570 5367 πλεκτοῖς·

60 5384 261 5439 τοιοῦτον
290 5392 378 5442 καὶ
410 5384 518 5462 γὰρ
548 5394 607 5445 τὸ
634 5395 1017 5465 φραγγέλλιον.
1049 5394 1164 5448 Εἶθ’
1197 5395 1373 5460 οὕτως
1404 5397 1482 5459 εις
1511 5399 1569 5449 τὸ

60 5480 391 5550 σταυρωθῆναι
422 5486 791 5552 παραδίδοται.
824 5487 1010 5539 Ταῦτα
1037 5487 1094 5540 δὲ
1128 5488 1304 5540 πάντα
1332 5488 1568 5558 πεποέη-

60 5578 132 5616 κεν
154 5570 183 5638 ἡ
204 5572 413 5643 ἄκαιρος
434 5577 689 5648 ἀνανδρία
714 5578 805 5631 τοῦ
840 5579 1094 5631 Πιλάτου·
1126 5581 1252 5642 τοὺς
1285 5579 1393 5649 γὰρ
1435 5579 1568 5631 Ἰου-

119 5745 154 5778 ”
184 5748 323 5811 loan.
357 5774 473 5826 xui,
517 5764 607 5819 50.
677 5765 723 5796 ⁸³
753 5766 940 5821 Matth.
1009 5781 1155 5833 XXVI,
1209 5767 1299 5820 53.
1375 5767 1418 5797 ⁸⁵
1457 5764 1619 5819 )Iarc.

1676 4561 1902 4633 negabis
1931 4561 2001 4625 ",
2043 4578 2061 4610 ι
2098 4567 2270 4612 totum
2311 4555 2438 4626 galli
2492 4564 2716 4608 cautum
2768 4553 3014 4608 indicare
3066 4553 3261 4618 voluit,

1677 4653 1937 4708 videlicet
1964 4651 2227 4721 primum,
2285 4650 2377 4718 qui
2428 4646 2662 4701 diversis
2695 4644 2881 4699 editur
2913 4645 3160 4707 vocibus,
3207 4655 3265 4698 et

1676 4746 2003 4808 secundum,
2033 4750 2089 4796 et
2128 4739 2371 4795 tertium.
2404 4738 2752 4807 Quapropter
2804 4750 2927 4789 cum
2978 4734 3268 4789 Mattiacas

1682 4836 1865 4904 inquit
1897 4851 1910 4888 :
1967 4852 1984 4883 ι
2017 4834 2347 4902 Priusquam
2386 4830 2561 4900 gallus
2595 4837 2797 4893 cantet,
2835 4842 2921 4883 me
2967 4837 3050 4882 ter
3100 4843 3268 4893 nega—

1676 4928 1781 4991 bis,
1819 4946 1838 4979 ι
1890 4926 2210 4997 huiusmodi
2246 4924 2507 4995 quiddam
2534 4923 2718 4977 dicere
2745 4920 2983 4985 videtur,
3017 4921 3264 4974 futurum

1676 5020 1888 5076 scilicet
1946 5028 2004 5074 ut
2060 5017 2258 5072 Petrus
2289 5031 2416 5072 eum
2451 5025 2532 5069 ter
2584 5016 2738 5085 prius
2785 5022 3032 5082 negaret,
3097 5030 3267 5083 quam.

1674 5116 1801 5187 galli
1833 5122 2029 5171 cantus
2062 5114 2223 5167 linem
2260 5111 2509 5165 haberet.

1749 5207 2115 5277 Posteaquam
2174 5206 2232 5259 in
2259 5203 2557 5257 Dominum
2595 5200 2807 5254 Pilatus
2860 5197 3263 5268 inquisivisset,

1680 5308 1894 5370 tergum
1927 5299 1977 5353 ei
2004 5298 2134 5353 loris
2169 5297 2423 5367 implexis
2454 5295 2685 5350 cazditur
2714 5307 2729 5348 :
2765 5294 2869 5348 hoc
2913 5291 3061 5345 enim
3110 5290 3266 5343 vocis

1681 5390 1877 5461 flagelli
1906 5400 1989 5445 est
2013 5390 2405 5460 signiﬁcatum.
2454 5386 2662 5441 Deinde
2715 5383 2783 5438 ad
2829 5380 3266 5451 crucifigendum

1682 5484 1939 5539 traditur.
1966 5483 2145 5553 Atque
2174 5483 2291 5537 haec
2320 5480 2505 5536 omnia
2552 5494 2650 5549 per
2682 5478 3051 5547 importunam
3092 5472 3261 5524 animi

1679 5576 2042 5647 dejectionem
2096 5576 2152 5628 in
2191 5575 2365 5631 Pilato
2399 5571 2745 5635 acciderunt,
2790 5568 2883 5637 qui
2932 5565 3147 5619 Judatos
3178 5577 3262 5614 re-

1676 5780 1796 5827 τιν,
1857 5762 1948 5819 50.
2027 5738 2071 5794 ίδ
2106 5758 2299 5815 Matth.
2335 5775 2483 5826 xxvi,
2518 5757 2608 5811 5,5.
