3794 6226
126 260 213 326 ιὶῙ3

1305 250 1708 320 ANNALIUM
1751 245 1942 320 rans
1981 255 2096 322 In.

3199 269 3311 333 Ui

131 371 311 444 μεγάλη
335 369 550 438 πέμπτη
597 372 672 429 ὡς
716 373 821 438 πρὸ
851 367 959 421 τῶν
1000 365 1230 436 ἀζύμων
1259 363 1413 422 οὖσα.
1461 371 1646 424 Καθά-

1753 373 2148 441 appellationes
2181 382 2234 427 et
2297 389 2503 447 magnae
2549 381 2964 449 prteparationis
2987 381 3094 437 diei
3151 379 3315 439 tribui

124 481 210 534 περ
243 463 336 534 γὰρ
385 464 411 516 ὁ
461 461 677 529 Μάρκος
707 460 807 529 τὴν
841 459 1194 528 παρασκευὴν
1255 462 1636 530 προσὰὅὸατον

126 559 278 624 ἔλεγεν
313 555 380 615 ὡς
417 553 576 606 οὖσαν
610 552 719 623 πρὸ
767 553 860 605 τοῦ
894 553 1198 616 Σαδδάτου,
1231 552 1374 606 οὕτω
1414 555 1511 608 καὶ
1540 554 1638 625 τὴν

129 644 334 714 μεγάλην
371 644 616 712 πέμπτην
669 645 896 714 πρώτην
948 644 1056 696 τῶν
1117 645 1345 714 ἀζύμων
1402 646 1552 716 λέγει
1611 648 1639 699 ὁ

125 737 367 798 Maenio;
415 734 487 798 ὡς
524 733 626 802 πρὸ
656 735 766 787 τῶν
820 736 1049 805 ἀζύμων
1080 733 1269 802 οὖσαν,
1303 740 1447 794 καθά
1478 757 1641 809 φησιν

121 831 142 881 ὁ
191 827 276 897 τήν
323 825 555 894 γλῶτταν
595 824 835 894 χρυσοῦς
862 843 876 857 ·
917 846 933 877 ι
972 827 1083 898 Τὴν
1119 831 1364 901 μεγάλην
1413 833 1640 900 ἐνέφηνε

122 921 305 979 πάντως
333 920 700 988 παρασκευήν.
743 937 761 970 ι
811 919 1047 988 Ὁμοίως
1100 921 1155 972 δὲ
1210 923 1303 975 καὶ
1353 923 1637 991 ὁΛουκᾶξς,

119 1013 266 1066 ἐλθεῖν
320 1010 506 1078 λέγων,
544 1010 823 1063 τουτέστιν
861 1011 1171 1078 ἡγγικέναι,
1225 1012 1321 1083 τὴν
1371 1011 1479 1064 τῶν
1513 1013 1644 1076 ἀζύ-

121 1104 461 1173 μωνήμέραν,
493 1103 555 1155 τὰ
603 1103 744 1156 αὐτὰ
781 1103 856 1173 τῷ
895 1103 1162 1172 Ματθαίῳ
1195 1105 1435 1174 ᾐνίξατο.
1485 1105 1643 1158 Ἀλλὰ

119 1198 190 1246 καὶ
223 1196 247 1246 ὁ
281 1195 540 1265 Ἰωάννης,
586 1195 724 1265 πρὸ’
747 1194 846 1262 τῆς
899 1197 1091 1266 ἑορτῆς
1131 1197 1223 1248 τοῦ
1269 1196 1459 1266 Πάσχα
1493 1198 1645 1263 γενέ-

120 1287 222 1338 σθαι
243 1287 402 1354 λέγων
429 1287 490 1338 τὸ
520 1287 755 1353 δεῖπνον,
794 1287 959 1356 αὐτὴν
988 1283 1109 1340 εἷπε
1133 1289 1231 1358 τὴν
1261 1288 1640 1360 παρασκευὴν,

123 1378 197 1430 καὶ
230 1377 437 1446 δηλοῦσι
473 1379 535 1431 τὰ
574 1380 713 1448 μετὰ
766 1377 958 1431 ταῦτα·
998 1379 1148 1445 λέγει
1181 1380 1286 1448 γάρ
1311 1396 1325 1408 ·
1369 1398 1386 1429 ι
1424 1379 1534 1432 Καὶ
1559 1381 1646 1430 αὺ-

119 1471 188 1522 τοὶ
236 1470 328 1522 οὐκ
377 1469 626 1538 εἰσῆλθον
656 1471 743 1523 ἵνα
787 1470 861 1539 μὴ
921 1470 1244 1538 μιανθῶσιν,
1278 1469 1393 1524 ἀλλ’
1426 1472 1512 1523 ἵνα
1543 1469 1646 1537 φά-

115 1576 228 1626 γωσι
253 1562 307 1613 τὸ
360 1559 581 1629 Πάσχα·
625 1579 642 1611 ι
676 1560 771 1613 καὶ
823 1557 1001 1624 αὖθις,
1038 1578 1056 1611 ι
1100 1561 1258 1614 Ἔστι
1295 1560 1352 1614 δὲ
1383 1563 1648 1630 συνήθεια

118 1649 224 1716 ὑμῖν
264 1649 342 1699 ἵνα
375 1649 472 1703 ἕνα
524 1649 654 1719 ὑμῖν
705 1649 964 1704 ἀπολύσω
998 1653 1056 1702 ἑν
1087 1650 1164 1721 τῷ
1201 1652 1470 1722 πάσχατι,
1512 1671 1530 1704 ι
1566 1650 1644 1719 τῷ

119 1739 420 1808 ὲνισταμένῳ
449 1740 672 1810 δηλαδή.
704 1740 864 1794 Ἀλλὰ
895 1743 989 1794 καὶ
1021 1741 1110 1793 τὸν
1142 1744 1336 1812 καιρὸν
1362 1742 1643 1811 παριστῶν

116 1833 248 1900 ἡνίκα
275 1833 298 1882 ὁ
326 1833 554 1896 Πιλᾶτος
596 1833 855 1886 ἐκάθισεν
885 1836 966 1897 είς
998 1834 1163 1888 τόπον
1194 1836 1315 1888 τινὰ
1339 1835 1646 1908 Λιθόστρω-

117 1943 188 1977 τον
244 1925 549 1995 λεγόμενον,
587 1925 732 1981 οὕτω
791 1926 956 1994 φησιν
982 1944 995 1958 °
1033 1946 1050 1979 ι
1084 1923 1190 1981 Ἦν
1225 1929 1282 1981 δὲ
1317 1930 1646 1999 παρασκευὴ

116 2019 188 2069 τοῦ
219 2019 416 2088 Πάσχα,
449 2018 566 2088 ὥρα
622 2018 678 2071 δὲ
713 2019 842 2071 ὡσεὶ
872 2019 1027 2090 ἕκτη.
1063 2040 1081 2072 ›
1118 2023 1229 2076 Καὶ
1270 2021 1644 2092 παρακατιὼν,

122 2106 251 2163 «Ἦν
275 2112 372 2182 γὰρ
415 2112 626 2182 μεγάλη
659 2115 690 2183 ἡ
723 2112 905 2184 ἡμέρα
949 2114 1130 2184 ἐκείνη
1161 2113 1253 2166 τοῦ
1287 2114 1587 2169 Σαϐὅὰτου.
1626 2133 1642 2166 ι

120 2202 342 2271 Μεγάλην
373 2202 426 2255 δὲ
478 2203 650 2272 αὐτὴν
709 2204 809 2256 οὐκ
869 2204 935 2256 ἂν
985 2203 1156 2267 ἄλλως
1213 2205 1471 2278 ἐκάλεσεν
1497 2206 1544 2256 εί
1575 2207 1648 2276 μή

121 2309 204 2345 που
257 2295 550 2347 συνέπιπτε
611 2293 688 2361 τῷ
724 2295 994 2364 Σαὸὁὰτῳ
1027 2297 1220 2368 ἐκείνῳ
1253 2299 1284 2367 ἠ
1321 2296 1508 2368 πρώτη
1541 2299 1651 2351 τῶν

122 2386 309 2454 ἀζύμων
329 2387 534 2456 ἡμέρα,
564 2388 598 2456 ὴ
627 2387 721 2438 καὶ
749 2387 880 2454 ἁγία
916 2387 1066 2458 παρὰ
1099 2388 1175 2457 τῷ
1208 2389 1358 2458 νόμῳ
1389 2389 1653 2459 καλουμέ-

121 2495 188 2546 νη.
238 2477 409 2530 Ταῦτα
462 2477 520 2529 δὲ
581 2477 763 2530 πάντα
815 2478 1006 2546 σαφῶς
1069 2479 1508 2548 ὑπεμφαίνουσιν
1570 2482 1652 2532 ὅτι

121 2570 234 2621 κατὰ
260 2571 348 2634 τὴν
381 2569 749 2639 παρασκευὴν
779 2572 999 2638 ἐκείνην
1059 2570 1296 2640 ἑσπέρας
1353 2571 1650 2640 ὁμολογου-

124 2658 266 2724 μένως
296 2657 352 2709 τὸ
403 2659 599 2729 Πάσχα
634 2656 841 2712 ἐθύετο.
876 2660 975 2711 Διὰ
1009 2659 1110 2730 γὰρ
1141 2659 1297 2712 τοῦτο
1338 2661 1430 2713 καί¹
1471 2679 1652 2732 παρα-

124 2750 290 2819 σκευὴν
321 2750 408 2802 τοῦ
446 2751 639 2821 Πάσχα
689 2749 840 2804 εἶπεν
873 2751 1041 2821 αὐτὴν
1091 2751 1164 2814 ῶς
1203 2752 1650 2823 παρασκευάζου-

123 2855 200 2894 σαν
228 2842 287 2896 τὰ
312 2843 396 2895 τοῦ
430 2843 790 2912 ἐνισταμένου
844 2845 1060 2906 πάντως,
1094 2845 1302 2912 Πάσχα.
1345 2845 1527 2912 Χωρὶς
1561 2843 1654 2896 οὖν

120 2935 384 3000 ἀντιλογίας
434 2939 495 2988 ἐν
523 2938 588 3005 τῇ
633 2937 846 3006 ἑσπέρᾳ
882 2937 1132 3003 φαίνεται
1162 2939 1260 3005 τῆς
1301 2936 1654 3006 παρασκευῆς

121 3027 169 3076 τὸ
196 3029 364 3097 Πάσχα
418 3027 690 3095 γίνεσθαι.
725 3028 786 3080 Εἰ
823 3019 1038 3098 μὴ’γὰρ
1084 3028 1240 3080 τοῦτο
1270 3025 1359 3098 ἦν,
1406 3029 1506 3080 οὐκ
1533 3027 1597 3080 ἂν
1627 3028 1654 3078 ὀ
1681 3059 1723 3119 C

120 3117 478 3188 εὖαγγελιστὴς
544 3119 802 3189 Ἰωάννης
864 3120 1022 3173 τοῦτο
1063 3121 1238 3188 ἔλεγε,
1279 3140 1294 3170 ι
1339 3121 1444 3172 Καὶ
1495 3119 1654 3172 αὐτοὶ

119 3211 198 3262 οὐκ
240 3213 481 3280 είσῆλθον
517 3215 596 3276 εἰς
629 3214 689 3266 τὸ
721 3214 1057 3283 πραιτώριον
1088 3212 1176 3264 ἵνα
1209 3213 1281 3282 μὴ
1321 3211 1647 3282 μιανθῶσιν,

118 3305 206 3356 ἀλλ’
234 3308 316 3360 ἵνα
345 3309 567 3376 φάγωσι
599 3308 658 3359 τὸ
700 3308 910 3377 Πάσχα.
941 3324 958 3357 ι
988 3306 1098 3356 Καὶ
1131 3305 1423 3374 πρὸσσχες,
1459 3305 1506 3354 εἰ
1534 3303 1656 3372 βού-

117 3399 200 3464 λει,
228 3400 295 3469 τῷ
343 3401 571 3468 μεγαλῳ
607 3400 862 3470 Κυρίλλῳ
896 3399 1001 3467 πρὸ
1034 3398 1142 3451 τῶν
1180 3397 1353 3450 ἄλλων
1389 3397 1657 3466 ἐπισφρα-

118 3493 288 3556 γὶζοντι
320 3497 384 3546 τὰ
440 3494 667 3546 τοιαῦτα
711 3499 803 3545 καὶ
838 3493 1054 3556 λέγοντι
1107 3491 1188 3542 ὅτι
1242 3489 1332 3541 τὸν
1378 3489 1550 3540 τύπον
1578 3505 1658 3540 τι-

123 3583 297 3649 μῶντες
342 3587 464 3655 ἦτοι
504 3587 563 3636 τὶ
607 3585 898 3654 πρίὅατον,
940 3583 1236 3634 κάντεῦθεν
1278 3581 1543 3633 εἰσελθεῖν
1579 3582 1658 3642 είς

117 3676 164 3727 τὸ
206 3679 535 3746 πραιτώριον
586 3677 646 3729 οὐ
680 3674 1156 3746 προαιρούμενοι,
1217 3675 1317 3741 τὴν
1389 3673 1655 3741 ἀλήθειαν

121 3769 254 3821 αὐτὸν
284 3771 368 3823 τὸν
407 3765 646 3838 Χριστὸν
710 3768 964 3835 ὕϐριζονο
1002 3765 1228 3835 ἔμελλον
1257 3767 1364 3836 γὰρ
1399 3765 1550 3817 θύειν
1601 3764 1661 3816 τὸ

121 3861 282 3928 Πάσχα
332 3862 476 3915 κατὰ
533 3860 625 3912 τὸν
683 3861 846 3928 νόμον
912 3857 1003 3910 τὸν
1065 3857 1227 3926 μηδὲν
1291 3857 1421 3924 παρ’
1475 3856 1659 3918 αὐτοῖς

122 3953 363 4021 ίσχύοντα.
394 3953 532 4006 Εἰδὲ
568 3951 742 4004 ταῦτα
770 3951 942 4012 οὕτως
972 3951 1108 4018 ἔχει,
1143 3949 1507 4018 ματαιάζουσι
1534 3966 1662 4016 προ-

121 4041 274 4107 φανῶς
301 4044 346 4095 οἱ
374 4043 628 4108 λέγοντες
660 4041 741 4092 ὅτι
779 4041 916 4092 κατὰ
945 4039 1046 4108 τὴν
1084 4037 1325 4105 ἑσπέραν
1350 4038 1450 4107 τῆς
1485 4038 1659 4106 μεγά-

122 4132 202 4199 λης
231 4137 482 4204 πέμπτης
514 4133 574 4185 τὸ
600 4133 832 4185 τυπικὶν
858 4131 1099 4183 ἐσθίεται
1131 4130 1423 4200 πρόϐατον·
1457 4131 1525 4183 τὰ
1553 4129 1661 4198 γὰρ

123 4223 283 4294 ἄζυμα
351 4226 623 4294 συστῆσαι
704 4222 1136 4292 φιλονεικοῦντες
1220 4223 1662 4290 παραχαράττειν

120 4318 430 4388 ἐπιχειροῦσι
487 4316 802 4375 κακοθελῶς
847 4314 944 4384 τὴν
993 4314 1273 4381 ἀλήθειαν.
1306 4313 1415 4364 Καὶ
1449 4312 1524 4382 μή
1573 4329 1662 4381 μοι

1676 1715 1716 1768 Β

1742 465 1920 518 solere
1951 465 2115 533 218
2139 465 2622 532 deprehendimus.
2672 472 2740 526 Et
2772 474 3032 536 animum,
3070 475 3116 528 si
3150 476 3310 538 libet,

1740 556 1808 609 iis
1827 556 2098 609 advertite
2125 571 2247 625 quae
2275 558 2472 613 dicturi
2509 564 2955 630 sumus._Primus
2982 569 3310 635 Azymorum

1740 645 1858 700 dies
1913 657 2144 701 vocatur
2196 664 2388 717 magna
2454 653 2645 719 quinta
2708 652 2864 717 feria,
2924 665 2983 709 ut
3023 658 3114 725 qui
3167 657 3311 711 diem

1743 737 2074 808 Azymorum
2128 741 2376 808 proxime
2417 743 2784 796 antecederet.
2841 745 3312 810 Quemadmodum

1741 829 1888 882 enim
1931 829 2144 885 Marcus
2189 847 2397 900 magna:
2450 836 2868 902 prmparationis
2902 837 3044 891 diem
3095 843 3313 894 vocavit

1745 927 1871 972 ante
1902 918 2222 985 Sabbatum,
2249 924 2326 978 uti
2367 940 2487 993 quae
2523 924 2819 979 Sabbatum
2855 929 3204 994 praecederet,
3234 934 3311 985 sic

1743 1018 1798 1065 et
1836 1027 2084 1082 magnam
2119 1015 2261 1068 illam
2286 1017 2532 1085 quintam
2557 1017 2744 1071 feriam
2772 1019 3056 1074 Malthzeus
3085 1022 3309 1089 primam

1747 1106 2078 1175 Azymorum
2109 1105 2268 1170 dixit,
2303 1109 2379 1162 uti
2413 1125 2534 1177 qua:
2562 1109 2892 1180 Azymorum
2921 1112 3037 1166 dies
3069 1114 3314 1181 proxime

1747 1195 2108 1266 antecederet
2181 1216 2192 1250 :
2251 1199 2328 1251 sic
2378 1199 2526 1252 enim
2591 1215 2760 1254 aurea
2815 1201 2997 1271 lingua
3058 1203 3320 1272 praeditus

1746 1295 1932 1340 orator
1960 1287 2186 1358 colligit.
2221 1288 2424 1342 Eodem
2484 1289 2650 1344 modo
2697 1289 2873 1344 Lucas
2919 1293 3081 1346 etiam
3129 1292 3322 1348 dicens

1748 1375 2096 1443 adventasse,
2133 1379 2236 1432 hoc
2285 1389 2370 1440 est
2426 1381 2718 1448 appetiisse
2776 1382 2919 1435 diem
2969 1384 3318 1454 Azymorum.

1749 1469 2062 1538 signiﬁcare
2122 1486 2354 1539 prorsus
2417 1467 2559 1524 idem
2596 1471 2741 1539 quod
2797 1471 3083 1527 Mattharus
3132 1475 3320 1528 voluit.

1750 1559 1995 1629 Denique
2020 1559 2260 1615 Joannes
2294 1577 2416 1616 cum
2456 1570 2586 1616 ante
2619 1561 2841 1616 Pascha:
2873 1563 3070 1618 festum
3111 1580 3322 1618 caenam

1750 1662 2027 1721 peractam
2084 1653 2298 1715 scribit,
2338 1654 2482 1706 diem
2517 1655 2933 1723 prazparationis
2963 1655 3070 1708 hoc
3104 1656 3326 1709 Pascha:

1747 1743 2016 1798 vocabulo
2056 1743 2298 1800 denotat.
2337 1747 2486 1800 Licet
2516 1748 2620 1801 hoc
2657 1748 2722 1802 de
2753 1749 2937 1802 verbis
2971 1749 3114 1814 apud
3145 1749 3324 1816 ipsum

1749 1836 2010 1905 deinceps
2045 1837 2308 1906 subjectis
2339 1839 2669 1908 ii‘ttelligere.
2701 1841 2792 1894 Sic
2820 1841 2964 1894 enim
2997 1841 3073 1894 ait
3108 1857 3122 1893 :
3157 1859 3175 1891 ι
3213 1841 3322 1910 Ipsi

1749 1925 1804 1978 in
1836 1927 2149 1994 praetorium
2186 1942 2291 1980 non
2322 1927 2613 1989 intrarunt.
2649 1945 2721 1984 ne
2770 1930 3166 2000 polluerentur,
3229 1931 3323 1983 sed

1750 2018 1955 2072 Pascha
2011 2027 2392 2074 vescerentur.
2427 2037 2445 2071 ›
2489 2021 2552 2072 Et
2583 2036 2804 2076 rursum
2845 2039 2858 2075 :
2892 2041 2909 2073 ι
2945 2023 3041 2076 Est
3066 2024 3223 2077 vobis
3279 2023 3330 2097 is

1753 2126 1872 2165 mos
1902 2118 1962 2163 ut
1993 2127 2159 2164 unum
2191 2111 2349 2165 vobis
2397 2113 2451 2166 in
2493 2113 2700 2168 Pascha
2749 2114 3080 2177 condonem,
3122 2134 3140 2165 ›
3170 2115 3326 2168 vide—

1754 2203 1881 2258 licet
1909 2219 2056 2258 nunc
2092 2203 2436 2258 imminente.
2485 2206 2754 2260 Praeterea
2814 2215 3025 2276 tempus
3075 2207 3325 2260 indicans

1753 2312 1862 2364 quo
1897 2307 2143 2365 tempore
2194 2284 2399 2373 Pilatus
2449 2298 2504 2351 in
2558 2298 2682 2351 loco
2723 2299 2959 2367 quodam
3013 2299 3328 2353 consederit

1754 2389 1847 2458 qui
1871 2389 2284 2457 Lapidipavium
2311 2389 2589 2444 diceretur
2614 2408 2626 2443 :
2655 2410 2672 2440 ι
2703 2391 2853 2450 Erat.
2882 2390 3080 2457 inquit,
3107 2390 3329 2444 Pascha:

1756 2481 2103 2549 praeparatio,
2144 2480 2279 2534 hora
2331 2480 2447 2536 fere
2479 2490 2654 2537 sexta.
2694 2500 2711 2533 ι
2756 2482 2894 2536 llinc
2930 2483 3162 2537 ulterius
3208 2497 3330 2550 pro-

1755 2573 2050 2641 grediens:
2089 2591 2106 2623 ι
2149 2573 2277 2626 Erat
2305 2573 2473 2638 enim,
2509 2573 2604 2641 ait,
2643 2590 2870 2644 magnus
2905 2584 3069 2644 atque
3115 2574 3332 2628 celeber

1757 2663 1848 2715 ille
1883 2661 1999 2715 dies
2037 2656 2284 2715 Sabbati.
2321 2681 2337 2713 ι
2375 2663 2444 2715 At
2473 2678 2601 2716 vero
2649 2674 3008 2733 maguttni.et
3058 2666 3328 2720 celebrem

1758 2754 1907 2806 hunc
1940 2754 2084 2807 diem
2117 2769 2225 2808 non
2268 2753 2516 2818 dixisset,
2547 2758 2590 2810 si
2629 2754 2842 2822 primus
2867 2755 3330 2827 diesAzymorum

1763 2846 1815 2898 in
1850 2844 2149 2899 Sabbatum
2205 2845 2336 2899 illud
2386 2861 2494 2900 non
2557 2847 2862 2910 incidisset,
2903 2849 2996 2916 qui
3051 2864 3183 2903 sane
3212 2849 3331 2904 die.-

1762 2949 1986 2992 sanctus
2021 2938 2185 2990 etiam
2220 2939 2273 2990 in
2307 2939 2426 3006 lege
2477 2949 2728 2996 vocatur.
2774 2940 2901 2993 lIa'c
2936 2950 3118 2994 autem
3147 2942 3330 2995 omnia

1759 3032 1901 3083 clare
1929 3029 2227 3082 ostendunt
2259 3030 2312 3081 in
2341 3045 2492 3083 more
2525 3030 2693 3083 fuisse
2721 3040 2779 3082 ut
2806 3033 2869 3082 ad
2907 3032 3331 3100 prazparzitionis

1756 3137 2038 3190 vesperam
2076 3121 2285 3175 Pascha
2323 3122 2461 3174 citra
2493 3122 2929 3176 controversiam
2979 3133 3330 3177 mactarctur.

1754 3218 1888 3272 Nam
1920 3215 2125 3269 idcirco
2150 3216 2294 3269 diem
2331 3215 2478 3269 hunc
2508 3215 2842 3285 evangelista
2874 3217 3325 3286 prteparationem

1755 3309 1979 3363 Pascha:
2043 3309 2404 3376 nuncupavit,
2452 3308 2528 3360 uti
2584 3324 2694 3377 quo
2731 3291 2838 3362 ires
2889 3309 2953 3362 ad
3001 3308 3332 3362 eminentem

1759 3403 1977 3457 Paschm
2005 3402 2148 3456 diem
2184 3401 2506 3455 necessariae
2536 3410 2943 3470 prteparentur.
2975 3390 3160 3468 Itaque
3196 3400 3331 3452 citra

1759 3507 1978 3545 onmem
2036 3490 2476 3544 adversationem
2539 3501 2767 3560 apparet
2819 3489 3044 3543 mactari
3105 3489 3326 3543 solitum

1760 3583 1926 3637 fuisse
1959 3599 2157 3652 agnum
2195 3586 2310 3652 ipsa
2353 3583 2769 3652 pra'parationis
2817 3597 3062 3652 vespera.
3105 3566 3236 3636 Nam
3277 3583 3331 3635 ni

1763 3692 1848 3729 res
1883 3676 1954 3729 ita
1980 3691 2037 3729 se
2073 3675 2324 3740 haberet,
2368 3672 2607 3729 Joannes
2655 3675 2988 3744 evangelista
3035 3675 3193 3744 prius
3225 3691 3332 3728 non

1763 3766 1999 3820 dixisset
2039 3784 2050 3819 :
2101 3784 2118 3817 ι
2150 3766 2254 3834 ipsi
2309 3767 2362 3818 in
2397 3768 2713 3834 praetorium
2773 3781 2880 3818 non
2919 3766 3216 3830 intrarunt,
3273 3782 3341 3820 ne

1764 3855 2166 3924 polluerentur,
2198 3855 2290 3908 sed
2320 3854 2526 3908 Pascha
2573 3864 2948 3909 vescerentur.
2993 3875 3011 3906 ›
3048 3855 3180 3909 Vide
3207 3855 3338 3924 quid

1764 3963 1994 4017 magnus
2013 3947 2102 4000 ille
2122 3946 2674 4016 Cyrillusdicat,cum
2695 3945 3202 4017 hujusmodiverbis
3227 3947 3343 3998 hac

1764 4039 1914 4092 velut
1943 4037 2282 4108 obsignando
2314 4037 2604 4093 conﬁrmat
2632 4056 2645 4092 :
2679 4058 2696 4090 ι
2732 4038 2868 4094 Cum
2895 4039 3124 4109 figuram
3163 4039 3338 4090 hono—

1766 4131 1921 4185 rifice
1955 4136 2223 4196 colerent,
2275 4132 2381 4186 hoc
2428 4141 2513 4186 est
2569 4147 2792 4201 agnum,
2843 4131 3077 4199 ideoque
3125 4130 3337 4200 ingredi

1767 4223 1982 4277 nollent
2013 4222 2065 4276 in
2106 4224 2472 4292 pra‘torium,
2505 4223 2792 4276 veritatem
2841 4221 3037 4290 ipsam,
3081 4220 3344 4275 videlicet

1765 4314 2069 4381 Christum,
2126 4316 2476 4369 contumeliis
2531 4314 2862 4368 aﬂiciebant.
2924 4312 3058 4366 Nam
3108 4327 3174 4365 ex
3220 4311 3340 4379 lege

119 4409 194 4462 τιν
223 4411 644 4481 χρυσορρήμονα
672 4407 975 4475 παρείσαγε
1017 4406 1270 4474 Ἰωάννην
1300 4407 1357 4456 ἑν
1385 4406 1450 4472 τῇ
1486 4406 1566 4466 εἰς
1599 4403 1651 4455 τὲ

1768 4407 1975 4461 Pascha
2026 4408 2250 4460 mactari
2284 4407 2540 4468 debebat,
2589 4423 2708 4475 qua:
2768 4415 2947 4458 tamen
3008 4405 3091 4457 lex
3146 4419 3339 4473 parmn

117 4501 240 4552 κατὰ
262 4502 536 4554 ἤιατθαῖον
586 4499 672 4554 ἠδ’
699 4499 886 4569 ὁμιλία
913 4498 1142 4564 λέγοντα
1182 4499 1263 4549 ὅτι
1298 4496 1389 4548 τδν
1420 4494 1654 4564 Χριστὸν

116 4591 156 4642 oi
214 4591 446 4646 Ἰουδαῖοι
501 4591 922 4662 ἀπροσδοκήτως
976 4591 1352 4658 κρατήσαντες
1411 4587 1506 4641 καὶ
1557 4587 1656 4659 τὴν

119 4685 196 4736 τοῦ
231 4687 414 4757 Πάσχα
445 4685 695 4755 παριδεῖν
722 4685 927 4736 εἵλοντο
968 4681 1160 4753 ἑορτὴν
1188 4682 1492 4752 τηνικαῦτα
1522 4698 1658 4752 συμ-

118 4775 415 4830 πίπτουσαν.
444 4777 632 4846 Ἔχεις
664 4775 772 4843 γὰρ
793 4773 957 4827 αὑτὸν
992 4775 1047 4825 ἑν
1079 4775 1145 4843 τῇ
1173 4771 1268 4823 τοῦ
1299 4771 1439 4824 κατὰ
1474 4771 1656 4824 Ἰωάν-

114 4880 196 4931 νην
245 4865 546 4935 ἑρμηνείᾳ,
588 4864 752 4931 ἡνίκα.
813 4860 1072 4926 λέγεται·
1127 4877 1145 4910 ι
1196 4861 1304 4911 Καὶ
1357 4858 1513 4912 αὐτοὶ
1557 4859 1658 4912 οὐκ

116 4957 338 5025 εἰσῆλθον
377 4958 464 5010 ἵνα
491 4960 567 5028 μὴ
606 4955 932 5025 μιανθῶσιν,
957 4952 1074 5004 ἀλλ’
1099 4951 1186 5003 ἵνα
1217 4951 1436 5020 φάγωσι
1467 4951 1526 5002 τὸ
1548 4951 1657 5004 Πά-

119 5062 226 5114 σχα,
257 5049 476 5102 »τέλεον
521 5045 852 5117 ἀναιροῦντα
904 5047 1002 5112 τὴν
1059 5043 1323 5112 τοιαύτην
1376 5044 1654 5098 ὑπόνοιαν.

119 5141 292 5195 Ἔνθεν
321 5159 404 5196 τοι
443 5143 540 5196 καὶ
573 5143 642 5193 τὰ
679 5140 773 5192 τοῦ
827 5139 974 5192 θείου
1018 5136 1406 5200 κατεξετάζειν
1443 5135 1655 5206 ἀνδρὸς,

114 5233 259 5301 ἡνίκα
305 5237 394 5287 καὶ
445 5234 646 5303 μᾶλλον
695 5233 1032 5283 ἐναντιοῦται
1088 5229 1224 5298 πρὸς
1268 5218 1472 5296 ἄλληλα
1507 5269 1522 5292 ,
1585 5228 1658 5298 μὴ

116 5326 237 5394 πρὸς
289 5327 466 5396 ίτχύος
496 5327 734 5396 ἔχοντες,
773 5325 950 5392 σιωπῇ
986 5326 1082 5374 καὶ
1118 5321 1352 5390 μάλιστα
1394 5320 1657 5388 τιμᾶσθαι

118 5419 176 5469 τὰ.
211 5421 425 5474 τοιαῦτα
451 5421 570 5472 δέον
607 5420 888 5489 κρίνομεν,
927 5417 1044 5482 εἴγε
1075 5421 1172 5465 καὶ
1206 5414 1405 5482 μᾶλλον
1435 5411 1658 5476 εὔλογον

117 5513 176 5564 τὰ
205 5513 401 5566 ὓστατα
445 5514 722 5579 κατέχειν,
757 5512 838 5562 ὅτι
889 5510 984 5561 καὶ
1028 5507 1298 5576 σύμφωνα
1339 5505 1513 5557 ταῦτα
1539 5507 1659 5566 ταῖς

118 5605 211 5656 τῶν
237 5606 428 5658 λοιπῶν
462 5605 720 5671 Πατέρων
755 5600 1121 5670 ὲπεξηγήσεσι
1161 5598 1462 5666 φαίνονται.
1497 5597 1659 5663 Λέγει

119 5699 199 5751 καὶ
222 5701 318 5769 γὰρ
348 5703 429 5752 ὅτι
465 5701 493 5749 ὁ
532 5696 762 5764 Χριστὸς
803 5694 904 5762 πρὸ
958 5693 1088 5762 μιᾶς
1131 5691 1300 5760 ἔφαγε
1343 5691 1400 5742 τὸ
1440 5691 1652 5758 Πάσχα,

1768 4498 1912 4567 apud
1950 4499 2096 4567 ipsos
2127 4497 2365 4552 habebat
2409 4497 2625 4551 roboris
2655 4507 2708 4550 et
2739 4495 3104 4550 auctoritatis.
3146 4515 3162 4547 ι
3209 4496 3342 4559 Qua:

1756 4609 1884 4648 cum
1926 4594 1998 4647 ita
2024 4594 2154 4658 sint,
2194 4591 2545 4662 perspicuum
2572 4603 2654 4673 est
2683 4606 2778 4645 eos
2821 4606 2959 4643 vana
2991 4590 3198 4652 dicere,
3243 4585 3340 4658 qui

1760 4687 1827 4738 ad
1864 4700 2144 4753 vesperam
2178 4701 2384 4750 magna:
2414 4685 2616 4754 quintae
2662 4683 2807 4737 feriae
2843 4683 3069 4736 mactari
3113 4683 3337 4736 solitum

1759 4775 1928 4829 fuisse
1963 4775 2201 4846 typicum
2253 4775 2405 4828 illum
2471 4789 2668 4843 agnum
2723 4772 2968 4826 tradunt.
3005 4759 3157 4825 'Dum
3195 4772 3341 4825 enim

1761 4881 1964 4934 panum
2035 4865 2547 4917 infermcntatorum
2612 4877 2766 4914 usum
2835 4859 3069 4928 probare
3141 4859 3340 4927 insigni

1762 4956 2116 5010 contentione
2186 4958 2462 5019 nituntur,
2538 4953 2803 5007 malevolo
2877 4951 3169 5005 veritatem
3247 4951 3342 5005 de-

1759 5065 1992 5119 pravare
2023 5059 2309 5102 conantur.
2343 5047 2528 5115 Neque
2567 5045 2700 5099 Inibi
2755 5047 2858 5099 hoc
2906 5045 3026 5100 loco
3073 5043 3341 5097 Joannem

1763 5141 2211 5210 L'brysostomum
2240 5137 2590 5210 opposueris,
2630 5136 2723 5204 qui
2774 5135 2827 5188 in
2864 5136 3176 5189 orationum
3215 5135 3340 5186 illa.

1762 5248 1883 5286 rum
1915 5230 2246 5299 oetogesima
2273 5237 2489 5297 quarta,
2536 5227 2737 5296 quibus
2772 5226 3120 5281 orationibus
3164 5225 3345 5278 Evan-

1763 5324 1966 5393 gelium
2023 5321 2264 5376 Matthtei
2339 5320 2692 5389 explanavit,
2743 5319 2907 5386 219
2983 5317 3203 5371 Jutheos
3259 5317 3338 5368 ait

1761 5416 1982 5469 Christo
2011 5423 2210 5483 praeter
2252 5412 2717 5482 exspectationem
2773 5413 2976 5479 potitos
3025 5409 3188 5462 etiam
3244 5409 3346 5460 l’a-

1763 5507 1906 5560 scha:
1967 5505 2167 5559 festum
2225 5505 2509 5574 negligere
2573 5518 2682 5557 non
2736 5501 3036 5562 dubitasse,
3075 5499 3220 5566 quod
3285 5497 3341 5550 in

1764 5598 1915 5650 illum
1939 5600 2084 5651 dicm
2120 5596 2429 5650 incidisset.
2465 5595 2732 5649 Nimirum
2769 5595 2932 5646 habes
2956 5591 3056 5642 alia
3089 5592 3337 5659 ejusdem

1763 5693 1926 5746 verba
1967 5693 2020 5744 in
2046 5689 2410 5761 explicatione
2452 5687 2731 5754 Evangelii
2786 5703 2810 5737 a
2860 5683 3064 5737 Joanne
3115 5682 3330 5749 scripzi,

2889 5813 2916 5825 ν
