3794 6226
458 275 564 353 tis
1502 306 1509 311 -
1734 258 1956 336 MlCHI

2198 251 2464 332 stre/ii
3599 271 3675 335 lit

457 417 584 459 cum
612 400 822 457 dictum
872 395 980 452 hoc
1030 392 1323 450 declarat:
1364 408 1383 441 ι
1422 381 1528 460 ipsi
1574 400 1685 441 non
1741 384 1955 440 intraba

2181 378 2338 452 κηρῶν
2383 380 2484 450 τὴν
2527 379 2726 434 ἑαυτοῦ
2776 379 2998 453 σφαγὴν
3030 382 3098 453 τῇ
3130 380 3479 455 παρασκευῇ,
3509 384 3584 439 ὅτε
3607 394 3679 442 καὶ

462 512 534 552 ne
578 494 983 566 polluerentur,
1036 484 1136 541 sed
1196 480 1406 539 Pascha
1442 485 1824 536 vescerentur.
1863 494 1883 528 ι
1944 475 1960 529 1

2181 473 2221 525 τὸ
2255 473 2486 543 νομικδν
2513 472 2707 544 Πάσχα
2740 473 2952 529 ἐθύετο.
2998 474 3123 529 Ὅτι
3159 475 3218 529 δὲ
3252 474 3314 528 τδ
3342 475 3489 547 παρὰ
3513 477 3679 548 κυρίου

454 587 604 643 enim
635 583 961 655 opinionem
989 581 1153 635 istam
1186 589 1414 646 prorsus
1440 569 1659 628 evertit.
1693 569 1952 639 Quaprop

2184 567 2266 629 οῖς
2294 566 2619 632 ἀποστόλοις
2661 567 2722 621 ἐν
2765 566 2847 638 τῷ
2887 568 3095 639 δείπνῳ
3126 566 3282 621 δοθὲν
3308 567 3530 639 ἒνζυμος
3553 571 3680 642 ἄρτος

455 693 581 735 cum
642 653 745 730 nos
791 674 962 729 verba
1016 671 1192 728 divini
1251 669 1422 740 hujus
1464 665 1568 720 viri
1624 678 1655 718 a
1688 677 1746 718 se
1803 661 1951 716 invic

2190 674 2239 724 ν,
2285 659 2350 712 οὐ
2390 658 2498 731 μὴν
2527 659 2758 732 ᾶζυμος,
2815 661 2891 724 ὡς
2937 658 3142 715 ἐκεῖνοι
3191 660 3683 732 διισχυρίζονται,ὀ

456 773 569 822 non
650 778 849 837 parum
908 757 1282 832 discrepantia
1342 756 1479 813 satis
1559 753 1877 810 examinare
1949 766 1954 804 ι

2186 750 2435 814 ειότατος
2499 747 2658 814 οὗτος
2709 751 2850 822 ἀνὴρ
2899 749 3219 820 σαφέστατά
3272 766 3356 805 σοι
3412 753 3681 822 παρίστησι.

456 834 770 929 queamus,
844 855 1010 911 tacite
1071 850 1323 908 venerari
1400 846 1586 920 potius
1652 860 1717 900 ea
1792 841 1954 899 dcere

2186 841 2292 914 lspl
2324 843 2434 913 γὰρ
2461 843 2564 929 τῆς
2593 844 2833 907 παλαιᾶς
2862 834 2960 897 καὶ
2995 843 3098 912 τῆς
3133 844 3259 905 νέας
3287 840 3381 895 τὸν
3409 841 3560 910 λόγον
3597 858 3684 895 ποι-

458 967 604 1008 mus.
684 950 763 1005 Ac
852 948 1089 1004 fortasse
1169 943 1346 1015 magis
1431 940 1634 996 rationi
1747 949 1953 993 eonsen

2187 935 2375 1006 ὒμενος
2405 939 2501 994 καὶ
2528 936 2656 991 τάδε
2703 938 2846 991 κατὰ
2896 937 3052 1009 ῥῆμα
3103 934 3392 1003 διέξεισιν·
3427 952 3447 988 ι
3490 933 3618 987 Ἐκεῖ
3645 935 3685 987 τὸ

456 1059 625 1101 neum
692 1042 861 1098 fuerit
943 1040 1142 1096 ultimo
1214 1038 1341 1093 loco
1407 1034 1477 1090 ab
1556 1033 1677 1102 ipso
1740 1027 1951 1100 perscri

2190 1030 2411 1101 ράμμα,
2463 1025 2566 1084 ὦδε
2626 1030 2689 1083 τὸ
2751 1029 2990 1100 πνεῦμα·
3028 1029 3148 1082 ἐκεῖ
3190 1030 3223 1100 ἡ
3274 1028 3519 1091 κιῖωτδς.
3556 1023 3685 1096 ὦδεή

392 1110 399 1123 ³
458 1138 715 1204 retineri,
745 1136 890 1207 quod
924 1148 990 1189 ea
1016 1146 1144 1189 enm
1182 1131 1526 1200 reliquorum
1559 1126 1784 1181 Patrum
1824 1136 1890 1177 en

2187 1122 2449 1194 ςαρθένοςο
2490 1122 2610 1176 ἐκεῖ
2639 1123 2701 1207 Ῠή
2748 1120 2946 1207 ῥάϐδος
2981 1120 3215 1191 ’Δαρὼν,
3262 1114 3363 1174 ὧδε
3400 1120 3430 1173 6
3481 1117 3685 1190 σταυρός·

460 1203 710 1289 tionibus
743 1203 1065 1286 consentire
1106 1230 1427 1284 vrdeantur.
1462 1222 1555 1278 Ait
1588 1218 1738 1275 enim
1769 1214 1956 1272 Christ

2189 1216 2271 1269 κεῖ
2311 1215 2341 1266 6
2380 1214 2578 1286 ἀμνὸς.
2626 1206 2736 1268 ὧδε
2772 1212 2802 1266 6
2847 1203 3086 1284 Χριστός
3108 1231 3124 1246 ·
3153 1214 3272 1266 ἐκεῖ
3298 1211 3366 1265 τὰ
3399 1210 3591 1279 ἄζυμα.
3614 1205 3687 1265 ὧδε

458 1325 667 1381 Pascha
700 1321 1045 1379 comed-cndo
1073 1320 1218 1375 diem
1247 1331 1420 1371 unum
1451 1311 1812 1382 anticipasse,
1847 1321 1956 1362 mat

2212 1306 2402 1377 ἄρτος.
2447 1325 2466 1359 t
2496 1305 2686 1360 Ταῦτα
2742 1305 2843 1374 μὲν
2895 1303 3240 1377 ὲνεχαράχθη
3275 1320 3359 1356 σοι
3400 1301 3523 1356 κατ’
3548 1302 3690 1354 ἐπιτο-

459 1417 665 1471 tionem
705 1427 863 1469 suam
906 1412 972 1466 ad
1018 1411 1165 1465 diem
1218 1404 1642 1478 praparationis
1673 1399 1957 1457 diﬂ’erent’t

2187 1397 2286 1469 ἠν,
2344 1399 2423 1462 ὡς
2476 1396 2629 1470 ὁρᾷς·
2678 1398 2801 1452 οὐδὲ
2856 1399 2967 1470 γὰρ
3015 1399 3251 1469 ἐγχωρεῖ
3297 1394 3368 1451 τὰ
3400 1395 3494 1449 τοῦ
3535 1393 3685 1465 καιροιὲ

458 1524 570 1579 quo
595 1508 682 1561 die
713 1506 924 1561 Pascha
958 1502 1133 1573 legale
1169 1498 1401 1563 mactari
1452 1492 1829 1553 consueverit.
1861 1490 1956 1546 Fui

1988 1505 2055 1545 ise
2154 1490 2340 1543 πλεῖον
2369 1488 2711 1561 ὲνδιατρίψαι
2733 1491 2846 1555 τοῖς
2887 1491 3017 1558 περὶ
3051 1489 3262 1543 τούτων
3287 1487 3486 1552 λόγοις,

457 1614 644 1659 antem
696 1600 829 1656 illud
851 1597 996 1669 quod
1021 1598 1075 1652 in
1098 1590 1256 1650 coam
1286 1592 1554 1648 Dominus
1591 1587 1859 1659 apostolis
1891 1583 2128 1656 praebuit
2170 1600 2366 1655 ranem
2402 1585 2817 1645 iet-mentatum,
2862 1598 2973 1638 non
3025 1584 3284 1640 fermenti
3328 1593 3613 1655 exprrtem,
3649 1593 3690 1635 ut

382 1740 391 1747 ι
460 1693 535 1747 illi
572 1698 852 1754 asserunt,
899 1686 1044 1741 idem
1079 1684 1171 1737 hic
1237 1679 1622 1735 divinissimus
1649 1676 1750 1746 ivir
1816 1674 2124 1729 clarissime
2164 1672 2465 1744 significat.
2520 1672 2656 1729 Nam
2690 1674 2761 1730 de
2806 1674 2982 1729 veteri
3020 1690 3277 1745 novoque
3329 1674 3529 1730 fmdx‘re
3566 1676 3687 1730 verba

456 1790 710 1852 faciens,
786 1805 804 1833 ι
844 1784 998 1848 Istic,
1055 1783 1152 1846 ait,
1205 1778 1387 1833 littera
1445 1785 1588 1841 erat,
1647 1772 1738 1828 hic
1797 1772 2055 1842 spiritus.
2094 1773 2222 1829 lsti‘c
2258 1786 2408 1839 arca,
2449 1771 2539 1825 hic
2602 1771 2779 1843 virgo.
2809 1768 2939 1826 lstic
2965 1770 3196 1826 Aaronis
3238 1772 3411 1841 virga.
3465 1769 3549 1826 hic
3569 1785 3687 1825 crux.

459 1880 589 1936 Istic
630 1895 827 1951 agnus,
884 1876 973 1930 hic
1038 1871 1312 1928 Christus.
1361 1869 1492 1925 Istic
1552 1866 1979 1930 iniermentata,’
2034 1863 2124 1919 hic
2164 1865 2346 1935 panis.
2379 1879 2399 1917 ι
2436 1863 2562 1919 Haec
2606 1863 2849 1934 quodam
2899 1865 2955 1918 in
3010 1862 3359 1933 compendio,
3413 1878 3512 1918 ceu
3555 1862 3687 1928 vides,

460 1973 765 2046 perscripta
800 1968 900 2024 tibi
929 1977 1136 2024 sunto:
1180 1975 1400 2034 tempus
1425 1963 1574 2018 enim
1614 1975 1723 2015 non
1758 1960 1967 2030 patitur
1991 1966 2051 2013 ut
2089 1957 2298 2013 diutius
2337 1957 2404 2013 de
2439 1958 2604 2014 rebus
2635 1956 2787 2013 hisce
2819 1964 3281 2013 commentemur.

534 2070 811 2137 Deinceps
840 2064 1108 2119 Dominus
1146 2068 1342 2116 noster
1362 2059 1522 2113 .lesus
1549 2055 1805 2111 Christus
1835 2055 1900 2110 ad
1925 2068 2051 2109 cru-
2086 2057 2130 2113 Β

460 2159 798 2232 ciligendum
833 2154 1071 2212 traditur
1101 2170 1117 2208 :
1166 2161 1224 2207 tu
1251 2165 1374 2222 qua:
1408 2155 1704 2205 consecuta
1745 2147 1877 2212 sint,
1904 2145 2053 2200 vide.

466 2256 603 2311 Nam
637 2250 707 2307 ab
748 2250 883 2304 hora
913 2245 1025 2301 diei
1056 2252 1210 2300 sexta
1237 2241 1479 2298 tenebrae
1507 2249 1710 2296 terram
1734 2239 2053 2294 universam

461 2349 814 2415 occuparunt
836 2339 902 2395 ad
938 2339 1131 2393 horam
1156 2351 1331 2416 usque
1354 2349 1581 2399 nonam,
1609 2333 1744 2398 Deo,
1771 2345 1874 2387 ceu
1901 2329 2057 2386 credi

466 2448 566 2502 par
595 2440 702 2494 est,
736 2437 965 2500 propter
993 2441 1058 2482 ea
1100 2439 1221 2496 quae
1244 2423 1681 2495 designabantur
1712 2420 2053 2493 indignante.

461 2524 583 2579 Non
608 2522 756 2576 enim
788 2519 924 2575 solis
947 2516 1226 2573 delectum
1265 2513 1559 2579 accidisse,
1587 2512 2056 2585 quemadmodum

461 2614 898 2686 Chrysostomus
933 2610 1052 2677 ait,
1105 2608 1201 2665 sed
1236 2621 1354 2663 rem
1387 2615 1555 2662 totam
1607 2605 1677 2660 ab
1704 2605 1786 2660 ira
1819 2613 1877 2661 et
1910 2603 2058 2660 indi-

464 2709 728 2781 gnatione
791 2705 982 2761 divina
1030 2702 1338 2776 profectam
1394 2702 1608 2768 fuisse,
1660 2701 1793 2757 licet
1824 2716 1895 2758 ex
1938 2701 2059 2773 ipso

464 2801 635 2855 etiam
680 2808 930 2876 tempore
964 2795 1266 2866 colligere;
1300 2794 1521 2859 duravit
1549 2793 1695 2849 enim
1732 2793 1853 2849 haec
1881 2792 2059 2864 caligo

470 2905 583 2948 tres
614 2890 805 2957 horas,
839 2905 962 2961 qu:e
993 2886 1291 2951 carteroqui
1339 2885 1456 2942 ﬁeri
1487 2886 1632 2942 solet
1676 2885 1732 2941 in
1770 2901 1882 2940 uno
1915 2893 2059 2942 tem-

346 2983 360 3003 ‘
466 2983 622 3055 poris
655 2989 962 3038 momento.
1001 2980 1128 3036 Haec
1158 2977 1545 3050 Chrysostomi
1590 2987 1678 3034 est
1717 2977 1880 3033 ratio.
1910 2976 2061 3033 Divi-

467 3092 575 3132 nus
610 3085 794 3131 autem
820 3075 905 3129 vir
938 3074 1052 3137 ille,
1093 3072 1389 3144 Dionysius
1428 3071 1758 3143 Areopagita
1780 3112 1796 3137 ,
1838 3087 1948 3127 non
1982 3070 2059 3127 ita

466 3167 817 3239 simpliciter,
849 3167 945 3223 sed
983 3182 1084 3237 per
1111 3165 1486 3237 objectionem
1525 3164 1776 3233 corporis
1805 3162 2016 3219 lunaris
2041 3202 2057 3230 ,

469 3265 646 3321 solem
672 3264 829 3320 velut
882 3262 1225 3319 obstruentis
1249 3300 1265 3327 ,
1321 3259 1667 3316 universales
1700 3259 1865 3317 hasce
1903 3268 2060 3316 tene-

470 3358 601 3413 bras
651 3356 933 3413 exstitisse
986 3367 1132 3408 novo
1179 3351 1419 3423 quodam
1464 3358 1522 3406 et
1572 3350 1838 3405 inusitato
1894 3349 2060 3405 modo

2242 2050 2304 2106 Ὀ
2332 2052 2389 2106 δὲ
2418 2052 2625 2123 Κύριος
2658 2051 2818 2123 ἡμῶν
2862 2049 3071 2123 Ἰησοῦς
3097 2047 3338 2123 Χριστὸς
3362 2049 3445 2112 είς
3485 2047 3542 2102 τὸ
3570 2066 3692 2104 σταυο

2162 2141 2406 2215 ρωθῆναι
2434 2145 2793 2216 παραδίδοται
2814 2161 2830 2177 ο
2862 2146 2956 2198 καὶ
2982 2143 3087 2215 ὅρα
3112 2143 3178 2197 τὰ
3208 2142 3350 2213 μετὰ
3377 2140 3561 2197 ταῦτα.
3590 2142 3689 2195 ’Δπῆ

2158 2238 2269 2307 γὰρ
2297 2235 2466 2304 ἕκτης
2493 2235 2646 2307 ὥρας
2678 2236 2872 2302 σκότος
2913 2236 3138 2305 ἐγένετο
3159 2236 3253 2289 ἐπὶ
3285 2235 3466 2289 πᾶσαν
3491 2233 3583 2304 τὴν
3612 2232 3689 2302 γῆν

2160 2329 2265 2393 ἕως
2307 2328 2459 2401 ῶρας
2488 2328 2741 2401 ὲννάτης.
2767 2329 3214 2398 ἀγανακτοῦντος
3247 2329 3340 2382 ἐπὶ
3387 2330 3497 2391 τοῖς
3521 2325 3690 2396 τολμω-

2162 2423 2370 2491 μένοις,
2397 2420 2485 2477 οἷα
2511 2423 2682 2489 εἰκὸς,
2710 2425 2803 2478 τοῦ
2827 2421 2984 2478 Θεοῦ.
3019 2423 3144 2476 Ὀτι
3179 2423 3290 2494 γὰρ
3324 2422 3426 2474 οὐκ
3460 2415 3529 2491 ἦν
3554 2419 3689 2472 ἐκλει-

2159 2512 2273 2585 ψις,
2303 2519 2445 2573 καθά
2477 2534 2643 2588 φησιν
2672 2516 2702 2569 6
2739 2515 2841 2586 τὴν
2876 2515 3128 2585 γλῶτταν
3161 2513 3421 2587 χρυσοῦς,
3450 2513 3560 2568 ἀλλ’
3583 2510 3687 2584 ὀργῆ

2161 2618 2254 2674 καὶ
2290 2616 2697 2684 ἀγανάκτησις,
2725 2610 2821 2664 καὶ
2870 2610 2979 2665 ἀπὸ
3010 2607 3105 2662 τοῦ
3137 2607 3337 2680 καιροῦ
3364 2607 3522 2678 δῆλον
3542 2622 3556 2638 σ
3580 2607 3691 2675 ipsi;

2161 2708 2271 2779 γὰρ
2295 2690 2446 2778 ὥρας
2486 2701 2821 2774 παρέμεινεν
2860 2700 2895 2775 ἡ
2926 2698 3196 2771 ἔκλειψις,
3222 2700 3348 2772 ἥτις
3373 2701 3433 2753 ἑν
3464 2700 3557 2770 μιᾷ
3578 2698 3688 2763 γίνε-

2161 2819 2253 2856 ται
2284 2796 2482 2871 καιροῦ
2538 2798 2703 2871 ῥοπῇ.
2754 2794 2866 2850 Καὶ
2920 2796 2989 2849 τὰ
3047 2794 3150 2865 μὲν
3198 2791 3294 2847 τοῦ
3347 2791 3687 2862 Χρυσοστόμοῠ

2161 2892 2390 2949 τοιαῦτα
2411 2908 2429 2924 ⁶
2461 2893 2491 2946 6
2520 2892 2580 2946 δὲ
2629 2890 2909 2955 θειότατος
2956 2890 3234 2953 Διονύσιος
3267 2891 3295 2943 6
3336 2889 3689 2961 Ἀρεοπαγίτης

2163 2990 2263 3060 οὐχ
2297 2986 2486 3051 ἁπλῶς
2537 2983 2700 3051 οὕτω,
2731 2985 2876 3039 κατὰ
2920 2984 2979 3039 δὲ
3027 2982 3350 3055 ἀντίφραξιν
3374 2982 3471 3053 τῆς
3502 2979 3687 3049 σελήνης

2161 3081 2223 3134 τὸ
2268 3082 2460 3145 σκότος
2501 3083 2681 3135 ἐκεῖνο
2733 3066 2884 3148 λέγει
2929 3077 3187 3147 γενέσθαι
3234 3074 3602 3147 καινοπρεπῶς
3642 3072 3685 3122 ti

2162 3172 2530 3243 παγκόσμιον.
2589 3169 2958 3224 Ἐπιστὲλλων
3010 3168 3121 3242 γὰρ
3175 3166 3406 3237 ίεράρχῃ
3448 3163 3521 3234 τῷ
3554 3163 3686 3215 [lolii-

2162 3265 2363 3334 κάρπῳ
2397 3263 2485 3318 διὰ
2511 3263 2605 3317 τὸν
2639 3261 2904 3334 σοφιστὴν
2944 3260 3359 3329 Ἀπολλοφάνην
3397 3257 3475 3329 μὴ
3503 3254 3683 3309 καταδει

2162 3357 2392 3428 χόμενον
2434 3356 2502 3409 τὰ
2543 3354 2890 3428 Χριστιανῶν
2941 3355 3040 3408 καὶ
3066 3352 3195 3407 τάδε
3243 3351 3380 3425 φησὶ
3411 3350 3547 3404 κατὰ
3572 3349 3687 3419 ῥῆμα

456 3450 662 3507 'tradit.
690 3450 828 3504 Nam
854 3446 922 3500 ad
951 3445 1318 3516 Polycarpum
1362 3444 1710 3499 hierarcham
1743 3425 1812 3499 de
1838 3458 1905 3499 co
1935 3460 1954 3514 ι

2188 3425 2301 3518 ιρδς
2349 3448 2550 3503 αὐτόν’
2647 3447 2781 3502 Εἰπὲ
2832 3447 2888 3502 δὲ
2922 3445 3074 3518 αὐτῷ
3106 3445 3184 3515 τῶ
3223 3441 3616 3513 Ἀπολλοφὰνει,
3641 3435 3686 3488 Τί

471 3544 727 3599 scribens
757 3539 905 3612 quod
958 3537 1372 3609 Apollophanes
1413 3536 1662 3607 sophista
1690 3535 2058 3592 Christianam

475 3636 801 3706 religionem
863 3648 971 3688 non
1029 3630 1483 3703 amplecteretur,
1540 3630 1607 3685 ad
1658 3630 1888 3686 verbum
1943 3629 2062 3686 haec

474 3725 734 3798 profert:
771 3742 790 3776 ι
832 3722 1011 3778 Dicito
1070 3731 1256 3776 autem
1302 3720 1353 3776 ei
1382 3763 1398 3788 ,
1439 3739 1459 3773 ι
1520 3718 1787 3776 nimirum
1835 3720 2064 3792 Apollo-

475 3819 667 3890 phani,
713 3836 732 3870 ι
773 3815 917 3884 Quid
977 3815 1047 3870 de
1106 3814 1197 3869 illa
1234 3827 1428 3870 censes
1464 3813 1679 3884 eclipsi,
1716 3829 1838 3884 quae
1868 3813 2064 3869 saluti-

473 3919 605 3969 πεπυ
633 3909 912 3984 passionis
946 3920 1196 3979 tempore
1220 3906 1473 3963 accidit?
1511 3922 1613 3962 nos
1637 3907 1785 3962 enim
1810 3907 1974 3962 ambo
2004 3905 2063 3962 id

475 4000 742 4075 temporis
766 4000 1043 4072 Heliopoli
1086 4015 1196 4057 una
1229 4014 1454 4055 eramus
1475 4040 1490 4065 ,
1517 4007 1574 4053 et
1618 3998 1815 4054 eodem
1853 3998 1910 4053 in
1939 3997 2063 4053 loco

476 4098 857 4153 consistentes
889 4096 1077 4148 lunam
1122 4093 1389 4148 inusitato
1420 4092 1586 4147 modo
1618 4094 1673 4147 in
1713 4092 1886 4147 solem
1922 4091 2062 4148 inci-

480 4189 614 4243 dere
656 4188 1067 4244 cernebamus:
1099 4188 1306 4259 quippe
1343 4203 1452 4244 non
1496 4187 1632 4243 illud
1667 4186 1929 4244 coitionis
1972 4202 2066 4243 eo-

484 4298 608 4336 rum
665 4280 910 4335 siderum
971 4289 1189 4352 tempus
1236 4290 1374 4336 erat.
1435 4281 1644 4337 Deinde
1702 4297 1895 4337 rursus
1944 4297 2066 4337 eam

480 4371 963 4443 conspiciebamus
989 4370 1059 4426 ab
1092 4372 1228 4427 hora
1271 4387 1414 4426 nona
1460 4388 1634 4445 usque
1667 4372 1737 4427 ad
1781 4387 2067 4443 vesperam

482 4466 699 4521 ratione
728 4465 970 4535 quadam
1001 4465 1388 4520 ultranaturali
1435 4480 1503 4520 eo
1556 4480 1854 4534 reversam,
1906 4466 2070 4536 220

482 4567 543 4610 ut
593 4559 913 4628 Oppositum
978 4557 1084 4614 sibi
1152 4573 1220 4612 ex
1272 4558 1546 4613 diametro
1594 4558 1767 4613 solem
1813 4557 2066 4614 haberet.

481 4649 795 4717 Quinetiam
837 4651 955 4721 ipse
985 4651 1121 4706 adeo
1152 4659 1268 4706 tum
1311 4652 1577 4722 temporis
1609 4652 1896 4722 perculsus
1919 4664 2069 4707 metu

484 4742 726 4812 quodam
753 4742 1060 4813 obstupuit,
1103 4752 1163 4797 ut
1208 4744 1277 4798 ad
1323 4759 1409 4800 me
1445 4758 1750 4800 conversus
1806 4743 2067 4802 diceret:

490 4833 638 4896 llaac,
666 4834 890 4905 Dionysi
919 4875 934 4901 ,
983 4851 1167 4890 rerum
1202 4836 1517 4891 divinarum
1554 4848 1682 4892 sunt
1724 4837 2065 4894 vicissitudi-

486 4941 603 4981 nes.
636 4945 655 4977 ι
705 4924 862 4982 llunc
922 4928 979 4982 in
1037 4929 1261 4984 modum
1325 4930 1429 4985 hac
1456 4929 1525 4985 de
1557 4946 1615 4985 re
1642 4931 1954 5003 Dionysius.
1988 4931 2065 4987 De

486 5019 683 5074 iisdem
712 5020 957 5075 tenebris
984 5020 1283 5077 salutiferae
1309 5024 1585 5093 passionis
1621 5033 1867 5096 tempore
1901 5026 2067 5082 obor-

488 5110 558 5164 tis
596 5110 768 5164 etiam
815 5109 1112 5165 Zacharias
1152 5123 1307 5167 vates
1351 5114 1673 5169 admiranda
1697 5116 1936 5186 quadam
1984 5132 2068 5171 ra-

490 5205 641 5259 tione
681 5204 931 5274 loquitur
966 5221 979 5257 :
1013 5223 1032 5256 t
1069 5204 1189 5274 illo,
1225 5207 1445 5275 inquit,
1494 5206 1583 5263 die
1612 5209 1704 5264 lux
1741 5210 1887 5264 nulla
1919 5211 2067 5265 exsi-

487 5306 597 5352 stet
625 5296 694 5362 ",
735 5314 753 5347 ι
786 5312 900 5368 quo
932 5296 1191 5351 videlicet
1213 5298 1475 5355 Christus
1495 5300 1551 5354 in
1579 5316 1799 5358 crucem
1832 5313 2022 5374 agetur
2050 5322 2065 5369 ;

496 5408 515 5440 ι
557 5386 654 5443 sed
687 5396 803 5442 toto
853 5386 942 5441 die
969 5386 1144 5457 frigus
1166 5403 1241 5453 ,σο
1290 5391 1414 5459 gelu
1446 5390 1706 5459 durabit;
1757 5409 1920 5462 quem
1948 5394 2071 5464 qui~

490 5480 616 5537 dettl
673 5479 821 5535 diem
888 5480 1158 5537 Dominus
1206 5484 1382 5537 novit.
1427 5504 1447 5535 ι
1481 5486 1626 5542 Deus
1682 5488 1829 5543 enim
1883 5489 2072 5543 omnia

489 5578 644 5645 prius
677 5575 900 5643 cognita
957 5575 1147 5632 habet.
1190 5576 1310 5633 Non
1350 5577 1395 5633 is
1430 5569 1551 5636 dies
1598 5581 1727 5646 erit,
1793 5597 1893 5638 nec
1936 5583 2069 5638 item

490 5686 620 5724 nox.
666 5669 938 5724 Nimirum
974 5671 1240 5740 appellari
1282 5672 1401 5729 dies
1437 5677 1660 5744 prOprie
1695 5689 1807 5729 non
1857 5684 2074 5744 poterat

542 5792 587 5824 "'
627 5790 858 5848 Zachar.
898 5807 1012 5856 xw,
1045 5794 1102 5850 (ἰ.

2162 3540 2342 3610 λέγεις
2370 3544 2501 3609 περὶ
2551 3540 2652 3611 τῆς
2700 3540 2759 3592 ἐν
2801 3539 2878 3610 τῷ
2909 3538 3165 3610 σωτηρίῳ
3201 3537 3422 3607 σταυρῷ
3453 3530 3691 3604 γεγονυίας

2164 3630 2498 3702 ὲκλείψεως;
2533 3631 2864 3703 ’Δμφότεροι
2906 3631 3018 3701 γὰρ
3063 3632 3185 3684 τότε
3234 3631 3378 3683 κατὰ
3409 3627 3506 3699 τὴν
3548 3622 3689 3679 Ἠλίου

2166 3729 2324 3783 πόλιν
2359 3727 2479 3799 ἅμα
2510 3729 2782 3801 παρόντες
2813 3732 2908 3782 καὶ
2948 3726 3288 3791 συνεστῶτες
3314 3724 3618 3798 παραδόξως
3636 3718 3691 3785 τῷ

2164 3822 2303 3895 ἡλίῳ
2334 3822 2433 3894 τὴν
2466 3822 2699 3894 σελήνην
2723 3820 3110 3891 ἐμπίπτουσαν
3138 3805 3400 3893 ἑωρῶμεν
3427 3819 3510 3892 (οὐ
3531 3818 3623 3886 γὰρ
3643 3809 3691 3882 ἦν

2167 3916 2389 3969 συνόδου
2428 3916 2645 3987 καιρὸς)
2681 3913 2840 3978 αὖθίς
2878 3930 2940 3967 τε
2989 3913 3161 3985 αὐτὴν
3213 3912 3322 3966 ἀπὸ
3363 3913 3465 3980 τῆς
3510 3911 3691 3975 tam;

2166 4008 2316 4080 ὥρας
2356 4010 2493 4082 ἄχρι
2529 4009 2628 4081 τῆς
2660 4008 2902 4078 ἑσπέρας
2944 4008 3023 4070 είς
3054 4006 3116 4059 τὸ
3144 4003 3238 4059 τοῦ
3270 4005 3422 4076 ἡλίου
3449 4003 3693 4073 διάμετρον

2167 4103 2463 4174 ὑπερφυῶς
2498 4102 3005 4156 ἀπικαταστᾶσαν.
3041 4097 3312 4153 Τοσοῦτον
3340 4097 3400 4151 δὲ
3447 4097 3539 4150 καὶ
3566 4093 3693 4151 αὖτίς

2168 4194 2448 4266 ἐξεπλάγη
2483 4194 2606 4248 τότε
2633 4195 2708 4258 ὼς
2742 4192 2885 4246 οὕτω
2910 4175 3047 4264 πρός
3081 4207 3149 4262 με
3174 4192 3372 4246 simil.
3412 4208 3431 4241 t
3460 4187 3639 4250 Ταῦτα,
3660 4177 3693 4235 ὦ

2169 4292 2436 4359 Διονύσιε,
2472 4293 2634 4348 θείων
2697 4290 2932 4362 ἀμοιϐαὶ
2982 4288 3333 4362 πραγμάτων
3377 4267 3506 4343 sici.
3557 4305 3574 4339 ι
3615 4281 3694 4337 Καὶ

2169 4385 2344 4439 ταῦτα
2394 4384 2496 4455 μὲν
2547 4382 2738 4438 τοῦτον
2785 4382 2901 4454 ἔχει
2941 4382 3033 4435 τὸν
3083 4383 3310 4450 τρόπον.
3364 4381 3495 4451 Περὶ
3534 4378 3583 4431 δὲ
3624 4370 3692 4425 τοῦ

2175 4474 2495 4546 σκοτασμοῦ
2541 4475 2758 4530 ἐκείνου
2813 4474 2908 4529 τοῦ
2960 4474 3104 4529 κατὰ
3144 4472 3208 4526 τὸ
3257 4474 3521 4544 σωτήριον
3564 4466 3693 4524 πάθος

2172 4571 2460 4640 γεγονότος
2490 4569 2816 4640 θαυμασίως
2837 4584 2955 4631 πως
2980 4569 3078 4622 καὶ
3107 4567 3185 4638 τῷ
3212 4569 3469 4638 προφήτῃ
3491 4560 3693 4632 Ζαχαρίξ

2172 4663 2510 4732 διείληπται·
2549 4661 2701 4729 λέγει
2724 4661 2855 4730 γάρ;
2907 4679 2926 4711 t
2976 4658 3069 4714 Ἐν
3104 4659 3290 4728 ἐκείνῃ
3313 4662 3378 4730 τῇ
3410 4649 3583 4727 ἡμέρᾳ
3621 4651 3693 4702 οὐκ

2173 4755 2326 4810 ἔσται
2361 4753 2476 4822 φῶς
2533 4754 2718 4824 (ἡνίκα
2756 4751 2960 4822 δηλαδὴ
3009 4750 3456 4822 σταυρωθήσεται
3508 4750 3533 4799 6
3588 4742 3690 4812 Χρι-

2175 4847 2343 4918 στὸς),
2397 4846 2537 4901 ἀλλὰ
2581 4845 2755 4916 ψῦχος
2789 4846 2883 4900 καὶ
2923 4845 3100 4913 πάγος
3138 4846 3293 4898 ἔσται
3333 4843 3456 4915 μίαν
3487 4839 3691 4912 ἡμέραν·

2173 4940 2267 4995 καὶ
2299 4941 2334 5011 ἡ
2363 4938 2546 5010 ἡμέρα
2580 4939 2763 5010 ἐκείνη
2796 4939 3015 5008 γνωστὴ
3051 4937 3129 5008 τῷ
3160 4936 3371 5006 Κυρίῳ.
3407 4953 3426 4987 ι
3454 4936 3587 4988 ’Δνω
3614 4928 3692 4996 τᾶρ

2173 5032 2391 5088 ἅπαντα
2430 5033 2842 5102 προεγίνωσκεν
2873 5032 2903 5084 6
2935 5030 3089 5094 Θεός.
3134 5031 3246 5085 Καὶ
3281 5032 3386 5099 γὰρ
3428 5028 3522 5095 οὐχ
3554 5023 3694 5093 ipsi.”

2173 5128 2270 5182 καὶ
2313 5126 2377 5180 οὐ
2432 5125 2548 5192 νύξ.
2608 5124 2749 5179 Οὔτε
2798 5126 2908 5196 γὰρ
2963 5125 3149 5195 ἡμέρα
3193 5125 3398 5193 κυρίως
3448 5116 3515 5191 ἦν
3543 5116 3620 5170 διὰ
3651 5112 3692 5162 τὸ

2175 5220 2414 5290 τρίωρον
2443 5219 2620 5272 ἐκεῖνο
2662 5217 2875 5282 σκότος,
2911 5215 3035 5270 οὔτε
3082 5215 3182 5281 νὺξ
3228 5215 3442 5285 ἀληθῶς
3478 5212 3560 5266 διά
3576 5226 3626 5263 τε
3650 5209 3693 5257 τὸ

2180 5313 2374 5383 μέχρις
2402 5311 2568 5383 ἕκτης
2590 5310 2741 5380 ὥρας
2772 5310 2870 5363 καὶ
2901 5308 3038 5380 μετὰ
3066 5309 3166 5379 τὴν
3197 5309 3423 5377 ἐννατην
3451 5304 3694 5375 γενόμεπν

2178 5403 2393 5471 φῶς.“0
2413 5403 2476 5474 δὴ
2506 5405 2601 5457 καὶ
2629 5401 2808 5472 δηλῶν
2840 5403 2871 5456 6
2897 5400 3183 5472 προφήτης
3214 5399 3389 5466 (iure,
3427 5417 3446 5450 ι
3471 5395 3574 5450 Καὶ
3594 5390 3694 5460 πρὸς

2179 5497 2420 5566 ἑσπέραν
2461 5496 2616 5548 ἔσται
2651 5494 2788 5564 φῶς.
2831 5512 2848 5545 ι
2885 5493 3073 5548 Ταῦτα
3103 5486 3544 5560 δὲ,όγαπητὲ,οΰ
3572 5482 3689 5554 μόνοι

2180 5589 2462 5661 προφῆται
2503 5592 2789 5659 προεῖπον,
2818 5586 2955 5643 ἀλλὰ
3005 5586 3100 5639 καὶ
3137 5587 3196 5640 ἐν
3247 5581 3462 5644 πολλοῖς
3502 5579 3675 5643 Ἕλληνι

2182 5683 2298 5745 κοῖς
2341 5681 2737 5753 ὑπομνήμασιν
2774 5679 3033 5751 εὕρηνται
3064 5695 3080 5710 '
3124 5678 3218 5734 καὶ
3251 5675 3474 5746 σεισμὸν
3501 5674 3596 5743 γὰρ
3623 5666 3689 5736 μέ⁷
