3794 6226
138 311 225 381 m
1334 311 1686 376 ANNALIU'

1793 304 1974 373 PARS
2020 305 2130 378 ili.
3226 299 3327 374 41‘]

135 453 223 500 γαν
254 430 534 501 τηνικαῦτα
563 429 779 497 λέγουσι
816 427 1090 497 γενέσθαι,
1134 428 1226 480 καὶ
1261 427 1450 488 σκᾶτος
1477 424 1663 477 τισοῦ-

1793 433 1992 492 :ropter
2037 424 2153 476 illas
2186 424 2350 475 trium
2389 421 2648 476 horarum
2685 419 2981 487 tenebras;
3012 433 3112 478 nec
3145 432 3334 488 reapse

134 545 213 580 τον
242 526 372 578 ὥστε
409 525 634 593 ἀστέρας
667 524 923 593 φανῆναι.

1796 531 1880 569 nox
1914 524 2033 568 erat
2066 523 2289 584 propter
2316 529 2435 568 eam
2485 515 2662 569 lucem
2689 553 2706 580 ,
2734 530 2855 584 qua:
2877 525 3082 570 sextam
3139 514 3332 569 hoer

133 617 403 672 antecessit
449 623 504 670 et
551 629 750 668 nonam
821 622 906 668 est
955 613 1268 668 subsecuta.
1313 610 1466 676 Quod
1515 610 1689 678 ipsum
1733 622 1953 678 quoque
2007 614 2160 659 vates
2212 607 2448 660 innuens
2515 606 2739 675 subjieit
2778 623 2792 661 :
2830 625 2848 658 ι
2886 607 3000 661 Sub
3050 623 3331 676 vesperam

132 701 358 762 luxerit.
397 723 415 756 ι
479 704 662 771 Neque
702 711 912 756 tantum
982 701 1138 765 inec,
1175 701 1376 754 dilecte
1409 700 1479 753 ﬁli
1511 742 1524 762 .
1579 701 1659 755 sic
1707 718 1734 755 a
1778 702 1995 754 vatibus
2043 698 2292 768 exposita
2353 707 2515 762 sunt,
2573 707 2760 752 verum
2818 699 2981 754 etiam
3035 701 3088 754 in
3149 703 3338 755 mults

131 798 412 853 Graecorum
459 795 836 850 monumentis
874 802 925 848 et
957 795 1367 848 commentariis
1389 793 1764 863 reperiuntur,
1801 793 1893 862 qui
1967 808 2034 846 eo
2071 803 2316 862 tempore
2374 793 2599 846 tradunt
2661 801 2818 846 terra:
2892 805 3098 848 motum
3143 797 3324 866 ingen-

132 905 223 950 tem
254 890 534 953 accidisse,
573 895 861 954 tantasque
887 885 1166 947 tenebras,
1204 893 1262 937 ut
1307 885 1424 953 ipsa
1458 899 1676 953 quoque
1719 885 1900 940 sidera
1940 885 2417 953 conspicerentur.

188 987 312 1038 Τότε
333 985 418 1052 δὴ,
446 982 566 1032 τότε
595 980 692 1032 καὶ
727 977 1072 1048 προφητικὴν
1099 977 1350 1046 ἐπιφέρει
1390 977 1545 1047 ῥῆσιν
1574 978 1668 1029 ἐπὶ

1842 977 2075 1029 Protulit
2105 986 2216 1028 tum
2252 977 2507 1031 Christus
2535 976 2587 1028 in
2618 983 2780 1029 eruce
2817 977 3040 1030 verbum
3077 978 3216 1032 istuc
3241 997 3335 1033 va-

129 1075 346 1146 σταυροῦ
363 1074 460 1142 τὴν
490 1070 631 1124 οὕτω
662 1069 924 1132 λέγουσαν
953 1087 970 1118 ι
997 1068 1099 1119 Θεέ
1130 1084 1253 1134 μου.
1290 1066 1393 1118 Θεέ
1427 1083 1552 1134 μου,
1581 1065 1668 1118 ῐλα

1797 1065 1842 1118 is
1877 1082 1889 1118 :
1923 1084 1941 1115 ι
1981 1063 2048 1118 Μί
2085 1065 2246 1127 Deus,
2281 1067 2350 1117 mi
2385 1067 2550 1129 Deus,
2582 1082 2678 1118 cur
2703 1081 2786 1119 me
2803 1067 3172 1122 deseruisti?»
3205 1071 3338 1124 Proa

127 1170 170 1221 τί
211 1183 273 1234 με
315 1163 703 1232 ἑγκατέλιπες;
742 1179 762 1213 ι
810 1159 1090 1230 Ἐϐραῖστὶ
1127 1159 1183 1211 δὲ
1236 1156 1411 1211 ταῦτα
1457 1157 1665 1223 ἔλεγεν,

1801 1161 1897 1213 ulit
1929 1170 2110 1214 autem
2157 1161 2388 1216 vocibus
2443 1160 2725 1214 Hebraicis
2760 1160 3119 1230 huiusmodi:
3161 1181 3180 1212 ι
3219 1164 3338 1224 Eli,

139 1262 262 1321 Ἠλὶ,
285 1259 389 1327 ὴλὶ,
421 1256 615 1324 lappa
639 1252 965 1322 σαϐαχθανί.
999 1251 1153 1312 Τίνος
1175 1250 1396 1314 ἓνεκεν;
1427 1249 1544 1302 Ἵνα
1575 1251 1670 1300 καὶ

1793 1252 1854 1304 ΕΗ
1881 1294 1894 1311 ,
1934 1252 2434 1306 lamasabachthani
2467 1253 2535 1304 ".
2583 1272 2600 1302 ι
2639 1252 2750 1306 Cur
2804 1254 2999 1308 istuc?
3057 1263 3118 1308 ut
3169 1255 3341 1310 Judai

126 1356 221 1412 τοῖς
262 1348 527 1409 Ἰουδαίοις
555 1346 729 1399 ταῦτα
768 1342 1049 1414 κατάδηλα
1079 1343 1331 1411 γένηται.
1376 1339 1519 1392 Ἀλλ’
1575 1341 1668 1390 ἐπὶ

1793 1357 1835 1394 :a
1864 1342 2255 1410 intelligerent.
2289 1342 2366 1396 Illi
2401 1356 2533 1396 vero
2567 1351 2712 1396 tanta
2747 1343 3006 1397 furebant
3042 1346 3340 1414 petulantia

127 1441 353 1495 τοσοῦτον
378 1438 664 1493 ἀκόλαστοι
691 1435 787 1488 καὶ
809 1433 1060 1500 ἀσελγεῖς
1091 1432 1242 1494 ὄντες
1272 1434 1499 1494 ἐκεῖνοι,
1524 1429 1668 1482 καθά

1793 1443 1828 1486 ιι
1859 1435 2209 1501 procacitate,
2248 1433 2708 1502 quemadmodum
2757 1435 3182 1506 Chrysostomus
3222 1441 3341 1497 ait.
3377 1471 3392 1482 -

129 1549 269 1600 φησιν
321 1533 348 1582 6
407 1528 505 1596 τὴν
553 1527 798 1593 γλῶτταν
853 1524 1108 1595 χρυσοῦς,
1163 1524 1424 1589 ἐνόμισαν
1484 1520 1672 1572 Ἠλίαν

1793 1535 1835 1576 ιι
1862 1524 2038 1592 ipsum
2069 1526 2445 1579 existimarent
2471 1526 2641 1579 Etiam
2673 1540 2890 1582 vocare.
2920 1529 3115 1583 Verum
3143 1544 3206 1582 ea
3239 1545 3341 1583 vox

128 1625 307 1678 καλεῖν.
342 1622 450 1674 Καὶ
488 1615 636 1674 οὖτοι
680 1620 776 1688 μὲν
808 1617 1000 1679 οὕτως.
1049 1616 1190 1669 Ἀλλ’
1224 1617 1257 1686 ἡ
1297 1614 1448 1683 φωνὴ
1483 1612 1670 1680 ἐκείνη

1793 1626 1829 1668 :t
1861 1615 2054 1684 templi
2097 1618 2276 1670 velum
2306 1615 2502 1670 ditlidit
2548 1627 2603 1671 et
2651 1620 2866 1688 aperuit
2898 1621 3181 1689 sepulcra;
3223 1637 3345 1691 qua:

129 1721 207 1769 καὶ
230 1717 284 1768 το
313 1716 714 1781 καταπέτασμα
742 1711 955 1780 ἔσχισε,
1001 1711 1093 1762 καὶ
1121 1709 1188 1760 τὰ
1231 1709 1472 1782 μνημεῖα
1500 1706 1670 1773 ἀνέῳ-

1799 1699 1992 1759 ametsi
2019 1715 2314 1761 cernerent
2345 1708 2598 1762 homines
2644 1710 2717 1762 illi
2764 1711 2974 1776 stolidi,
3003 1725 3229 1779 prorsus
3263 1722 3344 1765 ta-

131 1811 222 1871 ξεν.
258 1806 388 1861 Ἀλλ’
417 1808 465 1860 οἱ
505 1806 728 1874 μάταιοι
778 1806 871 1856 καὶ
913 1802 1138 1854 τοιαῦτα
1170 1800 1460 1869 βλέποντες
1495 1798 1672 1850 συνιέ-

1795 1812 1904 1851 nen
1946 1797 2251 1865 intelligere
2315 1799 2596 1852 nolebant.
2661 1801 2773 1853 lino
2837 1802 3001 1855 etiam
3035 1804 3220 1857 verbis
3246 1803 3348 1856 htt-

129 1919 203 1952 ναι
231 1901 357 1961 ὅλως
398 1900 500 1950 οὐκ
532 1897 744 1966 ἧθελον.
779 1894 992 1947 Μᾶλλον
1025 1895 1123 1961 μὲν
1155 1891 1274 1956 οῦν,
1318 1909 1335 1940 ι
1365 1889 1677 1944 Καταίῖάτω

130 1993 180 2041 ἐκ
203 1989 287 2040 τοῦ
324 1986 619 2056 σταυροῦ,›
663 1985 870 2052 ἔλεγον,
903 1981 1042 2035 (ἵνα
1093 1983 1292 2051 ἴδωμεν
1322 1984 1414 2033 καὶ
1459 1979 1676 2032 πιστεύο-

131 2097 308 2147 σωμεν.
348 2097 367 2131 ι
417 2077 561 2130 Ἀλλ’
597 2078 804 2137 ἐκεῖνος
832 2076 890 2127 ὲν
932 2072 1010 2142 τῷ
1044 2071 1266 2141 σταυρῷ
1301 2072 1496 2140 μένων,
1534 2068 1606 2130 ῶς
1649 2068 1678 2118 6

130 2169 518 2238 Χρυσορῥήμων
562 2167 751 2232 φησὶν,
781 2165 839 2216 ἰν
872 2167 984 2226 τοῖς
1029 2163 1140 2215 τῶν
1179 2161 1381 2214 δούλων
1431 2162 1677 2227 σώμασιν

131 2263 182 2312 ὲκ
227 2258 542 2328 περιουσίας
593 2257 837 2309 ἐδείκνυε
891 2254 1054 2306 τοῦτο
1105 2253 1342 2317 πολλῆς·
1375 2257 1422 2304 εἰ
1462 2254 1574 2321 γὰρ
1618 2253 1678 2303 τὸ

129 2353 420 2420 τεταρταῖον
449 2349 694 2413 ἐξελθεῖν
719 2349 813 2401 τὸν
845 2347 1099 2417 Λάζαρον
1128 2347 1292 2416 μέγα.
1333 2342 1510 2413 πολλῷ
1539 2344 1674 2411 μᾶλ-

131 2444 205 2495 λον
245 2442 300 2494 τὸ
350 2441 585 2502 πολλοὺς
625 2440 736 2491 τῶν
784 2439 954 2492 πάλαι
1009 2439 1386 2507 κοιμηθέντων
1439 2436 1678 2504 φανῆναι

134 2534 313 2599 ζῶντας
348 2535 572 2604 ἀθρόον.
593 2533 703 2584 Καὶ
730 2531 1003 2602 πρόσσχες
1029 2530 1107 2600 τῷ
1137 2531 1397 2600 θειοτάτῳ
1415 2529 1680 2598 Ματθαὶῳ

135 2622 459 2693 περὶτούτων
495 2623 639 2674 οῦτω
669 2621 918 2686 λέγοντιι
957 2638 975 2670 ι
1001 2618 1184 2672 Πολλὰ
1227 2619 1282 2672 δὲ
1315 2618 1543 2688 σώματα
1571 2617 1679 2670 τῶν

135 2716 526 2785 κεκοιμημένων
579 2713 749 2782 ἁγίων
795 2711 1134 2782 ἠγέρθησαν,
1181 2711 1276 2764 καὶ
1315 2711 1567 2779 είσῆλθον
1601 2711 1681 2772 είς

136 2809 216 2878 τὴν
249 2811 399 2876 ἁγίαν
447 2808 629 2873 πόλιν,
660 2807 756 2861 καὶ
791 2805 1232 2876 ἐνεφανίσθησαν
1284 2805 1498 2868 πολλοῖς
1541 2804 1679 2874 μετὰ

136 2901 216 2969 τὴν
248 2903 452 2968 ἔγερσιν
496 2899 683 2954 αὑτοῦ.
721 2917 740 2950 ι
804 2897 946 2950 Ἀλλ’
1000 2896 1234 2950 ἐνταῦθα
1270 2896 1562 2966 προσέχειν
1622 2911 1681 2946 σε

137 2991 282 3055 ἄξιον.
311 2992 368 3043 Et
405 2993 518 3062 γὰρ
547 2992 689 3044 κατὰ
722 2989 812 3042 τὸν
841 2986 1263 3060 χρυσορῤήμονα
1305 2987 1557 3055 Ἰωάννην
1587 2988 1682 3039 ἐπὶ

139 3085 340 3152 σταυροῦ
373 3084 453 3135 ἔτι
487 3083 645 3145 ὄντος
669 3080 764 3134 τοῦ
793 3082 1032 3152 Χριστοῦ
1061 3083 1129 3133 τε
1167 3079 1394 3132 τοιαῦτα
1435 3077 1677 3148 ἠγέρθη-

139 3190 218 3225 σαν
244 3174 486 3244 σώματα,
520 3173 638 3236 πῶς
667 3171 1072 3242 ἐμφανισθῆναι
1096 3170 1268 3224 ταῦτα
1299 3169 1437 3238 μετὰ
1461 3170 1560 3239 τὴν
1587 3167 1680 3220 τοῦ

141 3265 346 3334 Χριστοῦ
409 3266 634 3336 ἔγερσιν
684 3267 712 3316 6
770 3263 1166 3334 εὐαγγελιστὴς
1230 3263 1470 3331 ἱστορεῖς
1544 3258 1683 3327 Ἐγὼ

139 3357 323 3410 δέδοικα
367 3360 578 3428 μήποτε
631 3359 692 3409 τὸ
727 3356 914 3410 αὐτοῦ
945 3358 1064 3409 ἀντὶ
1115 3355 1206 3407 τοῦ
1240 3354 1438 3408 αὐτῶν
1483 3354 1687 3420 ὀερείὶει

139 3449 584 3516 ἀναγινώσκεσθαι
610 3467 624 3482 ⁸
673 3453 741 3503 τὰ
781 3453 892 3521 γὰρ
924 3453 1158 3519 σώματα
1195 3453 1381 3502 ὲκείνα
1418 3451 1556 3518 μετὰ
1590 3450 1686 3517 τὴν

141 3543 192 3592 ἐκ
217 3543 411 3611 νεκρῶν
446 3542 669 3612 ἔγερσιν
722 3544 902 3595 αὐτῶν
960 3544 1056 3594 καὶ
1112 3542 1431 3610 είσήλθοσαν
1472 3541 1550 3602 είς
1587 3540 1686 3610 τὴν

143 3631 279 3698 ἁγίαν
312 3633 461 3685 πόλιν
515 3634 612 3686 καὶ
660 3633 1092 3703 ἐνεφανίσθησαν
1149 3632 1384 3694 πολιοῖς.
1416 3631 1549 3682 Τότε
1602 3630 1689 3698 δὴ,

143 3723 244 3774 τότε
268 3727 408 3795 καὶὴ
443 3727 760 3795 προφητικὴ
791 3726 951 3794 ῥῆσις
983 3724 1141 3776 ἔλαϐε
1169 3725 1342 3792 πέρας
1379 3725 1412 3790 ὴ
1446 3724 1686 3790 λέγουσα

145 3817 237 3876 τοῖς
278 3817 331 3866 ἐν
379 3817 624 3884 δεσμοῖς,
671 3816 967 3882 Ἐξέλθετε,
999 3833 1088 3866 κα.
1129 3819 1241 3877 τοῖς
1281 3816 1337 3868 ἐν
1370 3815 1449 3883 τῷ
1488 3816 1690 3879 σκότει,

159 3903 629 3960 ’Λνακὰλύτττεσθε.
659 3908 766 3959 Καὶ
788 3908 933 3959 κατὰ
967 3908 1065 3975 μὲν
1087 3908 1185 3974 τὴν
1217 3906 1383 3974 ἕκτην
1415 3906 1586 3977 ὥραν,
1615 3905 1690 3968 ὡς

149 4015 288 4063 φασιν
341 4002 394 4052 al.
447 4001 684 4070 Γραφαὶ,
730 4001 1058 4070 σταυροῦται
1118 4003 1146 4051 ὁ
1201 3990 1424 4068 Κύριος,
1459 4002 1598 4050 κατά
1636 3998 1693 4050 δὲ

147 4084 229 4151 τὴν
255 4087 470 4155 ἐννάτην
499 4086 562 4140 τὸ
587 4086 807 4155 πνεῦμα
841 4089 958 4149 ταῖς
1000 4087 1290 4156 πατρικαῖς
1325 4089 1482 4154 χερσὶ
1512 4100 1692 4153 παρα-

145 4176 352 4247 τίθησιν.

1774 1887 2015 1955 jusmodi
2057 1888 2467 1956 obganniebant
2498 1906 2511 1942 :
2562 1887 2602 1940 ‹”’
2641 1892 2944 1946 Descendat
2975 1893 3042 1946 de
3066 1909 3252 1960 cruce,
3290 1905 3348 1947 ut

1778 1995 1842 2034 ea
1880 1993 1937 2031 re
1977 1981 2093 2033 visa
2141 1980 2303 2033 [idem
2354 1981 2454 2049 ipsi
2511 1981 2813 2036 habeamus
2839 1985 2904 2038 ".
2949 2003 2967 2036 ι
3001 1984 3198 2040 Verum
3232 1986 3348 2055 ipSe

1783 2071 1837 2124 in
1877 2086 2041 2125 cruce
2087 2082 2337 2136 manens,
2371 2081 2431 2126 ut
2487 2074 2917 2144 Chrysostomus
2969 2076 3166 2145 inquit.
3200 2076 3347 2145 quod

1780 2163 1848 2216 ab
1879 2177 1944 2216 eo
1975 2164 2378 2231 postulabatur;
2421 2167 2474 2220 in
2515 2180 2743 2220 suorum
2792 2177 3074 2221 servorum
3103 2169 3350 2237 corpori-

1783 2252 1884 2306 bus
1909 2254 2163 2307 exeitatis
2201 2271 2228 2307 a
2258 2266 2434 2310 morte
2461 2255 2696 2324 quadam
2729 2257 2875 2312 velut
2905 2272 2969 2311 ev
3014 2257 3349 2312 abundantia

1783 2344 2116 2398 declarabat.
2149 2344 2472 2416 Quanquam
2517 2342 2666 2400 enim
2709 2363 2965 2418 magnum
3014 2349 3218 2417 aliquid
3252 2352 3353 2403 l'uit

1783 2435 2046 2488 Lazarum
2086 2446 2201 2490 toto
2245 2437 2355 2506 jam
2385 2440 2675 2506 quatriduo
2705 2449 2982 2493 mortuum
3026 2455 3057 2512 e
3099 2441 3353 2509 sepulcro

1781 2528 1955 2591 exire,
1997 2529 2156 2598 longe
2193 2537 2375 2584 tamen
2415 2532 2590 2601 majus
2635 2531 2689 2584 id
2723 2541 2842 2585 erat
2873 2532 3017 2598 quod
3057 2533 3209 2585 multi
3241 2533 3351 2598 jam

1783 2619 1913 2672 olim
1940 2619 2049 2673 vita
2080 2619 2251 2675 luneti
2275 2621 2460 2676 subito
2495 2622 2601 2676 vivi
2631 2623 3103 2692 conspicerentur.
3128 2622 3352 2677 Factum

1783 2723 1966 2766 autem
2022 2713 2127 2780 hoc
2159 2714 2386 2768 omnino
2425 2730 2584 2778 esse,
2636 2714 2768 2768 licet
2815 2729 2880 2769 ex
2934 2715 3084 2771 hisce
3115 2714 3353 2775 Mattbaei

1783 2806 1970 2859 verbis
1999 2820 2297 2875 cognoscas
2325 2823 2338 2859 :
2377 2823 2396 2854 σ
2436 2807 2599 2860 Multa
2635 2822 2869 2876 corpora
2899 2815 3236 2871 sanctorum,
3260 2809 3354 2876 qui

1791 2895 2266 2958 obdormivcrant,
2300 2899 2560 2951 suscitata
2599 2909 2750 2963 sunt,
2781 2907 2836 2952 et
2867 2899 2968 2968 ipsi
3011 2899 3201 2954 urbem
3231 2915 3357 2953 san-

1787 2998 1928 3042 ctam
1983 2987 2239 3054 ingressi,
2283 2997 2405 3055 post
2449 2989 2909 3042 resurrectionem
2951 2989 3084 3058 ejus
3111 3005 3141 3043 a
3171 2990 3358 3042 multis
3421 3007 3434 3037 ι

1787 3091 1917 3136 sunt
1964 3083 2245 3150 conspecti
2272 3082 2338 3134 °°.
2381 3099 2400 3131 ι
2447 3079 2659 3145 Quibus
2693 3080 2878 3134 verbis
2905 3096 3086 3150 operte
3119 3083 3355 3150 pretium

1791 3173 1956 3228 fuerit
1989 3183 2039 3228 te
2073 3174 2396 3244 diligentius
2417 3174 2659 3227 animum
2690 3173 3001 3228 advertere.
3049 3172 3181 3226 Nam
3211 3175 3254 3228 si
3290 3175 3360 3228 de

1789 3265 2020 3320 Joannis
2045 3265 2422 3337 Chrysostomi
2455 3269 2724 3320 sententia
2749 3265 2970 3320 Christo
3001 3265 3182 3320 adhuc
3209 3267 3358 3320 cruci

1790 3357 1980 3411 sufﬁxo
2001 3373 2226 3427 corpora
2260 3359 2360 3412 ista
2386 3369 2516 3413 sunt
2540 3359 2887 3422 resuscitata,
2914 3358 3005 3426 qui
3031 3359 3088 3410 lit
3114 3365 3173 3410 ut
3197 3372 3365 3411 evana

1791 3450 1977 3518 gelieze
1999 3460 2192 3503 auctor
2215 3451 2460 3505 historia
2488 3450 2634 3504 dicat
2667 3465 2729 3504 ea
2763 3461 2885 3520 post
2916 3451 3119 3506 Christi
3162 3467 3191 3505 e
3221 3467 3366 3504 [ηομ

1794 3541 1904 3594 tuis
1935 3541 2396 3596 resurrectionem
2448 3543 2818 3612 apparuisse?
2881 3545 3084 3598 Vereor
3108 3544 3362 3614 equidem

1793 3647 1861 3685 ne
1912 3648 2012 3701 pro
2053 3635 2324 3688 vocabulo
2379 3635 2496 3703 ejus
2531 3632 2822 3703 legendum
2869 3637 2941 3688 sit
2981 3651 3180 3688 eorum.
3228 3635 3363 3689 Nam

1797 3724 1887 3778 illa
1921 3740 2150 3794 corpora
2183 3727 2473 3795 postquam
2505 3743 2532 3779 a
2560 3727 2792 3780 mortuis
2830 3729 3152 3782 resuscitata
3187 3740 3364 3794 erant,

1796 3815 1983 3868 urbem
2020 3826 2261 3876 sanctam
2298 3818 2454 3886 221
2486 3820 2750 3885 'ingressa
2798 3827 2928 3871 sunt
2959 3821 3241 3875 et.multis
3269 3835 3364 3886 ap-

1795 3916 2124 3976 paruerunt.
2172 3907 2326 3962 Tunc
2358 3918 2412 3962 et
2465 3909 2597 3963 illud
2633 3909 2776 3960 vatis
2812 3911 2853 3941 “
2884 3911 3166 3964 oraculum
3199 3911 3359 3965 tinem

1801 3999 2012 4064 habuit,
2065 4000 2210 4068 quod
2255 3999 2487 4054 vinculis
2523 4001 2778 4070 alligatos
2821 4004 2971 4057 exire
3005 4001 3178 4071 jubet,
3221 4011 3278 4056 et
3306 4003 3359 4054 in

1803 4093 2043 4145 tenebris
2099 4103 2384 4146 versantes
2446 4093 2626 4146 Iul-em
2679 4095 2948 4163 accipere.
3009 4094 3135 4149 Fuit
3180 4103 3360 4148 autem

1800 4182 1931 4235 hora
1969 4193 2142 4240 sexta.
2197 4183 2658 4252 quemadmodum
2698 4182 2916 4239 Littera:
2955 4199 3123 4238 sacrte
3159 4184 3366 4254 signiti-

1799 4282 1949 4336 cant,
2005 4273 2272 4328 Dominus
2335 4275 2634 4331 cruciﬁxus
2671 4294 2685 4329 :
2729 4293 2872 4330 nona
2928 4292 3057 4331 vero
3111 4279 3364 4346 spiritum

1799 4373 1962 4419 suum
1994 4366 2046 4418 in
2083 4380 2277 4419 manus
2305 4375 2562 4435 paternas
2593 4367 2866 4437 deposuit.

210 4455 266 4508 Ei
297 4457 351 4510 δὲ
383 4459 476 4511 καὶ
521 4456 652 4528 πρὸς
688 4456 821 4527 ᾅδην
868 4453 1090 4516 ἀκούεις
1119 4453 1218 4522 τὴν
1246 4451 1412 4506 αὐτοῦ
1446 4450 1686 4504 κατιέναι

1871 4467 1948 4520 Ad
1983 4481 2174 4520 orcum
2210 4466 2564 4521 descendisse
2616 4483 2737 4521 cum
2776 4477 3019 4521 sanctam
3075 4467 3244 4535 ipsius
3271 4485 3368 4521 au-

149 4550 288 4616 ἀγὲαν
314 4554 512 4624 ψυχὴν,
540 4554 613 4623 μὴ
650 4553 899 4620 θαύμαζε
947 4552 1139 4604 τούτου
1185 4553 1390 4610 ἕνεκεν,
1429 4549 1694 4602 ἀδύνατον

153 4641 270 4694 εἰναι
291 4645 458 4712 λέγων
495 4648 590 4698 καὶ
627 4646 760 4713 προς
784 4644 917 4714 ᾅδην
945 4645 1114 4711 αὐτὴν
1141 4642 1426 4694 κατελθεῖν
1455 4641 1548 4692 καὶ
1574 4642 1695 4700 ταῖς

151 4732 228 4783 τοῦ
263 4736 464 4806 [Ἰατρὸς
509 4737 890 4806 παρατεθῆναι
941 4736 1146 4806 χερσίν.
1195 4734 1253 4787 Ἠ
1292 4735 1401 4803 γὰρ
1439 4732 1530 4785 τοῦ
1563 4730 1698 4783 Θεοῦ

153 4841 274 4893 χεερ,
303 4829 332 4896 ἡ
357 4830 422 4881 τὰ
448 4831 622 4883 πάντα
667 4831 872 4900 δηλαδὴ
908 4830 1217 4899 συγκρατοῦ
1231 4847 1294 4882 σα
1322 4829 1576 4896 δύναμιῖν
1607 4831 1701 4880 καὶ

154 4917 248 4968 ἀνω
287 4921 426 4974 ἑστίν
451 4925 505 4975 ἐν
542 4923 760 4994 οὐρανῷ
811 4923 906 4975 καὶ
942 4923 1094 4976 κάτω
1142 4922 1236 4974 ἐπὶ
1288 4922 1386 4990 τῆς
1436 4921 1560 4990 γῆς,
1601 4921 1694 4972 καὶ

154 5008 244 5058 τῶν
264 5011 350 5064 τοῦ
380 5012 503 5084 ᾅδου
532 5015 720 5084 μυχῶν
751 5014 812 5066 οὗ
843 5014 1111 5067 διαλείπει
1143 5013 1294 5066 ποτέ.
1327 5014 1492 5064 Ὥστε
1518 5014 1567 5064 εἰ
1603 5013 1696 5064 καὶ

157 5101 270 5165 πρὸς
304 5101 483 5176 ᾅδηνή
513 5106 644 5171 ἁγία
678 5104 770 5156 τοῦ
795 5103 1033 5174 Χριστοῦ
1072 5105 1220 5173 ψυχὴ
1259 5101 1564 5172 τηνικαῦτα
1597 5118 1695 5152 κα-

158 5194 378 5261 τήρχετο,
424 5198 560 5250 ἁ),λὰ
601 5197 705 5265 τῆς
756 5197 827 5248 τὰ
861 5197 1037 5248 πάντα
1087 5194 1502 5264 συγκρατούσης
1531 5193 1692 5245 δυνα-

1799 4561 1886 4613 dis
1917 4559 2180 4621 animam,
2215 4559 2325 4611 noli
2359 4559 2777 4628 obstupescere,
2813 4574 2989 4628 neque.
3021 4559 3202 4613 dicere
3252 4562 3367 4616 fieri

1803 4651 2225 4718 haudquaquam
2286 4651 2525 4718 potuisse
2558 4659 2618 4704 ut
2663 4652 2853 4704 eadem
2899 4653 3081 4705 anima
3114 4653 3372 4722 migraret

1804 4747 1870 4793 ad
1928 4757 2115 4793 orcum
2153 4750 2205 4793 et
2258 4742 2503 4808 paternis
2569 4740 2621 4792 in
2679 4741 2935 4794 manibus
2984 4741 3370 4810 deponeretur.

1805 4833 2016 4901 Quippe
2049 4835 2142 4886 Dei
2183 4848 2408 4895 manus,
2445 4833 2703 4885 videlicet
2736 4832 2825 4885 illa
2871 4834 3162 4888 continens
3193 4840 3371 4886 otttuiu

1807 4923 1889 4976 vls
1915 4931 1970 4975 ct
2021 4931 2281 4990 potestas,
2313 4929 2428 4974 tum
2477 4923 2530 4974 in
2578 4923 2722 4976 cmlo
2753 4931 2837 4976 est
2885 4937 3121 4992 superne
3155 4931 3266 4978 tum
3318 4926 3370 4977 i.i

1813 5014 1978 5066 terris
2009 5013 2292 5074 deorsum,
2330 5028 2510 5082 neque
2552 5012 2691 5066 adeo
2741 5013 2874 5082 ipsis
2907 5016 2976 5067 ab
3015 5017 3128 5069 orci
3160 5018 3372 5086 angulis
3427 5017 3435 5086 ξ

1809 5119 2048 5174 unquam
2078 5106 2254 5159 abest.
2282 5104 2402 5170 Quo
2433 5107 2490 5158 tit
2528 5114 2586 5157 ut
2615 5106 2658 5158 si
2693 5106 2927 5160 maxime
2959 5119 3144 5163 sancta
3168 5108 3368 5161 Christi
3428 5100 3432 5104 ’

1802 5200 1980 5250 anima
2007 5196 2058 5249 id
2089 5196 2350 5265 temporis
2394 5196 2460 5250 ad
2497 5212 2690 5251 orcum
2727 5201 2799 5251 sit
2835 5197 3098 5267 profecta,
3145 5200 3369 5250 minimo

163 5299 306 5348 μεως.
345 5287 591 5359 καθάπερ
635 5288 893 5356 εῖπομεν,
949 5289 1007 5339 οὐ
1057 5287 1518 5355 κατελιμπὰνετο,
1581 5285 1686 5350 εἴγε

1805 5288 1987 5340 tamen
2019 5303 2048 5341 a
2089 5287 2137 5340 vi
2173 5295 2553 5356 potestathue
2583 5289 2714 5353 illa,
2759 5303 2856 5341 ceu
2892 5289 3150 5352 diximus,
3187 5288 3372 5339 omnia

163 5378 242 5424 καὶ
273 5378 457 5443 μᾶλλον
478 5381 708 5450 δύναμις
744 5381 840 5432 τοῦ
879 5380 1087 5448 Πατρὸς
1131 5380 1292 5439 αὑτός
1318 5380 1461 5429 ἐστιν
1501 5381 1527 5428 ὁ
1566 5378 1698 5446 Χρι-

165 5471 287 5531 στ⁵ς,
316 5471 384 5532 ὡς
428 5476 453 5525 ὁ
489 5474 699 5535 Παῦλος
736 5490 892 5540 φησι.
934 5472 1278 5542 Παρατίθησι
1317 5471 1412 5540 μὲν
1450 5468 1540 5520 οὖν
1579 5473 1697 5530 ταῖς

169 5567 426 5628 πατρικαῖς
458 5569 612 5636 χερσὶ
644 5568 740 5635 τὴν
763 5565 961 5634 ψυχὴν,
984 5565 1056 5627 ὼε
1087 5563 1336 5616 ἐντεῦθεν
1374 5565 1465 5616 καὶ
1498 5563 1700 5623 πάσαις
1724 5601 1745 5621 ,

1808 5379 2128 5432 continente
2177 5379 2440 5432 abfuerit.
2477 5381 2589 5433 lmo
2634 5380 2926 5434 dicendum
2972 5381 3152 5448 potius
3181 5389 3376 5445 potena

1809 5469 1938 5522 tiam
1993 5471 2168 5524 Patris
2200 5470 2378 5538 ipsum
2403 5487 2523 5526 esse
2570 5470 2874 5532 Christum,
2907 5467 3371 5538 quemadmoduttt

1809 5561 2010 5613 l‘aulus
2050 5561 2314 5630 loquitur.
2347 5563 2578 5631 Deponit
2627 5564 2788 5631 igitur
2820 5561 3056 5612 auitnam
3096 5571 3250 5612 suam
3282 5572 3379 5625 pa-

230 5713 421 5773 "Psal.
453 5721 642 5783 me
717 5720 760 5752 ιο
799 5692 986 5774 Matth.
1027 5735 1193 5782 xxv",
1226 5719 1311 5772 te.
1375 5719 1418 5749 εο
1451 5717 1684 5776 1ὺίἀ.5ἓ.

1793 5720 1801 5748 ¹
1835 5718 1934 5772 lsa.
1975 5735 2114 5784 sm,
2147 5719 2198 5773 9.

385 5820 641 5874 νημαι.
683 5817 794 5874 Gtt.
853 5816 1116 5877 CLVIII.

2915 5806 2980 5863 lit
