3794 6226
423 297 523 358 41')

1693 290 2103 351 Ml:".lI.-\F.LIS
2142 293 2401 352 GI.YC:E
3541 299 3627 360 490

419 424 602 462 ternas
650 408 700 461 in
755 421 946 460 manus
973 446 984 468 ,
1017 416 1074 460 ut
1109 405 1210 459 hoc
1267 405 1425 456 modo
1459 403 1668 456 (iunctis
1697 405 1967 471 justorum

2088 404 2200 466 ταῖς
2240 405 2348 456 τῶν
2381 403 2602 456 δικαίων
2635 405 2830 474 ψυχαῖς
2878 407 2972 476 τὴν
3023 407 3115 459 ἐπὶ
3159 405 3222 459 τὲ
3275 407 3386 458 ἀνω
3430 408 3631 474 πορείαν

416 499 706 553 ιιιιιιιςὼιιε
733 498 834 550 iter
870 495 935 550 ad
967 511 1199 564 superna
1231 493 1586 562 coalestiaque
1633 493 1926 560 largiretur
1963 508 1973 542 :

416 609 523 646 non
550 591 694 644 enim
726 588 894 658 gratis
922 596 977 642 et
1009 587 1206 641 frustra
1236 601 1335 655 pro
1373 585 1530 638 nobis
1577 593 1661 638 est
1706 593 1974 638 mortuus.

411 684 493 739 Ad
526 697 714 736 orcum
771 693 900 733 vero
940 677 1245 739 descendit,
1294 685 1354 728 ut
1391 677 1554 729 ctiam
1591 674 1656 727 iis
1701 674 1796 742 qui
1852 673 1978 727 istic

417 777 797 830 tzctittcrentnr
840 769 1187 842 praedicaret,
1233 782 1297 821 ac
1339 767 1646 836 religiosam
1679 766 1822 818 illazn
1868 765 1980 835 pie-

417 879 582 924 tatem
626 864 878 920 docendo
906 868 1383 923 commonstraret,
1420 874 1583 929 quam
1618 859 1771 929 prius
1821 857 1976 926 igno-

417 970 652 1017 iassent.
687 960 875 1014 Fidem
907 957 1010 1012 hac
1055 956 1107 1009 in
1140 965 1294 1024 parte
1325 967 1540 1008 summu
1567 951 1642 1004 illi
1687 951 1851 1004 Petro
1879 949 1977 1003 lia-

418 1057 567 1118 beto,
599 1053 694 1123 qui
729 1051 796 1106 de
825 1049 992 1105 rebus
1026 1047 1178 1102 hisce
1210 1046 1265 1100 in
1289 1045 1434 1099 hunc
1465 1043 1685 1098 modum
1715 1041 1934 1097 disserit
1963 1060 1976 1097 :

423 1186 435 1208 ι
455 1160 629 1214 Etiam
657 1152 946 1225 spiritibus
983 1150 1077 1220 qui
1111 1155 1266 1204 erant
1299 1148 1352 1201 in
1379 1161 1596 1202 carcere
1625 1144 1977 1215 praedicatum

418 1252 536 1312 ivit.
567 1248 662 1319 qui
691 1253 848 1300 antea
879 1240 1041 1295 (idem
1078 1253 1185 1292 non
1221 1233 1645 1290 liabuerant".i
1687 1232 1817 1298 Quae
1849 1247 1980 1287 sane

417 1342 582 1397 verba
621 1347 846 1394 secutus
889 1331 1187 1401 Gregorius
1221 1328 1312 1382 ille
1363 1323 1674 1395 Tlteologus
1699 1364 1713 1389 ,
1743 1325 1800 1378 in
1831 1324 1982 1378 hunc

379 1434 640 1494 .modum
673 1427 870 1496 liache
897 1440 956 1480 re
989 1424 1230 1492 disputat
1261 1438 1272 1474 :
1314 1419 1481 1482 Num,
1510 1431 1717 1487 quaeso,
1747 1431 1983 1486 conspe-

417 1537 538 1578 itus
565 1522 618 1576 in
654 1533 784 1572 orco
811 1514 1044 1571 salvavit
1071 1525 1264 1567 omnes
1297 1509 1560 1564 Dominus
1584 1549 1597 1573 ,
1632 1524 1700 1562 an
1735 1523 1831 1562 eos
1861 1516 1981 1562 tan-

419 1628 532 1670 tum
565 1614 656 1683 qui
694 1606 1089 1665 crediderant?
1122 1604 1244 1662 Noli
1277 1603 1483 1658 scilicet
1511 1603 1610 1657 hac
1628 1601 1694 1657 de
1722 1617 1780 1656 re
1807 1600 1982 1655 ambi-

416 1719 563 1773 gere.
599 1695 1072 1768 Quemadmodum
1106 1694 1254 1748 enim
1290 1691 1601 1746 hominibus
1639 1690 1692 1743 in
1720 1699 1863 1744 terra
1893 1689 1984 1744 de-

415 1792 674 1862 gentibus
701 1789 883 1844 laetum
917 1784 1066 1852 pacis
1083 1781 1334 1836 nuntium
1364 1780 1636 1849 exposuit,
1663 1787 1717 1833 et
1751 1779 1981 1834 creden-

416 1885 563 1939 tibus
611 1879 836 1950 quidem
894 1874 1093 1932 salutis
1142 1871 1355 1926 exstitit
1410 1879 1621 1934 auctor,
1683 1870 1982 1925 incredulis

412 1993 544 2031 vero
575 1971 808 2044 propriae
839 1965 1241 2023 incredulitatis
1271 1962 1456 2025 index,
1492 1971 1550 2015 ut
1597 1962 1837 2016 Joannes
1870 1962 1978 2016 Da-

417 2078 704 2119 mascenus
737 2057 1006 2128 loquitur,
1042 2060 1116 2110 ita
1143 2069 1266 2108 cum
1298 2053 1366 2108 iis
1387 2053 1552 2107 etiam
1568 2052 1679 2122 egit
1707 2051 1799 2120 qui
1825 2063 1980 2108 erant

417 2162 468 2211 in
493 2170 646 2212 orco.
671 2154 782 2209 Nec
807 2151 1030 2216 mirum,
1054 2147 1250 2204 dilecte
1282 2145 1378 2212 fili,
1426 2145 1524 2200 tibi
1547 2144 1797 2198 videatur
1825 2159 1987 2213 quas-

415 2252 536 2302 dam
574 2247 630 2300 in
666 2259 798 2300 orco
831 2244 1082 2298 detenlas
1109 2239 1318 2293 animas
1355 2235 1796 2307 praedicationem
1825 2235 1982 2289 Citri-

415 2340 483 2392 sti
541 2348 886 2405 nequaquam
949 2329 1262 2386 admisisse.
1322 2327 1477 2382 Sicut
1521 2327 1667 2382 enim
1715 2327 1980 2384 accidisse

413 2431 662 2484 videmus
714 2438 773 2481 ut
798 2426 910 2480 Deo
943 2422 1096 2479 Pauli
1127 2437 1288 2476 causa
1321 2419 1666 2475 suceutiente
1713 2419 1828 2489 ipsa
1860 2436 1970 2474 ear-

2082 493 2410 563 χαρίεασθαι
2442 493 2583 562 (οὐδὲ
2611 497 2717 564 γὰρ
2747 497 2986 550 ἀπέθανε
3013 498 3220 568 δωρεὰν
3249 499 3392 568 ὑπὲρ
3426 498 3630 566 αὐτῶν),

2083 585 2295 636 κάτεισι
2327 584 2383 637 δὲ
2420 586 2556 653 πρὸς
2584 587 2674 639 τὸν
2703 587 2856 658 ᾅδην,
2890 588 2976 640 ἵνα
3008 591 3102 641 καὶ
3131 591 3240 652 τοῖς
3273 591 3455 641 ἐκεῖσε
3490 606 3633 641 κατε-

2083 675 2334 744 χομένοις
2379 675 2593 747 κηρύξῃ
2645 680 2738 730 καὶ
2777 677 2964 748 διδάξῃ
2999 679 3207 741 πάντας
3239 681 3305 748 ἣν
3342 679 3633 748 ⁴ἢγνοήκασί

2084 765 2416 821 θεοσέϐειαν.
2453 769 2562 819 Καὶ
2601 769 2789 822 πείθου
2836 769 2911 839 τῷ
2949 771 3232 840 κορυφαίῳ
3284 771 3478 840 Πέτρῳ
3524 771 3636 839 περὶ

2087 856 2294 909 τούτων
2332 857 2767 923 οὖτωδιεξιὸντι.
2810 877 2828 911 ι
2864 862 2971 912 Καὶ
2997 864 3109 924 τοῖς
3142 866 3198 914 ἐν
3231 863 3446 930 φυλακῇ
3487 863 3635 913 πνεύο

2087 966 2220 1019 μασι
2249 950 2540 1020 πορευθεὶς
2573 953 2838 1022 ἐκήρυξεν
2870 953 3203 1022 ἁπειθὴσασί
3234 971 3389 1006 ποτε.
3427 971 3447 1004 ι
3495 936 3634 1007 Ἆλὶά

2084 1046 2175 1096 καὶ
2201 1046 2229 1097 6
2264 1044 2511 1113 θεολόγος
2540 1046 2838 1117 Γρηγόριος
2870 1047 3123 1101 ἐντεῦθεν
3161 1048 3488 1118 ὁρμώμενος
3523 1048 3635 1117 περὶ

2084 1135 2289 1189 τούτων
2319 1137 2461 1191 οὕτω
2493 1139 2681 1208 φησίν.
2707 1134 2884 1210 «Ἀρα
2905 1141 3112 1203 πάντας
3139 1139 3343 1193 ἔσωσεν
3373 1140 3637 1207 ἐπιφανείς

2084 1231 2141 1280 ὲν
2172 1228 2274 1299 ᾆῧῃ
2305 1229 2331 1281 6
2365 1229 2589 1299 Κύριος,
2620 1231 2650 1300 ἢ
2678 1234 2840 1284 κάκεῖ
2880 1232 3006 1296 τοὺς
3038 1232 3474 1297 πιστεύσανταςς
3515 1250 3531 1282 ι
3561 1232 3635 1302 Μὴ

2084 1316 2179 1373 οὖν
2225 1321 2573 1390 ἀμφίϐαλλεο
2614 1322 2866 1391 καθάπερ
2899 1324 3009 1395 γὰρ
3069 1325 3179 1386 τοῖς
3230 1324 3288 1377 ἐν
3315 1325 3388 1392 γῇ
3430 1324 3635 1391 εὐαγγε-

2084 1412 2272 1464 λίσατο
2304 1414 2550 1482 εἰρήνην,
2583 1415 2678 1466 καὶ
2729 1415 2842 1476 τοῖς
2877 1415 2976 1484 μὲν
3013 1415 3337 1468 πιστεύσασι
3377 1417 3634 1486 σωτηρίας

2085 1504 2276 1570 γέγονε
2346 1503 2630 1574 πρόξενος,
2681 1507 2793 1567 τοῖς
2844 1506 2901 1559 δὲ
2960 1508 3324 1576 ἀπειθήσασιν
3401 1508 3633 1569 ἀπιστίας

2084 1591 2325 1662 ἔλεγχος,
2372 1592 2447 1656 ὡς
2495 1596 2524 1647 6
2571 1596 2933 1666 Δαμασκηνὸς
2974 1597 3230 1666 Ἰωάννης
3282 1597 3473 1667 φησὶν,
3513 1597 3634 1650 οὕτω

2087 1685 2180 1736 καὶ
2212 1687 2323 1748 τοῖς
2342 1685 2400 1737 ἐν
2430 1684 2579 1756 ᾆδον.
2611 1687 2702 1756 Μὴ
2726 1687 2976 1756 θαύμαζε
3004 1688 3081 1753 δὲ,
3111 1689 3390 1756 ἀγαπητὲ,
3420 1689 3531 1756 εἴγε
3557 1689 3633 1740 καὶ

2087 1775 2253 1845 ψυχαί
2292 1793 2437 1840 τινες
2479 1778 2536 1830 ὲν
2559 1774 2692 1848 ᾅδου
2734 1778 3098 1848 κατεχόμεναι
3125 1778 3184 1831 τδ
3233 1778 3377 1832 κατά
3423 1779 3633 1848 Χριστὸν

2088 1865 2189 1918 ούκ
2217 1866 2488 1938 ἠθέλησαν
2521 1867 2778 1931 δέξασθαι
2804 1870 3070 1938 κήρυγμα
3091 1887 3104 1900 ο
3138 1868 3397 1940 καθάπερ
3440 1869 3529 1922 ἐπὶ
3554 1867 3632 1921 τοῦ

2091 1957 2364 2028 μακαρίου
2424 1957 2658 2024 Παύλου,
2695 1960 2860 2028 ἡνίκα
2913 1960 2984 2012 τὰ
3029 1961 3126 2029 τῆς
3177 1959 3430 2028 φυλακῆς
3480 1960 3632 2012 ἔσεισε

2089 2048 2336 2117 θεμέλια,
2367 2051 2395 2102 6
2429 2050 2525 2118 μὲν
2553 2049 2898 2119 δεσμοφύλαξ
2924 2051 3124 2115 εύθέως
3151 2053 3496 2113 ἐπίστευσεν,
3521 2052 3565 2103 oi
3588 2051 3632 2101 δὲ

2091 2143 2366 2213 δεσμῶται
2397 2143 2721 2216 τῇρπιστίᾳ
2766 2143 3153 2212 ἐναπέμειναν,
3197 2145 3295 2196 καὶ
3339 2142 3514 2196 ταῦτα
3550 2141 3634 2201 τὰς

2091 2236 2313 2306 σιδηρᾶς
2363 2235 2512 2306 αύτῷ
2571 2235 2894 2307 χειροπέδας
2939 2236 3243 2306 ἑωρακότες
3305 2237 3464 2304 ἄφνω
3504 2236 3632 2304 διαρι

2091 2331 2372 2398 ραγείσας,
2405 2329 2546 2384 οὕτω
2601 2331 2704 2384 κάν
2749 2331 2860 2394 τοῖς
2910 2330 2970 2382 ὲν
3020 2329 3146 2401 ᾅδου
3183 2329 3512 2400 γενήσεσθαι
3554 2329 3632 2380 πί-

2088 2434 2265 2474 στευε.

413 2523 561 2578 ceris
617 2520 974 2576 fundamenta
1004 2527 1190 2574 custos
1249 2517 1469 2586 quidem
1507 2517 1624 2586 ipse
1692 2518 1930 2572 carceris
1993 2518 2257 2573 continuo
2310 2517 2469 2596 tidem
2534 2518 2982 2587 amplecteretur,
3039 2532 3103 2573 ac
3172 2515 3372 2584 reliqui
3424 2515 3633 2574 vinculis

413 2616 622 2672 astricti
651 2629 750 2669 sua
780 2612 1138 2684 persisterent
1200 2611 1255 2665 in
1288 2609 1696 2674 incredulitate,
1748 2625 2061 2681 quanquam
2101 2613 2322 2682 pedicas
2364 2630 2490 2669 suas
2530 2616 2736 2669 ferreas
2780 2615 2964 2669 subito
3009 2614 3254 2683 diruptas
3286 2614 3631 2681 laeeratasque

414 2719 724 2773 cernerent,
757 2709 830 2764 ita
864 2715 1055 2777 putato
1101 2721 1226 2760 eum
1276 2705 1344 2759 iis
1389 2704 1553 2759 etiam
1600 2711 1781 2770 actum
1809 2704 1978 2760 fuisse
2015 2707 2110 2776 qui
2141 2721 2272 2763 orco
2300 2708 2712 2764 detinebantur.

485 2803 695 2871 Quodsi
724 2814 946 2856 causam
972 2812 1190 2868 quoque
1223 2796 1380 2866 cupis
1404 2811 1758 2867 cognoscere,
1783 2812 1889 2866 qua
1917 2797 1987 2851 de
2029 2817 2034 2822 ·

414 2912 578 2952 causa
636 2895 896 2952 Servatur
951 2891 1116 2948 etiam
1169 2890 1238 2944 iis
1281 2888 1568 2943 animabus
1614 2888 1993 2958 praedicaverit

343 3025 348 3030 ι
413 2997 710 3057 quaterant
741 2986 797 3040 in
821 2999 972 3049 orco,
1021 2982 1160 3037 scito
1196 2981 1348 3035 illam
1385 2981 1530 3034 hanc
1555 2996 1697 3035 esse.
1725 2980 1986 3035 Naturam

415 3092 654 3135 nostram
712 3077 971 3132 Servator
1005 3073 1310 3142 assumpsit
1369 3085 1514 3125 anno
1571 3073 1638 3125 ab
1673 3071 1807 3126 orbe
1860 3087 1989 3124 cott-

415 3172 532 3227 tlito
561 3168 720 3225 5500.
750 3165 911 3237 222
943 3164 1312 3232 Quamobrem
1359 3161 1536 3217 istuc?
1566 3161 1719 3227 Quod
1755 3179 1820 3216 eo
1859 3174 1986 3216 tcm-
2012 3199 2054 3256 ϐ

394 3259 546 3332 Ῑιοτο
571 3261 638 3316 ad
673 3261 852 3315 lucem
882 3273 944 3313 ea
973 3257 1368 3332 perduceretur
1386 3269 1508 3323 qua:
1535 3254 1792 3324 mysterio
1823 3254 1980 3308 Chri-

413 3356 482 3407 sti
523 3352 795 3409 servitura
826 3357 981 3413 erat,
1015 3359 1073 3402 ut
1124 3363 1356 3416 magnus
1399 3347 1490 3399 ille
1523 3346 1755 3398 Basiiius
1785 3347 1980 3412 inquit.

413 3445 628 3499 Etenim
656 3439 976 3497 vitiositatis
1007 3439 1250 3499 morbus,
1277 3451 1378 3490 ceu
1409 3435 1696 3505 Nysscnsis
1730 3434 1818 3488 ille
1845 3435 1984 3487 (ἑτο-

413 3537 602 3604 gorius
631 3533 895 3603 loquitur,
944 3535 1036 3600 qui
1069 3531 1138 3584 ab
1200 3528 1357 3582 initio
1401 3537 1651 3581 naturam
1689 3527 1982 3579 liutnanmn

416 3631 710 3690 invaserat,
767 3625 1010 3695 vigorem
1060 3623 1171 3691 jam
1239 3635 1397 3674 suum
1445 3619 1726 3674 amiserat.
1772 3619 1981 3686 Quippe

413 3727 606 3789 gentes
641 3731 789 3772 nunc
831 3731 928 3785 per
960 3713 1305 3768 vocationem
1336 3713 1630 3767 crediturae
1663 3723 1815 3764 erant
1837 3750 1849 3770 .
1904 3711 1980 3763 uti

414 3823 644 3893 magnus
665 3808 832 3878 etiam
873 3805 1077 3861 Paulus
1116 3802 1205 3856 ille
1248 3802 1450 3856 verbis
1483 3800 1632 3863 hisce
1663 3798 1929 3864 signiﬁca!
1966 3815 1979 3851 :

419 3889 437 3952 ε
480 3903 841 3970 Posteaquam
884 3894 1170 3966 plenitudo
1203 3893 1468 3963 temporis
1500 3890 1745 3951 advenit,
1784 3889 1981 3942 Filium

411 4008 573 4048 suum
626 3993 774 4049 Deus
828 3989 1098 4057 ablegavit
1126 3987 1192 4040 ⁵³.
1234 4006 1252 4039 ι
1285 3986 1451 4040 [tecte
1488 3984 1654 4053 igitur
1683 3998 1828 4035 anno
1870 3982 1981 4052 juttt

411 4084 654 4139 indicato
685 4095 912 4136 carnem
950 4077 1217 4132 Dominus
1270 4075 1524 4139 assumit,
1567 4075 1712 4143 quod
1738 4084 1884 4128 esset
1937 4072 1982 4128 is

412 4177 478 4229 ad
516 4174 658 4228 hanc
709 4187 823 4225 rem
853 4169 1078 4242 omnino
1098 4160 1397 4236 ‘appositus
1435 4174 1600 4234 atque
1638 4165 1977 4218 commotius.

410 4266 548 4332 Quia
598 4277 728 4317 vero
763 4259 1012 4316 nonnulli
1063 4271 1254 4312 eorum
1302 4256 1398 4326 qui
1450 4257 1617 4310 vitam
1671 4257 1722 4310 in
1762 4256 1980 4326 pietatis

413 4352 754 4422 ignoratione
797 4363 952 4405 suam
989 4348 1340 4411 clauserant,
1394 4355 1502 4399 tam
1555 4345 1792 4415 egregiis
1826 4353 1982 4399 erant

333 4505 336 4510 _
410 4446 610 4502 animis
640 4443 890 4516 prmditi,
925 4439 1197 4496 tit-vocati
1256 4439 1483 4494 omnino
1523 4438 1798 4492 accessnri
1843 4437 1979 4492 fuis-

2167 2801 2231 2854 Εί
2259 2801 2316 2852 δὲ
2350 2803 2447 2853 καὶ
2475 2803 2574 2872 τὴν
2607 2805 2786 2855 αἰτὲαν
2814 2802 2995 2872 βούλει
3023 2801 3216 2872 μαθεῖν
3239 2803 3307 2855 δι’
3329 2803 3400 2874 ἢν
3422 2801 3630 2872 ἐκήρυξε

2091 2892 2186 2946 καὶ
2223 2895 2340 2954 ταῖς
2377 2893 2434 2944 ἐν
2463 2894 2590 2964 ᾅδου
2626 2895 2826 2964 ψυχαῖς
2865 2897 2894 2948 6
2927 2896 3137 2967 Σωτὴρ,
3173 2895 3310 2966 αὕτη
3359 2898 3521 2950 ἐστίν.
3553 2894 3629 2946 Ἐν

2088 2983 2166 3052 τῷ
2197 2982 2280 3051 εφ’
2316 2983 2426 3036 ἔτει
2461 2986 2686 3053 γέγονεν
2717 2989 2750 3055 ἡ
2781 2985 2874 3040 τοῦ
2905 2988 3157 3057 Σωτῆρος
3186 2989 3343 3057 ἡμῶν
3379 2986 3627 3056 ὲνανθρὼ-

2090 3086 2256 3136 πησις
2282 3070 2416 3140 (57).
2455 3074 2611 3133 Τίνος
2643 3075 2861 3141 ἓνεκεν;
2902 3078 3024 3130 Ὀτι
3057 3078 3178 3129 κατ’
3221 3078 3430 3130 ἐκεῖνον
3459 3077 3627 3146 καιρὸν

2089 3162 2338 3233 προήχθη
2391 3163 2472 3227 είς
2522 3166 2638 3232 φῶς
2695 3168 2728 3236 ἡ
2766 3167 2844 3236 τῷ
2892 3169 3035 3220 κατά
3082 3167 3318 3238 Χριστὸν
3365 3169 3628 3239 μυστηρίῳ

2089 3254 2461 3323 ὑπηρετοῦσα,
2494 3257 2568 3317 ὡς
2604 3259 2632 3308 6
2685 3257 2860 3325 μέγας
2911 3258 3014 3329 ἔφη
3062 3259 3366 3322 Βασίλειος,
3425 3260 3502 3312 ὅτι
3543 3258 3627 3326 τῆς

2087 3350 2285 3408 κακίας
2316 3349 2348 3418 ἡ
2388 3349 2565 3412 νόσος,
2600 3350 2676 3412 ὡς
2720 3351 2747 3402 6
2791 3351 3076 3413 Νυσσαεὺς
3114 3351 3218 3422 ἔφη
3268 3351 3410 3414 θεῖος
3445 3350 3627 3420 Γρηγὸ-

2087 3457 2222 3509 ριος,
2248 3441 2550 3509 τηνικαῦτα
2584 3443 2972 3512 παρήκμαζεν,
3008 3444 3302 3514 ἡάρχῆθεν
3335 3447 3627 3513 ἑνσκήέασα

2086 3536 2150 3601 τῇ
2179 3535 2334 3600 φύσει
2373 3535 2472 3602 τῆς
2510 3535 2952 3604 ἁνθρωπότητος,
2984 3539 3065 3590 ὃτι
3099 3538 3168 3588 τὰ
3190 3538 3316 3606 ἔθνη
3341 3537 3628 3604 καλούμενα

2084 3627 2205 3678 τότε
2239 3625 2524 3678 πείθεσθαι
2579 3626 2845 3692 ἔμελλον
2901 3629 2994 3681 καὶ
3049 3627 3208 3682 τοῦτό
3272 3631 3420 3682 ἐστιν
3456 3628 3627 3697 ὅπερό

2087 3721 2386 3787 παμμεγας
2417 3718 2569 3786 ἔλεγε
2597 3717 2826 3785 Παῦλος,
2850 3720 2933 3772 ὅτι
2973 3739 2989 3772 ι
3016 3721 3104 3774 ὅτε
3130 3717 3261 3792 ἦλθε
3287 3721 3348 3774 τὸ
3379 3721 3628 3790 πλήρωμα

2085 3808 2177 3860 τοῦ
2217 3810 2430 3877 χρόνου,
2477 3809 2857 3871 ἐξαπέστειλεν
2893 3811 2921 3862 6
2948 3809 3082 3874 Θεὸς
3135 3812 3224 3865 τὸν
3254 3810 3384 3863 Υἰὺν
3410 3808 3583 3863 αὐτοῦ.
3607 3826 3623 3858 ι

2087 3899 2281 3959 Καλῶς
2309 3893 2402 3951 οὖν
2433 3901 2490 3951 ὲν
2516 3899 2593 3968 τῷ
2629 3899 2975 3969 διαληφθέντι
3000 3899 3110 3952 ἔτει
3143 3901 3442 3971 σαρκοῦται
3483 3903 3507 3953 6
3533 3899 3626 3952 Κύ-

2087 4007 2222 4061 ριος,
2261 3992 2342 4042 ὅτι
2391 3993 2483 4042 καὶ
2524 3991 2667 4043 κατὰ
2712 3992 2892 4044 πάντα
2921 3995 2982 4045 τὸ
3009 3993 3254 4045 τοιοῦτον
3299 3993 3511 4045 εὔθετον
3547 3987 3621 4058 ἦν.

2099 4082 2238 4133 Ἀλλ’
2288 4081 2476 4151 ἐπειδὴ
2512 4072 2600 4133 καί
2642 4098 2788 4145 τινες
2835 4081 2945 4135 τῶν
2995 4083 3053 4135 ἐν
3105 4082 3331 4153 ἀσεϐείᾳ
3381 4081 3475 4151 τὴν
3501 4081 3624 4147 ζωὴν

2084 4174 2506 4228 καταλυσάντων
2563 4173 2777 4243 ἀγαθῆς
2842 4172 3099 4226 τοσοῦτον
3170 4174 3414 4243 ὑπῆρχον
3466 4171 3624 4241 ψυχῆς

2083 4266 2220 4318 ὥστε
2281 4268 2374 4318 καὶ
2422 4264 2743 4334 προσελθεῖν
2797 4265 3166 4334 καλουμένους
3218 4267 3414 4328 αὐτοὺς
3460 4265 3549 4316 καὶ
3573 4264 3624 4313 τό

2084 4358 2223 4410 κατὰ
2253 4357 2486 4427 Χριστὸν
2527 4356 2758 4421 ετοίμως
2797 4357 3135 4424 Εὐαγγέλιον
3172 4357 3445 4422 δέξασθαι,
3487 4356 3625 4421 εἴπερ

2084 4449 2221 4502 εἶδον
2255 4450 2322 4500 αὑ
2336 4450 2418 4502 τὸν
2460 4449 2516 4501 ὲν
2557 4451 2667 4512 τοῖς
2693 4447 3004 4518 ἔμπροσθεν
3031 4449 3246 4519 χρόνοις
3283 4447 3418 4518 μετά
3446 4444 3624 4514 capiti);

410 4548 532 4594 scut
559 4547 615 4592 et
644 4534 1003 4606 Evangelium
1036 4534 1104 4588 de
1135 4531 1355 4587 Christo
1389 4530 1691 4600 amplexuri
1717 4568 1730 4594 ,
1781 4530 1824 4583 si
1859 4530 1976 4598 qni-

2088 4543 2176 4593 ὲπὶ
2222 4543 2324 4610 γῆς
2353 4541 2726 4609 διατρίϐοντα,
2755 4539 2947 4594 τούτου
2992 4542 3150 4610 χάριν
3199 4541 3260 4593 ού
3299 4539 3624 4605 παραιτεῖται

410 4633 533 4683 dem
561 4644 684 4682 eum
711 4625 1090 4697 superioribus
1120 4623 1335 4680 saeculis
1361 4637 1488 4677 cum
1537 4635 1702 4674 carne
1738 4621 1790 4673 in
1823 4622 1980 4674 ter-ris

409 4724 698 4791 degentem
752 4718 1207 4788 conspexissent,
1265 4724 1554 4784 propterea
1621 4728 1729 4766 non
1767 4721 1980 4766 recusat

409 4814 573 4866 etiam
622 4810 689 4864 ad
728 4825 916 4864 orcum
963 4807 1299 4863 descendere
1331 4822 1392 4860 ac
1425 4805 1663 4859 detentis
1697 4803 1820 4858 istic
1857 4803 1978 4854 ani-

411 4903 604 4957 mabus
636 4901 936 4971 praedicare
964 4941 977 4964 ,
1035 4909 1092 4953 ut
1144 4899 1247 4952 hoc
1287 4898 1446 4952 modo
1495 4895 1698 4949 nemini
1732 4896 1873 4947 nllus
1921 4909 1979 4948 se

411 4995 675 5066 purgandi
707 4993 862 5048 locus
891 4993 1318 5060 relinqueretur,
1367 5006 1468 5043 nee
1501 4989 1584 5042 vel
1636 4989 1762 5042 boni
1826 5003 1978 5040 suam

410 5090 708 5140 bonitatem
753 5083 1086 5154 perderent,
1131 5082 1213 5135 vel
1248 5082 1371 5134 muli
1415 5081 1747 5148 respondere
1802 5081 1982 5129 tortas

410 5177 719 5248 huiusmodi
755 5183 1016 5245 possent:
1049 5192 1064 5223 ι
1098 5173 1152 5227 Si
1180 5173 1527 5233 vidissemus,
1551 5173 1775 5226 omnino
1820 5171 1977 5220 adui-

407 5272 715 5324 haissentus'
747 5267 926 5321 lidctn.
970 5284 985 5316 ι
1029 5265 1152 5317 Η.ηο
1176 5263 1243 5316 de
1274 5265 1357 5316 bis
1385 5267 1527 5318 dicta
1560 5277 1744 5317 sunto.

476 5442 516 5466 εί
554 5437 572 5490 l
617 5437 758 5489 Petr.
802 5450 879 5496 ιιι,
920 5433 999 5487 Ιέ).
1063 5432 1106 5461 ⁸³
1144 5430 1316 5484 Galat.
1348 5448 1419 5496 tv,
1453 5436 1505 5486 ιί.

477 5580 587 5646 (57)
625 5577 814 5647 Clyt-us
855 5587 1038 5629 noster
1079 5590 1248 5628 annos
1313 5579 1380 5629 ab
1429 5577 1580 5627 orbis
1635 5578 1773 5629 cond
1804 5586 1857 5629 tu
1900 5577 1965 5631 ad

410 5651 840 5704 illt‘dl‘ililllﬂilClll
878 5647 1034 5701 Verbi
1071 5658 1320 5698 numerat
1353 5649 1559 5713 quiaqu
1591 5663 1648 5698 es
1711 5648 1857 5699 inille
1907 5664 1968 5699 ac

414 5727 760 5783 quingenta,
814 5733 934 5770 cum
989 5715 1078 5769 alii
1133 5733 1191 5768 ex
1250 5717 1450 5768 Gram-ts
1513 5728 1601 5766 ait
1652 5719 1828 5782 plures
1880 5729 1967 5769 aut

2088 4634 2183 4686 καὶ
2239 4635 2372 4702 πρὸς
2425 4633 2557 4702 ᾅδην
2604 4634 2765 4687 αὑτὸν
2815 4632 3124 4688 κατελθεῖν.
3153 4634 3248 4687 καὶ
3298 4634 3414 4694 ταῖς
3468 4633 3568 4681 ἐκεῖ
3605 4644 3623 4676 ε

2088 4723 2321 4793 κηρῦξαι
2365 4725 2586 4794 ψυχαῖς,
2619 4724 2693 4788 ὡς
2740 4724 2989 4778 ἐντεῦθεν
3023 4723 3458 4792 ἀναπολογήτους
3504 4714 3623 4770 εἶναι

2089 4815 2353 4879 ἅπαντας,
2395 4819 2488 4868 καὶ
2551 4818 2688 4887 μήτε
2751 4817 2894 4877 τοὺς,
2932 4817 3172 4883 ἀγαθοὺς
3236 4813 3496 4868 ἀπολέσαι
3542 4815 3622 4875 τῂν

2085 4908 2291 4959 ἑαυτῶν
2339 4909 2669 4978 ἁγαθὸτητα,
2703 4913 2842 4980 μήτε
2893 4912 3021 4971 τοὺς
3061 4909 3160 4961 ούκ
3213 4907 3444 4974 ἀγαθοὺς
3494 4905 3623 4955 ἀντι-

2084 4999 2259 5063 λέγειν
2310 4999 2565 5052 ὁύνασθαι
2606 5000 2678 5062 ὼς
2729 5019 2749 5052 ι
2778 5000 2950 5070 Εἴπερ
2981 5000 3211 5068 εἴδομεν,
3258 4997 3622 5062 ἐπιστεύσαμεν
3674 5009 3682 5012 ·

2085 5092 2165 5142 ἄο.
2205 5110 2221 5140 ι
2261 5094 2364 5143 Καὶ
2397 5096 2522 5162 περὶ
2550 5094 2647 5162 μὲν
2688 5093 2888 5145 τούτων
2909 5093 3100 5154 οὕτως.

2078 5581 2237 5632 etiam
2281 5572 2564 5646 pauciores
2601 5579 2898 5648 assignent.
2951 5579 3088 5635 Vide
3119 5597 3238 5650 qua:
3293 5595 3395 5650 pne
3433 5573 3617 5650 mereris

2081 5656 2142 5726 de
2180 5652 2279 5726 lim:
2304 5658 2624 5714 argutttento
2677 5647 2972 5718 ύιδμιιιιιι·ἱι
3001 5647 3253 5707 Pctavzus
3282 5647 3454 5707 noster
3484 5647 3616 5698 libris

2081 5722 2153 5772 Ur
2191 5722 2344 5772 ducit
2374 5736 2436 5769 ita
2473 5730 2776 5787 temporum
