3794 6226
430 338 536 400 ῑέίί

1680 341 2097 402 MICHAELIS
2136 340 2398 402 GLYCAE

3552 350 3644 409 +24

434 470 577 513 rent.
614 455 953 524 QuaprOpIer
980 451 1315 522 resurgendo
1347 451 1492 521 ipsos
1515 452 1828 517 antevertit,
1851 452 1984 523 quod

2103 451 2176 515 ὡς
2207 451 2320 517 εἴγε
2355 448 2740 520 παρελθουσῶν
2769 450 2948 506 αὐτῶν
2977 453 3244 513 κάκείνων
3276 455 3646 527 ἀναχωρησάν-

433 557 713 619 oporteret
742 545 968 600 omnino
1020 543 1128 599 illis
1161 544 1343 599 adhuc
1373 543 1687 615 sepulcrum
1734 543 1995 599 obsiden-

432 643 580 695 tibus
606 639 1063 694 resurrectiouem
1096 635 1235 692 ﬁeri.
1273 634 1427 701 Quod
1476 634 1519 690 si
1550 634 1799 703 accidere
1825 634 1995 689 debe-

429 732 542 794 bat,
586 727 894 784 necessario
924 726 1066 780 intra
1117 725 1264 780 diem
1304 725 1523 780 tertium
1558 725 1658 796 ipsi
1697 740 1725 779 a
1763 724 1996 780 mortuis

430 819 828 891 resurgendum
884 827 1022 874 erat.
1086 817 1296 887 Quippe
1354 816 1397 871 si
1460 818 1599 871 facta
1662 816 1993 871 resurrectio

430 912 624 968 fuisset
656 911 840 967 triduo
865 909 979 981 jam
1018 909 1292 979 precterito
1323 917 1380 962 et
1423 908 1531 963 illis
1556 924 1585 961 a
1624 906 1877 979 sepulcro
1908 906 1992 960 di-

425 1006 630 1075 gressis
650 1047 665 1072 ,
696 1002 923 1058 omnino
954 1016 1043 1057 res
1073 1008 1329 1071 suspecta
1376 999 1591 1055 fuisset.
1635 997 1744 1053 llac
1780 998 1894 1067 ipsa
1925 997 1993 1053 de

424 1112 589 1153 causa
624 1097 860 1151 Pilatum
920 1093 1229 1149 Cancedere
1289 1093 1473 1147 voluit.
1521 1090 1665 1146 Deus
1704 1101 1763 1145 ut
1813 1090 1992 1161 sigillo

424 1190 736 1259 sepulcrum
769 1185 1180 1257 obsignaretur.
1231 1184 1363 1252 Quae
1394 1198 1518 1238 cum
1577 1183 1649 1236 ita
1698 1182 1829 1242 sint.
1861 1196 1991 1236 eave

426 1282 482 1337 in
516 1281 827 1336 divinarum
860 1278 1192 1334 Litterarum
1219 1275 1387 1330 verba
1420 1274 1693 1329 curiosius
1722 1273 1989 1341 inquiras,

422 1389 562 1428 neve
596 1384 707 1428 tres
738 1373 980 1442 integros
1009 1369 1129 1424 dies
1157 1382 1282 1423 cum
1317 1366 1493 1422 tribus
1533 1366 1788 1420 noctibus
1822 1366 1993 1419 inse--

422 1467 639 1535 pultura
661 1463 862 1521 Christi
894 1477 957 1517 ac
979 1460 1285 1517 Servatoris
1320 1456 1494 1513 nostri
1523 1455 1826 1521 desideres,
1854 1470 1991 1525 prae-

422 1555 609 1611 sertim
651 1569 775 1609 cum
811 1553 1076 1607 lsidorum
1108 1551 1268 1621 plane
1302 1549 1547 1604 divinum
1581 1548 1857 1603 hominem
1890 1547 1989 1601 ha-

2100 559 2211 595 των
2265 542 2298 611 ή
2361 541 2658 605 ἀνάστασις
2716 543 2961 613 γέγονεν,
3002 543 3243 601 ὕποπτον
3296 547 3365 601 ἂν
3416 543 3548 604 εἶναι
3591 555 3646 606 τὸ

2100 636 2334 705 πρᾶγμα
2382 633 2577 705 ἔμελλε
2602 648 2617 664 ο
2649 634 2729 688 διὸ
2774 636 2868 689 καὶ
2922 636 3223 707 σφραγισαι
3253 638 3348 692 τὸν
3376 640 3556 710 τάφον,
3577 643 3644 706 ὡς

2096 725 2402 789 ἐϐούλοντο,
2463 725 2846 796 συνεχώρησεν
2903 729 2932 781 ό
2976 712 3223 793 Πιλᾶτος.
3275 730 3338 783 El
3385 729 3442 784 δὲ
3490 731 3648 786 ταῦτα

2096 817 2267 880 οὕτως
2323 818 2455 887 ἔχει,
2495 817 2570 887 μὴ
2625 816 2718 870 ἐπὶ
2786 816 2949 871 πλέον
3004 818 3072 872 τὰ
3118 817 3239 872 θεῖα
3292 820 3646 891 περιεργάζου

2097 909 2257 980 ῥητὰ,
2276 909 2424 995 μηδὲ
2466 909 2620 978 ζήτει
2674 909 2822 979 τρεῖς
2860 909 3076 980 ἡμέρας
3129 910 3226 963 καὶ
3277 914 3430 981 τρεῖς
3460 913 3646 975 νύκτας

2095 1001 2181 1052 ἐπι
2218 1001 2284 1071 τῇ
2319 1001 2462 1070 ταφῇ
2501 999 2592 1053 τοῦ
2618 997 2857 1068 Χριστοῦ
2895 1000 2990 1053 καὶ
3037 1000 3289 1071 Σωτῆρος
3318 1000 3494 1070 ἡμῶν,
3518 1002 3645 1055 ὅπου

2095 1111 2157 1162 γε
2188 1094 2284 1147 καὶ
2318 1091 2540 1157 ταύτας,
2576 1092 2625 1144 εἰ
2662 1090 2865 1162 βούλει,
2903 1090 2996 1143 τὸν
3027 1090 3305 1144 θειότατον
3348 1091 3490 1161 ἔχεις
3532 1092 3647 1145 ’ἰσι-

2093 1186 2264 1251 δωρον
2293 1182 2664 1254 ἐκμετροῦντά
2696 1199 2800 1238 σοι.
2827 1182 3003 1254 Ἐκτῃ
3032 1179 3151 1253 ὥρᾳ
3173 1183 3270 1247 τῆς
3295 1182 3645 1252 Παραπευῆς

2093 1268 2413 1346 ἔᾶταυρώθη
2446 1277 2473 1328 ό
2508 1274 2731 1346 Κύριος.
2769 1275 2904 1327 Ἀπὸ
2946 1274 3148 1344 ταύτης
3181 1274 3285 1336 ἕως
3326 1274 3472 1344 ὧρας
3508 1276 3646 1328 ἐννά-

2092 1386 2189 1436 της
2221 1367 2408 1431 σκότος
2439 1366 2656 1435 ἐγένετο
2679 1377 2694 1396 ⁵
2723 1366 2879 1420 τοῦτό
2909 1382 3000 1435 μοι
3030 1364 3203 1420 νύκτα
3236 1365 3453 1435 νόησον.
3484 1366 3645 1419 Πάλιν

2090 1457 2200 1511 ἀπὸ
2229 1458 2453 1526 ὲννάτγης
2473 1455 2578 1519 ἕως
2604 1456 2839 1526 ἑσπέρας
2869 1456 3043 1525 αὐτῆς
3071 1455 3187 1524 φῶς
3211 1453 3429 1508 θ’τοῦτο
3469 1456 3645 1523 νόησον

2089 1540 2248 1607 αὖθις
2270 1544 2503 1615 ἡμέραν.
2544 1543 2731 1614 Ἔχεις
2778 1543 2886 1596 ἰδοὺ
2922 1543 3266 1614 νυχθήμερον
3302 1541 3386 1596 ἓν.
3418 1542 3584 1597 Πάλιν
3614 1544 3643 1612 η

422 1647 570 1710 beas,
607 1645 701 1715 qui
737 1644 973 1715 spatium
1010 1642 1115 1697 ltoc
1143 1641 1241 1698 tibi
1284 1641 1530 1697 metitur.
1578 1639 1740 1694 Sexta
1783 1653 1984 1708 praepa-

2100 1634 2211 1700 νὶιξ.
2244 1637 2342 1705 τῆς
2372 1633 2738 1705 Παρασκευῆς
2788 1634 2885 1687 καὶ
2935 1635 2966 1703 ή
3010 1633 3104 1687 τοῦ
3148 1633 3434 1687 Σαϐδὰτου
3474 1634 3643 1701 ἡμέρα

423 1738 612 1792 ratorii
651 1737 762 1792 dici
817 1736 949 1790 hora
999 1734 1264 1789 Dominus
1292 1745 1375 1789 εει
1407 1732 1724 1788 crucifixus.
1766 1729 1846 1784 Ab
1884 1728 1984 1783 hac

2090 1725 2462 1797 νυχθήμερον·
2514 1723 2658 1794 ἔχεις
2717 1723 2827 1777 ἰδοὺ
2882 1723 3202 1794 νυχθήμερα
3258 1723 3373 1776 δύο.
3421 1723 3641 1791 Παλινή

421 1831 486 1885 ad
550 1845 750 1884 nouam
809 1842 983 1898 usque
1045 1827 1237 1881 horam
1282 1824 1455 1895 caligo
1489 1822 1736 1878 exstitit:
1774 1837 1893 1877 eam
1929 1831 1984 1875 tu

2089 1783 2189 1873 rei;
2233 1783 2514 1873 ὲαέϐάτου
2546 1783 2670 1884 ’.νὺξ
2727 1818 2821 1872 καὶ
2873 1820 2902 1872 ό
3128 1783 3415 1890 ίίυριακῆς
3463 1783 3643 1888 ὄρθρος

422 1924 557 1978 milii
590 1938 690 1992 pro
722 1907 1123 1997 nocte'ducito.
1154 1919 1362 1973 Rursus
1389 1917 1457 1970 ab
1486 1916 1624 1997 liora
1644 1904 1785 1969 nona
1812 1929 1984 1985 usque

2089 1910 2464 1997 νυχθήμερον·
2521 1909 2663 1980 ἔχεις
2716 1910 2824 1963 ἰδοὺ
2874 1909 3219 1980 νυχθήμερον
3265 1912 3474 1978 τριτον,
3504 1910 3560 1960 έν
3605 1904 3643 1975 ᾧ

422 2015 491 2069 ad
529 1986 811 2082 vesperam
864 1990 956 2064 lux
995 2009 1137 2075 luit;
1172 2008 1262 2064 liic
1312 1992 1510 2063 iterum
1561 2005 1657 2059 tibi
1700 2004 1820 2059 dies
1846 2013 1980 2060 esto.

2089 2004 2178 2058 καὶ
2203 1986 2459 2074 ἀνέστηό
2487 2001 2715 2072 Κύριος,
2743 2001 2857 2069 εἴγε
2884 2005 2976 2054 καὶ
3005 2000 3201 2074 ἄδηλος
3234 1997 3303 2072 ἦν
3339 2003 3375 2072 ή
3410 2000 3525 2071 ὥρα
3557 2000 3643 2070 τῆς

422 2103 792 2172 Quamobrem
835 2101 946 2172 jam
984 2099 1259 2169 integrum
1294 2097 1403 2151 diei
1435 2095 1721 2165 noctisque
1751 2094 1984 2164 spatium

2089 2096 2456 2161 ἀναστάσεως,
2481 2093 2626 2147 καθὰ
2648 2093 2711 2165 δὴ
2742 2094 2837 2147 καὶ
2866 2094 2900 2163 ἡ
2937 2093 3032 2162 τῆς
3062 2091 3323 2162 δευτέρας
3353 2091 3643 2161 παρουσίας

423 2196 613 2251 babes.
646 2193 843 2250 Secuta
893 2203 977 2246 est
1007 2191 1151 2245 diem
1184 2187 1599 2259 prmparationis
1653 2201 1761 2240 nox
1782 2226 1797 2253 ,
1830 2185 1984 2240 inde-
2083 2186 2269 2241 αὑτοῦ.

420 2301 528 2357 que
554 2285 673 2340 dies
701 2283 922 2338 Sabbati
951 2299 967 2347 ;
1002 2296 1123 2353 quae
1157 2282 1262 2335 ιΙιΙο
1298 2294 1517 2334 rursum
1587 2278 1695 2332 diei
1734 2278 2021 2347 noetisque
2058 2278 2295 2348 spatium
2345 2277 2619 2349 integrum
2688 2277 3078 2342 constituunt,
3107 2285 3167 2332 ut
3202 2277 3313 2348 jam
3365 2275 3486 2331 dies
3518 2273 3642 2329 duos

423 2380 761 2447 totidemque
815 2385 1005 2432 noctes
1034 2376 1256 2430 habeas.
1297 2374 1427 2429 Post
1476 2373 1590 2428 haec
1623 2372 1845 2428 Salibati
1911 2388 2014 2427 nox
2089 2381 2145 2429 et
2200 2374 2468 2428 Dominici
2504 2373 2806 2429 diluculum
2852 2382 3067 2428 noctem
3120 2373 3377 2442 diemque
3406 2370 3642 2427 similiter

420 2469 704 2534 ellieiunt;
743 2466 889 2538 quod
935 2467 1047 2537 jam
1079 2467 1334 2519 diurnum
1407 2473 1849 2533 nocturnumque
1923 2463 2157 2534 spatium
2196 2465 2415 2521 tertium
2459 2463 2586 2532 erit,
2653 2481 2762 2535 quo
2823 2463 3087 2520 Dominus
3115 2464 3451 2530 resurrexit,
3479 2479 3641 2534 quan-

420 2582 583 2638 quam
617 2565 826 2619 incerta
863 2562 1029 2617 fuerit
1081 2561 1216 2616 liora
1265 2558 1684 2616 resurrectionis
1734 2558 1874 2630 ejus,
1913 2557 2057 2613 sicut
2121 2568 2178 2614 et
2238 2557 2307 2614 de
2377 2556 2604 2614 alterius
2637 2558 2902 2613 adventus
2960 2559 3091 2612 hora
3132 2572 3291 2611 nemo
3328 2566 3514 2612 certus
3535 2570 3639 2612 esse

421 2658 648 2730 poterit.

490 2753 656 2826 224
682 2751 900 2809 Memini
932 2766 1086 2819 vero,
1121 2750 1317 2807 dilecte
1366 2749 1467 2817 ﬁli,
1514 2756 1567 2806 te
1596 2749 1740 2805 inter
1773 2748 1878 2803 alia
1920 2746 1984 2803 de

2157 2740 2290 2800 Οἶδα
2335 2745 2413 2812 δὶ,
2445 2743 2722 2813 ἁγατὲητέ,
2771 2742 3066 2797 καὶτοῦτο
3120 2743 3259 2814 πρὸς
3309 2746 3425 2808 τοῖς
3475 2745 3638 2809 ἄλλοις

420 2848 528 2903 hoc
559 2848 723 2903 etiam
778 2843 1117 2916 quaesivisse,
1147 2841 1507 2912 quamobrem
1541 2840 1752 2897 scilicet
1770 2839 1984 2895 Domini

2089 2838 2350 2909 ζητοῦντά
2383 2854 2463 2903 σε,
2500 2837 2644 2900 τινος
2672 2836 2859 2890 ἕνεκεν
2896 2837 2929 2907 ή
2959 2835 3054 2888 τοῦ
3087 2836 3295 2907 Κυρίου
3320 2838 3465 2909 ταφή
3501 2841 3636 2908 τριή-

423 2941 711 3011 ειιιηιιιιιι-ιι
741 2938 993 2992 triduana
1042 2934 1227 3001 fuerit,
1258 2950 1369 2989 non
1399 2933 1622 3004 majoris
1647 2932 1730 2987 vel
1758 2931 1984 2986 minoris

2089 2947 2248 3003 μερος
2277 2929 2372 2983 καὶ
2402 2928 2462 2982 ού
2496 2927 2752 3000 πλείωνῆ
2776 2928 3018 2981 ἐλάσσων
3041 2926 3181 3000 αὕτη
3203 2929 3442 2996 ἐγένετο.
3476 2929 3633 2999 ’Υπὲρ

420 3028 722 3085 intervalli.
768 3026 1038 3080 Nimirum
1066 3040 1166 3095 pro
1195 3024 1449 3079 universa
1475 3022 1759 3076 hominum
1788 3029 1984 3075 natura

2089 3023 2262 3091 πάσης
2305 3021 2514 3089 ἔπρεπε
2561 3018 2665 3090 τῆς
2696 3018 2805 3073 τῶν
2846 3018 3147 3089 ἀνθρώπων
3192 3020 3408 3088 φύσεως
3440 3023 3633 3074 ἀποθα-

418 3123 699 3179 Gliristum
735 3119 871 3173 mori
902 3116 1213 3187 oportebat,
1254 3129 1356 3189 pro
1407 3114 1475 3168 iis
1511 3113 1718 3168 scilicet
1747 3111 1840 3181 qui
1870 3110 1979 3180 jam

419 3227 546 3270 ante
595 3213 649 3265 in
683 3211 790 3267 lata
819 3214 1228 3268 concesserant,
1265 3220 1361 3274 pro
1396 3204 1531 3258 vivis
1566 3204 1768 3269 adhuc,
1799 3210 1853 3257 et
1884 3217 1981 3270 pro

418 3301 704 3358 cxstiluris
735 3296 1054 3369 aliquando.
1084 3295 1295 3364 Quippe
1335 3294 1436 3348 tria
1488 3307 1707 3363 quoque
1737 3301 1981 3361 tempora

419 3405 569 3461 sunt,
599 3392 964 3464 praeteritum,
1000 3388 1269 3454 futurum,
1306 3403 1567 3457 praesens.
1610 3388 1717 3441 Eos
1752 3372 1845 3457 qui
1870 3389 1980 3458 jam

419 3493 805 3560 pecesserant,
857 3481 1096 3536 servavit
1139 3479 1205 3533 ad
1239 3493 1431 3534 orcum
1471 3477 1841 3544 descendens;
1893 3494 1983 3533 su-

417 3576 679 3647 perstites
730 3581 913 3627 autem
948 3569 1001 3624 itl
1041 3568 1302 3637 temporis
1326 3608 1339 3633 ,
1374 3576 1434 3621 ut
1469 3569 1561 3636 qui
1617 3566 1983 3622 credidissent

421 3674 476 3726 in
518 3668 735 3738 ipsum;
770 3664 1072 3720 exstituros
1105 3663 1342 3730 denique
1373 3658 1685 3729 aliquando,
1722 3666 1980 3729 tanquam

421 3761 475 3815 in
507 3758 879 3829 apostolorum
914 3753 1359 3825 praedicationum]
1414 3750 1723 3805 credituros
1762 3758 1820 3805 et
1850 3749 1984 3819 bap-

417 3852 642 3906 tismum
695 3857 1111 3906 consecuturos.
1158 3844 1213 3900 Si
1245 3860 1374 3915 ergo
1409 3854 1574 3898 totam
1607 3852 1857 3897 naturam
1885 3855 1983 3896 no-

416 3955 586 3998 stram
618 3943 947 4010 assumpsit,
986 3938 1335 4008 perspicuum
1378 3943 1464 3990 est
1493 3935 1657 3989 etiam
1692 3943 1856 3988 totam
1887 3948 1983 3987 na-

419 4049 597 4089 turam
642 4033 885 4087 nostt'am
930 4031 1108 4098 ipsum
1139 4028 1442 4081 rcliuxisse.
1479 4025 1846 4092 Quamobrem
1874 4024 1982 4080 Do—

421 4125 551 4179 mini
583 4122 873 4191 sepultura'
897 4135 1006 4174 non
1035 4120 1134 4172 abs
1163 4135 1223 4173 re
1258 4118 1510 4172 triduana
1540 4118 1664 4173 fuit.

403 4239 408 4243 ·
491 4215 606 4269 Hoc
641 4212 803 4266 modo
834 4227 901 4267 ex
961 4212 1195 4265 mortuis
1246 4209 1511 4263 Dominus
1568 4208 1844 4280 resurgit,
1883 4206 1979 4265 sed

421 4320 529 4360 non
561 4304 743 4358 statim
794 4302 860 4356 ad
895 4301 1065 4357 caelos
1116 4300 1461 4358 subvehitur.
1511 4299 1646 4354 Nam
1696 4303 1763 4355 de
1802 4299 1980 4370 magni

419 4396 704 4453 Athanasii
762 4395 1036 4451 sententia
1092 4401 1384 4463 propterea
1425 4393 1542 4447 dies
1600 4392 1655 4446 in
1707 4393 1870 4446 terris
1913 4391 1983 4448 40

2085 3114 2196 3165 ver
2232 3111 2323 3164 τὸν
2356 3110 2615 3183 Χριστὸν,
2648 3109 2791 3181 ὑπέρ
2838 3125 2898 3161 τε
2941 3109 3142 3180 δηλαδὴ
3174 3108 3283 3162 τῶν
3329 3096 3635 3180 προαποθα-

2086 3205 2287 3257 νόντων
2322 3201 2433 3255 τῶν
2454 3218 2513 3254 τε
2553 3200 2855 3271 περιόντων
2889 3200 3118 3253 καὶτῶν
3159 3201 3464 3269 μελλόντων
3503 3203 3634 3268 γε·ιέ-

2085 3295 2233 3360 σθαι,
2272 3293 2462 3365 ἐπειδὴ
2490 3296 2589 3346 καὶ
2615 3294 2765 3363 τρεῖς
2817 3293 2925 3345 εἱσι
2978 3293 3182 3363 καιροὶ,
3234 3293 3630 3364 παρεληλυθὼς,

2082 3385 2333 3453 ἐνεστὼς,
2378 3385 2608 3456 μέλλων.
2666 3386 2775 3438 Καὶ
2831 3384 2959 3447 τοὺς
3015 3384 3116 3454 μὲν
3166 3386 3634 3456 προαποθανόιιτας

2083 3477 2254 3531 ἔσωσε
2291 3475 2570 3530 κατελθὼν
2601 3476 2658 3528 ἐν
2687 3475 2766 3546 τῷ
2800 3474 2923 3547 ᾅδῃ,
2952 3477 3081 3539 τοὺς
3120 3475 3177 3529 δὲ
3210 3478 3330 3530 τότε
3363 3479 3634 3546 περιόντας

2083 3570 2287 3624 ἔσωσεν
2344 3568 2420 3632 ὡς
2480 3567 2877 3631 πιστεύσαντας
2919 3567 2999 3630 εἰς
3047 3568 3234 3634 αὐτὸν,
3264 3569 3391 3632 τοὺς
3424 3570 3482 3622 δὲ
3514 3572 3634 3638 μετὰ

2083 3662 2254 3716 ταῦτα
2306 3661 2707 3732 γενησομένους
2757 3659 2833 3723 ὡς
2883 3661 3282 3724 πιστεύσαντας
3322 3663 3406 3725 εις
3451 3663 3510 3714 τὸ
3536 3661 3630 3713 τῶν

2083 3754 2398 3808 ἁπεστὸλων
2438 3755 2699 3823 κήρυγμα
2728 3753 2819 3805 καὶ
2866 3751 3288 3823 βαπτισθέντας.
3318 3754 3383 3806 Εἰ
3419 3754 3511 3808 οὖν
3546 3753 3630 3822 τήν

2083 3845 2212 3917 ὅλην
2263 3845 2419 3917 ἡμῶν
2468 3845 2630 3914 φύσιν
2672 3843 2853 3909 ἔλασε,
2901 3845 3060 3915 δῆλον
3105 3846 3188 3899 ὅτι
3237 3849 3331 3907 καὶΙ
3377 3847 3479 3917 τήν
3517 3846 3629 3916 ὅλην

2084 3941 2242 4012 ήμῶν
2291 3940 2453 4009 φύσιν
2501 3939 2794 3994 ἀνέπλασε.
2829 3940 3024 4004 Καλῶς
3074 3939 3168 3994 οὖν
3202 3942 3236 4012 ή
3291 3941 3386 3995 τοῦ
3441 3941 3627 4013 Κυρίου

2083 4033 2230 4104 ταφὴ
2267 4034 2391 4104 τριή
2400 4049 2561 4103 μερος
2589 4032 2836 4100 γέγονεν.

2168 4207 2477 4277 ’Δνζσταται
2507 4202 2601 4261 οὖν
2633 4209 2660 4262 ό
2689 4207 2894 4279 Κύριος
2924 4211 2989 4264 ἐκ
3018 4210 3244 4281 νεκρῶν,
3270 4210 3387 4265 ἀλλ’
3415 4211 3512 4265 οὐκ
3544 4210 3628 4264 αὖ·

2084 4298 2210 4352 τίκα
2243 4300 2378 4370 πρὸς
2415 4301 2679 4369 οὐρανοὺς
2705 4300 2989 4368 ἀνάγεται.
3023 4302 3180 4355 Κατὰ
3210 4304 3318 4375 γὰρ
3351 4305 3443 4357 τὸν
3474 4306 3628 4375 μέγαν

2097 4391 2439 4456 ’Δθανάσιον,
2473 4393 2598 4456 τοὺς
2634 4392 2887 4464 μαθητὰς
2936 4395 3289 4466 ἐπιστηρίξαι
3323 4395 3626 4466 βουλόμενος

418 4498 786 4543 commoratus
816 4495 903 4541 est
932 4485 1217 4551 Dominus,
1253 4485 1399 4553 quod
1433 4482 1731 4552 discipulos
1779 4483 1980 4537 conﬁr-

2089 4486 2293 4558 ήμέρας
2323 4484 2557 4539 ἐνταῦθα
2588 4487 2734 4539 ποιεῖ
2766 4491 2843 4555 μ’,
2886 4485 3258 4557 ὀπτανόμενος
3287 4490 3469 4553 αὐτοῖς
3500 4491 3627 4542 ἐστιν

421 4594 572 4636 mare
620 4580 804 4636 vellet.
863 4578 1073 4635 Idcirco
1103 4592 1163 4632 se
1213 4575 1664 4646 conspiciendum
1696 4575 1779 4630 eis
1809 4576 1980 4630 inter-

418 4672 548 4726 dum
579 4672 803 4740 praebet,
853 4673 1025 4725 amice
1054 4668 1389 4740 paciﬂccque
1426 4683 1550 4724 cum
1587 4667 1669 4722 eis
1712 4668 1979 4738 loquitur,

419 4762 705 4816 ticatrices
730 4761 783 4814 in
813 4775 1043 4829 corpore
1074 4759 1261 4815 divitis
1300 4768 1712 4826 commonstrat,
1747 4746 1982 4815 comedit

420 4864 583 4922 atque
622 4852 763 4906 bibit
794 4866 935 4917 una,
968 4861 1165 4907 caetera
1197 4851 1435 4920 denique
1481 4849 1611 4904 facit
1650 4852 1831 4904 omnia
1860 4865 1982 4920 quae

420 4947 487 4999 ad
519 4942 922 5000 conﬁrmandos
942 4943 1242 4997 imbecillos
1271 4941 1474 5012 aliquid
1493 4939 1688 4995 aﬂerre
1717 4940 1977 4995 momenti

421 5044 666 5104 possent.
713 5032 959 5088 Primum
1008 5035 1254 5087 omnium
1304 5048 1335 5087 a
1367 5033 1583 5087 duabus
1638 5031 1980 5086 mulierculis

418 5135 751 5195 conspectus
793 5133 896 5191 est,
930 5139 1039 5194 quo
1071 5135 1315 5195 tempore
1336 5125 1568 5195 pedibus
1601 5123 1707 5178 illae
1731 5136 1982 5192 compre-

420 5217 606 5271 hensis
631 5232 756 5271 eum
781 5215 1278 5286 amplectebantur.
1323 5217 1529 5271 Deinde
1599 5215 1700 5270 soli
1758 5214 1976 5284 Magda-

417 5312 557 5365 lenze
610 5318 864 5378 apparet;
926 5308 1056 5363 hinc
1103 5308 1265 5361 Petro
1314 5308 1685 5374 apostolorum
1720 5306 1975 5376 principi,

419 5402 503 5455 vel
554 5400 675 5468 ipso
709 5398 877 5452 Paulo
908 5405 1083 5461 teste,
1112 5397 1201 5466 qui
1237 5396 1311 5449 ait
1349 5413 1362 5450 :
1410 5414 1428 5447 ι
1493 5398 1868 5453 Resuscitatus
1912 5412 1978 5452 ex

419 5492 651 5543 mortuis
680 5488 943 5542 Dominus
969 5486 1144 5556 primo
1165 5501 1194 5538 a
1219 5484 1400 5555 Ceplta
1423 5499 1746 5556 conspectus
1771 5496 1853 5542 est
1872 5489 1937 5539 εδ.
1954 5506 1972 5539 ι

416 5582 729 5635 ﬁecuudum
766 5580 880 5635 bwc
931 5589 1261 5648 conspectus
1313 5593 1394 5634 σει
1426 5596 1455 5633 a
1493 5580 1639 5635 Luca
1673 5590 1728 5634 et
1756 5581 1975 5652 Cleopa,

486 5763 531 5796 "
553 5761 731 5836 lCor.
769 5765 939 5838 “‘5.

2078 4578 2167 4632 ὅτε
2203 4578 2297 4632 καὶ
2321 4577 2389 4632 τὰ
2422 4578 2559 4648 πρὸς
2600 4578 2824 4649 εἰρήνην
2884 4579 3288 4649 διαλεγόμενος,
3325 4582 3549 4644 ὠτειλὰς
3581 4581 3627 4631 ἐν

2078 4669 2158 4738 τῷ
2215 4669 2441 4724 θεοειδεῖ
2505 4670 2763 4724 δεικνύων
2812 4670 3010 4742 ἐκείνῳ
3073 4674 3311 4743 σώματι,
3349 4670 3624 4726 συνεσθίων

2079 4761 2263 4826 αὐτοῖς
2313 4762 2429 4832 ἅμα
2480 4762 2577 4816 καὶ
2614 4762 2806 4831 πίνων,
2845 4762 2945 4834 οὐχ
2995 4763 3072 4828 ὡς
3129 4767 3341 4836 τροφῆς
3397 4767 3627 4834 δεόμενος

2079 4855 2216 4909 ἀλλὰ
2246 4856 2624 4926 πιστούμενος,
2669 4857 2764 4910 καὶ
2797 4855 2976 4910 τᾶλλα
3003 4856 3180 4912 πάντα
3225 4858 3397 4912 ποιῶν
3439 4859 3626 4922 ὅσαπερ

2088 4945 2246 5000 εἴωθε
2282 4946 2408 5009 τοὺς
2442 4946 2689 5011 ἀσθενεῖς
2720 4946 3140 5015 ὰσφαλίζεσθαι.
3184 4949 3294 5001 Καὶ
3328 4949 3514 5022 πρῶτα
3545 4947 3627 5016 μὲν

2088 5034 2240 5106 ὤφθη
2288 5035 2413 5087 δυσὶ
2445 5033 2712 5103 γυναιξὶν,
2744 5039 2907 5106 ἡνίκα
2956 5038 3050 5091 καὶ
3103 5037 3229 5101 τοὺς
3263 5038 3429 5100 πόδας
3477 5034 3624 5092 αὐτοῦ

2086 5127 2432 5198 κρατήσασαι
2471 5128 2907 5198 κατησπάζοντο.
2944 5128 3180 5183 Ἔπειτα
3211 5133 3277 5202 τῇ
3312 5129 3621 5199 Μαγδαληνῇ

2089 5220 2226 5291 μόνῃ
2271 5219 2586 5284 ὀπτάνεται,
2624 5221 2763 5289 μετὰ
2803 5220 2861 5273 δὲ
2896 5219 3069 5275 ταῦτα
3113 5223 3191 5293 τῷ
3232 5223 3507 5294 κορυφαίῳ
3538 5220 3624 5273 Πέ-

2058 5330 2215 5382 τρῳ,
2253 5313 2396 5365 καθὰ
2439 5312 2534 5364 καὶ
2567 5311 2780 5376 Παῦλος
2809 5311 2995 5382 φησιν.
3020 5332 3039 5364 ‹
3060 5314 3125 5367 ‘0
3152 5313 3353 5380 Κύριος
3400 5312 3623 5382 ἐγερθεὶς

2085 5404 2149 5454 ὲκ
2179 5402 2388 5472 νεκρῶν
2423 5400 2580 5472 ὤφθη
2624 5402 2842 5472 πρῶτον
2874 5404 3066 5475 Κηφᾷ.
3094 5426 3112 5457 ι
3152 5405 3329 5475 Ὠφθη
3364 5406 3473 5467 τοῖς
3512 5404 3620 5471 περὶ

2083 5496 2300 5548 Λουκᾶν
2352 5495 2445 5546 καὶ
2501 5495 2773 5560 Κλεόπαν,
2815 5494 2971 5566 ὤφθη
3019 5499 3132 5560 τοῖς
3187 5497 3336 5562 δέκα,
3377 5492 3495 5552 εἶτα
3528 5498 3620 5552 τοῖς

2085 5586 2277 5639 ἕνδεκα
2304 5601 2318 5617 °
2359 5584 2518 5657 ὤφθη
2565 5587 2706 5641 κατά
2757 5588 2855 5659 τὴν
2885 5588 3174 5642 Γαλιλαίαν
3213 5590 3409 5653 αὑτοί;,
3441 5587 3610 5658 ὁμοίως
