3794 6226
147 296 243 358 ίίὲἕο
1351 273 1729 338 ANNALIUh

1847 269 1994 329 ARS
2037 267 2149 330 III.
3239 251 3351 312 ιςσ

148 416 198 464 ὲν
247 410 303 479 τῇ
342 402 608 474 Τιϐεριάδι
635 417 648 432 ⁶
702 399 859 469 ὤφθη
903 396 1146 463 Ἰακώϐῳ
1203 393 1280 463 τῷ
1329 388 1637 458 ἀδελφοθέῳ
1665 387 1729 444 τι

1840 396 2116 458 inspectus
2151 400 2179 439 a
2209 380 2493 450 discipulis
2530 376 2718 433 decem
2749 413 2762 438 ,
2791 377 3117 440 conspectus
3148 366 3214 421 ab
3245 383 3348 416 un-
3390 420 3397 422 ἓ

149 455 195 464 ’⁷
256 455 303 479 -ςι
353 455 607 474 "WDHH
763 455 774 468 ι
848 455 859 469 ι
1120 455 1129 463 .
1253 455 1265 463 .
1473 455 1482 458 _
1614 455 1620 456 ,

149 503 284 570 ὤφθη
315 498 489 551 ἐπάνω
537 491 916 547 πεντακοσίων
948 488 1178 558 ἀνδρῶν.
1217 485 1325 538 Καὶ
1371 483 1681 535 τελευταῖον

1840 481 1961 536 acim
1989 495 2003 542 ;
2031 478 2097 532 ab
2132 475 2326 530 iisdem
2368 468 2693 540 conspectus
2725 467 2780 522 in
2818 463 3053 522 Galilma,
3091 455 3351 514 consimi-

2233 567 2242 570 _
2301 565 2315 570 _
2912 558 2932 570 _
3040 555 3054 570 ,
3093 569 3096 570 ν
3142 547 3348 570 mle“:

149 547 284 570 “’τ“Ἰ
316 547 432 551 ⁷”’““’
452 547 481 550 ﬁ
1049 547 1059 558 ι

147 592 296 659 ἐφάνη
323 587 497 648 αὐτοῖς
519 589 575 639 ἐν
609 583 686 654 τῷ
720 584 838 652 ὄρει
868 582 974 635 τῶν
998 580 1249 639 Ἐλαιῶν,
1283 579 1340 628 ὲν
1365 569 1408 642 ᾧ
1453 574 1547 626 καὶ
1577 574 1679 644 τὴν

1840 587 1914 629 rer
1947 572 2013 626 ad
2061 565 2446 630 Tiberiadem;
2482 571 2809 632 conspectus
2847 574 2875 612 a
2906 555 3111 613 Jacoho
3141 547 3360 606 Christi-

145 639 357 752 χαμόθεν
389 639 684 749 ἐποιήσατο
711 639 944 746 ἔπαρσιν
987 669 1107 743 μεθ’
1139 639 1392 740 ἡμέρας,
1420 666 1496 730 ὡς
1537 639 1686 734 εἴρη-

1840 665 1882 720 ei
1918 664 2110 729 fratre,
2141 667 2470 728 conspectus
2499 670 2528 708 a
2560 653 2809 724 pluribus
2837 663 3000 721 quam
3031 639 3352 714 quingentis

146 794 245 844 ται,
278 783 344 848 μ’.
1790 755 2150 818 hominibus;
2199 756 2528 819 conspectus
2556 755 2892 816 postremum
2928 741 2996 795 ab
3023 738 3102 793 eis
3141 737 3197 790 in
3243 732 3356 788 Oli-

1790 864 1981 904 varum
2017 853 2226 911 monte,
2256 842 2350 897 ubi
2383 842 2551 897 etiam
2583 853 2611 891 a
2638 846 2782 892 terra
2821 834 3070 890 sublatus
3120 835 3204 885 est
3233 833 3356 896 post

1792 942 1959 1006 diem,
1994 954 2094 994 ceu
2123 937 2382 998 diximus,
2417 929 2915 1003 quadragesimum.

1862 1035 2066 1102 Quodsi
2122 1035 2231 1105 jam
2295 1029 2429 1098 illud
2487 1041 2709 1097 quoque
2768 1033 3099 1091 cognoscere
3158 1013 3356 1082 cupis,

1797 1127 2155 1196 quamobrem
2222 1131 2343 1192 post
2393 1119 2778 1175 excitationem
2833 1113 2902 1166 de
2969 1107 3196 1164 mortuis
3244 1105 3360 1156 dies

1798 1219 1921 1272 illos
1945 1216 2013 1271 40
2048 1217 2100 1269 in
2129 1213 2292 1268 terris
2330 1211 2503 1281 egerit
2530 1249 2545 1273 ,
2581 1223 2688 1262 non
2723 1207 2905 1274 plures
2923 1201 3008 1254 vel
3035 1196 3320 1268 pauciores
3346 1232 3360 1255 ,

1798 1324 1864 1362 cn
1889 1323 2118 1376 magnus
2152 1303 2483 1374 Epiphanius
2506 1302 2645 1356 hanc
2678 1297 2775 1353 tibi
2808 1292 3207 1351 dubitationem
3231 1301 3363 1355 pau-

150 1378 458 1475 ἀπόρρητον.
497 1421 516 1454 ι
575 1403 673 1456 Ὃν
719 1378 826 1472 γὰρ
873 1399 1095 1470 τρόπον,
1128 1418 1146 1450 ο
1185 1395 1342 1467 φησὶ,
1404 1412 1421 1444 ι
1451 1391 1588 1462 μετὰ
1637 1390 1697 1444 τὺ

1840 1400 1878 1452 is
1902 1396 2189 1452 dissolvet.
2221 1393 2340 1459 Quo
2382 1399 2562 1460 pacto,
2611 1388 2811 1458 inquit,
2838 1384 3097 1438 Christus
3120 1378 3302 1435 statim
3335 1391 3365 1428 a

153 1467 457 1565 γεννηθῆναι
491 1496 518 1547 6
565 1467 806 1563 Χριστὸς
845 1467 1102 1560 ἀνεκλίθη
1149 1490 1208 1541 ὲν
1254 1489 1452 1555 φάτνῃ,
1493 1485 1700 1551 ἐσπαρ-

1844 1489 2090 1543 ativitate
2140 1500 2236 1539 sua
2271 1481 2569 1538 reclinatus
2621 1489 2705 1535 est
2761 1479 2814 1532 in
2862 1474 3127 1545 praesepi,
3181 1467 3370 1524 fasciis

151 1561 368 1656 γανὼθη,
400 1586 496 1638 καὶ
551 1561 670 1653 μεθ’
716 1583 934 1653 ἡμέρας
999 1587 1052 1651 μ’
1103 1577 1388 1648 προσήχθη
1449 1574 1527 1642 τῷ
1571 1573 1699 1639 θείῳ

1841 1582 2102 1643 wolutus,
2139 1586 2261 1648 post
2298 1572 2779 1645 quadragesimum
2825 1568 2970 1622 diem
3003 1565 3070 1620 ad
3106 1561 3372 1631 templum

150 1653 250 1747 ναῷ
277 1653 363 1730 καὶ
392 1676 537 1732 κατά
569 1677 663 1729 τὸν
712 1675 808 1729 τοῦ
850 1673 1096 1735 Μωσέως
1143 1671 1310 1740 νόμον
1343 1667 1592 1738 παρέστη
1623 1663 1698 1732 τῷ

1842 1682 2126 1742 eportatus
2173 1674 2247 1723 'ac.
2306 1667 2605 1722 secundum
2662 1662 2908 1718 Mosaicae
2947 1659 3084 1728 legis
3121 1653 3370 1725 przescri-

150 1744 276 1842 Θεῷ,
328 1770 470 1823 οὕτω
518 1771 615 1823 καὶ
679 1768 1029 1840 πρωτότοκος
1084 1769 1148 1819 ὲκ
1205 1763 1414 1832 νεκρῶν
1461 1759 1699 1828 γεγονὼς

1848 1778 1960 1822 ιυιιι
1987 1764 2203 1828 oblatus
2232 1762 2364 1825 Deo,
2389 1759 2468 1813 sic
2491 1757 2655 1812 etiam
2680 1764 2818 1818 tum,
2839 1766 2961 1807 cum
2980 1744 3375 1818 primogenitus

152 1839 340 1930 ἡμέραξ
378 1858 616 1913 ἐνταῦθα
640 1839 788 1913 ποιεῖ
840 1858 915 1928 μ’,
946 1855 1048 1910 εἷθ’
1077 1855 1252 1919 οὕτως
1286 1853 1425 1925 πρὸς
1451 1853 1553 1922 τὴν
1589 1852 1702 1907 ἄνω

1840 1863 2155 1910 uortuorum
2186 1852 2361 1906 factus
2383 1857 2562 1911 esset,
2593 1845 2710 1900 dies
2744 1845 2798 1898 iu
2835 1840 2995 1896 terris
3021 1839 3088 1892 40
3127 1850 3372 1892 commo-

159 1953 503 2024 Ἰερουσαλὴμ
565 1951 920 2018 ἐπανάγεται,
958 1950 1036 2019 τῷ
1087 1947 1363 2018 προσώπῳ
1412 1942 1506 1997 τοῦ
1567 1942 1702 1995 Θεοῦ

1841 1958 1988 2013 atur,
2037 1955 2201 2015 atque
2233 1946 2305 1998 ita
2357 1940 2557 1996 deinde
2612 1951 2904 2007 supernam
2945 1931 3374 2001 Hierosolymam

209 1043 262 1095 Εἰ
288 1041 338 1093 δὲ
367 1038 462 1092 καὶ
490 1036 647 1090 τοῦτο
678 1035 861 1107 βούλει
892 1034 1111 1105 μαθεῖν,
1145 1033 1290 1095 τίνος
1317 1031 1506 1084 ἕνεκεν
1553 1025 1692 1096 μετά

148 1135 236 1202 τὴν
290 1133 348 1183 ἐκ
413 1128 626 1198 νεκρῶν
687 1125 852 1180 αὐτοῦ
900 1125 1121 1194 ἔγερσιν
1174 1123 1383 1192 ἡμέρας
1442 1117 1534 1170 ἐπὶ
1588 1118 1691 1185 γῆς

148 1201 351 1293 ἐποίησε
388 1220 438 1291 μ’
470 1220 566 1273 καὶ
597 1219 658 1272 οὐ
698 1218 883 1274 πλεῖον
927 1217 959 1287 ἢ
1017 1217 1266 1279 ἔλασσον,
1302 1213 1330 1265 6
1364 1210 1537 1280 μέγας
1584 1201 1692 1262 ἰδοῦ

158 1314 452 1382 Ἐπιφάνιος
505 1311 572 1365 δι’
628 1312 828 1380 ὀλίγων
882 1308 1130 1362 ὲπιλύσει
1202 1323 1285 1359 σοι
1341 1303 1401 1358 τὸ
1456 1300 1695 1355 τοιοῦτον

154 2044 673 2117 έμφανισθησόμενος
725 2044 864 2112 ὑπὲρ
909 2041 1090 2111 ἡμῶν.
1149 2059 1169 2092 ι
1227 2037 1338 2093 Καὶ
1387 2036 1576 2089 πείθου
1626 2033 1705 2106 τῷ

158 2138 360 2207 μεγάλῳ
397 2136 594 2204 Παύλῳ
632 2134 841 2200 λέγοντι
871 2151 885 2165 ·
925 2151 943 2185 ι
986 2131 1061 2185 Οὐ
1094 2132 1200 2202 γάρ
1233 2131 1312 2193 είς
1357 2129 1706 2199 χειροποίητα

159 2234 276 2296 ἅγια
314 2229 564 2298 είσῆλθεν
603 2229 629 2280 6
668 2226 924 2297 Χριστὸς,
957 2223 1224 2278 ἀντίτυπα
1244 2220 1356 2274 τῶν
1405 2217 1700 2288 ἀληθινῶν,

157 2320 254 2373 ἀλλ’
289 2320 366 2383 είς
411 2319 579 2371 αὑτὸν
633 2317 722 2370 τὸν
783 2316 1038 2385 οὐρανὸν,
1065 2315 1163 2366 νῦν
1197 2309 1598 2382 ἐμφανισθῆναι
1631 2306 1708 2377 τῷ

158 2412 414 2482 προσώπῳ
448 2411 541 2464 τοῦ
576 2407 713 2463 Θεοῦ
747 2407 886 2480 ὑπὲρ
921 2407 1101 2479 ἡμῶν.
1142 2425 1160 2458 ι

219 2592 421 2647 Οὐκοῦν
460 2591 738 2662 ἀνελήφθη
772 2592 799 2646 6
834 2590 1058 2659 Κύριος.
1102 2588 1341 2658 Ἡμέραι
1379 2585 1518 2657 μετά
1539 2581 1712 2638 ταῦτα

158 2685 448 2756 διέρχονται
509 2685 663 2748 δέκα,
690 2684 783 2737 καὶ
831 2685 864 2754 ἡ
915 2681 1010 2735 τοῦ
1064 2678 1330 2750 παναγίου
1392 2675 1714 2746 Πνεῦματος

163 2780 351 2844 γίνεται
411 2777 662 2840 κάθοδος.
695 2777 850 2832 Μετά
882 2775 1013 2828 δέκα
1043 2774 1098 2828 δὲ
1131 2772 1531 2845 συμπλήρωσιν
1576 2771 1716 2841 ἡμε-

163 2868 260 2936 ρῶν
315 2869 346 2938 ή
402 2867 635 2936 τοιαύτη
695 2865 905 2933 γίνεται
959 2862 1211 2928 κάθοδος,
1257 2862 1396 2916 διότι
1445 2861 1655 2924 τέλειος
1687 2861 1716 2912 6

162 2961 363 3026 δέκατος
397 2960 654 3031 ἀριθμός.
687 2959 907 3028 Ἐπειδὴ
937 2957 1118 3012 τοίνυν
1140 2957 1200 3008 τὸ
1224 2953 1537 3025 Πνεῦμα-τὸ
1561 2953 1718 3021 ἅγιον

1815 2042 2133 2101 revertitur,
2171 2052 2352 2093 coram
2402 2034 2554 2088 vultu
2597 2027 2693 2085 D'ei
2735 2035 2923 2083 nostra
2958 2039 3121 2081 causa
3158 2035 3379 2088 compa-

1814 2136 2042 2188 riturus.
2070 2127 2408 2186 Persuadeat
2435 2125 2541 2179 hoc
2573 2123 2687 2193 ipse
2717 2120 2816 2174 tibi
2863 2117 3082 2177 Paulus,
3118 2127 3240 2168 cum
3266 2113 3375 2166 ait:

1823 2246 1841 2278 ‹
1898 2225 2020 2281 Non
2054 2224 2108 2276 in
2168 2217 2406 2275 sacraria
2459 2213 2771 2270 manufacta
2809 2209 3064 2265 Christus
3100 2206 3379 2276 ingressus

1815 2329 1900 2375 est
1929 2358 1942 2381 ,
1976 2331 2096 2386 quae
2147 2326 2404 2369 verorum
2467 2307 2836 2364 sacrariorum
2876 2301 3166 2357 simulacra
3205 2304 3333 2352 sunt
3364 2312 3378 2349 :

1816 2411 1913 2468 sed
1944 2409 1997 2464 in
2029 2409 2227 2464 cretum
2269 2406 2469 2474 ipsum,
2506 2408 2566 2456 ut
2593 2397 2758 2454 modo
2775 2406 2961 2451 nostra
2989 2405 3154 2448 causa
3192 2403 3376 2444 coram

1818 2501 1910 2558 Dei
1949 2499 2085 2554 facie
2118 2503 2432 2566 compareat
2454 2494 2520 2546 “.
2560 2511 2580 2545 ι

1889 2591 2049 2663 225
2081 2591 2446 2656 Posteaquam
2471 2599 2606 2641 vero
2631 2590 2950 2652 assumptus
2980 2576 3174 2633 fuisset
3199 2573 3386 2630 Domi-

1820 2700 1946 2747 nus,
1997 2682 2188 2736 decem
2224 2677 2426 2748 elapsis
2461 2675 2659 2730 diebus
2705 2679 2927 2728 sanctus
2963 2669 3056 2724 ille
3086 2665 3324 2737 Spiritus
3356 2679 3390 2717 e

1822 2777 1962 2834 coelo
2009 2773 2318 2830 descendit.
2349 2771 2575 2836 Factum
2621 2768 2727 2822 hoc
2758 2773 2842 2821 est
2876 2763 3091 2820 decimo
3141 2767 3265 2831 post
3302 2757 3393 2812 die

1822 2877 2136 2938 propterea,
2177 2863 2322 2933 quod
2374 2874 2639 2916 numerus
2689 2856 2950 2912 denarius
2981 2853 3050 2908 sit
3094 2849 3386 2922 perfectus.

1826 2960 2095 3028 Quoniam
2132 2959 2304 3028 igitur
2353 2952 2596 3023 Spiritus
2648 2958 2868 3004 sanctus
2905 2946 3110 3000 ideirco
3142 2943 3396 2999 demitte-

166 3052 438 3106 ἐπὶτοῦτο
472 3053 898 3123 κατερχόμενον,
935 3050 1022 3103 ἵνα
1073 3050 1168 3102 καὶ
1206 3049 1332 3112 τοὺς
1364 3045 1577 3110 ἀτελεῖς
1619 3062 1722 3114 μα-

1840 3059 2008 3114 )atur,
2068 3057 2127 3102 ut
2172 3041 2523 3113 imperfectos
2578 3037 2757 3093 adhuc
2795 3034 3094 3103 discipulos
3124 3031 3398 3102 perfectos

165 3145 316 3213 θητάς
371 3145 623 3209 τελείους
692 3145 1118 3213 ἀπεργάσηται,
1179 3143 1372 3194 τούτου
1436 3141 1597 3211 χάριν
1662 3140 1720 3191 ὲν

165 3235 362 3305 ἀριθμῷ
397 3235 614 3316 τελείῳ,
650 3237 931 3288 τουτέστιν
979 3235 1036 3287 ὲν
1091 3234 1274 3303 ἡμέρᾳ
1333 3233 1556 3304 δεκάτῃ,
1583 3230 1723 3299 πρὸς

135 3327 345 3390 αὐτοὺς
390 3326 775 3397 ὲπεφοίτησεν.
806 3327 931 3379 Ὅτι
989 3327 1046 3380 δὲ
1103 3325 1346 3388 τελείους
1397 3323 1566 3388 ἔδειξε
1596 3325 1724 3384 τοὺς

166 3421 358 3484 ἀτελεῖς
412 3420 685 3492 μαθητὰς,
715 3423 742 3474 ό
777 3422 1073 3490 κορυφαῖος
1110 3401 1314 3489 Πέτρος
1363 3417 1520 3471 τοῦτο
1557 3417 1727 3487 παρέ-

171 3527 372 3580 στησεν,
415 3511 560 3580 Ὅρα
595 3512 703 3580 γὰρ
733 3510 1001 3580 νουνεχῶς
1029 3511 1109 3563 ὅτι
1151 3509 1412 3580 παιδίσκῃ
1442 3509 1550 3562 τινὶ
1598 3507 1731 3577 πρό-

169 3620 310 3672 τερον
339 3605 539 3674 οἰκτρᾷ
573 3601 830 3672 θροηθεὶς
863 3604 954 3655 τὸν
984 3601 1304 3656 διδάσκαλον
1341 3601 1524 3672 τρίτον
1557 3601 1730 3671 ἠρνή-

171 3714 306 3759 σατο,
335 3697 414 3766 τῷ
450 3694 702 3762 παναγίῳ
733 3695 790 3748 δὲ
835 3694 1122 3764 Πνεῦματι
1170 3693 1477 3765 στομωθεὶς
1503 3693 1733 3764 ὕστερον

175 3792 300 3858 μετά
327 3790 642 3862 παρρησίας
680 3791 760 3844 ὅτι
791 3789 992 3860 πολλῆς
1024 3792 1356 3863 ἐδημηγόρει
1378 3795 1541 3862 μέσον
1573 3793 1728 3858 λαοῦ,

173 3884 462 3938 κάντεῦθεν
496 3882 715 3936 ἔπειθεν
764 3882 1012 3946 ἅπαντας
1060 3882 1458 3948 ἁνενδοιάστως
1497 3887 1736 3957 προσέρ-

175 3974 353 4042 χεσθαι
380 3974 460 4044 τῷ
492 3974 736 4043 Χριστῷ.

238 4066 366 4119 Μεθ’
390 4066 608 4137 ἡμέρας
636 4065 760 4128 οὖν,
792 4066 863 4129 ὡς
895 4065 1143 4137 εἴρηται,
1177 4067 1517 4137 πεντήκοντα
1545 4067 1647 4138 τῆς
1679 4069 1742 4122 ἐκ

178 4160 374 4227 νεκρῶν
402 4159 681 4228 ἐγέρσεως
705 4155 801 4210 τοῦ
833 4159 1070 4227 Χριστοῦ
1097 4161 1128 4229 ἡ
1155 4159 1248 4211 τοῦ
1277 4160 1545 4228 παναγίου
1577 4160 1746 4214 Πνεύ-

184 4267 338 4317 ματος
390 4249 604 4317 γίνεται
656 4249 901 4312 κάθοδος.
958 4251 1115 4313 Τίνος
1166 4251 1386 4318 ἓνεκεν;
1422 4252 1544 4305 Ὀτι
1577 4254 1672 4306 καὶ
1718 4254 1746 4305 6

183 4343 396 4405 παλαιὸς
432 4343 596 4410 νόμος
629 4341 689 4393 ἐν
721 4343 904 4412 ἡμέρα
941 4346 1280 4413 πεντηκοστῇ
1315 4341 1451 4396 Θεοῦ
1486 4345 1743 4413 φανέντος

182 4434 388 4489 ἐδίδοτο.
446 4434 601 4487 Κατά
654 4433 763 4502 γὰρ
817 4435 906 4487 τὸν
959 4436 1385 4507 χρυσορῤήμονα
1445 4435 1540 4488 καὶ
1596 4435 1740 4489 θεῖον

193 4526 469 4596 Ἰωάννην,
505 4523 704 4594 μᾶλλον
731 4524 788 4576 δὲ
817 4523 958 4576 κατὰ
988 4524 1087 4592 τὴν
1114 4525 1209 4576 τοῦ
1245 4524 1472 4577 θεόπτου
1502 4525 1745 4587 Μωσέως

187 4619 437 4687 ἱστορίαν,
483 4617 828 4685 ⁴ιτεντιεμιοντοι
868 4616 1079 4684 διῆλθον
1120 4617 1323 4686 ἡμέραι
1373 4618 1511 4688 μετὰ
1547 4618 1648 4687 τὴν
1687 4617 1747 4680 ἐξ

186 4711 458 4776 Αἰγύπτου
495 4709 600 4762 τῶν
636 4708 904 4762 Ἰουδαίων
941 4708 1141 4771 ἔξοδον,
1182 4711 1276 4762 καὶ
1309 4709 1612 4777 τηνικαῦτα
1646 4711 1746 4772 τάς

189 4801 582 4872 θιοχαρὰκτους
611 4803 638 4854 ὁ
668 4801 869 4871 Μωσῆς
901 4801 1110 4861 πλάκας
1142 4799 1354 4854 ἔλαϐεν.
1390 4802 1452 4854 Εἰ
1479 4801 1658 4854 τοίνυν
1689 4802 1746 4854 ὲν

187 4894 414 4964 ἡμέραις
458 4893 791 4962 πεντήκοντα
831 4895 858 4944 ό
903 4891 1129 4954 παλαιὸς
1174 4891 1370 4944 ἐδίδοτο
1417 4892 1603 4962 νόμος,
1644 4893 1751 4945 έδει

190 4983 400 5046 πάντως
446 4983 565 5036 κατ’
591 4983 807 5050 εκείνην
853 4981 949 5052 τὴν
993 4981 1205 5051 ἡμέραν
1245 4980 1467 5049 δοθῆναι
1514 4981 1611 5034 καὶ
1653 4980 1749 5050 τὴν

192 5073 278 5126 τοῦ
313 5076 576 5142 παναγίου
613 5074 928 5141 Πνεύματος
962 5073 1123 5144 χάριν
1146 5113 1160 5138 ,
1192 5072 1264 5136 ὡς
1297 5073 1548 5127 ἐντεῦθεν
1569 5113 1583 5139 ,
1615 5074 1754 5142 ἀγα-

194 5168 346 5234 πητὲ,
375 5169 517 5220 κατά
542 5183 605 5233 γε
632 5166 729 5236 τὴν
755 5166 994 5219 Παλαιὰν
1023 5166 1115 5217 καὶ
1143 5166 1240 5234 τὴν
1264 5165 1424 5232 Νέαν,
1456 5167 1757 5235 ἀδιαίρετον

198 5259 466 5330 δειχθῆναι
491 5261 585 5331 τὴν
611 5260 774 5331 φύσιν
799 5261 896 5330 τῆς
925 5259 1195 5327 θεότητος,
1223 5261 1316 5312 καὶ
1338 5261 1419 5313 ὅτι
1443 5260 1502 5311 τὸ
1531 5259 1760 5328 Πνεῦμα

200 5351 255 5402 τδ
286 5352 436 5417 ἄτιον
471 5352 775 5419 Ιἐνομοθέτει
804 5353 898 5404 καὶ
927 5353 1048 5404 τότε
1086 5353 1178 5403 καὶ
1211 5351 1328 5406 νῦν.

267 5444 372 5494 Καὶ
396 5442 660 5512 ὤφθησαν
683 5443 862 5506 αὐτοῖς
889 5442 1342 5512 διαμεριζόμεναι
1366 5443 1603 5510 γλῶσσαι
1629 5441 1763 5495 ὡσεὶ

212 5536 387 5616 πυρός.
426 5536 523 5588 Διὰ
557 5536 607 5588 τί
641 5533 915 5601 γλῶσσαι;
955 5534 1144 5606 ἐπειδὴ
1181 5534 1534 5605 κηρύγματος
1571 5534 1724 5604 χρεία
1747 5576 1759 5598 ,

265 5717 487 5774 "Hebr.
528 5722 712 5788 tx,‘;’.I.
793 5721 831 5752 ⁸⁷
870 5721 986 5776 Act.
1039 5720 1172 5785 11,5.

1822 3141 2087 3204 ediceret,
2117 3153 2180 3192 ea
2210 3136 2277 3189 de
2307 3147 2471 3189 causa
2501 3131 2554 3185 in
2584 3128 2830 3200 perfecto
2861 3141 3080 3196 quoque
3121 3137 3353 3179 numero
3378 3161 3395 3182 .

1825 3233 2040 3291 decimo
2099 3229 2359 3285 nimirum
2402 3224 2514 3289 die,
2544 3236 2710 3291 super
2746 3234 2843 3274 eos
2891 3214 3194 3272 descendit.
3241 3213 3397 3278 Quod

1828 3333 2015 3380 autem
2045 3337 2109 3376 ex
2143 3315 2479 3387 imperfectis
2501 3309 2788 3380 discipulis
2818 3308 3088 3378 perfectos
3111 3305 3354 3360 effecerit
3381 3345 3394 3365 ,

1830 3428 2079 3471 summus
2129 3410 2221 3466 ille
2267 3409 2464 3463 Petrus
2515 3403 2650 3458 satis
2694 3399 2957 3454 ostendit.
2990 3396 3125 3451 Nam
3165 3395 3209 3450 si
3253 3395 3400 3448 hunc

1833 3507 2130 3577 diligenter
2172 3499 2445 3569 inspicere
2500 3495 2674 3556 voles,
2713 3491 2930 3546 videbis
2956 3490 3108 3544 illum
3139 3504 3168 3543 a
3201 3487 3399 3542 misera

1835 3599 2085 3657 territum
2121 3590 2404 3649 ancillula
2459 3587 2778 3656 magistrum
2830 3597 2990 3638 suum
3031 3591 3112 3636 ter
3152 3595 3402 3650 negasse.

1837 3691 2110 3756 Deinceps
2146 3699 2280 3738 vero
2319 3679 2676 3736 conﬁrmatus
2727 3691 2756 3729 a
2801 3683 2991 3729 sancto
3043 3673 3248 3742 Spiritu
3291 3687 3406 3726 ma.

1842 3781 1985 3837 sima
2012 3791 2135 3832 cum
2170 3771 2370 3827 fiducia
2393 3779 2447 3824 et
2475 3767 2586 3822 oris
2624 3766 2879 3820 libertate
2909 3765 3088 3818 medio
3121 3764 3173 3819 in
3206 3765 3405 3832 pepuln
3444 3813 3448 3816 .

1839 3870 2152 3945 perorabat,
2205 3861 2577 3930 omnibusque
2611 3857 2979 3929 persuadebat
3026 3865 3087 3910 ut
3135 3856 3409 3922 ad;Chri-

1842 3973 1986 4020 stum
2018 3959 2156 4015 citra
2175 3953 2572 4012 dubitationem
2607 3962 2821 4004 onmem
2851 3947 3198 4003 accederent.

1912 4051 2041 4106 Post
2065 4048 2208 4102 diem
2231 4058 2382 4114 ergo,
2406 4057 2506 4097 ceu
2531 4040 2794 4103 diximus,
2829 4036 3349 4109 quinquagesimum
3376 4051 3403 4088 a

1845 4143 2050 4203 Christi
2088 4141 2156 4197 de
2181 4135 2411 4194 mortuis
2441 4131 2888 4204 (resurrectione,
2939 4128 3180 4199 Spiritus
3233 4127 3410 4182 sancti
3461 4153 3474 4168 σ

1849 4239 2148 4293 descensus
2181 4228 2403 4286 accidit.
2434 4226 2800 4292 Quamobrem
2833 4222 3005 4278 illud?
3057 4222 3202 4288 Quia
3257 4229 3413 4274 vetus

1852 4332 2018 4387 etiam
2047 4327 2132 4380 lex
2167 4319 2625 4391 quinquagesimo
2649 4317 2737 4371 die
2768 4323 2892 4385 post
2941 4313 3037 4368 Dei
3094 4311 3418 4383 patefactio-

1849 4437 1974 4478 nem
2009 4418 2133 4473 data
2169 4416 2371 4469 fuerat.
2405 4409 2542 4466 Nam
2570 4416 2630 4465 ut
2659 4408 2883 4463 divinus
2912 4406 3004 4459 ille
3057 4405 3142 4458 vir
3173 4403 3414 4458 Joannes

1849 4515 2275 4584 Chrysostomus
2314 4503 2557 4584 scripsit,
2607 4500 2694 4554 vel
2722 4500 2906 4569 potius
2955 4506 3095 4552 teste
3123 4495 3288 4549 Mosis
3323 4495 3414 4548 Dei

1852 4602 2177 4674 spectatoris
2209 4599 2461 4655 historia.
2492 4595 2613 4649 dies
2667 4594 2735 4648 ab
2763 4591 2918 4646 exitu
2951 4586 3304 4642 Hebraeorum
3352 4601 3417 4639 ex

1852 4701 2088 4772 Aigypto
2121 4695 2190 4751 50
2221 4692 2393 4763 elapsi
2427 4697 2610 4754 erant,
2642 4701 2766 4740 cum
2798 4679 3134 4754 perscriptas
3154 4678 3418 4732 divinitus

1856 4765 2070 4845 tabulas
2093 4788 2275 4841 Moses
2303 4781 2536 4850 accepit.
2569 4776 2752 4843 Quare
2776 4773 2820 4830 si
2862 4771 3040 4841 prisca
3065 4769 3152 4824 lex
3187 4767 3275 4842 illa
3296 4765 3419 4820 data

1857 4883 1963 4940 fuit
1996 4880 2140 4935 intra
2175 4877 2322 4931 diem
2368 4867 2915 4942 quinquagesimum,
2967 4859 3261 4931 Oportebat
3305 4873 3422 4910 om-

1860 4978 1989 5033 niuo
2025 4973 2215 5028 eadem
2245 4969 2334 5024 die
2363 4966 2540 5022 sancti
2563 4963 2727 5017 etiam
2757 4957 2998 5027 Spiritus
3023 4953 3258 5024 gratiam
3280 4949 3424 5003 dari.

1858 5069 1934 5123 De
1967 5081 2098 5137 quo.
2129 5063 2204 5119 fili
2236 5061 2456 5123 dilecte,
2517 5053 2698 5125 colligi
2731 5058 2908 5122 potest
2971 5057 3082 5103 tam
3141 5043 3198 5098 in
3248 5042 3429 5112 prisco

1859 5133 2024 5228 quam
2056 5171 2198 5211 novo
2233 5152 2443 5208 foedere
2473 5147 2638 5202 nobis
2671 5142 2912 5206 ostendi,
2942 5137 3091 5210 quod
3125 5145 3326 5190 natura
3347 5133 3429 5186 di-

1859 5222 2105 5306 vinitatis
2137 5244 2372 5301 indivisa
2403 5240 2497 5306 sit,
2527 5244 2862 5304 sanctusque
2918 5227 3160 5302 Spiritus
3219 5234 3328 5280 tam
3376 5222 3427 5276 id

1865 5340 2128 5411 temporis
2153 5349 2317 5407 quam
2349 5331 2511 5386 modo
2539 5330 2714 5399 legem
2753 5321 3084 5395 promulget.

1933 5403 2255 5500 conspecta:
2284 5434 2414 5480 sunt
2444 5430 2630 5477 autem
2659 5421 2714 5474 in
2743 5413 3005 5487 apostolis
3039 5410 3239 5478 lingua:
3280 5403 3432 5458 velut

1869 5531 2038 5597 igneae
2081 5499 2382 5588 dispertita:
2407 5513 2474 5568 ⁸⁷.
2505 5509 2636 5576 Cur,
2668 5507 2923 5566 obsecro,
2977 5499 3173 5566 lingua:
3199 5506 3430 5561 conspe-
