3794 6226
391 230 493 285 437

1662 238 1711 295 Μ
1729 238 1963 296 ICHAEJ

2114 238 2367 333 quem
3034 312 3037 315 η
3520 239 3607 299 4-23

392 347 494 395 clm
527 341 691 395 sunt?
730 342 866 408 Quia
901 343 1288 412 przt-dicatione
1321 360 1461 416 opus
1494 356 1636 410 erat,
1674 357 1811 403 etut
1838 348 1951 418 ipsa

2074 352 2154 404 ιαὶ
2200 352 2286 404 ἶνα
2321 353 2381 402 τὸ
2422 351 2609 420 σχῆμα
2644 348 2742 419 τὴν
2775 348 3063 419 ἐνέργειαν
3099 346 3408 419 ἐρμηνεΰσῃ
3430 388 3444 407 ,
3484 351 3611 403 κιθὰ

397 433 568 502 ﬁgura
596 435 902 490 declararet
940 435 1311 498 ell'eetionem.
1359 439 1823 509 quemadmodum
1858 456 1960 493 au-

394 541 524 579 reus
555 527 649 580 ille
676 536 860 582 noster
894 537 1085 582 orator
1142 530 1346 599 inquit.
1396 530 1613 601 Quippe
1656 531 1958 601 piscatores

392 626 550 671 erant
581 617 841 683 apostoli,
872 625 928 673 et
951 619 1001 674 vi
1023 620 1288 675 orationis
1311 619 1391 681 ad,
1410 610 1815 691 praedicandum
1837 638 1962 692 ege-

338 764 349 771 ,
394 708 544 759 bant.
578 707 908 778 Dispertitas
937 720 1123 766 autem
1174 713 1344 767 fuisse
1403 712 1559 779 dicit,
1606 713 1755 782 quod
1820 713 1961 784 ignis

394 796 684 853 uniformis
707 798 878 855 dividi
902 802 1184 858 videretur
1207 819 1271 860 ac
1293 805 1347 859 in
1369 804 1651 875 apostolos
1677 805 1959 862 distribui.

390 887 458 939 Et
492 888 634 956 ignis
656 889 747 947 ille
781 908 891 948 non
920 893 1037 964 ipse
1064 894 1304 966 Spiritus
1318 906 1464 964 erat,
1491 896 1587 951 sed
1611 896 1693 951 vis
1711 895 1960 966 quaadam

392 979 648 1049 Spiritus.
682 984 858 1054 Atque
892 986 974 1041 lue
1003 987 1201 1058 linguae
1235 1004 1345 1042 non
1377 988 1435 1043 in
1475 1002 1669 1044 eorum
1700 1004 1797 1044 ora
1843 988 1965 1044 fue-

393 1080 520 1126 runt
544 1073 827 1151 immissae,
862 1079 954 1131 sed
986 1078 1261 1147 capitibus
1311 1079 1639 1135 insidebant.
1678 1080 1814 1135 Nam
1863 1082 1965 1135 ltoc

391 1166 554 1219 modo
591 1170 824 1236 apostoli
859 1169 1351 1237 conﬁrmabantur,
1400 1181 1455 1227 et
1483 1171 1966 1228 constituebantur

392 1261 548 1328 quasi
582 1261 804 1331 quidam
827 1265 1015 1318 mundi
1049 1264 1328 1335 principes
1357 1276 1416 1321 et
1474 1281 1775 1336 prmcones.
1826 1266 1963 1321 Nam

393 1352 549 1408 vides
576 1353 853 1424 hodieque
886 1371 1094 1412 morem
1125 1357 1279 1411 illum
1309 1356 1586 1421 obtinere,
1631 1366 1694 1413 ut
1749 1358 1968 1427 pontiﬁ—

396 1444 901 1502 eis.coniirmandi
963 1448 1133 1518 capiti
1196 1448 1552 1516 Evangelitun
1615 1449 1964 1517 imponatur;

394 1537 542 1605 quod
581 1538 673 1594 ubi
698 1539 864 1594 fuerit
892 1540 1233 1609 impositum,
1272 1540 1410 1595 nihil
1455 1549 1540 1595 est
1576 1541 1762 1596 videre
1818 1540 1965 1595 aliud

397 1641 561 1695 quam
592 1629 756 1699 capiti
789 1630 1031 1699 linguam
1064 1630 1226 1685 talem
1258 1629 1688 1684 incumbentem.
1736 1629 1792 1683 In
1825 1629 1968 1699 ignis

2062 459 2227 509 φησιν
2258 444 2285 494 ὀ
2318 443 2416 512 τὴν
2449 441 2694 509 γλῶτταν
2727 440 3000 511 Χρυσοῦς.
3043 441 3241 504 ’Δλιείς
3274 441 3382 508 γάρ
3415 436 3544 510 ἦσαν
3572 445 3612 494 οἱ

2062 534 2374 600 ἀπόστολοι,
2403 534 2498 587 καὶ
2531 534 2666 602 πρὸς
2693 534 2753 588 τὸ
2777 535 3043 604 κήρυγμα
3072 532 3233 600 λόγου
3265 532 3492 585 ἐδέοντο.
3519 535 3614 586 Me-

2064 623 2351 694 ριξόμεναι
2395 626 2451 679 δέ
2497 621 2687 688 εἶπεν,
2732 627 2813 679 ὅτι
2863 625 2974 695 πῦρ
3018 625 3191 695 ἐφάνη
3239 623 3615 691 κατερχόμενον

2068 719 2356 784 μονοειδὲς,
2384 714 2504 773 εἶτα
2528 722 2639 779 τοῖς
2667 719 2985 779 ἀποστόλοις
3012 715 3315 788 ἐμερίζετο.
3346 716 3421 768 Τὸ
3444 717 3498 769 δέ
3524 716 3616 784 πῦρ

2066 810 2241 862 ἐκεῖνο
2270 811 2369 862 οὐκ
2401 809 2529 863 αὐτὸ
2561 806 2629 881 ἦν
2658 811 2720 863 τὸ
2752 809 3006 879 Πνεῦμα,
3039 809 3176 862 ἀλλὰ
3206 807 3434 875 δύναμις
3468 807 3618 860 Ilvati-

2071 917 2258 970 ματος.
2296 901 2410 955 Οὐκ
2452 904 2508 954 ἐν
2542 902 2618 971 τῷ
2659 902 2892 970 στόματι
2930 900 2987 954 δὲ
3027 898 3210 953 αὐτῶν
3241 898 3543 969 ἐϐλήθησαν
3570 899 3618 950 αἱ

2066 991 2332 1059 γλῶσσαι,
2365 991 2482 1044 ἀλλ’
2507 994 2601 1046 ἐπὶ
2631 994 2875 1062 κεφαλῆς
2908 989 3172 1045 ἐκάθισαν
3197 1006 3211 1021 ·
3247 989 3503 1059 ἄρχοντες
3529 989 3623 1059 γὰρ

2067 1082 2170 1152 τῆς
2215 1084 2546 1154 οἰκουμένης
2591 1083 3027 1156 ἐχειροτονοῦντο
3071 1084 3165 1137 καέι
3210 1082 3472 1153 κήρυκες.
3496 1082 3624 1153 Ὅρα

2066 1174 2173 1243 γάρ
2205 1175 2287 1228 ὅτι
2319 1177 2414 1228 καὶ
2442 1176 2552 1240 ἓως
2581 1178 2705 1248 ἀρτι
2733 1177 2895 1230 τοῦτο
2926 1177 3157 1246 κρατεῖ·
3194 1175 3498 1235 ἐπιτίθεται
3527 1175 3621 1246 γάρ

2066 1267 2131 1335 τῇ
2168 1266 2377 1336 κεφαλῇ
2409 1266 2506 1320 τοῦ
2541 1268 2828 1337 μέλλοντος
2860 1267 3310 1339 χειροτονηθῆναι
3344 1266 3624 1336 ἀρχιερέως

2068 1358 2128 1406 τὸ
2161 1358 2511 1427 Εὐαγγέλιον,
2562 1362 2658 1413 καὶ
2698 1360 2829 1414 ὅταν
2873 1360 3125 1430 ἐπιτεθῇ,
3167 1361 3287 1413 οὐδὲ
3332 1359 3457 1412 ἄλλο
3492 1359 3626 1411 ἔστιν

2073 1450 2201 1503 ἰδεῖν
2246 1452 2279 1516 ἢ
2327 1450 2579 1519 γλῶσσαν
2622 1451 3123 1522 προσεπικειμένην
3163 1453 3233 1520 τῇ
3284 1452 3510 1521 κεφαλῇ.
3544 1450 3625 1502 Ἐν

2070 1542 2199 1595 εῖδει
2231 1543 2289 1595 δέ
2327 1544 2496 1613 πυρὸς
2527 1545 2615 1598 διὰ
2643 1545 2736 1598 τὸν
2765 1544 3013 1598 εἰπόντα·
3054 1562 3074 1596 ι
3105 1542 3222 1613 Πῦρ
3255 1538 3417 1613 ἦλθον
3446 1544 3520 1605 εἰς
3543 1543 3626 1593 τὶν

2073 1634 2281 1702 κόσμον
2312 1634 2494 1704 βαλεῖν
2531 1655 2548 1687 ι
2585 1636 2747 1707 χάριν
2777 1637 2884 1689 τῶν
2913 1635 3329 1706 ὑλομανούντων
3361 1634 3558 1687 παθῶν.
3646 1692 3664 1703 _

391 1733 577 1778 autent
606 1722 781 1777 forma
813 1732 1142 1794 conspectus
1198 1731 1283 1777 est
1311 1720 1549 1792 Spiritus
1585 1731 1810 1791 propter
1849 1721 2000 1775 illum
2040 1723 2132 1791 qui
2169 1723 2342 1781 dixit:
2388 1744 2409 1779 «
2438 1727 2623 1797 Ignem
2673 1728 2729 1782 in
2762 1726 3033 1782 mundum
3059 1726 3410 1782 imtnissurus
3458 1724 3620 1788 veni,»
3684 1735 3689 1738 '

392 1828 617 1885 propter
643 1814 1019 1871 cxcrescentia
1048 1815 1258 1871 scilicet
1290 1814 1564 1884 quasique
1614 1814 1961 1871 silvescentia
2001 1813 2233 1891 ningium
2260 1816 2413 1872 vitia.
2899 1871 2902 1876 .

465 1906 619 1963 Sedit
671 1919 854 1964 autem
889 1909 945 1978 in
974 1925 1170 1965 eorum
1203 1909 1473 1978 quolibet.
1507 1906 1768 1978 ρυέείιιιίε
1807 1908 1963 1978 226

2144 1908 2253 1961 Καὶ
2290 1909 2545 1963 ἐκάθισεν
2580 1912 2666 1980 ἐφ’
2692 1910 2790 1964 ἕνα
2824 1910 3060 1965 ἕκαστον
3093 1910 3299 1965 αὐτῶν.
3336 1910 3451 1972 Πᾶς
3488 1903 3571 1965 οὖν
3599 1909 3626 1960 ό

391 1999 562 2070 igitur
592 1998 684 2054 Dei
718 1999 1087 2055 ministerium
1112 1998 1254 2060 obit,
1294 1997 1528 2050 thronus
1556 2006 1727 2064 atque
1767 1996 1964 2049 solium

350 2122 353 2125 ν
393 2090 488 2146 Dei
521 2099 624 2147 est.
672 2091 805 2147 Nam
837 2105 902 2147 ea
952 2089 1019 2145 de
1050 2105 1212 2146 causa
1242 2087 1448 2144 dicitur
1470 2084 1738 2156 Spiritum
1786 2086 1841 2141 in
1887 2085 1969 2141 eis

394 2184 730 2243 consedisse.

465 2280 642 2349 Atque
666 2280 772 2335 hoc
815 2279 979 2335 modo
1032 2277 1224 2348 repleti
1277 2275 1498 2330 fuerunt
1549 2288 1740 2328 omnes
1778 2282 1969 2327 sancto

397 2373 630 2443 Spiritu,
681 2360 1081 2443 cmperuntque
1136 2371 1287 2439 loqui
1342 2368 1547 2437 linguis
1609 2366 1754 2426 aliis,
1808 2373 1969 2434 prout

396 2466 637 2533 Spiritus
676 2466 765 2521 ille
805 2464 972 2520 dabat
1015 2464 1097 2519 eis
1142 2463 1311 2532 loqui.
1372 2461 1669 2530 Propterea
1713 2457 1970 2512 dicebant

392 2569 640 2614 astantes
670 2574 687 2615 :
724 2558 952 2615 «Annon
977 2571 1108 2612 ecce
1137 2570 1334 2611 omnes
1368 2555 1483 2615 isti.
1513 2553 1607 2623 qui
1642 2553 1965 2622 ioquuntur,

389 2650 599 2708 Galiltei
632 2650 800 2705 sunt?
856 2647 1134 2719 quomodo
1194 2647 1361 2717 igitur
1394 2659 1502 2700 nos
1557 2645 1814 2705 audimus
1873 2660 1968 2701 eos

391 2761 491 2801 sua
528 2744 764 2814 quisque
792 2743 1001 2811 lingua,
1054 2743 1109 2794 in
1157 2756 1263 2810 qua
1310 2739 1421 2793 nati
1454 2754 1663 2803 sumus,
1696 2738 1880 2793 Parthi
1908 2748 1964 2793 et

390 2836 536 2891 Medi
574 2846 632 2891 et
681 2835 934 2891 Eiamitze
962 2844 1020 2889 et
1075 2831 1367 2888 cmteri‘“?
1400 2850 1419 2882 ι
1476 2830 1798 2895 Quindecim
1838 2817 1975 2885 vero

391 2929 701 2998 linguarum
736 2926 883 2982 «luna
925 2935 1055 2981 tunc
1083 2935 1421 2993 acceperunt
1465 2924 1722 2990 apostoli,
1774 2938 1969 2993 quem-

322 3028 329 3035 ‘
391 3021 686 3077 admodum
719 3020 1148 3091 Cbrysostomus
1182 3019 1363 3088 inquit
1387 3059 1402 3080 ,
1453 3017 1522 3072 ad
1553 3033 1710 3071 usum
1745 3018 1965 3071 illorqu

391 3114 487 3183 qui
516 3122 817 3184 praesentes
851 3122 1030 3168 erant.
1056 3110 1197 3178 Quid
1216 3112 1365 3166 enim
1393 3125 1534 3181 Opus
1567 3098 1761 3164 fuisset
1780 3109 1965 3179 lingua

389 3209 608 3265 Persica
632 3208 713 3263 vel
740 3208 884 3273 aliis,
941 3223 1052 3263 non
1082 3206 1456 3277 praesentibus
1513 3204 1581 3259 iis
1609 3204 1705 3273 qui
1738 3211 1961 3258 uteren-

391 3310 482 3355 tur
496 3301 519 3354 ?
533 3300 600 3355 Et
621 3301 842 3359 luerunt
859 3300 1086 3355 omnino
1107 3299 1305 3368 lingua:
1321 3298 1633 3369 quindecim
1656 3306 1965 3366 propterea,

391 3403 453 3446 ut
484 3392 615 3447 hinc
667 3393 1069 3461 intelligeretur
1105 3400 1471 3445 sacrosanctae
1528 3389 1818 3443 Trinitatis
1854 3386 1970 3442 etii-

391 3484 597 3539 cacitas
630 3500 756 3538 cum
791 3483 1066 3539 ministris
1091 3482 1384 3537 duodecim
1425 3483 1739 3553 conjuncta.
1771 3480 1967 3535 Videre

394 3591 508 3633 tum
534 3588 653 3632 erat
684 3577 926 3641 Petrum,
955 3577 1048 3647 qui
1078 3576 1333 3631 Galilazus
1359 3584 1525 3641 esset,
1574 3576 1819 3631 Romana
1860 3573 1971 3628 lin-

394 3682 503 3737 gua
530 3675 798 3733 utentem,
826 3683 990 3738 quam
1032 3682 1316 3735 nunquam
1355 3678 1517 3722 antea
1550 3666 1814 3721 discendo
1843 3681 1968 3735 per-

393 3756 654 3828 cepisset.
688 3755 991 3827 itidemque
1023 3758 1267 3829 singulos
1314 3757 1652 3827 reliquorum
1703 3757 1965 3827 peculiari

392 3849 628 3919 quadam
660 3851 844 3921 lingua
878 3850 1187 3920 loquentes.
1220 3850 1334 3906 Hoc
1360 3850 1511 3905 enim
1543 3850 1787 3921 Spiritus
1836 3865 1968 3904 san-

392 3949 519 3996 ctus
542 3941 809 4012 singulari
840 3934 1087 4009 quodam
1122 3942 1360 3997 consilio
1397 3942 1480 3997 sic
1534 3940 1965 4005 administrarit,

393 4048 462 4087 ne
490 4048 598 4102 qua
623 4034 767 4088 inter
794 4033 1076 4103 apostolus
1123 4043 1271 4088 esset
1321 4049 1386 4088 ea
1442 4034 1510 4088 de
1566 4050 1627 4089 re
1657 4033 1962 4100 discordia,

393 4139 505 4193 quo
537 4123 754 4177 scilicet
809 4124 1109 4192 unicuique
1142 4125 1462 4179 abeundum
1486 4120 1675 4182 ’ἴοι-ει.
1728 4125 1973 4196 Ideoque

394 4212 633 4281 singulis
656 4227 754 4266 sua
790 4213 844 4265 in
877 4212 1065 4282 lingua
1092 4214 1220 4270 data
1247 4224 1331 4270 est
1356 4218 1602 4286 quaedam
1648 4222 1803 4288 quasi
1840 4238 1968 4277 nor-

400 4319 486 4357 ma
524 4316 581 4359 et
614 4304 819 4375 regula.
850 4304 1017 4360 Verbi
1040 4309 1234 4377 gratia,
1261 4308 1511 4364 Romana
1543 4313 1716 4366 uteris
1737 4312 1921 4383 lingua
1950 4334 1963 4369 :

399 4394 626 4450 Romam
660 4396 828 4465 igitur
860 4395 1032 4451 abito.
1092 4397 1312 4453 Persice
1349 4398 1594 4468 loqueris
1627 4418 1642 4455 :
1678 4402 1746 4456 ad
1777 4404 1967 4460 Persas

397 4489 786 4559 proﬁciscitor.
813 4488 966 4546 Hane
994 4490 1163 4561 igitur
1196 4491 1254 4546 iu
1295 4501 1446 4547 certa
1477 4492 1665 4563 lingua
1723 4497 1964 4564 regulum

2069 2001 2334 2055 διακονῶν
2376 2002 2456 2091 τῷ
2499 2003 2620 2074 Θεῷ
2664 2003 2853 2074 θρόνος
2895 2005 3012 2058 ἐστὶ
3047 2003 3142 2057 τοῦ
3187 2004 3326 2057 Θεοῦ
3352 2020 3370 2036 ο
3408 2004 3492 2056 διὰ
3529 2005 3626 2072 γὰρ

2070 2094 2228 2148 τοῦτο
2258 2096 2354 2148 καὶ
2385 2097 2638 2152 ἐκάθισεν
2666 2093 2810 2159 εἶπε.

2142 2284 2254 2339 Kal
2296 2283 2648 2354 ἐπλήσθησαν
2689 2283 2930 2346 ἅπαντες
2974 2279 3294 2354 Πνεύματος
3338 2282 3508 2351 ἀγξου,
3545 2281 3625 2335 καὶ

2072 2376 2307 2449 ἤρξαντο
2333 2376 2516 2429 λαλεῖν
2544 2376 2757 2446 ἑτέραις
2787 2375 3084 2445 γλώσσαις,
3117 2373 3302 2437 καθὼς
3331 2374 3391 2428 τὸ
3424 2375 3624 2442 Πνεῦμα

2074 2468 2244 2521 ἐδίδου
2283 2468 2467 2529 αὐτοῖς
2505 2466 2976 2536 ἀποφθέγγεσθαι.
3017 2467 3134 2534 Ἐφ’
3250 2467 3347 2519 καὶ
3383 2467 3433 2519 oi
3472 2483 3625 2533 παρεο

2073 2559 2275 2622 στῶτες
2298 2558 2505 2625 ἔλεγον·
2543 2558 2683 2612 «Οὐκ
2707 2559 2815 2612 ἰδοῦ
2856 2559 3059 2619 πάντες
3094 2559 3145 2611 οἱ
3167 2557 3463 2620 λαλοῦντες
3483 2557 3625 2611 Γαλι-

2071 2655 2211 2706 λαῖοι
2248 2646 2397 2708 οὗτοί
2439 2655 2578 2717 εἰσι;
2619 2653 2717 2704 καὶ
2757 2651 2875 2714 πῶς
2914 2652 3077 2721 ἡμεῖς
3114 2650 3387 2719 ἀκούομεν
3419 2651 3627 2714 ἕκαστος

2069 2749 2135 2816 τῇ
2168 2745 2273 2816 ὶδιᾳ.
2296 2745 2456 2815 ἡμῶν
2482 2744 2770 2813 διαλέκτῳ,
2800 2742 3009 2812 Πάρθοι
3040 2743 3135 2795 καὶ
3162 2740 3337 2811 Μῆδοι
3350 2743 3462 2805 ,καὶ
3490 2742 3626 2794 Ἐλα-

2072 2840 2228 2909 μῖται
2250 2839 2342 2890 καὶ
2363 2839 2412 2891 oi
2430 2837 2606 2890 λοιποί
2627 2854 2673 2903 ;ι
2712 2834 2773 2889 ιε³
2796 2836 2854 2889 δὲ
2883 2834 3145 2904 γλωσσῶν
3171 2833 3307 2897 τέως
3337 2833 3524 2886 ἐλαεον
3547 2851 3606 2902 χα

2077 2931 2318 3000 ρίσματα
2336 2967 2352 2991 ,
2381 2928 2526 2982 καθά
2552 2945 2718 2997 φησιν
2748 2928 2776 2979 ὀ
2806 2927 2905 2998 τὴν
2934 2926 3181 2994 γλῶτταν
3209 2924 3491 2993 Χρυσοῦς,
3519 2927 3625 2978 ὅσον

2073 3022 2213 3093 πρὸς
2242 3020 2369 3084 τοὺς
2398 3020 2693 3090 παρόντας.
2714 3019 2825 3082 Τίς
2860 3018 2970 3089 γὰρ
3003 3013 3070 3089 ἧν
3103 3018 3136 3086 ἡ
3174 3019 3335 3088 χρεία
3368 3016 3625 3087 Περσικῆς

2073 3115 2318 3184 γλώττης
2352 3117 2426 3184 μὴ
2458 3114 2741 3184 παρόντων
2769 3112 3028 3183 Περσῶν;
3057 3109 3366 3165 Δεκαπέντε
3391 3112 3448 3164 δὲ
3476 3109 3626 3177 γλώσ-

2081 3225 2170 3275 σᾳι
2200 3208 2478 3276 ἐφάνησαν
2506 3207 2603 3260 καὶ
2630 3205 2716 3258 διὰ
2744 3205 2923 3267 τοῦτο,
2958 3205 3042 3257 ἵνα
3075 3204 3169 3255 καὶ
3201 3203 3515 3273 ἡςένέργεια
3542 3202 3623 3269 τῆς

2082 3299 2314 3370 Τριάδος
2348 3299 2487 3367 φανῇ
2522 3296 2617 3349 καὶ
2652 3295 2921 3364 ὑπηρέται
2952 3295 3001 3347 οἱ
3034 3292 3262 3348 δώδεκα.
3294 3293 3407 3347 Καὶ
3422 3288 3488 3363 ἦν
3517 3291 3624 3344 ἰδεῖν

2074 3393 2169 3445 τὸν
2196 3390 2477 3444 Γαλιλαῖον
2506 3388 2714 3458 Πέτρον
2751 3387 3052 3456 Ῥωμαϊστὶ
3080 3387 3369 3451 λαλοῦντα,
3393 3385 3623 3454 γλῶσσαν

2075 3484 2144 3554 ἣν
2172 3484 2272 3537 οὐκ
2302 3482 2506 3554 ἐμαθεν
2529 3521 2544 3545 ,
2576 3479 2767 3552 ὥσπερ
2794 3481 2857 3551 δὴ
2888 3483 2983 3534 καὶ
3010 3480 3108 3534 ἕνα
3137 3478 3369 3533 ἕκαστον
3397 3479 3505 3532 τῶν
3528 3476 3622 3529 λοι-

2077 3576 2197 3629 πῶν
2234 3574 2658 3644 ἰδίανηγλῶσσαν
2691 3572 2979 3629 λαλοῦντα.
3014 3574 3309 3642 Οἰκονομεί
3346 3569 3458 3640 γὰρ
3486 3568 3622 3622 τοῦτο

2075 3669 2135 3723 τὸ
2162 3668 2387 3740 Πνεῦμα
2411 3668 2472 3721 τὸ
2498 3669 2673 3735 ἅγιον,
2702 3667 2791 3720 ἵνα
2822 3667 2895 3737 μὴ
2925 3666 3114 3729 στάσις
3199 3667 3256 3718 ἐν
3279 3669 3393 3729 τοῖς
3420 3663 3624 3717 ἀποστό-

2076 3760 2188 3820 λοις
2222 3759 2352 3829 περὶ
2382 3757 2479 3812 τοῦ
2512 3759 2615 3812 ποῦ
2645 3759 2726 3813 δεῖ
2756 3758 2986 3812 ἕκαστον
3014 3758 3296 3812 ἀπελθεῖν.
3335 3749 3515 3825 Ἐφἰἷ)
3543 3754 3619 3806 καὶ

2074 3854 2278 3920 δίδοται
2312 3853 2531 3923 ἑκάστῳ
2569 3853 2676 3907 ἰδία
2708 3853 2933 3922 γλῶσσα
2965 3852 3156 3920 ὥσπερ
3187 3849 3385 3903 κανών.
3414 3849 3615 3916 Ἤγουν,

2087 3944 2387 4015 Ῥωμαϊστὶ
2411 3943 2625 4007 λαλεῖς;
2655 3941 2856 3998 ἄπελθε
2884 3944 2964 4006 εἰς
2989 3942 3087 4010 τὴν
3115 3940 3354 4009 Ῥώμην.
3386 3936 3618 4010 Περσιστὶ

2074 4038 2290 4105 λαλεῖς;
2323 4035 2524 4090 ἄπελθε
2559 4038 2636 4098 εἰς
2668 4036 2767 4104 τὴν
2797 4035 3059 4104 Περσίαν.
3093 4034 3206 4087 Kal
3237 4036 3295 4086 ἐν
3323 4035 3389 4102 τῇ
3426 4029 3616 4099 γλώσσῃ

2079 4130 2208 4199 μὲν,
2250 4127 2325 4191 ὡς
2367 4126 2613 4199 εἴρηται,
2654 4124 2847 4178 ἔλαϐον
2891 4127 2984 4176 τὸν
3022 4124 3225 4190 κανόνα
3252 4138 3267 4152 ο
3311 4119 3428 4175 ἀλλ’
3454 4115 3614 4183 ἐπειδὴ

2074 4226 2237 4277 πάλιν
2265 4221 2434 4291 ἐχρῆν
2464 4221 2660 4283 αὐτοὺς
2691 4217 3105 4288 ἀπερχομένους
3131 4218 3212 4279 εἰς
3245 4214 3468 4284 Ῥώμην
3493 4210 3616 4279 διέρο

2074 4314 2265 4387 χεεθαι
2298 4313 2386 4367 διὰ
2420 4312 2631 4365 πολλῶν
2664 4309 2833 4363 ἐθνῶν
2854 4349 2868 4372 ,
2902 4308 3210 4378 ἐλάμϐανον
3237 4305 3428 4377 ὥσπερ
3459 4317 3614 4370 παρα-

2075 4408 2305 4476 ϐοηθοὺς
2335 4407 2527 4475 ἐτέρας
2559 4403 2836 4481 γλώσσας,
2865 4402 2962 4473 τὴν
2993 4403 3219 4471 πρώτην
3250 4401 3372 4454 ἀντὶ
3401 4410 3612 4470 χειροτοο

2075 4498 2193 4559 νίας
2218 4497 2451 4567 ἔχοντες.
2474 4494 2802 4564 Εὐρὲσλεται
2826 4494 2934 4563 γὰρ
2956 4493 3187 4554 ἕκαστος
3203 4491 3315 4545 τῶν
3331 4486 3612 4544 ἀποστόλων

398 4593 763 4652 acceperunt.
792 4580 1034 4640 Rursum
1062 4599 1217 4649 vero,
1262 4585 1393 4655 quia
1428 4577 1657 4641 Romam
1687 4588 1963 4657 profectu-

2076 4570 2173 4641 καί
2200 4586 2477 4656 διαφόροις
2506 4587 2779 4654 γλώσσαις
2811 4582 3012 4649 λαλῶν,
3047 4582 3237 4650 ἐπειδὴ
3272 4580 3370 4634 καὶ
3398 4578 3481 4631 διὰ
3509 4573 3613 4628 πολ-

395 4675 481 4728 ris
507 4691 606 4744 per
634 4675 887 4730 nationes
919 4677 1122 4732 multas
1174 4675 1281 4731 iter
1336 4676 1655 4732 faciundum
1686 4688 1827 4744 erat,
1883 4681 1970 4734 id-

395 4766 546 4821 circo
580 4767 794 4837 linguas
837 4767 973 4822 alias
1009 4770 1272 4837 tanq’uam
1322 4769 1706 4838 opitulatriees
1757 4772 1964 4839 prioris

2077 4681 2184 4734 λῶν
2219 4679 2500 4751 παρῄεσαν
2532 4679 2722 4737 ἐθνῶν.
2757 4678 2927 4748 Δῆλον
2960 4679 3018 4744 ἐξ
3053 4671 3128 4731 ὧν
3159 4678 3187 4730 ό
3216 4676 3425 4738 Παῦλος
3453 4670 3606 4743 φησί-θ’

2083 4793 2100 4826 ι
2117 4772 2435 4842 Εὐχαριστῶ
2461 4770 2539 4842 τῷ
2560 4772 2702 4842 Θεῷ,
2725 4770 2945 4833 πάντων
2978 4770 3131 4840 ὑμῶν
3161 4762 3603 4838 γλώσσαιςλαλιῦΛ

398 4861 763 4930 accipiebant,
798 4875 924 4915 cum
965 4862 1114 4916 illam
1155 4861 1388 4931 primam
1449 4862 1818 4918 ordinationis
1876 4867 2034 4933 quasi
2074 4868 2197 4920 loco
2239 4867 2528 4922 haberent.
2572 4864 2832 4920 Videmus
2861 4852 3028 4917 enim
3077 4861 3325 4932 singulos
3366 4855 3608 4929 apostolos

394 4955 564 5009 etiam
596 4953 832 5008 diversis
863 4968 995 5009 usos
1019 4953 1190 5010 fuisse
1216 4954 1443 5026 linguis,
1508 4962 1569 5010 ut
1599 4956 1801 5026 quibus
1833 4958 1998 5013 variae
2037 4959 2290 5015 nationes
2358 4958 2715 5029 peragranda:
2748 4956 2978 5012 fuerint.
3034 4954 3191 5009 Licet
3237 4953 3342 5007 ltoe
3385 4951 3449 5004 de
3479 4943 3604 5002 Pauli

397 5050 580 5105 verbis
609 5049 761 5103 hisce
787 5048 1011 5120 colligas
1038 5067 1053 5105 :
1092 5049 1238 5121 «Ago
1275 5052 1390 5108 Deo
1425 5068 1547 5108 meo
1573 5052 1801 5127 gratias,
1822 5052 1972 5122 quod
2012 5054 2187 5126 magis
2219 5070 2384 5125 quam
2408 5063 2659 5109 vestrum
2723 5051 3020 5122 quisquam
3067 5049 3283 5119 linguas
3345 5055 3493 5100 teneo
3526 5052 3603 5109 pe-

397 5139 648 5211 regrinas
665 5138 730 5191 “.
744 5155 763 5190 ι
1022 5148 1053 5195 ,’

422 5299 430 5307 ,
463 5238 734 5295 Caeterum
754 5235 807 5291 id
828 5238 1091 5307 temporis
1110 5239 1276 5294 etiam
1297 5239 1806 5297 divinissimiloelis
1830 5241 1963 5296 vati-

2141 5239 2273 5292 Τὸτε
2300 5238 2388 5309 δὴ,
2415 5238 2536 5290 τότε
2563 5236 2658 5289 καὶ
2683 5237 2717 5305 ἡ
2739 5235 2835 5288 τοῦ
2862 5234 3139 5288 θειοτάτου
3155 5228 3307 5302 Ἰωήλ
3332 5225 3600 5296 προφητεία

394 5332 545 5389 cinio
577 5330 869 5401 respondit
903 5337 1161 5396 eventus,
1212 5331 1370 5401 cujus
1400 5332 1622 5401 quidem
1679 5335 1795 5389 haec
1836 5342 1963 5390 sunt

2074 5331 2242 5400 πέρας
2278 5328 2581 5399 ἐλάμϐανεν
2614 5328 2647 5396 ὴ
2674 5326 2816 5378 οὕτω
2848 5324 3102 5393 λέγουσιν
3134 5344 3153 5374 «
3178 5321 3378 5392 Ἐκχεῶ
3404 5316 3499 5370 ἀπὸ
3524 5309 3598 5363 τοῦ

396 5422 558 5476 verba
594 5437 611 5474 :
647 5440 666 5473 «
706 5418 1041 5474 Perfundam
1100 5434 1225 5474 meo
1291 5420 1502 5490 Spiritu
1563 5438 1778 5478 omnem
1842 5438 1963 5478 car-

2074 5421 2379 5511 ιενεύματός
2430 5437 2530 5491 μου
2575 5419 2669 5473 ἐπὶ
2716 5418 2897 5471 πᾶσαν
2944 5402 3145 5487 σάρκα,
3201 5434 3219 5465 ι
3272 5409 3598 5465 πιστεύσασαν

398 5530 525 5571 nem
544 5514 646 5579 τ’,ι
685 5512 941 5568 videlicet
975 5511 1313 5569 credentem.
1369 5511 1485 5569 Non
1537 5516 1684 5572 enim
1732 5515 1963 5584 apostoli

2074 5496 2294 5587 δῖιλαδή.
2332 5513 2409 5570 Οὐ
2462 5514 2620 5586 μόνον
2654 5513 2765 5583 γὰρ
2797 5513 2848 5566 οἱ
2882 5509 3176 5566 ἀπόστολοι
3210 5505 3465 5578 γλώσσαις
3498 5496 3598 5553 iid-

467 5689 511 5723 ⁸³
536 5688 656 5745 Act.
692 5708 753 5759 ιι,
783 5692 837 5749 8.
914 5692 956 5725 θ’
987 5690 1008 5746 Ι
1055 5689 1179 5747 601'.
1233 5704 1343 5758 xiv,
1388 5691 1468 5746 l8.
1550 5691 1592 5721 ⁷ο
1620 5689 1733 5745 Joel
1771 5706 1832 5756 ιι,
1868 5689 1955 5744 28.
