3794 6226
153 323 243 387 429
1340 317 1718 378 ΛΝΝΑΙΛυλ

1822 315 1973 372 'AllS
2015 312 2124 373 ΙΙΙ,
3239 300 3344 366 430

157 445 290 500 λιυν,
320 433 444 489 ἀλλὰ
481 450 564 485 κα.
600 431 799 494 πάντες
833 433 880 485 οἱ
921 431 1049 503 παρ’
1077 432 1258 486 αὐτῶν
1292 433 1677 502 βαπτιζόμενοι
1709 462 1718 490 λ

1822 438 1995 483 intum
2033 425 2232 496 linguis
2264 422 2573 495 peregrinis
2602 421 2996 493 loquebantur,
3046 416 3141 472 sed
3179 416 3342 472 etiam

154 535 204 586 τὸ
230 527 442 584 τοιοῦτον
475 523 710 593 ἐδέχοντο
743 524 1006 592 χάρισμα.
1044 525 1146 578 Καὶ
1180 523 1336 576 τοῦτὸ
1364 525 1512 576 ἐστιν
1542 525 1676 591 ὅπερ

1822 523 1962 576 reteri
1999 533 2211 578 omnes,
2259 524 2532 585 quthuot
2582 514 3004 584 baptizabantur
3068 508 3136 564 ab
3191 507 3345 576 ipsis.

153 621 176 669 ὁ
210 616 386 685 Κύριος
419 612 588 676 ἔλεγε·
636 631 652 662 ι
687 611 888 678 Σημεῖα
911 612 966 663 δὲ
1000 613 1110 672 τοῖς
1152 611 1474 666 πιστεύσασι
1508 613 1679 664 ταῦτα

1824 627 1987 667 unum
2020 608 2288 681 ejusmodi
2321 605 2826 674 consequebantur.
2872 603 3051 672 Atque
3079 601 3182 654 hoc
3213 598 3344 652 illu.l

159 703 586 775 παρακολουθήσει
612 719 623 732 ·
659 704 715 752 ὲν
746 701 822 770 τῷ
854 702 1206 770 ὁνόματίψμου
1235 701 1486 772 δαιμόνια
1519 703 1680 755 ἐκϐα-

1822 715 1864 759 st
1894 701 2038 770 quod
2077 700 2338 753 Dominus
2389 697 2530 750 dixit
2577 713 2590 749 :
2635 714 2652 746 ι
2693 696 2857 766 Signa
2911 691 3200 747 credentes
3234 690 3348 742 haec

1915 795 1949 806 ο.
1996 793 2006 806 ι
2113 802 2124 806 -
2285 790 2327 806 ογ
2400 785 2618 806 ,,_,,_2-_-
2657 800 2774 806 μμ--
2827 785 3012 806 ---τηρ
3051 781 3317 806 .-.η-...ιιιηηι

156 797 277 848 ὶοῦσι
301 838 312 857 ,
343 792 607 860 γλώσσαις
641 790 939 859 λαλήσουσι
975 793 1207 854 καιναῖς.
1249 810 1266 842 ι
1306 792 1413 844 Καὶ
1448 792 1548 859 ὅρα
1582 791 1680 841 δώ-

1822 793 2201 849 ornitabuntur
2233 807 2246 843 :
2285 790 2340 844 in
2397 785 2624 842 nomine
2657 800 2781 839 meo
2824 785 3016 855 genios
3047 781 3345 851 expellt'nt.

153 890 261 940 δίκα
291 888 344 937 ἐν
380 884 578 950 Ἐφέσῳ
611 881 805 950 ἄνδρας
826 921 839 942 ,
875 882 946 944 ὡς
979 885 1005 934 ὁ
1037 883 1251 945 Λουκᾶς
1284 883 1516 950 ἱστορεῖ,
1552 899 1682 952 προ-

1823 895 1840 940 ι
1871 882 2075 953 linguis
2106 881 2264 936 novis
2298 877 2687 953 inusitatisque
2741 874 3036 942 loquentur
3055 872 3154 924 ⁷-³.»
3212 869 3349 923 Viue

1786 976 1918 1046 quid
1952 951 2084 1031 viris
2111 975 2219 1030 illis
2252 969 2542 1028 duodecim
2574 951 2857 1026 acciderit,
2891 963 2985 1033 qui
3017 961 3217 1031 Ephesi
3251 961 3350 1013 ιιρ-

1789 1077 1998 1140 gentcs,
2032 1076 2091 1122 ut
2125 1067 2302 1121 Lucas
2341 1065 2757 1121 commemorat,
2809 1054 3072 1124 baptizati
3127 1051 3348 1121 quidem

1790 1170 1948 1215 erant
1976 1161 2029 1212 in
2061 1158 2396 1227 baptismum
2424 1150 2677 1213 Joannis,
2708 1147 2952 1202 nondum
2989 1146 3176 1198 tamen
3207 1142 3352 1197 scire

1791 1269 1846 1308 se
1883 1250 2282 1322 proﬁtebantur
2309 1244 2441 1314 quid
2482 1251 2632 1298 esset
2685 1237 2944 1309 Spiritus.
2981 1235 3179 1290 Verum
3209 1242 3358 1301 post-

1790 1356 2018 1411 eaquam
2051 1339 2248 1393 Paulus
2276 1337 2358 1390 eis
2389 1347 2584 1388 manus
2631 1327 3003 1397 imposuisset,
3046 1324 3359 1394 linguarum

1794 1434 1998 1488 donum
2038 1430 2172 1486 illud
2201 1425 2573 1495 accipiebant.
2633 1421 2768 1476 Nam
2801 1419 2930 1488 quia
2963 1415 3212 1486 Spiritus
3235 1429 3358 1467 san-

1794 1535 1914 1582 ctus
1944 1533 2066 1580 erat
2116 1517 2545 1590 inaspectabilis,
2593 1515 2753 1585 227
2799 1511 3092 1582 oportebat
3134 1507 3363 1563 omnino

1795 1616 1998 1672 sensile
2049 1612 2328 1684 quoddam
2378 1617 2764 1680 argumentum
2823 1601 3130 1674 praesentiae
3185 1598 3362 1668 ipsius

1799 1709 1914 1770 edi,
1944 1715 2004 1762 ut
2033 1705 2173 1759 citra
2202 1703 2368 1758 ullam
2427 1697 2828 1754 haesitationem
2881 1705 3077 1746 omnes
3114 1688 3363 1743 divinum

156 977 517 1038 ϐαπτισθέντας
573 973 670 1043 μὲν
719 975 798 1035 είς
846 973 903 1024 τὺ
949 973 1040 1024 τοῦ
1075 975 1323 1027 Ἰωάννου
1379 975 1682 1043 βάπτισμα,

158 1065 348 1131 Πνεῦμα
388 1064 438 1114 δὲ
480 1067 552 1130 μὴ
591 1063 792 1114 εἰδέναι
825 1063 876 1114 τί
920 1064 1048 1116 πε,τέ
1087 1064 1203 1116 ἐστι
1241 1064 1494 1132 λέγοντας
1518 1080 1530 1092 ·
1571 1064 1684 1116 ἀλλ’

155 1156 292 1225 ἡνίκα
323 1155 411 1216 τὰς
452 1156 636 1221 χεῖρας
675 1156 702 1205 ὁ
745 1153 954 1216 Παῦλος
995 1155 1256 1222 ἐπέθηκε,
1290 1157 1594 1226 τηνικαῦτα
1629 1158 1689 1210 τὸ

154 1246 244 1296 τῶν
287 1242 536 1310 γλωσσῶν
590 1243 836 1310 ἐδέχσντο
887 1244 1156 1311 χάρισμα.
1201 1244 1418 1316 Ἐπειδὴ
1471 1246 1578 1314 γὰρ
1630 1246 1689 1297 τὸ

158 1334 351 1401 Πνεῦμα
378 1332 434 1383 τὸ
465 1334 620 1399 ᾶγιον
650 1334 880 1400 ἀόρατον
910 1327 1004 1402 ῆν,
1037 1332 1144 1385 ἔδει
1175 1334 1388 1395 πάντως
1419 1337 1514 1404 τῆς
1548 1336 1689 1387 ὲκεί-

157 1443 231 1476 νσυ
263 1424 554 1493 παρουσίας
590 1425 845 1491 αἰσθητόν
882 1442 1003 1476 τινα
1039 1424 1288 1492 γίνεσθαι
1322 1425 1576 1495 ἔλεγχον,
1616 1428 1688 1490 ὼς

156 1516 371 1567 ἐντεῦθεν
406 1515 744 1576 ἁδιστάκτως
780 1516 872 1566 ἐπὶ
904 1515 966 1567 τὸ
1005 1514 1147 1568 θεῖον
1186 1516 1408 1586 λουτρὸν
1446 1519 1692 1581 ἅπαντας

156 1607 400 1675 ἔρχεσθαι.
432 1606 605 1658 Τοῦτο
642 1607 828 1675 μέντοι
860 1607 922 1658 τὸ
953 1608 1198 1679 χάρισμα
1230 1609 1443 1679 ἠρέθισε
1481 1614 1573 1662 καὶ⁹
1601 1611 1692 1664 τὸν

158 1698 347 1764 Σίμωνα
372 1700 482 1758 τοῖς
511 1698 831 1760 ἀποστόλοις
856 1715 916 1750 τε
946 1699 1264 1768 προσελθεῖν
1288 1701 1382 1753 καὶ
1408 1703 1465 1754 τὸ
1500 1703 1694 1770 βάπτι-

160 1804 251 1854 σμα
277 1788 602 1857 αἰτήσασθαι
627 1803 641 1818 ·
674 1791 721 1842 εὶ
759 1758 833 1858 μῆ
866 1791 971 1860 γὰρ
993 1758 1264 1862 ἀἰσθητὴν
1297 1793 1444 1862 ἐώρα
1473 1758 1571 1864 τὴν
1602 1793 1694 1846 τοῦ
1727 1758 1768 1814 Β

1800 1798 1936 1854 illud
1971 1795 2037 1850 ad
2065 1795 2347 1849 lavacrum
2385 1789 2736 1843 accederent.
2787 1783 2902 1838 Hoc
2945 1789 3129 1836 autem
3156 1778 3364 1833 donum

158 1879 439 1946 ῐΙνε-Σματρς
484 1879 740 1948 δύναμιν,
791 1880 891 1932 οὐκ
935 1881 998 1934 ἂν
1046 1883 1255 1945 ἐκεῖνος
1302 1885 1411 1945 τοῖς
1458 1885 1696 1953 Χριστοῦ

158 1974 466 2069 προσήρχετο
515 1972 816 2069 μαθηταῖς,
857 1973 957 2026 οὐκ
1001 1973 1067 2027 ἂν
1115 1975 1335 2045 ἐπιδεὴς
1379 1978 1559 2029 αὐτῶν
1605 1981 1699 2031 ἐπὶ

157 2060 377 2112 τοσοῦτον
405 2060 676 2127 ἐφαίνετο.
711 2062 819 2113 Καὶ
851 2062 974 2115 τότε
1005 2063 1107 2132 μὲν
1134 2066 1182 2116 οἱ
1215 2065 1600 2136 βαπτιζόμενοι
1632 2073 1699 2141 τῆ

159 2153 236 2202 τοῦ
267 2154 518 2219 παναγέου
560 2153 876 2220 Πνεύματος
912 2156 1257 2226 ἐπιφοιτήσει
1293 2159 1352 2211 τὸ
1383 2162 1492 2213 τῶν
1525 2163 1702 2228 γλωσ-

162 2244 252 2296 σῶν
275 2245 505 2313 ἐδέχοντο
535 2245 784 2316 χάρισμα
807 2262 820 2276 ⁸
850 2249 944 2300 ἐπὶ
969 2248 1026 2300 δέ
1051 2265 1114 2316 γε
1137 2250 1266 2313 τοὺς
1293 2254 1422 2323 περὶ
1443 2253 1534 2307 τὸν
1562 2257 1702 2327 Κορ-

160 2336 316 2404 νήλιον
343 2336 434 2390 καὶ
464 2337 576 2406 πρὸ
604 2337 697 2390 τοῦ
732 2339 1096 2408 βαπτισθῆναι
1126 2342 1362 2397 ἐπέπεσε
1388 2347 1448 2398 τὸ
1478 2348 1702 2418 Πνεῦμα

160 2429 209 2478 τὸ
241 2427 412 2496 ἅγιον,
444 2431 544 2483 καὶ
581 2431 802 2485 ἐλάλουν
829 2431 1124 2500 γλώσσαις.
1160 2437 1258 2490 Διὰ
1286 2437 1340 2491 τί
1375 2439 1432 2491 δὲ
1465 2443 1561 2494 καὶ
1597 2443 1704 2511 πρὸ

162 2517 240 2570 τοῦ
269 2517 628 2590 βαπτισθῆναι
655 2521 756 2594 τὴν
784 2523 876 2576 τοῦ
909 2527 1174 2594 παναγίου
1206 2528 1520 2600 Πνεύματος
1549 2533 1702 2603 ἐνέρ-

163 2626 294 2676 γειαν
329 2613 607 2682 ἐδέχοντος
651 2615 738 2668 διὰ
773 2615 874 2684 τὴν
911 2616 1112 2685 πολλὴν
1149 2620 1259 2673 τῶν
1298 2622 1363 2674 ὲκ
1407 2626 1713 2695 περιτομῆς

164 2704 539 2770 πιστευσάντων
584 2705 880 2774 διάκρισιν.
921 2709 1264 2780 Διεκρίνοντο
1304 2713 1412 2784 γὰρ
1453 2706 1595 2768 οὗτοι
1639 2716 1713 2788 μὴ

167 2794 386 2937 θέλονότες
433 2799 530 2850 καὶ
591 2797 1014 2870 βαπτιζομένοις
1064 2803 1180 2866 τοῖς
1227 2803 1462 2868 ὲθνικοῖς
1515 2806 1714 2876 ἀναμί-

168 2899 282 2937 γνυσ
317 2903 390 2937 αι.

168 2899 390 2950 γνυσυαι.

1799 1889 2077 1944 Simonem
2097 1885 2264 1941 etiam
2291 1881 2564 1944 incitavit,
2599 1886 2659 1932 ut
2684 1876 2749 1930 ad
2779 1873 3060 1944 apostolos
3079 1867 3368 1926 accederet

1801 1994 1866 2032 ac
1900 1978 2236 2047 baptismum
2261 1971 2568 2043 postularet
2595 1990 2608 2023 :
2640 1968 2846 2037 quippe
2903 1963 3012 2019 nisi
3067 1963 3178 2016 vim
3213 1968 3367 2030 pote-

1801 2078 2109 2136 statemque
2129 2064 2372 2135 Spiritus
2397 2058 2790 2128 aspectabilem
2809 2055 3061 2119 vidisset,
3075 2052 3143 2107 ad
3165 2050 3369 2106 Christi

1805 2159 2107 2228 discipulos
2135 2172 2248 2212 non
2286 2154 2631 2216 accessisset,
2680 2165 2784 2205 nec
2835 2162 2897 2204 se
2950 2147 3194 2216 ipsorum
3223 2143 3374 2198 indi-

1809 2269 1939 2326 gere
1968 2267 2134 2322 opera
2169 2257 2435 2320 putasset.
2463 2247 2540 2302 Ac
2575 2255 2706 2300 tunc
2737 2256 2869 2298 sane
2893 2239 2987 2310 qui
3013 2237 3375 2308 baptizaban.

1814 2355 1924 2408 tur,
1962 2342 2170 2396 donum
2200 2339 2512 2410 linguarum
2544 2333 2890 2404 accipiebant
2911 2345 3019 2385 una
3043 2343 3169 2384 cum
3196 2327 3373 2397 Spiri—

1813 2445 1902 2492 tus
1934 2433 2112 2490 sancti
2137 2430 2505 2488 immissione.
2532 2428 2601 2482 At
2635 2425 2692 2479 in
2722 2438 2819 2480 eos
2846 2421 2940 2493 qui
2964 2435 3089 2475 cum
3116 2417 3376 2474 Cornelio

1809 2534 1994 2590 erant,
2024 2525 2169 2579 idem
2197 2523 2440 2593 Spiritus
2471 2527 2698 2574 sanctus
2743 2516 2914 2572 etiam
2960 2510 3166 2568 decidit
3214 2517 3376 2564 antc-

1811 2636 1975 2692 qnam
2009 2618 2447 2688 baptizarentur,
2479 2611 2775 2679 itidemque
2799 2604 3002 2676 linguis
3031 2611 3160 2658 ante
3196 2602 3378 2670 bapti-

1812 2689 1992 2766 sinum
2029 2705 2266 2762 diversis
2293 2702 2690 2774 loquebantur’.
2721 2697 2832 2754 Cur
2866 2695 2944 2762 hi,
2974 2707 3181 2763 quaeso,
3226 2689 3377 2759 prius

1811 2805 1980 2859 etiam
2008 2800 2184 2860 sancti
2225 2797 2468 2869 Spiritus
2528 2791 2914 2850 eﬂicacitatem
2944 2783 3380 2856 experiebantur

1813 2909 1978 2970 quam
2050 2887 2516 2963 baptizarentur?
2564 2885 2798 2953 Propter
2852 2878 3086 2935 nimium
3142 2874 3380 2944 superba

167 2977 352 3033 δεὶιὶεεῐ
383 2994 581 3035 eorum
632 2981 968 3052 praeiudicia,
1026 2984 1119 3054 qui
1177 2994 1337 3041 antea
1399 2986 1716 3047 circumcisi
1755 2989 2130 3046 crediderant.
2196 2985 2412 3039 Etenim
2448 2979 2526 3034 illi
2557 2991 2615 3033 se
2671 2974 2742 3030 ab
2766 2974 2892 3028 aliis
2917 2970 3300 3041 segregabam,
3328 2976 3384 3019 ct

169 3087 226 3126 “e
254 3089 368 3128 cm“
404 3076 696 3146 δίιβίίῑθιίε
721 3077 950 3146 ‘luidem
1001 3080 1242 3140 ethnicis
1281 3086 1582 3157 quidquam
1610 3086 1812 3142 habere
1840 3081 2158 3140 commercii
2197 3077 2477 3133 volebant.

228 3167 344 3224 Οἶδα
369 3172 424 3225 δὲ
441 3211 457 3238 ,
485 3171 776 3241 ἀγαπητὲ,
803 3174 884 3227 ὃτι
912 3176 1006 3233 καὶ
1030 3181 1122 3235 τὸν
1145 3153 1334 3253 καιρὸν
1360 3153 1591 3255 ὲκθιάζῃ
1622 3200 1718 3254 μα-

1896 3180 2166 3234 Praeterea
2186 3189 2297 3230 non
2326 3173 2541 3242 ignoro,
2571 3165 2768 3223 dilecte
2794 3161 2892 3225 illi,
2927 3172 3131 3229 cupere
3154 3165 3206 3210 te
3246 3153 3383 3208 illud

171 3263 267 3314 θεῖν
294 3264 409 3317 καθ’
431 3265 489 3316 ὃν
520 3267 556 3334 ἡ
591 3264 684 3316 τοῦ
725 3272 992 3341 μακαρίου
1030 3273 1243 3327 Παύλου
1281 3267 1718 3346 γέγονεκλῆσις.

172 3358 265 3456 lial
294 3358 428 3456 κατὰ
456 3359 621 3456 ’τινὰς
659 3359 756 3434 μὲν
792 3366 1124 3434 ἱστορικοὺς,
1163 3367 1256 3419 καὶ
1294 3368 1496 3434 μᾶλλον
1531 3367 1720 3422 ἰππόο

174 3448 308 3500 λυτον
333 3451 421 3505 τὸν
442 3448 718 3524 θηΰαίον,
750 3456 987 3508 ἐνιαυτοὶ
1015 3455 1230 3524 διῆλθον
1261 3457 1306 3522 ζ’
1339 3461 1475 3528 μετὰ
1501 3459 1602 3529 τὴν
1629 3457 1722 3512 τοῦ

173 3539 359 3614 Κυρίου
403 3550 466 3600 ὲκ
502 3548 720 3618 νεκρῶν
761 3549 1082 3615 ἀνάστασιν,
1122 3552 1214 3603 καὶ
1257 3553 1284 3604 ὁ
1325 3554 1726 3623 πρωτομάρτυς

175 3635 417 3704 Στέφανος
443 3642 504 3692 τὸ
539 3640 814 3710 μακάριον
844 3641 993 3704 τέλος
1022 3641 1239 3706 ἐδέξατο
1261 3654 1276 3674 ⁸
1309 3643 1448 3713 μετὰ
1474 3643 1528 3697 δὲ
1554 3643 1728 3696 ταῦτα

171 3727 289 3781 ὡσεὶ
331 3734 496 3801 μῆνες
543 3733 760 3800 διῆλθον
801 3732 879 3797 ἒξ,
923 3735 1019 3786 καὶ
1059 3735 1092 3803 ἡ
1139 3733 1232 3787 τοῦ
1277 3733 1491 3788 Παύλου
1540 3735 1728 3802 γέγονε

174 3821 366 3890 κλῆσις.
393 3824 532 3877 Ἀλλ’
557 3826 593 3892 ὴ
626 3824 888 3876 Εὐσεῧίου
914 3824 1008 3878 τοῦ
1040 3826 1325 3894 Παμφίλου
1356 3827 1562 3897 ἱστορία
1593 3824 1732 3889 διέξ-

173 3930 295 3965 εισιν
339 3917 412 3979 ὼς
449 3915 609 3969 οὔπω
659 3911 740 3979 εἷς
778 3917 1027 3980 ἐνιαυτὸς
1062 3917 1426 3987 ἐπεπλήρωτο
1462 3916 1602 3986 μετὰ
1633 3917 1730 3984 τὴν

175 4007 230 4056 ὲκ
257 4009 455 4076 νεκρίίν
487 4008 586 4060 τοῦ
623 4009 829 4078 Κυρίου
859 4011 1160 4062 ἀνάστασιν
1181 4051 1195 4074 ,
1230 4011 1324 4063 καὶ
1351 4011 1523 4062 ταῦτα
1555 4011 1731 4062 πάντα

176 4096 403 4162 ἐγένετο,
438 4100 489 4150 οἱ
527 4095 684 4151 ἆθλοί
718 4115 776 4150 τε
810 4099 905 4152 τοῦ
944 4103 1410 4171 πρωτομὰρτυρος
1445 4101 1541 4152 καὶ
1573 4101 1605 4169 ἠ
1637 4099 1730 4151 τοῦ

181 4191 437 4260 μακαρίου
490 4191 712 4244 Παύλου
762 4192 1139 4260 προσέλευσις.
1183 4188 1418 4262 Ἀλλ’ἦν
1469 4191 1598 4245 ἰδεῖν
1646 4192 1734 4243 ἐπ’

176 4281 309 4347 αὐτῷ
357 4280 663 4351 τηνικαῦτα
711 4281 1088 4351 πληρούμενον
1133 4283 1194 4336 τὺ
1241 4283 1419 4346 λόγιον
1451 4283 1512 4334 τὸ
1543 4283 1734 4349 λέγων’

183 4389 200 4419 ι
237 4372 336 4425 1Ιοῦ
368 4375 624 4440 ὑπάγεις,
657 4369 802 4437 οἶδας
828 4392 842 4408 ⁸
879 4376 929 4428 τί
959 4376 1013 4428 δὲ
1049 4376 1260 4446 μέλλεις
1293 4377 1501 4440 παθεῖν,
1533 4377 1631 4428 οὐκ
1661 4371 1737 4428 οἷ·-

178 4463 280 4523 δας,
329 4485 345 4515 ι
391 4467 710 4529 Ἰἰπιστολὰς
757 4467 864 4537 γὰρ
911 4469 1020 4521 ἀπὸ
1061 4469 1170 4520 τῶν
1214 4471 1514 4539 ἀρχιερέων
1554 4469 1736 4522 λαϐὼν

181 4555 308 4608 ὥστε
342 4558 600 4610 ἀπελθεῖν
635 4559 729 4610 καὶ
757 4559 885 4626 τοὺς
917 4560 1253 4628 ὁπουδήποτε
1289 4563 1736 4630 παρευρισκομέ-

182 4662 290 4706 ν;υς
332 4645 700 4715 Χριστιανοὺς
748 4649 1012 4719 ἀναιρεῖν,
1056 4647 1324 4718 πηροῢται
1367 4652 1490 4711 τοὺς
1531 4649 1734 4719 ὀφθαλ-

189 4737 307 4802 μςὺς
357 4738 523 4789 αὐτοῦ
565 4738 698 4791 ’καθ’
729 4737 844 4792 ὁδόν
873 4755 887 4768 ·
942 4737 1320 4808 περιήστραψε
1370 4740 1478 4808 γὰρ
1528 4738 1735 4793 ἄνωθεν

185 4829 332 4880 αὐτη
363 4831 603 4898 ἄρρητον
632 4830 780 4898 φῶς,
814 4829 908 4882 καὶ
943 4828 1115 4892 οὕτως
1147 4831 1196 4882 oi
1228 4830 1320 4883 τοῦ
1357 4830 1609 4900 σώματος
1643 4833 1740 4883 αὑ-

187 4917 272 4968 τοῦ
296 4919 475 4990 λύχνοι
497 4922 842 4991 παραχρῆμα
869 4921 1223 4991 ὲσϐέσθησαν.
1258 4921 1417 4976 Ἀλλὰ
1441 4924 1537 4976 καὶ
1559 4924 1742 4992 φωνῆς

189 5009 380 5063 ἀιωθεν
407 5011 610 5082 ἢκουσε
647 5013 785 5081 πρὸς
808 5011 970 5064 αὓτδν
999 5010 1141 5065 οὕτω
1173 5011 1458 5082 λεγούσηςο
1505 5031 1522 5064 ι
1551 5013 1741 5077 Σαοὺλ,

192 5102 350 5154 Σαοὺλ
381 5121 398 5154 ι
428 5104 722 5171 (τουτέστιν
744 5104 958 5172 ἁδελφὲ,
979 5105 1222 5174 ἁδελφὲ),
1255 5105 1335 5158 «τί
1361 5123 1427 5174 με
1445 5105 1689 5173 διώκεις;
1721 5125 1739 5156 ι

195 5191 464 5247 Στέλλεται
490 5194 676 5248 λοιπὸν
703 5195 835 5264 πρδς
869 5195 1140 5257 Ἀνανίαν,
1166 5201 1259 5248 καὶ
1277 5195 1575 5265 βάπτισμα
1601 5197 1746 5266 δέχε-

195 5299 305 5345 ται,
337 5285 629 5337 κάντεῦθεν
661 5286 953 5352 φωτίζεται
985 5285 1112 5348 τούς
1139 5303 1198 5338 τε
1227 5287 1492 5356 ψυχικοὺς
1522 5289 1617 5340 καὶ
1645 5304 1750 5339 σω-

201 5376 448 5442 ματικοὺς
484 5377 816 5444 ὀφθαλμούς.
855 5377 1131 5446 Κηρύσσει
1166 5378 1350 5429 λοιπὸν
1382 5380 1408 5430 ὀ
1443 5378 1748 5447 πάμμεγας

201 5471 396 5533 Παῦλος
425 5472 522 5540 ἐτη
553 5466 644 5524 λε’.
665 5471 752 5522 Ἐν
781 5471 886 5538 γὰρ
915 5469 993 5538 τῷ
1023 5469 1232 5538 δεκάτῳ
1257 5468 1429 5539 ὀγδόῳ
1456 5468 1564 5521 ἔτει
1589 5469 1751 5530 Τιϐε-

208 5561 310 5628 ρίου
355 5561 624 5630 Καίσαρος
655 5560 712 5611 τὸ
755 5560 1018 5630 σωτήριον
1054 5558 1223 5622 πάθος
1259 5561 1451 5629 γέγονε
1481 5559 1573 5614 τοῦ
1617 5558 1753 5628 Χρι-

809 5747 883 5776 ⁷¹“
925 5745 1043 5799 Acl.
1084 5761 1155 5802 Ix,
1193 5745 1243 5795 .i.

265 5747 311 5788 -τί
349 5748 511 5800 Mar-ﬁ.
548 5718 660 5801 ﬁt:
696 5747 742 5798 l.

1823 3274 1988 3329 etiam
2014 3280 2232 3338 tempus
2261 3277 2422 3319 nosse
2447 3275 2557 3331 quo
2592 3258 2789 3313 beatus
2820 3253 2912 3309 ille
2934 3249 3137 3308 Paulus
3162 3254 3389 3301 vocatus

1824 3365 2010 3420 fuerit.
2049 3363 2121 3416 De
2147 3357 2537 3416 noiinullorum
2572 3348 2793 3418 quidem
2827 3341 3220 3406 historicorum
3258 3350 3355 3390 sen
3385 3363 3392 3369 -

1827 3457 2017 3521 tentia,
2058 3451 2361 3524 praesertim
2400 3440 2674 3515 llippolyti
2700 3434 2973 3499 Thebani,
3005 3439 3130 3502 post
3175 3425 3389 3483 Domini

1826 3567 1892 3605 ex
1917 3546 2148 3602 mortuis
2185 3538 2650 3596 resurrectionem
2685 3529 2816 3586 anni
2842 3535 3054 3596 septem
3093 3518 3386 3594 praeterie-

1827 3645 1968 3702 rant,
1997 3649 2120 3690 cum
2139 3631 2364 3687 testium
2397 3623 2647 3681 veritatis
2670 3619 2928 3690 princeps
2959 3613 3050 3668 ille
3078 3610 3392 3680 Stephanus

1830 3732 2050 3785 beatum
2086 3725 2210 3780 vita:
2240 3723 2401 3776 ﬁnem
2433 3724 2517 3773 est
2539 3721 2905 3775 consecutus;
2956 3707 3024 3762 ab
3065 3703 3394 3774 ejus'autem

1830 3829 2006 3876 morte
2055 3816 2340 3873 mensibus
2387 3822 2560 3879 prope
2589 3820 2702 3867 .sex
2741 3801 2941 3870 elapsis
2988 3796 3145 3852 Pauli
3181 3791 3398 3848 vocatio

1833 3913 1973 3968 laeta
2031 3921 2137 3963 εει.
2198 3903 2403 3959 Verum
2455 3895 2680 3952 Eusebii
2738 3889 3007 3960 Pamphili
3063 3885 3160 3939 ﬁlii
3211 3890 3398 3936 narrat

1833 4002 2065 4057 historia
2095 3997 2340 4052 nondum
2395 3987 2670 4047 aDomini
2728 3980 3138 4041 resurrectione
3195 3988 3397 4029 annum

1837 4107 2006 4147 unum
2032 4092 2288 4144 exactum
2323 4083 2514 4146 fuisse,
2540 4093 2664 4134 cum
2703 4077 2818 4130 haec
2846 4069 3030 4126 omnia
3058 4065 3274 4126 ﬁerent,
3313 4061 3400 4115 iii-

1837 4185 2038 4238 mirum
2089 4176 2353 4248 principis
2405 4173 2554 4228 illius
2623 4167 2779 4224 testis
2817 4160 3118 4220 certamina
3148 4155 3403 4223 beatique

1838 4270 1991 4330 Pauli
2020 4272 2085 4326 ad
2118 4270 2280 4325 lidem
2308 4264 2576 4321 accessio.
2600 4261 2735 4316 Erat
2773 4265 2957 4313 autem
3015 4254 3070 4307 iii
3125 4265 3190 4305 eo
3217 4247 3404 4303 videre

1843 4364 2030 4436 perfici
2057 4371 2170 4416 tum
2193 4357 2469 4428 temporis
2496 4351 2784 4410 oraculum
2836 4347 2964 4407 hoc,
3014 4357 3124 4411 quo
3154 4339 3358 4393 dicitur
3387 4354 3400 4388 :

1848 4429 2030 4512 iNosti
2059 4469 2170 4524 quo
2217 4465 2435 4521 pergas,
2493 4445 2559 4501 ad
2594 4442 2725 4512 quid
2779 4445 3105 4495 eventurum
3165 4430 3264 4484 tibi
3311 4429 3402 4490 sit,

1845 4551 2119 4620 ignoras.»
2163 4543 2379 4599 Etenim
2408 4553 2533 4595 cum
2569 4537 2783 4591 litteras
2814 4547 2845 4586 a
2875 4524 3230 4598 pontiﬁcibus
3251 4535 3408 4575 acce-

1846 4612 2038 4712 pisset,
2075 4646 2136 4691 ut
2158 4633 2437 4706 profectus
2475 4629 2530 4683 in
2561 4627 2665 4681 alia
2691 4625 2809 4678 loca
2845 4619 3026 4676 ubivis
3047 4614 3292 4685 gentium
3318 4612 3414 4663 de-

1847 4702 2530 4803 prehensos—Christianos
2581 4733 2610 4773 e
2663 4713 2846 4770 medio
2891 4710 3128 4768 tolleret,
3183 4705 3302 4773 ipso
3358 4702 3410 4753 iii

1847 4794 2047 4880 itinere
2077 4833 2208 4876 suos
2233 4815 2424 4871 oculos
2452 4809 2674 4866 amittit.
2715 4807 2852 4862 Nam
2888 4803 2984 4857 lux
3031 4797 3280 4870 quaedam
3331 4794 3413 4846 iii-

1847 4912 2190 4986 explicabilis
2215 4923 2341 4964 cum
2381 4904 2599 4961 cwlitus
2630 4895 3020 4956 circunifulsit,
3063 4907 3174 4961 quo
3207 4889 3408 4943 factum

1853 4984 2198 5072 utcorporis
2228 4998 2398 5069 ipsius
2430 4995 2576 5050 faces
2601 4990 2870 5046 continuo
2903 4984 3414 5051 exstinguerentur.

1853 5099 2120 5153 Praeterea
2151 5106 2338 5146 vocem
2415 5103 2446 5142 e
2477 5084 2703 5141 sublimi
2743 5097 2801 5136 se
2855 5077 3272 5148 compellantcm
3335 5071 3418 5123 his
3450 5113 3451 5116 η
3489 5116 3497 5133 ,

1853 5189 2035 5244 verbis
2061 5184 2307 5241 audivit:
2355 5179 2570 5243 «Saule,
2605 5176 2791 5235 Sattle,
2825 5171 2956 5242 quid
3001 5186 3086 5225 tne
3122 5180 3421 5238 perseque-

1856 5282 1994 5335 ris“
2019 5279 2106 5332 '?i
2135 5276 2277 5330 Hinc
2308 5272 2375 5326 ad
2415 5269 2678 5325 Ananiam
2722 5264 3045 5327 remittitur,
3087 5256 3420 5328 baptismum

1857 5371 2106 5440 recepit;
2142 5367 2286 5422 oculi
2321 5366 2442 5433 ejus
2466 5372 2572 5416 tam
2598 5359 2861 5414 animales
2893 5368 3056 5424 quam
3101 5342 3420 5416 corporales

1859 5464 2291 5526 collustrantur;
2331 5456 2571 5524 denique
2601 5453 2682 5506 vir
2705 5449 2941 5524 eximius
2970 5445 3038 5498 ab
3072 5458 3136 5496 co
3173 5447 3421 5503 tempore

1863 5556 1988 5613 totis
2020 5555 2088 5610 35
2123 5553 2281 5608 annis
2310 5545 2712 5621 praedicationis
2737 5553 2964 5597 munere
2997 5533 3259 5602 fungitur.
3286 5525 3420 5579 Nam
