3794 6226
405 303 542 368 ΜΓ

1671 322 2090 384 MHIHAELlS
2131 330 2390 394 GLYCAS

3547 335 3642 398 4·ἒὲ

410 419 625 478 decium
667 432 720 474 et
749 433 939 476 octavo
972 424 1175 481 Tiberii
1221 427 1448 484 Caesaris
1490 448 1634 488 anno
1683 435 1960 490 salutifera

2071 443 2215 496 στοῦ.
2248 443 2414 498 υῦπω
2442 447 2501 499 τὸ
2529 449 2765 500 τοιοῦτον
2799 455 2866 518 ιη’
2892 448 3006 512 ἔτος
3039 448 3420 518 πεπλήρωται,
3461 448 3556 499 καὶ
3585 451 3645 500 τὰ

409 512 606 565 Christi
641 515 821 580 passio
853 517 1099 584 contigit.
1162 519 1207 574 Is
1239 536 1365 575 vero
1399 524 1463 577 l8
1494 541 1670 580 annus
1724 529 1972 582 nondum

407 613 630 655 i-xactus
656 615 795 668 erat,
826 621 953 659 cum
980 623 1413 667 commemorata
1453 617 1718 674 hactenus
1752 623 1968 676 accide-

407 702 550 744 runt.
593 693 694 746 Ubi
728 695 792 748 l9
816 699 1239 756 annus-Tiberii
1286 680 1544 760 Cat-saris.
1575 723 1799 764 currere
1856 728 1968 767 c03-

406 783 592 846 pisset,
625 784 825 838 Paulus
859 786 1074 840 initium
1111 791 1449 858 praedicandi
1509 795 1654 861 facit,
1697 801 1963 867 quemad-

404 873 621 926 modum
665 875 779 943 ipsa
812 876 1038 932 historia
1077 881 1436 939 demonstrat.
1470 887 1811 944 Praetereunt
1837 891 1967 947 hinc

403 965 616 1031 imperii
651 967 853 1022 Tiberii
881 971 1046 1040 228
1060 972 1293 1028 Caesaris
1309 984 1546 1044 quatuor
1575 980 1702 1034 anni
1729 982 1964 1051 reliqui;

405 1071 527 1108 nam
559 1058 630 1116 22
656 1073 832 1113 annos
863 1061 916 1114 in
965 1063 1281 1120 universum
1315 1067 1570 1124 Tiberius
1604 1086 1788 1126 rerum
1821 1075 1964 1142 poti-

405 1159 493 1201 tus
521 1165 640 1204 esse
669 1154 962 1221 reperitur.
993 1156 1367 1212 Consimiliter
1399 1161 1610 1227 imperii
1647 1165 1760 1218 (Iaii
1791 1165 1965 1220 Ctesa-

407 1239 480 1292 ris
501 1253 747 1308 .qualuor
778 1247 906 1300 anni
933 1247 1250 1313 elabuntur,
1314 1251 1555 1322 itemque
1588 1254 1799 1310 Claudii
1838 1274 1965 1327 pro-

405 1330 694 1396 pemodum
730 1333 792 1385 M
826 1334 977 1390 anni.
1012 1336 1151 1390 Huic
1178 1340 1483 1409 inimperio
1509 1345 1962 1410 successitNero,

402 1427 492 1490 qui
525 1435 668 1477 anno
700 1426 852 1492 regni
883 1427 967 1480 sui
1015 1428 1078 1482 13
1119 1429 1345 1484 Paulum
1374 1434 1666 1490 interfecit.
1718 1437 1966 1508 Quapro-

403 1525 521 1578 pter
549 1515 674 1568 anni
708 1530 828 1572 esse
876 1518 1094 1586 triginta
1148 1520 1392 1592 quinque
1451 1525 1961 1596 deprehenduntur,

400 1621 540 1671 quos
573 1607 624 1660 in
667 1609 1057 1676 praedicatione
1088 1612 1290 1667 Paulus
1347 1614 1617 1685 exegerit.’
1675 1619 1807 1673 Tam
1841 1621 1966 1675 ddi-

399 1707 588 1763 genter
613 1709 794 1753 autem
827 1701 1194 1758 ministerium
1227 1721 1388 1760 suum
1446 1707 1656 1775 obibat,
1715 1719 1773 1764 ut
1803 1712 1961 1766 Jacoo

403 1791 527 1841 hum
561 1803 781 1859 quoque
822 1791 1041 1848 Domini
1069 1793 1295 1850 fratrem
1338 1801 1680 1865 conveniret,
1731 1802 1961 1871 ejusque

399 1880 689 1935 consilium
719 1881 1039 1952 exploraret
1082 1901 1212 1940 num
1261 1902 1319 1942 se
1359 1889 1583 1944 tondere
1619 1906 1681 1944 ac
1725 1893 1963 1948 lustrare

319 1961 322 1964 ’
399 1970 711 2026 Judaeorum
744 1987 907 2029 causa
931 1975 1177 2032 deberet.

475 2061 571 2118 llic
629 2065 872 2120 Jacobus
927 2069 1139 2136 primus
1190 2070 1961 2146 Hierosolymorumpontifex

402 2157 525 2222 fuit,
559 2157 805 2216 delectus
830 2161 896 2215 ad
925 2163 1030 2217 hoc
1055 2165 1323 2230 muneris,
1349 2183 1416 2221 ne
1435 2169 1627 2222 Petrus
1655 2171 1964 2227 etJnannes

399 2259 458 2309 τι
495 2251 730 2306 Jacobus
760 2253 947 2321 gloriae
1005 2269 1168 2308 causa
1223 2258 1642 2325 contenderent,
1703 2264 1962 2330 quemad-

403 2341 626 2395 modum
657 2341 910 2396 Clemens
949 2343 1040 2396 ille
1075 2343 1419 2400 Stromateus
1461 2349 1741 2404 memorim
1771 2353 1960 2420 prodi-

402 2433 504 2489 dit.
540 2432 802 2487 Eumdem
842 2433 1109 2490 Jacobum
1168 2445 1224 2490 et
1265 2439 1472 2507 justum
1529 2441 1743 2496 virtutis
1797 2459 1963 2501 causa

411 2525 822 2593 nuncupabant.
854 2525 1060 2594 Estque
1087 2527 1178 2581 ille
1211 2527 1324 2595 ipse
1355 2529 1444 2597 qui
1474 2530 1542 2585 de
1579 2533 1761 2602 templi
1783 2535 1963 2603 pinnis

405 2615 774 2684 pratcipitatus
824 2625 931 2682 est,
979 2625 1036 2671 et
1082 2617 1344 2672 atullone
1395 2620 1541 2692 ligno
1593 2624 1828 2692 quodam
1889 2629 1962 2682 ila

405 2708 772 2776 percussusin
805 2717 972 2777 caput
1001 2719 1060 2763 ut
1098 2707 1434 2764 'moreretur.
1496 2713 1710 2768 Etenim
1764 2717 1960 2784 Judwi,

403 2813 526 2852 cum
559 2799 624 2853 ad
659 2799 927 2854 Caesarem
963 2799 1166 2855 Paulus
1191 2813 1541 2869 provocasset
1586 2815 1640 2858 et
1686 2805 1753 2858 ad
1787 2807 1964 2862 Catsa-

406 2909 518 2950 rem
553 2893 763 2949 aFesto
794 2903 1026 2964 praetore
1058 2895 1260 2949 missus
1296 2908 1459 2961 esset,
1521 2913 1616 2967 spe
1686 2915 1780 2954 sua
1841 2901 1960 2954 fru-

402 2987 559 3048 strati
591 2993 816 3056 propter
835 3001 998 3056 quam
1030 2986 1256 3042 insidias
1284 2988 1333 3042 ei
1364 2997 1699 3056 struxerant,
1725 2995 1790 3047 ad
1816 2994 1961 3048 hunc

403 3089 462 3129 se
485 3075 747 3130 Jacobum
778 3075 1085 3137 conferunt,
1146 3092 1385 3146 emnque
1442 3079 1520 3133 sic
1579 3083 1956 3150 compellant:

409 3164 686 3220 clnliibeto
731 3165 992 3234 populum
1047 3164 1216 3229 hunc,
1275 3166 1720 3236 quandoquidem
1776 3186 1962 3226 errore

401 3255 639 3332 quodam
667 3253 934 3316 inlesum
959 3255 1283 3333 propendet.
1347 3255 1480 3319 Nam
1523 3257 1620 3311 tibi
1669 3275 1768 3314 nos
1808 3261 1963 3316 testi-

402 3358 584 3420 monio
611 3372 823 3422 sumus,
855 3370 918 3410 ac
946 3356 1180 3424 populus
1211 3356 1348 3409 adeo
1379 3357 1688 3423 universus,
1717 3351 1860 3427 quod
1887 3355 1963 3416 sis

398 3451 484 3502 vi,
509 3450 715 3519 justus,
751 3465 769 3498 .
816 3447 968 3512 Erat,
1031 3462 1154 3500 cum
1209 3448 1324 3502 haec
1379 3458 1694 3518 agerentur,
1740 3451 1962 3508 Pascha:

397 3541 598 3602 festum
650 3539 830 3604 Quare
863 3553 987 3592 cum
1017 3538 1072 3591 in
1106 3539 1302 3608 pinnas
1339 3555 1463 3594 eum
1497 3541 1686 3610 templi
1736 3544 1960 3599 statuis-

399 3638 542 3695 sent,
578 3629 840 3683 aiebant:
877 3629 1052 3696 «Tibi,
1085 3646 1117 3684 ο
1142 3632 1310 3700 juste,
1366 3632 1551 3687 cuncti
1604 3632 1766 3688 ﬁdem
1801 3635 1961 3690 adhi-

402 3724 612 3778 bemus.
651 3721 790 3786 Quia
842 3737 974 3776 vero
1001 3724 1236 3792 populus
1276 3725 1754 3795 erroreimpulsus
1775 3728 1959 3784 Jcsum

397 3817 547 3894 illum
583 3818 902 3880 cruciﬁxum
947 3827 1206 3884 sectatur,
1267 3821 1510 3876 indicato
1559 3824 1719 3879 nobis
1777 3825 1955 3894 quod-

394 3892 522 3966 itam
559 3911 653 3967 Dei
695 3912 766 3968 sit
807 3913 1065 3966 ostium.»
1123 3913 1201 3966 lbi
1241 3928 1366 3968 cum
1411 3915 1528 3983 ipse
1577 3892 1960 3995 respondisset

392 4004 577 4074 Jesum
607 4006 661 4058 in
691 4005 832 4060 c0310
867 4005 933 4059 ad
962 4005 1243 4060 dexteram
1297 4022 1503 4076 magnae
1533 4008 1676 4061 illius
1711 4015 1959 4076 potesta.

399 4097 468 4150 tis
498 4094 788 4149 considere
820 4109 882 4148 ac
911 4094 965 4146 in
999 4094 1142 4148 aeris
1175 4094 1417 4148 nubibus
1439 4094 1735 4164 aliquando
1772 4110 1961 4149 rever-

398 4198 633 4247 surum,
669 4183 1052 4238 esclamarunt
1081 4199 1273 4240 omnes
1311 4202 1322 4238 :
1351 4204 1369 4237 ί
1402 4186 1553 4241 Heu!
1598 4187 1712 4240 lleu
1737 4190 1749 4242 !
1776 4189 1958 4259 justus

397 4274 563 4328 etiam
593 4274 645 4328 in
678 4259 936 4328 errorem‘
957 4275 1259 4343 perductus
1289 4287 1428 4331 εει.»
1487 4277 1678 4347 ltaq..e
1715 4279 1782 4334 ad
1821 4290 1958 4334 tem-

399 4360 470 4429 pli
502 4360 698 4430 pinnas
729 4360 1092 4417 ascendentes
1117 4376 1244 4416 eum
1278 4357 1603 4434 dejecerun't
1655 4375 1710 4420 et
1763 4366 1958 4435 lapidi-

1985 3119 2032 3181 C

2071 533 2430 601 διαληφθέντα
2457 537 2756 606 τηνικαῦτα
2788 541 3062 608 γεγόνασι.
3090 541 3321 610 Τρέχειν
3351 540 3567 609 ἤρξατο
3595 543 3646 592 τὸ

2072 624 2133 675 ιη’
2159 624 2276 688 ἔτος
2307 627 2408 697 τῆς
2445 629 2721 698 βασιλείας
2754 631 3010 701 Τιϐερίου
3047 635 3328 702 Καίσαρος
3353 674 3367 697 ,
3410 633 3516 686 καὶ
3551 650 3642 698 κηο

2070 715 2292 782 ρύσσειν
2325 721 2353 771 ὁ
2394 720 2602 783 Παῦλος
2645 721 2892 792 ἄρχεται,
2924 723 2997 786 ὼς
3037 724 3246 792 ἱστορία
3289 723 3453 792 φησί.
3494 725 3643 793 Διέρ-

2069 824 2253 875 χονται
2280 810 2457 862 τοίνυν
2483 811 2574 882 ἔτη
2603 811 2643 866 δ’
2665 813 2732 866 τὰ
2759 815 3015 868 ἐπίλοιπα
3039 815 3139 884 τῆς
3169 815 3456 882 βασιλείας
3486 816 3643 868 Τιϐεο

2072 899 2189 967 ρίου
2209 915 2224 931 ⁸
2253 902 2345 953 καὶ
2371 903 2478 970 γὰρ
2505 903 2675 970 εἴκοσι
2698 905 2790 956 καὶ
2815 904 2907 957 δύο
2933 904 3026 974 ἐτη
3050 905 3120 958 τὰ
3147 906 3324 960 πάντα
3349 906 3644 976 κρατήσας

2071 985 2406 1052 εὑρίσκεται.
2441 991 2758 1061 Διέρχονται
2791 993 2848 1046 δὲ
2881 993 3080 1063 ὁμοίως
3115 997 3209 1048 καὶ
3242 997 3308 1049 τὰ
3343 996 3451 1065 τῆς
3491 995 3641 1064 βασι-

2070 1075 2218 1140 λείας
2247 1078 2407 1131 Γαῖου
2439 1081 2532 1150 ετη
2562 1081 2626 1147 δ’,
2655 1084 2747 1137 καὶ
2777 1084 3048 1138 Κλαυδίου
3078 1086 3133 1139 δὲ
3158 1086 3360 1155 ὁμοίως
3391 1088 3643 1157 διέρχον-

2067 1188 2159 1225 ται
2187 1172 2281 1241 ἐτη
2309 1175 2440 1228 ὡσεὶ
2473 1176 2555 1233 ιδ’.
2585 1178 2786 1231 Τοῦτον
2809 1181 2836 1232 δ
2864 1180 3053 1249 Νέρων
3082 1180 3408 1250 διαδέχεται,
3445 1182 3543 1233 καὶ
3574 1182 3643 1249 τῷ

2071 1269 2137 1329 ιγ’
2163 1263 2270 1317 έτει
2303 1266 2401 1334 τῆς
2435 1267 2600 1321 αὑτοῦ
2640 1267 2914 1338 βασιλείας
2936 1271 3147 1338 ἀναιρεῖ
3174 1271 3264 1323 τὸν
3283 1269 3638 1323 Ἀπόστολον.

2069 1355 2375 1422 Τριάκοντα
2413 1359 2595 1412 λοιπὸν
2637 1361 2730 1413 καὶ
2767 1359 2931 1413 πέντε
2969 1360 3310 1430 εὑρίσκονται
3347 1362 3423 1413 τὰ
3460 1361 3554 1430 ἔτη
3592 1363 3643 1416 ἐν

2067 1440 2146 1508 οἷς
2191 1448 2218 1499 ὁ
2265 1447 2476 1512 Παῦλος
2521 1449 2778 1519 ἐκήρυξε.
2819 1450 3084 1504 Τοσοῦτον
3121 1451 3176 1503 δὲ
3215 1451 3280 1505 τὰ
3326 1451 3430 1519 τῆς
3477 1451 3640 1505 αὐτοῦ

2071 1535 2476 1606 μετεχειρίζετο
2510 1538 2819 1602 διακονίας,
2850 1539 2925 1601 ὡς
2960 1538 3053 1592 καὶ
3088 1538 3224 1608 πρὸς
3260 1538 3526 1592 Ἰάκωϐον
3559 1539 3641 1592 τδν

2067 1627 2388 1694 ἀδελφόθεον
2427 1629 2688 1682 εἰσελθεῖν
2727 1629 2822 1682 καὶ
2865 1629 3171 1701 συμϐουλὴν
3208 1631 3266 1696 ὲξ
3307 1631 3526 1682 ἐκείνου
3566 1631 3642 1682 δέ-

2069 1719 2262 1785 ξασθαι
2321 1719 2622 1790 ξυρηθῆναι
2679 1721 2771 1774 καὶ
2827 1721 3148 1795 ἁγνισθῆναι
3204 1721 3314 1774 τῶν
3370 1721 3640 1781 Ἰουδαίων

2066 1811 2149 1864 ἒνε
2159 1828 2272 1866 κεν.

2137 2073 2303 2140 Οὗτος
2332 2080 2360 2130 ὁ
2394 2076 2650 2138 Ἰάκωϐος
2681 2077 2971 2148 ἀρχιερεὺς
3001 2076 3634 2149 Ἰεροσολύμωνπρῶτος

2063 2169 2402 2239 ἐχρημάτισε
2429 2185 2444 2200 ’
2477 2167 2793 2238 προείλοντο
2822 2168 2930 2238 γὰρ
2958 2167 3119 2222 αὑτὸν
3147 2167 3287 2223 ὥστε
3320 2169 3396 2240 μὴ
3430 2170 3633 2240 Πέτρον

2065 2261 2161 2315 καὶ
2195 2261 2454 2329 Ἰωάννην
2487 2261 2582 2314 καὶ¹
2618 2259 2873 2314 Ἰάκωϐον
2909 2258 3064 2330 δόξης
3098 2260 3284 2313 ἕνεκεν
3319 2261 3632 2324 ἐπιδικάζε-

2070 2352 2216 2417 σθαι,
2253 2351 2396 2405 καθὰ
2433 2351 2667 2421 Κλήμης
2710 2351 2738 2402 ὁ
2765 2350 3128 2419 Στρωματεὺς
3165 2352 3388 2420 ἱστορεῖ.
3431 2353 3630 2404 Τοῦτον

2070 2440 2252 2508 μέντοι
2282 2439 2374 2493 τὶν
2404 2439 2658 2492 Ἰάκωϐον
2684 2439 2776 2491 καὶ
2803 2439 3012 2492 δίκαιον
3041 2439 3268 2492 ἐκάλουν
3296 2440 3383 2492 διὰ
3411 2439 3514 2508 τὴν
3543 2440 3628 2493 αὖ·

2065 2528 2158 2582 τοῦ
2190 2529 2408 2599 ἀρετήν.
2440 2523 2607 2590 Οὗτός
2641 2529 2789 2581 ἐστιν
2818 2529 2846 2581 ὁ
2873 2528 3014 2581 κατὰ
3042 2527 3135 2581 τοῦ
3167 2526 3471 2594 πτερυγίου
3505 2527 3626 2596 βληη

2067 2621 2181 2682 θεὶς
2206 2621 2299 2674 καὶ
2325 2621 2476 2689 παρὰ
2493 2620 2586 2672 τοῦ
2611 2618 2856 2687 κναφέως
2879 2617 3020 2687 ξύλῳ
3043 2619 3270 2687 πληγεὶς
3293 2620 3438 2672 κατὰ
3463 2635 3626 2688 κεφα-

2065 2711 2163 2775 λῆς
2191 2712 2271 2772 είς
2303 2709 2552 2763 θάνατον.
2592 2709 2836 2763 Ἰουδαῖοι
2867 2710 2972 2780 γὰρ
2999 2710 3094 2762 τοῦ
3126 2709 3340 2762 Παύλου
3372 2711 3624 2780 Καίσαρα

2065 2804 2491 2872 ἐπικαλουμένου
2523 2803 2616 2856 καὶ
2645 2803 2748 2856 ὑπὸ
2775 2803 2986 2874 Φήστου
3018 2805 3384 2874 πεμφθέντος,
3410 2805 3518 2873 τῆς
3544 2805 3623 2857 ἐλ-

2065 2894 2374 2958 πίδοςκαθ⁹
2399 2894 2466 2965 ἢν
2507 2891 2766 2964 ἐξήρτυον
2805 2893 2953 2964 αὐτῷ
2988 2895 3086 2965 τὴν
3129 2896 3422 2967 ἐπιϐουλὴν
3464 2897 3625 2949 ἐκπε-

2065 2986 2246 3047 σόντες
2264 3027 2280 3052 ,
2311 2986 2399 3038 ἐπ’
2423 2985 2582 3040 αὑτὸν
2608 2986 2918 3052 τρέπονται,
2949 2988 3041 3040 καὶ
3065 2985 3309 3054 λέγουσιν
3335 3006 3354 3038 ι
3378 2988 3622 3059 Ἐπίσχες

2063 3079 2154 3132 τὸν
2199 3078 2350 3142 λαὸν,
2399 3077 2524 3130 ἐπεὶ
2570 3077 2848 3148 ἐπλανήθη
2897 3079 2977 3140 είς
3019 3077 3262 3147 Ἰησοῦνο
3311 3081 3480 3148 ἡμεῖς
3526 3083 3621 3151 γὰρ

2069 3169 2454 3239 μαρτυροῦμεν
2485 3184 2566 3222 σοι
2587 3210 2604 3234 ,
2633 3169 2728 3222 καλ⁹
2760 3170 2868 3232 πᾶς
2899 3172 2926 3222 ὁ
2953 3169 3111 3235 λαὸς,
3142 3171 3223 3222 ὅτι
3252 3169 3463 3234 δίκαιος
3494 3166 3566 3226 εἴ.
3600 3191 3616 3224 ι

2064 3257 2171 3314 Ἦν
2201 3261 2258 3314 δὲ
2292 3261 2504 3332 Πάσχα.
2540 3262 2650 3315 Καὶ
2687 3262 2982 3331 στήσαντες
3016 3262 3176 3314 αὑτὸν
3211 3262 3304 3313 ἐπὶ
3335 3262 3396 3314 τὸ
3430 3265 3624 3333 πτερύ-

2061 3373 2178 3432 γιον
2208 3349 2380 3416 εἶπον.
2420 3354 2659 3424 (Alme,
2692 3353 2776 3410 σοὶ
2803 3355 3004 3417 πάντες
3033 3355 3357 3426 πειθόμεθα·
3393 3357 3546 3410 Ἐπεὶ
3569 3357 3619 3410 δὲ

2062 3458 2091 3509 ὁ
2135 3455 2261 3516 λαὸς
2306 3453 2574 3512 πλανᾶται
2619 3450 2796 3503 ὀπίσω
2833 3447 3008 3518 Ἰησοῦ
3053 3447 3146 3500 τοῦ
3198 3448 3615 3518 σταυρωθέντος,

2064 3546 2396 3614 ἀπάγγειλον
2423 3546 2554 3614 ήμϊν
2580 3543 2662 3605 τίς
2692 3544 2725 3612 ή
2757 3541 2895 3611 θύρα
2922 3541 3016 3595 τοῦ
3046 3541 3202 3596 Θεοῦ.
3243 3560 3261 3593 ι
3300 3543 3542 3597 Ἐκείνου
3566 3543 3615 3595 δὲ

2064 3635 2452 3708 ἀποκριθέντος
2485 3635 2564 3688 ὅτι
2601 3633 2807 3704 Ἰησοῦς
2844 3633 3076 3704 κάθηται
3113 3634 3167 3685 ὲν
3202 3633 3280 3704 τῷ
3313 3633 3529 3703 οὖρανῷ
3562 3636 3617 3685 ἐκ

2063 3730 2250 3794 δεξιῶν
2277 3729 2375 3797 τῆς
2410 3726 2650 3796 μεγάλης
2682 3725 3000 3794 δυνάμεως,
3034 3727 3125 3778 καὶ
3158 3726 3339 3795 μέλλει
3370 3727 3614 3796 ἔρχεσθαι

2063 3824 2151 3874 ἐπὶ
2177 3821 2283 3874 τῶν
2312 3819 2550 3886 νεφελῶν
2577 3818 2670 3872 τοῦ
2700 3819 2950 3888 οὐρανοῦ,
2980 3818 3236 3883 ἔκραξανο
3262 3821 3355 3872 ιὯ
3380 3818 3445 3882 ὣ,
3476 3821 3566 3873 καὶ
3590 3822 3614 3873 ὁ

2061 3913 2266 3975 δίκαιος
2296 3911 2600 3981 ἐπλανήθη.
2642 3929 2660 3961 ι
2697 3910 3044 3966 Κατέϐαλλον
3073 3905 3165 3963 οῦν
3196 3911 3358 3964 αὑτὸν
3385 3910 3612 3962 ἀναϐάνο

2060 4019 2175 4068 τες,
2218 4002 2312 4056 καὶ
2359 4000 2579 4072 ἔβαλλον
2621 3998 2809 4062 λίθοις.
2854 3999 2966 4053 Καὶ
3007 3999 3171 4062 εὐθὺς
3216 4000 3610 4063 Οὐεσπασιανὸς

2061 4093 2339 4165 πολιορκεῖ
2373 4091 2590 4154 αὐτούς.
2632 4091 2899 4144 Τοσοῦτον
2935 4089 2991 4143 δὲ
3032 4086 3100 4160 ἦν
3138 4091 3345 4154 δίκαιος
3386 4091 3461 4154 ὡς
3496 4089 3611 4151 τοὺς

2060 4186 2337 4256 ἔμφρονας
2359 4182 2466 4236 τῶν
2495 4180 2762 4236 Ἰουδαίων
2786 4179 3028 4249 νομίζειν
3053 4179 3119 4232 δι’
3144 4179 3306 4231 αὐτὸν
3332 4178 3501 4231 ταῦτα
3527 4196 3607 4245 γε·

2059 4276 2263 4334 νὲσθαι.
2302 4275 2506 4341 Γράφει
2546 4271 2602 4324 δὲ
2637 4271 2729 4325 καὶ
2764 4271 3042 4339 Ἰώσηπος·
3082 4269 3296 4322 «Ταῦτα
3329 4269 3385 4321 δὲ
3422 4268 3610 4339 συμϐί-

2061 4371 2228 4440 ϐηκεν
2251 4365 2526 4428 Ἰουδαίοις
2553 4363 2670 4419 κατ’
2691 4363 2968 4432 ἐκδίκησιν
2992 4362 3247 4416 Ἰακώϐου
3271 4362 3365 4414 τοῦ
3389 4361 3605 4422 δικαίου,

398 4453 496 4507 bus
521 4453 848 4506 obruerunt.
873 4452 1062 4522 Neque
1093 4452 1266 4507 multo
1302 4463 1425 4523 post
1475 4452 1838 4524 Vespasianus
1858 4472 1954 4510 eos

2065 4457 2116 4519 ὃς
2148 4453 2216 4528 ἧν
2245 4454 2470 4523 ἀδελφὸς
2507 4451 2684 4522 Ἰησοῦ
2709 4451 2805 4505 τοῦ
2838 4452 3133 4520 λεγομένου
3165 4451 3404 4521 Χριστοῦ
3439 4471 3480 4504 ι.
3510 4450 3606 4501 Τὸν

395 4541 632 4598 obsedit.
662 4543 900 4598 Jacobus
926 4544 1043 4613 ipso
1077 4552 1186 4600 tam
1211 4545 1394 4615 jusms
1425 4557 1566 4606 erat,
1612 4557 1672 4600 ut
1700 4547 1952 4602 homines

395 4631 539 4700 apud
574 4632 794 4688 Iudaeos
826 4645 1010 4689 mente
1040 4634 1256 4704 praediti
1302 4635 1683 4690 existimarent
1713 4637 1954 4692 obsideri

397 4725 586 4779 urbem
624 4728 796 4794 ipsius
828 4729 997 4783 easdis
1025 4743 1214 4783 causa.
1247 4728 1522 4798 Josepbus
1557 4728 1778 4798 quidem
1805 4737 1955 4783 certe

394 4817 449 4873 in
480 4815 594 4869 haec
629 4819 795 4872 verba
823 4820 1015 4873 scribit
1053 4837 1065 4872 :
1101 4819 1448 4873 «Evenerunt
1477 4819 1591 4872 haec
1617 4819 1820 4874 Judzeis
1847 4859 1860 4883 ,
1899 4831 1958 4876 ut

393 4907 526 4977 justi
554 4907 700 4961 illius
746 4909 936 4963 Jacobi
986 4910 1164 4966 caedes
1196 4910 1589 4974 vindicaretur,
1633 4911 1725 4979 qui
1784 4910 1953 4965 frater

392 5007 512 5059 erat
564 5001 682 5070 ejus
705 5000 836 5055 Jesu
882 5017 1042 5072 quem
1066 5002 1345 5059 Christum
1397 5012 1734 5073 nuncupant.
1767 5023 1786 5056 ι
1833 5004 1952 5076 Ouo

392 5100 560 5162 pacto
589 5093 893 5149 eXStinclus
922 5095 1016 5158 sit,
1063 5096 1321 5150 nimirum
1354 5097 1500 5166 quod
1558 5097 1950 5166 pratcipitatus,

391 5184 534 5251 quod
565 5184 841 5254 lapidibus
869 5185 1126 5249 obrutus,
1154 5187 1299 5256 quod
1335 5187 1532 5255 positis
1570 5189 1803 5258 genibus
1852 5203 1952 5256 pro

389 5277 720 5340 adversariis
758 5278 926 5333 Deum
956 5290 1238 5347 precatus,
1275 5281 1420 5350 quod
1470 5281 1617 5351 ligno
1662 5295 1954 5350 percussus

386 5369 609 5424 tandem
649 5379 900 5424 mortuus
928 5369 1117 5428 fuerit.
1157 5370 1567 5424 Alexandrinus
1593 5369 1952 5425 illcClemens

393 5460 592 5517 litteris
651 5463 1014 5532 consignavit.
1040 5461 1205 5516 Addit
1228 5470 1412 5516 autem
1453 5461 1719 5530 Josepbus
1756 5459 1951 5529 hujus-

394 5555 542 5608 mudi
572 5571 586 5609 :
620 5556 848 5611 «Vinum
867 5563 923 5610 et
952 5555 1183 5610 siceram
1221 5569 1331 5608 non
1363 5553 1620 5619 bibebat;
1646 5552 1948 5606 animatum

2057 4547 2158 4617 μὲν
2184 4545 2276 4598 οῦν
2303 4545 2504 4614 τρόπον
2551 4545 2650 4613 τῆς
2680 4542 2942 4608 τελευτῆς
2967 4541 3155 4606 αὐταῦ,
3197 4544 3366 4612 ήγουν
3400 4543 3457 4594 τὸ
3484 4558 3608 4610 κρης

2057 4637 2348 4708 μνισθῆναι
2381 4639 2474 4694 καὶ
2503 4635 2826 4703 λιθασθῆναι
2844 4635 2935 4688 καὶ
2955 4635 3317 4703 γονυπετῆσαι
3346 4634 3435 4689 καὶ
3460 4631 3605 4695 εὖξα-

2057 4731 2178 4782 σθαι
2209 4727 2349 4797 ὑπὲρ
2378 4727 2556 4782 αὐτῶν
2586 4726 2676 4778 καὶ
2703 4723 2845 4794 ξύλῳ
2875 4725 3151 4793 πληγέντα
3175 4725 3542 4793 τελειωθῆναι,
3577 4725 3600 4775 ὁ

2055 4823 2287 4892 Κλήμης
2321 4821 2606 4891 ἱστόρησεν
2626 4861 2640 4882 ,
2671 4822 2698 4872 δ
2725 4821 2780 4873 δὲ
2799 4819 3063 4889 Ἰώσηπος
3093 4817 3265 4871 ταῦτα
3290 4836 3303 4848 ·
3341 4814 3490 4872 Οἶνον
3517 4816 3602 4868 καὶ

2064 4910 2256 4978 σίκερα
2292 4913 2391 4967 οὐκ
2430 4911 2611 4972 ἔπιεν,
2649 4910 2887 4980 ἔμψυχον
2920 4909 3020 4961 οὐκ
3061 4908 3294 4975 ἔφαγεν,
3337 4908 3488 4980 ξυρὸν
3518 4907 3599 4959 ἐπὶ

2059 5003 2158 5072 τὴν
2188 5002 2427 5072 κεφαλὴν
2457 5001 2621 5055 αὑτοῦ
2649 5004 2746 5054 οὐκ
2775 5000 2963 5068 ἀνέϐη,
2999 4999 3177 5053 ἔλαιον
3205 5000 3308 5052 οὐκ
3339 4999 3594 5068 ἠλείψατο,

2061 5096 2154 5146 καὶ
2184 5095 2448 5164 βαλανείῳ
2473 5094 2572 5147 οὐκ
2600 5095 2883 5164 ἐχρήσατο.
2911 5091 3098 5161 Τούτῳ
3129 5093 3274 5162 μόνῳ
3302 5091 3425 5162 ἐξῆν
3447 5094 3518 5154 εἰς
3538 5087 3597 5142 τὰ

2058 5185 2187 5251 ἅγια
2219 5186 2445 5239 εἰσιέναι
2479 5185 2573 5238 καὶ
2601 5185 2817 5237 δέεσθαι
2849 5185 2987 5249 ὑπὲρ
3015 5184 3109 5237 τοῦ
3138 5183 3268 5237 λαοῦ
3288 5224 3303 5249 ,
3332 5184 3404 5247 ὡς
3434 5180 3593 5236 ὲντεῦ·
3679 5247 3683 5249 _

2059 5277 2148 5328 θεν
2179 5275 2582 5347 ἀπεσκληκέναι
2614 5277 2680 5327 τὰ
2712 5275 2916 5342 γόνατα
2950 5275 3111 5328 αὑτοῦ
3145 5275 3306 5345 δίκην
3333 5276 3589 5345 καμήλου,

2057 5365 2479 5434 γονυπετοῦντος
2518 5367 2611 5419 καὶ
2650 5367 2904 5436 δεομένου
2946 5366 3138 5434 ἄφεσιν
3175 5367 3255 5436 τῷ
3292 5366 3422 5436 λαῷ.
3458 5364 3591 5418 Ἀπέ-

2055 5475 2275 5512 κτειναν
2302 5460 2360 5511 δὲ
2391 5460 2553 5512 αὑτὸν
2581 5461 2630 5510 oi
2666 5459 2912 5512 Ἰουδαῖοι
2945 5458 3084 5527 μετὰ
3109 5457 3207 5528 τὴν
3233 5457 3478 5527 τελευτὴν
3500 5457 3588 5522 Φήο

2057 5566 2182 5602 στου
2211 5549 2473 5620 ἀναρχίαν
2501 5549 2770 5620 εὑρόντες.

391 5646 529 5710 nihil
562 5649 915 5714 comedebat;
950 5649 1273 5703 novaculam
1308 5649 1364 5702 in
1410 5659 1573 5718 caput
1617 5647 1820 5701 nullam
1892 5647 2222 5714 admiserat;
2287 5647 2410 5701 oleo
2471 5662 2530 5702 se
2605 5662 2714 5702 non
2787 5647 3158 5718 perungebat;
3224 5649 3411 5704 balneo
3456 5641 3581 5698 nullo

393 5738 667 5806 utebatur.
704 5740 767 5797 Et
790 5741 1009 5815 quidem
1045 5740 1095 5795 ci
1123 5741 1221 5796 soli
1270 5743 1350 5796 fas
1413 5750 1529 5798 erat
1604 5740 1660 5794 iu
1733 5740 1891 5805 adyta
1925 5741 2104 5806 templi
2145 5749 2198 5795 et
2261 5740 2554 5807 penetralia
2609 5740 2859 5808 ingredi,
2926 5750 2980 5794 ut
3035 5757 3226 5805 prcccs
3265 5758 3360 5804 pro
3405 5735 3579 5804 populi!
