3794 6226
196 313 295 376 ιιι

1434 318 1839 379 ANNALIUM
1880 319 2071 378 PARS
2115 318 2225 379 III.

3317 323 3421 376 434

196 421 535 488 conciperet;
572 436 676 490 qua
712 437 844 476 sane
867 423 947 478 de
974 437 1138 478 causa
1183 423 1557 479 occalluerunt
1593 426 1762 479 instar
1802 427 1991 480 cameli
2028 425 2193 494 229
2256 426 2376 492 ejus
2424 442 2620 495 genua,
2656 442 2799 480 uum-
2821 433 3087 495 perpetuo
3121 441 3175 478 tn
3209 425 3275 479 iis
3297 442 3425 490 pro-

195 513 476 568 cumberet
542 528 606 566 ac
668 513 841 567 Deum
907 524 1162 568 exoraret
1224 525 1285 569 ut
1336 515 1566 571 Judaico
1632 518 1832 585 populo
1873 519 2032 570 venia
2085 519 2207 570 data
2286 517 2610 586 ignosceret.
2672 517 3000 571 Interfectus
3038 534 3065 569 a
3113 515 3316 570 Judaeis
3340 524 3424 570 est

193 618 309 680 post
368 607 512 662 Festi
565 609 816 676 pectoris
869 619 1124 675 mortem,
1180 601 1290 679 quo
1333 621 1582 680 tempore
1617 613 1852 704 nec'dum
1923 613 2031 666 alio
2107 621 2339 682 prartore
2405 621 2691 676 surrogato
2751 614 2988 666 neminis
3036 613 3266 682 imperio
3324 629 3423 682 pa-

193 700 402 754 rebant.

257 797 367 848 Καὶ
394 797 423 847 6
456 795 552 864 μὲν
591 796 846 858 Ἰάκωϐος
875 788 1032 858 οὗτος
1053 839 1068 864 ,
1101 799 1127 850 6
1158 797 1480 864 άδελφόθεος
1510 798 1745 868 δηλαδὴ,

1931 800 2196 854 Caeterum
2224 797 2459 853 Jacobus
2501 797 2614 861 hic,
2660 796 2871 849 Domini
2919 796 3125 859 frater,
3159 813 3266 850 non
3306 807 3423 850 erat

190 889 251 956 τῇ
295 885 555 939 δωδεκάδι
598 887 702 939 τῶν
751 889 1012 959 μαθητῶν
1053 889 1152 941 οὐκ
1196 885 1264 958 ἦν
1307 891 1644 960 ἐναρίθμιος,
1687 891 1754 943 τὰ

189 977 374 1047 πρῶτα
402 976 459 1027 δὲ
489 977 634 1044 ὅμως
665 978 794 1048 παρ’
817 979 998 1040 αὐτοῖς
1029 979 1212 1047 ἔφερε.
1243 981 1350 1034 Καὶ
1379 982 1488 1048 γὰρ
1517 983 1754 1043 ἀναστὰς

189 1071 246 1122 ὲκ
273 1069 486 1139 νεκρῶν
510 1070 537 1122 6
567 1069 797 1138 Κύριος,
825 1070 900 1133 ώς
931 1074 958 1124 6
990 1072 1219 1140 Κλήμης
1248 1073 1414 1141 φησι,
1443 1075 1632 1144 Πέτρῳ
1665 1075 1756 1128 καὶ

199 1156 412 1229 Ἰωάννῃ
441 1159 534 1211 καὶ
566 1157 809 1227 Ἰακώϐῳ
832 1158 910 1227 τῷ
939 1158 1243 1229 άδελφοθέῳ
1271 1161 1367 1228 τὴν
1399 1161 1598 1229 γνῶσιν
1629 1159 1755 1212 ἑδω-

186 1267 303 1315 κεν,
331 1244 479 1302 οὗτοι
509 1249 564 1302 δὲ
596 1251 704 1312 τοῖς
734 1249 962 1312 λοιποτς.
994 1251 1106 1319 Πρὸ
1135 1251 1242 1320 γὰρ
1269 1251 1368 1319 τῆς
1405 1251 1754 1313 ἀναστάσεως

171 1339 272 1394 ..καὶ
297 1341 580 1394 ὲνεκότουν
606 1341 684 1410 τῷ
715 1341 903 1413 Κυρίῳ
933 1343 1025 1394 καὶ
1052 1342 1317 1412 ἠπίστουν
1345 1336 1494 1413 αὖτῷ
1522 1346 1568 1395 οί
1601 1342 1755 1396 ἀδελ-

185 1432 266 1497 φοὶ
285 1419 471 1495 αὐτοῦ,
493 1431 567 1494 ὡς
589 1434 616 1485 ὁ
635 1431 1040 1502 Εὐαγγελιστὴς
1064 1432 1320 1502 Ἰωάννης
1341 1417 1493 1503 φησί.
1513 1434 1750 1502 Πρόσεχε

184 1520 252 1580 δὲ,
282 1519 556 1588 ἁγαπητέ.
587 1518 648 1572 Εί
679 1521 788 1589 γὰρ
821 1520 913 1572 καὶ
945 1521 1196 1589 πρώτους
1222 1522 1462 1584 ἐκείνους
1491 1523 1519 1574 6
1549 1522 1752 1591 Κύριος

182 1609 296 1672 τοὺς
319 1609 533 1663 δώδεκα
556 1610 856 1676 ἐξελέξατο,
880 1613 929 1664 εί
955 1613 1048 1665 καὶ
1070 1612 1233 1682 τιμῆς
1259 1613 1456 1684 ἠξίωσε
1483 1613 1747 1679 πλείονος,

180 1701 224 1751 εί
261 1699 350 1756 καὶ
387 1699 484 1757 ἐπὶ
530 1697 595 1752 ι6¹
620 1699 825 1770 θρόνων
859 1702 1124 1773 ὑπέσχετο
1165 1702 1387 1755 καθίσαι
1427 1703 1622 1766 αὐτοὺς
1653 1705 1751 1766 τὰς

181 1792 378 1846 δώδεκα
414 1793 594 1861 φυλὰς
619 1793 712 1846 τοῦ
747 1792 966 1864 Ἰσραὴλ
998 1794 1303 1863 κρίνοντας,
1334 1795 1382 1848 εί
1412 1795 1507 1847 καὶ
1538 1795 1748 1848 σύνδει-

181 1903 292 1937 πνοι
324 1885 470 1955 αὐτῷ
512 1885 725 1938 ἔσονται
759 1886 881 1938 κατ’
909 1886 1123 1956 ἐκείνην
1155 1885 1251 1957 τὴν
1282 1887 1528 1956 ἡμέραν,
1564 1887 1748 1957 ἐπειδὴ

182 1978 519 2047 μιμενήκασι
547 1978 663 2046 μετ’
689 1977 875 2043 αὐτοῦ,
901 1978 1016 2030 ἀλλ’
1038 1977 1234 2048 ἔχομεν
1261 1977 1494 2048 ἀλλαχοῦ
1524 1979 1614 2032 τὸν
1639 1979 1752 2033 Κύ-

181 2085 283 2136 ριον
323 2069 486 2121 αὐτὸν
537 2069 673 2137 πρὸς
717 2070 844 2132 τοὺς
886 2071 950 2122 ὲκ
992 2070 1315 2137 Ζεϐεδαίου,
1358 2071 1523 2139 ἡνίκα
1568 2071 1748 2135 δεξιὰν

1859 893 1948 947 ille
1978 893 2198 961 quidem
2235 908 2379 945 unus
2407 907 2473 944 ex
2505 890 2797 944 duodecim
2826 890 2934 942 illis
2969 890 3272 957 discipulis,
3325 892 3420 944 sed

1857 986 2104 1052 principe
2131 994 2308 1038 tamen
2336 981 2477 1050 apud
2519 996 2615 1034 eos
2668 981 2788 1033 loco
2826 978 3152 1033 habebatur.
3213 983 3423 1052 Quippe

1856 1091 1980 1128 cum
2022 1075 2258 1142 primum
2321 1088 2388 1126 ex
2423 1073 2656 1126 mortuis
2686 1071 2949 1140 Dqtninus
3011 1074 3424 1139 resurresisset,

1855 1167 1932 1219 uti
1962 1165 2214 1219 Clemens
2245 1175 2458 1224 narrat,
2480 1164 2644 1217 Petro
2669 1171 2723 1216 et
2748 1161 2944 1216 Joanni
2969 1172 3024 1216 et
3048 1162 3252 1217 Iacobo
3276 1163 3425 1222 huic.

1856 1255 2073 1308 Domini
2101 1254 2277 1316 fratri,
2313 1254 2503 1323 primis
2536 1253 2586 1306 id
2624 1253 2917 1321 pateiecit;
2951 1253 3042 1320 qui
3077 1252 3283 1305 deinde
3312 1269 3424 1307 rem

1855 1345 1922 1398 ad
1959 1345 2266 1413 discipulos
2304 1345 2550 1413 reliquos
2580 1344 2918 1397 retulerunt.
2951 1344 3168 1397 Etenim
3201 1354 3326 1397 ante
3349 1360 3428 1397 rc-

1855 1435 2254 1492 surrectionem
2279 1435 2478 1489 fratres
2526 1435 2738 1488 Domini
2781 1437 2946 1488 etiam
3000 1434 3429 1504 indignabantur

1855 1527 1927 1588 ei,
1960 1541 2062 1580 nec
2096 1525 2260 1578 ﬁdem
2288 1525 2585 1590 habebant,
2612 1524 3076 1594 quemadmodum
3100 1526 3428 1594 evangelicae

1853 1619 2092 1686 scriptor
2143 1618 2388 1672 historiae
2447 1617 2688 1672 Joannes
2744 1617 3018 1671 meminit.
3079 1616 3193 1671 lloc
3242 1625 3422 1670 autem

1850 1711 1973 1765 loco
1989 1719 2089 1772 est,
2112 1709 2308 1763 dilecte
2336 1708 2431 1768 lili,
2460 1709 2602 1776 quod
2632 1707 3063 1761 animadvertas.
3099 1706 3423 1774 Quanquam

1851 1800 2000 1855 cnim
2032 1798 2333 1868 discipulos
2387 1799 2512 1852 illos
2563 1799 2855 1853 duodecim
2910 1799 3168 1852 Dominus
3220 1799 3426 1867 primos

1850 1891 2036 1961 elegit,
2088 1905 2398 1959 quanquam
2454 1890 2663 1943 honore
2731 1890 2923 1958 majori
2995 1890 3248 1958 dignatus
3315 1899 3423 1966 est,

1840 1999 2166 2053 .quanquam
2221 1997 2279 2036 se
2336 1981 2463 2036 illos
2515 1983 2835 2051 promiserit
2882 1997 3046 2050 supra
3116 1981 3407 2034 duodecim

1851 2076 1987 2131 solia
2020 2076 2441 2140 collocaturum,
2488 2082 2547 2128 ut
2609 2072 2900 2127 duodecim
2935 2073 3109 2126 tribus
3136 2073 3422 2126 lsraelicas

178 2157 433 2227 ῂτὴσαντο
480 2157 584 2210 καὶ
632 2157 927 2227 ἀριστεράν
973 2157 1260 2229 καθέδραν,
1307 2137 1449 2212 οὕτω
1496 2161 1742 2226 λέγοντα’

1851 2168 2114 2238 judicent,
2147 2181 2461 2236 quanquam
2487 2165 2579 2219 illo
2611 2166 2700 2218 die
2731 2164 2976 2218 convivae
3035 2163 3207 2232 ipsius
3263 2173 3426 2216 erunt

181 2263 199 2296 ι
231 2247 336 2298 Οὐκ
375 2247 518 2314 ἐμόν
561 2248 674 2299 ἐστι
710 2247 868 2300 τοῦτο
912 2247 1114 2310 δοῦναι,
1160 2248 1274 2302 ἀλλ’
1299 2246 1379 2312 οἷς
1419 2251 1777 2320 ήτοίμασται’

176 2337 310 2408 παρὰ
345 2337 439 2390 τοῦ
473 2339 705 2408 Πατρός
759 2357 882 2408 μου.
935 2359 952 2390 ι
1001 2340 1212 2394 Οὐκοῦν
1253 2343 1300 2393 εί
1340 2342 1408 2394 τὰ
1446 2343 1544 2409 τῆς
1584 2346 1748 2412 τιμῆς

178 2428 372 2497 ἐκείνης
403 2428 466 2482 οὐ
503 2429 706 2482 δίδοται
741 2432 881 2484 κατὰ
913 2431 1073 2500 χάριν
1103 2432 1238 2486 ἀλλὰ
1271 2433 1413 2486 κατὰ
1440 2436 1565 2496 τοὺς
1597 2435 1746 2502 ἀγῶ-

180 2536 266 2581 νας
294 2518 382 2582 οὒς
415 2521 444 2574 6
478 2520 608 2573 καθ’
636 2520 732 2573 ἕνα
765 2522 1078 2588 ἐνδείξεται,
1113 2525 1190 2595 μὴ
1226 2524 1472 2594 θαύμαζε
1507 2527 1622 2592 είγε
1656 2529 1746 2579 καὶ

181 2612 223 2661 οἱ
249 2615 380 2664 κατὰ
409 2613 501 2666 τὸν
538 2613 778 2679 Παῦλον,
811 2615 897 2666 ναὶ
932 2614 1034 2684 μὴν
1066 2617 1158 2667 καὶ
1193 2617 1445 2670 Ἰάκωϐον
1477 2617 1566 2670 τόν
1596 2611 1748 2672 άδελζ-

183 2703 356 2768 φόθεον
397 2705 825 2775 ἀγωνισάμενοι
855 2708 1103 2759 κοινωνοὶ
1143 2710 1237 2760 καὶ
1279 2710 1610 2780 συμμέτοχοι
1649 2713 1748 2780 τῆς

182 2795 277 2847 τῶν
302 2795 506 2850 δώδεκα
539 2799 710 2868 τιμῆς
741 2799 1153 2869 εὑρεθήσονται.
1185 2803 1294 2854 Καὶ
1325 2802 1433 2871 γὰρ
1466 2805 1621 2856 τοῦτο
1655 2807 1749 2859 καὶ

181 2885 205 2938 6
230 2887 317 2956 τὴν
345 2887 596 2955 γλῶτταν
628 2890 876 2960 Χρυσοῦς
905 2891 1054 2960 ἔλεγε
1077 2932 1091 2958 ,
1123 2892 1336 2946 Παύλου
1372 2895 1591 2964 μείζονα
1621 2897 1750 2965 στῆ-

184 2993 258 3027 ναι
287 2980 400 3030 τότε
433 2980 760 3051 μηδέτερον.

1850 2265 2138 2326 propterea
2166 2257 2311 2325 quod
2343 2255 2485 2324 apud
2519 2255 2695 2324 ipsum
2723 2254 2994 2308 manendo
3028 2265 3421 2322 perseverave-

1851 2350 1982 2411 rint,
2017 2347 2190 2401 nihilo
2220 2357 2397 2401 tamen
2435 2346 2618 2399 minus
2657 2345 2788 2398 alibi
2824 2345 3116 2398 Dominum
3158 2345 3224 2397 ad
3251 2344 3425 2397 Zebeo

1849 2441 1951 2494 da-i
2005 2440 2166 2501 ﬁlios,
2199 2454 2324 2493 cum
2381 2438 2459 2492 illi
2510 2437 2799 2491 dexterum
2857 2437 3166 2503 Iaavumque
3222 2435 3422 2490 solium

1849 2549 2017 2602 penes
2051 2533 2227 2600 ipsum
2256 2531 2564 2600 petiissent.
2629 2530 2716 2583 his
2763 2528 2950 2583 verbis
2983 2529 3085 2582 luti
3114 2528 3363 2582 videmus
3405 2547 3418 2580 :

1854 2625 2016 2694 «Ejus
2049 2625 2126 2678 rei
2162 2623 2530 2678 concedenda:
2568 2621 2802 2675 facultas
2836 2637 2941 2675 non
2993 2637 3078 2675 me
3115 2637 3284 2690 penes
3315 2633 3421 2684 est,

1849 2716 1942 2770 sed
2019 2716 2128 2769 illis
2189 2715 2294 2768 hoc
2350 2715 2595 2783 obtinget
2641 2713 2840 2781 quibus
2893 2728 2922 2766 a
2956 2712 3118 2766 Patre
3173 2722 3422 2780 paratum

1849 2806 2038 2860 erit".
2067 2825 2084 2856 ι
2126 2805 2473 2874 Quapropter
2505 2806 2549 2857 si
2587 2805 2763 2858 honos
2793 2804 2883 2858 ille
2915 2820 3022 2857 non
3057 2804 3332 2857 tribuetur
3355 2819 3424 2857 ex

1849 2898 2044 2966 gratia,
2086 2897 2181 2950 sed
2235 2912 2332 2964 pro
2361 2897 2575 2949 ratione
2631 2896 2996 2948 certaminum
3034 2910 3155 2964 quae
3188 2895 3422 2964 quilibet

1851 2987 2190 3050 exantlabit,
2251 2987 2440 3040 desine
2503 2986 2694 3038 mirari
2763 2987 3008 3039 futurum
3074 2998 3134 3040 ut.
3194 2985 3417 3054 quidam

182 3077 411 3144 exemplo
441 3074 605 3130 Pauli
632 3086 688 3130 et
716 3075 906 3132 Jacobi
965 3077 1154 3148 hujus,
1186 3078 1400 3133 Domini
1458 3078 1668 3146 fratris,
1732 3081 2128 3136 certaminibus
2180 3081 2295 3134 suis
2378 3079 2616 3148 peractis
2670 3081 2790 3149 ejus
2845 3081 3141 3150 participes
3192 3081 3418 3135 honoris

183 3165 318 3233 ﬁant,
367 3169 458 3238 qui
510 3168 807 3235 discipulis
888 3170 999 3224 illis
1051 3169 1342 3228 duodecim
1424 3180 1508 3228 est
1593 3174 1917 3242 promissus.
1988 3173 2098 3228 lloc
2188 3173 2332 3227 enim
2389 3173 2938 3244 et-Chrysostomus
3001 3173 3408 3241 pronuntiavit,

183 3261 332 3316 Paulo
357 3265 550 3320 dicens
604 3266 698 3320 illo
744 3274 989 3334 tempore
1036 3267 1312 3319 neminem
1357 3267 1736 3335 appariturum
1775 3267 2057 3338 majorem.
2799 3257 2802 3260 ’

243 3359 355 3411 Ὅτι
381 3358 434 3410 δὲ
469 3360 516 3410 oi
555 3357 800 3426 μαθηταὶ
829 3355 923 3408 τοῦ
960 3355 1197 3426 Χριστοῦ
1225 3351 1432 3410 δώδεκα
1466 3357 1558 3409 τὸν
1585 3357 1742 3426 ἀριθ-

185 3450 273 3517 μὸν
296 3453 384 3503 καὶ
418 3450 477 3503 οὐ
516 3447 746 3510 πλείους
774 3448 806 3516 ἢ
837 3447 1098 3510 ἐλάσσους
1129 3440 1268 3499 εἶναι
1295 3446 1540 3517 ἔμελλον,
1569 3449 1740 3518 ἁρχῆο

184 3541 264 3595 θεν
299 3543 448 3595 τοῦτο
493 3540 817 3608 δεδήλωται.
867 3534 976 3592 Ka‘t
1009 3539 1299 3608 πρόσσίες,
1333 3541 1379 3591 εί
1399 3537 1598 3607 βούλει,
1627 3542 1738 3602 τοῖς

1918 3360 2224 3425 Οιειεγοαυί
2258 3368 2468 3414 tantum
2519 3358 2805 3413 duodecim
2855 3358 3058 3414 Christi
3093 3359 3413 3428 discipulos.

1851 3469 1955 3508 non
1990 3454 2179 3522 plures
2212 3469 2317 3508 nec
2351 3455 2640 3524 pauciores
2675 3453 2864 3518 fuisse,
2896 3453 3000 3524 iam
3032 3464 3156 3508 ante
3187 3455 3416 3508 demon-

1847 3543 2152 3596 stravimus.
2187 3543 2444 3608 Attende,
2477 3543 2722 3602 obsecro.
2759 3558 2879 3612 qua:
2903 3541 3170 3597 dicemus.
3210 3543 3418 3609 Quem-

181 3635 502 3709 ieyopévmg.
541 3635 642 3686 ⁸⁸ον
672 3632 781 3702 γάρ
812 3632 1016 3703 τρόπον
1047 3636 1073 3684 6
1114 3630 1370 3700 αἰσθητὸς
1405 3623 1560 3690 οὗτος
1586 3631 1737 3700 ἥλιος

1851 3636 2140 3689 admodum
2198 3635 2278 3689 sol
2337 3635 2426 3688 hic
2461 3634 2680 3688 sensilis
2711 3649 2740 3686 a
2781 3633 2960 3702 primo
2997 3633 3153 3703 signo
3187 3650 3416 3690 exorsus

185 3724 278 3775 ἀπὸ
323 3722 414 3776 τοῦ
457 3721 685 3792 πρώτου
732 3721 961 3788 σημείου
998 3721 1328 3789 ἀρξάμενος,
1366 3722 1462 3774 καὶ
1499 3720 1586 3773 διά
1633 3721 1739 3772 τῶν

186 3817 243 3882 ιβ’
268 3814 467 3878 ζωδίων
499 3816 604 3884 τὴν
640 3813 807 3867 αὐτοῦ
837 3813 1070 3882 ποιήσας
1102 3813 1372 3884 περίοδον,
1402 3814 1503 3866 κάν
1532 3813 1740 3877 τούτοις

183 3909 243 3959 τά
269 3907 429 3960 αὐτοῦ
465 3909 647 3962 πάντα
681 3905 1002 3976 πληρώσας,
1039 3909 1221 3958 ἐκεῖσε
1263 3906 1424 3960 πάλιν
1473 3906 1741 3976 ὑποστρέ-

184 4017 263 4066 φει
292 4001 409 4054 ὅθεν
440 4000 538 4055 τοῦ
594 4001 798 4069 δρόμου
844 4000 1183 4068 κατήρξατο,
1209 3999 1353 4052 ιῢτω
1379 3989 1473 4053 κάι
1502 4000 1529 4051 6
1558 3999 1744 4068 νοητὸς

183 4093 318 4161 ἥλιος
341 4095 438 4162 τῆς
465 4093 840 4163 δικαιοσύνης,
883 4095 910 4145 6
938 4092 1136 4161 Κύριος
1165 4092 1321 4161 ἡμῶν
1363 4093 1570 4161 Ἰησοῦς
1605 4093 1746 4163 Χρι-

187 4181 314 4246 στὸς,
337 4184 363 4234 6
394 4183 521 4246 Υἱὸς
553 4166 653 4234 τοῖί
679 4181 814 4234 Θεοῦ
849 4183 943 4234 καὶ
971 4182 1125 4246 Θεὸς,
1148 4180 1518 4246 ’ἔξανατείλας
1544 4181 1618 4252 τῷ
1655 4187 1744 4237 κό-

192 4288 302 4343 σμῳ
325 4274 505 4338 καθὼς
532 4275 696 4336 αὐτὸς
724 4273 925 4344 ηὐδόκη
936 4291 1015 4338 σε,
1039 4275 1131 4351 καὶ
1160 4275 1246 4327 διὰ
1268 4274 1376 4326 τῶν
1404 4275 1468 4343 ιβ’
1489 4275 1746 4344 μαθητῶν

189 4363 277 4434 τὴν
313 4365 404 4419 ὑπ’
435 4364 666 4436 οὐρανὸν
694 4364 1029 4434 διαδραμὼν,
1076 4366 1258 4417 πᾶσαν
1287 4363 1386 4435 τὴν
1422 4363 1584 4417 αὐτοῦ
1621 4363 1746 4430 βού-

190 4455 335 4525 λησιν
363 4458 428 4511 δι’
459 4458 645 4512 αὐτῶν
675 4457 966 4518 ἐκτελέσας
1013 4459 1193 4508 ἐκεῖσε
1230 4456 1393 4509 πάλιν
1429 4456 1551 4508 ὅθεν
1583 4451 1746 4525 ἦλθεν

193 4547 532 4619 ὑπέστρεψεν.
565 4549 689 4602 Ὅτι
728 4549 786 4600 δὲ
819 4549 866 4599 οί
912 4547 1062 4614 παρά
1100 4548 1304 4616 Κυρίου
1331 4546 1648 4614 ἐκλεγέντες
1681 4547 1745 4615 ιβ’

194 4640 437 4710 μαθηταὶ,
475 4643 563 4695 ναὶ
610 4638 716 4711 μὴν
749 4639 842 4692 καὶ
877 4639 926 4691 οί
963 4640 1080 4692 κατ’
1117 4640 1314 4701 αὐτοὺς
1344 4641 1744 4707 ἀγωνισάμενοι

188 4733 460 4800 κρείττονα
482 4734 646 4786 τόπον
670 4733 943 4801 ἐσχήκασι
968 4732 1078 4783 τῶν
1108 4731 1472 4800 προπατόρων
1498 4732 1741 4796 ἐκείνων,

189 4821 213 4871 6
241 4826 634 4895 χρυσορρήμων
665 4823 922 4890 Ἰωάννης
953 4823 1338 4892 ἀριδηλότερον
1372 4823 1591 4885 ἔδειξεν.
1613 4823 1742 4873 Ἐπὶ

192 4911 250 4980 ιβ’
269 4915 370 4984 γὰρ
397 4915 501 4986 ἔφη
527 4917 733 4987 θρόνων
765 4914 988 4968 καθίσαι
1007 4913 1224 4978 αὐτοὺς,
1247 4914 1340 4964 καὶ
1364 4917 1658 4983 κρῖναιτάς
1678 4913 1743 4982 ιβ’

1844 3741 1943 3794 per
1977 3726 2130 3793 signa
2165 3725 2452 3778 duodecim
2495 3739 2658 3778 cursu
2694 3738 2794 3777 suo
2831 3724 3086 3776 circulari
3144 3724 3416 3788 absoluto,

1843 3827 2130 3888 postquam
2187 3816 2242 3868 in
2280 3815 2348 3868 iis
2380 3814 2517 3882 ipsis
2569 3814 2890 3868 eﬂ‘ectiones
2927 3830 3052 3867 suas
3103 3815 3414 3882 complevit,

1843 3924 1910 3962 eo
1941 3908 2192 3969 revertit,
2233 3906 2378 3959 unde
2411 3920 2608 3960 cursus
2637 3905 2853 3959 initium
2891 3905 3114 3966 fecerat,
3146 3905 3225 3958 sic
3252 3907 3415 3959 etiam

1847 4001 2178 4055 intellectilis
2217 3999 2307 4052 ille
2336 3998 2416 4052 sol
2447 3996 2671 4067 justitiae
2726 3998 2989 4052 Dominus
3036 4006 3226 4050 noster
3257 3995 3418 4051 Jesus

1843 4092 2114 4156 Christus,
2150 4091 2240 4144 Dei
2275 4089 2446 4143 Filius
2480 4097 2536 4143 et
2583 4088 2745 4154 Deus,
2783 4087 2989 4141 mundo
3044 4101 3139 4157 pro
3170 4087 3418 4155 benigni-

1849 4195 1954 4239 tate
1996 4201 2090 4237 sua
2139 4192 2407 4246 exortus,
2465 4192 2820 4252 posteaquam
2870 4179 3056 4234 orbem
3106 4189 3368 4233 terrarum
3399 4217 3414 4240 ,

1848 4291 2172 4346 quacunque
2201 4276 2339 4330 caalo
2372 4275 2460 4328 ille
2495 4273 2779 4342 subjectus
2812 4280 2933 4335 est,
2995 4285 3092 4339 per
3123 4268 3416 4322 duodecim

1849 4367 2146 4434 discipulos
2176 4381 2305 4419 suos
2337 4365 2629 4434 percurrit,
2657 4376 2928 4429 omneque
2962 4360 3268 4414 institutum
3300 4360 3419 4412 aui-

1848 4459 1919 4510 mi
1951 4457 2035 4511 sui
2065 4472 2255 4511 eorum
2286 4472 2452 4526 opera
2489 4456 2737 4524 perfecit,
2773 4469 2968 4507 rursus
3004 4452 3197 4507 eodem
3231 4465 3416 4505 rever-

1847 4567 1940 4605 sus
1969 4561 2053 4605 est
2105 4553 2246 4605 unde
2281 4551 2560 4620 profectus
2615 4550 2812 4602 fuerat.
2859 4547 2920 4600 Et
2960 4561 3089 4600 vero
3123 4544 3413 4599 duodecim

1849 4644 1971 4698 illos
2000 4644 2296 4713 discipulos
2324 4659 2354 4696 a
2389 4642 2617 4695 Domino
2670 4640 2921 4701 selectos,
2956 4640 3196 4706 itemque
3250 4636 3414 4699 alios,

1847 4737 2162 4804 quicunque
2218 4734 2474 4802 praeclara
2522 4731 2764 4800 ipsorum
2814 4729 3068 4798 exemplo
3115 4729 3414 4782 certamina

1847 4825 2122 4888 obierunt,
2157 4823 2354 4892 potiori
2410 4822 2532 4875 loco
2561 4820 2776 4874 futuros
2823 4833 2943 4872 esse
2986 4833 3148 4886 quam
3202 4817 3438 4892 priscos.

1851 4917 1970 4970 illos
2007 4925 2191 4985 patres
2215 4953 2230 4977 ,
2275 4915 2445 4967 multo
2482 4912 2687 4966 clarius
2737 4921 2920 4966 orator
2952 4910 3041 4963 ille
3078 4919 3265 4964 noster
3312 4924 3414 4962 au-

192 5005 344 5072 φυλὰς
370 5007 462 5060 τοῦ
502 5007 738 5078 Ἰσραὴλ,
769 5006 838 5077 ἢν
867 5006 931 5073 δὴ
965 5007 1135 5075 τιμὴν
1161 5005 1257 5056 οὐκ
1281 5004 1445 5056 ἔδωκε
1469 5007 1581 5066 τοῖς
1607 5021 1743 5074 προ-

1851 5024 1970 5060 reus
1999 5005 2258 5060 ostendit.
2297 5003 2554 5058 Promisit
2585 5003 2731 5058 enim
2771 5002 3033 5056 Dominus
3064 5001 3182 5055 illos
3230 5015 3290 5055 se
3324 5014 3415 5054 su-

196 5096 429 5169 πάτορσι.
457 5101 567 5153 Καὶ
597 5102 681 5154 ὅτι
712 5099 898 5152 πολλοὶ
924 5099 1030 5150 ἀπὸ
1054 5097 1331 5150 ἀνατολῶν
1380 5098 1470 5149 καὶ
1518 5098 1739 5166 δυσμῶν

195 5187 507 5257 ἐλεύσονται,
532 5193 625 5246 καὶ
658 5193 795 5262 μετὰ
817 5191 1070 5261 Ἀδραὰμ
1105 5193 1198 5245 καὶ
1227 5189 1738 5261 Ἰσαὰκγάνακλιθή-

197 5294 395 5333 σονται⁶
424 5286 530 5344 τοῖς
555 5283 610 5336 δέ
643 5300 708 5351 γε
743 5283 1062 5344 ἀποστόλοις
1092 5281 1262 5344 οὐδεὶς
1314 5281 1502 5352 ἕτερος
1536 5283 1740 5334 ὲσείται

199 5374 564 5445 συγκάθεδρος.
599 5376 706 5428 Kal.
735 5376 818 5428 ὃτι
850 5374 955 5426 ὑπὸ
988 5373 1144 5426 σκιὰν
1171 5375 1368 5426 ἐκεῖνοι
1398 5374 1518 5427 τότε
1542 5376 1740 5441 φανέν-

196 5477 276 5524 τες
300 5455 569 5530 ἐλάττονές
602 5471 710 5521 εἱσι
755 5467 865 5520 τῶν
899 5465 1330 5534 ἐνακμασάντων
1366 5467 1430 5535 τῇ
1487 5466 1736 5534 ἀληθείᾳ.

201 5552 295 5606 Καὶ
321 5557 482 5610 ταῦτα
513 5560 608 5628 μὲν
635 5562 662 5612 6
684 5559 782 5629 τὴν
811 5558 1056 5627 γλῶτταν
1093 5556 1368 5628 Χρυσοῦῖ,
1391 5561 1416 5610 ὁ
1445 5557 1503 5610 δὲ
1533 5556 1738 5610 Θεοδώο

271 5739 308 5770 ’³
343 5741 522 5804 Matth.
559 5759 649 5809 xx,
677 5740 767 5804 25.
827 5829 832 5838 1

1847 5114 1940 5167 pra
1975 5097 2261 5153 duodecim
2302 5097 2438 5150 solia
2485 5095 2647 5164 230
2693 5094 3087 5149 collocaturutn
3114 5132 3130 5157 ,
3167 5102 3228 5146 ut
3277 5092 3414 5146 duo-

1846 5191 2023 5246 decim
2071 5189 2247 5243 tribus
2291 5187 2574 5242 Israclicas
2617 5185 2897 5255 judicent;
2938 5202 3098 5255 quem
3131 5201 3262 5240 sane
3312 5184 3410 5237 lto-

1847 5297 2034 5336 norem
2087 5280 2284 5349 priscis
2321 5279 2426 5333 illis
2455 5278 2705 5348 patribus
2741 5294 2849 5332 non
2911 5278 3203 5332 concessit.
3258 5275 3406 5329 Prae-

1845 5383 1995 5426 terea
2019 5371 2176 5425 multi
2207 5371 2275 5425 ab
2311 5380 2433 5424 ortu
2458 5380 2513 5424 et
2540 5385 2736 5424 occasu
2769 5370 2991 5424 venient
3013 5377 3068 5421 et
3098 5380 3218 5420 cum
3242 5365 3408 5418 Abra-

1846 5463 2006 5517 ltamo
2033 5478 2095 5517 ac
2144 5463 2324 5516 lsaaco
2363 5461 2719 5515 recnmbent:
2757 5471 2813 5513 at
2858 5459 3118 5512 soliorum
3150 5454 3412 5524 θρυειυιῑ..

1845 5571 2033 5610 corum
2081 5555 2221 5610 alius
2275 5568 2435 5609 nemo
2472 5551 2746 5623 particeps
2795 5551 2920 5606 crit.
2950 5548 3137 5602 Itidem
3175 5546 3250 5600 illi
3279 5559 3408 5606 cum
