3794 6226
420 329 524 390 435

1713 330 1769 389 Μ
1780 326 2135 391 lCHAELliS
2174 323 2438 385 διΥῦΑι

3556 319 3640 383 435

362 502 367 507 δ
421 443 475 494 in
518 438 707 494 umbra
734 437 990 502 vixerint,
1037 436 1266 491 omnino
1301 446 1429 491 su‘nt
1464 436 1530 492 iis
1564 436 1854 492 inferiores
1898 438 1979 506 qui

2101 450 2270 506 ρητος
2299 402 2635 502 σφάλλεσθαι
2660 430 2811 499 λέγει
2839 432 2967 496 τοὺς
2994 430 3137 486 οὕτω
3169 429 3302 502 περὶ
3327 431 3433 484 τῶν
3460 449 3633 502 προπαο

422 535 474 586 in
506 534 621 602 ipso
649 531 832 600 vigore
854 529 1101 584 veritatis
1126 530 1475 584 exstiterunt.
1509 530 1633 583 Hch
1656 529 1989 599 Chrysosto-

421 626 559 678 mlis.
596 622 976 677 'l’heodoretus
1011 631 1193 677 autem
1244 638 1433 677 errare
1464 622 1595 677 dicit
1634 638 1730 678 eos
1759 624 1851 693 qui
1887 625 1991 693 hoe

420 718 579 771 modo
619 713 685 767 de
723 714 920 783 priscis
953 715 1059 770 illis
1108 715 1360 784 patribus
1397 724 1453 769 et
1505 718 1746 770 sentiant
1794 727 1850 771 et
1902 717 1988 772 lo-

415 816 671 877 quantur.
706 806 1031 874 Quanquam
1073 808 1218 859 enim
1249 806 1327 859 illi
1384 806 1672 861 Dominum
1714 806 1989 860 sensiliter

414 914 521 952 non
581 888 841 961 viderint,
890 897 1092 951 mentis
1130 906 1307 950 tamen
1346 897 1704 965 intelligentia
1757 912 1989 966 conSpe-

412 997 561 1042 ctum
597 990 666 1043 ab
694 990 758 1043 iis
785 1004 925 1043 esse.
956 989 1023 1043 Et
1055 989 1147 1058 qui
1199 990 1322 1043 aliis
1357 989 1585 1043 inferior
1615 998 1778 1057 atque
1806 990 1987 1043 minor

411 1082 481 1133 sit
512 1081 558 1134 is
584 1081 676 1150 qui
708 1082 829 1134 sinu
876 1097 975 1134 suo
1011 1090 1233 1135 sanctos
1260 1082 1504 1151 excipit?
1540 1081 1639 1147 Qui
1667 1082 1863 1144 Moses.
1893 1084 1986 1152 qui

414 1172 798 1226 transformato
846 1172 1077 1227 Domino
1126 1181 1182 1225 et
1235 1173 1351 1240 ipse
1390 1173 1811 1226 transformatus
1860 1182 1983 1239 est,

411 1260 526 1314 Elia
559 1277 774 1330 quoque
804 1271 1093 1331 prtescnte,
1128 1268 1276 1315 tanta
1305 1276 1428 1315 cum
1459 1262 1741 1331 majestate
1776 1277 1839 1317 ac
1864 1263 1983 1332 glo-

413 1352 513 1417 ria,
554 1361 613 1406 ut
646 1353 806 1407 etiam
863 1370 988 1407 cum
1028 1354 1145 1423 ipso
1177 1364 1283 1408 tam
1320 1358 1388 1411 de
1418 1370 1581 1412 cruce
1616 1373 1777 1425 quam
1808 1368 1984 1414 morte

410 1453 661 1499 secutura
686 1444 1187 1515 colloquerentur?
1216 1448 1341 1501 Haec
1374 1447 1709 1503 Theodoreti
1741 1458 1825 1504 est
1858 1464 1985 1504 scn-

412 1537 601 1590 tcntia.
640 1535 721 1590 Tu
748 1550 901 1613 vero,
945 1539 1144 1593 dilecte
1186 1538 1284 1605 illi,
1343 1540 1528 1610 potius
1565 1542 1799 1595 oratoris
1835 1540 1983 1597 illius

410 1627 563 1679 aurei
603 1627 787 1682 verbis
819 1630 1084 1685 accedito.
1127 1631 1195 1684 Et
1224 1645 1461 1701 quanam
1492 1631 1560 1686 de
1597 1632 1802 1687 causa?
1831 1632 1983 1698 Quo.

411 1720 551 1771 niam
587 1734 648 1774 ea
684 1734 806 1774 cum
839 1721 1054 1776 Domini
1088 1722 1269 1776 verbis
1293 1723 1665 1787 consentiunt,
1693 1723 1978 1792 quietiam

413 1811 464 1862 in
525 1811 821 1881 Evangelia
874 1830 973 1884 per
1024 1813 1225 1869 Lucam
1277 1814 1475 1871 litteris
1504 1816 1849 1887 ,eonsignato
1905 1816 1985 1870 sic

409 1903 682 1971 apostolos
718 1904 1049 1974 alloquitur:
1112 1926 1129 1959 ι
1169 1906 1381 1961 Felices
1429 1907 1574 1963 oculi
1607 1949 1621 1973 ,
1680 1908 1883 1978 quibus
1921 1923 1985 1964 ea

408 1996 597 2051 datum
625 2006 710 2051 est
743 1998 941 2052 intueri
966 2015 1084 2069 qua:
1113 2014 1209 2054 vos
1239 2001 1487 2057 cernitis.
1520 2000 1634 2057 Hoc
1663 2006 1808 2057 enim
1831 2002 1990 2059 vobis

409 2091 695 2158 continuo,
731 2092 1044 2159 complures
1082 2099 1234 2146 vates
1268 2102 1431 2161 atque
1466 2108 1618 2162 reges
1664 2092 1850 2148 videre
1886 2108 1986 2148 cu-

409 2178 609 2246 pivissc
635 2196 755 2250 qua:
785 2197 882 2236 vos
916 2182 1135 2245 videtis,
1172 2196 1276 2237 nec
1306 2191 1487 2238 tamen
1521 2183 1755 2248 vidisse;
1794 2199 1857 2238 ac
1889 2199 1987 2237 au-

408 2269 528 2323 dire
562 2273 837 2340 cupivisse
890 2269 1010 2342 qua:
1052 2288 1150 2328 vos
1195 2274 1421 2336 auditis,
1480 2289 1583 2329 nec
1616 2283 1797 2330 tamen
1832 2274 1987 2328 audi-

2092 527 2272 595 τόρων
2302 524 2401 578 καὶ
2440 522 2777 593 φρονοῦντας
2804 525 2900 578 καὶ
2928 524 3209 592 λέγοντας.
3237 525 3301 577 Ei
3328 524 3436 595 γὰρ
3458 527 3546 578 καὶ
3577 530 3638 599 μὴ

2090 618 2364 695 αἰσθητῶς
2398 620 2597 671 ὲκεῐνοι
2625 617 2717 671 τὸν
2744 617 2950 687 Κύριον
2988 613 3156 684 εἶδον,
3187 616 3323 670 ἀλλὰ
3355 617 3554 687 von-:63;
3580 617 3642 672 εἶ-

2088 710 2177 762 δον
2202 710 2388 764 αὐτόν.
2419 709 2546 773 Πῶς
2570 710 2626 762 δὲ
2660 710 2756 762 καὶ
2781 709 3026 762 ἐλάσσων
3050 711 3078 762 ὁ
3104 711 3228 770 τοὺς
3254 711 3450 778 ἁγίους
3472 712 3547 774 είς
3567 713 3642 763 τὸν

2090 799 2289 854 κόλπον
2321 799 2489 853 αὑτοῦ
2514 799 2826 870 δεχόμενος,
2856 800 2954 852 καὶ
2980 801 3009 853 ό
3041 803 3106 871 τῇ
3128 800 3224 853 τοῦ
3257 801 3465 873 Κυρίου
3498 820 3642 872 μετα-

2092 894 2376 963 μορφώσει
2413 893 2991 963 συμμεταμορφωθεὶς
3016 892 3251 964 Μωῡσῆς
3289 893 3408 962 ἅμα
3451 895 3529 965 τῷ
3564 896 3643 948 Ἦ-

2088 984 2179 1054 λίᾳ
2212 984 2350 1054 μετὰ
2377 983 2647 1055 τοσαύτης
2673 984 2833 1053 δόξης
2869 982 3012 1037 ὥστε
3048 984 3334 1040 συλλαϐεῖν
3363 987 3513 1057 αὐτῷ
3533 992 3642 1059 περί

2086 1091 2146 1129 τι
2206 1076 2443 1148 σταυροῦ
2502 1079 2599 1129 καὶ
2645 1076 2922 1142 θανάτους
2963 1075 3074 1130 Καὶ
3107 1078 3135 1129 ό
3191 1079 3290 1146 μὲν
3320 1078 3642 1152 Θεοδώρητος

2086 1165 2230 1221 οὕτω
2255 1184 2269 1198 ·
2303 1169 2367 1221 σὺ
2407 1167 2487 1231 δὲ,
2520 1168 2795 1237 ἁγαπητὲ,
2819 1172 2933 1231 τοῖς
2961 1170 3057 1223 τοῦ
3083 1171 3544 1244 Χρυσορρήμονος
3564 1175 3642 1227 ἐπὶ

2088 1261 2252 1314 πλέον
2280 1260 2597 1331 πρόσκεισο.
2641 1259 2797 1324 Τίνος
2828 1260 3052 1327 ἓνεκενς
3080 1262 3163 1315 ὅτι
3188 1266 3303 1327 τοῖς
3323 1262 3417 1316 τοῦ
3450 1265 3639 1335 Κυρίου

2086 1352 2269 1419 λόγοις
2315 1352 2382 1405 τά
2434 1352 2664 1405 τοιαῦτα
2697 1353 3039 1425 συνᾴδουσιν.
3081 1354 3206 1408 Ἐπὶ
3246 1356 3356 1427 γάρ
3406 1356 3483 1427 τῷ
3518 1361 3647 1427 κατὰ.

2083 1440 2301 1494 Δουκᾶν
2338 1440 2665 1512 Εὐαγγελίῳ
2696 1442 2792 1495 καὶ
2812 1442 2938 1495 τάδε
2969 1444 3084 1506 τοῖς
3110 1425 3434 1517 ἀποστόλοις
3456 1425 3637 1514 ήὲλεγε·

2091 1533 2394 1601 «Μακάριοι
2412 1534 2461 1586 οἱ
2487 1532 2760 1601 ὀφθαλμοὶ
2777 1536 2825 1587 οἱ
2854 1534 3142 1604 βλέποντες
3160 1535 3196 1589 ἃ
3222 1535 3467 1604 βλέπετε.
3498 1538 3639 1606 Λέγω

2084 1626 2190 1697 γὰρ
2213 1626 2343 1695 ὑμῖν
2372 1627 2455 1680 ὅτι
2475 1625 2656 1679 πολλοὶ
2683 1627 2963 1696 προφῆται
2995 1627 3095 1681 καὶ
3120 1628 3363 1698 βασιλεῖς
3387 1629 3638 1701 ἠθέλησαν

2089 1718 2284 1773 ίδεῐνιᾶ
2317 1719 2473 1791 ὑμεῖς
2510 1718 2759 1789 βλέπετε,
2788 1718 3006 1789 καὶεούκ
3028 1717 3195 1788 εἶδον,
3235 1722 3333 1775 καὶ
3361 1723 3585 1776 ἀκοῦσαι
3612 1724 3641 1778 ἃ

2093 1810 2345 1878 ἀκούετε,
2374 1811 2474 1865 καὶ
2495 1814 2592 1863 οὐκ
2624 1812 2920 1882 ἥκουσαν.»
2954 1810 3084 1866 Τίνα
3107 1813 3165 1866 δὲ
3189 1812 3400 1880 cauta;
3426 1817 3492 1868 τὰ
3522 1819 3642 1871 κατὰ

2092 1906 2190 1975 τὴν
2225 1904 2490 1974 ενσαρκον
2533 1904 2754 1969 πάντως
2784 1906 3120 1975 οἰκονομίαν,
3150 1899 3227 1959 ὧν
3275 1911 3323 1961 oi
3372 1908 3641 1964 ἀπόστολοι

2094 1997 2248 2067 μόνοι
2290 1997 2736 2067 κατηξιώθησαν.
2785 1999 2941 2051 Κατὰ
2972 1998 3066 2053 δύο
3109 1999 3297 2054 λοιπὸν
3327 2002 3642 2073 ὑπερέχουσι

2089 2087 2199 2140 τῶν
2234 2082 2531 2158 ἂτροφητῶν
2576 2088 2628 2141 οἱ
2673 2089 2987 2156 ἀπόστολοι,
3038 2092 3133 2145 καὶ
3177 2093 3321 2146 κατὰ
3367 2095 3428 2146 τδ
3473 2112 3643 2165 σωμα-

2090 2180 2416 2243 τικῶςίδεϊν
2443 2180 2538 2234 καὶ
2585 2180 2727 2235 κατὰ
2756 2180 2818 2235 τδ
2867 2184 3258 2253 πνευματικῶς
3300 2186 3563 2258 μυηθῆναι
3588 2187 3641 2240 τὰ

2092 2272 2233 2329 θεῖα.

408 2365 550 2418 visse
577 2366 676 2415 ⁷³.»
715 2365 973 2431 Quaenam
1004 2383 1136 2422 vero
1189 2366 1278 2421 illa
1327 2368 1497 2422 sunt?
1535 2365 1774 2422 Omnino
1823 2365 2034 2420 scilicet
2071 2379 2135 2419 ea
2168 2380 2291 2435 qua:
2318 2380 2349 2419 a
2395 2363 2616 2419 Christo
2651 2363 3122 2421 administratione
3169 2367 3342 2437 ipsius
3380 2358 3464 2424 in
3497 2385 3641 2427 carne

408 2450 640 2511 durante
672 2468 819 2528 gesta
846 2466 995 2523 sunt,
1031 2475 1266 2529 quorum
1327 2459 1750 2529 spectandorum
1823 2466 2066 2529 potestas
2105 2456 2238 2511 solis
2272 2456 2534 2526 apostolis
2567 2456 2815 2528 contigit.
2867 2458 3210 2529 Quapropter
3240 2463 3470 2531 apostoli
3522 2463 3638 2517 dua-

410 2555 511 2608 bus
544 2554 708 2609 rebus
776 2565 928 2609 vates
980 2563 1260 2624 superant,
1303 2563 1417 2610 tum
1458 2556 1607 2627 quod
1658 2556 2017 2638 corporaliter
2054 2554 2340 2613 Christum
2366 2554 2625 2623 viderint,
2677 2564 2795 2613 tum
2845 2557 2991 2631 quod
3062 2559 3425 2631 Spiritualiter
3467 2561 3532 2616 ab
3558 2576 3637 2616 eo-

408 2647 530 2699 dem
570 2645 735 2698 rebus
766 2644 965 2700 divinis
999 2643 1203 2702 fuerint
1239 2647 1465 2705 initiati.

478 2787 682 2851 Quodsi
733 2788 897 2842 etiam
934 2802 1267 2859 cognoscere
1300 2789 1396 2844 tibi
1445 2789 1579 2845 libet
1608 2805 1772 2860 quam
1825 2788 1985 2845 multi

408 2894 476 2930 ex
509 2894 628 2932 mor
655 2880 742 2934 uis
775 2880 885 2935 sint
922 2881 1253 2944 resuscitati,
1295 2892 1351 2936 et
1381 2884 1603 2952 quinam
1646 2883 1723 2936 illi
1757 2881 1984 2947 fuerint,

411 2971 508 3025 bas
542 2970 687 3040 ipsas
734 2972 1093 3027 excitationes
1138 2974 1479 3027 recensendo
1523 2973 1983 3028 commemorabi-

409 3079 550 3118 mus.
584 3062 917 3119 Acciderunt
945 3065 1114 3135 igitur
1149 3064 1200 3119 in
1226 3067 1546 3121 universum
1580 3075 1715 3122 octo‘
1750 3081 1982 3121 numero

2169 2787 2334 2842 Ἀλλὰ
2368 2789 2464 2843 καὶ
2519 2788 2620 2851 τὰς
2652 2790 2718 2842 ὲκ
2768 2786 2977 2860 νεκρῶν
3019 2790 3271 2861 ὲγέρσεις
3315 2793 3431 2860 είγε
3466 2796 3635 2865 μαθεῖν

2084 2880 2388 2950 ἐπιζητεῖς,
2417 2880 2581 2933 πόσαι
2629 2881 2770 2934 εἰσὶν
2810 2876 2983 2935 αὗται
3017 2884 3110 2936 καὶ
3150 2882 3316 2937 τίνων
3351 2887 3507 2948 εἰσὶν,
3542 2888 3633 2940 ἴδον

2084 2989 2167 3025 σοι
2210 2972 2414 3036 ταύτας
2458 2971 2958 3043 ἀπαριθμήσασθαι
2996 2975 3099 3029 οὐκ
3132 2976 3440 3048 ὀκνησομεν
3482 2980 3634 3032 Ὀκτὼ

2048 3132 2053 3139 _
2085 3062 2183 3131 μὲν
2217 3058 2310 3115 οὖν
2340 3063 2449 3116 εἰσι
2494 3063 2588 3116 τὸν
2622 3062 2876 3134 ἀριθμὸν,
2900 3064 3000 3117 τοῦ
3051 3064 3151 3134 τῆς
3184 3067 3500 3136 Σαραφθίας
3531 3069 3632 3123 υἱοῦ

408 3164 752 3209 nmrtuorum
804 3156 1277 3212 resuscitationes.
1317 3156 1525 3221 Prima,
1572 3157 1764 3213 revixit
1821 3157 1979 3212 Sara-

2089 3155 2139 3209 5v
2164 3155 2193 3207 ό
2234 3155 2417 3219 Ἠλίας
2449 3156 2666 3226 ἠγειρε,
2699 3155 2795 3208 τοῦ
2824 3155 2926 3223 τῆς
2971 3157 3343 3228 Σωμανίτιδος
3385 3160 3499 3214 υίοῦ
3532 3160 3633 3214 δνὸ

408 3248 663 3316 phthana:
702 3248 951 3302 mulieris
988 3248 1153 3311 ﬁlius,
1187 3264 1349 3318 quem
1378 3249 1528 3304 Elias
1566 3258 1717 3306 vates
1743 3250 1870 3305 vitae
1891 3267 1978 3304 rc-

404 3341 606 3394 stituit.
644 3340 846 3405 Altera,
903 3342 1262 3396 Somanitidis
1313 3341 1501 3406 (ilius,
1553 3358 1716 3413 quem
1751 3343 1978 3399 Eliszeus

403 3433 687 3488 excitavit.
718 3434 925 3498 'l'ertia,
951 3434 1108 3487 miies
1138 3435 1248 3499 ille,
1283 3434 1377 3503 qui
1417 3450 1543 3489 cum
1580 3436 1838 3505 reliquias
1864 3437 1978 3492 Eli-

404 3523 497 3578 θειιί
526 3524 871 3593 contigisset,
905 3534 1160 3593 tanquam
1197 3540 1264 3579 cx
1293 3524 1414 3594 igne
1452 3526 1705 3594 prosiliit.
1745 3527 1970 3594 Quarta,

403 3615 896 3685 rollegiipriucipis
914 3616 1044 3671 lilia.
1068 3617 1298 3686 Quinta,
1329 3619 1506 3673 viduae
1530 3616 1776 3674 mulieris
1808 3621 1973 3677 ﬁlius.

406 3711 586 3771 Sexta.
620 3708 878 3765 Lazarus.
902 3710 1166 3779 Septima,
1195 3718 1365 3766 multa
1388 3722 1701 3768 sanctorum
1722 3728 1974 3782 corpora.

402 3802 604 3858 Octava
627 3802 866 3873 denique
893 3805 1284 3859 resuscitatqu
1314 3814 1398 3860 est
1415 3805 1821 3860 sanctissimum
1842 3806 1977 3861 illud

400 3912 605 3967 corpus
650 3897 1026 3965 dominicum;
1081 3914 1399 3969 quanquam
1461 3899 1704 3955 haeretici
1754 3899 1976 3967 quidam

404 3990 669 4059 Apelliani
710 3990 901 4056 fuere,
958 3991 1050 4061 qui
1094 3992 1299 4047 furiose
1336 3992 1557 4048 aiebant
1586 3993 1799 4048 Domini
1849 4008 1972 4048 cor-

402 4096 507 4149 pus
558 4082 611 4134 in
667 4082 922 4150 sepulcro
980 4083 1287 4137 resolutum
1343 4085 1394 4137 in
1431 4085 1700 4139 elementa
1738 4098 1977 4154 quamor

393 4184 543 4233 esse,
574 4168 643 4222 de
675 4170 876 4238 quibus
903 4178 960 4224 ct
990 4170 1350 4227 constitisset.
1382 4172 1649 4227 Caeterum
1679 4174 1975 4230 multa-ilia

401 4269 719 4313 sanctorum
749 4298 766 4324 ,
819 4261 910 4330 qui
963 4261 1434 4330 obdormiverant,
1472 4279 1704 4336 corpora
1753 4267 1974 4335 potissi-

365 4348 553 4403 ‘mum
604 4350 812 4407 ideireo
864 4366 1355 4419 ressurrexerunt,
1407 4363 1467 4411 ut
1517 4372 1615 4426 per
1645 4357 1747 4412 hoc
1794 4358 1975 4426 ipsum

402 4442 711 4513 prodigium
755 4444 975 4514 publice
1030 4443 1406 4501 declararetur
1434 4447 1603 4502 Deum
1643 4448 1796 4503 illum
1851 4464 1974 4504 esse

2103 3248 2403 3311 Ἐλισσαῖος
2433 3248 2647 3318 ἠγειρε,
2682 3248 2777 3302 καὶ
2822 3247 2917 3301 τοῦ
2967 3250 3309 3318 στρατιώτου
3347 3253 3549 3306 ἐκείνου
3585 3255 3634 3314 ὃς

2086 3340 2311 3407 ἐγγίσας
2357 3341 2470 3402 τοῖς
2500 3338 2597 3393 τοῦ
2637 3340 2949 3394 Ἐλισσαίου
2980 3339 3258 3410 λειψάνοις
3290 3343 3368 3407 ὡς
3409 3345 3515 3399 ἀπὸ
3550 3363 3637 3399 πυ-

2088 3432 2181 3504 ρὸς
2230 3431 2549 3503 ἐξεπήδησε,
2587 3432 2688 3500 τῆς
2743 3433 2838 3486 τοῦ
2865 3434 3319 3504 ἀρχισυναγώγου
3366 3438 3633 3509 θυγατρὸς,

2083 3522 2179 3577 τοῦ
2208 3526 2308 3594 τῆς
2335 3527 2507 3596 χήρας
2536 3524 2678 3591 υἱοῦ,
2714 3525 2808 3578 τοῦ
2838 3524 3114 3595 Λαζάρου,
3153 3527 3263 3582 τῶν
3302 3530 3512 3585 πολλῶν
3542 3549 3635 3585 σω-

2087 3614 2296 3684 μάτων,
2328 3617 2421 3669 καὶ
2447 3618 2612 3670 αὐτοῦ
2644 3615 2737 3670 τοῦ
2758 3618 3027 3685 παναγίου
3055 3619 3149 3672 καὶ
3172 3621 3452 3691 Κυριακοῦ
3470 3624 3635 3693 σῶμα·

2090 3722 2203 3770 τος,
2235 3708 2286 3761 εί
2310 3706 2404 3761 καὶ
2429 3710 2693 3775 μανέντες
2713 3711 2763 3761 oi
2792 3707 3128 3763 Ἀπελλιανοὶ
3145 3711 3330 3780 ἔλεγον
3344 3717 3400 3769 ὲν
3413 3716 3487 3786 τῷ
3501 3717 3635 3786 τάφῳ

2084 3796 2399 3866 διαλυθῆναι
2438 3800 2498 3852 τὸ
2530 3800 2691 3870 σῶμα
2725 3799 2821 3854 τοῦ
2864 3802 3072 3869 Κυρίου
3115 3804 3195 3868 είς
3235 3806 3479 3878 τέσσαρα
3508 3826 3636 3862 στοι-

2084 3889 2203 3956 χεῖα
2234 3888 2291 3954 ἐξ
2312 3882 2388 3944 ὧν
2410 3888 2506 3942 καὶ
2542 3893 2864 3961 συνέστηκε.
2902 3880 2981 3947 Τά
3006 3897 3192 3965 μέντοι
3221 3897 3397 3951 πολλὰ
3425 3898 3633 3968 σώματα

2082 3978 2195 4031 τῶν
2244 3980 2663 4052 κεκοιμημένων
2715 3983 2891 4051 ἁγίων
2939 3985 3247 4059 ἀνέστησαν
3280 3989 3357 4052 ὡς
3403 3989 3632 4044 ἐντεῦθεν

2081 4072 2211 4125 Θεὸν
2258 4073 2701 4143 ἀνακηρυχθῆναι
2745 4074 2840 4129 τὸν
2872 4076 3175 4149 πάσχοντα,
3217 4083 3551 4154 πιστωθῆναί
3578 4099 3628 4135 τε

2081 4164 2181 4233 τῆς
2203 4165 2523 4230 τελευταίας
2547 4169 2640 4221 καὶ
2670 4169 2857 4237 κοινῆς
2887 4170 3241 4237 ἀναστάσεως
3263 4175 3324 4227 τὸ
3350 4178 3631 4246 μυστήριον

2083 4259 2173 4312 καὶ
2199 4258 2306 4312 τῶν
2336 4260 2717 4329 κατεχομένων
2739 4263 2800 4317 ὲν
2825 4262 2952 4334 ᾅδου
2983 4264 3173 4336 ψυχῶν
3206 4268 3308 4338 τὴν
3337 4269 3631 4339 ἐλευθερίαν

2081 4349 2217 4417 ὁμοῦ
2258 4349 2351 4401 καὶ
2389 4348 2666 4403 ἐπάνοδον.
2701 4351 2812 4405 Καὶ
2840 4351 2951 4423 γὰρ
2978 4354 3033 4407 ai
3077 4357 3446 4411 πιστεύσασαι
3481 4358 3633 4427 ψυχαὶ

2080 4439 2157 4509 τῷ
2186 4440 2408 4511 Χριστῷ
2438 4440 2738 4497 καταϐάντι
2767 4444 2901 4514 πρὸς
2926 4445 3058 4517 ᾅδην
3084 4447 3251 4510 εὐθὺς
3280 4451 3627 4521 ἀπελύθησαν.

400 4533 494 4601 qui
547 4544 658 4587 tum
692 4534 1037 4604 patiebatur;
1087 4550 1152 4590 ae
1186 4535 1376 4590 eadem
1419 4551 1586 4605 opera
1622 4538 1881 4608 mysterio
1907 4538 1976 4593 de

2089 4532 2192 4584 Καὶ
2221 4532 2346 4585 ἐπεὶ
2375 4532 2636 4587 ἀδύνατον
2663 4530 2732 4605 ἦν
2754 4534 2934 4605 ψυχὰς
2966 4536 3109 4591 οὕτω
3131 4541 3346 4610 γυμνὰς
3374 4543 3631 4612 αἰσθητοῖς

403 4637 672 4693 postrema
689 4638 744 4683 et
769 4628 1044 4684 communi
1062 4628 1219 4699 231
1242 4631 1647 4686 resurrectione
1665 4631 1975 4687 mortalium

404 4716 538 4770 tidcs
569 4717 980 4784 conciliaretur,
1015 4728 1075 4772 ut
1107 4719 1398 4776 manifesta
1440 4721 1680 4791 denique
1710 4723 1862 4777 lieret
1884 4738 1976 4777 ea-

405 4823 526 4863 rum
567 4808 876 4864 animarum
904 4811 1160 4865 liberatio
1204 4810 1369 4866 simul
1402 4822 1457 4866 ct
1495 4812 1726 4877 reditus,
1764 4812 1817 4866 in
1844 4828 1973 4868 orco

403 4899 643 4954 detenta:
675 4914 797 4969 quae
818 4899 1056 4957 fuerant.
1096 4896 1312 4957 Etenim
1336 4901 1542 4976 anima:
1574 4918 1696 4972 quae
1722 4902 1787 4956 ad
1816 4901 1974 4957 Chri-

2083 4624 2349 4694 ὀραθῆναι
2395 4624 2721 4696 ὀφθαλμοῖς,
2785 4627 3071 4701 οἰκονομίᾳ⁵
3101 4631 3224 4703 θείᾳ
3277 4633 3412 4703 πρὸς
3469 4634 3630 4686 πίστιν

2088 4718 2225 4784 μετὰ
2249 4719 2516 4785 σωμάτων
2541 4718 2819 4786 ἐφάνησαν
2842 4721 3025 4775 αἰτῶν
3050 4726 3465 4794 κεκοιμημένων
3481 4727 3629 4792 άγέων

2079 4810 2270 4879 ψυχαὶ,
2300 4807 2400 4863 εἷθ’
2425 4808 2597 4873 οὕτως
2625 4811 2708 4874 είς
2733 4812 2863 4884 τοὺς
2889 4814 3201 4884 ἀνήκοντας
3232 4819 3425 4878 αὑταῖς
3451 4816 3629 4877 τόπους

2078 4903 2426 4972 ἀπέπτησαν.
2730 4880 2745 4894 ο

404 5003 549 5046 stuui
601 4994 666 5047 ad
700 5007 891 5048 orcum
951 4994 1376 5051 descendentem
1423 4997 1799 5060 crediderunt,
1852 5010 1977 5049 mox
2015 4994 2254 5050 dimissa:
2302 4996 2657 5066 liberataque
2708 5005 2858 5052 sunt.
2900 4996 2966 5052 Et
3021 5000 3283 5070 quoniam
3356 5001 3465 5056 fieri
3534 5012 3624 5051 non

403 5098 621 5160 poterat
656 5097 715 5142 ut
748 5089 941 5145 anima}
998 5091 1158 5147 nudae
1207 5093 1501 5147 sensilibus
1538 5094 1716 5147 oeulis
1752 5091 2228 5161 conspicerentur,
2298 5091 2488 5146 divino
2562 5093 2797 5161 quodam
2868 5094 3102 5148 consilio
3161 5104 3466 5151 sanctorum
3522 5093 3626 5147 illc-

405 5200 528 5238 rum
560 5184 867 5245 hominum,
895 5184 988 5253 qui
1048 5185 1486 5248 obdormierant,
1511 5190 1705 5240 animae
1731 5201 1858 5239 cum
1922 5185 2053 5254 ipsis
2086 5185 2415 5256 corporibus
2464 5194 2860 5256 apparuerunt,
2901 5195 2959 5250 ut
3007 5187 3145 5243 fides
3202 5189 3428 5258 amplior
3467 5194 3625 5249 esset;

403 5280 716 5350 dcindeque
766 5295 960 5336 rursus
1020 5282 1088 5335 ad
1128 5282 1246 5335 loca
1289 5282 1393 5337 sibi
1446 5282 1715 5336 destinata
1765 5282 2146 5355 convolarunt.

480 5413 622 5468 Cave
674 5426 901 5474 autem,
953 5411 1153 5467 dilecte
1197 5411 1295 5477 ﬁli,
1352 5428 1419 5467 ne
1468 5412 1607 5468 forte
1657 5429 1751 5483 per
1776 5430 1838 5467 ca
1868 5430 1979 5482 qum

2158 5412 2303 5483 Ὅρα
2335 5413 2411 5479 δὲ,
2450 5413 2724 5487 ἀγαπητὲ,
2766 5416 2905 5485 μήτε
2934 5417 3045 5476 τοῖς
3083 5406 3184 5466 ὧδε
3231 5396 3456 5467 κάκεῖσε
3480 5407 3622 5478 μυθο-

410 5506 540 5564 Ιιὶιιε
585 5504 713 5560 inde
762 5504 1010 5561 fabulosa
1047 5516 1405 5575 Sparguntur,
1456 5516 1543 5560 tua
1580 5521 1799 5575 quoque
1837 5521 1979 5560 meus

2089 5503 2432 5572 λογουμένοις
2464 5505 2558 5556 καὶ
2592 5505 2617 5573 ἡ
2655 5506 2721 5574 σὴ
2761 5504 2971 5557 διάνοεα
3004 5505 3487 5573 περιτραπήσετχι.
3519 5498 3623 5548 ’Ὁτι

410 5607 777 5669 pervertatur.
816 5597 1035 5653 Famam
1061 5598 1205 5653 enim
1247 5599 1388 5669 apud
1429 5599 1628 5654 mullos
1659 5597 1979 5664 obtinuisse,

2092 5598 2189 5666 μὲν
2224 5597 2333 5667 γὰρ
2383 5595 2686 5665 φημίζεται
2717 5596 2867 5667 παρὰ
2923 5597 3031 5660 τοῖς
3068 5595 3281 5657 ’πολλοῖς
3321 5596 3383 5664 τῇ
3422 5588 3624 5658 513.763-

468 5782 514 5811 ”
557 5778 685 5835 Luc.
735 5797 786 5846 κ,
823 5782 911 5838 25.
