3794 6226
332 2350 336 2354 “
423 2343 733 2397 narrationi
778 2342 938 2397 fidem
993 2342 1127 2398 facit
1170 2343 1395 2397 divinus
1444 2344 1533 2397 ille
1565 2331 1872 2407 Juvenalis,
1906 2344 1998 2412 qui

2726 244 2765 263 4'

417 305 526 369 43.)
582 289 597 306 '
1680 298 2105 362 MICIIAELIS
2145 295 2410 369 GLYQ/E
3567 298 3655 360 tto

422 420 610 493 hymni
634 427 1048 484 commemorat,
1073 418 1165 487 qui
1188 417 1373 472 divino
1400 415 1636 488 quodam
1665 425 1813 469 tuotu
1835 422 1991 467 extra

2097 411 2170 476 ὡς
2205 410 2350 473 ἅπας
2386 408 2575 479 σχεδὸν
2599 406 2708 463 τῶν
2733 407 3048 462 ἀποστόλων
3095 408 3124 461 δ
3159 408 3346 472 θίασος
3375 410 3469 463 καὶ
3496 411 3657 464 αὐτῶν

421 514 666 582 seipsum
698 520 886 581 raptus
908 519 962 564 et
986 511 1138 579 quasi
1165 510 1449 563 traductus
1470 508 1576 562 alio
1596 521 1811 561 sacrum
1842 504 1997 558 illum

2097 503 2159 573 δὴ
2195 502 2301 558 τῶν
2332 500 2704 571 ἑϐδομήκοντα
2741 518 2807 554 πε
2818 501 2872 571 pl.
2899 501 2959 554 τὸ
2995 501 3190 555 σεπτὸν
3219 504 3397 556 ὲκείνο
3423 504 3521 571 τῆς
3544 505 3656 557 Θεο-

419 612 641 656 cantum
663 602 961 670 occeperit.
993 600 1131 666 Quid
1168 600 1335 654 multa
1364 598 1598 670 proferri
1622 612 1844 653 necesse
1875 594 1997 650 est?

2098 597 2338 665 μήτορος
2372 595 2734 661 συνήθροιστο
2767 594 3020 665 θέατρον,
3061 596 3157 648 καὶ
3206 597 3289 648 δτι
3348 595 3471 648 κατ’
3516 597 3658 649 αὐτὸν

420 693 669 746 Ostendit
698 693 756 771 lin
784 692 1224 767 hae_narratione
1254 706 1409 746 sacer
1435 690 1526 743 ille
1557 687 1848 759 Dionysius
1871 684 1992 738 uni-

2097 686 2302 748 πάντες
2331 685 2669 753 συνήλθοσαν
2692 686 2740 739 oi
2766 684 2871 739 ἀνὰ
2904 686 3084 738 πᾶσαν
3115 686 3540 754 ἐσκορπισμένοι
3576 687 3658 756 τὴν

418 800 639 840 versum
677 762 845 853 pmpe
873 762 1076 837 coetum
1119 783 1493 851 apostolorum
1540 789 1597 834 et
1627 780 1869 848 ipsorum
1908 788 1991 830 se-

2097 779 2192 846 γῆν
2218 778 2476 844 μαθηταὶ,
2499 770 2573 829 ῶν
2588 774 2666 840 εἷς
2684 776 2948 844 ἐτύγχανε
2973 776 3068 829 καὶ
3096 777 3259 840 αὐτὸς
3278 776 3407 829 stiva
3416 794 3490 846 μα
3507 778 3659 846 Τιμη-

421 878 705 945 ptuaginta
740 876 1133 943 discipulorum
1191 873 1258 927 ad
1300 870 1669 927 venerandum
1728 869 1833 924 hoc
1871 879 1997 935 spe-

2097 868 2198 937 θέῳ
2226 869 2319 922 καὶ
2336 866 2603 938 Ἰεροθὲῳ.
2631 868 2740 921 Kal
2767 856 2925 935 δῆλον
2946 865 3004 935 ἐξ
3032 860 3107 921 ῶν
3125 867 3288 929 αὐτὸς
3313 868 3517 937 ἔγραφε
3540 868 3657 934 πρὸς

421 971 695 1024 ctaculum
747 978 1136 1037 congregatum
1201 967 1406 1029 fuisse;
1455 975 1569 1020 tum
1608 961 1752 1030 quod
1800 959 1993 1014 eodem

2100 956 2364 1024 Τιμόθεον
2385 972 2399 987 ⁸
2438 975 2456 1008 ι
2477 954 2673 1009 Ἰινίκα
2700 956 2830 1027 γὰρ,
2865 957 3000 1026 φησὶ
3044 958 3138 1011 καὶ
3182 959 3367 1026 ἡμεῖς,
3413 959 3488 1021 ῶς
3520 955 3657 1011 οἶσθα

425 1069 669 1129 tempore
715 1059 967 1126 discipuli
1021 1073 1212 1112 omnes
1248 1073 1345 1125 per
1365 1056 1684 1109 universum
1721 1061 1994 1105 terrarum

2104 1051 2197 1102 καὶ
2231 1048 2416 1113 αὐτὸς,
2452 1051 2547 1103 καὶ
2577 1048 2764 1102 πολλοὶ
2792 1049 2901 1103 τῶν
2933 1050 3095 1119 ἱερῶν
3122 1049 3285 1120 ἡμῶν
3316 1049 3557 1118 ἀδελφῶν
3580 1051 3656 1102 ἐπὶ

420 1152 610 1205 orliem
652 1151 878 1217 (Περεηί
916 1140 1292 1212 convenerint,
1318 1161 1551 1217 quorum
1590 1145 1643 1198 in
1674 1155 1903 1196 numero
1940 1146 1997 1192 et

2103 1141 2202 1209 τὴν
2235 1140 2363 1193 θέαν
2397 1141 2489 1194 τοῦ
2517 1141 2831 1211 ζωαρχικοῦ
2866 1140 3117 1207 σώματος
3151 1139 3603 1213 συνεληλύθαμεν.
3635 1160 3650 1191 ι

423 1239 538 1307 ipse
563 1240 731 1295 fuerit
760 1257 866 1293 una
890 1256 1013 1293 cum
1046 1240 1336 1294 Timotheo
1374 1248 1429 1290 et
1475 1234 1794 1290 llierotheo.
1826 1228 1996 1282 Audi-

2105 1231 2216 1282 Καὶ
2249 1231 2390 1283 οὕτω
2426 1232 2524 1300 μὲν
2552 1234 2579 1285 ὁ
2610 1232 2923 1302 διαληφθεὶς
2956 1232 3100 1294 θεῖος
3133 1231 3406 1293 Διονύσιος
3439 1231 3565 1300 (60).
3598 1284 3609 1299 ,

417 1334 542 1387 visti
574 1336 722 1389 enim
770 1334 885 1388 haec
917 1333 1090 1402 ipsius
1110 1331 1176 1386 ad
1200 1330 1551 1385 Timotheum
1589 1327 1792 1382 verba:
1824 1342 1844 1375 ι
1873 1322 1988 1377 Nos
2026 1322 2248 1391 quidem
2281 1341 2388 1379 una
2449 1333 2628 1379 tecum
2663 1314 2960 1396 multisque
3029 1328 3200 1381 sacris
3232 1326 3511 1388 fratribus,
3563 1342 3645 1379 ceu

422 1425 743 1490 meministi,
776 1426 843 1477 ad
877 1425 1234 1492 spectandum
1297 1437 1501 1493 corpus
1542 1418 1698 1482 illud,
1733 1412 1881 1485 quod
1922 1412 2044 1467 vitae
2080 1414 2412 1486 principium
2451 1416 2748 1488 aliquando
2782 1418 3603 1484 continuerat,conveneramus.
3626 1434 3643 1468 ι

422 1512 547 1569 llaec
577 1532 605 1567 a
642 1514 898 1582 praedicto
931 1512 1194 1583 Dionysio
1236 1523 1363 1568 sunt
1393 1512 1616 1567 tradita.

490 1600 769 1663 (ἐπίοι-ικιῖ
788 1608 1005 1662 tametsi
1032 1609 1197 1675 Virgo
1229 1619 1403 1663 mater
1429 1617 1637 1662 naturae
1657 1605 1871 1676 legibus
1887 1600 1995 1657 fuit

2177 1595 2324 1667 Πλὴν
2355 1598 2405 1652 εί
2442 1602 2553 1663 τοῖς
2588 1599 2685 1671 τῆς
2716 1601 2932 1671 φύσεως
2957 1602 3141 1674 νόμοις
3181 1601 3475 1670 ὑπέπεσεν,
3503 1610 3549 1661 εί
3569 1605 3648 1664 καὶ

421 1698 657 1752 obnoxia
689 1737 703 1763 ,
753 1697 967 1763 tametsi
1024 1688 1260 1752 mortem
1299 1699 1630 1769 degustarit,
1675 1697 1891 1752 tametsi
1935 1705 1995 1750 ut

2102 1686 2335 1743 θάνατον
2367 1690 2651 1758 ἐγεύσατο,
2686 1694 2736 1746 εί
2764 1695 3132 1778 καὶμνήματι
3176 1699 3443 1770 κατετέθη
3472 1703 3543 1765 ὡς
3572 1705 3647 1758 ἀν-

421 1789 588 1843 hono
630 1787 687 1845 in
752 1789 1064 1856 sepulcrum
1109 1800 1192 1845 est
1237 1792 1505 1861 deposita,
1550 1800 1759 1845 natura:
1817 1801 1997 1845 tamen

2103 1778 2340 1849 θρωπος,
2373 1782 2508 1835 ἀλλὰ
2532 1785 2658 1847 τοὺς
2685 1785 2844 1857 ὄρους
2867 1786 3121 1858 νενίκηκε
3145 1791 3250 1861 τῆς
3276 1791 3507 1859 φύσεως,
3532 1794 3647 1848 ἀλλὰ

427 1880 561 1933 flues
606 1889 769 1949 atque
805 1882 1072 1937 terminos
1109 1884 1387 1951 superavit
1431 1893 1488 1938 et
1532 1884 1789 1949 excessit,
1819 1896 1997 1952 neque

2101 1872 2271 1939 τάφος
2297 1872 2389 1924 καὶ
2416 1874 2683 1944 νέκρωσις
2723 1878 2895 1946 αὐτὴν
2930 1879 2991 1931 οὐ
3027 1881 3346 1953 κεκράτηκε
3373 1899 3387 1915 ο
3434 1885 3529 1938 τοῦ
3556 1886 3643 1958 γάρ

427 1972 745 2039 sepulcrum
796 1982 853 2026 et
892 1974 1202 2028 mortalitas
1225 1990 1347 2028 eam
1378 1975 1433 2028 in
1470 1984 1736 2043 potestate
1787 1988 1884 2028 sua
1917 1988 1997 2027 re-

2105 1965 2391 2032 μνήματος
2419 1965 2686 2037 ἐξανέστη
2726 1969 2820 2022 καὶ
2851 1968 2991 2041 αὕτη
3037 1972 3440 2044 παραπλησίως
3467 1976 3540 2045 τῷ
3565 1977 3644 2048 υἱῷ

433 2066 609 2117 tinere
642 2065 843 2134 potuit.
876 2065 1008 2125 Nam
1040 2074 1095 2120 et
1140 2068 1254 2135 ipsa
1287 2065 1357 2119 de
1387 2067 1641 2135 sepulcro
1681 2064 1997 2129 resurrexit,

2102 2053 2272 2122 αὐτῆς
2299 2053 2395 2108 καὶ
2422 2054 2565 2125 Θεῷ,
2601 2057 2738 2126 μόνα
2785 2060 2939 2128 παρὰ
2968 2061 3047 2132 τῷ
3102 2062 3260 2133 τάφῳ
3296 2065 3644 2135 καταλείψασα

428 2175 656 2227 prorsus
682 2161 761 2215 uti
802 2161 950 2215 filius
984 2161 1105 2231 ejus
1136 2162 1393 2230 idemque
1438 2163 1579 2215 Deus
1604 2161 1829 2225 fecerat,
1868 2162 1997 2217 solis

2103 2142 2173 2196 τά
2206 2145 2460 2214 ἐντάφια.
2495 2147 2601 2201 Καὶ
2631 2148 2922 2207 πιστοῦται
2949 2151 3041 2205 τὸν
3069 2151 3229 2222 λόγον
3257 2153 3593 2220 Ἰουϐενὰλιος
3620 2159 3643 2209 ὁ

426 2251 831 2319 sepulcralibus
879 2252 1094 2306 exuviis
1129 2253 1182 2306 in
1216 2262 1570 2306 monumento
1604 2252 1828 2307 relictis.
1861 2255 1997 2308 Huic

2100 2235 2212 2288 τῶν
2250 2235 2649 2308 Ἰεροσολύμων
2679 2242 3028 2312 χρηματίσας
3051 2244 3196 2308 θεῖος
3226 2246 3540 2312 ἐπίσκοπος,
3561 2250 3642 2318 τήν

2102 2342 2163 2377 τε
2192 2325 2286 2380 τοῦ
2316 2327 2487 2397 Θωμᾶ
2529 2330 2936 2401 διηγησάμενος
2972 2335 3284 2406 ἀπόλειψιν,
3325 2339 3427 2408 τὴν
3453 2340 3642 2393 ἐσύστε-

2102 2436 2197 2489 ρον
2237 2420 2403 2474 αῦτοῦ
2453 2424 2606 2493 παρά
2649 2423 2726 2494 τῷ
2752 2425 2910 2496 τάφῳ
2940 2420 3297 2496 προσέλευσιν
3333 2430 3425 2483 καὶ
3456 2431 3547 2501 τὴν
3572 2432 3641 2483 ἐπ’

2103 2511 2250 2581 αὐτῷ
2275 2513 2353 2583 τῷ
2386 2514 2543 2585 τάφῳ
2578 2519 2871 2584 γεγονυῖαν
2916 2520 3049 2591 παρ’
3091 2520 3260 2591 αὐτοῦ
3296 2523 3637 2589 κατεξέτασιν.

2101 2605 2166 2657 Οἱ
2198 2605 2307 2675 γάρ
2333 2607 2621 2662 ἀπόστολοι
2674 2610 2977 2682 τηνικαῦτα
3009 2611 3346 2683 διανοιγῆναι
3368 2597 3468 2669 ’τὸν
3502 2616 3639 2683 τάφον

2102 2696 2421 2763 κελεύουσιν
2459 2700 2555 2753 ire
2607 2699 2699 2755 τὸν
2728 2702 2931 2773 Θωμᾶν
2978 2704 3209 2772 δρῶντες
3240 2705 3332 2758 ἐπὶ
3361 2709 3426 2777 τῇ
3456 2707 3637 2761 ἀπολει-

2100 2786 2192 2855 ψει
2224 2788 2395 2841 πολλὰ
2424 2790 2868 2861 δυσχεραίνοντα.
2892 2794 3006 2849 Καὶ
3030 2797 3058 2848 ὁ
3082 2797 3182 2865 μὲν
3211 2799 3380 2867 τάφος
3400 2800 3634 2868 ἡνοίγετο,

427 2434 938 2503 Hierosolymorum
989 2435 1223 2489 antistes
1279 2434 1401 2488 fuit.
1458 2434 1694 2504 Exponit
1750 2435 1839 2488 ille
1889 2451 1999 2503 quo

425 2534 588 2591 pacto
617 2525 669 2578 id
707 2525 966 2594 temporis
984 2525 1226 2581 Thomas
1248 2524 1506 2591 abfuerit,
1529 2542 1639 2594 quo
1665 2536 1825 2594 pacto
1848 2525 2004 2579 dein-

422 2629 553 2682 ceps
613 2614 679 2667 ad
738 2616 1051 2683 sapulcrum
1090 2610 1453 2681 'accesserit’,
1502 2632 1613 2685 quo
1661 2626 1815 2685 pacto
1866 2616 2029 2690 illud,

428 2705 607 2771 ipsum
636 2706 1049 2774 perquisiverit.
1088 2708 1303 2775 Etenim
1339 2708 1569 2777 apostoli
1607 2707 1831 2762 Thomas
1880 2722 2003 2777 gra-

432 2802 505 2854 tia
531 2802 847 2868 sepulcrum
900 2799 1096 2867 aperiri
1125 2801 1430 2869 jusserunt,
1483 2798 1626 2867 quod
1674 2800 1825 2853 illum
1877 2814 1999 2853 cer-

428 2904 620 2947 nerent
657 2893 962 2948 absentiam
1019 2892 1072 2946 in
1111 2901 1288 2946 morte
1330 2891 1569 2961 Virginis
1615 2906 1771 2945 suam
1823 2891 1998 2945 mole-

424 2986 666 3038 stissimo
723 2984 869 3038 ferre
919 2984 1124 3039 animo.
1175 2982 1365 3051 Itaque
1417 2982 1727 3052 sepulcrum
1775 2981 1996 3051 quidem

325 3103 341 3122 .
388 3130 394 3138 ,
424 3074 689 3141 aperitur,
716 3082 771 3127 at
806 3073 920 3144 ipse
966 3073 1255 3159 thesaurus
1288 3073 1345 3127 in
1374 3088 1442 3128 eo
1499 3073 1998 3140 reconditus_nus-

424 3179 586 3231 quam
622 3163 920 3232 apparebat
972 3182 988 3217 :
1024 3163 1176 3229 solae,
1206 3162 1352 3234 quod
1394 3164 1597 3218 dictum
1654 3174 1760 3230 est,
1814 3164 1997 3232 sepul-

425 3254 603 3308 crales
638 3255 849 3308 exuvia:
898 3254 1337 3324 reperiebantur.
1391 3254 1677 3310 Consimili
1733 3254 1995 3309 nimirum

435 3344 596 3401 modo
650 3356 705 3400 et
743 3348 911 3415 ipsam
962 3346 1057 3400 Dei
1108 3346 1335 3401 Matrem
1368 3363 1435 3401 ex
1483 3348 1715 3403 mortuis
1748 3362 1997 3402 resurre-

426 3446 640 3490 cturam
674 3437 863 3499 fuisse,
903 3452 1014 3504 quo
1060 3426 1207 3492 filius
1238 3448 1631 3501 resurrexerat,
1672 3439 1845 3492 multo
1870 3446 1998 3493 ante

428 3528 626 3582 beatus
657 3528 748 3583 ille
789 3529 1025 3583 Davides
1067 3529 1386 3598 bujusmodi
1431 3529 1613 3584 verbis
1656 3529 2000 3599 significave-

433 3630 552 3674 rat:
591 3637 614 3673 ι
645 3620 841 3690 Surge,
877 3620 1128 3686 Domine,
1167 3622 1219 3675 in
1249 3614 1548 3690 requietem
1581 3631 1750 3686 tuam,
1782 3631 1860 3688 tu,
1916 3623 2000 3676 in-

428 3729 619 3782 quam,
653 3712 791 3781 ipse,
824 3722 880 3767 et
906 3728 1032 3769 arca
1063 3714 1366 3769 sanctitatis
1407 3723 1513 3768 tua:
1542 3713 1608 3769 τι.
1631 3732 1661 3766 ι»
1697 3713 1833 3768 Nam
1869 3715 1996 3783 quia

430 3815 589 3857 norat
620 3804 849 3859 Davides
876 3819 995 3857 eam
1027 3819 1148 3873 qua
1190 3794 1471 3859 Christum
1505 3816 1665 3860 utero
1703 3805 1862 3875 233
1896 3821 1998 3861 suo

428 3902 697 3962 gestasset
747 3909 812 3948 ac
843 3893 992 3948 illam
1037 3895 1212 3963 ipsam
1243 3896 1313 3949 ob
1366 3910 1586 3949 causam
1619 3911 1744 3950 area
1797 3897 1999 3949 sancti-

430 3986 559 4041 tatis
590 3997 738 4040 esset
794 3997 965 4056 atquc
998 3997 1433 4056 nuncuparetur,
1463 3986 1657 4045 eodem
1705 3997 1861 4057 pacto
1916 4003 2000 4042 re-

427 4089 804 4132 surrecturum
829 4095 860 4132 e
890 4079 1147 4148 sepulcro
1174 4095 1284 4147 quo
1322 4087 1376 4132 cl.
1408 4088 1568 4133 natus
1596 4095 1663 4134 ex
1697 4080 1811 4149 ipsa
1840 4081 1999 4135 Chri-

429 4182 549 4224 stus
583 4168 674 4222 liei
706 4169 877 4223 Filius
907 4180 961 4224 et
996 4170 1138 4223 Deus
1186 4171 1503 4235 resurrexit,
1535 4170 1739 4226 ideirco
1761 4186 1868 4226 non
1899 4172 1998 4227 abs

431 4275 493 4313 re
524 4258 867 4314 consimilem
911 4259 1200 4328 utriusque
1240 4261 1709 4316 resuscitatiouem
1760 4278 1826 4317 ex
1852 4278 1999 4317 mor-

2099 2879 2126 2930 ὁ
2162 2878 2218 2929 δὲ
2257 2880 2534 2949 θησαυρὸς
2571 2884 2722 2945 ἐντὸς
2749 2880 2818 2953 ἦν
2845 2885 3119 2957 οὐδαμῶς,
3158 2888 3298 2959 μόνα
3327 2890 3397 2943 δὲ’
3415 2893 3633 2961 κείμενα,

2101 2967 2350 3038 καθάπερ
2378 2969 2615 3039 εἴρηται,
2645 2973 2713 3025 τὰ
2745 2976 2993 3044 ἐντάφια.
3038 2977 3163 3031 Ὀτι
3193 2978 3250 3031 δὲ
3271 2981 3305 3049 ἡ
3338 2981 3472 3052 αὐτὴ
3501 2982 3630 3049 καὶὴ

2101 3062 2192 3113 ἐπὶ
2220 3062 2316 3129 τῆς
2351 3063 2694 3135 Θ-ομήτορος
2721 3067 2914 3138 ἔμεὶλε
2945 3072 3199 3140 γενέσθαι
3228 3073 3536 3139 ἀνάστασις,
3557 3076 3634 3129 καὶ.

2099 3154 2307 3225 ταύτην
2343 3158 2409 3210 ἐκ
2445 3160 2657 3229 νεκρῶν
2692 3162 2987 3231 ἐγερθῆναι
3016 3164 3162 3218 καθά
3204 3165 3269 3237 δὴ
3299 3168 3395 3220 καὶ
3432 3166 3514 3220 τὸν
3541 3168 3633 3220 υἱὸν

2099 3244 2292 3313 αὐτῆς,
2323 3248 2351 3299 ὁ
2374 3249 2642 3318 μακάριος
2659 3250 2823 3304 Δαϐὶδ
2855 3253 3179 3322 προφθάσας
3205 3255 3471 3326 ἐδήλωσεν
3490 3256 3630 3318 οὕτως

2099 3337 2269 3392 εἰπών
2289 3354 2301 3367 ·
2335 3357 2353 3391 ι
2375 3338 2685 3412 Ἀνάστηθι,
2717 3342 2910 3413 Κύριε,
2941 3346 3022 3407 είς
3060 3345 3163 3416 τὴν
3208 3347 3506 3403 ἀνάπαυσίν
3536 3365 3629 3411 σου,

2102 3429 2167 3482 σὺ
2198 3430 2292 3484 καὶ
2343 3432 2378 3501 ἠ
2411 3431 2642 3497 κιϐωτὸς
2691 3434 2785 3488 τοῦ
2832 3436 3175 3504 ἀγιάσματός
3213 3454 3329 3493 σου.
3380 3456 3401 3490 ι
3446 3438 3628 3508 Ἐπειδὴ

2060 3580 2069 3585 ς
2100 3521 2208 3590 γάρ
2232 3523 2332 3593 τὴν
2365 3524 2426 3577 ὲν
2446 3527 2646 3597 γαστρὶ
2678 3527 3030 3596 βαστάσασαν
3057 3529 3223 3583 αὐτὸν
3254 3530 3534 3585 κάντεῦθεν
3564 3547 3629 3583 κιο

2101 3611 2274 3666 ϐωτὸν
2307 3614 2651 3684 ἀγιάσματος
2677 3634 2781 3687 χρη
2791 3616 3133 3687 ματίσασαν,-
3153 3621 3328 3684 οὕτως
3358 3622 3628 3692 ἐγηγερμέ-

2100 3721 2197 3774 νην
2231 3705 2296 3758 ὲκ
2339 3706 2512 3775 τάφου
2539 3709 2886 3778 προέγνωκεν
2912 3713 2940 3763 ὁ
2965 3711 3133 3765 Δαϐὶδ
3182 3713 3328 3766 καθά
3358 3713 3422 3784 δὴ
3444 3714 3530 3767 καὶ
3555 3714 3627 3766 τὸν

2100 3793 2159 3858 ἐξ
2187 3794 2358 3865 αὐτῆς
2388 3797 2715 3868 γεννηθέντα
2742 3800 2976 3869 Χριστὸν
3003 3805 3094 3859 τὸν
3120 3804 3248 3860 Υίὸν
3288 3808 3380 3860 τοῦ
3404 3807 3529 3861 Θεοῦ
3555 3809 3627 3860 καὶ

2100 3886 2256 3950 Θεὸν.
2283 3887 2508 3952 εἰκότως
2531 3890 2641 3960 ἀρα
2669 3892 2765 3945 καὶ
2792 3893 2884 3946 ἐπὶ
2911 3894 3087 3965 ταύτῃ
3116 3897 3229 3969 τὴν
3270 3899 3461 3968 ὁμοίαν
3498 3899 3623 3967 προέ-

2100 3980 2311 4051 γραψεν
2334 3980 2577 4050 ἔγερσιν.
2602 3983 2665 4036 Et
2695 3983 2771 4054 μὴ
2800 3985 2909 4056 γὰρ
2938 3984 3097 4040 τοῦτο
3121 3983 3212 4058 ἦν,
3244 3991 3345 4044 οὐκ
3369 3991 3433 4043 ἂν
3456 3992 3626 4054 ἐκεῖνος

2101 4071 2307 4125 εἰπών’
2343 4092 2362 4126 ι
2396 4073 2709 4143 Ἀνάστηθι,
2741 4076 2939 4147 Κύριε,
2985 4079 3072 4143 σὺ,
3112 4099 3130 4132 ι
3185 4083 3481 4152 τηνικαῦτα
3517 4084 3626 4151 ἐπή-

2099 4179 2241 4233 γαγε
2262 4179 2276 4195 ο
2322 4183 2339 4217 ι
2376 4167 2540 4238 Rati)
2576 4167 2808 4229 κιϐωτὸς
2845 4170 2942 4222 τοῦ
2984 4170 3329 4243 ἀγιάσματός
3362 4191 3474 4229 σου.
3508 4193 3527 4229 ι
3554 4175 3624 4242 Μὴ

2101 4256 2195 4311 οὖν
2229 4258 2559 4325 ἀμφίϐαλλε.
2592 4260 2815 4330 Ἐπειδὴ
2847 4260 2957 4332 γὰρ
2983 4262 3052 4314 τὰ
3083 4262 3177 4317 δύο
3197 4263 3308 4318 τῶν
3343 4264 3627 4335 πρωτοπλά-

431 4352 541 4407 tuis
592 4351 764 4407 multo
794 4360 920 4406 ante
959 4352 1114 4422 quasi
1165 4352 1377 4421 pictura
1411 4347 1645 4423 quadam
1702 4355 1991 4425 expressit.

2101 4367 2241 4403 στων
2268 4348 2496 4420 σώματα
2517 4353 2584 4421 τῇ
2619 4351 2770 4424 λύμῃ
2806 4352 2908 4421 τῆς
2939 4353 3145 4424 φθοράς
3184 4356 3426 4410 ὑπέπεσε
3448 4358 3528 4412 διὰ
3550 4358 3627 4426 τὴν

429 4444 646 4498 Etenim
677 4443 743 4497 ni'
759 4458 847 4498 res
878 4445 950 4499 ita
980 4458 1039 4498 se
1067 4443 1314 4508 haberet,
1348 4460 1457 4499 non
1483 4461 1613 4499 sane
1648 4455 1999 4515 posteaquam

423 4536 676 4592 dixerat:
715 4556 734 4588 ‹
773 4536 967 4607 Surge,
995 4535 1242 4599 Domine,
1276 4554 1294 4586 ι
1331 4536 1687 4606 subiecisset:
1724 4555 1742 4587 ι
1784 4538 1844 4591 Ει
1872 4552 1998 4591 arca

422 4628 732 4687 sanctitatis
763 4636 888 4682 tuaa.
931 4645 950 4678 ι
987 4627 1335 4696 Quapropter
1370 4626 1474 4680 hac
1501 4626 1725 4695 quidem
1758 4626 1815 4679 in
1844 4636 1998 4696 parte

422 4719 659 4786 amplius
692 4718 947 4773 haesitare
980 4718 1117 4773 noli.
1147 4718 1285 4771 Nam
1316 4717 1445 4787 quia
1492 4717 1601 4771 duo
1638 4718 1725 4771 illa
1759 4720 1997 4787 primum

425 4811 673 4862 omnium
728 4820 1043 4864 creatorum
1106 4810 1394 4864 hominum
1456 4823 1687 4876 corpora
1748 4808 1997 4863 interitui

421 4901 566 4955 facta
599 4908 728 4953 sunt
756 4899 991 4953 obnoxia
1016 4910 1243 4969 propter
1276 4898 1734 4961 inobedieutiam,
1761 4900 1998 4968 indeque

422 5008 587 5060 porro
620 4993 979 5047 subsecutum
1007 4994 1178 5055 aliud,
1222 4995 1483 5049 nimirum
1520 5002 1579 5047 ut
1616 4995 1821 5048 malum
1846 4996 1998 5066 ejus-

422 5086 568 5139 modi
624 5085 788 5140 latius
821 5101 1052 5154 serpens
1081 5089 1135 5140 iu
1171 5089 1483 5143 universam
1517 5097 1768 5141 naturam
1800 5087 2000 5141 huma-

430 5193 556 5232 nam
611 5191 730 5231 sese
784 5177 1019 5243 dideret,
1057 5178 1265 5234 ideirco
1300 5195 1446 5234 nunc
1501 5195 1719 5250 quoque
1760 5181 1994 5250 primum

421 5270 668 5323 omnium
701 5268 810 5325 duo
846 5284 1074 5337 corpora
1101 5285 1344 5334 excusso,
1369 5271 1732 5343 depositoque
1771 5274 1995 5327 interitu

421 5359 568 5421 facta
624 5369 753 5416 sunt
804 5361 1055 5430 primitim
1086 5361 1244 5429 quasi
1277 5362 1522 5430 qumdam
1556 5364 1676 5433 ejus
1714 5364 1999 5420 immorta-

418 5450 611 5516 litatis,
675 5468 835 5522 quam
872 5469 969 5523 spe
1007 5463 1160 5508 certa
1212 5453 1373 5509 nobis
1406 5456 1750 5524 pollicemur.
1814 5459 1993 5528 Atque

491 5603 540 5635 "’
567 5605 708 5659 Psal.
749 5621 928 5673 cxxxt,
962 5607 1017 5663 8.

490 5720 604 5787 (δῦ)
670 5724 820 5792 Πρὸς
889 5726 1144 5791 τούτους
1201 5724 1287 5780 δὲ.
1321 5765 1379 5781 ..

1420 5771 1427 5781 .
1468 5767 1483 5782 .
1523 5726 1859 5795 Διονύσιος.
1913 5729 1986 5786 Ex
2032 5728 2091 5785 V.

2098 4443 2435 4514 παράϐασιν,
2494 4443 2789 4498 κάντεῦθεν
2822 4445 2884 4498 τὸ
2927 4446 3170 4500 τοιοῦτον
3204 4448 3446 4519 ὑφόρπον
3489 4450 3627 4503 κακὸν

2096 4535 2411 4606 διαδόσιμῡν
2429 4534 2514 4605 ἐφ’
2540 4536 2688 4589 ἀπαν
2713 4536 2905 4605 γέγονε
2934 4537 2995 4590 τὸ
3018 4537 3381 4608 ἀνθρώπινον,
3406 4541 3489 4594 διὰ
3500 4539 3628 4594 τοῦτο

2096 4626 2193 4679 καὶ
2218 4625 2313 4680 νῦν
2340 4627 2573 4696 πρώτως
2599 4627 2695 4681 δύο
2717 4624 2947 4699 σώματα
2974 4629 3419 4701 ἀποτιναξάμενα
3445 4631 3628 4700 ἀπαρχὴ

2094 4722 2208 4782 τοῖς
2235 4718 2618 4789 ὲλπιζομένοις
2656 4719 2968 4791 ἀφθαρσίας
3000 4724 3278 4790 γεγόνασι.
3312 4725 3423 4779 Καὶ
3454 4725 3522 4793 μὴ
3546 4722 3627 4793 μῦο

2100 4811 2194 4865 θον
2233 4810 2369 4881 ἡγοῦ
2407 4810 2477 4863 τὰ
2505 4810 2801 4881 λεγόμενα.
2827 4813 2973 4883 Ὅρα
3015 4814 3125 4885 γάρ
3157 4814 3426 4886 νουνεχῶς
3455 4816 3529 4868 ὅτι
3556 4812 3627 4865 καὶ

2099 4907 2128 4957 ὁ
2153 4906 2209 4956 ὲν
2236 4904 2605 4974 πατριάρχαις
2638 4905 2944 4973 ἀγιώτατος
2974 4906 3256 4977 Γερμανὸς
3284 4912 3383 4973 τὰς
3411 4904 3626 4977 ἀφορμὰς

2100 4995 2309 5047 ἐκεῖθεν
2346 4994 2529 5049 λαϐὼν
2576 4997 2634 5048 ὲν
2663 4995 2741 5063 τῷ
2774 4997 2853 5059 είς
2891 4996 2990 5066 τὴν
3023 4998 3281 5068 κοίμησιν
3316 4998 3453 5067 λόγῳ
3494 4992 3625 5050 αὑτοῦ

2103 5088 2197 5149 καὶ
2252 5088 2379 5143 τάδε
2437 5088 2581 5142 κατά
2633 5089 2783 5158 ῥῆμα
2843 5087 3118 5154 διέξεισιν,
3165 5089 3249 5142 ὅτι
3294 5107 3316 5142 ι
3354 5092 3425 5161 Ζῇ
3482 5084 3627 5140 court

2102 5179 2322 5248 πνεῦμα
2380 5178 2468 5232 διὰ
2496 5178 2719 5242 παντὸς,
2754 5180 2847 5231 καὶ
2879 5181 2911 5248 ὴ
2937 5179 3077 5249 σάρξ
3107 5196 3201 5232 σου
3242 5178 3526 5251 διαφθοράν
3551 5174 3625 5241 οὐχ

2105 5271 2364 5340 ὑπέμεινε
2402 5271 2597 5341 τάφου.
2627 5272 2807 5323 Πάντα
2834 5271 3165 5343 ἐπισκέπτῃ,
3198 5272 3294 5324 καὶ
3320 5272 3355 5341 ἡ
3395 5264 3621 5331 ὲπισκοπή

2059 5381 2200 5450 ’σου
2232 5365 2365 5434 πρ“ς
2395 5364 2595 5429 πάντα,
2627 5361 2767 5415 ὥστε
2798 5360 2900 5416 κᾶν
2941 5364 2990 5416 οἱ
3041 5361 3314 5431 ὀφθαλμοὶ
3366 5358 3508 5430 ἡμῶν
3550 5369 3622 5407 κε-

2104 5458 2404 5529 κράτηνται
2466 5457 2538 5527 μὴ
2590 5455 2810 5527 βλέπειν
2861 5471 2945 5521 σε,
2997 5453 3131 5508 ἀλλά
3168 5455 3251 5508 σῦκ
3291 5450 3511 5518 παναγία
3534 5445 3618 5507 tri;
