  <div class='ocr_page' id='page_1' title='image "/cluster/home/n/w/nwhite01/storage/ocr_20150623/158/mdp.39015078384701/258.png"; bbox 0 0 3794 6226; ppageno 0'>
   <div class='ocr_carea' id='block_1_1' title="bbox 208 337 2187 406">
    <p class='ocr_par' dir='ltr' id='par_1_1' title="bbox 208 337 2187 406">
     <span class='ocr_line' id='line_1_1' title="bbox 208 337 2187 406; baseline 0.013 -25"><span class='ocrx_word' id='word_1_1' title='bbox 208 337 285 398; x_wconf 55' lang='lat'><strong>4.”</strong></span> <span class='ocrx_word' id='word_1_2' title='bbox 1401 338 1796 399; x_wconf 68' lang='lat' dir='ltr'><strong>ANMLIUM</strong></span> <span class='ocrx_word' id='word_1_3' title='bbox 1841 341 2033 404; x_wconf 76' lang='lat' dir='ltr'><strong>mns</strong></span> <span class='ocrx_word' id='word_1_4' title='bbox 2074 345 2187 406; x_wconf 86' lang='lat' dir='ltr'><strong>Ill.</strong></span> 
     </span>
    </p>
   </div>
   <div class='ocr_carea' id='block_1_2' title="bbox 3297 360 3408 426">
    <p class='ocr_par' dir='ltr' id='par_1_2' title="bbox 3297 360 3408 426">
     <span class='ocr_line' id='line_1_2' title="bbox 3297 360 3408 426; baseline 0.018 -2"><span class='ocrx_word' id='word_1_5' title='bbox 3297 360 3408 426; x_wconf 70' lang='lat' dir='ltr'><strong>M2</strong></span> 
     </span>
    </p>
   </div>
   <div class='ocr_carea' id='block_1_3' title="bbox 210 444 1712 531">
    <p class='ocr_par' dir='ltr' id='par_1_3' title="bbox 210 444 1712 518">
     <span class='ocr_line' id='line_1_3' title="bbox 210 444 1712 518; baseline -0.003 -14"><span class='ocrx_word' id='word_1_6' title='bbox 210 453 353 514; x_wconf 74' lang='grc' dir='ltr'>ἀξίοις</span> <span class='ocrx_word' id='word_1_7' title='bbox 389 444 572 514; x_wconf 78' lang='grc' dir='ltr'>ἑαυτὴν</span> <span class='ocrx_word' id='word_1_8' title='bbox 621 444 971 514; x_wconf 75' lang='grc' dir='ltr'>ἐμφανίζεις·</span> <span class='ocrx_word' id='word_1_9' title='bbox 1014 448 1046 516; x_wconf 86' lang='grc' dir='ltr'>ἡ</span> <span class='ocrx_word' id='word_1_10' title='bbox 1082 447 1186 518; x_wconf 77' lang='grc' dir='ltr'>γὰρ</span> <span class='ocrx_word' id='word_1_11' title='bbox 1229 447 1369 517; x_wconf 65' lang='grc' dir='ltr'>σὲρξ</span> <span class='ocrx_word' id='word_1_12' title='bbox 1416 448 1516 499; x_wconf 81' lang='grc' dir='ltr'><strong>ούκ</strong></span> <span class='ocrx_word' id='word_1_13' title='bbox 1555 449 1712 516; x_wconf 69' lang='grc' dir='ltr'>ἐμπο-</span> 
     </span>
    </p>
   </div>
   <div class='ocr_carea' id='block_1_4' title="bbox 1821 444 3406 531">
    <p class='ocr_par' dir='ltr' id='par_1_4' title="bbox 1833 450 3406 531">
     <span class='ocr_line' id='line_1_4' title="bbox 1833 450 3406 531; baseline 0.016 -29"><span class='ocrx_word' id='word_1_14' title='bbox 1833 450 1949 506; x_wconf 73' lang='lat' dir='ltr'><strong>haec</strong></span> <span class='ocrx_word' id='word_1_15' title='bbox 1997 468 2120 521; x_wconf 78' lang='lat' dir='ltr'><strong>qua:</strong></span> <span class='ocrx_word' id='word_1_16' title='bbox 2173 454 2408 510; x_wconf 85' lang='lat' dir='ltr'><strong>dicimus</strong></span> <span class='ocrx_word' id='word_1_17' title='bbox 2463 473 2594 514; x_wconf 86' lang='lat' dir='ltr'><strong>cave</strong></span> <span class='ocrx_word' id='word_1_18' title='bbox 2646 476 2742 531; x_wconf 89' lang='lat' dir='ltr'><strong>pro</strong></span> <span class='ocrx_word' id='word_1_19' title='bbox 2775 462 2955 520; x_wconf 81' lang='lat' dir='ltr'><strong>fabula</strong></span> <span class='ocrx_word' id='word_1_20' title='bbox 2988 465 3234 524; x_wconf 75' lang='lat' dir='ltr'><strong>duxeris.</strong></span> <span class='ocrx_word' id='word_1_21' title='bbox 3269 471 3406 527; x_wconf 83' lang='lat' dir='ltr'><strong>Nam</strong></span> 
     </span>
    </p>
   </div>
   <div class='ocr_carea' id='block_1_5' title="bbox 201 534 1721 607">
    <p class='ocr_par' dir='ltr' id='par_1_5' title="bbox 201 534 1721 607">
     <span class='ocr_line' id='line_1_5' title="bbox 201 534 1721 607; baseline -0.002 -16"><span class='ocrx_word' id='word_1_22' title='bbox 201 543 309 604; x_wconf 78' lang='grc' dir='ltr'>δίζει</span> <span class='ocrx_word' id='word_1_23' title='bbox 336 542 391 606; x_wconf 80' lang='grc' dir='ltr'>τῇ</span> <span class='ocrx_word' id='word_1_24' title='bbox 419 534 636 602; x_wconf 74' lang='grc' dir='ltr'>δυνάμει</span> <span class='ocrx_word' id='word_1_25' title='bbox 668 536 762 588; x_wconf 75' lang='grc' dir='ltr'>καὶ</span> <span class='ocrx_word' id='word_1_26' title='bbox 794 537 1048 606; x_wconf 75' lang='grc' dir='ltr'><strong>ἐνεργείᾳ</strong></span> <span class='ocrx_word' id='word_1_27' title='bbox 1069 536 1158 590; x_wconf 77' lang='grc' dir='ltr'>τοῦ</span> <span class='ocrx_word' id='word_1_28' title='bbox 1197 537 1505 607; x_wconf 80' lang='grc' dir='ltr'>πνεύματός</span> <span class='ocrx_word' id='word_1_29' title='bbox 1547 554 1661 592; x_wconf 91' lang='grc' dir='ltr'>σου.</span> <span class='ocrx_word' id='word_1_30' title='bbox 1702 554 1721 588; x_wconf 71' lang='grc' dir='ltr'><strong>ι</strong></span> 
     </span>
    </p>
   </div>
   <div class='ocr_carea' id='block_1_6' title="bbox 203 624 1724 695">
    <p class='ocr_par' dir='ltr' id='par_1_6' title="bbox 203 624 1724 695">
     <span class='ocr_line' id='line_1_6' title="bbox 203 624 1724 695; baseline -0.003 -13"><span class='ocrx_word' id='word_1_31' title='bbox 203 633 290 682; x_wconf 80' lang='lat' dir='ltr'><strong>Keil</strong></span> <span class='ocrx_word' id='word_1_32' title='bbox 319 625 458 688; x_wconf 66' lang='grc' dir='ltr'>αὖθις</span> <span class='ocrx_word' id='word_1_33' title='bbox 479 642 492 656; x_wconf 81' lang='grc'><em>’</em></span> <span class='ocrx_word' id='word_1_34' title='bbox 527 643 544 674; x_wconf 86' lang='grc' dir='ltr'><strong>ι</strong></span> <span class='ocrx_word' id='word_1_35' title='bbox 582 625 653 676; x_wconf 81' lang='grc' dir='ltr'><strong>Τὸ</strong></span> <span class='ocrx_word' id='word_1_36' title='bbox 697 624 798 693; x_wconf 84' lang='grc' dir='ltr'>μὲν</span> <span class='ocrx_word' id='word_1_37' title='bbox 832 625 994 694; x_wconf 81' lang='grc' dir='ltr'>σῶμά</span> <span class='ocrx_word' id='word_1_38' title='bbox 1024 642 1116 678; x_wconf 88' lang='grc' dir='ltr'><strong>σου</strong></span> <span class='ocrx_word' id='word_1_39' title='bbox 1153 625 1213 678; x_wconf 81' lang='grc' dir='ltr'><strong>τὸ</strong></span> <span class='ocrx_word' id='word_1_40' title='bbox 1240 625 1566 695; x_wconf 70' lang='grc' dir='ltr'>παρθενικὸν</span> <span class='ocrx_word' id='word_1_41' title='bbox 1604 627 1724 678; x_wconf 80' lang='grc' dir='ltr'>ὅλον</span> 
     </span>
    </p>
   </div>
   <div class='ocr_carea' id='block_1_7' title="bbox 201 715 1727 788">
    <p class='ocr_par' dir='ltr' id='par_1_7' title="bbox 201 715 1727 788">
     <span class='ocr_line' id='line_1_7' title="bbox 201 715 1727 788; baseline -0.003 -15"><span class='ocrx_word' id='word_1_42' title='bbox 201 722 328 786; x_wconf 79' lang='grc' dir='ltr'>ᾶγιόν</span> <span class='ocrx_word' id='word_1_43' title='bbox 353 721 502 780; x_wconf 74' lang='grc' dir='ltr'>ἐστιν,</span> <span class='ocrx_word' id='word_1_44' title='bbox 533 715 764 783; x_wconf 81' lang='grc' dir='ltr'>ἀλλαγὲν</span> <span class='ocrx_word' id='word_1_45' title='bbox 793 716 890 784; x_wconf 80' lang='grc' dir='ltr'>μὲν</span> <span class='ocrx_word' id='word_1_46' title='bbox 917 717 992 779; x_wconf 85' lang='grc' dir='ltr'>ὡς</span> <span class='ocrx_word' id='word_1_47' title='bbox 1022 718 1361 788; x_wconf 82' lang='grc' dir='ltr'>ἀνθρώπινον</span> <span class='ocrx_word' id='word_1_48' title='bbox 1394 717 1530 786; x_wconf 70' lang='grc' dir='ltr'>πρὸς</span> <span class='ocrx_word' id='word_1_49' title='bbox 1552 715 1727 784; x_wconf 80' lang='grc' dir='ltr'>ἄκραν</span> 
     </span>
    </p>
   </div>
   <div class='ocr_carea' id='block_1_8' title="bbox 198 805 1726 878">
    <p class='ocr_par' dir='ltr' id='par_1_8' title="bbox 198 805 1726 878">
     <span class='ocr_line' id='line_1_8' title="bbox 198 805 1726 878; baseline 0 -15"><span class='ocrx_word' id='word_1_50' title='bbox 198 808 465 878; x_wconf 60' lang='grc' dir='ltr'>ἀτῡαρσίαν</span> <span class='ocrx_word' id='word_1_51' title='bbox 520 806 683 876; x_wconf 78' lang='grc' dir='ltr'>ζωῆς,</span> <span class='ocrx_word' id='word_1_52' title='bbox 722 805 860 859; x_wconf 87' lang='grc' dir='ltr'>σῶον</span> <span class='ocrx_word' id='word_1_53' title='bbox 913 807 967 859; x_wconf 87' lang='grc' dir='ltr'>δὲ</span> <span class='ocrx_word' id='word_1_54' title='bbox 1032 811 1060 860; x_wconf 99' lang='lat'><strong>6</strong></span> <span class='ocrx_word' id='word_1_55' title='bbox 1107 807 1266 860; x_wconf 80' lang='grc' dir='ltr'>τοῦτο</span> <span class='ocrx_word' id='word_1_56' title='bbox 1323 808 1584 870; x_wconf 77' lang='grc' dir='ltr'>ζωοτελὲς</span> <span class='ocrx_word' id='word_1_57' title='bbox 1633 813 1726 863; x_wconf 77' lang='grc' dir='ltr'><strong>καὶ</strong></span> 
     </span>
    </p>
   </div>
   <div class='ocr_carea' id='block_1_9' title="bbox 201 899 1724 974">
    <p class='ocr_par' dir='ltr' id='par_1_9' title="bbox 201 899 1724 974">
     <span class='ocr_line' id='line_1_9' title="bbox 201 899 1724 974; baseline 0.001 -20"><span class='ocrx_word' id='word_1_58' title='bbox 201 902 463 969; x_wconf 75' lang='grc' dir='ltr'><strong>ἀκοίμητον</strong></span> <span class='ocrx_word' id='word_1_59' title='bbox 521 899 591 959; x_wconf 84' lang='grc' dir='ltr'>ὠς</span> <span class='ocrx_word' id='word_1_60' title='bbox 647 899 842 961; x_wconf 84' lang='grc' dir='ltr'>σκεῦος</span> <span class='ocrx_word' id='word_1_61' title='bbox 885 899 1133 970; x_wconf 82' lang='grc' dir='ltr'>ὑπάρχον</span> <span class='ocrx_word' id='word_1_62' title='bbox 1179 899 1442 969; x_wconf 82' lang='grc' dir='ltr'>Οεοδόχον.</span> <span class='ocrx_word' id='word_1_63' title='bbox 1488 904 1724 974; x_wconf 77' lang='grc' dir='ltr'>Ἐρῤἐτω</span> 
     </span>
    </p>
   </div>
   <div class='ocr_carea' id='block_1_10' title="bbox 194 989 1725 1064">
    <p class='ocr_par' dir='ltr' id='par_1_10' title="bbox 194 989 1725 1064">
     <span class='ocr_line' id='line_1_10' title="bbox 194 989 1725 1064; baseline 0.001 -19"><span class='ocrx_word' id='word_1_64' title='bbox 194 995 356 1060; x_wconf 74' lang='grc' dir='ltr'>τάφος,</span> <span class='ocrx_word' id='word_1_65' title='bbox 405 990 607 1060; x_wconf 78' lang='grc' dir='ltr'>ὲρρέτω</span> <span class='ocrx_word' id='word_1_66' title='bbox 641 989 769 1059; x_wconf 82' lang='grc' dir='ltr'><strong>χοῦς</strong></span> <span class='ocrx_word' id='word_1_67' title='bbox 817 989 916 1042; x_wconf 77' lang='grc' dir='ltr'><strong>ἐπὶ</strong></span> <span class='ocrx_word' id='word_1_68' title='bbox 943 991 1049 1054; x_wconf 85' lang='grc' dir='ltr'>σοὶ,</span> <span class='ocrx_word' id='word_1_69' title='bbox 1091 992 1341 1046; x_wconf 82' lang='grc' dir='ltr'>Θεοτόκε.</span> <span class='ocrx_word' id='word_1_70' title='bbox 1377 1013 1394 1043; x_wconf 74' lang='grc' dir='ltr'><strong>ι</strong></span> <span class='ocrx_word' id='word_1_71' title='bbox 1435 995 1575 1064; x_wconf 80' lang='grc' dir='ltr'>Πρὸς</span> <span class='ocrx_word' id='word_1_72' title='bbox 1604 995 1725 1047; x_wconf 87' lang='grc' dir='ltr'>τού-</span> 
     </span>
    </p>
   </div>
   <div class='ocr_carea' id='block_1_11' title="bbox 193 1080 1725 1156">
    <p class='ocr_par' dir='ltr' id='par_1_11' title="bbox 193 1080 1725 1156">
     <span class='ocr_line' id='line_1_11' title="bbox 193 1080 1725 1156; baseline -0.007 -19"><span class='ocrx_word' id='word_1_73' title='bbox 193 1101 284 1145; x_wconf 60' lang='grc' dir='ltr'>τίιις</span> <span class='ocrx_word' id='word_1_74' title='bbox 305 1083 354 1134; x_wconf 84' lang='grc' dir='ltr'>δὲ</span> <span class='ocrx_word' id='word_1_75' title='bbox 383 1083 409 1134; x_wconf 89' lang='lat'><strong>6</strong></span> <span class='ocrx_word' id='word_1_76' title='bbox 435 1080 732 1148; x_wconf 82' lang='grc' dir='ltr'>ἁγιώτατος</span> <span class='ocrx_word' id='word_1_77' title='bbox 771 1081 1026 1150; x_wconf 79' lang='grc' dir='ltr'><strong>Ἀνδρέας</strong></span> <span class='ocrx_word' id='word_1_78' title='bbox 1056 1083 1082 1134; x_wconf 90' lang='lat'><strong>6</strong></span> <span class='ocrx_word' id='word_1_79' title='bbox 1120 1084 1348 1153; x_wconf 73' lang='grc' dir='ltr'>Κρήτης</span> <span class='ocrx_word' id='word_1_80' title='bbox 1391 1085 1561 1156; x_wconf 80' lang='grc' dir='ltr'>αὐτὴν</span> <span class='ocrx_word' id='word_1_81' title='bbox 1593 1087 1725 1139; x_wconf 79' lang='grc' dir='ltr'>ταύ-</span> 
     </span>
    </p>
   </div>
   <div class='ocr_carea' id='block_1_12' title="bbox 192 1172 1726 1244">
    <p class='ocr_par' dir='ltr' id='par_1_12' title="bbox 192 1172 1726 1244">
     <span class='ocr_line' id='line_1_12' title="bbox 192 1172 1726 1244; baseline 0.002 -16"><span class='ocrx_word' id='word_1_82' title='bbox 192 1193 272 1243; x_wconf 80' lang='grc' dir='ltr'><strong>την</strong></span> <span class='ocrx_word' id='word_1_83' title='bbox 317 1174 510 1240; x_wconf 77' lang='grc' dir='ltr'><strong>εἰσάγει</strong></span> <span class='ocrx_word' id='word_1_84' title='bbox 565 1172 828 1240; x_wconf 81' lang='grc' dir='ltr'><strong>λέγουσαν</strong></span> <span class='ocrx_word' id='word_1_85' title='bbox 856 1174 938 1226; x_wconf 84' lang='grc' dir='ltr'><strong>δτι</strong></span> <span class='ocrx_word' id='word_1_86' title='bbox 970 1175 1046 1243; x_wconf 75' lang='grc' dir='ltr'>Τῇ</span> <span class='ocrx_word' id='word_1_87' title='bbox 1097 1175 1196 1243; x_wconf 75' lang='grc' dir='ltr'><strong>μὲν</strong></span> <span class='ocrx_word' id='word_1_88' title='bbox 1248 1177 1394 1244; x_wconf 71' lang='grc' dir='ltr'>ψυχῇ</span> <span class='ocrx_word' id='word_1_89' title='bbox 1439 1177 1726 1243; x_wconf 81' lang='grc' dir='ltr'>μεγαλύνω</span> 
     </span>
    </p>
   </div>
   <div class='ocr_carea' id='block_1_13' title="bbox 191 1245 1725 1336">
    <p class='ocr_par' dir='ltr' id='par_1_13' title="bbox 191 1245 1725 1336">
     <span class='ocr_line' id='line_1_13' title="bbox 191 1245 1725 1336; baseline 0.003 -20"><span class='ocrx_word' id='word_1_90' title='bbox 191 1266 262 1316; x_wconf 83' lang='grc' dir='ltr'><strong>τὸν</strong></span> <span class='ocrx_word' id='word_1_91' title='bbox 289 1265 474 1334; x_wconf 76' lang='grc' dir='ltr'>Κύριον</span> <span class='ocrx_word' id='word_1_92' title='bbox 499 1265 592 1317; x_wconf 80' lang='grc' dir='ltr'>καὶ</span> <span class='ocrx_word' id='word_1_93' title='bbox 623 1265 970 1334; x_wconf 75' lang='grc' dir='ltr'>ἀγαλλιῶμαι</span> <span class='ocrx_word' id='word_1_94' title='bbox 989 1264 1064 1334; x_wconf 83' lang='grc' dir='ltr'>τῷ</span> <span class='ocrx_word' id='word_1_95' title='bbox 1089 1245 1387 1334; x_wconf 71' lang='grc' dir='ltr'>πνεύματι,</span> <span class='ocrx_word' id='word_1_96' title='bbox 1416 1265 1493 1335; x_wconf 84' lang='grc' dir='ltr'>τῷ</span> <span class='ocrx_word' id='word_1_97' title='bbox 1518 1267 1725 1336; x_wconf 84' lang='grc' dir='ltr'>σώματι</span> 
     </span>
    </p>
   </div>
   <div class='ocr_carea' id='block_1_14' title="bbox 189 1355 1727 1426">
    <p class='ocr_par' dir='ltr' id='par_1_14' title="bbox 189 1355 1727 1426">
     <span class='ocr_line' id='line_1_14' title="bbox 189 1355 1727 1426; baseline 0.003 -20"><span class='ocrx_word' id='word_1_98' title='bbox 189 1355 235 1406; x_wconf 75' lang='grc' dir='ltr'>δὲ</span> <span class='ocrx_word' id='word_1_99' title='bbox 262 1355 678 1424; x_wconf 81' lang='grc' dir='ltr'>μεταλλάττομαι</span> <span class='ocrx_word' id='word_1_100' title='bbox 703 1358 794 1410; x_wconf 72' lang='grc' dir='ltr'>καὶ</span> <span class='ocrx_word' id='word_1_101' title='bbox 823 1356 1136 1426; x_wconf 80' lang='grc' dir='ltr'>μορφούμαι</span> <span class='ocrx_word' id='word_1_102' title='bbox 1160 1357 1258 1426; x_wconf 78' lang='grc' dir='ltr'>τὴν</span> <span class='ocrx_word' id='word_1_103' title='bbox 1293 1357 1350 1409; x_wconf 80' lang='grc' dir='ltr'>ἐν</span> <span class='ocrx_word' id='word_1_104' title='bbox 1381 1357 1566 1426; x_wconf 76' lang='grc' dir='ltr'>χάριτι</span> <span class='ocrx_word' id='word_1_105' title='bbox 1591 1359 1727 1411; x_wconf 80' lang='grc' dir='ltr'><strong>Θέω-</strong></span> 
     </span>
    </p>
   </div>
   <div class='ocr_carea' id='block_1_15' title="bbox 187 1446 1124 1516">
    <p class='ocr_par' dir='ltr' id='par_1_15' title="bbox 187 1446 1124 1516">
     <span class='ocr_line' id='line_1_15' title="bbox 187 1446 1124 1516; baseline 0.004 -19"><span class='ocrx_word' id='word_1_106' title='bbox 187 1464 270 1499; x_wconf 90' lang='grc' dir='ltr'>σιν.</span> <span class='ocrx_word' id='word_1_107' title='bbox 306 1447 402 1500; x_wconf 81' lang='grc' dir='ltr'>Καὶ</span> <span class='ocrx_word' id='word_1_108' title='bbox 427 1446 593 1500; x_wconf 73' lang='grc' dir='ltr'>ταῦτα</span> <span class='ocrx_word' id='word_1_109' title='bbox 631 1448 730 1516; x_wconf 86' lang='grc' dir='ltr'>μὲν</span> <span class='ocrx_word' id='word_1_110' title='bbox 763 1449 817 1509; x_wconf 82' lang='grc' dir='ltr'>ἐς</span> <span class='ocrx_word' id='word_1_111' title='bbox 852 1446 1124 1501; x_wconf 80' lang='grc' dir='ltr'>τοσοῦτον.</span> 
     </span>
    </p>
   </div>
   <div class='ocr_carea' id='block_1_16' title="bbox 1832 537 3406 619">
    <p class='ocr_par' dir='ltr' id='par_1_16' title="bbox 1832 537 3406 619">
     <span class='ocr_line' id='line_1_16' title="bbox 1832 537 3406 619; baseline 0.016 -25"><span class='ocrx_word' id='word_1_112' title='bbox 1832 557 1963 597; x_wconf 88' lang='lat' dir='ltr'><strong>ecce</strong></span> <span class='ocrx_word' id='word_1_113' title='bbox 2013 537 2395 600; x_wconf 81' lang='lat' dir='ltr'><strong>sanctissimus</strong></span> <span class='ocrx_word' id='word_1_114' title='bbox 2435 549 2526 603; x_wconf 91' lang='lat' dir='ltr'><strong>ille</strong></span> <span class='ocrx_word' id='word_1_115' title='bbox 2563 554 2875 619; x_wconf 77' lang='lat' dir='ltr'><strong>patriarcha</strong></span> <span class='ocrx_word' id='word_1_116' title='bbox 2919 556 3225 614; x_wconf 84' lang='lat' dir='ltr'><strong>Germanus</strong></span> <span class='ocrx_word' id='word_1_117' title='bbox 3273 562 3406 619; x_wconf 84' lang='lat' dir='ltr'><strong>hinc</strong></span> 
     </span>
    </p>
   </div>
   <div class='ocr_carea' id='block_1_17' title="bbox 1828 633 3400 706">
    <p class='ocr_par' dir='ltr' id='par_1_17' title="bbox 1828 633 3400 706">
     <span class='ocr_line' id='line_1_17' title="bbox 1828 633 3400 706; baseline 0.015 -23"><span class='ocrx_word' id='word_1_118' title='bbox 1828 633 2118 687; x_wconf 79' lang='lat' dir='ltr'><strong>occasione</strong></span> <span class='ocrx_word' id='word_1_119' title='bbox 2149 643 2403 706; x_wconf 82' lang='lat' dir='ltr'><strong>sumpta,</strong></span> <span class='ocrx_word' id='word_1_120' title='bbox 2446 637 2526 690; x_wconf 91' lang='lat' dir='ltr'><strong>sic</strong></span> <span class='ocrx_word' id='word_1_121' title='bbox 2557 638 2621 691; x_wconf 88' lang='lat' dir='ltr'><strong>ad</strong></span> <span class='ocrx_word' id='word_1_122' title='bbox 2656 641 2882 695; x_wconf 79' lang='lat' dir='ltr'><strong>verbum</strong></span> <span class='ocrx_word' id='word_1_123' title='bbox 2915 643 2974 698; x_wconf 82' lang='lat' dir='ltr'><strong>in</strong></span> <span class='ocrx_word' id='word_1_124' title='bbox 3011 648 3262 703; x_wconf 89' lang='lat' dir='ltr'><strong>oratione</strong></span> <span class='ocrx_word' id='word_1_125' title='bbox 3304 668 3400 706; x_wconf 86' lang='lat' dir='ltr'><strong>sua</strong></span> 
     </span>
    </p>
   </div>
   <div class='ocr_carea' id='block_1_18' title="bbox 1823 721 3403 808">
    <p class='ocr_par' dir='ltr' id='par_1_18' title="bbox 1823 721 3403 808">
     <span class='ocr_line' id='line_1_18' title="bbox 1823 721 3403 808; baseline 0.014 -34"><span class='ocrx_word' id='word_1_126' title='bbox 1823 721 1892 776; x_wconf 89' lang='lat' dir='ltr'><strong>de</strong></span> <span class='ocrx_word' id='word_1_127' title='bbox 1922 723 2332 780; x_wconf 89' lang='lat' dir='ltr'><strong>obdormitione</strong></span> <span class='ocrx_word' id='word_1_128' title='bbox 2358 727 2598 796; x_wconf 79' lang='lat' dir='ltr'><strong>Virginis</strong></span> <span class='ocrx_word' id='word_1_129' title='bbox 2634 731 2911 800; x_wconf 88' lang='lat' dir='ltr'><strong>loquitur:</strong></span> <span class='ocrx_word' id='word_1_130' title='bbox 2954 755 2972 787; x_wconf 85' lang='grc' dir='ltr'><strong>ι</strong></span> <span class='ocrx_word' id='word_1_131' title='bbox 3009 738 3238 808; x_wconf 78' lang='lat' dir='ltr'><strong>Semper</strong></span> <span class='ocrx_word' id='word_1_132' title='bbox 3268 742 3403 796; x_wconf 88' lang='lat' dir='ltr'><strong>vivit</strong></span> 
     </span>
    </p>
   </div>
   <div class='ocr_carea' id='block_1_19' title="bbox 1823 813 3405 902">
    <p class='ocr_par' dir='ltr' id='par_1_19' title="bbox 1823 813 3405 902">
     <span class='ocr_line' id='line_1_19' title="bbox 1823 813 3405 902; baseline 0.015 -37"><span class='ocrx_word' id='word_1_133' title='bbox 1823 813 2053 882; x_wconf 73' lang='lat' dir='ltr'><strong>spiritus</strong></span> <span class='ocrx_word' id='word_1_134' title='bbox 2101 823 2254 878; x_wconf 87' lang='lat' dir='ltr'><strong>tuus.</strong></span> <span class='ocrx_word' id='word_1_135' title='bbox 2301 827 2357 872; x_wconf 92' lang='lat' dir='ltr'><strong>et</strong></span> <span class='ocrx_word' id='word_1_136' title='bbox 2397 834 2526 872; x_wconf 88' lang='lat' dir='ltr'><strong>caro</strong></span> <span class='ocrx_word' id='word_1_137' title='bbox 2559 830 2648 874; x_wconf 89' lang='lat' dir='ltr'><strong>tua</strong></span> <span class='ocrx_word' id='word_1_138' title='bbox 2682 826 3042 892; x_wconf 86' lang='lat' dir='ltr'><strong>sepulcralem</strong></span> <span class='ocrx_word' id='word_1_139' title='bbox 3094 835 3405 902; x_wconf 90' lang='lat' dir='ltr'><strong>corruptio-</strong></span> 
     </span>
    </p>
   </div>
   <div class='ocr_carea' id='block_1_20' title="bbox 1822 913 3400 993">
    <p class='ocr_par' dir='ltr' id='par_1_20' title="bbox 1822 913 3400 993">
     <span class='ocr_line' id='line_1_20' title="bbox 1822 913 3400 993; baseline 0.013 -33"><span class='ocrx_word' id='word_1_140' title='bbox 1822 923 1948 961; x_wconf 91' lang='lat' dir='ltr'><strong>nem</strong></span> <span class='ocrx_word' id='word_1_141' title='bbox 1980 925 2089 963; x_wconf 92' lang='lat' dir='ltr'><strong>non</strong></span> <span class='ocrx_word' id='word_1_142' title='bbox 2115 920 2198 965; x_wconf 91' lang='lat' dir='ltr'><strong>cst</strong></span> <span class='ocrx_word' id='word_1_143' title='bbox 2227 921 2470 982; x_wconf 80' lang='lat' dir='ltr'><strong>experta.</strong></span> <span class='ocrx_word' id='word_1_144' title='bbox 2509 913 2703 969; x_wconf 87' lang='lat' dir='ltr'><strong>Omnia</strong></span> <span class='ocrx_word' id='word_1_145' title='bbox 2741 917 2996 983; x_wconf 91' lang='lat' dir='ltr'><strong>intueris,</strong></span> <span class='ocrx_word' id='word_1_146' title='bbox 3049 934 3101 974; x_wconf 92' lang='lat' dir='ltr'><strong>ct</strong></span> <span class='ocrx_word' id='word_1_147' title='bbox 3134 924 3400 993; x_wconf 85' lang='lat' dir='ltr'><strong>inspectio</strong></span> 
     </span>
    </p>
   </div>
   <div class='ocr_carea' id='block_1_21' title="bbox 1822 1004 3401 1082">
    <p class='ocr_par' dir='ltr' id='par_1_21' title="bbox 1822 1004 3401 1082">
     <span class='ocr_line' id='line_1_21' title="bbox 1822 1004 3401 1082; baseline 0.011 -29"><span class='ocrx_word' id='word_1_148' title='bbox 1822 1009 1914 1053; x_wconf 90' lang='lat' dir='ltr'><strong>tua</strong></span> <span class='ocrx_word' id='word_1_149' title='bbox 1946 1016 2138 1056; x_wconf 84' lang='lat' dir='ltr'><strong>versus</strong></span> <span class='ocrx_word' id='word_1_150' title='bbox 2170 1013 2368 1058; x_wconf 88' lang='lat' dir='ltr'><strong>cuncta</strong></span> <span class='ocrx_word' id='word_1_151' title='bbox 2423 1004 2699 1074; x_wconf 78' lang='lat' dir='ltr'><strong>dirigitur.</strong></span> <span class='ocrx_word' id='word_1_152' title='bbox 2761 1007 2882 1076; x_wconf 85' lang='lat' dir='ltr'><strong>Quo</strong></span> <span class='ocrx_word' id='word_1_153' title='bbox 2939 1010 2998 1063; x_wconf 81' lang='lat' dir='ltr'><strong>ﬁt</strong></span> <span class='ocrx_word' id='word_1_154' title='bbox 3047 1025 3105 1066; x_wconf 92' lang='lat' dir='ltr'><strong>ut</strong></span> <span class='ocrx_word' id='word_1_155' title='bbox 3150 1019 3401 1082; x_wconf 84' lang='lat' dir='ltr'><strong>quamvis</strong></span> 
     </span>
    </p>
   </div>
   <div class='ocr_carea' id='block_1_22' title="bbox 1825 1089 3399 1166">
    <p class='ocr_par' dir='ltr' id='par_1_22' title="bbox 1825 1089 3399 1166">
     <span class='ocr_line' id='line_1_22' title="bbox 1825 1089 3399 1166; baseline 0.01 -24"><span class='ocrx_word' id='word_1_156' title='bbox 1825 1089 1968 1142; x_wconf 84' lang='lat' dir='ltr'><strong>oculi</strong></span> <span class='ocrx_word' id='word_1_157' title='bbox 2026 1092 2200 1144; x_wconf 88' lang='lat' dir='ltr'><strong>nostri</strong></span> <span class='ocrx_word' id='word_1_158' title='bbox 2260 1095 2668 1163; x_wconf 72' lang='lat' dir='ltr'><strong>prmpediantur</strong></span> <span class='ocrx_word' id='word_1_159' title='bbox 2721 1099 3019 1166; x_wconf 90' lang='lat' dir='ltr'><strong>quominus</strong></span> <span class='ocrx_word' id='word_1_160' title='bbox 3061 1109 3112 1156; x_wconf 89' lang='lat' dir='ltr'><strong>te</strong></span> <span class='ocrx_word' id='word_1_161' title='bbox 3150 1114 3399 1166; x_wconf 86' lang='lat' dir='ltr'><strong>cernant,</strong></span> 
     </span>
    </p>
   </div>
   <div class='ocr_carea' id='block_1_23' title="bbox 1827 1180 3404 1256">
    <p class='ocr_par' dir='ltr' id='par_1_23' title="bbox 1827 1180 3404 1256">
     <span class='ocr_line' id='line_1_23' title="bbox 1827 1180 3404 1256; baseline 0.01 -25"><span class='ocrx_word' id='word_1_162' title='bbox 1827 1186 1882 1231; x_wconf 88' lang='lat' dir='ltr'><strong>tu</strong></span> <span class='ocrx_word' id='word_1_163' title='bbox 1927 1187 2135 1244; x_wconf 83' lang='lat' dir='ltr'><strong>tamen,</strong></span> <span class='ocrx_word' id='word_1_164' title='bbox 2173 1180 2335 1250; x_wconf 81' lang='lat' dir='ltr'><strong>Virgo</strong></span> <span class='ocrx_word' id='word_1_165' title='bbox 2387 1185 2737 1239; x_wconf 88' lang='lat' dir='ltr'><strong>sanctissima</strong></span> <span class='ocrx_word' id='word_1_166' title='bbox 2766 1227 2780 1250; x_wconf 89' lang='lat'><strong>,</strong></span> <span class='ocrx_word' id='word_1_167' title='bbox 2836 1188 3018 1256; x_wconf 82' lang='lat' dir='ltr'><strong>dignis</strong></span> <span class='ocrx_word' id='word_1_168' title='bbox 3053 1203 3221 1244; x_wconf 83' lang='lat' dir='ltr'><strong>temet</strong></span> <span class='ocrx_word' id='word_1_169' title='bbox 3271 1207 3404 1246; x_wconf 92' lang='lat' dir='ltr'><strong>con-</strong></span> 
     </span>
    </p>
   </div>
   <div class='ocr_carea' id='block_1_24' title="bbox 1824 1268 3402 1339">
    <p class='ocr_par' dir='ltr' id='par_1_24' title="bbox 1824 1268 3402 1339">
     <span class='ocr_line' id='line_1_24' title="bbox 1824 1268 3402 1339; baseline 0.008 -17"><span class='ocrx_word' id='word_1_170' title='bbox 1824 1268 2163 1334; x_wconf 75' lang='lat' dir='ltr'><strong>Spiciendam</strong></span> <span class='ocrx_word' id='word_1_171' title='bbox 2197 1273 2463 1339; x_wconf 73' lang='lat' dir='ltr'><strong>przebeas.</strong></span> <span class='ocrx_word' id='word_1_172' title='bbox 2525 1274 2658 1327; x_wconf 88' lang='lat' dir='ltr'><strong>Nam</strong></span> <span class='ocrx_word' id='word_1_173' title='bbox 2711 1291 2841 1331; x_wconf 89' lang='lat' dir='ltr'><strong>caro</strong></span> <span class='ocrx_word' id='word_1_174' title='bbox 2876 1279 2926 1332; x_wconf 88' lang='lat' dir='ltr'><strong>vi</strong></span> <span class='ocrx_word' id='word_1_175' title='bbox 2979 1288 3034 1334; x_wconf 87' lang='lat' dir='ltr'><strong>et</strong></span> <span class='ocrx_word' id='word_1_176' title='bbox 3093 1279 3402 1337; x_wconf 81' lang='lat' dir='ltr'><strong>eﬂicacitati</strong></span> 
     </span>
    </p>
   </div>
   <div class='ocr_carea' id='block_1_25' title="bbox 1826 1359 3397 1439">
    <p class='ocr_par' dir='ltr' id='par_1_25' title="bbox 1826 1359 3397 1439">
     <span class='ocr_line' id='line_1_25' title="bbox 1826 1359 3397 1439; baseline 0.01 -29"><span class='ocrx_word' id='word_1_177' title='bbox 1826 1359 2052 1427; x_wconf 89' lang='lat' dir='ltr'><strong>spiritus</strong></span> <span class='ocrx_word' id='word_1_178' title='bbox 2088 1361 2162 1413; x_wconf 93' lang='lat' dir='ltr'><strong>tui</strong></span> <span class='ocrx_word' id='word_1_179' title='bbox 2192 1363 2383 1431; x_wconf 89' lang='lat' dir='ltr'><strong>nequit</strong></span> <span class='ocrx_word' id='word_1_180' title='bbox 2415 1364 2635 1420; x_wconf 77' lang='lat' dir='ltr'><strong>oﬂicere</strong></span> <span class='ocrx_word' id='word_1_181' title='bbox 2665 1367 2750 1421; x_wconf 88' lang='lat' dir='ltr'><strong>vel</strong></span> <span class='ocrx_word' id='word_1_182' title='bbox 2779 1369 3174 1439; x_wconf 90' lang='lat' dir='ltr'><strong>impedimento</strong></span> <span class='ocrx_word' id='word_1_183' title='bbox 3203 1389 3347 1428; x_wconf 88' lang='lat' dir='ltr'><strong>esse.</strong></span> <span class='ocrx_word' id='word_1_184' title='bbox 3379 1394 3397 1426; x_wconf 76' lang='grc' dir='ltr'><strong>ι</strong></span> 
     </span>
    </p>
   </div>
   <div class='ocr_carea' id='block_1_26' title="bbox 1827 1451 3401 1529">
    <p class='ocr_par' dir='ltr' id='par_1_26' title="bbox 1827 1451 3401 1529">
     <span class='ocr_line' id='line_1_26' title="bbox 1827 1451 3401 1529; baseline 0.012 -27"><span class='ocrx_word' id='word_1_185' title='bbox 1827 1451 1901 1502; x_wconf 78' lang='lat' dir='ltr'><strong>Ac</strong></span> <span class='ocrx_word' id='word_1_186' title='bbox 1930 1467 2148 1504; x_wconf 86' lang='lat' dir='ltr'><strong>rursum</strong></span> <span class='ocrx_word' id='word_1_187' title='bbox 2176 1470 2188 1504; x_wconf 90' lang='lat'><strong>:</strong></span> <span class='ocrx_word' id='word_1_188' title='bbox 2220 1472 2236 1502; x_wconf 80' lang='grc' dir='ltr'><strong>ι</strong></span> <span class='ocrx_word' id='word_1_189' title='bbox 2268 1453 2481 1524; x_wconf 89' lang='lat' dir='ltr'><strong>Corpus</strong></span> <span class='ocrx_word' id='word_1_190' title='bbox 2514 1463 2664 1509; x_wconf 90' lang='lat' dir='ltr'><strong>tuum</strong></span> <span class='ocrx_word' id='word_1_191' title='bbox 2689 1459 2994 1529; x_wconf 85' lang='lat' dir='ltr'><strong>virgineum</strong></span> <span class='ocrx_word' id='word_1_192' title='bbox 3021 1465 3247 1519; x_wconf 92' lang='lat' dir='ltr'><strong>omnino</strong></span> <span class='ocrx_word' id='word_1_193' title='bbox 3275 1481 3401 1520; x_wconf 87' lang='lat' dir='ltr'><strong>san-</strong></span> 
     </span>
    </p>
   </div>
   <div class='ocr_carea' id='block_1_27' title="bbox 185 1542 3406 1626">
    <p class='ocr_par' dir='ltr' id='par_1_27' title="bbox 185 1542 3406 1626">
     <span class='ocr_line' id='line_1_27' title="bbox 185 1542 3406 1626; baseline 0.007 -33"><span class='ocrx_word' id='word_1_194' title='bbox 185 1553 306 1594; x_wconf 90' lang='lat' dir='ltr'><strong>ctum</strong></span> <span class='ocrx_word' id='word_1_195' title='bbox 331 1552 426 1603; x_wconf 85' lang='lat' dir='ltr'><strong>est.</strong></span> <span class='ocrx_word' id='word_1_196' title='bbox 459 1551 512 1596; x_wconf 90' lang='lat' dir='ltr'><strong>et</strong></span> <span class='ocrx_word' id='word_1_197' title='bbox 540 1542 842 1596; x_wconf 90' lang='lat' dir='ltr'><strong>humanum</strong></span> <span class='ocrx_word' id='word_1_198' title='bbox 869 1543 1114 1612; x_wconf 86' lang='lat' dir='ltr'><strong>quidem,</strong></span> <span class='ocrx_word' id='word_1_199' title='bbox 1148 1543 1242 1596; x_wconf 85' lang='lat' dir='ltr'><strong>sed</strong></span> <span class='ocrx_word' id='word_1_200' title='bbox 1285 1543 1429 1612; x_wconf 90' lang='lat' dir='ltr'><strong>quod</strong></span> <span class='ocrx_word' id='word_1_201' title='bbox 1475 1543 1541 1596; x_wconf 91' lang='lat' dir='ltr'><strong>ad</strong></span> <span class='ocrx_word' id='word_1_202' title='bbox 1605 1558 1875 1597; x_wconf 86' lang='lat' dir='ltr'><strong>summam</strong></span> <span class='ocrx_word' id='word_1_203' title='bbox 1921 1545 2353 1626; x_wconf 81' lang='lat' dir='ltr'><strong>immortalitatis</strong></span> <span class='ocrx_word' id='word_1_204' title='bbox 2425 1549 2590 1604; x_wconf 84' lang='lat' dir='ltr'><strong>vitam</strong></span> <span class='ocrx_word' id='word_1_205' title='bbox 2659 1557 2972 1621; x_wconf 83' lang='lat' dir='ltr'><strong>pervenerit</strong></span> <span class='ocrx_word' id='word_1_206' title='bbox 3013 1557 3262 1626; x_wconf 85' lang='lat' dir='ltr'><strong>adeoque</strong></span> <span class='ocrx_word' id='word_1_207' title='bbox 3319 1561 3406 1616; x_wconf 89' lang='lat' dir='ltr'><strong>in-</strong></span> 
     </span>
    </p>
   </div>
   <div class='ocr_carea' id='block_1_28' title="bbox 184 1625 3402 1717">
    <p class='ocr_par' dir='ltr' id='par_1_28' title="bbox 184 1625 3402 1717">
     <span class='ocr_line' id='line_1_28' title="bbox 184 1625 3402 1717; baseline 0.006 -31"><span class='ocrx_word' id='word_1_208' title='bbox 184 1645 363 1700; x_wconf 85' lang='lat' dir='ltr'><strong>tegrum</strong></span> <span class='ocrx_word' id='word_1_209' title='bbox 397 1633 464 1686; x_wconf 90' lang='lat' dir='ltr'><strong>sit</strong></span> <span class='ocrx_word' id='word_1_210' title='bbox 492 1643 549 1688; x_wconf 89' lang='lat' dir='ltr'><strong>et</strong></span> <span class='ocrx_word' id='word_1_211' title='bbox 612 1635 864 1688; x_wconf 88' lang='lat' dir='ltr'><strong>absolute</strong></span> <span class='ocrx_word' id='word_1_212' title='bbox 898 1635 1077 1688; x_wconf 87' lang='lat' dir='ltr'><strong>vivum</strong></span> <span class='ocrx_word' id='word_1_213' title='bbox 1111 1643 1167 1689; x_wconf 90' lang='lat' dir='ltr'><strong>et</strong></span> <span class='ocrx_word' id='word_1_214' title='bbox 1197 1634 1588 1690; x_wconf 85' lang='lat' dir='ltr'><strong>obdorinitioni</strong></span> <span class='ocrx_word' id='word_1_215' title='bbox 1623 1652 1731 1690; x_wconf 89' lang='lat' dir='ltr'><strong>non</strong></span> <span class='ocrx_word' id='word_1_216' title='bbox 1772 1625 2106 1702; x_wconf 74' lang='lat' dir='ltr'><strong>obnoxium,</strong></span> <span class='ocrx_word' id='word_1_217' title='bbox 2133 1639 2334 1708; x_wconf 91' lang='lat' dir='ltr'><strong>quippe</strong></span> <span class='ocrx_word' id='word_1_218' title='bbox 2366 1642 2508 1708; x_wconf 85' lang='lat' dir='ltr'><strong>quod</strong></span> <span class='ocrx_word' id='word_1_219' title='bbox 2555 1659 2644 1698; x_wconf 87' lang='lat' dir='ltr'><strong>vas</strong></span> <span class='ocrx_word' id='word_1_220' title='bbox 2694 1645 2787 1699; x_wconf 88' lang='lat' dir='ltr'><strong>Dei</strong></span> <span class='ocrx_word' id='word_1_221' title='bbox 2853 1663 3025 1717; x_wconf 79' lang='lat' dir='ltr'><strong>capax</strong></span> <span class='ocrx_word' id='word_1_222' title='bbox 3073 1625 3259 1704; x_wconf 80' lang='lat' dir='ltr'><strong>fuerit.</strong></span> <span class='ocrx_word' id='word_1_223' title='bbox 3297 1652 3402 1705; x_wconf 84' lang='lat' dir='ltr'><strong>Va-</strong></span> 
     </span>
    </p>
   </div>
   <div class='ocr_carea' id='block_1_29' title="bbox 179 1727 3405 1802">
    <p class='ocr_par' dir='ltr' id='par_1_29' title="bbox 179 1727 3405 1802">
     <span class='ocr_line' id='line_1_29' title="bbox 179 1727 3405 1802; baseline 0.007 -23"><span class='ocrx_word' id='word_1_224' title='bbox 179 1727 285 1787; x_wconf 88' lang='lat' dir='ltr'><strong>leat.</strong></span> <span class='ocrx_word' id='word_1_225' title='bbox 312 1735 359 1781; x_wconf 88' lang='lat' dir='ltr'><strong>te</strong></span> <span class='ocrx_word' id='word_1_226' title='bbox 383 1727 523 1796; x_wconf 91' lang='lat' dir='ltr'><strong>quod</strong></span> <span class='ocrx_word' id='word_1_227' title='bbox 557 1729 778 1789; x_wconf 85' lang='lat' dir='ltr'><strong>attinet.</strong></span> <span class='ocrx_word' id='word_1_228' title='bbox 831 1729 1182 1796; x_wconf 89' lang='lat' dir='ltr'><strong>sepulcrum;</strong></span> <span class='ocrx_word' id='word_1_229' title='bbox 1219 1729 1396 1783; x_wconf 86' lang='lat' dir='ltr'><strong>valeat</strong></span> <span class='ocrx_word' id='word_1_230' title='bbox 1436 1729 1632 1798; x_wconf 89' lang='lat' dir='ltr'><strong>pulvis,</strong></span> <span class='ocrx_word' id='word_1_231' title='bbox 1679 1745 1712 1783; x_wconf 92' lang='grc' dir='ltr'><strong>ο</strong></span> <span class='ocrx_word' id='word_1_232' title='bbox 1754 1730 2002 1799; x_wconf 83' lang='lat' dir='ltr'><strong>Deipara.</strong></span> <span class='ocrx_word' id='word_1_233' title='bbox 2047 1751 2063 1780; x_wconf 73' lang='grc' dir='ltr'><strong>ι</strong></span> <span class='ocrx_word' id='word_1_234' title='bbox 2107 1733 2248 1797; x_wconf 88' lang='lat' dir='ltr'><strong>Quin</strong></span> <span class='ocrx_word' id='word_1_235' title='bbox 2286 1735 2454 1788; x_wconf 89' lang='lat' dir='ltr'><strong>etiam</strong></span> <span class='ocrx_word' id='word_1_236' title='bbox 2521 1740 2904 1797; x_wconf 88' lang='lat' dir='ltr'><strong>sanctissimus</strong></span> <span class='ocrx_word' id='word_1_237' title='bbox 2968 1741 3087 1799; x_wconf 55' lang='lat' dir='ltr'><strong>ille&#39;</strong></span> <span class='ocrx_word' id='word_1_238' title='bbox 3123 1730 3405 1802; x_wconf 89' lang='lat' dir='ltr'><strong>Cretensis</strong></span> 
     </span>
    </p>
   </div>
   <div class='ocr_carea' id='block_1_30' title="bbox 179 1818 3396 1900">
    <p class='ocr_par' dir='ltr' id='par_1_30' title="bbox 179 1818 3396 1900">
     <span class='ocr_line' id='line_1_30' title="bbox 179 1818 3396 1900; baseline 0.007 -30"><span class='ocrx_word' id='word_1_239' title='bbox 179 1819 344 1887; x_wconf 64' lang='lat' dir='ltr'><strong>prmsul</strong></span> <span class='ocrx_word' id='word_1_240' title='bbox 376 1818 621 1874; x_wconf 81' lang='lat' dir='ltr'><strong>Andreas</strong></span> <span class='ocrx_word' id='word_1_241' title='bbox 657 1820 711 1873; x_wconf 89' lang='lat' dir='ltr'><strong>in</strong></span> <span class='ocrx_word' id='word_1_242' title='bbox 751 1819 897 1874; x_wconf 91' lang='lat' dir='ltr'><strong>hunc</strong></span> <span class='ocrx_word' id='word_1_243' title='bbox 924 1819 1147 1874; x_wconf 91' lang='lat' dir='ltr'><strong>modum</strong></span> <span class='ocrx_word' id='word_1_244' title='bbox 1191 1819 1362 1888; x_wconf 85' lang='lat' dir='ltr'><strong>ipsam</strong></span> <span class='ocrx_word' id='word_1_245' title='bbox 1430 1821 1744 1888; x_wconf 77' lang='lat' dir='ltr'><strong>loquentem</strong></span> <span class='ocrx_word' id='word_1_246' title='bbox 1788 1821 2124 1875; x_wconf 90' lang='lat' dir='ltr'><strong>introducit:</strong></span> <span class='ocrx_word' id='word_1_247' title='bbox 2192 1840 2209 1872; x_wconf 85' lang='grc' dir='ltr'><strong>ι</strong></span> <span class='ocrx_word' id='word_1_248' title='bbox 2254 1824 2448 1877; x_wconf 78' lang='lat' dir='ltr'><strong>Animo</strong></span> <span class='ocrx_word' id='word_1_249' title='bbox 2488 1827 2709 1894; x_wconf 90' lang='lat' dir='ltr'><strong>quidem</strong></span> <span class='ocrx_word' id='word_1_250' title='bbox 2763 1832 3049 1900; x_wconf 85' lang='lat' dir='ltr'><strong>magniﬁce</strong></span> <span class='ocrx_word' id='word_1_251' title='bbox 3099 1837 3396 1891; x_wconf 91' lang='lat' dir='ltr'><strong>Dominum</strong></span> 
     </span>
    </p>
   </div>
   <div class='ocr_carea' id='block_1_31' title="bbox 177 1909 3404 1988">
    <p class='ocr_par' dir='ltr' id='par_1_31' title="bbox 177 1909 3404 1988">
     <span class='ocr_line' id='line_1_31' title="bbox 177 1909 3404 1988; baseline 0.007 -25"><span class='ocrx_word' id='word_1_252' title='bbox 177 1909 363 1965; x_wconf 79' lang='lat' dir='ltr'><strong>celebro</strong></span> <span class='ocrx_word' id='word_1_253' title='bbox 411 1917 462 1965; x_wconf 87' lang='lat' dir='ltr'><strong>et</strong></span> <span class='ocrx_word' id='word_1_254' title='bbox 535 1911 734 1978; x_wconf 82' lang='lat' dir='ltr'><strong>spiritu</strong></span> <span class='ocrx_word' id='word_1_255' title='bbox 782 1910 1033 1970; x_wconf 79' lang='lat' dir='ltr'><strong>exsulto,</strong></span> <span class='ocrx_word' id='word_1_256' title='bbox 1107 1924 1336 1979; x_wconf 85' lang='lat' dir='ltr'><strong>corpore</strong></span> <span class='ocrx_word' id='word_1_257' title='bbox 1388 1925 1518 1964; x_wconf 84' lang='lat' dir='ltr'><strong>vero</strong></span> <span class='ocrx_word' id='word_1_258' title='bbox 1557 1911 1821 1964; x_wconf 91' lang='lat' dir='ltr'><strong>immutor</strong></span> <span class='ocrx_word' id='word_1_259' title='bbox 1859 1920 1914 1964; x_wconf 82' lang='lat' dir='ltr'><strong>et</strong></span> <span class='ocrx_word' id='word_1_260' title='bbox 1964 1911 2028 1963; x_wconf 89' lang='lat' dir='ltr'><strong>ad</strong></span> <span class='ocrx_word' id='word_1_261' title='bbox 2090 1910 2429 1967; x_wconf 79' lang='lat' dir='ltr'><strong>divinitatem</strong></span> <span class='ocrx_word' id='word_1_262' title='bbox 2458 1930 2522 1968; x_wconf 81' lang='lat' dir='ltr'><strong>ex</strong></span> <span class='ocrx_word' id='word_1_263' title='bbox 2572 1919 2744 1988; x_wconf 87' lang='lat' dir='ltr'><strong>gratia</strong></span> <span class='ocrx_word' id='word_1_264' title='bbox 2795 1923 3095 1988; x_wconf 73' lang='lat' dir='ltr'><strong>profectam</strong></span> <span class='ocrx_word' id='word_1_265' title='bbox 3139 1929 3404 1984; x_wconf 78' lang='lat' dir='ltr'><strong>transfor-</strong></span> 
     </span>
    </p>
   </div>
   <div class='ocr_carea' id='block_1_32' title="bbox 178 2003 1246 2074">
    <p class='ocr_par' dir='ltr' id='par_1_32' title="bbox 178 2003 1246 2074">
     <span class='ocr_line' id='line_1_32' title="bbox 178 2003 1246 2074; baseline -0.002 -14"><span class='ocrx_word' id='word_1_266' title='bbox 178 2022 292 2060; x_wconf 91' lang='lat' dir='ltr'><strong>mor.</strong></span> <span class='ocrx_word' id='word_1_267' title='bbox 329 2023 346 2055; x_wconf 77' lang='grc' dir='ltr'><strong>ο</strong></span> <span class='ocrx_word' id='word_1_268' title='bbox 385 2003 459 2058; x_wconf 81' lang='lat' dir='ltr'><strong>Ac</strong></span> <span class='ocrx_word' id='word_1_269' title='bbox 492 2003 560 2058; x_wconf 86' lang='lat' dir='ltr'><strong>de</strong></span> <span class='ocrx_word' id='word_1_270' title='bbox 594 2004 680 2058; x_wconf 87' lang='lat' dir='ltr'><strong>bis</strong></span> <span class='ocrx_word' id='word_1_271' title='bbox 706 2006 926 2074; x_wconf 88' lang='lat' dir='ltr'><strong>quidem</strong></span> <span class='ocrx_word' id='word_1_272' title='bbox 962 2006 1246 2059; x_wconf 86' lang='lat' dir='ltr'><strong>hactenus.</strong></span> 
     </span>
    </p>
   </div>
   <div class='ocr_carea' id='block_1_33' title="bbox 232 2097 1712 2180">
    <p class='ocr_par' dir='ltr' id='par_1_33' title="bbox 232 2099 1712 2179">
     <span class='ocr_line' id='line_1_33' title="bbox 232 2099 1712 2179; baseline -0.001 -26"><span class='ocrx_word' id='word_1_273' title='bbox 232 2101 369 2154; x_wconf 72' lang='grc' dir='ltr'>Μετὰ</span> <span class='ocrx_word' id='word_1_274' title='bbox 403 2102 455 2153; x_wconf 86' lang='grc' dir='ltr'>δὲ</span> <span class='ocrx_word' id='word_1_275' title='bbox 508 2099 830 2179; x_wconf 64' lang='grc' dir='ltr'>Αὔγοιστον</span> <span class='ocrx_word' id='word_1_276' title='bbox 865 2101 979 2172; x_wconf 78' lang='grc'><strong>(61)</strong></span> <span class='ocrx_word' id='word_1_277' title='bbox 1018 2103 1280 2171; x_wconf 80' lang='grc' dir='ltr'>Καίσαρα</span> <span class='ocrx_word' id='word_1_278' title='bbox 1326 2104 1521 2171; x_wconf 85' lang='grc' dir='ltr'>κρατεῖ</span> <span class='ocrx_word' id='word_1_279' title='bbox 1553 2101 1712 2154; x_wconf 76' lang='grc' dir='ltr'>Τιϐέ-</span> 
     </span>
    </p>
   </div>
   <div class='ocr_carea' id='block_1_34' title="bbox 1821 2097 3398 2180">
    <p class='ocr_par' dir='ltr' id='par_1_34' title="bbox 1890 2097 3398 2180">
     <span class='ocr_line' id='line_1_34' title="bbox 1890 2097 3398 2180; baseline 0.014 -31"><span class='ocrx_word' id='word_1_280' title='bbox 1890 2097 2017 2152; x_wconf 84' lang='lat' dir='ltr'><strong>Post</strong></span> <span class='ocrx_word' id='word_1_281' title='bbox 2051 2099 2358 2168; x_wconf 84' lang='lat' dir='ltr'><strong>Augustum</strong></span> <span class='ocrx_word' id='word_1_282' title='bbox 2411 2117 2542 2157; x_wconf 89' lang='lat' dir='ltr'><strong>vero</strong></span> <span class='ocrx_word' id='word_1_283' title='bbox 2584 2103 2854 2160; x_wconf 62' lang='lat' dir='ltr'><strong>Caesarem</strong></span> <span class='ocrx_word' id='word_1_284' title='bbox 2903 2105 3160 2165; x_wconf 88' lang='lat' dir='ltr'><strong>Tiberius</strong></span> <span class='ocrx_word' id='word_1_285' title='bbox 3221 2113 3398 2180; x_wconf 86' lang='lat' dir='ltr'><strong>ipsius</strong></span> 
     </span>
    </p>
   </div>
   <div class='ocr_carea' id='block_1_35' title="bbox 176 2175 1718 2261">
    <p class='ocr_par' dir='ltr' id='par_1_35' title="bbox 176 2175 1718 2261">
     <span class='ocr_line' id='line_1_35' title="bbox 176 2175 1718 2261; baseline 0.001 -18"><span class='ocrx_word' id='word_1_286' title='bbox 176 2209 268 2259; x_wconf 75' lang='lat' dir='ltr'><strong>pio;</strong></span> <span class='ocrx_word' id='word_1_287' title='bbox 291 2194 317 2244; x_wconf 86' lang='lat'><strong>6</strong></span> <span class='ocrx_word' id='word_1_288' title='bbox 343 2193 447 2254; x_wconf 75' lang='grc' dir='ltr'>υἱὸς</span> <span class='ocrx_word' id='word_1_289' title='bbox 474 2191 645 2244; x_wconf 80' lang='grc' dir='ltr'>αὐτοῦ</span> <span class='ocrx_word' id='word_1_290' title='bbox 677 2175 770 2261; x_wconf 75' lang='grc' dir='ltr'>ἔτη</span> <span class='ocrx_word' id='word_1_291' title='bbox 810 2198 917 2260; x_wconf 82' lang='grc' dir='ltr'>κγ’.</span> <span class='ocrx_word' id='word_1_292' title='bbox 951 2192 1120 2255; x_wconf 84' lang='grc' dir='ltr'>Οὗτος</span> <span class='ocrx_word' id='word_1_293' title='bbox 1154 2193 1347 2255; x_wconf 78' lang='grc' dir='ltr'><strong>κτίσας</strong></span> <span class='ocrx_word' id='word_1_294' title='bbox 1379 2193 1532 2246; x_wconf 77' lang='grc' dir='ltr'>πόλιν</span> <span class='ocrx_word' id='word_1_295' title='bbox 1567 2194 1718 2261; x_wconf 76' lang='grc' dir='ltr'>παρὰ</span> 
     </span>
    </p>
   </div>
   <div class='ocr_carea' id='block_1_36' title="bbox 173 2277 1714 2352">
    <p class='ocr_par' dir='ltr' id='par_1_36' title="bbox 173 2277 1714 2352">
     <span class='ocr_line' id='line_1_36' title="bbox 173 2277 1714 2352; baseline 0.001 -19"><span class='ocrx_word' id='word_1_296' title='bbox 173 2286 225 2351; x_wconf 82' lang='grc' dir='ltr'><strong>τῇ</strong></span> <span class='ocrx_word' id='word_1_297' title='bbox 282 2283 434 2352; x_wconf 75' lang='grc' dir='ltr'>λίμνῃ</span> <span class='ocrx_word' id='word_1_298' title='bbox 493 2281 800 2352; x_wconf 78' lang='grc' dir='ltr'>Τιϐεριάδα</span> <span class='ocrx_word' id='word_1_299' title='bbox 863 2285 1070 2351; x_wconf 83' lang='grc' dir='ltr'>ταύτην</span> <span class='ocrx_word' id='word_1_300' title='bbox 1125 2282 1432 2350; x_wconf 75' lang='grc' dir='ltr'>ὠνόμασεν.</span> <span class='ocrx_word' id='word_1_301' title='bbox 1479 2283 1597 2352; x_wconf 80' lang='grc' dir='ltr'><strong>Ἐφ’</strong></span> <span class='ocrx_word' id='word_1_302' title='bbox 1655 2277 1714 2334; x_wconf 74' lang='grc' dir='ltr'>οὗ</span> 
     </span>
    </p>
   </div>
   <div class='ocr_carea' id='block_1_37' title="bbox 174 2374 1716 2447">
    <p class='ocr_par' dir='ltr' id='par_1_37' title="bbox 174 2374 1716 2447">
     <span class='ocr_line' id='line_1_37' title="bbox 174 2374 1716 2447; baseline 0.002 -22"><span class='ocrx_word' id='word_1_303' title='bbox 174 2376 364 2442; x_wconf 69' lang='grc' dir='ltr'>σεισμὸς</span> <span class='ocrx_word' id='word_1_304' title='bbox 395 2376 639 2443; x_wconf 85' lang='grc' dir='ltr'>γεγονὼς</span> <span class='ocrx_word' id='word_1_305' title='bbox 670 2374 701 2427; x_wconf 88' lang='grc' dir='ltr'>ι’</span> <span class='ocrx_word' id='word_1_306' title='bbox 729 2378 824 2428; x_wconf 76' lang='grc' dir='ltr'><strong>καὶ</strong></span> <span class='ocrx_word' id='word_1_307' title='bbox 855 2381 903 2445; x_wconf 81' lang='grc' dir='ltr'>γ’</span> <span class='ocrx_word' id='word_1_308' title='bbox 940 2375 1123 2438; x_wconf 78' lang='grc' dir='ltr'>πόλεις</span> <span class='ocrx_word' id='word_1_309' title='bbox 1155 2379 1487 2447; x_wconf 81' lang='grc' dir='ltr'>κατέχωσεν.</span> <span class='ocrx_word' id='word_1_310' title='bbox 1529 2377 1588 2428; x_wconf 85' lang='grc'><strong>’0</strong></span> <span class='ocrx_word' id='word_1_311' title='bbox 1622 2375 1716 2429; x_wconf 85' lang='grc' dir='ltr'><strong>Τι-</strong></span> 
     </span>
    </p>
   </div>
   <div class='ocr_carea' id='block_1_38' title="bbox 171 2461 1716 2538">
    <p class='ocr_par' dir='ltr' id='par_1_38' title="bbox 171 2461 1716 2538">
     <span class='ocr_line' id='line_1_38' title="bbox 171 2461 1716 2538; baseline 0.004 -24"><span class='ocrx_word' id='word_1_312' title='bbox 171 2465 322 2534; x_wconf 77' lang='grc' dir='ltr'>δέριος</span> <span class='ocrx_word' id='word_1_313' title='bbox 353 2461 500 2530; x_wconf 78' lang='grc' dir='ltr'>οὗτος</span> <span class='ocrx_word' id='word_1_314' title='bbox 539 2468 669 2530; x_wconf 71' lang='grc' dir='ltr'>τοὺς</span> <span class='ocrx_word' id='word_1_315' title='bbox 699 2467 888 2538; x_wconf 80' lang='grc' dir='ltr'>βαρεῖς</span> <span class='ocrx_word' id='word_1_316' title='bbox 923 2469 1016 2521; x_wconf 78' lang='grc' dir='ltr'><strong>καὶ</strong></span> <span class='ocrx_word' id='word_1_317' title='bbox 1046 2468 1255 2531; x_wconf 85' lang='grc' dir='ltr'>δεινοὺς</span> <span class='ocrx_word' id='word_1_318' title='bbox 1283 2469 1610 2538; x_wconf 79' lang='grc' dir='ltr'><strong>φορολόγους</strong></span> <span class='ocrx_word' id='word_1_319' title='bbox 1635 2469 1716 2520; x_wconf 85' lang='grc' dir='ltr'><strong>αἰ-</strong></span> 
     </span>
    </p>
   </div>
   <div class='ocr_carea' id='block_1_39' title="bbox 171 2557 1718 2629">
    <p class='ocr_par' dir='ltr' id='par_1_39' title="bbox 171 2557 1718 2629">
     <span class='ocr_line' id='line_1_39' title="bbox 171 2557 1718 2629; baseline 0.003 -22"><span class='ocrx_word' id='word_1_320' title='bbox 171 2558 315 2618; x_wconf 70' lang='grc' dir='ltr'>κίζων</span> <span class='ocrx_word' id='word_1_321' title='bbox 357 2557 542 2621; x_wconf 84' lang='grc' dir='ltr'>δεινῶς</span> <span class='ocrx_word' id='word_1_322' title='bbox 595 2558 751 2626; x_wconf 77' lang='grc' dir='ltr'>ἔλεγε</span> <span class='ocrx_word' id='word_1_323' title='bbox 779 2575 792 2590; x_wconf 75' lang='grc' dir='ltr'><strong><em>ο</em></strong></span> <span class='ocrx_word' id='word_1_324' title='bbox 842 2577 861 2610; x_wconf 83' lang='grc' dir='ltr'><strong>ι</strong></span> <span class='ocrx_word' id='word_1_325' title='bbox 907 2559 1299 2628; x_wconf 85' lang='grc' dir='ltr'>Κειρέσθωσαν</span> <span class='ocrx_word' id='word_1_326' title='bbox 1334 2561 1432 2627; x_wconf 80' lang='grc' dir='ltr'><strong>μὲν</strong></span> <span class='ocrx_word' id='word_1_327' title='bbox 1475 2560 1543 2611; x_wconf 77' lang='grc' dir='ltr'><strong>τὰ</strong></span> <span class='ocrx_word' id='word_1_328' title='bbox 1579 2559 1718 2629; x_wconf 56' lang='lat'><strong>7:96-</strong></span> 
     </span>
    </p>
   </div>
   <div class='ocr_carea' id='block_1_40' title="bbox 169 2642 1714 2721">
    <p class='ocr_par' dir='ltr' id='par_1_40' title="bbox 169 2642 1714 2721">
     <span class='ocr_line' id='line_1_40' title="bbox 169 2642 1714 2721; baseline 0.004 -25"><span class='ocrx_word' id='word_1_329' title='bbox 169 2645 303 2710; x_wconf 79' lang='grc' dir='ltr'>δατα,</span> <span class='ocrx_word' id='word_1_330' title='bbox 336 2648 464 2718; x_wconf 77' lang='grc' dir='ltr'>πλὴν</span> <span class='ocrx_word' id='word_1_331' title='bbox 495 2649 562 2702; x_wconf 86' lang='grc' dir='ltr'><strong>οὐ</strong></span> <span class='ocrx_word' id='word_1_332' title='bbox 608 2651 803 2720; x_wconf 79' lang='grc' dir='ltr'><strong>μέχρις</strong></span> <span class='ocrx_word' id='word_1_333' title='bbox 837 2651 1006 2719; x_wconf 83' lang='grc' dir='ltr'>αὐτῆς</span> <span class='ocrx_word' id='word_1_334' title='bbox 1046 2651 1417 2721; x_wconf 83' lang='grc' dir='ltr'>ἐπιδερμίδος.</span> <span class='ocrx_word' id='word_1_335' title='bbox 1463 2667 1480 2701; x_wconf 89' lang='grc' dir='ltr'><strong>ι</strong></span> <span class='ocrx_word' id='word_1_336' title='bbox 1528 2649 1641 2718; x_wconf 78' lang='grc' dir='ltr'><strong>Ἐφ’</strong></span> 
     </span>
    </p>
   </div>
   <div class='ocr_carea' id='block_1_41' title="bbox 171 2739 1712 2811">
    <p class='ocr_par' dir='ltr' id='par_1_41' title="bbox 171 2739 1712 2811">
     <span class='ocr_line' id='line_1_41' title="bbox 171 2739 1712 2811; baseline 0.001 -20"><span class='ocrx_word' id='word_1_337' title='bbox 171 2744 248 2791; x_wconf 78' lang='grc' dir='ltr'><strong>καὶ</strong></span> <span class='ocrx_word' id='word_1_338' title='bbox 272 2739 386 2802; x_wconf 69' lang='grc' dir='ltr'>τοὺς</span> <span class='ocrx_word' id='word_1_339' title='bbox 414 2744 490 2802; x_wconf 84' lang='grc' dir='ltr'><strong>εἰς</strong></span> <span class='ocrx_word' id='word_1_340' title='bbox 520 2739 682 2805; x_wconf 79' lang='grc' dir='ltr'>ἀξίαν</span> <span class='ocrx_word' id='word_1_341' title='bbox 714 2740 844 2811; x_wconf 81' lang='grc' dir='ltr'>παρ’</span> <span class='ocrx_word' id='word_1_342' title='bbox 877 2739 1041 2794; x_wconf 77' lang='grc' dir='ltr'>αὐτοῦ</span> <span class='ocrx_word' id='word_1_343' title='bbox 1076 2741 1492 2810; x_wconf 76' lang='grc' dir='ltr'>προαγομένους</span> <span class='ocrx_word' id='word_1_344' title='bbox 1515 2740 1712 2793; x_wconf 81' lang='grc' dir='ltr'>Οᾶττον</span> 
     </span>
    </p>
   </div>
   <div class='ocr_carea' id='block_1_42' title="bbox 145 2829 1714 2902">
    <p class='ocr_par' dir='ltr' id='par_1_42' title="bbox 145 2829 1714 2902">
     <span class='ocr_line' id='line_1_42' title="bbox 145 2829 1714 2902; baseline 0.002 -21"><span class='ocrx_word' id='word_1_345' title='bbox 145 2831 248 2888; x_wconf 54' lang='grc' dir='ltr'>,οὐκ</span> <span class='ocrx_word' id='word_1_346' title='bbox 281 2832 514 2900; x_wconf 72' lang='grc' dir='ltr'>ἤμειϐεν.</span> <span class='ocrx_word' id='word_1_347' title='bbox 538 2832 868 2901; x_wconf 75' lang='grc' dir='ltr'>Ἐρωτηθεὶς</span> <span class='ocrx_word' id='word_1_348' title='bbox 911 2831 1027 2894; x_wconf 85' lang='grc' dir='ltr'><strong>πῶς</strong></span> <span class='ocrx_word' id='word_1_349' title='bbox 1054 2833 1209 2884; x_wconf 80' lang='grc' dir='ltr'>τοῦτο</span> <span class='ocrx_word' id='word_1_350' title='bbox 1241 2833 1406 2896; x_wconf 79' lang='grc' dir='ltr'>ποιεῖ,</span> <span class='ocrx_word' id='word_1_351' title='bbox 1456 2829 1586 2902; x_wconf 75' lang='grc' dir='ltr'><strong>ἔφη,</strong></span> <span class='ocrx_word' id='word_1_352' title='bbox 1612 2832 1714 2884; x_wconf 85' lang='grc' dir='ltr'><strong>Διὰ</strong></span> 
     </span>
    </p>
   </div>
   <div class='ocr_carea' id='block_1_43' title="bbox 165 2922 1712 2992">
    <p class='ocr_par' dir='ltr' id='par_1_43' title="bbox 165 2922 1712 2992">
     <span class='ocr_line' id='line_1_43' title="bbox 165 2922 1712 2992; baseline -0.001 -18"><span class='ocrx_word' id='word_1_353' title='bbox 165 2923 246 2990; x_wconf 80' lang='grc' dir='ltr'>τὴν</span> <span class='ocrx_word' id='word_1_354' title='bbox 277 2923 376 2976; x_wconf 85' lang='grc' dir='ltr'><strong>τῶν</strong></span> <span class='ocrx_word' id='word_1_355' title='bbox 411 2922 706 2992; x_wconf 80' lang='grc' dir='ltr'>ἀγομένων</span> <span class='ocrx_word' id='word_1_356' title='bbox 733 2923 1065 2978; x_wconf 77' lang='grc' dir='ltr'>ἀνάπαυσιν.</span> <span class='ocrx_word' id='word_1_357' title='bbox 1083 2923 1210 2975; x_wconf 73' lang='grc' dir='ltr'><strong>Ἐπὶ</strong></span> <span class='ocrx_word' id='word_1_358' title='bbox 1239 2922 1453 2985; x_wconf 76' lang='grc' dir='ltr'>τούτοις</span> <span class='ocrx_word' id='word_1_359' title='bbox 1481 2922 1526 2975; x_wconf 85' lang='grc' dir='ltr'>δ’</span> <span class='ocrx_word' id='word_1_360' title='bbox 1547 2923 1712 2991; x_wconf 80' lang='grc' dir='ltr'>ἔφερε</span> 
     </span>
    </p>
   </div>
   <div class='ocr_carea' id='block_1_44' title="bbox 164 3011 1713 3084">
    <p class='ocr_par' dir='ltr' id='par_1_44' title="bbox 164 3011 1713 3084">
     <span class='ocr_line' id='line_1_44' title="bbox 164 3011 1713 3084; baseline -0.001 -21"><span class='ocrx_word' id='word_1_361' title='bbox 164 3013 244 3065; x_wconf 70' lang='grc' dir='ltr'>καὶ</span> <span class='ocrx_word' id='word_1_362' title='bbox 292 3013 1054 3084; x_wconf 77' lang='grc' dir='ltr'>παράδειγμα..Τραυματίας</span> <span class='ocrx_word' id='word_1_363' title='bbox 1110 3030 1192 3075; x_wconf 86' lang='grc' dir='ltr'><strong>τις</strong></span> <span class='ocrx_word' id='word_1_364' title='bbox 1260 3012 1459 3072; x_wconf 78' lang='grc' dir='ltr'>ἔκειτο,</span> <span class='ocrx_word' id='word_1_365' title='bbox 1499 3011 1590 3064; x_wconf 76' lang='grc' dir='ltr'><strong>καὶ</strong></span> <span class='ocrx_word' id='word_1_366' title='bbox 1647 3011 1713 3064; x_wconf 82' lang='grc' dir='ltr'>τὰ</span> 
     </span>
    </p>
   </div>
   <div class='ocr_carea' id='block_1_45' title="bbox 164 3099 1711 3174">
    <p class='ocr_par' dir='ltr' id='par_1_45' title="bbox 164 3099 1711 3174">
     <span class='ocr_line' id='line_1_45' title="bbox 164 3099 1711 3174; baseline 0.001 -20"><span class='ocrx_word' id='word_1_367' title='bbox 164 3103 272 3173; x_wconf 77' lang='grc' dir='ltr'>ἕλκη</span> <span class='ocrx_word' id='word_1_368' title='bbox 313 3105 469 3157; x_wconf 86' lang='grc' dir='ltr'>αύτοῦ</span> <span class='ocrx_word' id='word_1_369' title='bbox 507 3105 718 3173; x_wconf 82' lang='grc' dir='ltr'>πλῆθος</span> <span class='ocrx_word' id='word_1_370' title='bbox 750 3103 925 3173; x_wconf 82' lang='grc' dir='ltr'>μυιῶν</span> <span class='ocrx_word' id='word_1_371' title='bbox 970 3103 1321 3173; x_wconf 82' lang='grc' dir='ltr'>ἀνιμὼμενον</span> <span class='ocrx_word' id='word_1_372' title='bbox 1366 3099 1456 3174; x_wconf 81' lang='grc' dir='ltr'><strong>ἦν.</strong></span> <span class='ocrx_word' id='word_1_373' title='bbox 1491 3101 1711 3171; x_wconf 75' lang='grc' dir='ltr'>Παριὼν</span> 
     </span>
    </p>
   </div>
   <div class='ocr_carea' id='block_1_46' title="bbox 160 3189 1708 3265">
    <p class='ocr_par' dir='ltr' id='par_1_46' title="bbox 160 3189 1708 3265">
     <span class='ocr_line' id='line_1_46' title="bbox 160 3189 1708 3265; baseline 0 -21"><span class='ocrx_word' id='word_1_374' title='bbox 160 3194 205 3244; x_wconf 82' lang='grc' dir='ltr'>δέ</span> <span class='ocrx_word' id='word_1_375' title='bbox 251 3210 326 3256; x_wconf 85' lang='grc' dir='ltr'><strong>τις</strong></span> <span class='ocrx_word' id='word_1_376' title='bbox 365 3194 646 3265; x_wconf 73' lang='grc' dir='ltr'>ἐπεχείρει</span> <span class='ocrx_word' id='word_1_377' title='bbox 700 3194 901 3257; x_wconf 82' lang='grc' dir='ltr'>ταύτας</span> <span class='ocrx_word' id='word_1_378' title='bbox 949 3193 1263 3247; x_wconf 78' lang='grc' dir='ltr'>ἀποσοϐεῖν.</span> <span class='ocrx_word' id='word_1_379' title='bbox 1309 3193 1366 3246; x_wconf 85' lang='lat'><strong>&#39;0</strong></span> <span class='ocrx_word' id='word_1_380' title='bbox 1412 3193 1468 3246; x_wconf 79' lang='grc' dir='ltr'>δὲ</span> <span class='ocrx_word' id='word_1_381' title='bbox 1515 3189 1708 3246; x_wconf 79' lang='grc' dir='ltr'>εἶπενο</span> 
     </span>
    </p>
   </div>
   <div class='ocr_carea' id='block_1_47' title="bbox 164 3283 1711 3356">
    <p class='ocr_par' dir='ltr' id='par_1_47' title="bbox 164 3283 1711 3356">
     <span class='ocr_line' id='line_1_47' title="bbox 164 3283 1711 3356; baseline 0.001 -21"><span class='ocrx_word' id='word_1_382' title='bbox 164 3285 311 3352; x_wconf 80' lang='grc' dir='ltr'>’Δφες</span> <span class='ocrx_word' id='word_1_383' title='bbox 343 3287 530 3348; x_wconf 79' lang='grc' dir='ltr'>αὑτάς.</span> <span class='ocrx_word' id='word_1_384' title='bbox 568 3286 928 3356; x_wconf 83' lang='grc' dir='ltr'>Κορεσθετσαι</span> <span class='ocrx_word' id='word_1_385' title='bbox 969 3287 1077 3355; x_wconf 77' lang='grc' dir='ltr'>γὰρ</span> <span class='ocrx_word' id='word_1_386' title='bbox 1112 3285 1172 3337; x_wconf 83' lang='grc' dir='ltr'>οὐ</span> <span class='ocrx_word' id='word_1_387' title='bbox 1220 3285 1476 3338; x_wconf 79' lang='grc' dir='ltr'>τοσοῦτον</span> <span class='ocrx_word' id='word_1_388' title='bbox 1517 3283 1711 3346; x_wconf 73' lang='grc' dir='ltr'>ὀδύνας</span> 
     </span>
    </p>
   </div>
   <div class='ocr_carea' id='block_1_48' title="bbox 162 3377 1706 3448">
    <p class='ocr_par' dir='ltr' id='par_1_48' title="bbox 162 3377 1706 3448">
     <span class='ocr_line' id='line_1_48' title="bbox 162 3377 1706 3448; baseline 0 -20"><span class='ocrx_word' id='word_1_389' title='bbox 162 3394 237 3444; x_wconf 83' lang='grc' dir='ltr'><strong>μοι</strong></span> <span class='ocrx_word' id='word_1_390' title='bbox 261 3379 608 3448; x_wconf 83' lang='grc' dir='ltr'>παρέχουσιν.</span> <span class='ocrx_word' id='word_1_391' title='bbox 658 3378 782 3429; x_wconf 70' lang='grc' dir='ltr'>Ἐὰν</span> <span class='ocrx_word' id='word_1_392' title='bbox 815 3377 1045 3430; x_wconf 73' lang='grc' dir='ltr'>ἔλθωσιν</span> <span class='ocrx_word' id='word_1_393' title='bbox 1100 3377 1256 3431; x_wconf 82' lang='grc' dir='ltr'>ἄλλαι</span> <span class='ocrx_word' id='word_1_394' title='bbox 1309 3377 1706 3447; x_wconf 78' lang='grc' dir='ltr'>λιμώττουσαι,</span> 
     </span>
    </p>
   </div>
   <div class='ocr_carea' id='block_1_49' title="bbox 1820 2189 3397 2264">
    <p class='ocr_par' dir='ltr' id='par_1_49' title="bbox 1820 2189 3397 2264">
     <span class='ocr_line' id='line_1_49' title="bbox 1820 2189 3397 2264; baseline 0.013 -22"><span class='ocrx_word' id='word_1_395' title='bbox 1820 2189 1964 2243; x_wconf 81' lang='lat' dir='ltr'><strong>[ilius</strong></span> <span class='ocrx_word' id='word_1_396' title='bbox 1995 2193 2153 2244; x_wconf 90' lang='lat' dir='ltr'><strong>annis</strong></span> <span class='ocrx_word' id='word_1_397' title='bbox 2175 2193 2244 2246; x_wconf 77' lang='lat'>23</span> <span class='ocrx_word' id='word_1_398' title='bbox 2274 2193 2504 2262; x_wconf 90' lang='lat' dir='ltr'><strong>imperio</strong></span> <span class='ocrx_word' id='word_1_399' title='bbox 2531 2197 2771 2264; x_wconf 78' lang='lat' dir='ltr'><strong>praefuit.</strong></span> <span class='ocrx_word' id='word_1_400' title='bbox 2825 2199 2925 2254; x_wconf 83' lang='lat' dir='ltr'><strong>Hic</strong></span> <span class='ocrx_word' id='word_1_401' title='bbox 2945 2201 3010 2254; x_wconf 89' lang='lat' dir='ltr'><strong>ad</strong></span> <span class='ocrx_word' id='word_1_402' title='bbox 3043 2202 3223 2257; x_wconf 89' lang='lat' dir='ltr'><strong>lacum</strong></span> <span class='ocrx_word' id='word_1_403' title='bbox 3260 2208 3397 2262; x_wconf 85' lang='lat' dir='ltr'><strong>urbe</strong></span> 
     </span>
    </p>
   </div>
   <div class='ocr_carea' id='block_1_50' title="bbox 1817 2282 3398 2366">
    <p class='ocr_par' dir='ltr' id='par_1_50' title="bbox 1817 2282 3398 2366">
     <span class='ocr_line' id='line_1_50' title="bbox 1817 2282 3398 2366; baseline 0.009 -31"><span class='ocrx_word' id='word_1_404' title='bbox 1817 2282 2035 2336; x_wconf 90' lang='lat' dir='ltr'><strong>condita</strong></span> <span class='ocrx_word' id='word_1_405' title='bbox 2075 2283 2424 2338; x_wconf 89' lang='lat' dir='ltr'><strong>Tiberiadem</strong></span> <span class='ocrx_word' id='word_1_406' title='bbox 2475 2288 2804 2354; x_wconf 85' lang='lat' dir='ltr'><strong>appellavit.</strong></span> <span class='ocrx_word' id='word_1_407' title='bbox 2859 2289 3082 2346; x_wconf 77' lang='lat' dir='ltr'><strong>Eodem</strong></span> <span class='ocrx_word' id='word_1_408' title='bbox 3129 2306 3398 2366; x_wconf 80' lang='lat' dir='ltr'><strong>regnante</strong></span> 
     </span>
    </p>
   </div>
   <div class='ocr_carea' id='block_1_51' title="bbox 1818 2375 3396 2446">
    <p class='ocr_par' dir='ltr' id='par_1_51' title="bbox 1818 2375 3396 2446">
     <span class='ocr_line' id='line_1_51' title="bbox 1818 2375 3396 2446; baseline 0.01 -20"><span class='ocrx_word' id='word_1_409' title='bbox 1818 2380 1977 2427; x_wconf 74' lang='lat' dir='ltr'><strong>terra:</strong></span> <span class='ocrx_word' id='word_1_410' title='bbox 2015 2382 2194 2427; x_wconf 88' lang='lat' dir='ltr'><strong>motus</strong></span> <span class='ocrx_word' id='word_1_411' title='bbox 2223 2375 2453 2441; x_wconf 80' lang='lat' dir='ltr'><strong>exstitit,</strong></span> <span class='ocrx_word' id='word_1_412' title='bbox 2481 2377 2575 2446; x_wconf 88' lang='lat' dir='ltr'><strong>qui</strong></span> <span class='ocrx_word' id='word_1_413' title='bbox 2608 2378 2772 2433; x_wconf 89' lang='lat' dir='ltr'><strong>urbes</strong></span> <span class='ocrx_word' id='word_1_414' title='bbox 2797 2381 3062 2438; x_wconf 89' lang='lat' dir='ltr'><strong>tredecim</strong></span> <span class='ocrx_word' id='word_1_415' title='bbox 3096 2385 3396 2442; x_wconf 88' lang='lat' dir='ltr'><strong>subvertit.</strong></span> 
     </span>
    </p>
   </div>
   <div class='ocr_carea' id='block_1_52' title="bbox 1817 2461 3400 2546">
    <p class='ocr_par' dir='ltr' id='par_1_52' title="bbox 1817 2461 3400 2546">
     <span class='ocr_line' id='line_1_52' title="bbox 1817 2461 3400 2546; baseline 0.01 -30"><span class='ocrx_word' id='word_1_416' title='bbox 1817 2461 2043 2516; x_wconf 88' lang='lat' dir='ltr'><strong>Solebat</strong></span> <span class='ocrx_word' id='word_1_417' title='bbox 2071 2464 2326 2519; x_wconf 83' lang='lat' dir='ltr'><strong>Tiberius</strong></span> <span class='ocrx_word' id='word_1_418' title='bbox 2353 2481 2546 2535; x_wconf 83' lang='lat' dir='ltr'><strong>graves</strong></span> <span class='ocrx_word' id='word_1_419' title='bbox 2578 2469 2814 2525; x_wconf 90' lang='lat' dir='ltr'><strong>subditis</strong></span> <span class='ocrx_word' id='word_1_420' title='bbox 2867 2481 2924 2526; x_wconf 90' lang='lat' dir='ltr'><strong>et</strong></span> <span class='ocrx_word' id='word_1_421' title='bbox 2957 2483 3174 2529; x_wconf 86' lang='lat' dir='ltr'><strong>atroces</strong></span> <span class='ocrx_word' id='word_1_422' title='bbox 3215 2477 3400 2546; x_wconf 81' lang='lat' dir='ltr'><strong>publi-</strong></span> 
     </span>
    </p>
   </div>
   <div class='ocr_carea' id='block_1_53' title="bbox 1816 2557 3400 2640">
    <p class='ocr_par' dir='ltr' id='par_1_53' title="bbox 1816 2557 3400 2640">
     <span class='ocr_line' id='line_1_53' title="bbox 1816 2557 3400 2640; baseline 0.008 -30"><span class='ocrx_word' id='word_1_423' title='bbox 1816 2571 2006 2610; x_wconf 89' lang='lat' dir='ltr'><strong>corum</strong></span> <span class='ocrx_word' id='word_1_424' title='bbox 2062 2557 2412 2627; x_wconf 83' lang='lat' dir='ltr'><strong>vectigalium</strong></span> <span class='ocrx_word' id='word_1_425' title='bbox 2452 2570 2736 2616; x_wconf 83' lang='lat' dir='ltr'><strong>exactores</strong></span> <span class='ocrx_word' id='word_1_426' title='bbox 2782 2573 2942 2619; x_wconf 88' lang='lat' dir='ltr'><strong>acute</strong></span> <span class='ocrx_word' id='word_1_427' title='bbox 2989 2567 3174 2621; x_wconf 87' lang='lat' dir='ltr'><strong>verbis</strong></span> <span class='ocrx_word' id='word_1_428' title='bbox 3199 2569 3400 2640; x_wconf 87' lang='lat' dir='ltr'><strong>hujus-</strong></span> 
     </span>
    </p>
   </div>
   <div class='ocr_carea' id='block_1_54' title="bbox 1816 2648 3395 2728">
    <p class='ocr_par' dir='ltr' id='par_1_54' title="bbox 1816 2648 3395 2728">
     <span class='ocr_line' id='line_1_54' title="bbox 1816 2648 3395 2728; baseline 0.01 -28"><span class='ocrx_word' id='word_1_429' title='bbox 1816 2648 1964 2701; x_wconf 90' lang='lat' dir='ltr'><strong>modi</strong></span> <span class='ocrx_word' id='word_1_430' title='bbox 2052 2663 2318 2716; x_wconf 69' lang='lat' dir='ltr'><strong>pungere,</strong></span> <span class='ocrx_word' id='word_1_431' title='bbox 2379 2651 2682 2706; x_wconf 87' lang='lat' dir='ltr'><strong>tondendas</strong></span> <span class='ocrx_word' id='word_1_432' title='bbox 2715 2653 2935 2722; x_wconf 90' lang='lat' dir='ltr'><strong>quidem</strong></span> <span class='ocrx_word' id='word_1_433' title='bbox 2983 2671 3104 2712; x_wconf 87' lang='lat' dir='ltr'><strong>esse</strong></span> <span class='ocrx_word' id='word_1_434' title='bbox 3134 2661 3395 2728; x_wconf 89' lang='lat' dir='ltr'><strong>pecudes.</strong></span> 
     </span>
    </p>
   </div>
   <div class='ocr_carea' id='block_1_55' title="bbox 1816 2739 3397 2818">
    <p class='ocr_par' dir='ltr' id='par_1_55' title="bbox 1816 2739 3397 2818">
     <span class='ocr_line' id='line_1_55' title="bbox 1816 2739 3397 2818; baseline 0.011 -27"><span class='ocrx_word' id='word_1_435' title='bbox 1816 2749 1872 2792; x_wconf 86' lang='lat' dir='ltr'><strong>at</strong></span> <span class='ocrx_word' id='word_1_436' title='bbox 1899 2754 2005 2793; x_wconf 94' lang='lat' dir='ltr'><strong>non</strong></span> <span class='ocrx_word' id='word_1_437' title='bbox 2050 2739 2452 2808; x_wconf 85' lang='lat' dir='ltr'><strong>deglubendas.</strong></span> <span class='ocrx_word' id='word_1_438' title='bbox 2491 2743 2695 2797; x_wconf 89' lang='lat' dir='ltr'><strong>Eadem</strong></span> <span class='ocrx_word' id='word_1_439' title='bbox 2728 2747 2796 2800; x_wconf 89' lang='lat' dir='ltr'><strong>de</strong></span> <span class='ocrx_word' id='word_1_440' title='bbox 2840 2762 3001 2802; x_wconf 87' lang='lat' dir='ltr'><strong>causa</strong></span> <span class='ocrx_word' id='word_1_441' title='bbox 3035 2750 3080 2804; x_wconf 88' lang='lat' dir='ltr'><strong>si</strong></span> <span class='ocrx_word' id='word_1_442' title='bbox 3133 2767 3274 2818; x_wconf 89' lang='lat' dir='ltr'><strong>quos</strong></span> <span class='ocrx_word' id='word_1_443' title='bbox 3329 2754 3397 2807; x_wconf 85' lang='lat' dir='ltr'><strong>ad</strong></span> 
     </span>
    </p>
   </div>
   <div class='ocr_carea' id='block_1_56' title="bbox 1815 2829 3398 2901">
    <p class='ocr_par' dir='ltr' id='par_1_56' title="bbox 1815 2829 3398 2901">
     <span class='ocr_line' id='line_1_56' title="bbox 1815 2829 3398 2901; baseline 0.009 -19"><span class='ocrx_word' id='word_1_444' title='bbox 1815 2829 2230 2896; x_wconf 77' lang='lat' dir='ltr'><strong>magistratuum</strong></span> <span class='ocrx_word' id='word_1_445' title='bbox 2261 2829 2554 2900; x_wconf 74' lang='lat' dir='ltr'><strong>dignitates</strong></span> <span class='ocrx_word' id='word_1_446' title='bbox 2582 2846 2926 2901; x_wconf 81' lang='lat' dir='ltr'><strong>provexerat,</strong></span> <span class='ocrx_word' id='word_1_447' title='bbox 2956 2853 3066 2892; x_wconf 90' lang='lat' dir='ltr'><strong>non</strong></span> <span class='ocrx_word' id='word_1_448' title='bbox 3120 2841 3232 2894; x_wconf 91' lang='lat' dir='ltr'><strong>cito</strong></span> <span class='ocrx_word' id='word_1_449' title='bbox 3264 2843 3398 2896; x_wconf 50' lang='lat' dir='ltr'><strong>sub;</strong></span> 
     </span>
    </p>
   </div>
   <div class='ocr_carea' id='block_1_57' title="bbox 1817 2922 3390 3002">
    <p class='ocr_par' dir='ltr' id='par_1_57' title="bbox 1817 2922 3390 3002">
     <span class='ocr_line' id='line_1_57' title="bbox 1817 2922 3390 3002; baseline 0.009 -29"><span class='ocrx_word' id='word_1_450' title='bbox 1817 2930 1994 2974; x_wconf 91' lang='lat' dir='ltr'><strong>m0Ios</strong></span> <span class='ocrx_word' id='word_1_451' title='bbox 2025 2937 2148 2974; x_wconf 92' lang='lat' dir='ltr'><strong>cum</strong></span> <span class='ocrx_word' id='word_1_452' title='bbox 2187 2922 2311 2975; x_wconf 90' lang='lat' dir='ltr'><strong>aliis</strong></span> <span class='ocrx_word' id='word_1_453' title='bbox 2347 2924 2741 3002; x_wconf 77' lang='lat' dir='ltr'><strong>commutabat.</strong></span> <span class='ocrx_word' id='word_1_454' title='bbox 2776 2927 3026 2996; x_wconf 88' lang='lat' dir='ltr'><strong>Cumque</strong></span> <span class='ocrx_word' id='word_1_455' title='bbox 3080 2932 3390 3002; x_wconf 84' lang='lat' dir='ltr'><strong>interroga-</strong></span> 
     </span>
    </p>
   </div>
   <div class='ocr_carea' id='block_1_58' title="bbox 1818 2997 3392 3089">
    <p class='ocr_par' dir='ltr' id='par_1_58' title="bbox 1818 2997 3392 3089">
     <span class='ocr_line' id='line_1_58' title="bbox 1818 2997 3392 3089; baseline 0.008 -24"><span class='ocrx_word' id='word_1_456' title='bbox 1818 3021 1905 3066; x_wconf 92' lang='lat' dir='ltr'><strong>tus</strong></span> <span class='ocrx_word' id='word_1_457' title='bbox 1951 3020 2097 3065; x_wconf 87' lang='lat' dir='ltr'><strong>esset</strong></span> <span class='ocrx_word' id='word_1_458' title='bbox 2131 2999 2488 3081; x_wconf 85' lang='lat' dir='ltr'><strong>quamobrem</strong></span> <span class='ocrx_word' id='word_1_459' title='bbox 2525 2997 2667 3080; x_wconf 44' lang='lat' dir='ltr'><strong>i&#39;stuc</strong></span> <span class='ocrx_word' id='word_1_460' title='bbox 2702 3016 2930 3079; x_wconf 82' lang='lat' dir='ltr'><strong>faceret.</strong></span> <span class='ocrx_word' id='word_1_461' title='bbox 2991 3031 3219 3089; x_wconf 90' lang='lat' dir='ltr'><strong>propter</strong></span> <span class='ocrx_word' id='word_1_462' title='bbox 3257 2997 3392 3077; x_wconf 72' lang='lat' dir='ltr'><strong>sub-</strong></span> 
     </span>
    </p>
   </div>
   <div class='ocr_carea' id='block_1_59' title="bbox 1817 3099 3397 3182">
    <p class='ocr_par' dir='ltr' id='par_1_59' title="bbox 1817 3099 3397 3182">
     <span class='ocr_line' id='line_1_59' title="bbox 1817 3099 3397 3182; baseline 0.006 -26"><span class='ocrx_word' id='word_1_463' title='bbox 1817 3099 2295 3170; x_wconf 89' lang='lat' dir='ltr'><strong>ditorum,inquit,</strong></span> <span class='ocrx_word' id='word_1_464' title='bbox 2325 3103 2671 3155; x_wconf 89' lang='lat' dir='ltr'><strong>commodum</strong></span> <span class='ocrx_word' id='word_1_465' title='bbox 2697 3115 2744 3156; x_wconf 90' lang='lat' dir='ltr'><strong>el</strong></span> <span class='ocrx_word' id='word_1_466' title='bbox 2781 3108 3198 3163; x_wconf 89' lang='lat' dir='ltr'><strong>recreationem.</strong></span> <span class='ocrx_word' id='word_1_467' title='bbox 3233 3110 3397 3182; x_wconf 70' lang='grc'><strong>234</strong></span> 
     </span>
    </p>
   </div>
   <div class='ocr_carea' id='block_1_60' title="bbox 1816 3190 3392 3266">
    <p class='ocr_par' dir='ltr' id='par_1_60' title="bbox 1816 3190 3392 3266">
     <span class='ocr_line' id='line_1_60' title="bbox 1816 3190 3392 3266; baseline 0.006 -24"><span class='ocrx_word' id='word_1_468' title='bbox 1816 3190 1990 3243; x_wconf 91' lang='lat' dir='ltr'><strong>Simul</strong></span> <span class='ocrx_word' id='word_1_469' title='bbox 2039 3205 2153 3243; x_wconf 91' lang='lat' dir='ltr'><strong>rem</strong></span> <span class='ocrx_word' id='word_1_470' title='bbox 2184 3191 2434 3260; x_wconf 82' lang='lat' dir='ltr'><strong>exemplo</strong></span> <span class='ocrx_word' id='word_1_471' title='bbox 2483 3192 2818 3246; x_wconf 88' lang='lat' dir='ltr'><strong>declarabat.</strong></span> <span class='ocrx_word' id='word_1_472' title='bbox 2879 3195 3136 3260; x_wconf 76' lang='lat' dir='ltr'><strong>Quidam,</strong></span> <span class='ocrx_word' id='word_1_473' title='bbox 3187 3198 3392 3266; x_wconf 86' lang='lat' dir='ltr'><strong>inquit.</strong></span> 
     </span>
    </p>
   </div>
   <div class='ocr_carea' id='block_1_61' title="bbox 1814 3281 3394 3358">
    <p class='ocr_par' dir='ltr' id='par_1_61' title="bbox 1814 3281 3394 3358">
     <span class='ocr_line' id='line_1_61' title="bbox 1814 3281 3394 3358; baseline 0.004 -22"><span class='ocrx_word' id='word_1_474' title='bbox 1814 3281 2101 3336; x_wconf 82' lang='lat' dir='ltr'><strong>confectus</strong></span> <span class='ocrx_word' id='word_1_475' title='bbox 2125 3283 2471 3349; x_wconf 80' lang='lat' dir='ltr'><strong>vulneribus,</strong></span> <span class='ocrx_word' id='word_1_476' title='bbox 2502 3283 2658 3336; x_wconf 88' lang='lat' dir='ltr'><strong>humi</strong></span> <span class='ocrx_word' id='word_1_477' title='bbox 2682 3285 2919 3352; x_wconf 69' lang='lat' dir='ltr'><strong>iacebat,</strong></span> <span class='ocrx_word' id='word_1_478' title='bbox 2955 3287 3182 3358; x_wconf 83' lang='lat' dir='ltr'><strong>ejusque</strong></span> <span class='ocrx_word' id='word_1_479' title='bbox 3209 3290 3394 3343; x_wconf 82' lang='lat' dir='ltr'><strong>ulcera</strong></span> 
     </span>
    </p>
   </div>
   <div class='ocr_carea' id='block_1_62' title="bbox 1815 3373 3394 3447">
    <p class='ocr_par' dir='ltr' id='par_1_62' title="bbox 1815 3373 3394 3447">
     <span class='ocr_line' id='line_1_62' title="bbox 1815 3373 3394 3447; baseline 0.006 -21"><span class='ocrx_word' id='word_1_480' title='bbox 1815 3373 2008 3442; x_wconf 86' lang='lat' dir='ltr'><strong>ingens</strong></span> <span class='ocrx_word' id='word_1_481' title='bbox 2049 3388 2359 3427; x_wconf 89' lang='lat' dir='ltr'><strong>muscarum</strong></span> <span class='ocrx_word' id='word_1_482' title='bbox 2408 3375 2703 3429; x_wconf 87' lang='lat' dir='ltr'><strong>multitudo</strong></span> <span class='ocrx_word' id='word_1_483' title='bbox 2751 3377 3001 3447; x_wconf 88' lang='lat' dir='ltr'><strong>sugebat.</strong></span> <span class='ocrx_word' id='word_1_484' title='bbox 3065 3379 3394 3435; x_wconf 67' lang='lat' dir='ltr'><strong>Praeterieris</strong></span> 
     </span>
    </p>
   </div>
   <div class='ocr_carea' id='block_1_63' title="bbox 159 3451 1712 3540">
    <p class='ocr_par' dir='ltr' id='par_1_63' title="bbox 159 3467 1711 3540">
     <span class='ocr_line' id='line_1_63' title="bbox 159 3467 1711 3540; baseline 0.001 -20"><span class='ocrx_word' id='word_1_485' title='bbox 159 3469 338 3540; x_wconf 79' lang='grc' dir='ltr'>σφόδρα</span> <span class='ocrx_word' id='word_1_486' title='bbox 373 3488 440 3540; x_wconf 87' lang='grc' dir='ltr'>με</span> <span class='ocrx_word' id='word_1_487' title='bbox 473 3469 868 3540; x_wconf 72' lang='grc' dir='ltr'>ἐπιπλήξουσι.</span> <span class='ocrx_word' id='word_1_488' title='bbox 913 3489 930 3522; x_wconf 75' lang='grc' dir='ltr'><strong>ι</strong></span> <span class='ocrx_word' id='word_1_489' title='bbox 968 3471 1200 3538; x_wconf 85' lang='grc' dir='ltr'>Λέγεται</span> <span class='ocrx_word' id='word_1_490' title='bbox 1231 3471 1286 3522; x_wconf 79' lang='grc' dir='ltr'>δὲ</span> <span class='ocrx_word' id='word_1_491' title='bbox 1325 3467 1408 3523; x_wconf 78' lang='grc' dir='ltr'>ὅτι</span> <span class='ocrx_word' id='word_1_492' title='bbox 1447 3470 1583 3537; x_wconf 82' lang='grc' dir='ltr'><strong>μετὰ</strong></span> <span class='ocrx_word' id='word_1_493' title='bbox 1615 3471 1711 3540; x_wconf 73' lang='grc' dir='ltr'><strong>τὴν</strong></span> 
     </span>
    </p>
   </div>
   <div class='ocr_carea' id='block_1_64' title="bbox 1821 3451 3394 3540">
    <p class='ocr_par' dir='ltr' id='par_1_64' title="bbox 1821 3464 3394 3534">
     <span class='ocr_line' id='line_1_64' title="bbox 1821 3464 3394 3534; baseline 0.006 -18"><span class='ocrx_word' id='word_1_494' title='bbox 1821 3480 1946 3519; x_wconf 90' lang='lat' dir='ltr'><strong>vero</strong></span> <span class='ocrx_word' id='word_1_495' title='bbox 1976 3464 2116 3518; x_wconf 89' lang='lat' dir='ltr'><strong>alius</strong></span> <span class='ocrx_word' id='word_1_496' title='bbox 2137 3479 2230 3518; x_wconf 72' lang='lat' dir='ltr'><strong>eas</strong></span> <span class='ocrx_word' id='word_1_497' title='bbox 2271 3465 2494 3534; x_wconf 89' lang='lat' dir='ltr'><strong>abigere</strong></span> <span class='ocrx_word' id='word_1_498' title='bbox 2525 3467 2824 3522; x_wconf 86' lang='lat' dir='ltr'><strong>nitebatur.</strong></span> <span class='ocrx_word' id='word_1_499' title='bbox 2862 3469 3002 3523; x_wconf 87' lang='lat' dir='ltr'><strong>Tum</strong></span> <span class='ocrx_word' id='word_1_500' title='bbox 3042 3470 3173 3526; x_wconf 87' lang='lat' dir='ltr'><strong>ille:</strong></span> <span class='ocrx_word' id='word_1_501' title='bbox 3209 3491 3226 3523; x_wconf 83' lang='grc' dir='ltr'><strong>ι</strong></span> <span class='ocrx_word' id='word_1_502' title='bbox 3262 3471 3394 3526; x_wconf 81' lang='lat' dir='ltr'><strong>Mis-</strong></span> 
     </span>
    </p>
   </div>
   <div class='ocr_carea' id='block_1_65' title="bbox 157 3561 1712 3633">
    <p class='ocr_par' dir='ltr' id='par_1_65' title="bbox 157 3561 1712 3633">
     <span class='ocr_line' id='line_1_65' title="bbox 157 3561 1712 3633; baseline 0.002 -23"><span class='ocrx_word' id='word_1_503' title='bbox 157 3561 396 3630; x_wconf 70' lang='grc' dir='ltr'>ἁνὰληψιν</span> <span class='ocrx_word' id='word_1_504' title='bbox 443 3561 540 3615; x_wconf 74' lang='grc' dir='ltr'>τοῦ</span> <span class='ocrx_word' id='word_1_505' title='bbox 584 3562 824 3629; x_wconf 79' lang='grc' dir='ltr'>Χριστοῦ</span> <span class='ocrx_word' id='word_1_506' title='bbox 856 3564 890 3633; x_wconf 78' lang='grc' dir='ltr'>ἡ</span> <span class='ocrx_word' id='word_1_507' title='bbox 941 3562 1275 3632; x_wconf 79' lang='grc' dir='ltr'>Μαγδαληνὴ</span> <span class='ocrx_word' id='word_1_508' title='bbox 1313 3561 1495 3631; x_wconf 83' lang='grc' dir='ltr'>Μαρία</span> <span class='ocrx_word' id='word_1_509' title='bbox 1549 3562 1712 3632; x_wconf 82' lang='grc' dir='ltr'>μέχρι</span> 
     </span>
    </p>
   </div>
   <div class='ocr_carea' id='block_1_66' title="bbox 155 3653 1710 3725">
    <p class='ocr_par' dir='ltr' id='par_1_66' title="bbox 155 3653 1710 3725">
     <span class='ocr_line' id='line_1_66' title="bbox 155 3653 1710 3725; baseline 0.002 -22"><span class='ocrx_word' id='word_1_510' title='bbox 155 3653 236 3704; x_wconf 77' lang='grc' dir='ltr'><strong>καὶ</strong></span> <span class='ocrx_word' id='word_1_511' title='bbox 275 3653 485 3724; x_wconf 82' lang='grc' dir='ltr'>Ῥώμης</span> <span class='ocrx_word' id='word_1_512' title='bbox 516 3655 730 3725; x_wconf 78' lang='grc' dir='ltr'>τρέχει,</span> <span class='ocrx_word' id='word_1_513' title='bbox 762 3654 932 3707; x_wconf 71' lang='grc' dir='ltr'>πολλὰ</span> <span class='ocrx_word' id='word_1_514' title='bbox 961 3655 1285 3708; x_wconf 70' lang='grc' dir='ltr'>καταϐοῶσα</span> <span class='ocrx_word' id='word_1_515' title='bbox 1325 3655 1429 3706; x_wconf 83' lang='grc' dir='ltr'><strong>τῶν</strong></span> <span class='ocrx_word' id='word_1_516' title='bbox 1475 3672 1710 3723; x_wconf 80' lang='grc' dir='ltr'>παρηνο-</span> 
     </span>
    </p>
   </div>
   <div class='ocr_carea' id='block_1_67' title="bbox 158 3743 1712 3816">
    <p class='ocr_par' dir='ltr' id='par_1_67' title="bbox 158 3743 1712 3816">
     <span class='ocr_line' id='line_1_67' title="bbox 158 3743 1712 3816; baseline 0.001 -21"><span class='ocrx_word' id='word_1_517' title='bbox 158 3743 386 3810; x_wconf 81' lang='grc' dir='ltr'>μηκὸτων</span> <span class='ocrx_word' id='word_1_518' title='bbox 420 3746 500 3806; x_wconf 82' lang='grc' dir='ltr'><strong>είς</strong></span> <span class='ocrx_word' id='word_1_519' title='bbox 525 3745 690 3796; x_wconf 80' lang='grc' dir='ltr'>αὑτὸν</span> <span class='ocrx_word' id='word_1_520' title='bbox 721 3747 813 3798; x_wconf 80' lang='grc' dir='ltr'><strong>τὸν</strong></span> <span class='ocrx_word' id='word_1_521' title='bbox 855 3745 1108 3816; x_wconf 76' lang='grc' dir='ltr'>Χριστόν.</span> <span class='ocrx_word' id='word_1_522' title='bbox 1145 3745 1411 3798; x_wconf 77' lang='grc' dir='ltr'>Τοσοῦτον</span> <span class='ocrx_word' id='word_1_523' title='bbox 1459 3746 1515 3797; x_wconf 81' lang='grc' dir='ltr'>δὲ</span> <span class='ocrx_word' id='word_1_524' title='bbox 1555 3745 1712 3797; x_wconf 56' lang='lat'><strong>1&#39;16!-</strong></span> 
     </span>
    </p>
   </div>
   <div class='ocr_carea' id='block_1_68' title="bbox 154 3834 1710 3907">
    <p class='ocr_par' dir='ltr' id='par_1_68' title="bbox 154 3834 1710 3907">
     <span class='ocr_line' id='line_1_68' title="bbox 154 3834 1710 3907; baseline -0.001 -20"><span class='ocrx_word' id='word_1_525' title='bbox 154 3849 252 3900; x_wconf 69' lang='grc' dir='ltr'>μοις</span> <span class='ocrx_word' id='word_1_526' title='bbox 300 3835 385 3888; x_wconf 84' lang='grc' dir='ltr'><strong>τὸν</strong></span> <span class='ocrx_word' id='word_1_527' title='bbox 438 3835 616 3907; x_wconf 72' lang='grc' dir='ltr'>θυμὸν</span> <span class='ocrx_word' id='word_1_528' title='bbox 667 3835 872 3906; x_wconf 65' lang='grc' dir='ltr'>ἀνῆψεν</span> <span class='ocrx_word' id='word_1_529' title='bbox 901 3837 1042 3888; x_wconf 79' lang='grc' dir='ltr'>ὥστε</span> <span class='ocrx_word' id='word_1_530' title='bbox 1093 3838 1310 3905; x_wconf 70' lang='grc' dir='ltr'>Θανάτῳ</span> <span class='ocrx_word' id='word_1_531' title='bbox 1345 3834 1710 3888; x_wconf 72' lang='grc' dir='ltr'>κατ;.δικάσαι</span> 
     </span>
    </p>
   </div>
   <div class='ocr_carea' id='block_1_69' title="bbox 152 3927 1706 3998">
    <p class='ocr_par' dir='ltr' id='par_1_69' title="bbox 152 3927 1706 3998">
     <span class='ocr_line' id='line_1_69' title="bbox 152 3927 1706 3998; baseline -0.003 -21"><span class='ocrx_word' id='word_1_532' title='bbox 152 3929 260 3989; x_wconf 68' lang='grc' dir='ltr'>τοὺς</span> <span class='ocrx_word' id='word_1_533' title='bbox 298 3929 458 3998; x_wconf 84' lang='grc' dir='ltr'>ἱερεῖς</span> <span class='ocrx_word' id='word_1_534' title='bbox 502 3929 602 3981; x_wconf 75' lang='grc' dir='ltr'><strong>καὶ</strong></span> <span class='ocrx_word' id='word_1_535' title='bbox 639 3931 990 3998; x_wconf 76' lang='grc' dir='ltr'>γραμματεῖς</span> <span class='ocrx_word' id='word_1_536' title='bbox 1035 3931 1130 3980; x_wconf 76' lang='grc' dir='ltr'><strong>σὺν</strong></span> <span class='ocrx_word' id='word_1_537' title='bbox 1165 3927 1312 3997; x_wconf 80' lang='grc' dir='ltr'>αὐτῷ</span> <span class='ocrx_word' id='word_1_538' title='bbox 1346 3928 1422 3996; x_wconf 84' lang='grc' dir='ltr'>τῷ</span> <span class='ocrx_word' id='word_1_539' title='bbox 1464 3927 1706 3994; x_wconf 73' lang='grc' dir='ltr'><strong>Πιλάτῳ,</strong></span> 
     </span>
    </p>
   </div>
   <div class='ocr_carea' id='block_1_70' title="bbox 153 4017 1706 4091">
    <p class='ocr_par' dir='ltr' id='par_1_70' title="bbox 153 4017 1706 4091">
     <span class='ocr_line' id='line_1_70' title="bbox 153 4017 1706 4091; baseline -0.001 -24"><span class='ocrx_word' id='word_1_540' title='bbox 153 4019 193 4070; x_wconf 82' lang='grc' dir='ltr'>εί</span> <span class='ocrx_word' id='word_1_541' title='bbox 223 4019 304 4072; x_wconf 77' lang='grc' dir='ltr'><strong>καί</strong></span> <span class='ocrx_word' id='word_1_542' title='bbox 331 4037 474 4084; x_wconf 89' lang='grc' dir='ltr'>τινες</span> <span class='ocrx_word' id='word_1_543' title='bbox 523 4018 706 4089; x_wconf 78' lang='grc' dir='ltr'>ἕτεροι</span> <span class='ocrx_word' id='word_1_544' title='bbox 736 4021 1034 4091; x_wconf 77' lang='grc' dir='ltr'>αὐτόχειρα</span> <span class='ocrx_word' id='word_1_545' title='bbox 1081 4019 1301 4088; x_wconf 82' lang='grc' dir='ltr'>λέγουσι</span> <span class='ocrx_word' id='word_1_546' title='bbox 1331 4020 1423 4070; x_wconf 75' lang='grc' dir='ltr'><strong>τὸν</strong></span> <span class='ocrx_word' id='word_1_547' title='bbox 1473 4017 1706 4068; x_wconf 76' lang='grc' dir='ltr'>Πιλᾶτον</span> 
     </span>
    </p>
   </div>
   <div class='ocr_carea' id='block_1_71' title="bbox 151 4111 631 4182">
    <p class='ocr_par' dir='ltr' id='par_1_71' title="bbox 151 4111 631 4182">
     <span class='ocr_line' id='line_1_71' title="bbox 151 4111 631 4182; baseline 0.01 -20"><span class='ocrx_word' id='word_1_548' title='bbox 151 4111 324 4165; x_wconf 72' lang='grc' dir='ltr'>ἑαυτοῦ</span> <span class='ocrx_word' id='word_1_549' title='bbox 349 4113 631 4182; x_wconf 78' lang='grc' dir='ltr'>γενέσθαι.</span> 
     </span>
    </p>
   </div>
   <div class='ocr_carea' id='block_1_72' title="bbox 1813 3556 3394 3626">
    <p class='ocr_par' dir='ltr' id='par_1_72' title="bbox 1813 3556 3394 3626">
     <span class='ocr_line' id='line_1_72' title="bbox 1813 3556 3394 3626; baseline 0.004 -16"><span class='ocrx_word' id='word_1_550' title='bbox 1813 3572 1920 3621; x_wconf 85' lang='lat' dir='ltr'><strong>sas,</strong></span> <span class='ocrx_word' id='word_1_551' title='bbox 1963 3556 2060 3621; x_wconf 89' lang='lat' dir='ltr'><strong>ait,</strong></span> <span class='ocrx_word' id='word_1_552' title='bbox 2115 3556 2210 3611; x_wconf 77' lang='lat' dir='ltr'><strong>has</strong></span> <span class='ocrx_word' id='word_1_553' title='bbox 2242 3557 2429 3611; x_wconf 81' lang='lat' dir='ltr'><strong>facito.</strong></span> <span class='ocrx_word' id='word_1_554' title='bbox 2493 3558 2627 3612; x_wconf 88' lang='lat' dir='ltr'><strong>Nam</strong></span> <span class='ocrx_word' id='word_1_555' title='bbox 2692 3561 2902 3616; x_wconf 70' lang='lat' dir='ltr'><strong>satiata:</strong></span> <span class='ocrx_word' id='word_1_556' title='bbox 2950 3577 3074 3617; x_wconf 89' lang='lat' dir='ltr'><strong>cum</strong></span> <span class='ocrx_word' id='word_1_557' title='bbox 3111 3563 3240 3626; x_wconf 92' lang='lat' dir='ltr'><strong>sint,</strong></span> <span class='ocrx_word' id='word_1_558' title='bbox 3276 3578 3394 3616; x_wconf 88' lang='lat' dir='ltr'><strong>ma-</strong></span> 
     </span>
    </p>
   </div>
   <div class='ocr_carea' id='block_1_73' title="bbox 1811 3647 3385 3717">
    <p class='ocr_par' dir='ltr' id='par_1_73' title="bbox 1811 3647 3385 3717">
     <span class='ocr_line' id='line_1_73' title="bbox 1811 3647 3385 3717; baseline 0.004 -18"><span class='ocrx_word' id='word_1_559' title='bbox 1811 3663 1916 3717; x_wconf 86' lang='lat' dir='ltr'><strong>gno</strong></span> <span class='ocrx_word' id='word_1_560' title='bbox 1953 3663 2040 3701; x_wconf 91' lang='lat' dir='ltr'><strong>me</strong></span> <span class='ocrx_word' id='word_1_561' title='bbox 2074 3647 2263 3701; x_wconf 79' lang='lat' dir='ltr'><strong>dolore</strong></span> <span class='ocrx_word' id='word_1_562' title='bbox 2293 3663 2400 3701; x_wconf 90' lang='lat' dir='ltr'><strong>non</strong></span> <span class='ocrx_word' id='word_1_563' title='bbox 2433 3647 2694 3704; x_wconf 79' lang='lat' dir='ltr'><strong>amciunt.</strong></span> <span class='ocrx_word' id='word_1_564' title='bbox 2749 3651 2820 3706; x_wconf 82' lang='lat' dir='ltr'><strong>At</strong></span> <span class='ocrx_word' id='word_1_565' title='bbox 2860 3652 2906 3707; x_wconf 91' lang='lat' dir='ltr'><strong>si</strong></span> <span class='ocrx_word' id='word_1_566' title='bbox 2954 3653 3075 3708; x_wconf 69' lang='lat' dir='ltr'><strong>alite</strong></span> <span class='ocrx_word' id='word_1_567' title='bbox 3123 3653 3385 3708; x_wconf 88' lang='lat' dir='ltr'><strong>advolent</strong></span> 
     </span>
    </p>
   </div>
   <div class='ocr_carea' id='block_1_74' title="bbox 1809 3739 3381 3812">
    <p class='ocr_par' dir='ltr' id='par_1_74' title="bbox 1809 3739 3381 3812">
     <span class='ocr_line' id='line_1_74' title="bbox 1809 3739 3381 3812; baseline 0.004 -20"><span class='ocrx_word' id='word_1_568' title='bbox 1809 3739 2157 3802; x_wconf 87' lang='lat' dir='ltr'><strong>esurientes,</strong></span> <span class='ocrx_word' id='word_1_569' title='bbox 2217 3755 2302 3792; x_wconf 90' lang='lat' dir='ltr'><strong>me</strong></span> <span class='ocrx_word' id='word_1_570' title='bbox 2351 3739 2547 3794; x_wconf 90' lang='lat' dir='ltr'><strong>diriter</strong></span> <span class='ocrx_word' id='word_1_571' title='bbox 2586 3743 2878 3812; x_wconf 79' lang='lat' dir='ltr'><strong>pungendo</strong></span> <span class='ocrx_word' id='word_1_572' title='bbox 2926 3746 3381 3801; x_wconf 57' lang='lat' dir='ltr'><strong>excruciabunta</strong></span> 
     </span>
    </p>
   </div>
   <div class='ocr_carea' id='block_1_75' title="bbox 1813 3829 3391 3907">
    <p class='ocr_par' dir='ltr' id='par_1_75' title="bbox 1813 3829 3391 3907">
     <span class='ocr_line' id='line_1_75' title="bbox 1813 3829 3391 3907; baseline 0.004 -23"><span class='ocrx_word' id='word_1_573' title='bbox 1813 3829 2084 3884; x_wconf 63' lang='lat' dir='ltr'><strong>Caeterum</strong></span> <span class='ocrx_word' id='word_1_574' title='bbox 2149 3831 2403 3884; x_wconf 81' lang='lat' dir='ltr'><strong>nonnulli</strong></span> <span class='ocrx_word' id='word_1_575' title='bbox 2448 3835 2742 3900; x_wconf 84' lang='lat' dir='ltr'><strong>perhibent</strong></span> <span class='ocrx_word' id='word_1_576' title='bbox 2778 3846 2902 3903; x_wconf 82' lang='lat' dir='ltr'><strong>post</strong></span> <span class='ocrx_word' id='word_1_577' title='bbox 2958 3838 3391 3907; x_wconf 88' lang='lat' dir='ltr'><strong>assumptionem</strong></span> 
     </span>
    </p>
   </div>
   <div class='ocr_carea' id='block_1_76' title="bbox 1812 3917 3391 3998">
    <p class='ocr_par' dir='ltr' id='par_1_76' title="bbox 1812 3917 3391 3998">
     <span class='ocr_line' id='line_1_76' title="bbox 1812 3917 3391 3998; baseline 0.005 -22"><span class='ocrx_word' id='word_1_578' title='bbox 1812 3917 2014 3976; x_wconf 89' lang='lat' dir='ltr'><strong>Christi</strong></span> <span class='ocrx_word' id='word_1_579' title='bbox 2055 3921 2277 3975; x_wconf 83' lang='lat' dir='ltr'><strong>Mariam</strong></span> <span class='ocrx_word' id='word_1_580' title='bbox 2331 3924 2480 3976; x_wconf 85' lang='lat' dir='ltr'><strong>illam</strong></span> <span class='ocrx_word' id='word_1_581' title='bbox 2521 3923 2891 3993; x_wconf 71' lang='lat' dir='ltr'><strong>Ilagdalenam</strong></span> <span class='ocrx_word' id='word_1_582' title='bbox 2930 3928 3156 3982; x_wconf 83' lang='lat' dir='ltr'><strong>Romam</strong></span> <span class='ocrx_word' id='word_1_583' title='bbox 3192 3945 3391 3998; x_wconf 84' lang='lat' dir='ltr'><strong>perve-</strong></span> 
     </span>
    </p>
   </div>
   <div class='ocr_carea' id='block_1_77' title="bbox 1811 4012 3444 4087">
    <p class='ocr_par' dir='ltr' id='par_1_77' title="bbox 1811 4012 3444 4087">
     <span class='ocr_line' id='line_1_77' title="bbox 1811 4012 3444 4087; baseline 0.005 -21"><span class='ocrx_word' id='word_1_584' title='bbox 1811 4012 1981 4076; x_wconf 91' lang='lat' dir='ltr'><strong>nisse,</strong></span> <span class='ocrx_word' id='word_1_585' title='bbox 2028 4012 2376 4082; x_wconf 67' lang='lat' dir='ltr'><strong>graviterque</strong></span> <span class='ocrx_word' id='word_1_586' title='bbox 2429 4030 2718 4070; x_wconf 88' lang='lat' dir='ltr'><strong>accusasse</strong></span> <span class='ocrx_word' id='word_1_587' title='bbox 2771 4031 2985 4083; x_wconf 87' lang='lat' dir='ltr'><strong>omnes,</strong></span> <span class='ocrx_word' id='word_1_588' title='bbox 3019 4030 3290 4087; x_wconf 77' lang='lat' dir='ltr'><strong>quorquot</strong></span> <span class='ocrx_word' id='word_1_589' title='bbox 3337 4021 3390 4074; x_wconf 91' lang='lat' dir='ltr'><strong>in</strong></span> <span class='ocrx_word' id='word_1_590' title='bbox 3441 4025 3444 4028; x_wconf 74' lang='grc'><strong>”</strong></span> 
     </span>
    </p>
   </div>
   <div class='ocr_carea' id='block_1_78' title="bbox 1809 4105 3388 4180">
    <p class='ocr_par' dir='ltr' id='par_1_78' title="bbox 1809 4105 3388 4180">
     <span class='ocr_line' id='line_1_78' title="bbox 1809 4105 3388 4180; baseline 0.004 -21"><span class='ocrx_word' id='word_1_591' title='bbox 1809 4105 2092 4159; x_wconf 83' lang='lat' dir='ltr'><strong>Christum</strong></span> <span class='ocrx_word' id='word_1_592' title='bbox 2148 4106 2516 4175; x_wconf 86' lang='lat' dir='ltr'><strong>deliquerant.</strong></span> <span class='ocrx_word' id='word_1_593' title='bbox 2553 4108 2734 4177; x_wconf 86' lang='lat' dir='ltr'><strong>Usque</strong></span> <span class='ocrx_word' id='word_1_594' title='bbox 2770 4109 2908 4163; x_wconf 89' lang='lat' dir='ltr'><strong>adeo</strong></span> <span class='ocrx_word' id='word_1_595' title='bbox 2942 4111 3090 4165; x_wconf 87' lang='lat' dir='ltr'><strong>illam</strong></span> <span class='ocrx_word' id='word_1_596' title='bbox 3148 4111 3388 4180; x_wconf 79' lang='lat' dir='ltr'><strong>denique</strong></span> 
     </span>
    </p>
   </div>
   <div class='ocr_carea' id='block_1_79' title="bbox 153 4201 3391 4278">
    <p class='ocr_par' dir='ltr' id='par_1_79' title="bbox 153 4201 3391 4278">
     <span class='ocr_line' id='line_1_79' title="bbox 153 4201 3391 4278; baseline 0.001 -20"><span class='ocrx_word' id='word_1_597' title='bbox 153 4203 336 4260; x_wconf 86' lang='lat' dir='ltr'><strong>Tiberii</strong></span> <span class='ocrx_word' id='word_1_598' title='bbox 391 4207 638 4262; x_wconf 88' lang='lat' dir='ltr'><strong>animum</strong></span> <span class='ocrx_word' id='word_1_599' title='bbox 691 4209 1044 4273; x_wconf 89' lang='lat' dir='ltr'><strong>accendisse,</strong></span> <span class='ocrx_word' id='word_1_600' title='bbox 1083 4217 1142 4262; x_wconf 93' lang='lat' dir='ltr'><strong>ut</strong></span> <span class='ocrx_word' id='word_1_601' title='bbox 1177 4215 1233 4262; x_wconf 93' lang='lat' dir='ltr'><strong>et</strong></span> <span class='ocrx_word' id='word_1_602' title='bbox 1281 4204 1596 4259; x_wconf 87' lang='lat' dir='ltr'><strong>sacerdotes</strong></span> <span class='ocrx_word' id='word_1_603' title='bbox 1648 4213 1703 4256; x_wconf 93' lang='lat' dir='ltr'><strong>ct</strong></span> <span class='ocrx_word' id='word_1_604' title='bbox 1737 4202 1947 4257; x_wconf 78' lang='lat' dir='ltr'><strong>scribas</strong></span> <span class='ocrx_word' id='word_1_605' title='bbox 1974 4211 2031 4256; x_wconf 91' lang='lat' dir='ltr'><strong>ct</strong></span> <span class='ocrx_word' id='word_1_606' title='bbox 2081 4201 2262 4270; x_wconf 90' lang='lat' dir='ltr'><strong>ipsum</strong></span> <span class='ocrx_word' id='word_1_607' title='bbox 2335 4218 2557 4272; x_wconf 83' lang='lat' dir='ltr'><strong>quoque</strong></span> <span class='ocrx_word' id='word_1_608' title='bbox 2587 4205 2843 4258; x_wconf 82' lang='lat' dir='ltr'><strong>&#39;Pilatum</strong></span> <span class='ocrx_word' id='word_1_609' title='bbox 2911 4207 3111 4278; x_wconf 89' lang='lat' dir='ltr'><strong>capitis</strong></span> <span class='ocrx_word' id='word_1_610' title='bbox 3161 4208 3391 4262; x_wconf 89' lang='lat' dir='ltr'><strong>damna-</strong></span> 
     </span>
    </p>
   </div>
   <div class='ocr_carea' id='block_1_80' title="bbox 153 4295 2569 4370">
    <p class='ocr_par' dir='ltr' id='par_1_80' title="bbox 153 4295 2569 4370">
     <span class='ocr_line' id='line_1_80' title="bbox 153 4295 2569 4370; baseline 0.001 -24"><span class='ocrx_word' id='word_1_611' title='bbox 153 4306 240 4348; x_wconf 81' lang='lat' dir='ltr'><strong>ret.</strong></span> <span class='ocrx_word' id='word_1_612' title='bbox 271 4297 408 4352; x_wconf 84' lang='lat' dir='ltr'><strong>Sunt</strong></span> <span class='ocrx_word' id='word_1_613' title='bbox 445 4310 627 4354; x_wconf 89' lang='lat' dir='ltr'><strong>tamen</strong></span> <span class='ocrx_word' id='word_1_614' title='bbox 657 4299 748 4353; x_wconf 86' lang='lat' dir='ltr'><strong>alii</strong></span> <span class='ocrx_word' id='word_1_615' title='bbox 781 4301 874 4370; x_wconf 91' lang='lat' dir='ltr'><strong>qui</strong></span> <span class='ocrx_word' id='word_1_616' title='bbox 909 4301 1140 4355; x_wconf 85' lang='lat' dir='ltr'><strong>Pilatum</strong></span> <span class='ocrx_word' id='word_1_617' title='bbox 1197 4299 1419 4354; x_wconf 82' lang='lat' dir='ltr'><strong>sibimet</strong></span> <span class='ocrx_word' id='word_1_618' title='bbox 1460 4297 1561 4367; x_wconf 84' lang='lat' dir='ltr'><strong>ipsi</strong></span> <span class='ocrx_word' id='word_1_619' title='bbox 1594 4309 1788 4349; x_wconf 88' lang='lat' dir='ltr'><strong>manus</strong></span> <span class='ocrx_word' id='word_1_620' title='bbox 1822 4295 2070 4347; x_wconf 82' lang='lat' dir='ltr'><strong>attulisse</strong></span> <span class='ocrx_word' id='word_1_621' title='bbox 2106 4305 2569 4350; x_wconf 79' lang='lat' dir='ltr'><strong>commemorant.</strong></span> 
     </span>
    </p>
   </div>
   <div class='ocr_carea' id='block_1_81' title="bbox 209 4390 1704 4467">
    <p class='ocr_par' dir='ltr' id='par_1_81' title="bbox 209 4390 1704 4467">
     <span class='ocr_line' id='line_1_81' title="bbox 209 4390 1704 4467; baseline 0 -23"><span class='ocrx_word' id='word_1_622' title='bbox 209 4395 352 4467; x_wconf 72' lang='grc' dir='ltr'>Μετὰ</span> <span class='ocrx_word' id='word_1_623' title='bbox 380 4397 570 4449; x_wconf 81' lang='grc' dir='ltr'>τοῦτον</span> <span class='ocrx_word' id='word_1_624' title='bbox 595 4401 786 4466; x_wconf 80' lang='grc' dir='ltr'>κρατεί</span> <span class='ocrx_word' id='word_1_625' title='bbox 810 4398 963 4460; x_wconf 84' lang='grc' dir='ltr'>Γάϊος</span> <span class='ocrx_word' id='word_1_626' title='bbox 992 4397 1082 4465; x_wconf 74' lang='grc' dir='ltr'>ἔτη</span> <span class='ocrx_word' id='word_1_627' title='bbox 1113 4395 1176 4450; x_wconf 88' lang='grc' dir='ltr'><strong>δ’.</strong></span> <span class='ocrx_word' id='word_1_628' title='bbox 1204 4390 1372 4458; x_wconf 71' lang='grc' dir='ltr'>Οὗτος</span> <span class='ocrx_word' id='word_1_629' title='bbox 1408 4392 1704 4462; x_wconf 72' lang='grc' dir='ltr'>πάμπολλα</span> 
     </span>
    </p>
   </div>
   <div class='ocr_carea' id='block_1_82' title="bbox 149 4479 1706 4554">
    <p class='ocr_par' dir='ltr' id='par_1_82' title="bbox 149 4479 1706 4554">
     <span class='ocr_line' id='line_1_82' title="bbox 149 4479 1706 4554; baseline 0.004 -25"><span class='ocrx_word' id='word_1_630' title='bbox 149 4479 282 4533; x_wconf 77' lang='grc' dir='ltr'>δεινὰ</span> <span class='ocrx_word' id='word_1_631' title='bbox 323 4486 558 4554; x_wconf 79' lang='grc' dir='ltr'>ποιήσας</span> <span class='ocrx_word' id='word_1_632' title='bbox 607 4487 916 4554; x_wconf 80' lang='grc' dir='ltr'>ἀναιρεῖται</span> <span class='ocrx_word' id='word_1_633' title='bbox 974 4487 1077 4539; x_wconf 79' lang='grc' dir='ltr'><strong>ὑπὸ</strong></span> <span class='ocrx_word' id='word_1_634' title='bbox 1129 4486 1480 4554; x_wconf 81' lang='grc' dir='ltr'>στρατιωτῶν</span> <span class='ocrx_word' id='word_1_635' title='bbox 1526 4486 1584 4536; x_wconf 81' lang='grc' dir='ltr'>ἐν</span> <span class='ocrx_word' id='word_1_636' title='bbox 1627 4482 1706 4552; x_wconf 81' lang='grc' dir='ltr'>τῷ</span> 
     </span>
    </p>
   </div>
   <div class='ocr_carea' id='block_1_83' title="bbox 150 4571 1706 4649">
    <p class='ocr_par' dir='ltr' id='par_1_83' title="bbox 150 4571 1706 4649">
     <span class='ocr_line' id='line_1_83' title="bbox 150 4571 1706 4649; baseline 0.004 -28"><span class='ocrx_word' id='word_1_637' title='bbox 150 4571 340 4644; x_wconf 71' lang='grc' dir='ltr'>λουτρῷ</span> <span class='ocrx_word' id='word_1_638' title='bbox 360 4590 375 4605; x_wconf 83' lang='lat'>&#39;</span> <span class='ocrx_word' id='word_1_639' title='bbox 398 4577 459 4628; x_wconf 84' lang='grc' dir='ltr'><strong>ού</strong></span> <span class='ocrx_word' id='word_1_640' title='bbox 501 4577 611 4647; x_wconf 85' lang='grc' dir='ltr'>γὰρ</span> <span class='ocrx_word' id='word_1_641' title='bbox 653 4577 852 4646; x_wconf 75' lang='grc' dir='ltr'>ἔφερον</span> <span class='ocrx_word' id='word_1_642' title='bbox 883 4577 1042 4630; x_wconf 76' lang='grc' dir='ltr'>αὐτὸν</span> <span class='ocrx_word' id='word_1_643' title='bbox 1069 4580 1200 4649; x_wconf 80' lang='grc' dir='ltr'>ὁρᾷν</span> <span class='ocrx_word' id='word_1_644' title='bbox 1225 4579 1321 4647; x_wconf 79' lang='grc' dir='ltr'>τὴν</span> <span class='ocrx_word' id='word_1_645' title='bbox 1364 4579 1500 4630; x_wconf 81' lang='grc' dir='ltr'>ἰδίαν</span> <span class='ocrx_word' id='word_1_646' title='bbox 1535 4577 1706 4644; x_wconf 82' lang='grc' dir='ltr'>ουγα-</span> 
     </span>
    </p>
   </div>
   <div class='ocr_carea' id='block_1_84' title="bbox 147 4664 1702 4740">
    <p class='ocr_par' dir='ltr' id='par_1_84' title="bbox 147 4664 1702 4740">
     <span class='ocr_line' id='line_1_84' title="bbox 147 4664 1702 4740; baseline 0.005 -28"><span class='ocrx_word' id='word_1_647' title='bbox 147 4664 266 4730; x_wconf 78' lang='grc' dir='ltr'>τέρι</span> <span class='ocrx_word' id='word_1_648' title='bbox 312 4669 661 4737; x_wconf 77' lang='grc' dir='ltr'>προσάγοντα</span> <span class='ocrx_word' id='word_1_649' title='bbox 711 4670 792 4740; x_wconf 81' lang='grc' dir='ltr'><strong>τῷ,</strong></span> <span class='ocrx_word' id='word_1_650' title='bbox 828 4670 1032 4740; x_wconf 72' lang='grc' dir='ltr'><strong>εἰδώλῳ</strong></span> <span class='ocrx_word' id='word_1_651' title='bbox 1078 4669 1265 4735; x_wconf 80' lang='grc' dir='ltr'>αὑτοῦ,</span> <span class='ocrx_word' id='word_1_652' title='bbox 1300 4671 1396 4722; x_wconf 72' lang='grc' dir='ltr'>καὶ</span> <span class='ocrx_word' id='word_1_653' title='bbox 1442 4669 1702 4736; x_wconf 76' lang='grc' dir='ltr'>λέγονταο</span> 
     </span>
    </p>
   </div>
   <div class='ocr_carea' id='block_1_85' title="bbox 154 4755 1700 4831">
    <p class='ocr_par' dir='ltr' id='par_1_85' title="bbox 154 4755 1700 4831">
     <span class='ocr_line' id='line_1_85' title="bbox 154 4755 1700 4831; baseline 0.003 -26"><span class='ocrx_word' id='word_1_654' title='bbox 154 4769 170 4802; x_wconf 82' lang='grc' dir='ltr'><strong>ι</strong></span> <span class='ocrx_word' id='word_1_655' title='bbox 199 4755 264 4806; x_wconf 64' lang='grc' dir='ltr'><strong>Σ)</strong></span> <span class='ocrx_word' id='word_1_656' title='bbox 310 4760 514 4828; x_wconf 69' lang='grc' dir='ltr'>ταύτης</span> <span class='ocrx_word' id='word_1_657' title='bbox 556 4760 758 4830; x_wconf 74' lang='grc' dir='ltr'>πατὴρ,</span> <span class='ocrx_word' id='word_1_658' title='bbox 810 4763 905 4814; x_wconf 67' lang='grc' dir='ltr'><strong>καὶ</strong></span> <span class='ocrx_word' id='word_1_659' title='bbox 955 4763 1016 4814; x_wconf 80' lang='grc' dir='ltr'><strong>σὺ</strong></span> <span class='ocrx_word' id='word_1_660' title='bbox 1055 4762 1258 4831; x_wconf 78' lang='grc' dir='ltr'>ταύτην</span> <span class='ocrx_word' id='word_1_661' title='bbox 1281 4762 1638 4828; x_wconf 80' lang='grc' dir='ltr'>γεγέννηκας.</span> <span class='ocrx_word' id='word_1_662' title='bbox 1683 4777 1700 4810; x_wconf 77' lang='grc' dir='ltr'><strong>ι</strong></span> 
     </span>
    </p>
   </div>
   <div class='ocr_carea' id='block_1_86' title="bbox 150 4840 1706 4923">
    <p class='ocr_par' dir='ltr' id='par_1_86' title="bbox 150 4840 1706 4923">
     <span class='ocr_line' id='line_1_86' title="bbox 150 4840 1706 4923; baseline 0.004 -28"><span class='ocrx_word' id='word_1_663' title='bbox 150 4840 302 4910; x_wconf 66' lang='grc' dir='ltr'>Οὗτος</span> <span class='ocrx_word' id='word_1_664' title='bbox 362 4852 388 4903; x_wconf 94' lang='lat'><strong>6</strong></span> <span class='ocrx_word' id='word_1_665' title='bbox 442 4851 608 4914; x_wconf 77' lang='grc' dir='ltr'>Γαῖος</span> <span class='ocrx_word' id='word_1_666' title='bbox 659 4853 958 4915; x_wconf 74' lang='grc' dir='ltr'>ὁλονύκτως</span> <span class='ocrx_word' id='word_1_667' title='bbox 1005 4853 1257 4905; x_wconf 75' lang='grc' dir='ltr'>κυϐεύειν</span> <span class='ocrx_word' id='word_1_668' title='bbox 1293 4852 1502 4923; x_wconf 65' lang='grc' dir='ltr'>ἤθελεν.</span> <span class='ocrx_word' id='word_1_669' title='bbox 1543 4849 1706 4902; x_wconf 69' lang='grc' dir='ltr'>Ὅθεν</span> 
     </span>
    </p>
   </div>
   <div class='ocr_carea' id='block_1_87' title="bbox 149 4937 1705 5015">
    <p class='ocr_par' dir='ltr' id='par_1_87' title="bbox 149 4937 1705 5015">
     <span class='ocr_line' id='line_1_87' title="bbox 149 4937 1705 5015; baseline 0.003 -24"><span class='ocrx_word' id='word_1_670' title='bbox 149 4937 231 4992; x_wconf 69' lang='grc' dir='ltr'><strong>ἐπὶ</strong></span> <span class='ocrx_word' id='word_1_671' title='bbox 257 4943 427 5012; x_wconf 83' lang='grc' dir='ltr'>τούτῳ</span> <span class='ocrx_word' id='word_1_672' title='bbox 453 4942 808 5015; x_wconf 79' lang='grc' dir='ltr'>δυσθυμήσας</span> <span class='ocrx_word' id='word_1_673' title='bbox 831 4946 858 4997; x_wconf 88' lang='lat'><strong>6</strong></span> <span class='ocrx_word' id='word_1_674' title='bbox 889 4945 1159 5014; x_wconf 76' lang='grc' dir='ltr'>βασιλεὺς,</span> <span class='ocrx_word' id='word_1_675' title='bbox 1195 4947 1286 4997; x_wconf 79' lang='grc' dir='ltr'><strong>ἐπὶ</strong></span> <span class='ocrx_word' id='word_1_676' title='bbox 1317 4944 1566 4997; x_wconf 63' lang='grc' dir='ltr'>τοιοῦτον</span> <span class='ocrx_word' id='word_1_677' title='bbox 1598 4943 1705 5012; x_wconf 71' lang='grc' dir='ltr'><strong>γὰρ</strong></span> 
     </span>
    </p>
   </div>
   <div class='ocr_carea' id='block_1_88' title="bbox 149 5031 1701 5106">
    <p class='ocr_par' dir='ltr' id='par_1_88' title="bbox 149 5031 1701 5106">
     <span class='ocr_line' id='line_1_88' title="bbox 149 5031 1701 5106; baseline 0.003 -26"><span class='ocrx_word' id='word_1_678' title='bbox 149 5031 496 5093; x_wconf 77' lang='grc' dir='ltr'>ἐξεκεκένωτο</span> <span class='ocrx_word' id='word_1_679' title='bbox 526 5037 582 5088; x_wconf 84' lang='grc' dir='ltr'><strong>τὸ</strong></span> <span class='ocrx_word' id='word_1_680' title='bbox 612 5037 838 5106; x_wconf 83' lang='grc' dir='ltr'>χρυσίον</span> <span class='ocrx_word' id='word_1_681' title='bbox 886 5036 1052 5102; x_wconf 79' lang='grc' dir='ltr'>ἅπαν,</span> <span class='ocrx_word' id='word_1_682' title='bbox 1083 5036 1223 5088; x_wconf 74' lang='grc' dir='ltr'>ὥστε</span> <span class='ocrx_word' id='word_1_683' title='bbox 1247 5038 1338 5088; x_wconf 74' lang='grc' dir='ltr'><strong>καὶ</strong></span> <span class='ocrx_word' id='word_1_684' title='bbox 1371 5043 1458 5088; x_wconf 77' lang='grc' dir='ltr'><strong>τὸν</strong></span> <span class='ocrx_word' id='word_1_685' title='bbox 1495 5036 1701 5102; x_wconf 77' lang='grc' dir='ltr'>θηταυ·</span> 
     </span>
    </p>
   </div>
   <div class='ocr_carea' id='block_1_89' title="bbox 149 5125 1708 5201">
    <p class='ocr_par' dir='ltr' id='par_1_89' title="bbox 149 5125 1708 5201">
     <span class='ocr_line' id='line_1_89' title="bbox 149 5125 1708 5201; baseline -0.008 -11"><span class='ocrx_word' id='word_1_686' title='bbox 149 5125 415 5193; x_wconf 69' lang='grc' dir='ltr'>ροφύλακα</span> <span class='ocrx_word' id='word_1_687' title='bbox 447 5127 822 5201; x_wconf 79' lang='grc' dir='ltr'>δυσθυμοῦντα</span> <span class='ocrx_word' id='word_1_688' title='bbox 848 5129 988 5199; x_wconf 79' lang='grc' dir='ltr'>ὁρῶν</span> <span class='ocrx_word' id='word_1_689' title='bbox 1019 5133 1143 5192; x_wconf 77' lang='grc' dir='ltr'>τοὺς</span> <span class='ocrx_word' id='word_1_690' title='bbox 1181 5129 1512 5196; x_wconf 76' lang='grc' dir='ltr'>ὁπουδήποτε</span> <span class='ocrx_word' id='word_1_691' title='bbox 1544 5129 1708 5178; x_wconf 40' lang='grc' dir='ltr'>πλευ-</span> 
     </span>
    </p>
   </div>
   <div class='ocr_carea' id='block_1_90' title="bbox 213 5306 1696 5383">
    <p class='ocr_par' dir='ltr' id='par_1_90' title="bbox 213 5306 1696 5383">
     <span class='ocr_line' id='line_1_90' title="bbox 213 5306 1696 5383; baseline -0.003 -18"><span class='ocrx_word' id='word_1_692' title='bbox 213 5306 320 5376; x_wconf 87' lang='grc'><strong>(61)</strong></span> <span class='ocrx_word' id='word_1_693' title='bbox 344 5311 648 5383; x_wconf 82' lang='lat' dir='ltr'><strong>Antequam</strong></span> <span class='ocrx_word' id='word_1_694' title='bbox 686 5313 750 5367; x_wconf 90' lang='lat' dir='ltr'><strong>ad</strong></span> <span class='ocrx_word' id='word_1_695' title='bbox 774 5313 1061 5383; x_wconf 87' lang='lat' dir='ltr'><strong>sequentia</strong></span> <span class='ocrx_word' id='word_1_696' title='bbox 1094 5312 1434 5382; x_wconf 86' lang='lat' dir='ltr'><strong>progrediar,</strong></span> <span class='ocrx_word' id='word_1_697' title='bbox 1463 5323 1696 5383; x_wconf 86' lang='lat' dir='ltr'><strong>monen-</strong></span> 
     </span>
    </p>
   </div>
   <div class='ocr_carea' id='block_1_91' title="bbox 151 5377 1709 5452">
    <p class='ocr_par' dir='ltr' id='par_1_91' title="bbox 151 5377 1709 5452">
     <span class='ocr_line' id='line_1_91' title="bbox 151 5377 1709 5452; baseline 0.001 -21"><span class='ocrx_word' id='word_1_698' title='bbox 151 5377 242 5452; x_wconf 65' lang='lat' dir='ltr'><strong>dos</strong></span> <span class='ocrx_word' id='word_1_699' title='bbox 273 5394 394 5434; x_wconf 78' lang='lat' dir='ltr'><strong>esse</strong></span> <span class='ocrx_word' id='word_1_700' title='bbox 449 5377 680 5438; x_wconf 76' lang='lat' dir='ltr'><strong>lectores</strong></span> <span class='ocrx_word' id='word_1_701' title='bbox 729 5377 1008 5450; x_wconf 75' lang='lat' dir='ltr'><strong>exisiimo,</strong></span> <span class='ocrx_word' id='word_1_702' title='bbox 1051 5377 1107 5436; x_wconf 78' lang='lat' dir='ltr'><strong>in</strong></span> <span class='ocrx_word' id='word_1_703' title='bbox 1157 5377 1404 5452; x_wconf 73' lang='lat' dir='ltr'><strong>pluribus</strong></span> <span class='ocrx_word' id='word_1_704' title='bbox 1453 5381 1709 5434; x_wconf 84' lang='lat' dir='ltr'><strong>aberrare</strong></span> 
     </span>
    </p>
   </div>
   <div class='ocr_carea' id='block_1_92' title="bbox 148 5442 1713 5522">
    <p class='ocr_par' dir='ltr' id='par_1_92' title="bbox 148 5442 1713 5522">
     <span class='ocr_line' id='line_1_92' title="bbox 148 5442 1713 5522; baseline 0.001 -22"><span class='ocrx_word' id='word_1_705' title='bbox 148 5442 354 5522; x_wconf 58' lang='lat' dir='ltr'><strong>glycam</strong></span> <span class='ocrx_word' id='word_1_706' title='bbox 383 5459 654 5522; x_wconf 87' lang='lat' dir='ltr'><strong>nostrum,</strong></span> <span class='ocrx_word' id='word_1_707' title='bbox 679 5469 799 5522; x_wconf 65' lang='lat' dir='ltr'><strong>qua:</strong></span> <span class='ocrx_word' id='word_1_708' title='bbox 847 5455 913 5508; x_wconf 90' lang='lat' dir='ltr'><strong>ad</strong></span> <span class='ocrx_word' id='word_1_709' title='bbox 949 5442 1614 5521; x_wconf 78' lang='lat' dir='ltr'><strong>Romanosiiiipcratores</strong></span> <span class='ocrx_word' id='word_1_710' title='bbox 1648 5465 1713 5502; x_wconf 92' lang='lat' dir='ltr'><strong>ac</strong></span> 
     </span>
    </p>
   </div>
   <div class='ocr_carea' id='block_1_93' title="bbox 150 5513 1709 5592">
    <p class='ocr_par' dir='ltr' id='par_1_93' title="bbox 150 5513 1709 5592">
     <span class='ocr_line' id='line_1_93' title="bbox 150 5513 1709 5592; baseline 0.004 -26"><span class='ocrx_word' id='word_1_711' title='bbox 150 5513 776 5592; x_wconf 75' lang='lat' dir='ltr'><strong>Constantinopolitanos</strong></span> <span class='ocrx_word' id='word_1_712' title='bbox 805 5525 1086 5592; x_wconf 85' lang='lat' dir='ltr'><strong>pertinent</strong></span> <span class='ocrx_word' id='word_1_713' title='bbox 1121 5540 1134 5576; x_wconf 86' lang='lat'><strong>:</strong></span> <span class='ocrx_word' id='word_1_714' title='bbox 1178 5537 1298 5592; x_wconf 67' lang='lat' dir='ltr'><strong>qua:</strong></span> <span class='ocrx_word' id='word_1_715' title='bbox 1325 5513 1379 5575; x_wconf 73' lang='grc' dir='ltr'>ἐἰ</span> <span class='ocrx_word' id='word_1_716' title='bbox 1415 5522 1482 5575; x_wconf 88' lang='lat' dir='ltr'><strong>ad</strong></span> <span class='ocrx_word' id='word_1_717' title='bbox 1514 5535 1709 5592; x_wconf 74' lang='lat' dir='ltr'><strong>anius-</strong></span> 
     </span>
    </p>
   </div>
   <div class='ocr_carea' id='block_1_94' title="bbox 153 5585 1710 5664">
    <p class='ocr_par' dir='ltr' id='par_1_94' title="bbox 153 5585 1710 5664">
     <span class='ocr_line' id='line_1_94' title="bbox 153 5585 1710 5664; baseline 0.004 -29"><span class='ocrx_word' id='word_1_718' title='bbox 153 5585 242 5637; x_wconf 83' lang='lat' dir='ltr'><strong>sini</strong></span> <span class='ocrx_word' id='word_1_719' title='bbox 266 5597 424 5664; x_wconf 85' lang='lat' dir='ltr'><strong>atque</strong></span> <span class='ocrx_word' id='word_1_720' title='bbox 453 5585 683 5664; x_wconf 61' lang='lat' dir='ltr'><strong>examen</strong></span> <span class='ocrx_word' id='word_1_721' title='bbox 718 5585 1163 5664; x_wconf 74' lang='lat' dir='ltr'><strong>chronologicum</strong></span> <span class='ocrx_word' id='word_1_722' title='bbox 1196 5585 1464 5646; x_wconf 72' lang='lat' dir='ltr'><strong>revocare</strong></span> <span class='ocrx_word' id='word_1_723' title='bbox 1510 5590 1710 5643; x_wconf 79' lang='lat' dir='ltr'><strong>voluis-</strong></span> 
     </span>
    </p>
   </div>
   <div class='ocr_carea' id='block_1_95' title="bbox 153 5659 1714 5734">
    <p class='ocr_par' dir='ltr' id='par_1_95' title="bbox 153 5659 1714 5734">
     <span class='ocr_line' id='line_1_95' title="bbox 153 5659 1714 5734; baseline 0 -23"><span class='ocrx_word' id='word_1_724' title='bbox 153 5665 284 5734; x_wconf 64' lang='lat' dir='ltr'><strong>set“,</strong></span> <span class='ocrx_word' id='word_1_725' title='bbox 332 5659 516 5727; x_wconf 90' lang='lat' dir='ltr'><strong>plures</strong></span> <span class='ocrx_word' id='word_1_726' title='bbox 565 5661 790 5730; x_wconf 76' lang='lat' dir='ltr'><strong>implere</strong></span> <span class='ocrx_word' id='word_1_727' title='bbox 829 5659 1052 5734; x_wconf 75' lang='lat' dir='ltr'><strong>paginas</strong></span> <span class='ocrx_word' id='word_1_728' title='bbox 1106 5673 1159 5717; x_wconf 75' lang='grc' dir='ltr'><strong>ιιι</strong></span> <span class='ocrx_word' id='word_1_729' title='bbox 1209 5665 1406 5730; x_wconf 73' lang='lat' dir='ltr'><strong>ingens</strong></span> <span class='ocrx_word' id='word_1_730' title='bbox 1467 5670 1714 5714; x_wconf 84' lang='lat' dir='ltr'><strong>notarum</strong></span> 
     </span>
    </p>
   </div>
   <div class='ocr_carea' id='block_1_96' title="bbox 155 5725 1710 5800">
    <p class='ocr_par' dir='ltr' id='par_1_96' title="bbox 155 5725 1710 5800">
     <span class='ocr_line' id='line_1_96' title="bbox 155 5725 1710 5800; baseline 0.005 -25"><span class='ocrx_word' id='word_1_731' title='bbox 155 5725 393 5782; x_wconf 79' lang='lat' dir='ltr'><strong>volumen</strong></span> <span class='ocrx_word' id='word_1_732' title='bbox 458 5725 851 5788; x_wconf 75' lang='lat' dir='ltr'><strong>consarcinare</strong></span> <span class='ocrx_word' id='word_1_733' title='bbox 897 5725 1032 5788; x_wconf 68' lang='lat' dir='ltr'><strong>inihi</strong></span> <span class='ocrx_word' id='word_1_734' title='bbox 1095 5750 1234 5800; x_wconf 73' lang='lat' dir='ltr'><strong>Opus</strong></span> <span class='ocrx_word' id='word_1_735' title='bbox 1273 5725 1504 5786; x_wconf 43' lang='lat' dir='ltr'><strong>‘l&#39;uisset.</strong></span> <span class='ocrx_word' id='word_1_736' title='bbox 1571 5734 1710 5784; x_wconf 82' lang='lat' dir='ltr'><strong>Cum</strong></span> 
     </span>
    </p>
   </div>
   <div class='ocr_carea' id='block_1_97' title="bbox 1886 4390 3388 4462">
    <p class='ocr_par' dir='ltr' id='par_1_97' title="bbox 1886 4390 3388 4462">
     <span class='ocr_line' id='line_1_97' title="bbox 1886 4390 3388 4462; baseline 0.001 -18"><span class='ocrx_word' id='word_1_737' title='bbox 1886 4391 2016 4444; x_wconf 89' lang='lat' dir='ltr'><strong>Post</strong></span> <span class='ocrx_word' id='word_1_738' title='bbox 2035 4390 2314 4444; x_wconf 85' lang='lat' dir='ltr'><strong>Tiberium</strong></span> <span class='ocrx_word' id='word_1_739' title='bbox 2345 4390 2512 4444; x_wconf 89' lang='lat' dir='ltr'><strong>Caius</strong></span> <span class='ocrx_word' id='word_1_740' title='bbox 2543 4391 2776 4459; x_wconf 90' lang='lat' dir='ltr'><strong>imperio</strong></span> <span class='ocrx_word' id='word_1_741' title='bbox 2799 4391 2832 4444; x_wconf 74' lang='grc'><strong>4</strong></span> <span class='ocrx_word' id='word_1_742' title='bbox 2853 4407 3026 4447; x_wconf 82' lang='lat' dir='ltr'><strong>annos</strong></span> <span class='ocrx_word' id='word_1_743' title='bbox 3053 4395 3258 4462; x_wconf 90' lang='lat' dir='ltr'><strong>potitus</strong></span> <span class='ocrx_word' id='word_1_744' title='bbox 3284 4403 3388 4447; x_wconf 86' lang='lat' dir='ltr'><strong>est.</strong></span> 
     </span>
    </p>
   </div>
   <div class='ocr_carea' id='block_1_98' title="bbox 1812 4469 3389 4553">
    <p class='ocr_par' dir='ltr' id='par_1_98' title="bbox 1812 4469 3389 4553">
     <span class='ocr_line' id='line_1_98' title="bbox 1812 4469 3389 4553; baseline -0.002 -13"><span class='ocrx_word' id='word_1_745' title='bbox 1812 4485 1863 4540; x_wconf 86' lang='lat' dir='ltr'><strong>Is</strong></span> <span class='ocrx_word' id='word_1_746' title='bbox 1889 4499 2014 4538; x_wconf 91' lang='lat' dir='ltr'><strong>cum</strong></span> <span class='ocrx_word' id='word_1_747' title='bbox 2051 4483 2221 4536; x_wconf 88' lang='lat' dir='ltr'><strong>multa</strong></span> <span class='ocrx_word' id='word_1_748' title='bbox 2253 4469 2552 4536; x_wconf 61' lang='lat' dir='ltr'><strong>crudelitEr</strong></span> <span class='ocrx_word' id='word_1_749' title='bbox 2595 4484 2888 4536; x_wconf 89' lang='lat' dir='ltr'><strong>admodum</strong></span> <span class='ocrx_word' id='word_1_750' title='bbox 2942 4485 3303 4553; x_wconf 88' lang='lat' dir='ltr'><strong>designasset,</strong></span> <span class='ocrx_word' id='word_1_751' title='bbox 3360 4501 3389 4537; x_wconf 88' lang='lat' dir='ltr'><strong>a</strong></span> 
     </span>
    </p>
   </div>
   <div class='ocr_carea' id='block_1_99' title="bbox 1815 4571 3390 4628">
    <p class='ocr_par' dir='ltr' id='par_1_99' title="bbox 1815 4571 3390 4628">
     <span class='ocr_line' id='line_1_99' title="bbox 1815 4571 3390 4628; baseline -0.002 0"><span class='ocrx_word' id='word_1_752' title='bbox 1815 4573 2164 4628; x_wconf 76' lang='lat' dir='ltr'><strong>militibusin</strong></span> <span class='ocrx_word' id='word_1_753' title='bbox 2205 4571 2400 4625; x_wconf 87' lang='lat' dir='ltr'><strong>balneo</strong></span> <span class='ocrx_word' id='word_1_754' title='bbox 2425 4579 2649 4625; x_wconf 83' lang='lat' dir='ltr'><strong>necatus</strong></span> <span class='ocrx_word' id='word_1_755' title='bbox 2672 4581 2774 4626; x_wconf 91' lang='lat' dir='ltr'><strong>est.</strong></span> <span class='ocrx_word' id='word_1_756' title='bbox 2813 4572 2948 4625; x_wconf 87' lang='lat' dir='ltr'><strong>Nam</strong></span> <span class='ocrx_word' id='word_1_757' title='bbox 2980 4577 3207 4626; x_wconf 85' lang='lat' dir='ltr'><strong>moleste</strong></span> <span class='ocrx_word' id='word_1_758' title='bbox 3247 4573 3390 4626; x_wconf 83' lang='lat' dir='ltr'><strong>fcre-</strong></span> 
     </span>
    </p>
   </div>
   <div class='ocr_carea' id='block_1_100' title="bbox 1814 4663 3392 4734">
    <p class='ocr_par' dir='ltr' id='par_1_100' title="bbox 1814 4663 3392 4734">
     <span class='ocr_line' id='line_1_100' title="bbox 1814 4663 3392 4734; baseline -0.003 -14"><span class='ocrx_word' id='word_1_759' title='bbox 1814 4667 1961 4730; x_wconf 89' lang='lat' dir='ltr'><strong>bant,</strong></span> <span class='ocrx_word' id='word_1_760' title='bbox 1991 4665 2134 4734; x_wconf 90' lang='lat' dir='ltr'><strong>quod</strong></span> <span class='ocrx_word' id='word_1_761' title='bbox 2170 4678 2296 4717; x_wconf 91' lang='lat' dir='ltr'><strong>eum</strong></span> <span class='ocrx_word' id='word_1_762' title='bbox 2323 4663 2589 4716; x_wconf 86' lang='lat' dir='ltr'><strong>vidissent</strong></span> <span class='ocrx_word' id='word_1_763' title='bbox 2622 4664 2897 4732; x_wconf 84' lang='lat' dir='ltr'><strong>propriam</strong></span> <span class='ocrx_word' id='word_1_764' title='bbox 2926 4665 3088 4717; x_wconf 78' lang='lat' dir='ltr'><strong>tiliam</strong></span> <span class='ocrx_word' id='word_1_765' title='bbox 3128 4666 3194 4718; x_wconf 89' lang='lat' dir='ltr'><strong>ad</strong></span> <span class='ocrx_word' id='word_1_766' title='bbox 3220 4666 3392 4718; x_wconf 84' lang='lat' dir='ltr'><strong>simn-</strong></span> 
     </span>
    </p>
   </div>
   <div class='ocr_carea' id='block_1_101' title="bbox 1811 4756 3386 4827">
    <p class='ocr_par' dir='ltr' id='par_1_101' title="bbox 1811 4756 3386 4827">
     <span class='ocr_line' id='line_1_101' title="bbox 1811 4756 3386 4827; baseline -0.002 -15"><span class='ocrx_word' id='word_1_767' title='bbox 1811 4760 2020 4812; x_wconf 89' lang='lat' dir='ltr'><strong>lacrum</strong></span> <span class='ocrx_word' id='word_1_768' title='bbox 2044 4756 2318 4826; x_wconf 86' lang='lat' dir='ltr'><strong>quoddam</strong></span> <span class='ocrx_word' id='word_1_769' title='bbox 2351 4768 2476 4810; x_wconf 88' lang='lat' dir='ltr'><strong>cum</strong></span> <span class='ocrx_word' id='word_1_770' title='bbox 2508 4756 2824 4827; x_wconf 84' lang='lat' dir='ltr'><strong>hujusmodi</strong></span> <span class='ocrx_word' id='word_1_771' title='bbox 2853 4758 3036 4810; x_wconf 81' lang='lat' dir='ltr'><strong>verbis</strong></span> <span class='ocrx_word' id='word_1_772' title='bbox 3073 4757 3386 4810; x_wconf 82' lang='lat' dir='ltr'><strong>adducere:</strong></span> 
     </span>
    </p>
   </div>
   <div class='ocr_carea' id='block_1_102' title="bbox 1820 4849 3385 4918">
    <p class='ocr_par' dir='ltr' id='par_1_102' title="bbox 1820 4849 3385 4918">
     <span class='ocr_line' id='line_1_102' title="bbox 1820 4849 3385 4918; baseline -0.002 -15"><span class='ocrx_word' id='word_1_773' title='bbox 1820 4871 1838 4903; x_wconf 81' lang='grc' dir='ltr'><strong>ι</strong></span> <span class='ocrx_word' id='word_1_774' title='bbox 1867 4851 1946 4904; x_wconf 87' lang='grc' dir='ltr'><strong>Τιι</strong></span> <span class='ocrx_word' id='word_1_775' title='bbox 1987 4861 2138 4918; x_wconf 88' lang='lat' dir='ltr'><strong>pater</strong></span> <span class='ocrx_word' id='word_1_776' title='bbox 2172 4849 2332 4918; x_wconf 85' lang='lat' dir='ltr'><strong>hujus</strong></span> <span class='ocrx_word' id='word_1_777' title='bbox 2371 4863 2449 4911; x_wconf 90' lang='lat' dir='ltr'><strong>es,</strong></span> <span class='ocrx_word' id='word_1_778' title='bbox 2497 4859 2551 4901; x_wconf 89' lang='lat' dir='ltr'><strong>tu</strong></span> <span class='ocrx_word' id='word_1_779' title='bbox 2609 4851 2748 4902; x_wconf 85' lang='lat' dir='ltr'><strong>hanc</strong></span> <span class='ocrx_word' id='word_1_780' title='bbox 2796 4850 3115 4917; x_wconf 83' lang='lat' dir='ltr'><strong>procreasti.</strong></span> <span class='ocrx_word' id='word_1_781' title='bbox 3175 4868 3192 4899; x_wconf 72' lang='grc' dir='ltr'><strong>ι</strong></span> <span class='ocrx_word' id='word_1_782' title='bbox 3235 4850 3385 4902; x_wconf 72' lang='lat' dir='ltr'><strong>Sule~</strong></span> 
     </span>
    </p>
   </div>
   <div class='ocr_carea' id='block_1_103' title="bbox 1814 4939 3380 5008">
    <p class='ocr_par' dir='ltr' id='par_1_103' title="bbox 1814 4939 3380 5008">
     <span class='ocr_line' id='line_1_103' title="bbox 1814 4939 3380 5008; baseline -0.003 -13"><span class='ocrx_word' id='word_1_783' title='bbox 1814 4941 1907 4995; x_wconf 85' lang='lat' dir='ltr'><strong>bat</strong></span> <span class='ocrx_word' id='word_1_784' title='bbox 1955 4940 2118 4994; x_wconf 87' lang='lat' dir='ltr'><strong>Caius</strong></span> <span class='ocrx_word' id='word_1_785' title='bbox 2175 4949 2315 4993; x_wconf 85' lang='lat' dir='ltr'><strong>totas</strong></span> <span class='ocrx_word' id='word_1_786' title='bbox 2369 4947 2555 4992; x_wconf 79' lang='lat' dir='ltr'><strong>noctes</strong></span> <span class='ocrx_word' id='word_1_787' title='bbox 2587 4939 2718 4993; x_wconf 67' lang='lat' dir='ltr'><strong>aleae</strong></span> <span class='ocrx_word' id='word_1_788' title='bbox 2751 4941 2872 4993; x_wconf 88' lang='lat' dir='ltr'><strong>lusu</strong></span> <span class='ocrx_word' id='word_1_789' title='bbox 2913 4941 3232 5008; x_wconf 83' lang='lat' dir='ltr'><strong>transigere.</strong></span> <span class='ocrx_word' id='word_1_790' title='bbox 3267 4940 3380 5004; x_wconf 79' lang='lat' dir='ltr'><strong>Qua</strong></span> 
     </span>
    </p>
   </div>
   <div class='ocr_carea' id='block_1_104' title="bbox 1815 5031 3377 5103">
    <p class='ocr_par' dir='ltr' id='par_1_104' title="bbox 1815 5031 3377 5103">
     <span class='ocr_line' id='line_1_104' title="bbox 1815 5031 3377 5103; baseline -0.002 -18"><span class='ocrx_word' id='word_1_791' title='bbox 1815 5033 2196 5103; x_wconf 87' lang='lat' dir='ltr'><strong>prodigalitate</strong></span> <span class='ocrx_word' id='word_1_792' title='bbox 2227 5031 2426 5084; x_wconf 84' lang='lat' dir='ltr'><strong>factum</strong></span> <span class='ocrx_word' id='word_1_793' title='bbox 2455 5044 2541 5084; x_wconf 86' lang='lat' dir='ltr'><strong>est</strong></span> <span class='ocrx_word' id='word_1_794' title='bbox 2573 5043 2631 5085; x_wconf 92' lang='lat' dir='ltr'><strong>ut</strong></span> <span class='ocrx_word' id='word_1_795' title='bbox 2663 5033 2881 5086; x_wconf 88' lang='lat' dir='ltr'><strong>tandem</strong></span> <span class='ocrx_word' id='word_1_796' title='bbox 2915 5047 3082 5101; x_wconf 86' lang='lat' dir='ltr'><strong>egens</strong></span> <span class='ocrx_word' id='word_1_797' title='bbox 3125 5046 3377 5098; x_wconf 85' lang='lat' dir='ltr'><strong>magnum</strong></span> 
     </span>
    </p>
   </div>
   <div class='ocr_carea' id='block_1_105' title="bbox 1814 5123 3378 5193">
    <p class='ocr_par' dir='ltr' id='par_1_105' title="bbox 1814 5123 3378 5193">
     <span class='ocr_line' id='line_1_105' title="bbox 1814 5123 3378 5193; baseline -0.003 -14"><span class='ocrx_word' id='word_1_798' title='bbox 1814 5127 1868 5181; x_wconf 86' lang='lat' dir='ltr'><strong>in</strong></span> <span class='ocrx_word' id='word_1_799' title='bbox 1919 5140 2210 5178; x_wconf 71' lang='lat' dir='ltr'><strong>mwroreni</strong></span> <span class='ocrx_word' id='word_1_800' title='bbox 2260 5123 2547 5176; x_wconf 85' lang='lat' dir='ltr'><strong>incideret.</strong></span> <span class='ocrx_word' id='word_1_801' title='bbox 2607 5123 2738 5176; x_wconf 74' lang='lat' dir='ltr'><strong>Nam</strong></span> <span class='ocrx_word' id='word_1_802' title='bbox 2795 5139 3016 5193; x_wconf 84' lang='lat' dir='ltr'><strong>prorsus</strong></span> <span class='ocrx_word' id='word_1_803' title='bbox 3057 5123 3378 5177; x_wconf 83' lang='lat' dir='ltr'><strong>exhausuim</strong></span> 
     </span>
    </p>
   </div>
   <div class='ocr_carea' id='block_1_106' title="bbox 1806 5300 3377 5383">
    <p class='ocr_par' dir='ltr' id='par_1_106' title="bbox 1806 5300 3377 5383">
     <span class='ocr_line' id='line_1_106' title="bbox 1806 5300 3377 5383; baseline -0.009 -21"><span class='ocrx_word' id='word_1_804' title='bbox 1806 5307 2012 5377; x_wconf 87' lang='lat' dir='ltr'><strong>aliquid</strong></span> <span class='ocrx_word' id='word_1_805' title='bbox 2063 5305 2597 5383; x_wconf 86' lang='lat' dir='ltr'><strong>_dubii_occurrerit,</strong></span> <span class='ocrx_word' id='word_1_806' title='bbox 2641 5306 2706 5360; x_wconf 91' lang='lat' dir='ltr'><strong>ad</strong></span> <span class='ocrx_word' id='word_1_807' title='bbox 2779 5305 3072 5383; x_wconf 79' lang='lat' dir='ltr'><strong>scriptores</strong></span> <span class='ocrx_word' id='word_1_808' title='bbox 3149 5300 3377 5366; x_wconf 64' lang='grc' dir='ltr'>συγκρό-</span> 
     </span>
    </p>
   </div>
   <div class='ocr_carea' id='block_1_107' title="bbox 1814 5373 3367 5450">
    <p class='ocr_par' dir='ltr' id='par_1_107' title="bbox 1814 5373 3367 5450">
     <span class='ocr_line' id='line_1_107' title="bbox 1814 5373 3367 5450; baseline -0.007 -19"><span class='ocrx_word' id='word_1_809' title='bbox 1814 5373 1934 5438; x_wconf 73' lang='grc' dir='ltr'>νου“ς</span> <span class='ocrx_word' id='word_1_810' title='bbox 1975 5381 2144 5430; x_wconf 86' lang='lat' dir='ltr'><strong>satius</strong></span> <span class='ocrx_word' id='word_1_811' title='bbox 2173 5377 2278 5431; x_wconf 90' lang='lat' dir='ltr'><strong>erit</strong></span> <span class='ocrx_word' id='word_1_812' title='bbox 2310 5392 2620 5450; x_wconf 77' lang='lat' dir='ltr'><strong>recurrere,</strong></span> <span class='ocrx_word' id='word_1_813' title='bbox 2687 5392 2850 5445; x_wconf 87' lang='lat' dir='ltr'><strong>quam</strong></span> <span class='ocrx_word' id='word_1_814' title='bbox 2895 5373 3136 5450; x_wconf 73' lang='lat' dir='ltr'><strong>turbidos</strong></span> <span class='ocrx_word' id='word_1_815' title='bbox 3187 5383 3367 5446; x_wconf 77' lang='lat' dir='ltr'><strong>recen-</strong></span> 
     </span>
    </p>
   </div>
   <div class='ocr_carea' id='block_1_108' title="bbox 1817 5441 3372 5520">
    <p class='ocr_par' dir='ltr' id='par_1_108' title="bbox 1817 5441 3372 5520">
     <span class='ocr_line' id='line_1_108' title="bbox 1817 5441 3372 5520; baseline -0.004 -18"><span class='ocrx_word' id='word_1_816' title='bbox 1817 5449 2015 5502; x_wconf 88' lang='lat' dir='ltr'><strong>tiorum</strong></span> <span class='ocrx_word' id='word_1_817' title='bbox 2055 5458 2382 5514; x_wconf 82' lang='lat' dir='ltr'><strong>arenteSque</strong></span> <span class='ocrx_word' id='word_1_818' title='bbox 2405 5447 2613 5500; x_wconf 84' lang='lat' dir='ltr'><strong>rivulos</strong></span> <span class='ocrx_word' id='word_1_819' title='bbox 2634 5441 2985 5520; x_wconf 46' lang='lat' dir='ltr'><strong>COl-lSthlaI&#39;i.&#39;</strong></span> <span class='ocrx_word' id='word_1_820' title='bbox 3015 5441 3104 5520; x_wconf 66' lang='lat' dir='ltr'><strong>llis</strong></span> <span class='ocrx_word' id='word_1_821' title='bbox 3129 5441 3372 5520; x_wconf 47' lang='lat' dir='ltr'><strong>praemi-$-</strong></span> 
     </span>
    </p>
   </div>
   <div class='ocr_carea' id='block_1_109' title="bbox 1816 5506 3378 5590">
    <p class='ocr_par' dir='ltr' id='par_1_109' title="bbox 1816 5506 3378 5590">
     <span class='ocr_line' id='line_1_109' title="bbox 1816 5506 3378 5590; baseline -0.005 -19"><span class='ocrx_word' id='word_1_822' title='bbox 1816 5521 1894 5572; x_wconf 90' lang='lat' dir='ltr'><strong>sis</strong></span> <span class='ocrx_word' id='word_1_823' title='bbox 1932 5521 2137 5586; x_wconf 84' lang='lat' dir='ltr'><strong>reliqua</strong></span> <span class='ocrx_word' id='word_1_824' title='bbox 2173 5506 2477 5590; x_wconf 75' lang='lat' dir='ltr'><strong>pertexam,</strong></span> <span class='ocrx_word' id='word_1_825' title='bbox 2521 5533 2726 5590; x_wconf 86' lang='lat' dir='ltr'><strong>memor</strong></span> <span class='ocrx_word' id='word_1_826' title='bbox 2774 5510 3158 5590; x_wconf 38' lang='lat' dir='ltr'><strong>proposilih&#39;ac</strong></span> <span class='ocrx_word' id='word_1_827' title='bbox 3199 5506 3378 5590; x_wconf 47' lang='lat' dir='ltr'><strong>brevi-</strong></span> 
     </span>
    </p>
   </div>
   <div class='ocr_carea' id='block_1_110' title="bbox 1817 5576 3378 5656">
    <p class='ocr_par' dir='ltr' id='par_1_110' title="bbox 1817 5576 3378 5656">
     <span class='ocr_line' id='line_1_110' title="bbox 1817 5576 3378 5656; baseline -0.007 -16"><span class='ocrx_word' id='word_1_828' title='bbox 1817 5589 1938 5646; x_wconf 81' lang='lat' dir='ltr'><strong>tati.</strong></span> <span class='ocrx_word' id='word_1_829' title='bbox 1972 5576 2234 5656; x_wconf 61' lang='lat' dir='ltr'><strong>quantum</strong></span> <span class='ocrx_word' id='word_1_830' title='bbox 2280 5576 2483 5652; x_wconf 73' lang='lat' dir='ltr'><strong>licebit,</strong></span> <span class='ocrx_word' id='word_1_831' title='bbox 2517 5587 2751 5640; x_wconf 84' lang='lat' dir='ltr'><strong>stndcbo</strong></span> <span class='ocrx_word' id='word_1_832' title='bbox 2775 5576 2795 5635; x_wconf 76' lang='grc' dir='ltr'><strong>ἐ</strong></span> <span class='ocrx_word' id='word_1_833' title='bbox 2829 5576 2892 5656; x_wconf 65' lang='lat' dir='ltr'><strong>ne</strong></span> <span class='ocrx_word' id='word_1_834' title='bbox 2927 5578 3116 5656; x_wconf 75' lang='lat' dir='ltr'><strong>similis</strong></span> <span class='ocrx_word' id='word_1_835' title='bbox 3143 5576 3378 5656; x_wconf 68' lang='lat' dir='ltr'><strong>nonnul-</strong></span> 
     </span>
    </p>
   </div>
   <div class='ocr_carea' id='block_1_111' title="bbox 1778 5646 3376 5726">
    <p class='ocr_par' dir='ltr' id='par_1_111' title="bbox 1778 5646 3376 5726">
     <span class='ocr_line' id='line_1_111' title="bbox 1778 5646 3376 5726; baseline -0.008 -16"><span class='ocrx_word' id='word_1_836' title='bbox 1778 5669 1783 5674; x_wconf 85' lang='lat'>&#39;</span> <span class='ocrx_word' id='word_1_837' title='bbox 1819 5659 1889 5710; x_wconf 87' lang='lat' dir='ltr'><strong>lis</strong></span> <span class='ocrx_word' id='word_1_838' title='bbox 1913 5646 2138 5717; x_wconf 74' lang='lat' dir='ltr'><strong>ellieiar,</strong></span> <span class='ocrx_word' id='word_1_839' title='bbox 2169 5658 2264 5726; x_wconf 87' lang='lat' dir='ltr'><strong>qui</strong></span> <span class='ocrx_word' id='word_1_840' title='bbox 2297 5646 2594 5710; x_wconf 74' lang='lat' dir='ltr'><strong>adnotandi</strong></span> <span class='ocrx_word' id='word_1_841' title='bbox 2628 5657 2832 5708; x_wconf 89' lang='lat' dir='ltr'><strong>nullum</strong></span> <span class='ocrx_word' id='word_1_842' title='bbox 2865 5646 3275 5726; x_wconf 34' lang='lat' dir='ltr'><strong>tinent-faciunt,</strong></span> <span class='ocrx_word' id='word_1_843' title='bbox 3311 5657 3376 5698; x_wconf 90' lang='lat' dir='ltr'><strong>ac</strong></span> 
     </span>
    </p>
   </div>
   <div class='ocr_carea' id='block_1_112' title="bbox 1816 5717 3067 5798">
    <p class='ocr_par' dir='ltr' id='par_1_112' title="bbox 1816 5717 3067 5798">
     <span class='ocr_line' id='line_1_112' title="bbox 1816 5717 3067 5798; baseline -0.006 -16"><span class='ocrx_word' id='word_1_844' title='bbox 1816 5728 2052 5782; x_wconf 75' lang='lat' dir='ltr'><strong>trivialia</strong></span> <span class='ocrx_word' id='word_1_845' title='bbox 2081 5717 2308 5798; x_wconf 71' lang='grc' dir='ltr'>ιμιςιῖιμιυ</span> <span class='ocrx_word' id='word_1_846' title='bbox 2341 5730 2392 5780; x_wconf 90' lang='lat' dir='ltr'><strong>in</strong></span> <span class='ocrx_word' id='word_1_847' title='bbox 2421 5727 2694 5781; x_wconf 89' lang='lat' dir='ltr'><strong>cumulum</strong></span> <span class='ocrx_word' id='word_1_848' title='bbox 2723 5717 3067 5786; x_wconf 57' lang='lat' dir='ltr'><strong>congerendi.</strong></span> 
     </span>
    </p>
   </div>
  </div>
