3794 6226
391 349 495 411 4H

1682 338 1731 396 Μ
1747 335 2108 396 ICIIAELIS
2148 332 2410 394 GLYCE
2992 346 3001 361 ’
3549 329 3638 391 Uti

391 474 512 519 crat
541 463 816 516 a'rarium.
846 460 1193 527 Quapropter
1216 466 1341 508 eum
1376 448 1502 519 ejus
1539 448 1616 503 rei
1647 462 1814 503 causa
1833 460 1969 517 prae-

2094 446 2231 509 ςίους
2259 442 2624 514 ἀναιρεθῆναι
2649 441 2863 497 κελεύει
2891 442 2986 496 καὶ
3009 440 3109 504 τὰς
3137 437 3317 494 αὐτῶν
3344 445 3640 508 περιουσίας

393 560 598 613 fectum
628 553 824 608 aerario
859 552 1071 605 tristem
1115 547 1418 616 imperator
1449 542 1746 612 aliquando
1775 554 1973 595 cerne-

396 638 685 718 rct,~jussit
720 654 783 699 ut
809 636 1002 698 omnes
1027 638 1334 707 locupletes
1364 650 1394 689 e
1422 633 1602 688 medio
1650 629 1978 687 tollerentur

395 752 697 807 eorumque
726 733 1017 808 facultates
1050 727 1454 796 diriperentur.
1504 722 1652 777 Idem
1707 736 1831 776 cum
1873 719 1981 772 Ro-

2083 537 2300 592 λαϐεῖν.
2338 531 2508 600 Οὗτος
2536 538 2597 589 ὲν
2637 535 2902 605 στενωπῷ
2937 537 3032 604 τῆς
3074 531 3296 603 Ῥώμης
3341 530 3506 600 πηλὸν
3538 534 3644 586 θεα-

2084 625 2322 694 σάμενος
2371 626 2597 689 κόλποις
2628 624 3043 678 Οὐεσπασιανοῦ
3086 621 3182 677 τοῦ
3209 624 3641 692 στρατηγικωτὰ-

2084 735 2179 770 του
2207 717 2475 788 βληθῆναι
2503 717 2835 786 προσέταξε.

395 854 494 891 tua:
518 834 754 904 quodam
796 832 851 885 in
893 828 1186 900 angiportu
1220 826 1399 879 lutntn
1459 822 1692 887 videret,
1741 814 2021 873 mandavit
2061 828 2121 870 ut
2169 817 2223 870 in
2264 815 2446 871 sinum
2492 814 2834 885 Vespasiani,
2901 812 3003 867 viri
3040 809 3460 876 bellicosissimi,
3494 811 3645 882 conji-

394 940 633 984 (ιρι-σιω.

468 1024 583 1077 l-loc
623 1030 870 1089 tempore
901 1015 1120 1086 sapiens
1153 1013 1242 1067 ille
1287 1010 1447 1065 Philo
1477 1017 1533 1063 et
1559 1004 1831 1075 Iosephus
1861 1003 1972 1057 cla-

397 1125 646 1171 ruerunt.
680 1112 955 1181 Josephus
979 1107 1225 1162 veritatis
1256 1118 1449 1158 amans
1475 1098 1707 1155 exstitit.
1756 1097 1890 1151 Nam
1919 1102 1977 1149 et

397 1207 701 1277 Baptislam
726 1203 938 1257 Domini
964 1199 1170 1263 laudat,
1206 1204 1262 1251 et
1298 1195 1576 1248 Christum
1613 1188 1978 1245 consimiliter

397 1286 573 1363 virum
629 1297 932 1366 sapientem
964 1304 1399 1361 magnorumque
1442 1285 1819 1357 prodigiorum
1847 1279 1978 1335 ell'e-

396 1406 604 1450 ctorem
634 1389 892 1459 appellat,
930 1402 992 1440 ac
1022 1394 1375 1455 posteaquam
1428 1377 1729 1435 crucifixus
1758 1373 1974 1438 fuisset,

396 1487 486 1540 die
520 1484 682 1538 tertio
717 1482 897 1533 vivum
930 1485 1291 1544 conspectum
1320 1488 1441 1526 esse
1467 1470 1654 1524 tradit.
1685 1468 1975 1529 Cancrum,

393 1579 593 1633 dilecte
625 1572 723 1637 fili,
759 1569 949 1624 mirari
975 1568 1166 1623 desine
1200 1566 1370 1622 fuisse
1402 1563 1675 1643 Barbaros
1708 1557 1979 1630 quosdam

394 1670 492 1740 qui
552 1664 772 1720 virtutis
798 1670 883 1735 {et
940 1659 1158 1714 honesti
1196 1672 1383 1711 amore
1434 1656 1792 1710 ducerentur.
1843 1650 1980 1706 Nam

394 1778 519 1817 cum
569 1758 851 1812 hominem
910 1753 1141 1823 lingeret
1194 1750 1362 1811 Deus,
1420 1747 1604 1801 eidem
1647 1742 1869 1799 honesti
1927 1748 1983 1796 et

2159 1001 2293 1054 Τότε
2326 1001 2391 1072 δὴ
2421 1003 2543 1055 τότε
2577 1000 2752 1055 Φίλων
2783 1002 2811 1055 ὁ
2847 999 3009 1069 σοφὸς
3053 1000 3146 1054 καὶ
3180 998 3444 1071 Ἰώσηπος
3480 1001 3645 1070 ἢκμα-

2084 1096 2196 1159 ζον.
2222 1088 2392 1157 Οὗτος
2431 1094 2494 1164 δὴ
2537 1092 2838 1164 φιλαλήθης
2868 1091 3086 1160 ἐλέγετο
3122 1092 3212 1146 διά
3237 1110 3301 1160 γε
3340 1093 3402 1146 τὸ
3439 1094 3526 1147 τὸν
3554 1093 3645 1146 Βι-

2085 1187 2316 1256 πτιστὴν
2337 1188 2430 1240 τοῦ
2468 1189 2673 1256 Κυρίου
2703 1188 2962 1250 ἐπαινεῖν,
2988 1186 3083 1239 καὶ
3109 1186 3197 1240 διὰ
3219 1187 3282 1239 τὸ
3317 1187 3408 1240 τὸν
3432 1189 3645 1259 Χριστδν

2082 1279 2286 1347 ὁμοίως
2309 1280 2476 1351 ἄνδρα
2502 1281 2669 1349 σοφὶν
2691 1281 2995 1349 μαρτυρεῖν
3018 1280 3114 1332 καὶ
3144 1280 3398 1348 μεγάλων
3421 1281 3645 1347 σημείων

2085 1373 2346 1442 ἐργάτην,
2385 1372 2772 1442 σταυρωθέντα
2814 1372 2871 1425 δὲ
2907 1372 3085 1437 ζῶντα
3107 1375 3346 1443 φανῆναι
3389 1373 3642 1442 μετᾶτρί-

2079 1482 2178 1529 την
2213 1464 2449 1535 ἡμέραν.
2485 1462 2557 1516 Σὺ
2597 1464 2677 1530 δὲ,
2715 1464 2990 1533 ἁγαπητὲ,
3036 1465 3111 1534 μὴ
3142 1463 3390 1534 θαύμαζε
3423 1466 3537 1533 εἴγε
3565 1468 3644 1521 καὶ

2083 1555 2352 1625 βάρδαροί
2398 1573 2546 1618 τινες
2595 1555 2913 1626 προείλοντο
2965 1557 3034 1609 τὰ
3070 1556 3247 1610 καλά’
3299 1557 3392 1609 τὸν
3423 1557 3531 1627 γὰρ
3566 1559 3645 1610 ἄγε

2082 1649 2302 1717 θρωπον
2345 1646 2603 1699 πλάττων
2651 1647 2680 1699 ὀ
2723 1646 2856 1708 Θεὸς
2898 1645 3208 1700 ἐντέθεικεν
3240 1646 3394 1718 αὐτῷ
3436 1648 3644 1716 τὴνίτσῖ

2084 1737 2252 1791 καλοῦ
2293 1738 2387 1790 καὶ
2441 1737 2614 1790 uno;
2686 1737 2997 1805 διάγνωσιν.
3052 1738 3257 1807 Διόπερ
3288 1738 3351 1791 οὐ
3399 1739 3560 1807 μόνον
3605 1739 3647 1791 oi

395 1853 545 1921 pravi
592 1848 893 1904 discrimen
941 1843 1166 1899 indidit.
1216 1841 1335 1906 Quo
1378 1838 1580 1893 factum
1626 1843 1711 1891 est
1748 1842 1810 1888 ut
1864 1849 1969 1888 non

2094 1830 2215 1901 περὶ
2254 1832 2346 1883 τὶν
2386 1829 2647 1883 Πλάτωνα
2696 1829 2786 1881 τὸν
2824 1828 3013 1883 ἄδικον
3054 1828 3169 1899 βίον
3194 1830 3492 1900 ἐμίσησαν,
3529 1830 3647 1885 ἀλλὰ

395 1943 638 2001 Platonis
669 1940 833 1995 modo
859 1946 1168 1994 sectatores
1202 1933 1372 1987 vitam
1423 1931 1688 2002 injustam
1721 1938 1780 1983 et
1819 1926 1989 1981 scele-

397 2047 575 2093 ratam
615 2034 745 2089 odio
796 2029 1077 2104 prosecuti
1133 2027 1264 2089 sint,
1293 2039 1482 2078 verum
1535 2023 1700 2077 etiam
1739 2020 1990 2076 homines

396 2129 618 2184 barbari
651 2143 761 2181 non
818 2123 1000 2193 pauci.
1037 2117 1367 2188 Accepimus
1406 2114 1553 2169 enim
1609 2110 1991 2183 Hyperboreos

399 2221 666 2292 quosdam
714 2219 858 2273 ultra
902 2214 1162 2283 Riphaeos
1206 2216 1422 2264 montes
1473 2205 1745 2267 habitare,
1779 2203 1872 2273 qui
1904 2203 1993 2273 ju-

399 2313 603 2368 stitiam
633 2309 879 2364 studiose
926 2305 1134 2368 colant,
1185 2301 1559 2368 arborumque
1604 2296 1880 2351 fructibus
1928 2304 1985 2351 ct

398 2420 541 2473 aqua
571 2403 845 2457 victitent.
900 2396 1095 2451 Itidem
1132 2392 1502 2447 Brachmanas
1540 2389 1592 2443 in
1641 2388 1848 2442 virtute
1894 2403 1985 2440 co-

400 2496 559 2551 lenda
588 2507 752 2564 supra
784 2487 1006 2544 modum
1034 2488 1334 2540 humanum
1359 2496 1622 2537 exercere
1649 2493 1710 2535 se
1739 2479 1981 2542 tradunt,

401 2608 526 2646 cum
558 2589 706 2645 foliis
731 2594 939 2640 tantum
968 2597 1197 2652 corpora
1231 2587 1416 2650 tegant
1453 2587 1509 2632 et
1546 2577 1712 2631 vitam
1746 2579 1800 2629 in
1832 2575 1985 2630 silvis

400 2690 586 2753 agant.
618 2677 952 2735 Anacharsis
1000 2674 1229 2728 natione
1281 2671 1484 2742 Scytha
1537 2677 1689 2722 tanto
1717 2666 1987 2722 castitatis

400 2784 458 2829 et
488 2772 878 2827 exeri-itiorum
913 2766 1137 2821 virtutis
1162 2778 1350 2818 amore
1376 2761 1694 2823 tenebatur,
1723 2768 1785 2814 ut
1815 2760 1983 2813 etiam

401 2864 613 2917 cubans
650 2862 801 2915 labra
846 2847 1198 2925 verendaque
1238 2853 1353 2909 suis
1405 2852 1522 2922 ipse
1561 2851 1817 2905 manibus
1842 2865 1989 2907 com-

2086 1926 2179 1979 καὶ
2214 1923 2324 1977 τῶν
2365 1923 2781 1993 βαρϐάρωνούκ
2811 1922 3003 1990 ὀλίγοι.
3040 1922 3148 1977 Καὶ
3177 1923 3284 1992 γὶρ
3327 1923 3456 1986 τοὺς
3495 1922 3646 1994 ύπερ-

2087 2018 2309 2089 ϐορέους
2350 2018 2518 2070 οἰκεῖν
2574 2016 2671 2083 μὲν
2723 2015 2868 2085 ὑπὲρ
2921 2015 2989 2067 τὰ
3051 2014 3277 2068 Ῥίπαια
3326 2015 3427 2085 ὅρη
3484 2017 3645 2085 φασὶν,

2090 2112 2280 2166 ἀσκεῖν
2304 2109 2360 2162 δὲ
2388 2107 3097 2178 δικαιοσύνην,ἀκροόρύοις
3128 2110 3225 2160 καὶ
3248 2105 3409 2159 ὕδασι
3439 2107 3647 2171 ζῶντας.

2101 2203 2264 2257 Ἀλλὰ
2288 2203 2383 2255 καὶ
2413 2202 2541 2264 τοὺς
2583 2202 2915 2271 Βραχμᾶνας
2945 2200 3086 2270 ὑπὲρ
3116 2200 3413 2271 ἄνθρωπον
3463 2202 3645 2267 ἀσκεῖν,

2094 2296 2316 2365 φύλλοις
2348 2295 2408 2347 τὸ
2439 2296 2596 2363 σῶμα
2627 2296 3007 2361 σκεπομένους
3040 2293 3138 2346 καὶ
3191 2294 3249 2345 ὲν
3273 2290 3429 2356 ὕλαις
3460 2293 3648 2361 διὰγον-
3704 2308 3713 2315 “

2091 2404 2209 2450 τας.
2245 2389 2352 2440 Καὶ
2386 2386 2715 2455 ’Λνάχαρσιν
2758 2385 2815 2439 δὲ
2847 2384 2939 2437 τὸν
2972 2384 3189 2452 Σκύθην
3219 2385 3475 2439 τοσοῦτον
3510 2388 3537 2438 ὁ
3572 2386 3648 2455 τῆς

2096 2479 2455 2550 σωφροσύνης
2500 2479 2594 2530 καὶ
2642 2477 2745 2547 τῆς
2785 2478 3074 2547 ἀσκήσεως
3104 2476 3246 2547 ἔρως
3292 2477 3555 2547 κατὲσχεν
3586 2478 3649 2541 ὡς

2093 2574 2188 2626 καὶ
2223 2572 2575 2641 κοιμώμενον
2599 2571 2666 2622 τὰ
2697 2569 2849 2639 χείλη
2878 2567 3047 2622 αὐτοῦ
3080 2567 3176 2622 καὶ
3204 2568 3274 2622 τὰ
3323 2570 3503 2622 αἰδοῖα
3539 2586 3650 2639 κρα-

2091 2667 2204 2720 τεῖν
2254 2664 2322 2718 δι’
2351 2664 2573 2717 οἰκείων
2610 2660 2852 2732 χειρῶνο
2907 2660 2968 2712 οὐ
3024 2660 3186 2728 μόνον
3233 2658 3343 2729 γὰρ
3383 2659 3647 2730 γρηγορῶν

2094 2758 2233 2813 ἀλλὰ
2276 2758 2371 2830 καὶ
2412 2757 2711 2810 ὑπνώττων
2755 2754 2999 2808 ἐδείκνυε
3052 2753 3228 2822 πόσης
3270 2753 3561 2822 ἀσφαλείας
3592 2752 3644 2805 τὰ

2094 2851 2323 2907 τοιαῦτα
2354 2850 2567 2904 δέονται
2603 2850 2788 2920 μόρια.

405 2954 685 3025 primeret.
744 2951 1017 3006 Nimirum
1078 2961 1185 3002 non
1241 2945 1476 3015 vigilans
1523 2943 1718 3008 modo,
1798 2945 2161 3025 verumetiam
2245 2943 2525 3001 dormiens
2600 2940 2760 3012 235
2798 2941 3128 2997 ostendebat
3198 2955 3362 3012 quam
3418 2946 3645 3000 arcurala

402 3049 656 3105 custodia
676 3047 787 3102 dun
829 3045 981 3101 istaec
1010 3042 1266 3114 corporis
1295 3040 1547 3096 membra
1574 3027 1879 3110 indigeant.

476 3141 605 3196 Post
639 3140 829 3211 Caium
858 3137 1125 3194 Claudius
1171 3135 1463 3205 imperium
1526 3134 1592 3188 i5
1645 3134 1807 3187 annis
1839 3130 1985 3187 obti-

404 3233 547 3289 nuit.
618 3231 950 3287 Perhibetur
985 3238 1168 3285 autem
1198 3226 1464 3283 Claudius
1500 3239 1671 3294 usque
1704 3225 1844 3278 adeo
1872 3223 1987 3277 fur-

2156 3134 2312 3189 Μετὰ
2337 3133 2392 3187 δὲ
2424 3134 2584 3187 Γάϊον
2618 3130 2816 3202 κρατεῖ
2861 3130 2888 3181 ὁ
2931 3127 3201 3191 Κλαύδιος
3231 3127 3325 3196 ἕτη
3378 3134 3467 3197 ιγ’.
3498 3121 3641 3192 Οὗτος

2086 3228 2113 3280 ὀ
2149 3225 2414 3287 Κλαύδιος
2447 3223 2705 3277 τοσοῦτον
2727 3222 2950 3291 λέγεται
2982 3217 3124 3274 εἶναι
3151 3220 3331 3284 δειλὸς
3371 3219 3510 3275 ὥστε
3540 3224 3643 3285 τοὺς

405 3326 711 3395 midnlosus
764 3322 956 3388 fuisse,
1009 3336 1070 3376 ut
1121 3331 1366 3376 aStantes
1402 3319 1506 3375 sibi
1545 3317 1893 3389 perquireret
1927 3333 1969 3370 at

2098 3319 2542 3388 παρισταμένους
2572 3318 2827 3388 ἐρευνᾷν,
2868 3318 2941 3385 μή
2995 3331 3125 3368 ποτε
3164 3313 3319 3383 ξίφος
3363 3318 3421 3367 ὲν
3450 3317 3642 3376 κόλπθις

411 3427 762 3471 scrutaretur
794 3429 936 3468 anne
984 3413 1222 3483 gladium
1256 3413 1310 3465 in
1343 3410 1467 3466 sinu
1501 3417 1801 3481 gestarent.
1856 3409 1994 3477 Stic-

406 3523 681 3564 cessorem
736 3505 930 3561 habuit
986 3504 1311 3568 Neronem,
1354 3504 1448 3573 qui
1493 3504 1655 3558 annis
1702 3503 1768 3558 Η
1826 3504 1992 3557 rebus

406 3596 650 3668 praefuit.
706 3594 1260 3665 lmpurissimus’liic
1312 3593 1575 3664 princeps
1629 3609 1754 3647 cum
1813 3608 1993 3648 annos

406 3691 533 3760 plus
564 3689 749 3743 minus
782 3689 846 3741 Π
879 3697 1045 3765 natus
1077 3696 1248 3749 esset.
1294 3686 1509 3757 primus
1539 3685 1798 3756 persequi
1830 3684 1993 3741 Chri-

408 3785 618 3838 stianos
647 3781 839 3851 carpit,
875 3790 931 3836 et
964 3780 1105 3835 duos
1137 3794 1388 3847 summos
1416 3779 1564 3849 viros
1594 3777 1896 3844 interfecit,
1933 3785 1995 3830 ut

406 3874 659 3929 nonnulli
692 3873 917 3944 quidem
957 3871 1210 3928 historici
1241 3871 1474 3938 volunt,
1528 3887 1641 3926 uno
1693 3885 1758 3926 ac
1794 3870 1990 3926 eodem

406 3968 521 4032 die,
546 3981 738 4024 verum
761 3966 997 4020 diversis
1019 3964 1202 4031 annis,
1226 3975 1286 4019 ut
1314 3963 1590 4019 Eusebius
1621 3973 1805 4019 autem
1834 3946 1996 4019 Pam-

409 4056 549 4125 phili
604 4057 886 4110 memoria:
935 4055 1227 4125 prodidit,
1276 4064 1333 4109 et
1383 4070 1531 4110 anno
1567 4055 1763 4111 eodem
1804 4066 1860 4112 et
1896 4072 1992 4111 ea-

409 4146 533 4200 dem
566 4145 677 4200 die.
711 4146 858 4212 Quin
887 4146 1055 4199 etiam
1079 4145 1477 4208 Tertullianus.
1507 4146 1593 4202 vir
1612 4146 1759 4217 apud
1789 4148 1993 4203 Roma-

409 4252 510 4290 nos
543 4236 777 4291 illustris
805 4277 821 4305 ,
872 4245 930 4291 et
959 4237 1127 4307 Cajus
1161 4239 1400 4308 scriptor
1448 4238 1858 4296 ecclesiasticus
1879 4281 1894 4305 ,
1934 4251 1990 4296 et

410 4331 703 4404 Dionysius
739 4332 996 4389 Corinthi
1032 4332 1330 4404 episcopus
1357 4334 1521 4389 simul
1554 4342 1611 4391 et
1632 4334 1825 4390 eodem
1863 4347 1995 4390 tem-

409 4440 544 4492 pore
572 4425 792 4481 Petrum
816 4434 984 4498 atque
1018 4426 1251 4481 Paulum
1293 4428 1619 4483 testimonio
1653 4444 1754 4484 suo
1786 4429 1993 4486 doctri—

411 4529 534 4568 nam
566 4514 935 4572 Christianam
967 4517 1290 4588 obsignasse
1323 4519 1608 4586 scribunt,
1659 4536 1806 4576 anno
1841 4520 1992 4578 vide-

410 4605 783 4686 licet_imperii
818 4610 1058 4666 Neronis
1090 4610 1308 4666 decimo
1360 4615 1546 4669 tertio.
1608 4600 1832 4670 Petrum
1863 4615 1991 4686 qui-

2097 3413 2336 3480 φὲροιεν.
2362 3410 2518 3467 Μετὰ
2548 3409 2603 3461 δὲ
2633 3407 2823 3460 τοῦτον
2851 3407 3044 3478 Νέρων
3073 3408 3100 3460 ὀ
3123 3408 3236 3469 υίὸς
3267 3408 3433 3461 αὑτοῦ
3459 3409 3545 3477 ἔτη
3572 3404 3638 3460 ιδ’.

2095 3507 2111 3551 (
2139 3495 2263 3564 ὖτος
2294 3503 2321 3553 ὁ
2371 3499 2699 3570 παμμίαρος
2762 3498 2902 3551 ἐτῶν
2925 3499 3060 3550 ὡσεὶ
3087 3495 3116 3550 ι’
3139 3500 3235 3551 καὶ
3267 3498 3312 3561 ζ’
3337 3499 3413 3551 ὢν
3456 3498 3641 3568 πρῶτος

2093 3594 2188 3646 τοῦ
2218 3591 2463 3661 διωγμοῦ
2512 3591 2738 3662 ἤρξατο,
2770 3593 2864 3643 καὶ
2914 3589 3041 3654 τοὺς
3064 3591 3401 3660 κορυφαίους
3433 3593 3639 3661 ἀναιρεῖ,

2092 3685 2165 3747 ὡς
2199 3686 2296 3755 μὲν
2331 3684 2597 3753 ἱστορικοί
2646 3700 2790 3745 τινες
2847 3681 3029 3752 ἕτεροι
3082 3681 3358 3749 λέγουσιν,
3400 3684 3456 3735 ὲν
3485 3684 3642 3752 ἡμέρᾳ

2096 3780 2197 3850 μιᾷ
2229 3780 2322 3831 καὶ
2353 3780 2420 3849 τῇ
2466 3779 2629 3845 αὐτῇ,
2686 3778 2745 3830 ἐν
2778 3775 2924 3846 ἄλλῳ
2952 3776 3008 3829 δὲ
3036 3775 3132 3828 καὶ
3164 3776 3314 3846 ἄλλῳ
3352 3776 3481 3845 ἔτει,
3503 3776 3569 3839 ὡς
3596 3776 3641 3828 δὲ

2095 3872 2353 3934 Εὐσέϐιος
2406 3872 2435 3924 ὁ
2466 3871 2560 3924 τοῦ
2614 3871 2925 3938 Παμφίλου,
2970 3871 3066 3922 καὶ
3121 3869 3233 3922 ἔτει
3280 3869 3359 3937 τῷ
3395 3870 3538 3938 αὑτῷ
3564 3871 3640 3923 καὶ

2094 3964 2280 4034 ἡμέρα
2311 3965 2376 4034 τῇ
2402 3965 2565 4033 αὐτῇ.
2596 3963 2761 4016 Ἀλλὰ
2796 3961 3225 4032 Τερτουλλιανός
3262 3979 3345 4026 τις
3375 3962 3508 4033 ἀνὴρ
3547 3960 3638 4013 τῶν

2092 4057 2185 4110 ἐπὶ
2223 4054 2413 4126 Ῥώμῃ
2436 4051 2715 4124 λαμπρῶν
2745 4054 2841 4106 κοιλ⁸
2872 4054 3034 4114 Γαῖος
3057 4053 3197 4122 ἀνὴρ
3220 4050 3640 4123 ἐκκλησιαστικὸς

2093 4148 2190 4204 καὶ
2246 4148 2522 4209 Διονύσιος
2580 4145 2885 4208 ἐπίσκοπος
2928 4143 3201 4214 Κορίνθου
3241 4145 3511 4216 γράφουσι
3537 4144 3637 4199 καθ’

2092 4239 2190 4292 ἕνα
2217 4236 2407 4309 καιρὸν
2441 4238 2539 4290 καὶ
2568 4234 2705 4305 ὁμοῦ
2753 4234 3109 4304 μαρτυρῆσαι
3149 4235 3358 4305 Πέτρον
3391 4238 3483 4290 καὶ
3518 4233 3640 4287 Παῦ-

2091 4329 2201 4393 λον,
2254 4327 2695 4399 τρισκαιδεκάτῳ
2750 4326 2861 4382 ὰει
2897 4325 3000 4393 τῆς
3061 4324 3341 4394 βασιλείας
3394 4324 3636 4399 Νέρωνος.

2092 4423 2205 4475 Καὶ
2264 4421 2474 4491 Πέτρον
2507 4420 2606 4491 μὲν
2637 4421 2858 4489 ἀναιρεῖ
2882 4417 2954 4471 δι’
3007 4417 3193 4471 αἰτίαν
3222 4417 3496 4489 τοιαύτην.
3537 4415 3638 4469 Ἐπὶ

2093 4515 2187 4568 τοῦ
2219 4514 2472 4586 Νέρωνος
2504 4516 2530 4565 ὁ
2576 4513 2762 4582 Σίμων
2790 4516 2816 4565 ὁ
2849 4511 3042 4580 Μάγος
3077 4506 3170 4581 ἦν,
3191 4513 3331 4582 πρὶς
3363 4511 3424 4565 ὃν
3449 4515 3477 4565 ὁ
3500 4523 3636 4580 κορυ-

2094 4609 2251 4676 φαῖος
2270 4606 2446 4659 ἐλθὼν
2468 4600 2597 4676 εὗρε
2631 4604 2773 4659 κύνα
2798 4604 3088 4674 δεδεμένον
3143 4602 3334 4656 ἁλύσει
3362 4607 3420 4659 ἐν
3447 4603 3519 4673 τῷ

408 4697 532 4751 dem
561 4698 705 4755 Nero
736 4703 1052 4773 hujusmodi
1101 4705 1395 4774 quamdam
1431 4705 1503 4760 ob
1552 4721 1774 4761 causam
1814 4707 1969 4762 inter-

2094 4699 2223 4753 λῶνι
2258 4698 2446 4761 αὐτοῦ,
2479 4699 2837 4751 κατεσθίοντα
2867 4699 2994 4760 τοὺς
3027 4696 3158 4752 ἄνευ
3184 4698 3501 4768 προτροπῆς
3537 4697 3635 4747 ἐπι-

410 4789 564 4842 l'eeit.
623 4790 930 4861 lmpcrante
981 4793 1201 4849 Nerone
1249 4795 1387 4849 vixit
1441 4795 1592 4850 Simo
1641 4796 1865 4868 Magus,
1921 4800 1987 4853 ad

408 4897 574 4951 quem
606 4882 698 4937 ubi
737 4900 984 4942 summus
1016 4887 1107 4942 ille
1141 4889 1227 4942 vir
1257 4890 1609 4952 accessisset,
1641 4904 1832 4944 canem
1865 4890 1990 4944 alli-

410 4986 596 5043 gatum
630 4985 836 5033 catena:
878 4979 931 5033 in
974 4981 1098 5051 ejus
1139 4980 1332 5036 limine
1369 4984 1597 5048 reperit,
1628 4981 1985 5037 devorantem

409 5080 513 5120 eos
555 5077 825 5137 quotquot
874 5070 1088 5139 injussu
1138 5074 1205 5126 ad
1241 5071 1523 5128 Simonem
1558 5073 1771 5142 ingredi
1824 5089 1990 5127 cona-

413 5167 625 5213 rentur.
660 5160 710 5215 ls
742 5176 872 5216 vero
904 5163 1127 5218 Petrum
1170 5164 1381 5219 intrare
1413 5166 1597 5235 jussit,
1639 5176 1694 5220 et
1748 5166 1988 5223 humana

414 5266 546 5305 voce
578 5251 801 5307 Petrum
853 5255 1041 5311 adesse
1074 5256 1368 5311 nuntiavit.
1435 5258 1556 5324 Quo
1607 5259 1752 5314 facto
1804 5258 1989 5322 cumgti

415 5343 510 5411 qui
544 5353 702 5398 erant
757 5343 813 5399 in
872 5346 1084 5400 a'dibus
1139 5346 1568 5417 obstupuerunt.
1627 5349 1779 5403 Simo
1843 5349 1986 5404 idem

415 5434 595 5490 facere
622 5438 771 5506 quod
803 5440 956 5494 canis
984 5449 1145 5494 antea
1179 5438 1473 5504 factitarat,
1507 5452 1561 5496 ct
1584 5443 1651 5498 ad
1678 5460 1736 5498 se
1763 5444 1986 5498 Petrum

415 5544 718 5586 arcessere.
776 5529 1046 5604 Deinceps
1082 5548 1206 5594 cum
1246 5549 1464 5590 summo
1497 5535 1620 5589 viro
1665 5536 1989 5605 colloquens

416 5620 557 5675 inter
604 5622 707 5676 alia
748 5623 1008 5694 quiddam
1050 5626 1366 5700 hujusmudi
1417 5627 1624 5697 objecit
1660 5644 1675 5680 :
1717 5628 1769 5682 Si
1820 5627 1988 5683 futuri

417 5714 669 5768 notitiam
725 5716 960 5776 Adamus
1012 5720 1241 5783 habuit,
1293 5720 1657 5792 quamobrem
1715 5721 1999 5795 serpentis

419 5808 664 5865 lraudcm
690 5826 793 5869 non
821 5817 1225 5885 prtccOguovit?
1257 5817 1394 5872 Tum
1423 5817 1653 5870 Petrus:
1683 5814 1769 5869 «Si
1794 5815 1987 5881 futuri,

2052 4836 2057 4839 .
2094 4793 2411 4862 χειρούντας
2440 4790 2707 4842 εἰσελθεῖν
2737 4791 2829 4842 ἐπὶ
2855 4790 2946 4843 τὸν
2969 4789 3214 4860 Σίμωνα.
3249 4785 3320 4860 *ῼ
3350 4789 3412 4857 δὴ
3436 4785 3631 4839 καὶὲκέ·

2095 4887 2287 4939 λευσεν
2307 4883 2593 4949 εἰσελθεῖν,
2632 4884 2724 4935 καὶ
2763 4882 3081 4954 ἀνθρωπίνῃ
3124 4885 3279 4953 φωνῇ
3307 4884 3436 4952 περὶ
3461 4880 3632 4947 Πὶτρου

2093 4978 2440 5046 ἀναγγεῖλαι.
2471 4978 2587 5030 Καὶ
2618 4975 2927 5045 τηνικαῦτα
2949 4974 3108 5029 τοῦτο
3136 4976 3383 5046 ἐποίησε,
3410 4975 3496 5026 καὶ
3528 4971 3632 5023 πάν·

2095 5091 2186 5132 τες
2213 5076 2259 5127 οἱ
2291 5073 2439 5135 ὄντες
2467 5072 2619 5132 ἐντὸς
2647 5069 3060 5140 ἐξεπλάγησαν.
3125 5068 3269 5120 Αὐτὸ
3303 5068 3359 5121 δὲ
3390 5067 3535 5119 τοῦτο
3560 5062 3631 5115 καὶ

2095 5169 2121 5218 ὂ
2146 5166 2328 5233 Σίμων
2360 5165 2607 5236 ἐποίησε,
2639 5163 2734 5216 καὶ
2761 5163 2854 5214 τὸν
2886 5163 3094 5232 Πέτρον
3122 5160 3405 5216 ἐκάλεσεν.
3451 5159 3503 5210 ὐ
3529 5155 3633 5222 μέν⁴

2096 5277 2179 5311 τοι
2214 5260 2397 5328 Σίμων
2439 5260 2532 5311 καὶ
2586 5257 2713 5312 τάδε
2757 5255 2897 5325 πρὸς
2918 5257 3033 5319 τοῖς
3059 5254 3244 5317 ἄλλοις
3288 5245 3631 5323 τιῖ›κορυφ;ιίῳ

2095 5353 2478 5420 διαλεγόμενος
2502 5351 2708 5419 ἔλεγεν.
2751 5369 2769 5401 ι
2798 5348 2860 5403 Ei
2890 5350 3204 5417 πρόγνωσιν
3229 5343 3375 5417 εἶχεν
3411 5346 3438 5397 ὁ
3468 5339 3628 5405 Ἀδὰμ,

2093 5445 2181 5497 δα
2199 5447 2250 5497 τί
2273 5445 2333 5497 οὐ
2386 5443 2637 5513 προέγνω
2670 5445 2771 5513 τὴν
2813 5442 2907 5494 τοῦ
2936 5442 3115 5508 ὄφεως
3148 5440 3398 5508 tandem;
3433 5457 3449 5486 ι
3489 5433 3581 5486 Καὶ
3608 5428 3629 5477 ὁ

2098 5538 2337 5609 Πέτρος
2375 5555 2393 5589 ι
2457 5538 2516 5590 Ei
2570 5537 2884 5608 πρόγνωσιν
2933 5535 3033 5588 οὐκ
3071 5530 3208 5603 εἶχε,
3245 5532 3363 5594 πῶς
3395 5530 3497 5586 τοῖς
3522 5520 3630 5577 υῖιῖἶ

2096 5630 2259 5684 αὑτοῦ
2292 5630 2427 5723 πρὸς
2454 5630 2551 5694 τὰς
2582 5630 2846 5699 ἐσομένας
2875 5627 3106 5697 πράξεις
3140 5627 3259 5695 ἅμα
3290 5623 3368 5692 τῷ
3404 5611 3626 5688 γεννηθῆ·

2099 5741 2186 5776 ναι
2218 5708 2491 5790 ἐπέθῆκεν
2549 5722 2831 5792 exigam;
2883 5721 2974 5775 τὸν
3012 5718 3111 5787 μὲν
3140 5717 3249 5786 γὰρ
3283 5712 3416 5769 Καῒν
3448 5708 3627 5769 6:55:47“

2105 5833 2216 5881 σεν,
2237 5817 2263 5868 ὃ
2305 5818 2418 5870 ἐστι
2453 5817 2610 5881 ζῆλος
2637 5833 2650 5845 ’
2692 5816 2943 5880 ζηλώσας
2966 5814 3074 5875 γὰρ
3121 5813 3298 5867 ἀνεῖλε
3327 5810 3409 5861 τὸν
3438 5797 3624 5866 ἀῖελξδίθ
