3794 6226
156 312 240 375 lii

1332 313 1731 377 ANNALIUM
1775 312 1971 375 PARS
2013 312 2132 374 III.

3231 317 3334 381 446

153 423 305 480 αὑτοῦ.
341 420 430 473 Τὸν
462 419 514 474 δὲ
553 420 715 476 Ἀϐὲλ
769 422 1049 489 ἐκάλεσεν,
1101 427 1127 478 ὅ
1157 427 1273 479 ἐστι
1301 426 1496 488 πένθος
1519 443 1532 457 ·
1573 430 1658 480 ἐπ’

1777 427 1860 490 ait,
1912 427 2120 480 nullam
2176 426 2426 481 notitiam
2482 426 2697 493 habuit,
2749 441 2858 498 quo
2905 425 3125 481 tandem
3175 433 3332 482 modo

150 514 275 583 αὐτῷ
303 514 397 582 γὰρ
428 513 728 582 φονευθέντι
776 515 1084 584 ἐπένθησαν
1111 517 1161 569 οἱ
1186 521 1368 584 γονεῖς
1404 519 1592 572 αὑτοῦ.
1636 537 1654 571 ι

151 607 199 657 ΕΞ
237 605 284 656 δὲ
317 605 371 656 τὸ
405 603 622 672 πλάσμα
693 607 1092 676 προεγίνωσκε,
1139 607 1320 677 πολλῷ
1383 609 1586 678 μᾶλλον
1634 611 1663 662 6

148 695 356 762 πλάστης
389 694 559 780 αὐτὸς,
597 697 643 748 ει
677 697 769 748 καὶ
798 699 826 750 6
847 699 1153 768 παράφρων
1191 700 1399 761 ἐκεῖνος
1434 700 1541 752 ἀπὸ
1569 701 1662 754 τοῦ

148 787 291 838 εἰπεῖν
310 784 397 853 τήν
421 785 638 854 Γραφὴν
657 787 738 838 ὅτι
768 788 1059 856 ἐπείραζεν
1083 791 1108 841 6
1136 790 1266 852 Θεὶς
1281 790 1383 842 *τὸν
1409 790 1664 860 ’Λόρσιὰμ

149 878 332 934 καὶὸτι,
381 894 397 926 ι
434 878 682 940 Καττϐἅς
743 880 835 930 ἐπὶ
885 882 1091 949 Σόδομα
1145 882 1369 951 ὂψομαι,
1412 901 1429 933 ι
1478 883 1664 946 ἔλεγεν

149 968 333 1032 ἄγνοιαν
388 966 524 1035 ἔχειν
577 969 665 1019 τὸν
705 969 859 1024 Θεὸν.
911 959 1070 1039 Προξ
1112 972 1292 1040 μέντοι
1318 975 1437 1035 ταῖς
1471 974 1661 1034 ἄλλαις

147 1056 282 1108 αὑτοῦ
338 1057 648 1125 φαντασίαις
689 1061 784 1112 καὶ⁸
843 1063 922 1120 εἰς
947 1063 1084 1130 ἀέρα
1133 1064 1350 1133 ἐπήρθη
1398 1066 1425 1117 6
1457 1065 1662 1133 Σίμων,

147 1149 564 1218 ἐπαγγειλάμενος
595 1152 806 1204 ἐκεῖθεν
828 1154 1007 1220 ἀγαθὰ
1032 1155 1397 1208 καταϐιϐάσαι
1421 1157 1500 1225 τῷ
1524 1159 1658 1226 λαῷ.

156 1238 269 1306 Ἐγὼ
291 1240 342 1292 δὲ
389 1243 413 1292 6
445 1241 648 1311 Πέτρος
674 1244 924 1314 ηὐχόμην
959 1246 1080 1297 καθ’
1129 1247 1343 1311 ἑαυτὸν,
1377 1249 1469 1299 καὶ
1503 1246 1663 1300 εἷπον

145 1332 412 1393 ὲνειτενίσας
459 1333 641 1402 αὐτῷ’
699 1353 719 1386 ι
753 1338 814 1388 Εἰ
864 1338 1161 1402 ἀπόστολος
1209 1340 1386 1410 Ἰησοῦ
1419 1341 1661 1410 Χριστοῦ

143 1423 234 1491 εἰμὶ
259 1422 356 1488 ἐγὼ
385 1427 471 1476 καὶ
495 1425 554 1476 οὗ
588 1426 904 1491 πλάνος,ὥς
937 1448 1068 1500 φησι
1096 1433 1300 1501 Σίμων,
1336 1433 1664 1502 προστάσσω

144 1517 238 1576 ταῖς
287 1518 531 1592 πονηραῖς
592 1517 885 1587 δυνάμεσιν
943 1524 1158 1589 ἀφεῖναι
1211 1524 1310 1592 τῆς
1344 1523 1664 1594 κρατήσειας

146 1607 292 1658 αὐτόν.
331 1627 347 1658 ι
406 1609 509 1660 Καὶ
573 1612 918 1680 παραχρῆμα
969 1615 1049 1677 εἰς
1092 1615 1198 1684 γῆν
1239 1617 1544 1685 κατηνέχθη
1574 1617 1664 1668 καὶ

144 1700 412 1769 συνετρίϐη.
442 1700 530 1752 Διὸ
565 1701 628 1769 δὴ
665 1705 754 1755 καὶ.
779 1704 877 1772 τὴν
906 1706 1120 1774 ἡμέραν
1143 1706 1358 1774 ἐκείνην
1392 1707 1663 1776 ἐπίσημον

141 1792 326 1856 ἄγουσιν
352 1791 399 1842 οξ
451 1791 751 1860 Ῥωμαῖον
792 1793 1071 1847 Σάϐϐατον
1118 1795 1224 1864 γὰρ
1278 1791 1366 1864 ἦν,
1409 1798 1465 1846 ἐν
1574 1797 1666 1848 καὶ

139 1883 372 1950 προσευχὴ
425 1884 515 1934 καὶ
565 1885 792 1952 νηστεία
838 1887 953 1947 τοῖς
1009 1890 1247 1950 πιστοῖς,
1302 1890 1396 1940 καὶ
1465 1888 1665 1956 μᾶλλον

140 1972 253 2040 ὑπὲρ
287 1973 371 2025 τοῦ
430 1974 785 2030 διδασκάλου.
829 1976 1004 2028 Τοῦτο
1056 1979 1110 2029 δὲ
1135 1979 1228 2030 καὶ
1257 1979 1420 2048 μέχρι
1445 1978 1538 2031 τοῦ
1571 1977 1665 2032 νῦν

138 2066 280 2117 ἐκεῖσε
310 2069 510 2134 κρατεῖ.
536 2067 730 2119 Ταῦτα
754 2066 808 2118 δὲ
843 2067 1033 2136 μαθὼν
1066 2071 1093 2120 6
1119 2069 1308 2138 Νέρων
1341 2070 1430 2121 τὸν
1461 2071 1666 2141 Πέτρον

138 2157 423 2224 ἐσταύρωσε.
497 2159 611 2211 Τὸν
665 2160 721 2212 δὲ
785 2159 1020 2223 Παῦλον,
1066 2162 1208 2214 ιιαοιὶ
1273 2179 1440 2232 φησιν
1497 2167 1524 2215 ὁ
1568 2164 1666 2232 τὴν

135 2249 340 2312 γλῶτταν
359 2249 612 2319 Χρυσοῦς
644 2251 700 2301 ὲν
725 2250 804 2321 τῷ
833 2252 966 2321 πρὸς
991 2255 1118 2315 τοὺς
1157 2231 1466 2315 κωλύοντας
1507 2231 1668 2323 μονά-

138 2341 225 2401 ζειν
250 2340 380 2410 λόγῳ
416 2341 615 2404 αὐτοῦ,
665 2342 752 2394 διὰ
813 2342 1001 2412 ξίφους
1041 2343 1357 2398 ἐτελείωσεν
1411 2349 1502 2398 ὅτε
1533 2365 1666 2400 κατ-

134 2432 373 2498 ηχήσαντα
432 2433 780 2502 Ἐπέραστον
839 2435 1003 2488 αὑτοῦ
1058 2436 1365 2506 παλλακήν,
1415 2439 1512 2493 Διά
1562 2442 1666 2512 γὰρ

135 2522 262 2577 τοῦτο
281 2527 367 2578 καὶ
396 2526 487 2579 τὸν
537 2526 791 2594 διωγμὶν
844 2527 1030 2596 ’ήγειρε
1053 2546 1072 2578 ον
1099 2529 1290 2596 λάγνος
1318 2532 1424 2598 γὰρ
1460 2531 1536 2583 ὢν
1571 2523 1669 2586 οὐκ

135 2617 356 2687 ἠνέσχετο
400 2620 494 2682 τὰς
535 2619 716 2674 αὐτοῦ
774 2621 1058 2683 παλλακὰς
1117 2622 1472 2693 ἐπιστρέφειν
1535 2625 1668 2695 πρὸς

134 2710 321 2780 Κύριον.
377 2713 434 2765 Ὀ
489 2712 691 2782 μέντοι
743 2713 887 2776 θεῖος
915 2713 1170 2783 Ἰωάννης
1221 2717 1315 2768 καὶ
1373 2717 1500 2768 τάδε
1534 2718 1670 2786 πρὸς

138 2801 311 2854 Παῦλον
332 2801 554 2872 εὓρηται
586 2802 763 2870 λέγων
786 2819 799 2833 ο
825 2820 843 2853 ι
873 2805 1030 2866 Ποῖος
1055 2805 1218 2865 τόπος
1244 2805 1302 2856 τὸ
1332 2805 1422 2856 σὸν
1453 2806 1672 2871 ἐδέξατο

138 2888 268 2959 αἷμα,
311 2894 367 2946 τὸ
393 2891 788 2962 γαλακτοειδὲς
838 2895 1032 2961 ὁραοὲν
1063 2896 1117 2946 ὲν
1154 2895 1228 2962 τῷ
1260 2896 1450 2965 χιτῶνι
1484 2895 1576 2948 τοῦ
1613 2912 1670 2946 σε

139 2985 676 3049 ὰνασκολοπίσαντος;
715 2986 782 3036 '0
833 2985 897 3052 δὴ
931 2987 1026 3037 καὶ
1058 2986 1158 3054 τὴν
1193 2985 1466 3054 βάρϐαρον
1506 2984 1670 3037 αὑτοῦ

1768 518 1893 574 ﬁliis
1924 519 2040 572 suis
2070 517 2188 588 ipso
2220 517 2522 572 nativitatis
2563 527 2812 587 tempore
2849 519 3070 573 nomina
3111 519 3329 580 indidit,

1772 625 1894 678 quae
1913 609 2153 677 ipsorum
2171 609 2327 663 factis
2341 616 2524 662 essent
2543 611 2952 665 accommodata
2972 611 3140 664 iNam
3165 627 3314 664 ιιιιιιιι

1767 700 2058 769 appellavit
2083 699 2338 764 Cainum,
2365 715 2487 767 quae
2515 714 2617 753 vox
2647 701 3048 755 aemulationem
3074 702 3326 768 denotat;

1765 793 1968 847 etenim
1998 791 2268 860 impulsus
2292 791 2642 846 aemulatione
2671 791 2903 859 quadam
2926 791 3148 845 fratrem
3174 810 3328 847 suum

1766 883 1992 937 occidit.
2030 883 2282 936 Alterum
2321 883 2535 938 vocavit
2565 885 2817 946 Abelum,
2850 884 2995 953 quod
3021 899 3212 938 nomen
3254 887 3330 938 lu-

1766 987 1913 1028 ctum
1938 975 2211 1044 signiﬁcat
2239 994 2250 1027 :
2288 991 2410 1028 nam
2436 977 2555 1043 ejus
2587 977 2861 1031 interfecti
2891 993 3050 1030 causa
3080 987 3334 1046 parentes

1767 1067 1821 1121 in
1850 1068 1999 1120 luctu
2039 1063 2278 1120 fuerunt.
2313 1067 2520 1130 Quodsi
2553 1067 2820 1132 Adamus,
2857 1070 2947 1138 qui
2988 1069 3077 1121 Dei
3119 1069 3336 1135 ﬁgmctte

1768 1170 1879 1214 tum
1907 1167 2042 1221 crat,
2073 1157 2382 1211 futurorum
2413 1159 2649 1213 habebat
2675 1161 2946 1222 notitiam,
2974 1161 3147 1214 multo
3169 1164 3336 1232 magis

1767 1268 1827 1307 ea
1861 1254 2022 1305 debet
2053 1252 2239 1322 opiﬁci
2279 1251 2502 1304 tribui.»
2562 1253 2632 1305 At
2665 1252 2892 1306 insanus
2923 1254 3012 1306 ille
3047 1254 3335 1319 colligebat

1768 1342 1822 1395 in
1852 1341 2021 1394 Deum
2052 1342 2341 1410 quamdam
2377 1341 2774 1409 ignorationem
2799 1353 3088 1411 propterea
3119 1346 3336 1408 cadere,

1767 1431 1910 1508 quod
1948 1431 2170 1485 Litteraa
2215 1446 2387 1485 sacrae
2433 1431 2623 1485 dicant
2661 1431 2832 1484 Deum
2884 1441 3128 1486 tentasse
3164 1434 3336 1487 Abra-

1768 1523 2026 1587 hamum;
2083 1525 2212 1576 item
2264 1522 2410 1590 quod
2451 1523 2806 1577 meminerint
2833 1523 3006 1579 Deum
3050 1526 3120 1580 ita
3152 1541 3336 1580 secum
3392 1578 3395 1581 .

1766 1613 2009 1667 locutum
2043 1627 2196 1666 esse:
2238 1611 2604 1666 «Descendam
2637 1624 2692 1668 et
2720 1612 2950 1668 Sodoma
2993 1615 3332 1683 inspiciama

1768 1707 1974 1760 Deinde
2008 1718 2132 1776 post
2169 1707 2306 1760 alias
2342 1709 2640 1779 praestigias
2665 1709 2715 1762 in
2753 1724 2878 1762 aera
2911 1711 3061 1764 Simo
3089 1712 3337 1766 sublatus

1769 1805 1869 1856 est.
1902 1796 2179 1864 pollicitus
2214 1797 2339 1851 inde
2371 1813 2428 1851 se
2459 1798 2600 1853 bona
2634 1802 2883 1870 quaedam
2912 1804 3110 1872 populo
3139 1804 3339 1857 demis-

1768 1886 1979 1940 suru'm.
2044 1885 2125 1939 lbi
2161 1886 2357 1940 Petrus
2391 1902 2581 1942 secum
2631 1891 2880 1958 precari,
2933 1900 2989 1943 et
3041 1891 3232 1944 deﬁxis
3283 1891 3336 1944 in

1768 1995 1889 2031 eum
1949 1978 2122 2032 oculis
2154 1977 2372 2033 dicere:
2421 1978 2508 2033 «Si
2558 1983 2842 2050 apostolus
2888 1999 2988 2052 ego
3043 1999 3164 2038 sum
3208 1984 3336 2039 Jesu

1769 2069 1994 2131 Christi,
2033 2085 2144 2124 non
2185 2071 2471 2125 hominum
2512 2073 2810 2141 impostor,
2866 2083 2925 2128 ut
2963 2074 3110 2129 Simo
3139 2077 3338 2144 praedi—

1769 2170 1854 2214 cat
1879 2202 1892 2224 ,
1931 2161 2090 2214 malis
2123 2163 2485 2230 potestatibus
2528 2163 2739 2231 impero
2773 2174 2836 2219 ut
2885 2181 3008 2220 eum
3060 2166 3338 2219 dimittant

1769 2270 1870 2308 nec
1902 2253 2137 2321 amplius
2173 2261 2452 2307 teneant.»
2509 2255 2671 2325 236
2716 2256 2835 2308 Mox
2888 2256 2942 2309 in
2997 2266 3194 2310 terram
3247 2257 3338 2311 ille

1773 2347 2032 2424 delapsus
2063 2346 2305 2398 minutas
2338 2346 2392 2397 in
2423 2356 2607 2413 partes
2634 2346 2910 2400 atteritur.
2963 2346 3142 2415 Atque
3185 2347 3336 2424 illum

1772 2451 1900 2491 sane
1928 2417 2072 2491 diem
2101 2437 2420 2490 solemniter
2451 2437 2682 2490 Romani
2708 2437 3007 2490 celebrant.
3041 2437 3175 2491 Nam
3208 2417 3343 2491 Sub-

1775 2529 1900 2582 bato
1930 2528 2044 2581 haec
2077 2530 2445 2597 gerebantur,
2501 2544 2611 2596 quo
2665 2528 2854 2582 ﬁdeles
2901 2529 3142 2598 magistri
3175 2542 3339 2581 causa

1773 2619 1912 2672 cibis
1943 2619 2293 2673 abstinebant
2323 2629 2378 2672 et
2409 2619 2664 2688 precibus
2689 2634 2848 2687 opem
2883 2619 3122 2672 divinam
3149 2619 3344 2686 implo-

1773 2711 2000 2775 rabant;
2044 2711 2096 2764 id
2123 2710 2268 2779 quod
2299 2711 2463 2763 etiam
2493 2725 2597 2764 usu
2631 2710 3006 2764 confirmatum
3028 2752 3042 2776 ,
3075 2710 3255 2764 adhuc
3287 2709 3343 2762 in

1776 2803 2105 2856 hodiernum
2146 2802 2219 2856 ibi
2252 2802 2396 2855 diem
2429 2811 2698 2856 servatur.
2739 2801 2884 2856 Nero
2913 2811 3094 2856 autem
3133 2802 3217 2855 his
3249 2815 3343 2855 co-

1774 2895 1940 2965 gnitis
1970 2894 2190 2948 Petrum
2221 2895 2274 2946 in
2295 2909 2516 2948 crucem
2539 2893 2685 2963 egit;
2725 2893 2949 2946 Paulum
2975 2909 3122 2960 vero,
3154 2907 3344 2962 quem—

1776 2985 2069 3039 admodum
2122 2999 2292 3038 aurca
2331 2984 2518 3053 lingua
2570 2982 2832 3052 prmditus
2865 2991 3055 3038 orator
3092 2985 3346 3038 meminit

137 3071 283 3142 ψυχὴν
298 3075 426 3142 ὑπὲρ
452 3074 579 3144 μέλι
599 3073 883 3142 γλυκᾶναν
909 3074 1098 3126 πιστὸν
1120 3075 1344 3145 ἐποίησε
1374 3075 1672 3143 τηνικαῦτα

1781 3077 1832 3130 iu
1866 3075 2113 3128 oratione
2144 3090 2264 3148 sua,
2295 3089 2456 3142 quam
2483 3074 2551 3127 ad
2575 3082 2826 3127 vetantes
2854 3073 3150 3126 solitariam
3177 3075 3343 3127 vitam

135 3164 208 3214 τὸν
251 3164 482 3221 ἄπιστον.
527 3185 545 3217 ι
616 3165 998 3234 Κεκοῐμηνται
1031 3166 1107 3227 δὲ,
1155 3167 1229 3228 ὡς
1285 3166 1479 3218 ἐκεῖνοὶ
1519 3182 1676 3232 φασι,

138 3255 211 3305 καὶ
239 3259 520 3327 ἀμφότεροι
540 3260 600 3314 ὲν
639 3259 704 3326 τῇ
744 3257 895 3308 πόλει
931 3257 1138 3328 Ῥώμῃ,
1177 3258 1307 3327 μηνὶ
1339 3257 1541 3327 Ἰουνίῳ
1574 3255 1676 3323 κΘ’,

135 3348 208 3399 ἐπὶ
225 3350 456 3420 Νέρωνος
489 3349 790 3422 βασιλέως.

1775 3166 1989 3230 habuit,
2027 3164 2207 3231 gladio
2243 3173 2534 3232 propterea
2573 3162 2730 3218 feriri
2767 3163 2932 3234 jussit
2964 3163 3111 3230 quod
3146 3163 3348 3230 Epera-

1777 3269 1944 3321 stum,
1986 3271 2200 3310 amores
2225 3255 2553 3324 deliciasque
2575 3270 2724 3320 suas,
2751 3257 2815 3310 ad
2843 3255 3160 3325 religionem
3185 3252 3348 3308 Chri-

1779 3351 2012 3405 stianam
2045 3349 2396 3403 instituisset.
2434 3348 2552 3414 Qua
2584 3349 2701 3418 ipsa
2734 3349 2802 3403 de
2827 3362 2988 3402 causa
3013 3345 3350 3416 persecutio-

134 3455 235 3495 nem
262 3459 469 3514 quoque
500 3444 846 3518 concitavit;
903 3458 1027 3497 nam
1079 3443 1206 3512 quia
1259 3441 1496 3496 lascivus
1525 3453 1664 3507 erat,
1707 3443 2045 3497 concubinos
2076 3457 2204 3496 suos
2273 3441 2341 3495 ad
2409 3441 2702 3495 Dominum
2747 3457 2805 3496 se
2861 3449 3177 3495 convertere
3224 3455 3349 3509 gra-

133 3537 250 3590 viter
305 3539 525 3594 omnino
575 3537 814 3593 ferebat.
883 3535 1029 3590 Idem
1108 3535 1349 3589 Joannes
1395 3534 1842 3607 Cbrysostomus,
1905 3535 1988 3588 vir
2055 3534 2213 3602 plane
2265 3533 2516 3600 divinus,
2557 3535 2722 3588 etiam
2779 3532 3095 3603 hujusmodi
3164 3533 3350 3588 verbis

133 3630 301 3684 alicubi
331 3632 553 3686 Paulum
585 3627 920 3698 compellat:
963 3627 1247 3691 «Quinam,
1280 3641 1483 3695 quazso,
1518 3626 1667 3680 locus
1703 3626 1943 3680 lacteum
1989 3627 2145 3679 illum
2215 3627 2534 3695 sanguinem
2593 3633 2746 3678 tuum
2818 3624 3055 3693 excepit,
3123 3639 3350 3695 conspe-

131 3735 254 3778 ctum
283 3727 332 3779 in
369 3727 486 3796 ejus
518 3735 678 3782 veste
725 3727 817 3796 qui
849 3735 902 3781 te
947 3726 1003 3780 in
1039 3727 1222 3796 palum
1254 3725 1490 3781 sufﬁxit?
1552 3723 1706 3790 Quod
1751 3723 1929 3794 ipsum
1963 3710 2094 3777 sane
2161 3723 2454 3776 barbarum
2489 3723 2610 3792 ejus
2642 3722 2884 3774 animum
2916 3723 3119 3792 majore
3147 3721 3198 3775 vi
3224 3721 3350 3775 dul-

133 3832 228 3870 cem
256 3818 487 3873 efficiens
529 3835 700 3889 quam
755 3820 860 3874 mel
922 3818 1124 3888 ipsum,
1191 3818 1463 3872 infidelem
1512 3829 1670 3872 antea
1711 3818 1927 3871 ﬁdelem
1993 3815 2196 3872 eﬂ‘eeit.
2249 3834 2267 3866 ι
2310 3815 2573 3882 Uterque,
2609 3828 2708 3868 ceu
2739 3812 3162 3882 Chrysostomus
3204 3813 3348 3868 idem

133 3917 350 3975 testatur,
381 3911 721 3965 obdormivit
757 3910 810 3964 in
843 3910 980 3965 urbe
1015 3909 1219 3975 Roma,
1259 3925 1310 3963 a.
1349 3909 1405 3964 d.
1438 3925 1517 3964 ιιι.
1553 3910 1670 3964 Kal.
1714 3909 2036 3976 Quinctiles,
2074 3908 2403 3974 imperatore
2430 3903 2664 3960 Nerone.

188 3997 300 4054 Οἶδα
323 4003 396 4064 δὲ,
420 4002 704 4072 ἀγαπητὲ,
729 4005 806 4056 ὅτι
846 4004 936 4056 καὶ
956 4001 1163 4072 τὴντοῦ
1198 4001 1464 4072 Οεηγόρου
1496 4003 1682 4054 Λουκᾶ

131 4094 236 4161 περὶ
265 4096 367 4147 τῶν
393 4095 660 4165 Πρὰξεων
693 4093 800 4147 τῶν
828 4095 1140 4148 ἀποστόλων
1171 4095 1412 4147 ἐπελθὼν
1444 4095 1680 4164 ἱστορίαν

129 4186 336 4254 εὐλόγως
395 4189 713 4257 ᾗπὸρηκας,
754 4186 866 4254 εἴγε
927 4189 994 4239 τὰ
1041 4187 1205 4239 λοιπὰ
1240 4187 1452 4240 Παύλου
1487 4189 1682 4258 διηγη-

129 4279 332 4340 σάμενος
372 4283 398 4330 6
445 4279 671 4336 Λουκᾶς
728 4278 784 4330 τὸ
826 4278 1095 4348 μακάριον
1152 4278 1317 4332 αὐτοῦ
1356 4279 1509 4340 τέλος
1538 4277 1684 4330 σεσί-

127 4383 264 4434 Tque.
301 4371 405 4422 Καὶ
463 4370 618 4423 ἐστιν
675 4370 852 4421 εἰπεῖν
885 4370 968 4422 ὅτι
1000 4371 1158 4438 μέχρι
1211 4371 1310 4441 τῆς
1339 4373 1417 4433 εἰς
1459 4366 1681 4440 Ῥώμην

1851 4001 2122 4055 Cteterum
2156 3997 2405 4061 memini,
2434 3997 2633 4052 dilecte
2668 3995 2768 4061 illi,
2800 4004 2852 4050 te
2879 3995 3051 4050 divini
3077 3994 3238 4052 Luca:
3266 3997 3352 4052 lti-

1786 4091 2008 4146 storiam
2038 4089 2105 4143 de
2125 4089 2276 4143 Actis
2305 4075 3094 4157 apostolorumperlegcntem,
3128 4103 3234 4140 non
3254 4086 3352 4142 abs

1784 4199 1845 4237 re
1875 4183 2182 4247 dubitasse,
2229 4197 2358 4234 num
2392 4196 2527 4244 vero
2566 4179 2635 4233 sit
2663 4189 3113 4262 consentancpm,
3148 4180 3351 4263 Lucam

1782 4273 1999 4328 caeteris
2030 4287 2060 4326 a
2081 4272 2249 4326 Paulo
2277 4271 2446 4343 gestis
2475 4271 2641 4327 rebus
2663 4272 2922 4326 omnibus
2941 4272 3206 4341 expositis
3230 4273 3356 4326 bea-

1790 4373 1896 4418 tam
1919 4365 2036 4434 ejus
2052 4380 2117 4416 ex
2149 4364 2250 4417 hac
2281 4364 2389 4417 vita
2415 4363 2800 4434 migrationem
2829 4352 3109 4432 praatérire
3137 4363 3356 4438 silentio

126 4461 320 4531 πρώτης
353 4462 597 4528 ἀφίξεως
628 4459 722 4512 τοῦ
758 4459 995 4529 μεγάλου
1028 4460 1241 4512 Παύλου
1283 4459 1545 4514 καταλύει
1576 4461 1672 4530 τὴν

1782 4457 2042 4511 voluisse.
2067 4455 2217 4509 Licet
2233 4455 2299 4510 ad
2317 4471 2436 4510 eam
2457 4456 2814 4524 quaastiouem
2835 4457 2936 4508 hoc
2956 4455 3114 4508 modo
3130 4470 3356 4523 respon-

128 4553 336 4621 ἱστορίαν
373 4556 400 4606 6
430 4554 670 4614 Λουκᾶς.
715 4552 822 4604 Καὶ
855 4555 917 4604 ὲκ
946 4552 1137 4605 τούτου
1169 4553 1416 4620 φαίνεται
1447 4555 1532 4606 ὅτι
1559 4553 1679 4606 δια-

130 4646 338 4711 σίισᾶεὶς
371 4647 399 4698 6
429 4647 654 4703 Λουκᾶς
696 4642 908 4696 Παύλου
965 4643 1022 4694 τὸ
1075 4645 1184 4695 τῖιν
1220 4644 1478 4713 Πρὰξεων
1525 4661 1679 4713 τηνι-

127 4736 277 4787 καῦτα
335 4737 722 4806 συνεγράψατο
782 4736 1010 4806 βιϐλίον,
1071 4735 1195 4787 ὅθεν
1249 4737 1317 4788 τὰ
1378 4736 1539 4789 λοιπὰ
1583 4735 1682 4804 μὲν

131 4828 318 4881 Παύλου
347 4831 679 4900 διηγήσατο,
707 4830 766 4881 τὸ
786 4829 846 4881 δὲ
869 4829 1170 4900 μαρτύριον
1210 4831 1285 4892 ὡς
1325 4831 1492 4901 μήπω
1519 4847 1680 4898 γεγο-

126 4919 200 4980 νὸς
264 4923 484 4984 εἰκότως
545 4919 921 4991 παρέδραμεν.
987 4924 1052 4973 '0
1096 4921 1203 4990 γὰρ
1235 4921 1448 4982 Παῦλος
1477 4920 1682 4972 διετίαν

125 5010 234 5079 ὃλην
278 5015 334 5067 ἐν
400 5012 596 5083 Ῥώμῃ
650 5011 840 5074 ἄνετος
897 5011 972 5064 ὣν
1005 5012 1278 5082 ἐκήρυσσε
1308 5028 1321 5041 ·
1377 5012 1540 5080 μέχρι
1574 5009 1682 5078 γὰρ

125 5101 260 5153 τοῦδε
292 5107 429 5158 καὶὸ
453 5105 676 5166 Λουκᾶς
714 5102 861 5173 αὑτῷ
886 5104 1070 5172 συνῆν.
1127 5101 1239 5155 Εἶθ’
1267 5100 1441 5164 οὕτως
1481 5102 1684 5155 ἀπολο-

126 5195 412 5262 γησάμενος
445 5197 526 5256 εἰς
550 5192 614 5244 τὸ
651 5193 914 5262 κήρυγμα
938 5191 1104 5244 πάλιν
1133 5191 1420 5242 ἐστέλλετο
1448 5191 1546 5242 καὶ·
1572 5190 1684 5251 τοῖς

129 5285 289 5338 ἐκεῖσε
342 5288 642 5358 κηρύσσων
693 5282 785 5356 ἦν.
853 5286 947 5338 Ἐκ
999 5285 1252 5354 δευτέρου
1292 5283 1346 5335 δὲ
1379 5286 1444 5352 τῇ
1495 5282 1684 5350 Ῥώμῃ

129 5377 472 5448 ἐπιδημήσας,
505 5379 605 5430 καὶ
642 5378 962 5447 κατηχήσοις
1006 5375 1099 5428 τὸν
1131 5374 1370 5443 οἰνοχόον
1430 5370 1685 5440 Νέρωνος

132 5471 215 5523 καὶ
243 5473 520 5543 παλλακήν
541 5469 709 5525 αὐτοῦ
749 5472 1102 5540 Ἐπέραστον,
1135 5469 1194 5521 τὸ
1231 5467 1504 5538 μακάριον
1531 5463 1686 5527 τέλος

135 5563 348 5626 ἐδέξατο.
379 5567 505 5618 Ὅτι
560 5565 620 5616 δὲ
655 5565 750 5616 οὐκ
775 5559 842 5634 ἦν
874 5566 901 5615 ὁ
947 5564 1162 5624 Λουκᾶς
1205 5563 1343 5630 μετὲι
1375 5558 1591 5611 Παύλου
1624 5555 1684 5606 το

137 5658 402 5726 πρότερον,
425 5657 592 5718 αὐτὸς
623 5653 754 5723 φησι
785 5655 921 5724 πρὸς
950 5653 1218 5722 Τιμόθεον
1244 5652 1302 5702 ἐν
1328 5652 1394 5718 τῇ
1427 5646 1560 5716 πρὸς
1591 5645 1687 5697 αὐ·

139 5755 217 5804 τὸν
262 5752 482 5821 δευτέρα
537 5751 818 5817 ἐπίστολῇ,
875 5751 937 5816 ἣν
974 5747 1180 5817 ἔγραψε
1219 5746 1439 5812 δέσμιος
1471 5739 1544 5793 ὢν
1579 5740 1685 5792 ὑπὸ

1784 4551 1937 4613 dere,
1969 4547 2170 4602 Lucam
2199 4547 2402 4601 librum
2429 4549 2688 4600 Actorum
2714 4545 2768 4600 id
2792 4545 3050 4615 temporis
3073 4560 3353 4609 exarasse,

1784 4657 1908 4696 cum
1945 4641 2149 4695 Paulus
2178 4640 2357 4710 prima
2389 4640 2508 4694 vice
2540 4640 2768 4693 Romam
2809 4637 3148 4708 appulisset;
3180 4654 3244 4693 ea
3289 4639 3358 4692 de

1781 4749 1945 4788 causa
1984 4731 2327 4786 factumesse
2361 4741 2418 4785 ut
2453 4740 2646 4785 uetera
2674 4731 2895 4801 quidem
2928 4740 3043 4784 acta
3076 4730 3232 4784 Pauli
3273 4746 3358 4784 re-

1787 4834 2059 4889 censeret,
2106 4825 2441 4892 perhibitum
2492 4838 2624 4877 vero
2671 4821 2797 4876 ﬁdei
2841 4821 3238 4886 testimonium,
3279 4823 3356 4876 uti

1786 4919 1930 4988 quod
1969 4916 2206 4970 necdum
2248 4916 2554 4985 accidisset,
2602 4913 2902 4969 omitteret.
2939 4913 3142 4968 Paulus
3185 4913 3355 4978 enim,

1786 5027 1908 5066 cum
1939 5011 2226 5066 biennium
2264 5020 2436 5064 totum
2470 5010 2653 5063 Romae
2678 5007 2820 5062 liber
2852 5014 3058 5076 ageret,
3095 5005 3361 5076 pradica—

1789 5102 1951 5156 tionis
1977 5117 2202 5156 munere
2221 5101 2583 5170 fungebatur;
2609 5099 2674 5152 ad
2695 5098 2841 5168 quod
2867 5111 3041 5166 usque
3063 5105 3279 5164 tempus
3306 5094 3356 5148 ci

1787 5193 1968 5246 Lucas
1998 5192 2203 5245 aderat.
2234 5193 2440 5246 Deinde
2464 5189 2691 5245 Romam
2721 5191 2892 5244 altera
2934 5189 3054 5242 vice
3081 5201 3355 5246 reversus,

1787 5301 1911 5340 cum
1933 5285 2214 5353 religionis
2240 5283 2572 5338 Christiana:
2603 5283 2915 5338 rudimenta
2946 5281 3230 5350 Eperasto,
3254 5278 3356 5330 Ne—

1789 5381 1906 5430 roni
1935 5392 1965 5429 a
2001 5376 2213 5444 poculis
2253 5384 2419 5443 atque
2449 5376 2611 5429 etiam
2658 5373 2988 5436 concubino,
3023 5367 3354 5428 tradidisset,

1789 5466 1949 5521 beato
1969 5466 2056 5520 ille
2073 5465 2220 5519 exitu
2241 5465 2404 5518 vitam
2421 5462 2845 5519 clausit.Lucam
2870 5460 3048 5526 ipsum
3067 5454 3218 5523 prius
3232 5466 3356 5505 cum

1789 5558 1958 5611 Paulo
1986 5573 2092 5610 non
2128 5556 2320 5622 fuisse,
2346 5556 2548 5610 fatetur
2573 5558 2626 5608 in
2649 5553 2889 5607 Secunda
2917 5549 2978 5602 ad
3009 5543 3356 5597 'l'imOtheum

1791 5647 2030 5717 Epistula
2063 5647 2282 5714 Paulus,
2318 5662 2479 5717 quam
2509 5662 2538 5699 a
2570 5645 2784 5714 Nerone
2818 5640 3096 5709 conjectus
3135 5633 3186 5684 in
3239 5633 3355 5684 vin-

1793 5740 1912 5795 cula
1946 5739 2183 5806 scripsit.
2229 5739 2328 5792 «la
2376 5739 2548 5796 prima
2575 5775 2587 5796 ,
2621 5730 2823 5796 inquit,
2879 5725 3193 5781 defensione
3243 5736 3356 5775 mea
