3794 6226
420 307 526 368 447

1670 291 1721 350 Μ
1738 288 2086 349 lCHAELIS
2119 287 2376 349 GLYCJ!

3494 267 3624 353 ἰιι

395 412 601 468 .enncti
628 426 711 469 me
735 411 1120 467 deseruerunt.
1155 406 1334 463 Nolim
1366 404 1471 459 hoc
1493 401 1577 457 eis
1597 408 1776 471 culpae
1800 400 1981 455 detur.

2097 402 2374 471 Νέρωνος’
2396 384 2427 452 Ἴ(
2465 401 2552 452 Ἐν
2576 402 2642 470 τῇ
2686 401 2877 472 πρώτῃ
2911 418 3010 471 μου
3049 402 3317 475 ἀπολογία
3345 401 3535 467 πάντες
3570 421 3627 474 με

422 503 685 557 Dominus
719 510 901 556 autem
934 501 1107 556 astitit
1136 497 1271 553 mihi
1320 509 1515 564 meque
1564 490 1931 548 confirmavit.
1956 508 1975 541 ι

354 604 361 609 ’
420 598 498 648 Ad
539 594 700 647 finem
735 608 865 647 vero
896 593 1047 648 solus
1085 589 1266 644 Lucas
1298 587 1508 647 aderat.

489 774 756 827 Caeterum
784 784 913 843 post
938 772 1309 828 defensionem
1340 768 1482 823 hanc
1517 765 1749 835 primam
1783 762 1987 817 Paulus

424 864 476 915 in
535 864 848 932 Hispaniam
897 863 1172 933 pervenit,
1229 860 1321 913 ubi
1388 854 1705 910 muliercula
1735 851 1983 921 quaedam

421 956 618 1009 illustri
658 966 777 1009 orta
805 956 948 1015 loco,
989 969 1110 1024 qua:
1155 952 1328 1007 multo
1380 955 1505 1002 ante
1537 946 1761 1002 Paulum
1800 944 1986 997 videre

422 1053 647 1112 cuperet
677 1046 855 1114 deque
883 1045 1113 1099 veritate
1142 1044 1211 1096 ab
1260 1042 1377 1109 ipso
1417 1039 1544 1092 viva
1594 1052 1726 1090 voce
1757 1033 1981 1096 erudiri,

424 1146 802 1200 prospectasse
840 1134 894 1187 in
927 1134 1106 1188 forum
1141 1130 1490 1201 perhibetur,
1533 1128 1719 1196 ibique
1750 1140 1986 1194 conspe-

424 1233 513 1278 cto
564 1224 750 1288 Paulo,
803 1224 963 1293 237
1009 1223 1102 1291 qni
1157 1222 1333 1275 forum
1378 1218 1679 1280 transiret,
1728 1217 1986 1271 maritum

424 1331 582 1368 suum
615 1316 853 1370 Probum
898 1313 1279 1383 persuadendo
1302 1312 1589 1382 impulisse
1617 1319 1678 1365 ut
1706 1311 1985 1364 hominem

424 1407 587 1461 domo
613 1423 710 1460 sua
735 1407 1037 1475 exciperet.
1096 1405 1347 1474 Ingresso
1397 1402 1452 1456 in
1486 1401 1634 1457 aedes
1665 1401 1834 1456 Paulo
1863 1417 1990 1471 pro-

424 1498 632 1567 digium
657 1497 933 1566 quoddam
967 1509 1172 1549 novum
1226 1503 1284 1549 et
1314 1493 1655 1555 ,inusitatum
1690 1492 1986 1567 accidisse:

2086 490 2465 560 ἐγκατέλιπον.
2519 491 2610 562 Μὴ
2658 492 2842 554 αὐτοῖς
2893 492 3196 564 λογισθείη.
3269 494 3328 548 Ὀ
3357 495 3414 548 δέ
3442 493 3630 564 Κύριός

2088 601 2188 654 μου
2229 585 2474 653 παρέστη
2505 586 2599 636 καὶ
2623 584 2999 653 ἐνεδυνάμωσὲ
3031 602 3123 656 με.
3163 605 3183 639 ι
3226 587 3382 640 Κατὰ
3409 586 3465 639 δέ
3495 603 3556 653 γε
3578 588 3630 639 τὸ

2086 666 2234 736 τέλος
2267 675 2426 742 μόνος
2458 674 2638 743 παρῆν
2667 675 2694 726 ὁ
2720 676 2955 739 Λουκᾶς.

2154 766 2309 819 Μετὰ
2371 765 2552 833 μέντοι
2588 766 2687 834 τὴν
2746 766 2971 837 πρώτην
3016 767 3315 835 ἀπολογίαν
3354 764 3431 831 εἰς
3465 768 3633 820 Ἱσπα-

2086 857 2204 911 νίαν
2254 859 2284 910 6
2330 857 2540 919 Παῦλος
2590 859 2980 929 παραγίνεται.
3041 860 3267 914 Γύναιον
3325 856 3420 915 οὖν
3458 862 3631 912 τιτῶν

2085 950 2371 1019 ἐπισήμων
2402 950 2467 1001 ἐκ
2495 950 2599 1019 πρὸ
2632 950 2828 1003 πολλοῦ
2855 950 3010 1005 θέλον
3034 951 3124 1005 τὸν
3155 951 3369 1015 Παῦλον
3400 952 3524 1005 ἰδεῖν
3549 952 3633 1004 καὶ

2085 1039 2182 1110 τὴν
2210 1039 2469 1109 ἀλήθειαν
2493 1041 2844 1110 ἐνηχηθῆναι,
2885 1042 3210 1113 παρακύψαι
3248 1042 3468 1111 λέγεται
3505 1043 3633 1097 κατὰ

2085 1131 2183 1200 τὴν
2211 1132 2416 1201 ἀγορὰν
2444 1131 2538 1183 καὶ
2570 1132 2700 1183 ἰδεῖν
2733 1133 2898 1186 αὐτὸν
2923 1133 3294 1203 διερχόμενον,
3338 1134 3434 1186 καὶ
3462 1135 3631 1186 πεῖσαι

2084 1222 2178 1274 τὸν
2208 1222 2379 1289 αὐτῆς
2419 1221 2587 1291 ἄνδρα
2649 1222 2860 1292 Πρόὸον
2895 1224 3046 1288 ἐντὸς
3086 1225 3179 1277 τοῦ
3208 1226 3362 1277 οἴκου
3391 1224 3631 1289 δέξασθαι

2086 1312 2267 1367 αὐτόν.
2319 1313 2668 1375 Εἰσελθόντος
2723 1309 2816 1368 οὖν
2850 1315 3037 1385 θαῦμα
3073 1296 3634 1386 παράδοξονίγίνεταιο

2085 1402 2145 1456 τὸ
2163 1404 2269 1471 γὰρ
2291 1403 2510 1471 γύναιον
2535 1405 3026 1474 ἀνακαλυφθέντων
3052 1407 3162 1460 τῶν
3191 1406 3285 1460 τοῦ
3310 1408 3433 1469 νοὸς
3447 1407 3632 1476 ὀφθαλ-

2091 1493 2208 1562 μῶν
2260 1493 2406 1564 ἐώρα
2452 1495 2544 1547 ἐπὶ
2578 1495 2671 1549 τοῦ
2707 1495 2959 1566 μετώπου
3010 1499 3108 1550 τοῦ
3146 1499 3475 1551 ’Λποστόλου
3530 1498 3633 1549 ἐπί-

423 1566 713 1641 mulierem
742 1585 889 1640 enim
920 1585 1098 1640 oculis
1148 1583 1264 1639 suis
1314 1582 1592 1652 adapertis
1639 1582 1694 1635 in
1742 1566 1988 1654 Kpostoli

2097 1600 2265 1653 χρυσα
2297 1586 2620 1657 γράμματα,
2657 1606 2676 1639 r
2707 1586 2919 1651 Παῦλος
2948 1587 2976 1640 6
3001 1588 3095 1641 τοῦ
3121 1587 3358 1658 Χριστοῦ
3394 1587 3565 1659 κῆρυξ
3590 1605 3629 1653 ι,

424 1676 605 1732 fronte
634 1678 847 1731 litteras
890 1690 1087 1730 aureas
1134 1674 1364 1739 vidisse,
1394 1689 1625 1743 quarum
1674 1670 1989 1741 huiusmodi

2097 1675 2491 1744 διαγορεύοντα.
2534 1680 2641 1731 Καὶ
2678 1678 3075 1748 προσπεσοῦσα
3121 1682 3238 1743 τοῖς
3291 1680 3452 1732 ποσὶν
3485 1678 3632 1732 αὐτοῦ

423 1766 695 1822 sententia
726 1767 897 1821 foret:
934 1785 954 1817 ι
986 1766 1191 1822 Paulus
1211 1764 1418 1820 Christi
1446 1779 1681 1834 praeco.»
1740 1764 1987 1832 Quapro-

2097 1767 2124 1836 ἡ
2159 1768 2376 1838 τοιαύτη
2410 1770 2547 1842 γυνὴ
2574 1771 2859 1842 κατηχήθη
2896 1774 2991 1824 καὶ
3038 1772 3370 1842 ἐϐαπτίσθη.
3420 1771 3635 1839 Ὁμοίως

423 1868 545 1927 pter
573 1857 639 1914 ad
670 1857 836 1927 pedes
861 1857 1036 1926 ipsius
1064 1856 1355 1925 provoluta
1386 1855 1695 1909 doctrinam
1721 1852 1991 1908 Christiao

422 1965 547 2004 nam
573 1950 804 2018 accepit,
834 1948 1062 2017 ipsaque
1086 1961 1210 2001 cum
1230 1945 1410 2001 Probo
1438 1945 1637 2011 marito
1671 1943 1990 2014 familiaque

424 2043 678 2096 universa
708 2041 978 2110 baptizata
1007 2049 1113 2095 est.

478 2131 748 2186 Caeterum
765 2130 907 2184 Nero
923 2145 1045 2184 cum
1061 2128 1345 2184 Anicetum
1360 2125 1649 2197 quemdam
1665 2126 1990 2190 ablegassct,

374 2274 381 2283 ,
423 2225 519 2294 qui
542 2233 771 2278 matrem
792 2238 945 2278 suam
975 2206 1328 2293 Agrippinam
1357 2223 1655 2285 occideret,
1689 2221 1778 2274 illa
1799 2226 1989 2273 ventre

425 2330 525 2370 suo
555 2316 874 2369 denudato:
928 2315 1149 2378 ‘tHunc,
1210 2314 1456 2379 Anicete,
1512 2312 1694 2376 ferito,
1716 2311 1841 2391 'ait,
1898 2311 1992 2379 qui

425 2405 694 2459 Neronem
739 2404 1031 2459 ediderit.»
1091 2404 1239 2458 Inter
1271 2405 1374 2458 alia
1427 2404 1558 2458 vitia
1607 2402 1841 2457 Neronis
1888 2402 1994 2456 hoc

423 2496 591 2552 etiam
626 2505 766 2561 erat,
803 2496 947 2565 quod
971 2495 1292 2551 citharmdis
1312 2503 1369 2550 et
1392 2496 1574 2549 mimis
1604 2494 1993 2560 delectaretur,

425 2602 490 2641 ac
537 2602 752 2655 semper
793 2587 1128 2643 temulentus
1170 2596 1349 2652 esset;
1391 2601 1500 2656 quo
1537 2588 1703 2641 fiebat
1748 2595 1809 2640 ut
1835 2586 1997 2639 inno-

425 2688 615 2734 centes
663 2680 775 2733 vita
827 2681 1111 2749 spoliaret.
1172 2680 1312 2734 Hinc
1369 2688 1654 2749 tantopere
1716 2678 1995 2733 hominem

425 2772 658 2825 aversati
689 2780 818 2825 sunt
849 2771 1115 2836 Romani,
1177 2780 1239 2825 ut
1267 2779 1418 2825 motu
1454 2771 1729 2825 concitato
1768 2784 1893 2824 eum
1928 2768 1997 2822 ad

427 2874 617 2913 necem
648 2867 960 2928 poscerent.
1018 2858 1134 2926 Qua
1170 2874 1229 2914 re
1253 2858 1469 2928 cognita
1488 2858 1632 2913 Nero
1652 2858 1872 2914 sibimet
1893 2857 1995 2927 ipsi

429 2963 623 3004 manus
652 2952 856 3014 attulit,
890 2950 1203 3021 bujusmodi
1229 2951 1476 3021 quaedam
1501 2950 1684 3005 fatus:
1722 2950 1997 3016 «Qualem,

2091 1859 2184 1910 καὶ
2205 1858 2413 1929 Πρόδος
2445 1862 2472 1913 6
2506 1862 2644 1933 ἀνὴρ
2677 1865 2771 1915 καὶ
2806 1863 3007 1926 πάντες
3037 1866 3086 1916 οἱ
3113 1864 3294 1916 λοιποὶ
3326 1861 3577 1933 καθεξῆς.

2166 2122 2273 2178 Τοῦ
2295 2124 2477 2193 μέντοι
2501 2125 2752 2193 Νέρωνος
2767 2124 3050 2195 ’Δνίκητόν
3071 2142 3196 2178 τινα
3223 2124 3532 2187 στείλαντος
3554 2122 3634 2177 ἐπὶ

2092 2215 2170 2287 τῷ
2204 2218 2325 2287 ’τὴν
2358 2217 2572 2287 μητέρα
2612 2215 2776 2270 αὑτοῦ
2808 2217 3176 2287 ’Δγριππῖναν
3220 2218 3562 2278 ἀποκτεῖναι,
3592 2215 3635 2267 τί

2093 2310 2238 2362 ποιεί
2281 2307 2454 2377 αῦτης
2519 2310 2631 2377 Τὴν
2689 2308 2892 2378 ἑαυτῆς
2966 2307 3213 2376 γαστέρα
3278 2309 3635 2379 γυμνώσασα·

2099 2418 2117 2451 r
2154 2401 2287 2453 Παϊε
2333 2399 2601 2469 Ἀνίκητε,
2620 2398 2748 2470 ἔφη,
2766 2402 2918 2464 παῖε,
2946 2400 3027 2453 ὅτι
3051 2400 3283 2471 Νέρωνα
3311 2401 3633 2467 ἐγέννησεν.ι

2095 2485 2263 2554 Οὗτος
2285 2492 2312 2544 6
2349 2492 2542 2561 Νέρων
2587 2492 2726 2560 προς
2774 2493 2886 2555 τοῖς
2915 2491 3097 2554 ἄλλοις
3146 2492 3314 2546 αὐτοῦ
3346 2493 3536 2555 κακοῖς
3559 2491 3638 2542 καὶ

2094 2581 2418 2650 κιθαρῳδοῖς
2473 2580 2567 2633 καὶ
2623 2581 2812 2651 μίμοις
2874 2581 3208 2650 ἐπέχαιρεν,
3263 2579 3635 2649 ἀκρατοποτιῖη

2094 2673 2247 2727 ἐσαεὶ
2307 2671 2602 2726 κάντεῦθεν
2647 2674 2774 2736 τοὺς
2825 2674 3100 2735 ἀναιτίους
3170 2661 3522 2745 ἀποστερῶν
3552 2673 3634 2740 τῆς

2098 2762 2268 2834 ζωῆς.
2298 2755 2565 2819 Τοσοῦτον
2622 2762 2680 2819 δέ
2717 2765 2981 2837 Ῥωμαῖοι
3032 2767 3473 2837 ἀπεστράφησαν
3497 2766 3635 2820 αὐτὸν

2094 2855 2168 2917 ὡς
2207 2855 2616 2923 ἐπιστῆναινκαί
2654 2872 2784 2907 ποτε
2820 2855 3011 2907 τοῦτον
3048 2858 3467 2926 ἀναιρήσοντες.
3490 2854 3635 2909 Τοῦτο

2096 2944 2154 2997 δὲ
2189 2944 2350 3010 γνοὺς
2380 2947 2408 2996 6
2439 2944 2628 3014 Νέρων
2656 2947 2849 3001 ἐαυτὸν
2887 2946 3275 3017 διεχειρίσατο,
3332 2949 3498 3019 μηδὲν
3528 2948 3636 3001 ἄλλο

427 3055 463 3093 o
512 3039 767 3109 Jupiter,
824 3041 1109 3096 hominum
1160 3043 1271 3096 vita
1320 3041 1686 3098 citharmdum
1720 3042 1991 3096 amittit!»

2100 3038 2268 3089 εἰπὼν
2297 3038 2329 3108 ἢ
2360 3039 2519 3090 τοῦτο
2549 3041 2643 3092 καὶ
2673 3042 2834 3108 μόνον
2854 3054 2868 3069 ’
2910 3058 2929 3091 ι
2957 3038 3101 3107 υἷον,
3129 3037 3173 3094 ὦ
3204 3042 3330 3108 Ζεῦ,
3360 3041 3634 3113 κιθαρῳδὸν

427 3131 697 3186 Caeterum
731 3131 836 3188 hoc
869 3147 1090 3202 quoque
1119 3134 1397 3187 memoria:
1428 3132 1706 3203 proditum
1738 3141 1845 3195 est,
1889 3131 1998 3184 Lu-

427 3239 544 3277 cam
572 3232 853 3279 auctorem
887 3225 1214 3295 evangelica:
1240 3225 1485 3279 historias
1511 3224 1565 3278 in
1593 3224 1712 3278 olea
1738 3222 1997 3293 frugifera

431 3310 682 3367 sufﬁxum
715 3311 919 3377 fuisse;
968 3327 1203 3382 cumque
1237 3312 1487 3389 pretiosae
1533 3312 1711 3382 ipsius
1739 3312 1989 3380 reliquiae

427 3417 697 3470 nusquam
746 3402 1164 3472 reperirentur,
1218 3402 1367 3472 quod
1404 3413 1588 3457 essent
1641 3403 1783 3456 inter
1826 3394 1996 3457 multa

430 3494 644 3563 tuguria
673 3494 909 3565 rejectm,
948 3494 1205 3563 precibus
1230 3494 1705 3564 impetratum~est
1735 3510 1764 3547 ο
1799 3495 1909 3549 Deo
1941 3504 1998 3549 ut

426 3583 649 3653 collyria
684 3585 931 3651 quaedam
983 3585 1196 3641 medica
1228 3585 1588 3647 demitteret,
1642 3588 1775 3641 artis
1823 3590 1995 3642 sancti

427 3672 533 3726 viri
572 3673 816 3745 symbola
849 3692 863 3740 ;
919 3675 1123 3745 quibus
1152 3675 1463 3744 conspectis
1515 3672 1760 3746 reliquiae
1792 3677 1995 3732 ibidem

428 3773 663 3834 reperta:
694 3781 850 3819 serva
860 3775 1032 3837 neque
1059 3774 1211 3821 sunt.
1680 3823 1685 3828 .

497 3859 810 3913 Secundum
864 3859 982 3914 hzec
1029 3876 1140 3915 non
1200 3859 1378 3915 multo
1411 3860 1703 3932 interjecto
1752 3868 1998 3932 tempore

423 3948 740 4004 Judaaorum
776 3948 1052 4003 excidium
1090 3948 1341 4018 appetiit,
1376 3948 1542 4018 idque
1577 3965 1687 4003 non
1719 3949 1827 4003 alio
1862 3959 1998 4004 tem-

428 4054 558 4106 pore
588 4050 752 4106 quam
788 4037 947 4102 festo,
985 4052 1089 4091 nec
1116 4039 1170 4091 id
1202 4038 1302 4092 abs
1338 4053 1417 4092 re.
1476 4038 1611 4093 Nam
1644 4055 1740 4109 par
1776 4049 1894 4095 erat
1940 4051 2000 4096 ut

428 4128 634 4195 quibus
659 4128 738 4180 illi
765 4127 962 4181 diebus
982 4128 1037 4180 in
1072 4127 1361 4183 Dominum
1387 4129 1772 4199 deliquissent,
1803 4132 1997 4187 iisdem

426 4231 485 4272 et
519 4217 749 4286 praemia
773 4224 1265 4288 consequerentur,
1304 4235 1619 4289 quanquam
1648 4237 1779 4277 sane
1813 4225 1999 4280 multis

427 4309 607 4363 modis
639 4306 857 4371 efﬁcere
888 4317 1120 4363 conatus
1146 4318 1231 4364 est
1262 4309 1406 4366 Deus
1452 4323 1512 4365 ut
1549 4313 1996 4370 cmendarentur.

2098 3126 2126 3179 6
2165 3126 2275 3196 βίος
2315 3127 2647 3197 ζημιοῦταιι
2694 3147 2712 3179 ι
2748 3131 2978 3197 Λέγεται
3011 3131 3065 3184 δὲ
3097 3132 3386 3198 καὶτοῦτο,
3419 3134 3498 3186 ὅτι
3524 3134 3633 3186 Δου-

2099 3222 2203 3282 κᾶς
2231 3220 2259 3271 6
2283 3220 2580 3283 ἀπόστολος
2600 3221 2692 3273 ἐπὶ
2718 3223 3071 3294 καρποφόρου
3103 3224 3291 3286 ἐλαίας
3319 3225 3633 3298 ἐσταυρώθη.

2103 3310 2329 3380 Ἄδηλον
2350 3311 2405 3363 δέ
2438 3306 2504 3380 ἦν
2526 3312 2588 3364 τὸ
2620 3313 2802 3381 τίμιον
2830 3314 2996 3367 αὐτοῦ
3023 3315 3270 3383 λείψανον
3291 3316 3381 3368 διὰ
3414 3317 3473 3369 τὸ
3499 3317 3635 3384 μέσον

2101 3399 2312 3453 πολλῶν
2360 3404 2748 3472 σκηνωμάτων
2808 3406 3069 3475 ῥιφῆναι’
3125 3406 3214 3460 διὰ
3268 3408 3633 3477 προσευχῆςδὲ

2101 3492 2346 3561 ἐπεμψεν
2374 3496 2402 3546 6
2428 3494 2560 3557 Θεὸς
2583 3495 2876 3566 κουλούρια
2917 3498 3138 3567 ἰατρικὰ
3171 3498 3420 3568 σύμϐολα
3451 3501 3539 3567 τῆς
3560 3500 3633 3550 τέ·

2100 3601 2232 3652 χνης
2258 3584 2448 3645 αὐτοῦ,
2505 3587 2601 3639 καὶ
2655 3585 2798 3640 οὕτω
2836 3588 3154 3658 φανερωθέν
3184 3590 3425 3644 ἐνταῦθα
3469 3593 3631 3643 ἐπανε-

2102 3676 2271 3747 σώθη.

2173 3858 2249 3910 Οὐ
2292 3858 2459 3916 πολὺς
2511 3860 2647 3928 μετά
2703 3858 2876 3912 ταῦτα
2931 3858 3222 3933 παρερῥύη
3258 3863 3471 3933 καιρὸς,
3507 3864 3632 3928 καὶὴ

2101 3949 2209 4002 τῶν
2248 3949 2523 4003 Ἰουδαίων
2573 3950 2804 4026 ἐφθάκει
2859 3952 3131 4007 ἀπώλεια.
3174 3955 3290 4008 Οὐκ
3341 3960 3398 4009 ἐν
3437 3955 3631 4026 ἀλλῳᾶ

2101 4040 2276 4109 καιρῷ
2304 4041 2485 4110 ἦλθεν,
2524 4042 2643 4094 ἀλλ’
2674 4020 2947 4113 ἐνθήμέρᾳ
2978 4044 3072 4113 τῆς
3114 4045 3332 4114 ἑορτῆς.
3378 4049 3480 4100 Καὶ
3510 4020 3631 4098 six;-

2100 4146 2207 4195 τως
2230 4148 2243 4162 ·
2278 4134 2445 4203 ἐχρῆν
2477 4136 2586 4201 γὰρ
2608 4135 2806 4194 αὐτοὺς
2849 4135 2908 4187 ἐν
2943 4129 3028 4198 αἷς
3052 4137 3133 4198 είς
3179 4136 3271 4188 τὸν
3307 4137 3503 4208 Κύριον
3526 4138 3630 4203 iii.-

2105 4239 2328 4293 μαρτον,
2380 4227 2438 4275 ἐν
2490 4226 2678 4287 αὑταῖς
2715 4227 2808 4276 καὶ
2848 4225 2916 4279 τὰ
2947 4226 3203 4299 ἐπίχειρα
3243 4229 3446 4299 εὑρεῖν,
3482 4233 3630 4283 καίτοι

2100 4331 2163 4382 γε
2198 4316 2368 4368 πολλὰ
2393 4317 2485 4368 τοῦ
2534 4316 2670 4369 Θεοῦ
2698 4319 3025 4387 ποιήσαντος
3054 4316 3139 4371 ἴνα
3165 4320 3516 4386 διορθωθῶσι.
3546 4320 3629 4373 Καὶ

425 4399 638 4454 Etenim
697 4398 843 4452 inter
873 4398 979 4452 alia
1032 4400 1119 4452 vir
1169 4400 1432 4470 quidam,
1463 4402 1552 4457 cui
1597 4416 1797 4457 nomen
1845 4414 1991 4459 esset

2098 4409 2204 4475 γ’ὰρ
2227 4406 2513 4477 ἄνθρωπός
2535 4425 2619 4472 τις
2642 4408 2851 4477 Ἰησοῦς
2880 4412 3019 4463 κατά
3049 4409 3148 4481 τὴν
3171 4410 3369 4483 ἑορτὴν
3399 4413 3490 4482 τῆς
3516 4410 3630 4476 Σκη-

423 4492 602 4555 Jesus,
636 4489 754 4559 ipso
785 4487 1294 4544 Tabernaculurum
1322 4490 1461 4546 festo
1488 4490 1746 4561 templum
1777 4493 1990 4564 ingres-

425 4596 519 4634 sus
572 4579 678 4634 alta
727 4593 863 4634 voce
907 4578 977 4633 ab
1020 4590 1252 4650 utraque
1286 4591 1442 4650 parte
1476 4581 1906 4653 Hierosolymam
1938 4589 1994 4637 et

428 4671 687 4741 populum
722 4671 1053 4726 lamentatus
1106 4680 1210 4726 est.
1249 4654 1391 4738 Quin
1429 4674 1592 4728 etiam
1625 4675 1816 4729 urbem
1869 4675 1993 4729 uni-

429 4777 645 4817 versam
678 4762 886 4827 obibat,
919 4777 1087 4833 seque
1120 4763 1327 4817 feriens
1359 4764 1575 4818 aiebat:
1609 4764 1729 4819 «Vae
1764 4781 1840 4820 va:
1862 4766 1994 4819 Hic-

427 4854 761 4923 rosolymze.»
824 4852 1049 4908 Duobus
1096 4855 1296 4924 elapsis
1322 4856 1482 4908 annis
1508 4857 1725 4926 cingula
1754 4872 1850 4911 sua
1883 4858 1992 4926 cly-

427 4958 761 5012 pcorumque
801 4945 950 4998 coria
995 4946 1349 4999 mandebant.
1416 4946 1578 5002 Forte
1606 4948 1803 5002 mulier
1843 4964 1993 5018 quae-

425 5036 566 5095 dam,
595 5049 716 5103 quae
748 5033 929 5089 Maria:
976 5050 1179 5091 nomen
1228 5037 1478 5103 haberet,
1512 5038 1807 5093 admodum
1856 5056 1994 5107 opn-

424 5130 591 5191 lenta,
633 5127 685 5180 in
736 5126 930 5180 urbem
978 5142 1046 5180 ex
1099 5143 1229 5197 agro
1274 5128 1632 5198 'migraverat.
1701 5130 1829 5183 Eam
1864 5145 1987 5184 cum

424 5218 656 5288 populus
686 5228 993 5272 commeatu
1039 5218 1498 5288 facultatibusque
1526 5222 1643 5277 suis
1674 5223 1989 5292 spoliasset,

424 5324 519 5361 nec
551 5308 788 5377 amplius
832 5309 881 5362 ei
916 5309 1214 5377 quidquam
1252 5320 1539 5378 superaret
1568 5314 1712 5368 unde
1756 5313 1988 5380 viveret,

422 5402 590 5454 lilium
627 5414 787 5452 suum
824 5399 1116 5454 lactentem
1149 5410 1295 5455 assat
1336 5409 1392 5455 et
1439 5405 1698 5459 comedit.
1766 5405 1886 5473 Qua
1929 5422 1989 5462 re

417 5500 711 5560 conspecta
743 5492 929 5545 cuncti
961 5506 1125 5561 quam
1174 5479 1409 5562 primum
1459 5498 1635 5551 emori
1670 5501 1985 5569 cupiebant.

417 5583 624 5636 Eodem
661 5593 907 5649 tempore
931 5593 1127 5638 ventus
1156 5584 1346 5656 ingens
1368 5587 1606 5641 hostium
1633 5590 1851 5656 quidem
1884 5594 1986 5649 tela

418 5671 628 5725 directo
662 5670 716 5723 in
746 5669 961 5730 Iudaeos
994 5675 1223 5744 ferebat,
1256 5677 1570 5734 Judmorum
1594 5693 1723 5733 vero
1746 5682 1987 5753 abripie-

2097 4498 2362 4566 νοπηγίας
2396 4499 2570 4554 ἐλθὼν
2600 4501 2658 4552 ἐν
2692 4501 2771 4569 τῷ
2799 4503 2931 4573 ἱερῷ
2952 4502 3221 4572 ἀνέκραξε
3246 4508 3396 4574 φωνῇ
3427 4505 3527 4558 ἀπὸ
3544 4503 3630 4555 τῶν

2092 4592 2389 4661 τεσσάρων.
2408 4590 2591 4661 μερῶν
2612 4593 2704 4644 ἐπὶ
2730 4592 3090 4664 Ἰεροσόλυμα
3117 4596 3210 4647 καὶ
3239 4596 3330 4647 τὸν
3356 4596 3498 4655 λαὸν,
3516 4592 3624 4645 ἀλλὰ

2094 4682 2189 4732 καὶ
2208 4682 2306 4750 τὴν
2336 4681 2488 4733 πόλιν
2528 4685 2709 4736 πᾶσαν
2743 4686 3166 4755 περιερχόμενος
3200 4689 3295 4741 καὶ
3331 4687 3625 4754 τυπτόμενες

2093 4770 2304 4839 ἔλεγεν·
2359 4789 2377 4822 ι
2418 4774 2574 4835 Οὐαί,
2635 4776 2780 4840 οὑπὶ,
2815 4774 3192 4846 Ἰεροσόλυμα.
3230 4797 3248 4829 ι
3299 4781 3400 4831 Δύο
3421 4783 3508 4831 καὶ
3538 4782 3623 4843 γὰρ

2093 4867 2184 4934 ἔτι]
2251 4868 2766 4936 περικυκλωθέντες
2808 4871 2903 4922 καὶ
2954 4871 3337 4940 ἀπορήσαντες
3384 4876 3502 4934 τοὺς
3536 4873 3621 4933 ζω-

2094 4959 2299 5028 στῆρας
2330 4961 2424 5012 καὶ
2448 4962 2515 5013 τὰ
2547 4959 2793 5031 δέρματα
2813 4962 2921 5014 τῶν
2953 4963 3162 5032 θυρεῶν
3187 4966 3486 5033 ἐμασῶντο.
3507 4964 3620 5028 Γυνὴ

2089 5051 2144 5102 δέ
2181 5068 2261 5113 τις
2289 5053 2478 5122 Μαρία
2506 5055 2765 5124 τοῦνομα,
2797 5055 3027 5107 πλουσία
3055 5053 3188 5110 οὖσα
3222 5060 3438 5127 σφὲδρα.
3462 5063 3517 5108 ἐκ
3542 5054 3618 5122 τῆς

2090 5142 2271 5212 χώρας
2327 5145 2461 5212 πρὸς
2513 5147 2612 5215 τὴν
2644 5149 2800 5199 πόλιν
2859 5147 3102 5218 εἰσῆλθε,
3155 5154 3251 5204 xa‘t
3284 5153 3349 5204 τὰ
3382 5150 3617 5221 προσάντει

2089 5234 2224 5303 αὐτῇ
2264 5236 2620 5290 σκυλευθείσα
2652 5238 2759 5292 ὑπὸ
2810 5239 2905 5293 τοῦ
2940 5240 3074 5294 λαοῦ
3105 5244 3197 5295 καὶ
3236 5244 3310 5314 μὴ
3342 5244 3522 5312 ἔχουσα
3544 5240 3618 5306 Cl?

2093 5341 2205 5385 σαι,
2230 5326 2448 5395 ύπομάζ
2456 5344 2533 5380 ιον
2556 5330 2727 5398 αὐτῆς
2760 5331 2928 5384 παῖδα
2960 5330 3249 5403 omnes
3269 5335 3449 5404 ἔφαγε.
3473 5332 3617 5385 Τοῦτο

2087 5413 2181 5468 οῦν
2236 5416 2437 5481 ἰδόντες
2470 5417 2700 5489 ηῦχοντο
2731 5424 2916 5491 τάχιον
2943 5424 3259 5497 ἀποθανεῖν.
3313 5428 3414 5479 Kal.
3449 5422 3611 5477 θύελλα

2086 5508 2207 5559 τότε
2235 5507 2487 5571 ἔπνευσε,
2522 5513 2614 5563 καὶ
2664 5512 2733 5564 τὰ
2762 5514 2861 5581 μὲν
2895 5513 3022 5585 βέλη
3055 5518 3162 5568 τῶν
3193 5518 3453 5586 ποὶεμίων
3479 5513 3608 5582 ὄρθια

2088 5598 2270 5669 ἒςερε,
2333 5601 2402 5652 τὰ
2438 5601 2493 5653 δὲ
2524 5602 2633 5655 τῶν
2686 5604 2960 5659 Ἰουδαίων
3027 5607 3254 5676 πλάγια,
3290 5610 3358 5671 ὡς
3394 5605 3605 5657 ἐντεῦθεν

2090 5694 2182 5743 κίε
2239 5693 2336 5763 τὴν
2384 5693 2648 5765 Ἱερεμίου
2704 5701 3045 5770 sesami!“
3103 5703 3270 5774 πέρας
3319 5700 3490 5753 me»
3531 5695 3604 5761 τῆν
