  <div class='ocr_page' id='page_1' title='image "/cluster/home/n/w/nwhite01/storage/ocr_20150623/158/mdp.39015078384701/276.png"; bbox 0 0 3794 6226; ppageno 0'>
   <div class='ocr_carea' id='block_1_1' title="bbox 164 279 249 343">
    <p class='ocr_par' dir='ltr' id='par_1_1' title="bbox 164 279 249 343">
     <span class='ocr_line' id='line_1_1' title="bbox 164 279 249 343; baseline 0.047 -3"><span class='ocrx_word' id='word_1_1' title='bbox 164 279 249 343; x_wconf 66' lang='lat'><strong>477</strong></span> 
     </span>
    </p>
   </div>
   <div class='ocr_carea' id='block_1_2' title="bbox 1357 279 2136 339">
    <p class='ocr_par' dir='ltr' id='par_1_2' title="bbox 1357 279 2136 339">
     <span class='ocr_line' id='line_1_2' title="bbox 1357 279 2136 339; baseline 0.003 -3"><span class='ocrx_word' id='word_1_2' title='bbox 1357 279 1754 339; x_wconf 68' lang='lat' dir='ltr'><strong>ANNALIUM</strong></span> <span class='ocrx_word' id='word_1_3' title='bbox 1806 281 1995 338; x_wconf 74' lang='lat' dir='ltr'><strong>PARS</strong></span> <span class='ocrx_word' id='word_1_4' title='bbox 2041 281 2136 339; x_wconf 66' lang='lat' dir='ltr'><strong>iV.</strong></span> 
     </span>
    </p>
   </div>
   <div class='ocr_carea' id='block_1_3' title="bbox 3259 287 3362 349">
    <p class='ocr_par' dir='ltr' id='par_1_3' title="bbox 3259 287 3362 349">
     <span class='ocr_line' id='line_1_3' title="bbox 3259 287 3362 349; baseline 0.019 -2"><span class='ocrx_word' id='word_1_5' title='bbox 3259 287 3362 349; x_wconf 61' lang='lat'><strong>4.73</strong></span> 
     </span>
    </p>
   </div>
   <div class='ocr_carea' id='block_1_4' title="bbox 160 395 1695 469">
    <p class='ocr_par' dir='ltr' id='par_1_4' title="bbox 160 395 1681 466">
     <span class='ocr_line' id='line_1_4' title="bbox 160 395 1681 466; baseline -0.003 -14"><span class='ocrx_word' id='word_1_6' title='bbox 160 407 179 454; x_wconf 74' lang='grc' dir='ltr'>ὁ</span> <span class='ocrx_word' id='word_1_7' title='bbox 204 402 426 459; x_wconf 69' lang='lat' dir='ltr'><strong>ximam;</strong></span> <span class='ocrx_word' id='word_1_8' title='bbox 476 395 613 448; x_wconf 73' lang='grc' dir='ltr'><strong>κατᾶ</strong></span> <span class='ocrx_word' id='word_1_9' title='bbox 649 398 875 466; x_wconf 66' lang='grc' dir='ltr'>Περσῶν</span> <span class='ocrx_word' id='word_1_10' title='bbox 908 397 1004 464; x_wconf 74' lang='grc' dir='ltr'>τὴν</span> <span class='ocrx_word' id='word_1_11' title='bbox 1038 398 1391 466; x_wconf 59' lang='lat' dir='ltr'><strong>imi-prum</strong></span> <span class='ocrx_word' id='word_1_12' title='bbox 1424 396 1681 463; x_wconf 76' lang='grc' dir='ltr'>ποιούμε-</span> 
     </span>
    </p>
   </div>
   <div class='ocr_carea' id='block_1_5' title="bbox 1801 395 3363 469">
    <p class='ocr_par' dir='ltr' id='par_1_5' title="bbox 1808 395 3363 469">
     <span class='ocr_line' id='line_1_5' title="bbox 1808 395 3363 469; baseline 0.005 -21"><span class='ocrx_word' id='word_1_13' title='bbox 1808 395 1918 448; x_wconf 87' lang='lat' dir='ltr'><strong>ium</strong></span> <span class='ocrx_word' id='word_1_14' title='bbox 1952 396 2211 450; x_wconf 72' lang='lat' dir='ltr'><strong>Caesarem</strong></span> <span class='ocrx_word' id='word_1_15' title='bbox 2244 398 2550 463; x_wconf 70' lang='lat' dir='ltr'><strong>pontificem</strong></span> <span class='ocrx_word' id='word_1_16' title='bbox 2592 400 2642 452; x_wconf 86' lang='lat' dir='ltr'><strong>id</strong></span> <span class='ocrx_word' id='word_1_17' title='bbox 2707 401 2968 469; x_wconf 69' lang='lat' dir='ltr'><strong>temporis</strong></span> <span class='ocrx_word' id='word_1_18' title='bbox 3020 401 3208 467; x_wconf 82' lang='lat' dir='ltr'><strong>fuisse,</strong></span> <span class='ocrx_word' id='word_1_19' title='bbox 3240 418 3363 457; x_wconf 90' lang='lat' dir='ltr'><strong>cum</strong></span> 
     </span>
    </p>
   </div>
   <div class='ocr_carea' id='block_1_6' title="bbox 156 489 1680 559">
    <p class='ocr_par' dir='ltr' id='par_1_6' title="bbox 156 489 1680 559">
     <span class='ocr_line' id='line_1_6' title="bbox 156 489 1680 559; baseline -0.002 -16"><span class='ocrx_word' id='word_1_20' title='bbox 156 515 247 556; x_wconf 74' lang='grc' dir='ltr'>νος,</span> <span class='ocrx_word' id='word_1_21' title='bbox 282 490 408 544; x_wconf 77' lang='grc' dir='ltr'>Ἀλλ’</span> <span class='ocrx_word' id='word_1_22' title='bbox 435 491 495 542; x_wconf 77' lang='grc' dir='ltr'>οὗ</span> <span class='ocrx_word' id='word_1_23' title='bbox 521 491 669 541; x_wconf 75' lang='grc' dir='ltr'>δοκεῖ</span> <span class='ocrx_word' id='word_1_24' title='bbox 702 492 873 542; x_wconf 61' lang='grc' dir='ltr'><strong>ταίτα</strong></span> <span class='ocrx_word' id='word_1_25' title='bbox 901 491 992 542; x_wconf 80' lang='grc' dir='ltr'><strong>καὶ</strong></span> <span class='ocrx_word' id='word_1_26' title='bbox 1026 491 1103 559; x_wconf 79' lang='grc' dir='ltr'>τῷ</span> <span class='ocrx_word' id='word_1_27' title='bbox 1145 490 1366 556; x_wconf 79' lang='grc' dir='ltr'>μεγάλῳ</span> <span class='ocrx_word' id='word_1_28' title='bbox 1391 489 1680 558; x_wconf 79' lang='grc' dir='ltr'>Γρηγορίῳ</span> 
     </span>
    </p>
   </div>
   <div class='ocr_carea' id='block_1_7' title="bbox 156 578 1686 658">
    <p class='ocr_par' dir='ltr' id='par_1_7' title="bbox 156 578 1686 658">
     <span class='ocr_line' id='line_1_7' title="bbox 156 578 1686 658; baseline -0.004 -18"><span class='ocrx_word' id='word_1_29' title='bbox 156 586 458 658; x_wconf 75' lang='grc' dir='ltr'>τῷΘεολόγῳ</span> <span class='ocrx_word' id='word_1_30' title='bbox 478 597 492 612; x_wconf 80' lang='grc'><strong><em>⁸</em></strong></span> <span class='ocrx_word' id='word_1_31' title='bbox 525 586 572 635; x_wconf 83' lang='grc' dir='ltr'>εἰ</span> <span class='ocrx_word' id='word_1_32' title='bbox 601 587 711 652; x_wconf 71' lang='grc' dir='ltr'><strong>γὰρ</strong></span> <span class='ocrx_word' id='word_1_33' title='bbox 746 587 802 634; x_wconf 84' lang='grc' dir='ltr'>ἐν</span> <span class='ocrx_word' id='word_1_34' title='bbox 831 589 942 645; x_wconf 77' lang='grc' dir='ltr'>τοῖς</span> <span class='ocrx_word' id='word_1_35' title='bbox 974 585 1308 653; x_wconf 78' lang='grc' dir='ltr'><strong>προοιμίοις,</strong></span> <span class='ocrx_word' id='word_1_36' title='bbox 1334 584 1513 646; x_wconf 82' lang='grc' dir='ltr'>καθὼς</span> <span class='ocrx_word' id='word_1_37' title='bbox 1530 578 1686 644; x_wconf 73' lang='grc' dir='ltr'>οὗτός</span> 
     </span>
    </p>
   </div>
   <div class='ocr_carea' id='block_1_8' title="bbox 157 677 1686 752">
    <p class='ocr_par' dir='ltr' id='par_1_8' title="bbox 157 677 1686 752">
     <span class='ocr_line' id='line_1_8' title="bbox 157 677 1686 752; baseline -0.005 -19"><span class='ocrx_word' id='word_1_38' title='bbox 157 698 287 752; x_wconf 61' lang='grc' dir='ltr'>φησι,</span> <span class='ocrx_word' id='word_1_39' title='bbox 321 679 403 732; x_wconf 78' lang='grc' dir='ltr'>τοῦ</span> <span class='ocrx_word' id='word_1_40' title='bbox 438 677 575 745; x_wconf 79' lang='grc' dir='ltr'>μετὰ</span> <span class='ocrx_word' id='word_1_41' title='bbox 621 677 791 730; x_wconf 76' lang='grc' dir='ltr'>ταῦτα</span> <span class='ocrx_word' id='word_1_42' title='bbox 843 679 1226 747; x_wconf 80' lang='grc' dir='ltr'><strong>κρατήσαντος</strong></span> <span class='ocrx_word' id='word_1_43' title='bbox 1266 677 1686 738; x_wconf 83' lang='grc' dir='ltr'>Οὐάλεντος·εἱς</span> 
     </span>
    </p>
   </div>
   <div class='ocr_carea' id='block_1_9' title="bbox 158 767 1686 842">
    <p class='ocr_par' dir='ltr' id='par_1_9' title="bbox 158 767 1686 842">
     <span class='ocr_line' id='line_1_9' title="bbox 158 767 1686 842; baseline -0.006 -15"><span class='ocrx_word' id='word_1_44' title='bbox 158 775 329 842; x_wconf 77' lang='grc' dir='ltr'>Πόντον</span> <span class='ocrx_word' id='word_1_45' title='bbox 364 769 590 837; x_wconf 69' lang='grc' dir='ltr'>ἐκάθητο</span> <span class='ocrx_word' id='word_1_46' title='bbox 615 771 642 820; x_wconf 89' lang='grc' dir='ltr'>ὁ</span> <span class='ocrx_word' id='word_1_47' title='bbox 678 768 852 837; x_wconf 79' lang='grc' dir='ltr'>μέγας</span> <span class='ocrx_word' id='word_1_48' title='bbox 885 769 1189 833; x_wconf 79' lang='grc' dir='ltr'>Πασίλειος,</span> <span class='ocrx_word' id='word_1_49' title='bbox 1243 767 1338 822; x_wconf 78' lang='grc' dir='ltr'>τοῦ</span> <span class='ocrx_word' id='word_1_50' title='bbox 1394 767 1686 821; x_wconf 78' lang='grc' dir='ltr'>Εὑσεϐείου</span> 
     </span>
    </p>
   </div>
   <div class='ocr_carea' id='block_1_10' title="bbox 158 861 1690 932">
    <p class='ocr_par' dir='ltr' id='par_1_10' title="bbox 158 861 1690 932">
     <span class='ocr_line' id='line_1_10' title="bbox 158 861 1690 932; baseline -0.001 -15"><span class='ocrx_word' id='word_1_51' title='bbox 158 864 421 932; x_wconf 75' lang='grc' dir='ltr'>τηνικαῦτα</span> <span class='ocrx_word' id='word_1_52' title='bbox 475 863 575 930; x_wconf 76' lang='grc' dir='ltr'>τῆς</span> <span class='ocrx_word' id='word_1_53' title='bbox 641 863 963 930; x_wconf 73' lang='grc' dir='ltr'><strong>Καισαρέων</strong></span> <span class='ocrx_word' id='word_1_54' title='bbox 1017 861 1453 932; x_wconf 77' lang='grc' dir='ltr'><strong>χρηματίζοντος</strong></span> <span class='ocrx_word' id='word_1_55' title='bbox 1503 863 1690 931; x_wconf 82' lang='grc' dir='ltr'>ἀρχιε-</span> 
     </span>
    </p>
   </div>
   <div class='ocr_carea' id='block_1_11' title="bbox 163 951 1690 1032">
    <p class='ocr_par' dir='ltr' id='par_1_11' title="bbox 163 951 1690 1032">
     <span class='ocr_line' id='line_1_11' title="bbox 163 951 1690 1032; baseline -0.003 -21"><span class='ocrx_word' id='word_1_56' title='bbox 163 967 292 1032; x_wconf 70' lang='grc' dir='ltr'>ρέως,</span> <span class='ocrx_word' id='word_1_57' title='bbox 319 957 487 1025; x_wconf 75' lang='grc' dir='ltr'>πολλῷ</span> <span class='ocrx_word' id='word_1_58' title='bbox 547 957 747 1019; x_wconf 83' lang='grc' dir='ltr'>μᾶλλον</span> <span class='ocrx_word' id='word_1_59' title='bbox 788 958 895 1007; x_wconf 74' lang='grc' dir='ltr'><strong>ὀὐκ</strong></span> <span class='ocrx_word' id='word_1_60' title='bbox 948 951 1014 1016; x_wconf 73' lang='grc' dir='ltr'>ἦν</span> <span class='ocrx_word' id='word_1_61' title='bbox 1046 957 1255 1018; x_wconf 81' lang='grc' dir='ltr'>ἐκεῖνος</span> <span class='ocrx_word' id='word_1_62' title='bbox 1307 957 1596 1024; x_wconf 71' lang='grc' dir='ltr'>ἀρχιερεὺς</span> <span class='ocrx_word' id='word_1_63' title='bbox 1633 957 1690 1006; x_wconf 80' lang='grc' dir='ltr'><strong>ἐν</strong></span> 
     </span>
    </p>
   </div>
   <div class='ocr_carea' id='block_1_12' title="bbox 160 1043 1690 1118">
    <p class='ocr_par' dir='ltr' id='par_1_12' title="bbox 160 1043 1690 1118">
     <span class='ocr_line' id='line_1_12' title="bbox 160 1043 1690 1118; baseline -0.004 -16"><span class='ocrx_word' id='word_1_64' title='bbox 160 1053 246 1112; x_wconf 85' lang='grc' dir='ltr'>τοῖς</span> <span class='ocrx_word' id='word_1_65' title='bbox 283 1049 476 1118; x_wconf 70' lang='grc' dir='ltr'>χρόνοις</span> <span class='ocrx_word' id='word_1_66' title='bbox 507 1047 824 1100; x_wconf 85' lang='grc' dir='ltr'>’1ουλιανοῦ.</span> <span class='ocrx_word' id='word_1_67' title='bbox 879 1049 1135 1102; x_wconf 78' lang='grc' dir='ltr'>Φαίνεται</span> <span class='ocrx_word' id='word_1_68' title='bbox 1181 1043 1273 1100; x_wconf 79' lang='grc' dir='ltr'><strong>οὗν</strong></span> <span class='ocrx_word' id='word_1_69' title='bbox 1324 1047 1574 1100; x_wconf 73' lang='grc' dir='ltr'>ἐντεῦθεν</span> <span class='ocrx_word' id='word_1_70' title='bbox 1617 1047 1690 1108; x_wconf 78' lang='grc' dir='ltr'>ὡς</span> 
     </span>
    </p>
   </div>
   <div class='ocr_carea' id='block_1_13' title="bbox 160 1133 1690 1211">
    <p class='ocr_par' dir='ltr' id='par_1_13' title="bbox 160 1133 1690 1211">
     <span class='ocr_line' id='line_1_13' title="bbox 160 1133 1690 1211; baseline -0.003 -17"><span class='ocrx_word' id='word_1_71' title='bbox 160 1142 260 1194; x_wconf 59' lang='grc' dir='ltr'>οὔτε</span> <span class='ocrx_word' id='word_1_72' title='bbox 288 1141 371 1191; x_wconf 79' lang='grc' dir='ltr'><strong>τὸν</strong></span> <span class='ocrx_word' id='word_1_73' title='bbox 402 1140 570 1207; x_wconf 78' lang='grc' dir='ltr'>μέγαν</span> <span class='ocrx_word' id='word_1_74' title='bbox 602 1140 887 1192; x_wconf 74' lang='grc' dir='ltr'>Βασίλειον</span> <span class='ocrx_word' id='word_1_75' title='bbox 930 1133 1088 1210; x_wconf 71' lang='grc' dir='ltr'>εὗρεν</span> <span class='ocrx_word' id='word_1_76' title='bbox 1121 1141 1381 1211; x_wconf 79' lang='grc' dir='ltr'>ἀρχιερέα</span> <span class='ocrx_word' id='word_1_77' title='bbox 1404 1140 1690 1210; x_wconf 73' lang='grc' dir='ltr'>διερχόμε-</span> 
     </span>
    </p>
   </div>
   <div class='ocr_carea' id='block_1_14' title="bbox 160 1230 1690 1303">
    <p class='ocr_par' dir='ltr' id='par_1_14' title="bbox 160 1230 1690 1303">
     <span class='ocr_line' id='line_1_14' title="bbox 160 1230 1690 1303; baseline -0.004 -16"><span class='ocrx_word' id='word_1_78' title='bbox 160 1253 229 1297; x_wconf 84' lang='grc' dir='ltr'><strong>νος</strong></span> <span class='ocrx_word' id='word_1_79' title='bbox 258 1231 598 1294; x_wconf 81' lang='grc' dir='ltr'>ὀἸουλιανὸς,</span> <span class='ocrx_word' id='word_1_80' title='bbox 631 1230 756 1284; x_wconf 80' lang='grc' dir='ltr'>οὔτε</span> <span class='ocrx_word' id='word_1_81' title='bbox 782 1232 1080 1302; x_wconf 72' lang='grc' dir='ltr'>ἠπείλησεν</span> <span class='ocrx_word' id='word_1_82' title='bbox 1111 1232 1260 1302; x_wconf 79' lang='grc' dir='ltr'><strong>αὖτῷ</strong></span> <span class='ocrx_word' id='word_1_83' title='bbox 1288 1236 1378 1285; x_wconf 74' lang='grc' dir='ltr'>καὶ</span> <span class='ocrx_word' id='word_1_84' title='bbox 1396 1235 1461 1303; x_wconf 82' lang='grc' dir='ltr'>τῇ</span> <span class='ocrx_word' id='word_1_85' title='bbox 1493 1234 1690 1302; x_wconf 74' lang='grc' dir='ltr'>ἐκκλη-</span> 
     </span>
    </p>
   </div>
   <div class='ocr_carea' id='block_1_15' title="bbox 162 1321 1692 1394">
    <p class='ocr_par' dir='ltr' id='par_1_15' title="bbox 162 1321 1692 1394">
     <span class='ocr_line' id='line_1_15' title="bbox 162 1321 1692 1394; baseline 0 -17"><span class='ocrx_word' id='word_1_86' title='bbox 162 1326 236 1394; x_wconf 74' lang='grc' dir='ltr'><strong>σία</strong></span> <span class='ocrx_word' id='word_1_87' title='bbox 258 1321 428 1376; x_wconf 82' lang='grc' dir='ltr'>αὑτοῦ.</span> <span class='ocrx_word' id='word_1_88' title='bbox 467 1321 611 1374; x_wconf 79' lang='grc' dir='ltr'>’Δλλ’</span> <span class='ocrx_word' id='word_1_89' title='bbox 642 1321 767 1376; x_wconf 70' lang='grc' dir='ltr'>οὔτε</span> <span class='ocrx_word' id='word_1_90' title='bbox 796 1322 980 1392; x_wconf 82' lang='grc' dir='ltr'>δέησιν</span> <span class='ocrx_word' id='word_1_91' title='bbox 1029 1325 1239 1386; x_wconf 77' lang='grc' dir='ltr'>ἐκεῖνος</span> <span class='ocrx_word' id='word_1_92' title='bbox 1272 1323 1463 1376; x_wconf 74' lang='grc' dir='ltr'>τούτου</span> <span class='ocrx_word' id='word_1_93' title='bbox 1505 1324 1692 1377; x_wconf 78' lang='grc' dir='ltr'>ἕνεκεν</span> 
     </span>
    </p>
   </div>
   <div class='ocr_carea' id='block_1_16' title="bbox 161 1413 1692 1486">
    <p class='ocr_par' dir='ltr' id='par_1_16' title="bbox 161 1413 1692 1486">
     <span class='ocr_line' id='line_1_16' title="bbox 161 1413 1692 1486; baseline 0 -19"><span class='ocrx_word' id='word_1_94' title='bbox 161 1413 440 1482; x_wconf 78' lang='grc' dir='ltr'>ἐποιήσατο,</span> <span class='ocrx_word' id='word_1_95' title='bbox 477 1413 601 1464; x_wconf 70' lang='grc' dir='ltr'>οὔτε</span> <span class='ocrx_word' id='word_1_96' title='bbox 639 1413 746 1482; x_wconf 84' lang='grc' dir='ltr'><strong>μὴν</strong></span> <span class='ocrx_word' id='word_1_97' title='bbox 803 1415 882 1476; x_wconf 80' lang='grc' dir='ltr'>εἰς</span> <span class='ocrx_word' id='word_1_98' title='bbox 936 1413 1215 1481; x_wconf 81' lang='grc' dir='ltr'>ἀναίρεσιν</span> <span class='ocrx_word' id='word_1_99' title='bbox 1271 1415 1554 1486; x_wconf 74' lang='grc' dir='ltr'><strong>ἀπεστάλη</strong></span> <span class='ocrx_word' id='word_1_100' title='bbox 1597 1414 1692 1467; x_wconf 81' lang='grc' dir='ltr'>τοῦ</span> 
     </span>
    </p>
   </div>
   <div class='ocr_carea' id='block_1_17' title="bbox 161 1507 1692 1579">
    <p class='ocr_par' dir='ltr' id='par_1_17' title="bbox 161 1507 1692 1579">
     <span class='ocr_line' id='line_1_17' title="bbox 161 1507 1692 1579; baseline -0.001 -17"><span class='ocrx_word' id='word_1_101' title='bbox 161 1507 440 1578; x_wconf 75' lang='grc' dir='ltr'>παραϐἀτου</span> <span class='ocrx_word' id='word_1_102' title='bbox 471 1508 498 1558; x_wconf 89' lang='grc' dir='ltr'>ὁ</span> <span class='ocrx_word' id='word_1_103' title='bbox 525 1507 769 1576; x_wconf 71' lang='grc' dir='ltr'>Χριστοῦ</span> <span class='ocrx_word' id='word_1_104' title='bbox 819 1508 1032 1578; x_wconf 82' lang='grc' dir='ltr'>μάρτυς</span> <span class='ocrx_word' id='word_1_105' title='bbox 1079 1507 1427 1578; x_wconf 85' lang='grc' dir='ltr'>Μερκούριος</span> <span class='ocrx_word' id='word_1_106' title='bbox 1452 1525 1466 1539; x_wconf 79' lang='grc' dir='ltr'><strong>ο</strong></span> <span class='ocrx_word' id='word_1_107' title='bbox 1496 1511 1546 1562; x_wconf 90' lang='grc' dir='ltr'>εἰ</span> <span class='ocrx_word' id='word_1_108' title='bbox 1581 1514 1692 1579; x_wconf 66' lang='grc' dir='ltr'><strong>γὰρ</strong></span> 
     </span>
    </p>
   </div>
   <div class='ocr_carea' id='block_1_18' title="bbox 159 1598 1694 1672">
    <p class='ocr_par' dir='ltr' id='par_1_18' title="bbox 159 1598 1694 1672">
     <span class='ocr_line' id='line_1_18' title="bbox 159 1598 1694 1672; baseline 0.002 -20"><span class='ocrx_word' id='word_1_109' title='bbox 159 1599 283 1652; x_wconf 81' lang='grc' dir='ltr'>ταῦθ’</span> <span class='ocrx_word' id='word_1_110' title='bbox 310 1598 447 1652; x_wconf 73' lang='grc' dir='ltr'>οὕτω</span> <span class='ocrx_word' id='word_1_111' title='bbox 478 1599 727 1668; x_wconf 80' lang='grc' dir='ltr'>γέγονεν,</span> <span class='ocrx_word' id='word_1_112' title='bbox 764 1600 866 1652; x_wconf 83' lang='grc' dir='ltr'><strong>οὐκ</strong></span> <span class='ocrx_word' id='word_1_113' title='bbox 895 1599 962 1653; x_wconf 79' lang='grc' dir='ltr'><strong>ἂν</strong></span> <span class='ocrx_word' id='word_1_114' title='bbox 990 1601 1017 1653; x_wconf 81' lang='grc' dir='ltr'>ὁ</span> <span class='ocrx_word' id='word_1_115' title='bbox 1049 1601 1341 1664; x_wconf 83' lang='grc' dir='ltr'>ἀκοντίσας</span> <span class='ocrx_word' id='word_1_116' title='bbox 1371 1602 1536 1654; x_wconf 72' lang='grc' dir='ltr'>αὑτὸν</span> <span class='ocrx_word' id='word_1_117' title='bbox 1566 1603 1694 1672; x_wconf 79' lang='grc' dir='ltr'><strong>ἄδη-</strong></span> 
     </span>
    </p>
   </div>
   <div class='ocr_carea' id='block_1_19' title="bbox 157 1689 1694 1765">
    <p class='ocr_par' dir='ltr' id='par_1_19' title="bbox 157 1689 1694 1765">
     <span class='ocr_line' id='line_1_19' title="bbox 157 1689 1694 1765; baseline 0.001 -20"><span class='ocrx_word' id='word_1_118' title='bbox 157 1696 229 1756; x_wconf 89' lang='grc' dir='ltr'><strong>λος</strong></span> <span class='ocrx_word' id='word_1_119' title='bbox 253 1689 312 1762; x_wconf 82' lang='grc' dir='ltr'>ἦν</span> <span class='ocrx_word' id='word_1_120' title='bbox 340 1692 497 1762; x_wconf 84' lang='grc' dir='ltr'>μέχρι</span> <span class='ocrx_word' id='word_1_121' title='bbox 529 1693 624 1746; x_wconf 73' lang='grc' dir='ltr'>καὶ</span> <span class='ocrx_word' id='word_1_122' title='bbox 655 1693 920 1764; x_wconf 80' lang='grc' dir='ltr'>τήμερον.</span> <span class='ocrx_word' id='word_1_123' title='bbox 955 1693 1221 1765; x_wconf 85' lang='grc' dir='ltr'>Ἀκοντῐῳ</span> <span class='ocrx_word' id='word_1_124' title='bbox 1247 1693 1426 1747; x_wconf 80' lang='grc' dir='ltr'>τοίνυν</span> <span class='ocrx_word' id='word_1_125' title='bbox 1459 1696 1488 1746; x_wconf 87' lang='grc' dir='ltr'>ὁ</span> <span class='ocrx_word' id='word_1_126' title='bbox 1511 1694 1694 1758; x_wconf 82' lang='grc' dir='ltr'>ἄθλιος</span> 
     </span>
    </p>
   </div>
   <div class='ocr_carea' id='block_1_20' title="bbox 159 1784 1697 1860">
    <p class='ocr_par' dir='ltr' id='par_1_20' title="bbox 159 1784 1697 1860">
     <span class='ocr_line' id='line_1_20' title="bbox 159 1784 1697 1860; baseline 0.001 -23"><span class='ocrx_word' id='word_1_127' title='bbox 159 1787 394 1858; x_wconf 76' lang='grc' dir='ltr'>βάλλεται,</span> <span class='ocrx_word' id='word_1_128' title='bbox 427 1784 534 1839; x_wconf 79' lang='grc' dir='ltr'><strong>κᾶν</strong></span> <span class='ocrx_word' id='word_1_129' title='bbox 563 1787 591 1838; x_wconf 86' lang='grc' dir='ltr'><strong>ὁ</strong></span> <span class='ocrx_word' id='word_1_130' title='bbox 623 1785 918 1860; x_wconf 54' lang='grc' dir='ltr'>ἀκοντίσας</span> <span class='ocrx_word' id='word_1_131' title='bbox 939 1786 1157 1856; x_wconf 81' lang='grc' dir='ltr'>ἄδηλος.</span> <span class='ocrx_word' id='word_1_132' title='bbox 1205 1787 1294 1850; x_wconf 84' lang='grc' dir='ltr'>Ὠς</span> <span class='ocrx_word' id='word_1_133' title='bbox 1325 1786 1382 1839; x_wconf 84' lang='grc' dir='ltr'><strong>δὲ</strong></span> <span class='ocrx_word' id='word_1_134' title='bbox 1415 1786 1524 1855; x_wconf 77' lang='grc' dir='ltr'><strong>ἐγώ</strong></span> <span class='ocrx_word' id='word_1_135' title='bbox 1554 1803 1697 1848; x_wconf 88' lang='grc' dir='ltr'>τινος</span> 
     </span>
    </p>
   </div>
   <div class='ocr_carea' id='block_1_21' title="bbox 158 1878 1694 1950">
    <p class='ocr_par' dir='ltr' id='par_1_21' title="bbox 158 1878 1694 1950">
     <span class='ocr_line' id='line_1_21' title="bbox 158 1878 1694 1950; baseline 0.001 -19"><span class='ocrx_word' id='word_1_136' title='bbox 158 1881 350 1948; x_wconf 76' lang='grc' dir='ltr'>ἧκουσα,</span> <span class='ocrx_word' id='word_1_137' title='bbox 389 1881 555 1950; x_wconf 73' lang='grc' dir='ltr'>φησὶν</span> <span class='ocrx_word' id='word_1_138' title='bbox 592 1879 622 1931; x_wconf 85' lang='grc' dir='ltr'><strong>ὁ</strong></span> <span class='ocrx_word' id='word_1_139' title='bbox 655 1878 937 1946; x_wconf 80' lang='grc' dir='ltr'>Θεόλογὸς,</span> <span class='ocrx_word' id='word_1_140' title='bbox 973 1879 1108 1949; x_wconf 82' lang='grc' dir='ltr'><strong>μηδὲ</strong></span> <span class='ocrx_word' id='word_1_141' title='bbox 1133 1878 1208 1948; x_wconf 83' lang='grc' dir='ltr'>τῷ</span> <span class='ocrx_word' id='word_1_142' title='bbox 1229 1880 1385 1950; x_wconf 69' lang='grc' dir='ltr'>τάφῳ</span> <span class='ocrx_word' id='word_1_143' title='bbox 1408 1879 1694 1950; x_wconf 85' lang='grc' dir='ltr'>προσλαμ-</span> 
     </span>
    </p>
   </div>
   <div class='ocr_carea' id='block_1_22' title="bbox 159 1972 1696 2043">
    <p class='ocr_par' dir='ltr' id='par_1_22' title="bbox 159 1972 1696 2043">
     <span class='ocr_line' id='line_1_22' title="bbox 159 1972 1696 2043; baseline -0.001 -19"><span class='ocrx_word' id='word_1_144' title='bbox 159 1973 384 2026; x_wconf 78' lang='grc' dir='ltr'>ΰὰνεσθαι</span> <span class='ocrx_word' id='word_1_145' title='bbox 416 1973 606 2039; x_wconf 79' lang='grc' dir='ltr'>αὐτὸν,</span> <span class='ocrx_word' id='word_1_146' title='bbox 639 1972 756 2027; x_wconf 76' lang='grc' dir='ltr'>ἀλλ’</span> <span class='ocrx_word' id='word_1_147' title='bbox 782 1973 887 2025; x_wconf 79' lang='grc' dir='ltr'>ὑπὸ</span> <span class='ocrx_word' id='word_1_148' title='bbox 917 1975 1016 2043; x_wconf 81' lang='grc' dir='ltr'>τῆς</span> <span class='ocrx_word' id='word_1_149' title='bbox 1070 1974 1380 2043; x_wconf 83' lang='grc' dir='ltr'>σειοθείσης</span> <span class='ocrx_word' id='word_1_150' title='bbox 1422 1973 1489 2026; x_wconf 86' lang='grc' dir='ltr'>δι’</span> <span class='ocrx_word' id='word_1_151' title='bbox 1531 1975 1696 2026; x_wconf 83' lang='grc' dir='ltr'>αὐτὸν</span> 
     </span>
    </p>
   </div>
   <div class='ocr_carea' id='block_1_23' title="bbox 160 2064 1693 2136">
    <p class='ocr_par' dir='ltr' id='par_1_23' title="bbox 160 2064 1693 2136">
     <span class='ocr_line' id='line_1_23' title="bbox 160 2064 1693 2136; baseline -0.001 -18"><span class='ocrx_word' id='word_1_152' title='bbox 160 2065 240 2133; x_wconf 78' lang='grc' dir='ltr'><strong>γῆς</strong></span> <span class='ocrx_word' id='word_1_153' title='bbox 266 2064 610 2118; x_wconf 81' lang='grc' dir='ltr'>ἁποσείεσθαί</span> <span class='ocrx_word' id='word_1_154' title='bbox 657 2082 714 2117; x_wconf 92' lang='grc' dir='ltr'><strong>τε</strong></span> <span class='ocrx_word' id='word_1_155' title='bbox 770 2065 866 2116; x_wconf 75' lang='grc' dir='ltr'>καὶ</span> <span class='ocrx_word' id='word_1_156' title='bbox 911 2064 1345 2135; x_wconf 81' lang='grc' dir='ltr'>ἁναϐράζεσθαι,</span> <span class='ocrx_word' id='word_1_157' title='bbox 1378 2066 1693 2136; x_wconf 83' lang='grc' dir='ltr'>προοίμιον,</span> 
     </span>
    </p>
   </div>
   <div class='ocr_carea' id='block_1_24' title="bbox 161 2153 1695 2226">
    <p class='ocr_par' dir='ltr' id='par_1_24' title="bbox 161 2153 1695 2226">
     <span class='ocr_line' id='line_1_24' title="bbox 161 2153 1695 2226; baseline -0.001 -18"><span class='ocrx_word' id='word_1_158' title='bbox 161 2153 301 2225; x_wconf 78' lang='grc' dir='ltr'>οἶμαι,</span> <span class='ocrx_word' id='word_1_159' title='bbox 337 2156 430 2225; x_wconf 79' lang='grc' dir='ltr'>τῆς</span> <span class='ocrx_word' id='word_1_160' title='bbox 497 2157 709 2209; x_wconf 81' lang='grc' dir='ltr'>ἐκεῖθεν</span> <span class='ocrx_word' id='word_1_161' title='bbox 772 2156 1075 2220; x_wconf 80' lang='grc' dir='ltr'>κολάσεως.</span> <span class='ocrx_word' id='word_1_162' title='bbox 1119 2156 1302 2208; x_wconf 84' lang='grc' dir='ltr'>Πολλὰ</span> <span class='ocrx_word' id='word_1_163' title='bbox 1349 2156 1458 2226; x_wconf 77' lang='grc' dir='ltr'><strong>γὰρ</strong></span> <span class='ocrx_word' id='word_1_164' title='bbox 1522 2157 1695 2226; x_wconf 77' lang='grc' dir='ltr'>μιαρὰ</span> 
     </span>
    </p>
   </div>
   <div class='ocr_carea' id='block_1_25' title="bbox 166 2249 1697 2321">
    <p class='ocr_par' dir='ltr' id='par_1_25' title="bbox 166 2249 1697 2321">
     <span class='ocr_line' id='line_1_25' title="bbox 166 2249 1697 2321; baseline -0.001 -19"><span class='ocrx_word' id='word_1_165' title='bbox 166 2252 357 2320; x_wconf 73' lang='grc' dir='ltr'>ποιήσας</span> <span class='ocrx_word' id='word_1_166' title='bbox 413 2250 551 2302; x_wconf 74' lang='grc' dir='ltr'>ὡσεὶ</span> <span class='ocrx_word' id='word_1_167' title='bbox 611 2249 750 2303; x_wconf 83' lang='grc' dir='ltr'>ἑτῶν</span> <span class='ocrx_word' id='word_1_168' title='bbox 783 2250 826 2301; x_wconf 86' lang='grc' dir='ltr'>λ’</span> <span class='ocrx_word' id='word_1_169' title='bbox 858 2249 1109 2321; x_wconf 84' lang='grc' dir='ltr'>τελευτᾷ.</span> <span class='ocrx_word' id='word_1_170' title='bbox 1156 2249 1318 2303; x_wconf 84' lang='grc' dir='ltr'><strong>Ἀλλὰ</strong></span> <span class='ocrx_word' id='word_1_171' title='bbox 1341 2253 1433 2302; x_wconf 71' lang='grc' dir='ltr'><strong>καὶ</strong></span> <span class='ocrx_word' id='word_1_172' title='bbox 1465 2253 1527 2302; x_wconf 81' lang='grc' dir='ltr'><strong>ἐκ</strong></span> <span class='ocrx_word' id='word_1_173' title='bbox 1558 2251 1697 2320; x_wconf 84' lang='grc' dir='ltr'>Περ-</span> 
     </span>
    </p>
   </div>
   <div class='ocr_carea' id='block_1_26' title="bbox 168 2343 1698 2415">
    <p class='ocr_par' dir='ltr' id='par_1_26' title="bbox 168 2343 1698 2415">
     <span class='ocr_line' id='line_1_26' title="bbox 168 2343 1698 2415; baseline 0.001 -21"><span class='ocrx_word' id='word_1_174' title='bbox 168 2343 272 2406; x_wconf 78' lang='grc' dir='ltr'>σὶδος</span> <span class='ocrx_word' id='word_1_175' title='bbox 313 2344 591 2415; x_wconf 84' lang='grc' dir='ltr'>δαιμόνιον</span> <span class='ocrx_word' id='word_1_176' title='bbox 642 2344 861 2407; x_wconf 77' lang='grc' dir='ltr'>στείλας</span> <span class='ocrx_word' id='word_1_177' title='bbox 910 2344 1047 2410; x_wconf 77' lang='grc' dir='ltr'>πρὸς</span> <span class='ocrx_word' id='word_1_178' title='bbox 1081 2343 1237 2397; x_wconf 81' lang='grc' dir='ltr'>δύσιν</span> <span class='ocrx_word' id='word_1_179' title='bbox 1268 2345 1360 2396; x_wconf 81' lang='grc' dir='ltr'>ἐπὶ</span> <span class='ocrx_word' id='word_1_180' title='bbox 1389 2344 1467 2413; x_wconf 85' lang='grc' dir='ltr'>τῷ</span> <span class='ocrx_word' id='word_1_181' title='bbox 1486 2344 1698 2412; x_wconf 83' lang='grc' dir='ltr'>ταχέως</span> 
     </span>
    </p>
   </div>
   <div class='ocr_carea' id='block_1_27' title="bbox 161 2434 1697 2506">
    <p class='ocr_par' dir='ltr' id='par_1_27' title="bbox 161 2434 1697 2506">
     <span class='ocr_line' id='line_1_27' title="bbox 161 2434 1697 2506; baseline 0.001 -19"><span class='ocrx_word' id='word_1_182' title='bbox 161 2437 350 2503; x_wconf 74' lang='grc' dir='ltr'>ἀγαγεῖν</span> <span class='ocrx_word' id='word_1_183' title='bbox 398 2437 720 2506; x_wconf 80' lang='grc' dir='ltr'>ἀπόκρισιν,</span> <span class='ocrx_word' id='word_1_184' title='bbox 775 2437 1080 2506; x_wconf 74' lang='grc' dir='ltr'>ἐσφάλλετο</span> <span class='ocrx_word' id='word_1_185' title='bbox 1133 2434 1413 2490; x_wconf 78' lang='grc' dir='ltr'>κάνταῦθα</span> <span class='ocrx_word' id='word_1_186' title='bbox 1442 2435 1537 2490; x_wconf 79' lang='grc' dir='ltr'>τοῦ</span> <span class='ocrx_word' id='word_1_187' title='bbox 1570 2454 1697 2489; x_wconf 83' lang='grc' dir='ltr'>σκο-</span> 
     </span>
    </p>
   </div>
   <div class='ocr_carea' id='block_1_28' title="bbox 162 2526 1698 2601">
    <p class='ocr_par' dir='ltr' id='par_1_28' title="bbox 162 2526 1698 2601">
     <span class='ocr_line' id='line_1_28' title="bbox 162 2526 1698 2601; baseline 0.001 -21"><span class='ocrx_word' id='word_1_188' title='bbox 162 2527 346 2582; x_wconf 76' lang='grc' dir='ltr'><strong>ποῦοτὸ</strong></span> <span class='ocrx_word' id='word_1_189' title='bbox 371 2529 476 2601; x_wconf 79' lang='grc' dir='ltr'><strong>γὰρ</strong></span> <span class='ocrx_word' id='word_1_190' title='bbox 509 2529 791 2601; x_wconf 81' lang='grc' dir='ltr'>δαιμόνιον</span> <span class='ocrx_word' id='word_1_191' title='bbox 843 2529 872 2582; x_wconf 81' lang='grc' dir='ltr'>ὃ</span> <span class='ocrx_word' id='word_1_192' title='bbox 933 2528 1148 2592; x_wconf 77' lang='grc' dir='ltr'>στείλας</span> <span class='ocrx_word' id='word_1_193' title='bbox 1200 2529 1425 2598; x_wconf 81' lang='grc' dir='ltr'>ὲντυχὸν</span> <span class='ocrx_word' id='word_1_194' title='bbox 1476 2526 1698 2598; x_wconf 87' lang='grc' dir='ltr'>μοναχῷ</span> 
     </span>
    </p>
   </div>
   <div class='ocr_carea' id='block_1_29' title="bbox 160 2618 1701 2688">
    <p class='ocr_par' dir='ltr' id='par_1_29' title="bbox 160 2618 1701 2688">
     <span class='ocr_line' id='line_1_29' title="bbox 160 2618 1701 2688; baseline 0.001 -20"><span class='ocrx_word' id='word_1_195' title='bbox 160 2634 244 2670; x_wconf 85' lang='grc' dir='ltr'>τινι</span> <span class='ocrx_word' id='word_1_196' title='bbox 291 2619 542 2688; x_wconf 81' lang='grc' dir='ltr'>Πουπλίῳ</span> <span class='ocrx_word' id='word_1_197' title='bbox 575 2619 816 2688; x_wconf 73' lang='grc' dir='ltr'>τοῦνομα</span> <span class='ocrx_word' id='word_1_198' title='bbox 858 2619 1287 2688; x_wconf 80' lang='grc' dir='ltr'>προσευχομένῳ</span> <span class='ocrx_word' id='word_1_199' title='bbox 1328 2618 1540 2688; x_wconf 78' lang='grc' dir='ltr'>ἡμέρας</span> <span class='ocrx_word' id='word_1_200' title='bbox 1567 2618 1701 2670; x_wconf 84' lang='grc' dir='ltr'>δέκα</span> 
     </span>
    </p>
   </div>
   <div class='ocr_carea' id='block_1_30' title="bbox 159 2709 1700 2782">
    <p class='ocr_par' dir='ltr' id='par_1_30' title="bbox 159 2709 1700 2782">
     <span class='ocr_line' id='line_1_30' title="bbox 159 2709 1700 2782; baseline 0.001 -22"><span class='ocrx_word' id='word_1_201' title='bbox 159 2709 348 2764; x_wconf 77' lang='grc' dir='ltr'>διελθεῖν</span> <span class='ocrx_word' id='word_1_202' title='bbox 403 2713 507 2764; x_wconf 74' lang='grc' dir='ltr'><strong>οὐκ</strong></span> <span class='ocrx_word' id='word_1_203' title='bbox 568 2713 836 2782; x_wconf 73' lang='grc' dir='ltr'>ἠδυνήθη.</span> <span class='ocrx_word' id='word_1_204' title='bbox 874 2712 971 2764; x_wconf 78' lang='grc' dir='ltr'>καὶ</span> <span class='ocrx_word' id='word_1_205' title='bbox 1029 2710 1379 2781; x_wconf 65' lang='grc' dir='ltr'>ὑποστρέψαν</span> <span class='ocrx_word' id='word_1_206' title='bbox 1416 2710 1700 2779; x_wconf 79' lang='grc' dir='ltr'>ἄπρακτον</span> 
     </span>
    </p>
   </div>
   <div class='ocr_carea' id='block_1_31' title="bbox 161 2800 1700 2875">
    <p class='ocr_par' dir='ltr' id='par_1_31' title="bbox 161 2800 1700 2875">
     <span class='ocr_line' id='line_1_31' title="bbox 161 2800 1700 2875; baseline 0.01 -25"><span class='ocrx_word' id='word_1_207' title='bbox 161 2800 244 2869; x_wconf 75' lang='grc' dir='ltr'><strong>τὴν</strong></span> <span class='ocrx_word' id='word_1_208' title='bbox 285 2803 444 2856; x_wconf 78' lang='grc' dir='ltr'>αἰτίαν</span> <span class='ocrx_word' id='word_1_209' title='bbox 506 2804 640 2856; x_wconf 79' lang='grc' dir='ltr'>ἐϐόα</span> <span class='ocrx_word' id='word_1_210' title='bbox 680 2806 775 2857; x_wconf 75' lang='grc' dir='ltr'>καὶ</span> <span class='ocrx_word' id='word_1_211' title='bbox 823 2804 1130 2875; x_wconf 74' lang='grc' dir='ltr'>πόρῤωθεν.</span> <span class='ocrx_word' id='word_1_212' title='bbox 1187 2805 1302 2859; x_wconf 82' lang='grc' dir='ltr'><strong>Καὶ</strong></span> <span class='ocrx_word' id='word_1_213' title='bbox 1349 2805 1613 2870; x_wconf 82' lang='grc' dir='ltr'>γυναῖκας</span> <span class='ocrx_word' id='word_1_214' title='bbox 1642 2803 1700 2856; x_wconf 70' lang='grc' dir='ltr'><strong>δὲ</strong></span> 
     </span>
    </p>
   </div>
   <div class='ocr_carea' id='block_1_32' title="bbox 161 2894 1576 2970">
    <p class='ocr_par' dir='ltr' id='par_1_32' title="bbox 161 2894 1576 2970">
     <span class='ocr_line' id='line_1_32' title="bbox 161 2894 1576 2970; baseline 0.006 -26"><span class='ocrx_word' id='word_1_215' title='bbox 161 2894 437 2966; x_wconf 72' lang='grc' dir='ltr'>ἀνατέμνων</span> <span class='ocrx_word' id='word_1_216' title='bbox 471 2902 503 2953; x_wconf 80' lang='grc' dir='ltr'>ὁ</span> <span class='ocrx_word' id='word_1_217' title='bbox 537 2900 890 2970; x_wconf 80' lang='grc' dir='ltr'>ἄσπλαγχνος</span> <span class='ocrx_word' id='word_1_218' title='bbox 914 2899 982 2953; x_wconf 87' lang='grc' dir='ltr'><strong>δι’</strong></span> <span class='ocrx_word' id='word_1_219' title='bbox 1009 2897 1189 2950; x_wconf 82' lang='grc' dir='ltr'>αὐτῶν</span> <span class='ocrx_word' id='word_1_220' title='bbox 1215 2895 1576 2966; x_wconf 80' lang='grc' dir='ltr'>ἐμαντεύετο.</span> 
     </span>
    </p>
   </div>
   <div class='ocr_carea' id='block_1_33' title="bbox 1789 486 3364 560">
    <p class='ocr_par' dir='ltr' id='par_1_33' title="bbox 1789 486 3364 560">
     <span class='ocr_line' id='line_1_33' title="bbox 1789 486 3364 560; baseline 0.004 -20"><span class='ocrx_word' id='word_1_221' title='bbox 1789 501 1880 540; x_wconf 90' lang='lat' dir='ltr'><strong>eas</strong></span> <span class='ocrx_word' id='word_1_222' title='bbox 1906 486 2157 554; x_wconf 64' lang='lat' dir='ltr'><strong>regionee</strong></span> <span class='ocrx_word' id='word_1_223' title='bbox 2180 487 2342 556; x_wconf 65' lang='grc'><strong>254,</strong></span> <span class='ocrx_word' id='word_1_224' title='bbox 2369 488 2656 557; x_wconf 77' lang='lat' dir='ltr'><strong>imperato!</strong></span> <span class='ocrx_word' id='word_1_225' title='bbox 2707 491 3151 560; x_wconf 79' lang='lat' dir='ltr'><strong>improbissimus</strong></span> <span class='ocrx_word' id='word_1_226' title='bbox 3176 507 3364 548; x_wconf 83' lang='lat' dir='ltr'><strong>contra</strong></span> 
     </span>
    </p>
   </div>
   <div class='ocr_carea' id='block_1_34' title="bbox 1792 579 3366 654">
    <p class='ocr_par' dir='ltr' id='par_1_34' title="bbox 1792 579 3366 654">
     <span class='ocr_line' id='line_1_34' title="bbox 1792 579 3366 654; baseline 0.005 -22"><span class='ocrx_word' id='word_1_227' title='bbox 1792 580 1984 633; x_wconf 78' lang='lat' dir='ltr'><strong>Persas</strong></span> <span class='ocrx_word' id='word_1_228' title='bbox 2018 579 2367 648; x_wconf 80' lang='lat' dir='ltr'><strong>expeditione</strong></span> <span class='ocrx_word' id='word_1_229' title='bbox 2422 591 2674 650; x_wconf 82' lang='lat' dir='ltr'><strong>suscepta</strong></span> <span class='ocrx_word' id='word_1_230' title='bbox 2742 595 3073 654; x_wconf 77' lang='lat' dir='ltr'><strong>peragraret.</strong></span> <span class='ocrx_word' id='word_1_231' title='bbox 3140 587 3209 640; x_wconf 85' lang='lat' dir='ltr'><strong>At</strong></span> <span class='ocrx_word' id='word_1_232' title='bbox 3238 603 3366 640; x_wconf 79' lang='lat' dir='ltr'><strong>Vt-ro</strong></span> 
     </span>
    </p>
   </div>
   <div class='ocr_carea' id='block_1_35' title="bbox 1791 673 3364 745">
    <p class='ocr_par' dir='ltr' id='par_1_35' title="bbox 1791 673 3364 745">
     <span class='ocr_line' id='line_1_35' title="bbox 1791 673 3364 745; baseline 0.004 -19"><span class='ocrx_word' id='word_1_233' title='bbox 1791 673 2203 736; x_wconf 64' lang='lat' dir='ltr'><strong>aliterjeximius</strong></span> <span class='ocrx_word' id='word_1_234' title='bbox 2237 674 2325 727; x_wconf 87' lang='lat' dir='ltr'><strong>ille</strong></span> <span class='ocrx_word' id='word_1_235' title='bbox 2356 673 2653 743; x_wconf 79' lang='lat' dir='ltr'><strong>Gregorius</strong></span> <span class='ocrx_word' id='word_1_236' title='bbox 2713 689 3079 745; x_wconf 79' lang='lat' dir='ltr'><strong>cognomento</strong></span> <span class='ocrx_word' id='word_1_237' title='bbox 3128 679 3364 734; x_wconf 88' lang='lat' dir='ltr'><strong>Theolo-</strong></span> 
     </span>
    </p>
   </div>
   <div class='ocr_carea' id='block_1_36' title="bbox 1775 765 3366 834">
    <p class='ocr_par' dir='ltr' id='par_1_36' title="bbox 1775 765 3366 834">
     <span class='ocr_line' id='line_1_36' title="bbox 1775 765 3366 834; baseline 0.008 -19"><span class='ocrx_word' id='word_1_238' title='bbox 1775 765 2193 832; x_wconf 76' lang='lat' dir='ltr'><strong>gusmentoriae</strong></span> <span class='ocrx_word' id='word_1_239' title='bbox 2238 765 2526 834; x_wconf 88' lang='lat' dir='ltr'><strong>prodidit;</strong></span> <span class='ocrx_word' id='word_1_240' title='bbox 2575 782 2698 820; x_wconf 86' lang='lat' dir='ltr'><strong>nam</strong></span> <span class='ocrx_word' id='word_1_241' title='bbox 2763 769 2806 820; x_wconf 88' lang='lat' dir='ltr'><strong>si</strong></span> <span class='ocrx_word' id='word_1_242' title='bbox 2836 769 3090 831; x_wconf 82' lang='lat' dir='ltr'><strong>Basilius.</strong></span> <span class='ocrx_word' id='word_1_243' title='bbox 3135 773 3237 826; x_wconf 89' lang='lat' dir='ltr'><strong>hoc</strong></span> <span class='ocrx_word' id='word_1_244' title='bbox 3295 775 3366 826; x_wconf 87' lang='lat' dir='ltr'><strong>ita</strong></span> 
     </span>
    </p>
   </div>
   <div class='ocr_carea' id='block_1_37' title="bbox 1794 859 3366 934">
    <p class='ocr_par' dir='ltr' id='par_1_37' title="bbox 1794 859 3366 934">
     <span class='ocr_line' id='line_1_37' title="bbox 1794 859 3366 934; baseline 0.006 -25"><span class='ocrx_word' id='word_1_245' title='bbox 1794 867 2071 921; x_wconf 87' lang='lat' dir='ltr'><strong>narrante,</strong></span> <span class='ocrx_word' id='word_1_246' title='bbox 2112 859 2162 911; x_wconf 86' lang='lat' dir='ltr'><strong>in</strong></span> <span class='ocrx_word' id='word_1_247' title='bbox 2198 859 2372 912; x_wconf 80' lang='lat' dir='ltr'><strong>Ponto</strong></span> <span class='ocrx_word' id='word_1_248' title='bbox 2404 859 2655 927; x_wconf 73' lang='lat' dir='ltr'><strong>«legebat,</strong></span> <span class='ocrx_word' id='word_1_249' title='bbox 2713 861 2813 914; x_wconf 88' lang='lat' dir='ltr'><strong>sub</strong></span> <span class='ocrx_word' id='word_1_250' title='bbox 2875 863 3088 916; x_wconf 91' lang='lat' dir='ltr'><strong>initium</strong></span> <span class='ocrx_word' id='word_1_251' title='bbox 3154 865 3366 934; x_wconf 80' lang='lat' dir='ltr'><strong>imperii</strong></span> 
     </span>
    </p>
   </div>
   <div class='ocr_carea' id='block_1_38' title="bbox 1792 951 3366 1026">
    <p class='ocr_par' dir='ltr' id='par_1_38' title="bbox 1792 951 3366 1026">
     <span class='ocr_line' id='line_1_38' title="bbox 1792 951 3366 1026; baseline 0.006 -24"><span class='ocrx_word' id='word_1_252' title='bbox 1792 951 2058 1006; x_wconf 59' lang='lat' dir='ltr'><strong>Valentis.</strong></span> <span class='ocrx_word' id='word_1_253' title='bbox 2115 951 2208 1019; x_wconf 89' lang='lat' dir='ltr'><strong>qui</strong></span> <span class='ocrx_word' id='word_1_254' title='bbox 2270 953 2554 1020; x_wconf 86' lang='lat' dir='ltr'><strong>aliquanto</strong></span> <span class='ocrx_word' id='word_1_255' title='bbox 2619 963 2741 1022; x_wconf 86' lang='lat' dir='ltr'><strong>post</strong></span> <span class='ocrx_word' id='word_1_256' title='bbox 2798 963 3042 1024; x_wconf 89' lang='lat' dir='ltr'><strong>tempore</strong></span> <span class='ocrx_word' id='word_1_257' title='bbox 3099 962 3366 1026; x_wconf 80' lang='lat' dir='ltr'><strong>regnavit,</strong></span> 
     </span>
    </p>
   </div>
   <div class='ocr_carea' id='block_1_39' title="bbox 1794 1046 3367 1115">
    <p class='ocr_par' dir='ltr' id='par_1_39' title="bbox 1794 1046 3367 1115">
     <span class='ocr_line' id='line_1_39' title="bbox 1794 1046 3367 1115; baseline 0.005 -16"><span class='ocrx_word' id='word_1_258' title='bbox 1794 1061 1917 1099; x_wconf 85' lang='lat' dir='ltr'><strong>cum</strong></span> <span class='ocrx_word' id='word_1_259' title='bbox 1949 1046 2209 1100; x_wconf 68' lang='lat' dir='ltr'><strong>Czesarcze</strong></span> <span class='ocrx_word' id='word_1_260' title='bbox 2241 1048 2480 1115; x_wconf 82' lang='lat' dir='ltr'><strong>pontifex</strong></span> <span class='ocrx_word' id='word_1_261' title='bbox 2533 1060 2676 1102; x_wconf 76' lang='lat' dir='ltr'><strong>esset</strong></span> <span class='ocrx_word' id='word_1_262' title='bbox 2714 1051 3004 1113; x_wconf 78' lang='lat' dir='ltr'><strong>Eusebius,</strong></span> <span class='ocrx_word' id='word_1_263' title='bbox 3065 1053 3235 1106; x_wconf 87' lang='lat' dir='ltr'><strong>multo</strong></span> <span class='ocrx_word' id='word_1_264' title='bbox 3270 1056 3367 1107; x_wconf 86' lang='lat' dir='ltr'><strong>mi-</strong></span> 
     </span>
    </p>
   </div>
   <div class='ocr_carea' id='block_1_40' title="bbox 1798 1139 3372 1210">
    <p class='ocr_par' dir='ltr' id='par_1_40' title="bbox 1798 1139 3372 1210">
     <span class='ocr_line' id='line_1_40' title="bbox 1798 1139 3372 1210; baseline 0.006 -19"><span class='ocrx_word' id='word_1_265' title='bbox 1798 1139 2146 1193; x_wconf 82' lang='lat' dir='ltr'><strong>nnth:liauo</strong></span> <span class='ocrx_word' id='word_1_266' title='bbox 2180 1142 2486 1210; x_wconf 82' lang='lat' dir='ltr'><strong>imperante</strong></span> <span class='ocrx_word' id='word_1_267' title='bbox 2539 1142 2768 1198; x_wconf 78' lang='lat' dir='ltr'><strong>Basilius</strong></span> <span class='ocrx_word' id='word_1_268' title='bbox 2828 1144 3089 1200; x_wconf 89' lang='lat' dir='ltr'><strong>antistitis</strong></span> <span class='ocrx_word' id='word_1_269' title='bbox 3145 1163 3372 1201; x_wconf 60' lang='lat' dir='ltr'><strong>munere</strong></span> 
     </span>
    </p>
   </div>
   <div class='ocr_carea' id='block_1_41' title="bbox 1796 1229 3372 1306">
    <p class='ocr_par' dir='ltr' id='par_1_41' title="bbox 1796 1229 3372 1306">
     <span class='ocr_line' id='line_1_41' title="bbox 1796 1229 3372 1306; baseline 0.006 -24"><span class='ocrx_word' id='word_1_270' title='bbox 1796 1229 2147 1299; x_wconf 79' lang='lat' dir='ltr'><strong>fungebatur.</strong></span> <span class='ocrx_word' id='word_1_271' title='bbox 2177 1232 2251 1285; x_wconf 89' lang='lat' dir='ltr'><strong>De</strong></span> <span class='ocrx_word' id='word_1_272' title='bbox 2270 1249 2377 1301; x_wconf 91' lang='lat' dir='ltr'><strong>quo</strong></span> <span class='ocrx_word' id='word_1_273' title='bbox 2393 1234 2521 1287; x_wconf 85' lang='lat' dir='ltr'><strong>satis</strong></span> <span class='ocrx_word' id='word_1_274' title='bbox 2547 1235 3071 1306; x_wconf 81' lang='lat' dir='ltr'><strong>cvidenterapparct</strong></span> <span class='ocrx_word' id='word_1_275' title='bbox 3096 1237 3372 1293; x_wconf 70' lang='lat' dir='ltr'><strong>lulianum</strong></span> 
     </span>
    </p>
   </div>
   <div class='ocr_carea' id='block_1_42' title="bbox 1796 1323 3374 1400">
    <p class='ocr_par' dir='ltr' id='par_1_42' title="bbox 1796 1323 3374 1400">
     <span class='ocr_line' id='line_1_42' title="bbox 1796 1323 3374 1400; baseline 0.007 -23"><span class='ocrx_word' id='word_1_276' title='bbox 1796 1323 1902 1377; x_wconf 94' lang='lat' dir='ltr'><strong>iter</strong></span> <span class='ocrx_word' id='word_1_277' title='bbox 1936 1337 2033 1392; x_wconf 82' lang='lat' dir='ltr'><strong>per</strong></span> <span class='ocrx_word' id='word_1_278' title='bbox 2077 1324 2476 1394; x_wconf 74' lang='lat' dir='ltr'><strong>Cappadociam</strong></span> <span class='ocrx_word' id='word_1_279' title='bbox 2525 1327 2816 1382; x_wconf 89' lang='lat' dir='ltr'><strong>facientem</strong></span> <span class='ocrx_word' id='word_1_280' title='bbox 2885 1346 3062 1400; x_wconf 80' lang='lat' dir='ltr'><strong>neque</strong></span> <span class='ocrx_word' id='word_1_281' title='bbox 3114 1332 3374 1389; x_wconf 76' lang='lat' dir='ltr'><strong>Basilium</strong></span> 
     </span>
    </p>
   </div>
   <div class='ocr_carea' id='block_1_43' title="bbox 1796 1414 3376 1491">
    <p class='ocr_par' dir='ltr' id='par_1_43' title="bbox 1796 1414 3376 1491">
     <span class='ocr_line' id='line_1_43' title="bbox 1796 1414 3376 1491; baseline 0.008 -25"><span class='ocrx_word' id='word_1_282' title='bbox 1796 1414 1918 1468; x_wconf 83' lang='lat' dir='ltr'><strong>istic</strong></span> <span class='ocrx_word' id='word_1_283' title='bbox 1969 1416 2283 1484; x_wconf 88' lang='lat' dir='ltr'><strong>pontificem</strong></span> <span class='ocrx_word' id='word_1_284' title='bbox 2322 1419 2596 1487; x_wconf 86' lang='lat' dir='ltr'><strong>reperisse</strong></span> <span class='ocrx_word' id='word_1_285' title='bbox 2646 1436 2826 1489; x_wconf 85' lang='lat' dir='ltr'><strong>neque</strong></span> <span class='ocrx_word' id='word_1_286' title='bbox 2887 1422 3062 1491; x_wconf 87' lang='lat' dir='ltr'><strong>ipsius</strong></span> <span class='ocrx_word' id='word_1_287' title='bbox 3116 1421 3376 1478; x_wconf 70' lang='lat' dir='ltr'><strong>Ecclesia:</strong></span> 
     </span>
    </p>
   </div>
   <div class='ocr_carea' id='block_1_44' title="bbox 1795 1505 3377 1581">
    <p class='ocr_par' dir='ltr' id='par_1_44' title="bbox 1795 1505 3377 1581">
     <span class='ocr_line' id='line_1_44' title="bbox 1795 1505 3377 1581; baseline 0.009 -25"><span class='ocrx_word' id='word_1_288' title='bbox 1795 1505 2061 1558; x_wconf 88' lang='lat' dir='ltr'><strong>minatum</strong></span> <span class='ocrx_word' id='word_1_289' title='bbox 2094 1521 2238 1560; x_wconf 89' lang='lat' dir='ltr'><strong>esse.</strong></span> <span class='ocrx_word' id='word_1_290' title='bbox 2293 1507 2580 1562; x_wconf 87' lang='lat' dir='ltr'><strong>Consimili</strong></span> <span class='ocrx_word' id='word_1_291' title='bbox 2647 1510 2809 1563; x_wconf 88' lang='lat' dir='ltr'><strong>modo</strong></span> <span class='ocrx_word' id='word_1_292' title='bbox 2868 1527 2968 1567; x_wconf 82' lang='lat' dir='ltr'><strong>nec</strong></span> <span class='ocrx_word' id='word_1_293' title='bbox 3010 1526 3262 1581; x_wconf 77' lang='lat' dir='ltr'><strong>precatus</strong></span> <span class='ocrx_word' id='word_1_294' title='bbox 3293 1527 3377 1570; x_wconf 83' lang='lat' dir='ltr'><strong>est</strong></span> 
     </span>
    </p>
   </div>
   <div class='ocr_carea' id='block_1_45' title="bbox 1799 1591 3376 1669">
    <p class='ocr_par' dir='ltr' id='par_1_45' title="bbox 1799 1591 3376 1669">
     <span class='ocr_line' id='line_1_45' title="bbox 1799 1591 3376 1669; baseline 0.009 -24"><span class='ocrx_word' id='word_1_295' title='bbox 1799 1591 1903 1646; x_wconf 87' lang='lat' dir='ltr'><strong>hoc</strong></span> <span class='ocrx_word' id='word_1_296' title='bbox 1934 1593 2153 1649; x_wconf 89' lang='lat' dir='ltr'><strong>nomine</strong></span> <span class='ocrx_word' id='word_1_297' title='bbox 2188 1595 2358 1650; x_wconf 88' lang='lat' dir='ltr'><strong>Deum</strong></span> <span class='ocrx_word' id='word_1_298' title='bbox 2392 1596 2627 1654; x_wconf 80' lang='lat' dir='ltr'><strong>Basilius</strong></span> <span class='ocrx_word' id='word_1_299' title='bbox 2649 1600 2916 1668; x_wconf 80' lang='lat' dir='ltr'><strong>pontifex,</strong></span> <span class='ocrx_word' id='word_1_300' title='bbox 2950 1605 3136 1669; x_wconf 76' lang='lat' dir='ltr'><strong>necati</strong></span> <span class='ocrx_word' id='word_1_301' title='bbox 3175 1605 3376 1658; x_wconf 84' lang='lat' dir='ltr'><strong>tollen-</strong></span> 
     </span>
    </p>
   </div>
   <div class='ocr_carea' id='block_1_46' title="bbox 1798 1684 3374 1751">
    <p class='ocr_par' dir='ltr' id='par_1_46' title="bbox 1798 1684 3374 1751">
     <span class='ocr_line' id='line_1_46' title="bbox 1798 1684 3374 1751; baseline 0.007 -11"><span class='ocrx_word' id='word_1_302' title='bbox 1798 1684 1926 1742; x_wconf 87' lang='lat' dir='ltr'><strong>dum</strong></span> <span class='ocrx_word' id='word_1_303' title='bbox 1977 1702 2007 1740; x_wconf 87' lang='lat' dir='ltr'><strong>e</strong></span> <span class='ocrx_word' id='word_1_304' title='bbox 2048 1687 2232 1742; x_wconf 88' lang='lat' dir='ltr'><strong>medio</strong></span> <span class='ocrx_word' id='word_1_305' title='bbox 2281 1688 2619 1744; x_wconf 88' lang='lat' dir='ltr'><strong>desertorem</strong></span> <span class='ocrx_word' id='word_1_306' title='bbox 2679 1690 2982 1747; x_wconf 80' lang='lat' dir='ltr'><strong>Mercurius</strong></span> <span class='ocrx_word' id='word_1_307' title='bbox 3044 1695 3134 1749; x_wconf 88' lang='lat' dir='ltr'><strong>ille</strong></span> <span class='ocrx_word' id='word_1_308' title='bbox 3171 1695 3374 1751; x_wconf 84' lang='lat' dir='ltr'><strong>Christi</strong></span> 
     </span>
    </p>
   </div>
   <div class='ocr_carea' id='block_1_47' title="bbox 1803 1777 3374 1857">
    <p class='ocr_par' dir='ltr' id='par_1_47' title="bbox 1803 1777 3374 1857">
     <span class='ocr_line' id='line_1_47' title="bbox 1803 1777 3374 1857; baseline 0.006 -25"><span class='ocrx_word' id='word_1_309' title='bbox 1803 1777 1956 1833; x_wconf 88' lang='lat' dir='ltr'><strong>testis</strong></span> <span class='ocrx_word' id='word_1_310' title='bbox 1993 1779 2097 1834; x_wconf 88' lang='lat' dir='ltr'><strong>fttit</strong></span> <span class='ocrx_word' id='word_1_311' title='bbox 2124 1780 2426 1852; x_wconf 81' lang='lat' dir='ltr'><strong>ablegatus.</strong></span> <span class='ocrx_word' id='word_1_312' title='bbox 2453 1782 2666 1854; x_wconf 84' lang='lat' dir='ltr'><strong>Quippe</strong></span> <span class='ocrx_word' id='word_1_313' title='bbox 2698 1785 2740 1837; x_wconf 92' lang='lat' dir='ltr'><strong>si</strong></span> <span class='ocrx_word' id='word_1_314' title='bbox 2773 1785 2875 1838; x_wconf 92' lang='lat' dir='ltr'><strong>hoc</strong></span> <span class='ocrx_word' id='word_1_315' title='bbox 2899 1796 3054 1854; x_wconf 90' lang='lat' dir='ltr'><strong>pacto</strong></span> <span class='ocrx_word' id='word_1_316' title='bbox 3082 1800 3173 1841; x_wconf 88' lang='lat' dir='ltr'><strong>res</strong></span> <span class='ocrx_word' id='word_1_317' title='bbox 3225 1799 3374 1857; x_wconf 81' lang='lat' dir='ltr'><strong>gesta</strong></span> 
     </span>
    </p>
   </div>
   <div class='ocr_carea' id='block_1_48' title="bbox 1802 1874 3376 1949">
    <p class='ocr_par' dir='ltr' id='par_1_48' title="bbox 1802 1874 3376 1949">
     <span class='ocr_line' id='line_1_48' title="bbox 1802 1874 3376 1949; baseline 0.003 -20"><span class='ocrx_word' id='word_1_318' title='bbox 1802 1875 2017 1940; x_wconf 78' lang='lat' dir='ltr'><strong>fuisset,</strong></span> <span class='ocrx_word' id='word_1_319' title='bbox 2050 1874 2345 1928; x_wconf 87' lang='lat' dir='ltr'><strong>obscurum</strong></span> <span class='ocrx_word' id='word_1_320' title='bbox 2372 1891 2479 1929; x_wconf 88' lang='lat' dir='ltr'><strong>non</strong></span> <span class='ocrx_word' id='word_1_321' title='bbox 2519 1885 2666 1930; x_wconf 87' lang='lat' dir='ltr'><strong>esset</strong></span> <span class='ocrx_word' id='word_1_322' title='bbox 2702 1875 2753 1930; x_wconf 94' lang='lat' dir='ltr'><strong>in</strong></span> <span class='ocrx_word' id='word_1_323' title='bbox 2821 1875 3148 1932; x_wconf 88' lang='lat' dir='ltr'><strong>hodiernum</strong></span> <span class='ocrx_word' id='word_1_324' title='bbox 3204 1895 3376 1949; x_wconf 85' lang='lat' dir='ltr'><strong>usque</strong></span> 
     </span>
    </p>
   </div>
   <div class='ocr_carea' id='block_1_49' title="bbox 1801 1966 3376 2041">
    <p class='ocr_par' dir='ltr' id='par_1_49' title="bbox 1801 1966 3376 2041">
     <span class='ocr_line' id='line_1_49' title="bbox 1801 1966 3376 2041; baseline 0.001 -19"><span class='ocrx_word' id='word_1_325' title='bbox 1801 1967 1949 2022; x_wconf 91' lang='lat' dir='ltr'><strong>diem</strong></span> <span class='ocrx_word' id='word_1_326' title='bbox 1982 1984 2008 2019; x_wconf 90' lang='lat' dir='ltr'><strong>a</strong></span> <span class='ocrx_word' id='word_1_327' title='bbox 2037 1982 2147 2037; x_wconf 87' lang='lat' dir='ltr'><strong>quo</strong></span> <span class='ocrx_word' id='word_1_328' title='bbox 2177 1966 2428 2022; x_wconf 88' lang='lat' dir='ltr'><strong>Julianus</strong></span> <span class='ocrx_word' id='word_1_329' title='bbox 2459 1967 2567 2022; x_wconf 89' lang='lat' dir='ltr'><strong>telo</strong></span> <span class='ocrx_word' id='word_1_330' title='bbox 2607 1968 2857 2022; x_wconf 82' lang='lat' dir='ltr'><strong>conﬁxus</strong></span> <span class='ocrx_word' id='word_1_331' title='bbox 2888 1969 3074 2024; x_wconf 85' lang='lat' dir='ltr'><strong>fuerit.</strong></span> <span class='ocrx_word' id='word_1_332' title='bbox 3129 1970 3263 2024; x_wconf 87' lang='lat' dir='ltr'><strong>Nam</strong></span> <span class='ocrx_word' id='word_1_333' title='bbox 3287 1972 3376 2041; x_wconf 83' lang='lat' dir='ltr'><strong>ja-</strong></span> 
     </span>
    </p>
   </div>
   <div class='ocr_carea' id='block_1_50' title="bbox 1801 2061 3379 2133">
    <p class='ocr_par' dir='ltr' id='par_1_50' title="bbox 1801 2061 3379 2133">
     <span class='ocr_line' id='line_1_50' title="bbox 1801 2061 3379 2133; baseline 0.002 -16"><span class='ocrx_word' id='word_1_334' title='bbox 1801 2061 1930 2117; x_wconf 87' lang='lat' dir='ltr'><strong>culo</strong></span> <span class='ocrx_word' id='word_1_335' title='bbox 1965 2063 2252 2130; x_wconf 85' lang='lat' dir='ltr'><strong>trajectum</strong></span> <span class='ocrx_word' id='word_1_336' title='bbox 2288 2071 2526 2125; x_wconf 78' lang='lat' dir='ltr'><strong>constat,</strong></span> <span class='ocrx_word' id='word_1_337' title='bbox 2559 2072 2782 2116; x_wconf 86' lang='lat' dir='ltr'><strong>auctore</strong></span> <span class='ocrx_word' id='word_1_338' title='bbox 2813 2061 2934 2116; x_wconf 84' lang='lat' dir='ltr'><strong>facti</strong></span> <span class='ocrx_word' id='word_1_339' title='bbox 2968 2071 3196 2133; x_wconf 81' lang='lat' dir='ltr'><strong>prorsus</strong></span> <span class='ocrx_word' id='word_1_340' title='bbox 3227 2067 3379 2120; x_wconf 86' lang='lat' dir='ltr'><strong>inco-</strong></span> 
     </span>
    </p>
   </div>
   <div class='ocr_carea' id='block_1_51' title="bbox 1802 2155 3377 2230">
    <p class='ocr_par' dir='ltr' id='par_1_51' title="bbox 1802 2155 3377 2230">
     <span class='ocr_line' id='line_1_51' title="bbox 1802 2155 3377 2230; baseline 0.003 -20"><span class='ocrx_word' id='word_1_341' title='bbox 1802 2156 1974 2224; x_wconf 84' lang='lat' dir='ltr'><strong>gnito.</strong></span> <span class='ocrx_word' id='word_1_342' title='bbox 2018 2155 2160 2223; x_wconf 85' lang='lat' dir='ltr'><strong>Quin</strong></span> <span class='ocrx_word' id='word_1_343' title='bbox 2198 2156 2361 2210; x_wconf 87' lang='lat' dir='ltr'><strong>etiam</strong></span> <span class='ocrx_word' id='word_1_344' title='bbox 2398 2171 2456 2210; x_wconf 87' lang='lat' dir='ltr'><strong>se</strong></span> <span class='ocrx_word' id='word_1_345' title='bbox 2505 2157 2727 2214; x_wconf 83' lang='lat' dir='ltr'><strong>audisse</strong></span> <span class='ocrx_word' id='word_1_346' title='bbox 2768 2159 2834 2214; x_wconf 91' lang='lat' dir='ltr'><strong>de</strong></span> <span class='ocrx_word' id='word_1_347' title='bbox 2889 2161 3128 2230; x_wconf 85' lang='lat' dir='ltr'><strong>quodam</strong></span> <span class='ocrx_word' id='word_1_348' title='bbox 3181 2162 3377 2216; x_wconf 81' lang='lat' dir='ltr'><strong>scribit</strong></span> 
     </span>
    </p>
   </div>
   <div class='ocr_carea' id='block_1_52' title="bbox 1801 2249 3379 2323">
    <p class='ocr_par' dir='ltr' id='par_1_52' title="bbox 1801 2249 3379 2323">
     <span class='ocr_line' id='line_1_52' title="bbox 1801 2249 3379 2323; baseline 0.002 -18"><span class='ocrx_word' id='word_1_349' title='bbox 1801 2251 2099 2321; x_wconf 86' lang='lat' dir='ltr'><strong>Gregorius</strong></span> <span class='ocrx_word' id='word_1_350' title='bbox 2138 2250 2230 2306; x_wconf 92' lang='lat' dir='ltr'><strong>ille</strong></span> <span class='ocrx_word' id='word_1_351' title='bbox 2265 2249 2576 2320; x_wconf 83' lang='lat' dir='ltr'><strong>Theologus</strong></span> <span class='ocrx_word' id='word_1_352' title='bbox 2611 2267 2679 2306; x_wconf 88' lang='lat' dir='ltr'><strong>ne</strong></span> <span class='ocrx_word' id='word_1_353' title='bbox 2719 2254 2956 2321; x_wconf 82' lang='lat' dir='ltr'><strong>sepulcri</strong></span> <span class='ocrx_word' id='word_1_354' title='bbox 2984 2254 3206 2323; x_wconf 86' lang='lat' dir='ltr'><strong>quidem</strong></span> <span class='ocrx_word' id='word_1_355' title='bbox 3255 2269 3379 2323; x_wconf 81' lang='lat' dir='ltr'><strong>par-</strong></span> 
     </span>
    </p>
   </div>
   <div class='ocr_carea' id='block_1_53' title="bbox 1804 2343 3380 2418">
    <p class='ocr_par' dir='ltr' id='par_1_53' title="bbox 1804 2343 3380 2418">
     <span class='ocr_line' id='line_1_53' title="bbox 1804 2343 3380 2418; baseline 0.002 -20"><span class='ocrx_word' id='word_1_356' title='bbox 1804 2344 2024 2414; x_wconf 84' lang='lat' dir='ltr'><strong>ticipetn</strong></span> <span class='ocrx_word' id='word_1_357' title='bbox 2057 2345 2261 2398; x_wconf 84' lang='lat' dir='ltr'><strong>factum</strong></span> <span class='ocrx_word' id='word_1_358' title='bbox 2301 2343 2471 2399; x_wconf 89' lang='lat' dir='ltr'><strong>fuisse</strong></span> <span class='ocrx_word' id='word_1_359' title='bbox 2521 2344 2822 2408; x_wconf 78' lang='lat' dir='ltr'><strong>Juiianum,</strong></span> <span class='ocrx_word' id='word_1_360' title='bbox 2855 2346 2950 2401; x_wconf 89' lang='lat' dir='ltr'><strong>sed</strong></span> <span class='ocrx_word' id='word_1_361' title='bbox 2995 2362 3022 2400; x_wconf 89' lang='lat' dir='ltr'><strong>a</strong></span> <span class='ocrx_word' id='word_1_362' title='bbox 3057 2348 3176 2401; x_wconf 91' lang='lat' dir='ltr'><strong>solo</strong></span> <span class='ocrx_word' id='word_1_363' title='bbox 3209 2350 3380 2418; x_wconf 83' lang='lat' dir='ltr'><strong>ipsius</strong></span> 
     </span>
    </p>
   </div>
   <div class='ocr_carea' id='block_1_54' title="bbox 1804 2435 3379 2510">
    <p class='ocr_par' dir='ltr' id='par_1_54' title="bbox 1804 2435 3379 2510">
     <span class='ocr_line' id='line_1_54' title="bbox 1804 2435 3379 2510; baseline 0.003 -20"><span class='ocrx_word' id='word_1_364' title='bbox 1804 2450 1967 2490; x_wconf 87' lang='lat' dir='ltr'><strong>causa</strong></span> <span class='ocrx_word' id='word_1_365' title='bbox 2004 2451 2266 2490; x_wconf 78' lang='lat' dir='ltr'><strong>succusso</strong></span> <span class='ocrx_word' id='word_1_366' title='bbox 2301 2435 2661 2506; x_wconf 86' lang='lat' dir='ltr'><strong>absorptum;</strong></span> <span class='ocrx_word' id='word_1_367' title='bbox 2700 2453 2822 2507; x_wconf 84' lang='lat' dir='ltr'><strong>quae</strong></span> <span class='ocrx_word' id='word_1_368' title='bbox 2881 2455 2989 2504; x_wconf 85' lang='lat' dir='ltr'><strong>res,</strong></span> <span class='ocrx_word' id='word_1_369' title='bbox 3039 2441 3137 2510; x_wconf 85' lang='lat' dir='ltr'><strong>ait,</strong></span> <span class='ocrx_word' id='word_1_370' title='bbox 3187 2444 3379 2508; x_wconf 80' lang='lat' dir='ltr'><strong>credo,</strong></span> 
     </span>
    </p>
   </div>
   <div class='ocr_carea' id='block_1_55' title="bbox 1806 2526 3377 2601">
    <p class='ocr_par' dir='ltr' id='par_1_55' title="bbox 1806 2526 3377 2601">
     <span class='ocr_line' id='line_1_55' title="bbox 1806 2526 3377 2601; baseline 0.003 -21"><span class='ocrx_word' id='word_1_371' title='bbox 1806 2526 2203 2595; x_wconf 85' lang='lat' dir='ltr'><strong>suppliciorum</strong></span> <span class='ocrx_word' id='word_1_372' title='bbox 2267 2527 2495 2582; x_wconf 85' lang='lat' dir='ltr'><strong>alterius</strong></span> <span class='ocrx_word' id='word_1_373' title='bbox 2555 2529 2680 2583; x_wconf 75' lang='lat' dir='ltr'><strong>vita:</strong></span> <span class='ocrx_word' id='word_1_374' title='bbox 2726 2530 2998 2598; x_wconf 82' lang='lat' dir='ltr'><strong>quoddam</strong></span> <span class='ocrx_word' id='word_1_375' title='bbox 3052 2534 3377 2601; x_wconf 66' lang='lat' dir='ltr'><strong>prooemium</strong></span> 
     </span>
    </p>
   </div>
   <div class='ocr_carea' id='block_1_56' title="bbox 1807 2618 3384 2692">
    <p class='ocr_par' dir='ltr' id='par_1_56' title="bbox 1807 2618 3384 2692">
     <span class='ocr_line' id='line_1_56' title="bbox 1807 2618 3384 2692; baseline 0.004 -19"><span class='ocrx_word' id='word_1_376' title='bbox 1807 2627 1863 2673; x_wconf 88' lang='lat' dir='ltr'><strong>et</strong></span> <span class='ocrx_word' id='word_1_377' title='bbox 1892 2618 2182 2673; x_wconf 75' lang='lat' dir='ltr'><strong>exordium</strong></span> <span class='ocrx_word' id='word_1_378' title='bbox 2212 2630 2353 2674; x_wconf 89' lang='lat' dir='ltr'><strong>erat.</strong></span> <span class='ocrx_word' id='word_1_379' title='bbox 2383 2620 2566 2674; x_wconf 83' lang='lat' dir='ltr'><strong>Multis</strong></span> <span class='ocrx_word' id='word_1_380' title='bbox 2603 2621 2749 2675; x_wconf 88' lang='lat' dir='ltr'><strong>enim</strong></span> <span class='ocrx_word' id='word_1_381' title='bbox 2783 2621 3006 2692; x_wconf 86' lang='lat' dir='ltr'><strong>ﬂagitiis</strong></span> <span class='ocrx_word' id='word_1_382' title='bbox 3033 2627 3384 2680; x_wconf 84' lang='lat' dir='ltr'><strong>cxsecrandis</strong></span> 
     </span>
    </p>
   </div>
   <div class='ocr_carea' id='block_1_57' title="bbox 1807 2711 3379 2792">
    <p class='ocr_par' dir='ltr' id='par_1_57' title="bbox 1807 2711 3379 2792">
     <span class='ocr_line' id='line_1_57' title="bbox 1807 2711 3379 2792; baseline 0.007 -27"><span class='ocrx_word' id='word_1_383' title='bbox 1807 2711 2108 2780; x_wconf 78' lang='lat' dir='ltr'><strong>designatis</strong></span> <span class='ocrx_word' id='word_1_384' title='bbox 2133 2727 2306 2765; x_wconf 77' lang='lat' dir='ltr'><strong>annos</strong></span> <span class='ocrx_word' id='word_1_385' title='bbox 2337 2715 2458 2781; x_wconf 89' lang='lat' dir='ltr'><strong>plus</strong></span> <span class='ocrx_word' id='word_1_386' title='bbox 2496 2714 2675 2770; x_wconf 90' lang='lat' dir='ltr'><strong>minus</strong></span> <span class='ocrx_word' id='word_1_387' title='bbox 2708 2715 2924 2786; x_wconf 77' lang='lat' dir='ltr'><strong>triginta</strong></span> <span class='ocrx_word' id='word_1_388' title='bbox 2987 2730 3149 2774; x_wconf 87' lang='lat' dir='ltr'><strong>natus</strong></span> <span class='ocrx_word' id='word_1_389' title='bbox 3195 2723 3379 2792; x_wconf 90' lang='lat' dir='ltr'><strong>periit.</strong></span> 
     </span>
    </p>
   </div>
   <div class='ocr_carea' id='block_1_58' title="bbox 1806 2805 3382 2881">
    <p class='ocr_par' dir='ltr' id='par_1_58' title="bbox 1806 2805 3382 2881">
     <span class='ocr_line' id='line_1_58' title="bbox 1806 2805 3382 2881; baseline 0.009 -27"><span class='ocrx_word' id='word_1_390' title='bbox 1806 2805 1948 2857; x_wconf 84' lang='lat' dir='ltr'><strong>Ante</strong></span> <span class='ocrx_word' id='word_1_391' title='bbox 1971 2813 2221 2857; x_wconf 79' lang='lat' dir='ltr'><strong>mortem</strong></span> <span class='ocrx_word' id='word_1_392' title='bbox 2251 2821 2281 2858; x_wconf 89' lang='lat' dir='ltr'><strong>e</strong></span> <span class='ocrx_word' id='word_1_393' title='bbox 2315 2805 2538 2862; x_wconf 87' lang='lat' dir='ltr'><strong>Perside</strong></span> <span class='ocrx_word' id='word_1_394' title='bbox 2569 2810 2789 2878; x_wconf 87' lang='lat' dir='ltr'><strong>genium</strong></span> <span class='ocrx_word' id='word_1_395' title='bbox 2815 2814 3107 2881; x_wconf 89' lang='lat' dir='ltr'><strong>quemdam</strong></span> <span class='ocrx_word' id='word_1_396' title='bbox 3144 2816 3197 2869; x_wconf 92' lang='lat' dir='ltr'><strong>in</strong></span> <span class='ocrx_word' id='word_1_397' title='bbox 3234 2817 3382 2871; x_wconf 87' lang='lat' dir='ltr'><strong>occi-</strong></span> 
     </span>
    </p>
   </div>
   <div class='ocr_carea' id='block_1_59' title="bbox 1809 2895 3382 2978">
    <p class='ocr_par' dir='ltr' id='par_1_59' title="bbox 1809 2895 3382 2978">
     <span class='ocr_line' id='line_1_59' title="bbox 1809 2895 3382 2978; baseline 0.01 -30"><span class='ocrx_word' id='word_1_398' title='bbox 1809 2895 2027 2949; x_wconf 77' lang='lat' dir='ltr'><strong>dentem</strong></span> <span class='ocrx_word' id='word_1_399' title='bbox 2071 2897 2368 2966; x_wconf 79' lang='lat' dir='ltr'><strong>ablegavit,</strong></span> <span class='ocrx_word' id='word_1_400' title='bbox 2402 2901 2602 2971; x_wconf 82' lang='lat' dir='ltr'><strong>utejus</strong></span> <span class='ocrx_word' id='word_1_401' title='bbox 2637 2917 2803 2971; x_wconf 82' lang='lat' dir='ltr'><strong>Opera</strong></span> <span class='ocrx_word' id='word_1_402' title='bbox 2856 2907 3110 2962; x_wconf 91' lang='lat' dir='ltr'><strong>celeriter</strong></span> <span class='ocrx_word' id='word_1_403' title='bbox 3150 2925 3382 2978; x_wconf 88' lang='lat' dir='ltr'><strong>respon-</strong></span> 
     </span>
    </p>
   </div>
   <div class='ocr_carea' id='block_1_60' title="bbox 157 2988 3378 3069">
    <p class='ocr_par' dir='ltr' id='par_1_60' title="bbox 157 2988 3378 3069">
     <span class='ocr_line' id='line_1_60' title="bbox 157 2988 3378 3069; baseline 0.003 -22"><span class='ocrx_word' id='word_1_404' title='bbox 157 3007 254 3044; x_wconf 87' lang='lat' dir='ltr'><strong>sum</strong></span> <span class='ocrx_word' id='word_1_405' title='bbox 284 2994 550 3064; x_wconf 85' lang='lat' dir='ltr'><strong>acciperct</strong></span> <span class='ocrx_word' id='word_1_406' title='bbox 583 2992 718 3046; x_wconf 89' lang='lat' dir='ltr'><strong>:sed</strong></span> <span class='ocrx_word' id='word_1_407' title='bbox 751 2991 898 3061; x_wconf 84' lang='lat' dir='ltr'><strong>quod</strong></span> <span class='ocrx_word' id='word_1_408' title='bbox 939 2990 1218 3059; x_wconf 88' lang='lat' dir='ltr'><strong>cupiebat,</strong></span> <span class='ocrx_word' id='word_1_409' title='bbox 1277 3006 1389 3044; x_wconf 83' lang='lat' dir='ltr'><strong>non</strong></span> <span class='ocrx_word' id='word_1_410' title='bbox 1459 2999 1544 3045; x_wconf 89' lang='lat' dir='ltr'><strong>est</strong></span> <span class='ocrx_word' id='word_1_411' title='bbox 1617 2995 1926 3045; x_wconf 84' lang='lat' dir='ltr'><strong>assecutus.</strong></span> <span class='ocrx_word' id='word_1_412' title='bbox 1971 2988 2112 3042; x_wconf 88' lang='lat' dir='ltr'><strong>Nam</strong></span> <span class='ocrx_word' id='word_1_413' title='bbox 2177 3005 2303 3044; x_wconf 91' lang='lat' dir='ltr'><strong>cum</strong></span> <span class='ocrx_word' id='word_1_414' title='bbox 2365 2992 2562 3061; x_wconf 85' lang='lat' dir='ltr'><strong>genius</strong></span> <span class='ocrx_word' id='word_1_415' title='bbox 2597 2991 2650 3046; x_wconf 89' lang='lat' dir='ltr'><strong>in</strong></span> <span class='ocrx_word' id='word_1_416' title='bbox 2701 2998 3026 3051; x_wconf 88' lang='lat' dir='ltr'><strong>monachum</strong></span> <span class='ocrx_word' id='word_1_417' title='bbox 3064 3004 3378 3069; x_wconf 81' lang='lat' dir='ltr'><strong>quemdam,</strong></span> 
     </span>
    </p>
   </div>
   <div class='ocr_carea' id='block_1_61' title="bbox 155 3085 3382 3168">
    <p class='ocr_par' dir='ltr' id='par_1_61' title="bbox 155 3085 3382 3168">
     <span class='ocr_line' id='line_1_61' title="bbox 155 3085 3382 3168; baseline 0.008 -23"><span class='ocrx_word' id='word_1_418' title='bbox 155 3087 223 3145; x_wconf 88' lang='lat' dir='ltr'><strong>cui</strong></span> <span class='ocrx_word' id='word_1_419' title='bbox 249 3091 426 3145; x_wconf 83' lang='lat' dir='ltr'><strong>Publio</strong></span> <span class='ocrx_word' id='word_1_420' title='bbox 478 3105 685 3144; x_wconf 85' lang='lat' dir='ltr'><strong>nomen</strong></span> <span class='ocrx_word' id='word_1_421' title='bbox 719 3099 886 3153; x_wconf 87' lang='lat' dir='ltr'><strong>esset,</strong></span> <span class='ocrx_word' id='word_1_422' title='bbox 945 3098 1089 3144; x_wconf 91' lang='lat' dir='ltr'><strong>totos</strong></span> <span class='ocrx_word' id='word_1_423' title='bbox 1122 3087 1187 3142; x_wconf 74' lang='grc' dir='ltr'><strong>ιο</strong></span> <span class='ocrx_word' id='word_1_424' title='bbox 1260 3086 1381 3142; x_wconf 90' lang='lat' dir='ltr'><strong>dies</strong></span> <span class='ocrx_word' id='word_1_425' title='bbox 1415 3096 1732 3159; x_wconf 76' lang='lat' dir='ltr'><strong>precantem</strong></span> <span class='ocrx_word' id='word_1_426' title='bbox 1771 3085 2080 3150; x_wconf 77' lang='lat' dir='ltr'><strong>incidisset.</strong></span> <span class='ocrx_word' id='word_1_427' title='bbox 2145 3087 2398 3156; x_wconf 72' lang='lat' dir='ltr'><strong>progredi</strong></span> <span class='ocrx_word' id='word_1_428' title='bbox 2443 3089 2675 3145; x_wconf 67' lang='lat' dir='ltr'><strong>ulterius</strong></span> <span class='ocrx_word' id='word_1_429' title='bbox 2700 3106 2810 3144; x_wconf 80' lang='lat' dir='ltr'><strong>non</strong></span> <span class='ocrx_word' id='word_1_430' title='bbox 2849 3095 3051 3162; x_wconf 80' lang='grc' dir='ltr'>ροιιιίι-</span> <span class='ocrx_word' id='word_1_431' title='bbox 3103 3097 3290 3168; x_wconf 62' lang='lat' dir='ltr'><strong>itaque</strong></span> <span class='ocrx_word' id='word_1_432' title='bbox 3323 3117 3382 3155; x_wconf 80' lang='lat' dir='ltr'><strong>re</strong></span> 
     </span>
    </p>
   </div>
   <div class='ocr_carea' id='block_1_62' title="bbox 157 3182 3380 3261">
    <p class='ocr_par' dir='ltr' id='par_1_62' title="bbox 157 3182 3380 3261">
     <span class='ocr_line' id='line_1_62' title="bbox 157 3182 3380 3261; baseline 0.004 -23"><span class='ocrx_word' id='word_1_433' title='bbox 157 3186 321 3241; x_wconf 85' lang='lat' dir='ltr'><strong>infecta</strong></span> <span class='ocrx_word' id='word_1_434' title='bbox 363 3202 624 3242; x_wconf 83' lang='lat' dir='ltr'><strong>reversus</strong></span> <span class='ocrx_word' id='word_1_435' title='bbox 689 3186 756 3240; x_wconf 92' lang='lat' dir='ltr'><strong>ad</strong></span> <span class='ocrx_word' id='word_1_436' title='bbox 801 3187 1082 3258; x_wconf 73' lang='lat' dir='ltr'><strong>lulianum</strong></span> <span class='ocrx_word' id='word_1_437' title='bbox 1146 3199 1368 3240; x_wconf 85' lang='lat' dir='ltr'><strong>causam</strong></span> <span class='ocrx_word' id='word_1_438' title='bbox 1427 3185 1481 3239; x_wconf 91' lang='lat' dir='ltr'><strong>ei</strong></span> <span class='ocrx_word' id='word_1_439' title='bbox 1535 3183 1702 3252; x_wconf 82' lang='lat' dir='ltr'><strong>longo</strong></span> <span class='ocrx_word' id='word_1_440' title='bbox 1738 3182 1904 3238; x_wconf 81' lang='lat' dir='ltr'><strong>etiam</strong></span> <span class='ocrx_word' id='word_1_441' title='bbox 1945 3197 2010 3235; x_wconf 83' lang='lat' dir='ltr'><strong>ex</strong></span> <span class='ocrx_word' id='word_1_442' title='bbox 2078 3182 2366 3238; x_wconf 86' lang='lat' dir='ltr'><strong>intervallo</strong></span> <span class='ocrx_word' id='word_1_443' title='bbox 2403 3185 2685 3254; x_wconf 86' lang='lat' dir='ltr'><strong>multoque</strong></span> <span class='ocrx_word' id='word_1_444' title='bbox 2741 3189 2981 3246; x_wconf 75' lang='grc' dir='ltr'><strong>(ἸῖὶῐΙὶΟΙὊ</strong></span> <span class='ocrx_word' id='word_1_445' title='bbox 3013 3194 3380 3261; x_wconf 81' lang='lat' dir='ltr'><strong>significabat.</strong></span> 
     </span>
    </p>
   </div>
   <div class='ocr_carea' id='block_1_63' title="bbox 156 3270 3383 3348">
    <p class='ocr_par' dir='ltr' id='par_1_63' title="bbox 156 3270 3383 3348">
     <span class='ocr_line' id='line_1_63' title="bbox 156 3270 3383 3348; baseline 0.004 -19"><span class='ocrx_word' id='word_1_446' title='bbox 156 3275 384 3333; x_wconf 77' lang='lat' dir='ltr'><strong>Praeterea</strong></span> <span class='ocrx_word' id='word_1_447' title='bbox 408 3293 590 3334; x_wconf 72' lang='lat' dir='ltr'><strong>srevus</strong></span> <span class='ocrx_word' id='word_1_448' title='bbox 653 3277 844 3340; x_wconf 89' lang='lat' dir='ltr'><strong>homo,</strong></span> <span class='ocrx_word' id='word_1_449' title='bbox 873 3277 1030 3348; x_wconf 87' lang='lat' dir='ltr'><strong>cujus</strong></span> <span class='ocrx_word' id='word_1_450' title='bbox 1087 3275 1298 3330; x_wconf 83' lang='lat' dir='ltr'><strong>viscera</strong></span> <span class='ocrx_word' id='word_1_451' title='bbox 1359 3273 1508 3328; x_wconf 87' lang='lat' dir='ltr'><strong>nulla</strong></span> <span class='ocrx_word' id='word_1_452' title='bbox 1545 3270 2048 3327; x_wconf 87' lang='lat' dir='ltr'><strong>eommiserationis</strong></span> <span class='ocrx_word' id='word_1_453' title='bbox 2101 3271 2388 3328; x_wconf 81' lang='lat' dir='ltr'><strong>allectionc</strong></span> <span class='ocrx_word' id='word_1_454' title='bbox 2423 3286 2796 3342; x_wconf 77' lang='lat' dir='ltr'><strong>moverentur,</strong></span> <span class='ocrx_word' id='word_1_455' title='bbox 2826 3281 3177 3338; x_wconf 81' lang='lat' dir='ltr'><strong>mulierculas</strong></span> <span class='ocrx_word' id='word_1_456' title='bbox 3232 3287 3383 3342; x_wconf 83' lang='lat' dir='ltr'><strong>vivas</strong></span> 
     </span>
    </p>
   </div>
   <div class='ocr_carea' id='block_1_64' title="bbox 157 3374 1024 3430">
    <p class='ocr_par' dir='ltr' id='par_1_64' title="bbox 157 3374 1024 3430">
     <span class='ocr_line' id='line_1_64' title="bbox 157 3374 1024 3430; baseline 0.007 -8"><span class='ocrx_word' id='word_1_457' title='bbox 157 3375 449 3429; x_wconf 73' lang='lat' dir='ltr'><strong>vaticinandi</strong></span> <span class='ocrx_word' id='word_1_458' title='bbox 489 3389 659 3429; x_wconf 84' lang='lat' dir='ltr'><strong>causa</strong></span> <span class='ocrx_word' id='word_1_459' title='bbox 691 3374 1024 3430; x_wconf 87' lang='lat' dir='ltr'><strong>dissecabat.</strong></span> 
     </span>
    </p>
   </div>
   <div class='ocr_carea' id='block_1_65' title="bbox 208 3457 1695 3535">
    <p class='ocr_par' dir='ltr' id='par_1_65' title="bbox 208 3461 1695 3535">
     <span class='ocr_line' id='line_1_65' title="bbox 208 3461 1695 3535; baseline -0.003 -16"><span class='ocrx_word' id='word_1_460' title='bbox 208 3467 347 3519; x_wconf 76' lang='grc' dir='ltr'>Μετὰ</span> <span class='ocrx_word' id='word_1_461' title='bbox 370 3468 423 3520; x_wconf 77' lang='grc' dir='ltr'><strong>δὲ</strong></span> <span class='ocrx_word' id='word_1_462' title='bbox 464 3466 760 3520; x_wconf 82' lang='grc' dir='ltr'>Ἰουλιανὸν</span> <span class='ocrx_word' id='word_1_463' title='bbox 809 3467 1170 3520; x_wconf 73' lang='grc' dir='ltr'>ἐϐασίλευσεν</span> <span class='ocrx_word' id='word_1_464' title='bbox 1206 3465 1407 3535; x_wconf 82' lang='grc' dir='ltr'>ἄριστα</span> <span class='ocrx_word' id='word_1_465' title='bbox 1449 3461 1695 3523; x_wconf 83' lang='grc' dir='ltr'>Ίοϐιανὺς</span> 
     </span>
    </p>
   </div>
   <div class='ocr_carea' id='block_1_66' title="bbox 1801 3457 3385 3535">
    <p class='ocr_par' dir='ltr' id='par_1_66' title="bbox 1877 3457 3385 3532">
     <span class='ocr_line' id='line_1_66' title="bbox 1877 3457 3385 3532; baseline 0.013 -20"><span class='ocrx_word' id='word_1_466' title='bbox 1877 3458 2228 3527; x_wconf 88' lang='lat' dir='ltr'><strong>Postquame</strong></span> <span class='ocrx_word' id='word_1_467' title='bbox 2256 3457 2397 3511; x_wconf 82' lang='lat' dir='ltr'><strong>vivis</strong></span> <span class='ocrx_word' id='word_1_468' title='bbox 2448 3460 2774 3516; x_wconf 79' lang='lat' dir='ltr'><strong>excessisset</strong></span> <span class='ocrx_word' id='word_1_469' title='bbox 2829 3467 3245 3532; x_wconf 78' lang='lat' dir='ltr'><strong>pr.eciarissime</strong></span> <span class='ocrx_word' id='word_1_470' title='bbox 3288 3476 3385 3530; x_wconf 76' lang='lat' dir='ltr'><strong>Jo-</strong></span> 
     </span>
    </p>
   </div>
   <div class='ocr_carea' id='block_1_67' title="bbox 155 3555 1698 3630">
    <p class='ocr_par' dir='ltr' id='par_1_67' title="bbox 155 3555 1698 3630">
     <span class='ocr_line' id='line_1_67' title="bbox 155 3555 1698 3630; baseline -0.001 -22"><span class='ocrx_word' id='word_1_471' title='bbox 155 3557 251 3621; x_wconf 79' lang='grc' dir='ltr'>ἕτος</span> <span class='ocrx_word' id='word_1_472' title='bbox 285 3560 358 3624; x_wconf 79' lang='grc' dir='ltr'><strong>ἓν,</strong></span> <span class='ocrx_word' id='word_1_473' title='bbox 413 3559 469 3623; x_wconf 84' lang='grc' dir='ltr'>ὃς</span> <span class='ocrx_word' id='word_1_474' title='bbox 535 3559 895 3630; x_wconf 73' lang='grc' dir='ltr'>ἐκλεγόμενος</span> <span class='ocrx_word' id='word_1_475' title='bbox 956 3560 1057 3611; x_wconf 77' lang='grc' dir='ltr'>ὑπὸ</span> <span class='ocrx_word' id='word_1_476' title='bbox 1109 3559 1329 3612; x_wconf 83' lang='grc' dir='ltr'>πάντων</span> <span class='ocrx_word' id='word_1_477' title='bbox 1364 3555 1548 3610; x_wconf 82' lang='grc' dir='ltr'>εἶπεν·</span> <span class='ocrx_word' id='word_1_478' title='bbox 1579 3573 1596 3606; x_wconf 82' lang='lat' dir='ltr'><strong>t</strong></span> <span class='ocrx_word' id='word_1_479' title='bbox 1625 3555 1698 3606; x_wconf 83' lang='grc' dir='ltr'><strong>Οὐ</strong></span> 
     </span>
    </p>
   </div>
   <div class='ocr_carea' id='block_1_68' title="bbox 153 3648 1702 3726">
    <p class='ocr_par' dir='ltr' id='par_1_68' title="bbox 153 3648 1702 3726">
     <span class='ocr_line' id='line_1_68' title="bbox 153 3648 1702 3726; baseline 0.003 -25"><span class='ocrx_word' id='word_1_480' title='bbox 153 3650 362 3723; x_wconf 75' lang='grc' dir='ltr'>δύναμαι</span> <span class='ocrx_word' id='word_1_481' title='bbox 420 3652 683 3726; x_wconf 72' lang='grc' dir='ltr'>βασιλεὺς</span> <span class='ocrx_word' id='word_1_482' title='bbox 727 3649 874 3706; x_wconf 78' lang='grc' dir='ltr'>εἶναι</span> <span class='ocrx_word' id='word_1_483' title='bbox 917 3651 1464 3724; x_wconf 83' lang='grc' dir='ltr'>προμεμολυσμένων</span> <span class='ocrx_word' id='word_1_484' title='bbox 1493 3648 1702 3720; x_wconf 84' lang='grc' dir='ltr'>ἀνθρώ·</span> 
     </span>
    </p>
   </div>
   <div class='ocr_carea' id='block_1_69' title="bbox 151 3743 1702 3816">
    <p class='ocr_par' dir='ltr' id='par_1_69' title="bbox 151 3743 1702 3816">
     <span class='ocr_line' id='line_1_69' title="bbox 151 3743 1702 3816; baseline -0.006 -14"><span class='ocrx_word' id='word_1_485' title='bbox 151 3759 268 3809; x_wconf 81' lang='grc' dir='ltr'>πων,</span> <span class='ocrx_word' id='word_1_486' title='bbox 299 3765 315 3796; x_wconf 79' lang='lat' dir='ltr'><strong>t</strong></span> <span class='ocrx_word' id='word_1_487' title='bbox 353 3748 437 3816; x_wconf 77' lang='grc' dir='ltr'><strong>ἐφ’</strong></span> <span class='ocrx_word' id='word_1_488' title='bbox 475 3743 524 3816; x_wconf 82' lang='grc' dir='ltr'>ᾧ</span> <span class='ocrx_word' id='word_1_489' title='bbox 559 3748 761 3811; x_wconf 80' lang='grc' dir='ltr'>πάντες</span> <span class='ocrx_word' id='word_1_490' title='bbox 788 3747 871 3807; x_wconf 83' lang='grc' dir='ltr'>τὸ,</span> <span class='ocrx_word' id='word_1_491' title='bbox 901 3764 920 3796; x_wconf 75' lang='lat' dir='ltr'><strong>t</strong></span> <span class='ocrx_word' id='word_1_492' title='bbox 943 3745 1258 3816; x_wconf 82' lang='grc' dir='ltr'>Χριστιανοί</span> <span class='ocrx_word' id='word_1_493' title='bbox 1289 3747 1507 3814; x_wconf 73' lang='grc' dir='ltr'>ἐσμεν.»</span> <span class='ocrx_word' id='word_1_494' title='bbox 1537 3743 1702 3809; x_wconf 77' lang='grc' dir='ltr'>ἔκρα-</span> 
     </span>
    </p>
   </div>
   <div class='ocr_carea' id='block_1_70' title="bbox 153 3834 1702 3909">
    <p class='ocr_par' dir='ltr' id='par_1_70' title="bbox 153 3834 1702 3909">
     <span class='ocr_line' id='line_1_70' title="bbox 153 3834 1702 3909; baseline -0.003 -18"><span class='ocrx_word' id='word_1_495' title='bbox 153 3834 250 3899; x_wconf 78' lang='grc' dir='ltr'>ξαν.</span> <span class='ocrx_word' id='word_1_496' title='bbox 299 3840 452 3892; x_wconf 86' lang='grc' dir='ltr'>Μετὰ</span> <span class='ocrx_word' id='word_1_497' title='bbox 489 3841 675 3909; x_wconf 82' lang='grc' dir='ltr'>μέντοι</span> <span class='ocrx_word' id='word_1_498' title='bbox 708 3840 882 3909; x_wconf 76' lang='grc' dir='ltr'>μῆνας</span> <span class='ocrx_word' id='word_1_499' title='bbox 933 3846 982 3908; x_wconf 85' lang='grc' dir='ltr'><strong>η’</strong></span> <span class='ocrx_word' id='word_1_500' title='bbox 1009 3839 1108 3908; x_wconf 78' lang='grc' dir='ltr'>τῆς</span> <span class='ocrx_word' id='word_1_501' title='bbox 1144 3837 1310 3891; x_wconf 82' lang='grc' dir='ltr'>αὐτοῦ</span> <span class='ocrx_word' id='word_1_502' title='bbox 1334 3836 1614 3907; x_wconf 83' lang='grc' dir='ltr'>βασιλείας</span> <span class='ocrx_word' id='word_1_503' title='bbox 1643 3837 1702 3888; x_wconf 80' lang='grc' dir='ltr'>ἐν</span> 
     </span>
    </p>
   </div>
   <div class='ocr_carea' id='block_1_71' title="bbox 157 3928 1697 4002">
    <p class='ocr_par' dir='ltr' id='par_1_71' title="bbox 157 3928 1697 4002">
     <span class='ocr_line' id='line_1_71' title="bbox 157 3928 1697 4002; baseline 0.003 -24"><span class='ocrx_word' id='word_1_504' title='bbox 157 3928 353 4002; x_wconf 75' lang='grc' dir='ltr'>Κιλικίᾳ</span> <span class='ocrx_word' id='word_1_505' title='bbox 409 3933 790 4002; x_wconf 77' lang='grc' dir='ltr'>ἐτελεύτησεν,</span> <span class='ocrx_word' id='word_1_506' title='bbox 850 3931 994 4001; x_wconf 81' lang='grc' dir='ltr'>μέγα</span> <span class='ocrx_word' id='word_1_507' title='bbox 1058 3932 1258 3993; x_wconf 79' lang='grc' dir='ltr'>πένθος</span> <span class='ocrx_word' id='word_1_508' title='bbox 1309 3933 1475 3984; x_wconf 80' lang='grc' dir='ltr'>πᾶσιν</span> <span class='ocrx_word' id='word_1_509' title='bbox 1515 3929 1697 3999; x_wconf 80' lang='grc' dir='ltr'>ἀφείς.</span> 
     </span>
    </p>
   </div>
   <div class='ocr_carea' id='block_1_72' title="bbox 153 4017 1700 4094">
    <p class='ocr_par' dir='ltr' id='par_1_72' title="bbox 153 4017 1700 4094">
     <span class='ocr_line' id='line_1_72' title="bbox 153 4017 1700 4094; baseline 0.003 -26"><span class='ocrx_word' id='word_1_510' title='bbox 153 4017 283 4072; x_wconf 70' lang='grc' dir='ltr'>Μετὰ</span> <span class='ocrx_word' id='word_1_511' title='bbox 312 4023 364 4074; x_wconf 74' lang='grc' dir='ltr'><strong>δὲ</strong></span> <span class='ocrx_word' id='word_1_512' title='bbox 401 4022 594 4076; x_wconf 79' lang='grc' dir='ltr'>τοῦτον</span> <span class='ocrx_word' id='word_1_513' title='bbox 625 4022 1070 4086; x_wconf 72' lang='grc' dir='ltr'>Οὖαλεντινιανδς</span> <span class='ocrx_word' id='word_1_514' title='bbox 1091 4023 1189 4093; x_wconf 79' lang='grc' dir='ltr'><strong>ἐτη</strong></span> <span class='ocrx_word' id='word_1_515' title='bbox 1215 4022 1306 4094; x_wconf 82' lang='grc' dir='ltr'><strong>ιβ’,</strong></span> <span class='ocrx_word' id='word_1_516' title='bbox 1336 4023 1526 4092; x_wconf 87' lang='grc' dir='ltr'>μισθὸν</span> <span class='ocrx_word' id='word_1_517' title='bbox 1547 4021 1700 4092; x_wconf 84' lang='grc' dir='ltr'>παρὰ</span> 
     </span>
    </p>
   </div>
   <div class='ocr_carea' id='block_1_73' title="bbox 151 4110 1700 4186">
    <p class='ocr_par' dir='ltr' id='par_1_73' title="bbox 151 4110 1700 4186">
     <span class='ocr_line' id='line_1_73' title="bbox 151 4110 1700 4186; baseline 0.001 -20"><span class='ocrx_word' id='word_1_518' title='bbox 151 4110 266 4166; x_wconf 70' lang='grc' dir='ltr'>Θεοῦ</span> <span class='ocrx_word' id='word_1_519' title='bbox 291 4116 388 4186; x_wconf 78' lang='grc' dir='ltr'>τὴν</span> <span class='ocrx_word' id='word_1_520' title='bbox 444 4117 728 4184; x_wconf 81' lang='grc' dir='ltr'>βασιλείαν</span> <span class='ocrx_word' id='word_1_521' title='bbox 761 4115 942 4169; x_wconf 83' lang='grc' dir='ltr'>λαϐὼν</span> <span class='ocrx_word' id='word_1_522' title='bbox 973 4117 1063 4169; x_wconf 76' lang='grc' dir='ltr'>διὰ</span> <span class='ocrx_word' id='word_1_523' title='bbox 1085 4116 1146 4169; x_wconf 79' lang='grc' dir='ltr'>τὸ</span> <span class='ocrx_word' id='word_1_524' title='bbox 1176 4119 1278 4185; x_wconf 84' lang='grc' dir='ltr'>τῆς</span> <span class='ocrx_word' id='word_1_525' title='bbox 1315 4117 1578 4186; x_wconf 82' lang='grc' dir='ltr'>στρατιᾶς</span> <span class='ocrx_word' id='word_1_526' title='bbox 1602 4115 1700 4168; x_wconf 82' lang='grc' dir='ltr'>αὑ-</span> 
     </span>
    </p>
   </div>
   <div class='ocr_carea' id='block_1_74' title="bbox 150 4204 1700 4278">
    <p class='ocr_par' dir='ltr' id='par_1_74' title="bbox 150 4204 1700 4278">
     <span class='ocr_line' id='line_1_74' title="bbox 150 4204 1700 4278; baseline 0.003 -22"><span class='ocrx_word' id='word_1_527' title='bbox 150 4204 229 4257; x_wconf 79' lang='grc' dir='ltr'>τοῦ</span> <span class='ocrx_word' id='word_1_528' title='bbox 284 4208 622 4278; x_wconf 73' lang='grc' dir='ltr'>ἐκϐληθῆναι</span> <span class='ocrx_word' id='word_1_529' title='bbox 655 4211 809 4277; x_wconf 81' lang='grc' dir='ltr'>παρὰ</span> <span class='ocrx_word' id='word_1_530' title='bbox 846 4208 1140 4264; x_wconf 81' lang='grc' dir='ltr'>Ἰουλιανοῦ</span> <span class='ocrx_word' id='word_1_531' title='bbox 1173 4209 1275 4276; x_wconf 84' lang='grc' dir='ltr'><strong>τῆς</strong></span> <span class='ocrx_word' id='word_1_532' title='bbox 1325 4211 1407 4272; x_wconf 88' lang='grc' dir='ltr'>εἰς</span> <span class='ocrx_word' id='word_1_533' title='bbox 1464 4208 1700 4278; x_wconf 82' lang='grc' dir='ltr'>Χριστὸν</span> 
     </span>
    </p>
   </div>
   <div class='ocr_carea' id='block_1_75' title="bbox 149 4299 1700 4373">
    <p class='ocr_par' dir='ltr' id='par_1_75' title="bbox 149 4299 1700 4373">
     <span class='ocr_line' id='line_1_75' title="bbox 149 4299 1700 4373; baseline 0.004 -25"><span class='ocrx_word' id='word_1_534' title='bbox 149 4299 311 4354; x_wconf 73' lang='grc' dir='ltr'>ἕνεκεν</span> <span class='ocrx_word' id='word_1_535' title='bbox 355 4305 671 4372; x_wconf 70' lang='grc' dir='ltr'>ὁμολογίας.</span> <span class='ocrx_word' id='word_1_536' title='bbox 708 4300 840 4373; x_wconf 74' lang='grc' dir='ltr'>Εἶχε</span> <span class='ocrx_word' id='word_1_537' title='bbox 867 4303 922 4356; x_wconf 83' lang='grc' dir='ltr'><strong>δὲ</strong></span> <span class='ocrx_word' id='word_1_538' title='bbox 958 4302 1428 4372; x_wconf 84' lang='grc' dir='ltr'>συμϐασιλεύοντα</span> <span class='ocrx_word' id='word_1_539' title='bbox 1468 4303 1610 4355; x_wconf 89' lang='grc' dir='ltr'>κατὰ</span> <span class='ocrx_word' id='word_1_540' title='bbox 1637 4319 1700 4368; x_wconf 86' lang='grc' dir='ltr'>γε</span> 
     </span>
    </p>
   </div>
   <div class='ocr_carea' id='block_1_76' title="bbox 149 4396 1698 4466">
    <p class='ocr_par' dir='ltr' id='par_1_76' title="bbox 149 4396 1698 4466">
     <span class='ocr_line' id='line_1_76' title="bbox 149 4396 1698 4466; baseline 0.002 -21"><span class='ocrx_word' id='word_1_541' title='bbox 149 4396 230 4464; x_wconf 74' lang='grc' dir='ltr'><strong>τὴν</strong></span> <span class='ocrx_word' id='word_1_542' title='bbox 273 4398 536 4465; x_wconf 71' lang='grc' dir='ltr'>ἀνατολὴν</span> <span class='ocrx_word' id='word_1_543' title='bbox 590 4399 682 4449; x_wconf 78' lang='grc' dir='ltr'><strong>τὸν</strong></span> <span class='ocrx_word' id='word_1_544' title='bbox 732 4400 1012 4466; x_wconf 74' lang='grc' dir='ltr'>αἴσχιστον</span> <span class='ocrx_word' id='word_1_545' title='bbox 1047 4398 1350 4451; x_wconf 76' lang='grc' dir='ltr'>Οὐάλεντα.</span> <span class='ocrx_word' id='word_1_546' title='bbox 1405 4397 1516 4450; x_wconf 74' lang='grc' dir='ltr'>Καὶ</span> <span class='ocrx_word' id='word_1_547' title='bbox 1577 4397 1698 4456; x_wconf 77' lang='grc' dir='ltr'><strong>πῶς</strong></span> 
     </span>
    </p>
   </div>
   <div class='ocr_carea' id='block_1_77' title="bbox 148 4489 1702 4558">
    <p class='ocr_par' dir='ltr' id='par_1_77' title="bbox 148 4489 1702 4558">
     <span class='ocr_line' id='line_1_77' title="bbox 148 4489 1702 4558; baseline 0.003 -19"><span class='ocrx_word' id='word_1_548' title='bbox 148 4489 239 4557; x_wconf 77' lang='grc' dir='ltr'><strong>γὰρ</strong></span> <span class='ocrx_word' id='word_1_549' title='bbox 268 4492 324 4543; x_wconf 79' lang='grc' dir='ltr'>οὐ</span> <span class='ocrx_word' id='word_1_550' title='bbox 357 4493 643 4554; x_wconf 71' lang='grc' dir='ltr'>κάκιστος,</span> <span class='ocrx_word' id='word_1_551' title='bbox 668 4493 722 4544; x_wconf 75' lang='grc' dir='ltr'>εἴ</span> <span class='ocrx_word' id='word_1_552' title='bbox 751 4509 812 4558; x_wconf 80' lang='grc' dir='ltr'>γε</span> <span class='ocrx_word' id='word_1_553' title='bbox 863 4495 990 4554; x_wconf 78' lang='grc' dir='ltr'>τοὺς</span> <span class='ocrx_word' id='word_1_554' title='bbox 1029 4493 1136 4544; x_wconf 74' lang='grc' dir='ltr'><strong>ἀπὸ</strong></span> <span class='ocrx_word' id='word_1_555' title='bbox 1187 4491 1702 4545; x_wconf 78' lang='grc' dir='ltr'>Κωνσταντινουπό-</span> 
     </span>
    </p>
   </div>
   <div class='ocr_carea' id='block_1_78' title="bbox 149 4581 1700 4656">
    <p class='ocr_par' dir='ltr' id='par_1_78' title="bbox 149 4581 1700 4656">
     <span class='ocr_line' id='line_1_78' title="bbox 149 4581 1700 4656; baseline 0.003 -24"><span class='ocrx_word' id='word_1_556' title='bbox 149 4581 263 4645; x_wconf 78' lang='grc' dir='ltr'>λεως</span> <span class='ocrx_word' id='word_1_557' title='bbox 309 4586 602 4639; x_wconf 76' lang='grc' dir='ltr'>σταλέντας</span> <span class='ocrx_word' id='word_1_558' title='bbox 651 4587 789 4654; x_wconf 66' lang='grc' dir='ltr'>πρὸς</span> <span class='ocrx_word' id='word_1_559' title='bbox 844 4586 1008 4636; x_wconf 71' lang='grc' dir='ltr'>αὑτὸν</span> <span class='ocrx_word' id='word_1_560' title='bbox 1039 4592 1091 4636; x_wconf 75' lang='lat' dir='ltr'><strong>r.’</strong></span> <span class='ocrx_word' id='word_1_561' title='bbox 1122 4586 1432 4654; x_wconf 67' lang='grc' dir='ltr'>ἱερατικοὺς</span> <span class='ocrx_word' id='word_1_562' title='bbox 1495 4585 1700 4656; x_wconf 77' lang='grc' dir='ltr'>ἄνδρας</span> 
     </span>
    </p>
   </div>
   <div class='ocr_carea' id='block_1_79' title="bbox 150 4677 1701 4742">
    <p class='ocr_par' dir='ltr' id='par_1_79' title="bbox 150 4677 1701 4742">
     <span class='ocr_line' id='line_1_79' title="bbox 150 4677 1701 4742; baseline 0.005 -19"><span class='ocrx_word' id='word_1_563' title='bbox 150 4677 427 4742; x_wconf 75' lang='grc' dir='ltr'>πρεσϐείας</span> <span class='ocrx_word' id='word_1_564' title='bbox 482 4679 671 4731; x_wconf 75' lang='grc' dir='ltr'>ἕνεκεν</span> <span class='ocrx_word' id='word_1_565' title='bbox 711 4681 804 4731; x_wconf 74' lang='grc' dir='ltr'>ἐπὶ</span> <span class='ocrx_word' id='word_1_566' title='bbox 857 4678 1044 4730; x_wconf 77' lang='grc' dir='ltr'>πλοίου</span> <span class='ocrx_word' id='word_1_567' title='bbox 1105 4681 1478 4741; x_wconf 77' lang='grc' dir='ltr'>κατέκαυσεν;</span> <span class='ocrx_word' id='word_1_568' title='bbox 1529 4677 1701 4742; x_wconf 73' lang='grc' dir='ltr'>Οὗτος</span> 
     </span>
    </p>
   </div>
   <div class='ocr_carea' id='block_1_80' title="bbox 148 4767 1699 4841">
    <p class='ocr_par' dir='ltr' id='par_1_80' title="bbox 148 4767 1699 4841">
     <span class='ocr_line' id='line_1_80' title="bbox 148 4767 1699 4841; baseline 0.004 -25"><span class='ocrx_word' id='word_1_569' title='bbox 148 4767 234 4818; x_wconf 63' lang='grc' dir='ltr'><strong>ὑπὸ</strong></span> <span class='ocrx_word' id='word_1_570' title='bbox 272 4771 478 4823; x_wconf 71' lang='grc' dir='ltr'>Γότθων</span> <span class='ocrx_word' id='word_1_571' title='bbox 526 4771 935 4841; x_wconf 71' lang='grc' dir='ltr'>πολεμούμενος</span> <span class='ocrx_word' id='word_1_572' title='bbox 987 4773 1220 4841; x_wconf 77' lang='grc' dir='ltr'>ἐζήτησε</span> <span class='ocrx_word' id='word_1_573' title='bbox 1278 4776 1370 4823; x_wconf 86' lang='grc' dir='ltr'><strong>τὸν</strong></span> <span class='ocrx_word' id='word_1_574' title='bbox 1421 4773 1699 4824; x_wconf 69' lang='grc' dir='ltr'>θειότατον</span> 
     </span>
    </p>
   </div>
   <div class='ocr_carea' id='block_1_81' title="bbox 147 4862 1696 4936">
    <p class='ocr_par' dir='ltr' id='par_1_81' title="bbox 147 4862 1696 4936">
     <span class='ocr_line' id='line_1_81' title="bbox 147 4862 1696 4936; baseline 0.005 -26"><span class='ocrx_word' id='word_1_575' title='bbox 147 4862 358 4931; x_wconf 46' lang='lat' dir='ltr'><strong>diem?»</strong></span> <span class='ocrx_word' id='word_1_576' title='bbox 397 4867 562 4919; x_wconf 72' lang='grc' dir='ltr'>αὐτοῦ</span> <span class='ocrx_word' id='word_1_577' title='bbox 595 4868 940 4936; x_wconf 67' lang='grc' dir='ltr'>συμμαχίαν.</span> <span class='ocrx_word' id='word_1_578' title='bbox 978 4865 1041 4918; x_wconf 80' lang='lat'><strong>&#39;0</strong></span> <span class='ocrx_word' id='word_1_579' title='bbox 1062 4867 1119 4919; x_wconf 81' lang='grc' dir='ltr'>δὲ</span> <span class='ocrx_word' id='word_1_580' title='bbox 1151 4868 1211 4917; x_wconf 78' lang='grc' dir='ltr'><strong>οὐ</strong></span> <span class='ocrx_word' id='word_1_581' title='bbox 1245 4873 1406 4935; x_wconf 76' lang='grc' dir='ltr'>μόνον</span> <span class='ocrx_word' id='word_1_582' title='bbox 1438 4869 1535 4919; x_wconf 68' lang='grc' dir='ltr'><strong>οὐκ</strong></span> <span class='ocrx_word' id='word_1_583' title='bbox 1564 4867 1696 4917; x_wconf 77' lang='grc' dir='ltr'><strong>ἔδω-</strong></span> 
     </span>
    </p>
   </div>
   <div class='ocr_carea' id='block_1_82' title="bbox 143 4957 1698 5030">
    <p class='ocr_par' dir='ltr' id='par_1_82' title="bbox 143 4957 1698 5030">
     <span class='ocr_line' id='line_1_82' title="bbox 143 4957 1698 5030; baseline 0.002 -21"><span class='ocrx_word' id='word_1_584' title='bbox 143 4969 244 5014; x_wconf 77' lang='grc' dir='ltr'>κεν.</span> <span class='ocrx_word' id='word_1_585' title='bbox 279 4957 408 5010; x_wconf 77' lang='grc' dir='ltr'><strong>ὰ).λᾶ</strong></span> <span class='ocrx_word' id='word_1_586' title='bbox 457 4963 552 5012; x_wconf 73' lang='grc' dir='ltr'><strong>καὶ</strong></span> <span class='ocrx_word' id='word_1_587' title='bbox 594 4961 891 5021; x_wconf 79' lang='grc' dir='ltr'>ὠνείδισεν,</span> <span class='ocrx_word' id='word_1_588' title='bbox 951 4959 1126 5021; x_wconf 69' lang='grc' dir='ltr'>οὕτως</span> <span class='ocrx_word' id='word_1_589' title='bbox 1167 4961 1375 5012; x_wconf 80' lang='grc' dir='ltr'>εἰπών·</span> <span class='ocrx_word' id='word_1_590' title='bbox 1420 4979 1436 5010; x_wconf 74' lang='grc' dir='ltr'><strong>ε</strong></span> <span class='ocrx_word' id='word_1_591' title='bbox 1469 4961 1542 5012; x_wconf 75' lang='grc' dir='ltr'><strong>Οὺ</strong></span> <span class='ocrx_word' id='word_1_592' title='bbox 1591 4959 1698 5030; x_wconf 80' lang='grc' dir='ltr'><strong>χρὴ</strong></span> 
     </span>
    </p>
   </div>
   <div class='ocr_carea' id='block_1_83' title="bbox 146 5047 1698 5122">
    <p class='ocr_par' dir='ltr' id='par_1_83' title="bbox 146 5047 1698 5122">
     <span class='ocr_line' id='line_1_83' title="bbox 146 5047 1698 5122; baseline 0.004 -25"><span class='ocrx_word' id='word_1_593' title='bbox 146 5047 282 5114; x_wconf 50' lang='grc' dir='ltr'>ἀνδρὶ</span> <span class='ocrx_word' id='word_1_594' title='bbox 313 5049 529 5120; x_wconf 76' lang='grc' dir='ltr'>βοηθεῖν</span> <span class='ocrx_word' id='word_1_595' title='bbox 552 5051 881 5120; x_wconf 81' lang='grc' dir='ltr'>πολεμοῦντι</span> <span class='ocrx_word' id='word_1_596' title='bbox 914 5054 1072 5104; x_wconf 79' lang='grc' dir='ltr'>Θεὸν.</span> <span class='ocrx_word' id='word_1_597' title='bbox 1106 5071 1123 5102; x_wconf 71' lang='grc' dir='ltr'><strong>ι</strong></span> <span class='ocrx_word' id='word_1_598' title='bbox 1162 5053 1270 5103; x_wconf 75' lang='grc' dir='ltr'>Καὶ</span> <span class='ocrx_word' id='word_1_599' title='bbox 1301 5055 1328 5103; x_wconf 80' lang='grc' dir='ltr'>ὁ</span> <span class='ocrx_word' id='word_1_600' title='bbox 1360 5052 1459 5121; x_wconf 79' lang='grc' dir='ltr'><strong>μὲν</strong></span> <span class='ocrx_word' id='word_1_601' title='bbox 1485 5051 1698 5122; x_wconf 79' lang='grc' dir='ltr'>Οὐάλης</span> 
     </span>
    </p>
   </div>
   <div class='ocr_carea' id='block_1_84' title="bbox 146 5135 1698 5212">
    <p class='ocr_par' dir='ltr' id='par_1_84' title="bbox 146 5135 1698 5212">
     <span class='ocr_line' id='line_1_84' title="bbox 146 5135 1698 5212; baseline 0.004 -24"><span class='ocrx_word' id='word_1_602' title='bbox 146 5135 226 5208; x_wconf 75' lang='grc' dir='ltr'>ἔτη</span> <span class='ocrx_word' id='word_1_603' title='bbox 263 5141 290 5192; x_wconf 86' lang='grc' dir='ltr'>ι’</span> <span class='ocrx_word' id='word_1_604' title='bbox 317 5145 410 5194; x_wconf 75' lang='grc' dir='ltr'>καὶ</span> <span class='ocrx_word' id='word_1_605' title='bbox 441 5143 480 5194; x_wconf 76' lang='grc' dir='ltr'><strong>δ’</strong></span> <span class='ocrx_word' id='word_1_606' title='bbox 523 5144 846 5212; x_wconf 70' lang='grc' dir='ltr'>βασιλεύσας</span> <span class='ocrx_word' id='word_1_607' title='bbox 897 5146 1128 5206; x_wconf 86' lang='grc' dir='ltr'>ἀνοσίως</span> <span class='ocrx_word' id='word_1_608' title='bbox 1175 5143 1279 5196; x_wconf 77' lang='grc' dir='ltr'><strong>ὑπὸ</strong></span> <span class='ocrx_word' id='word_1_609' title='bbox 1331 5145 1612 5211; x_wconf 83' lang='grc' dir='ltr'>πολεμίων</span> <span class='ocrx_word' id='word_1_610' title='bbox 1640 5145 1698 5196; x_wconf 80' lang='grc' dir='ltr'>ἐν</span> 
     </span>
    </p>
   </div>
   <div class='ocr_carea' id='block_1_85' title="bbox 145 5232 1700 5307">
    <p class='ocr_par' dir='ltr' id='par_1_85' title="bbox 145 5232 1700 5307">
     <span class='ocr_line' id='line_1_85' title="bbox 145 5232 1700 5307; baseline 0.014 -26"><span class='ocrx_word' id='word_1_611' title='bbox 145 5232 366 5300; x_wconf 75' lang='grc' dir='ltr'>ἁχυρῶνι</span> <span class='ocrx_word' id='word_1_612' title='bbox 414 5238 549 5306; x_wconf 68' lang='grc' dir='ltr'>πυρὶ</span> <span class='ocrx_word' id='word_1_613' title='bbox 604 5238 1042 5307; x_wconf 74' lang='grc' dir='ltr'>παραδίδοταισό</span> <span class='ocrx_word' id='word_1_614' title='bbox 1098 5237 1152 5288; x_wconf 83' lang='grc' dir='ltr'><strong>δὲ</strong></span> <span class='ocrx_word' id='word_1_615' title='bbox 1212 5237 1447 5306; x_wconf 83' lang='grc' dir='ltr'>μοναχὸς</span> <span class='ocrx_word' id='word_1_616' title='bbox 1492 5239 1700 5302; x_wconf 77' lang='grc' dir='ltr'>ἐκεῖνος</span> 
     </span>
    </p>
   </div>
   <div class='ocr_carea' id='block_1_86' title="bbox 155 5321 1694 5399">
    <p class='ocr_par' dir='ltr' id='par_1_86' title="bbox 155 5321 1694 5399">
     <span class='ocr_line' id='line_1_86' title="bbox 155 5321 1694 5399; baseline 0.006 -27"><span class='ocrx_word' id='word_1_617' title='bbox 155 5321 404 5390; x_wconf 73' lang='grc' dir='ltr'>Ἰταὰκιος</span> <span class='ocrx_word' id='word_1_618' title='bbox 465 5329 701 5398; x_wconf 76' lang='grc' dir='ltr'>ἐλέγχων</span> <span class='ocrx_word' id='word_1_619' title='bbox 736 5329 835 5398; x_wconf 77' lang='grc' dir='ltr'><strong>μὲν</strong></span> <span class='ocrx_word' id='word_1_620' title='bbox 886 5329 1068 5394; x_wconf 76' lang='grc' dir='ltr'>αὑτὸν,</span> <span class='ocrx_word' id='word_1_621' title='bbox 1100 5329 1400 5396; x_wconf 76' lang='grc' dir='ltr'>δεσμωθεὶς</span> <span class='ocrx_word' id='word_1_622' title='bbox 1450 5329 1506 5382; x_wconf 77' lang='grc' dir='ltr'>δὲ</span> <span class='ocrx_word' id='word_1_623' title='bbox 1563 5332 1694 5399; x_wconf 79' lang='grc' dir='ltr'>παρ’</span> 
     </span>
    </p>
   </div>
   <div class='ocr_carea' id='block_1_87' title="bbox 146 5415 1698 5493">
    <p class='ocr_par' dir='ltr' id='par_1_87' title="bbox 146 5415 1698 5493">
     <span class='ocr_line' id='line_1_87' title="bbox 146 5415 1698 5493; baseline 0.019 -30"><span class='ocrx_word' id='word_1_624' title='bbox 146 5415 295 5476; x_wconf 66' lang='grc' dir='ltr'>αὑτοῦ</span> <span class='ocrx_word' id='word_1_625' title='bbox 339 5422 446 5481; x_wconf 43' lang='grc' dir='ltr'>καὶ,</span> <span class='ocrx_word' id='word_1_626' title='bbox 467 5421 657 5492; x_wconf 63' lang='grc' dir='ltr'>εἱρκτῇ</span> <span class='ocrx_word' id='word_1_627' title='bbox 689 5423 1042 5490; x_wconf 79' lang='grc' dir='ltr'>παραδοθεὶς,</span> <span class='ocrx_word' id='word_1_628' title='bbox 1073 5423 1370 5492; x_wconf 70' lang='grc' dir='ltr'>ὡσφράνθη</span> <span class='ocrx_word' id='word_1_629' title='bbox 1405 5425 1462 5476; x_wconf 67' lang='grc' dir='ltr'>ἓν</span> <span class='ocrx_word' id='word_1_630' title='bbox 1491 5427 1559 5493; x_wconf 73' lang='grc' dir='ltr'>τῇ</span> <span class='ocrx_word' id='word_1_631' title='bbox 1598 5443 1698 5490; x_wconf 66' lang='grc' dir='ltr'><strong>φυ-</strong></span> 
     </span>
    </p>
   </div>
   <div class='ocr_carea' id='block_1_88' title="bbox 143 5502 1693 5582">
    <p class='ocr_par' dir='ltr' id='par_1_88' title="bbox 143 5502 1693 5582">
     <span class='ocr_line' id='line_1_88' title="bbox 143 5502 1693 5582; baseline 0.01 -30"><span class='ocrx_word' id='word_1_632' title='bbox 143 5502 268 5576; x_wconf 82' lang='grc' dir='ltr'>λακῇ</span> <span class='ocrx_word' id='word_1_633' title='bbox 301 5510 396 5579; x_wconf 77' lang='grc' dir='ltr'><strong>τῆς</strong></span> <span class='ocrx_word' id='word_1_634' title='bbox 427 5514 690 5575; x_wconf 77' lang='grc' dir='ltr'>δυσωδίας</span> <span class='ocrx_word' id='word_1_635' title='bbox 717 5514 1082 5575; x_wconf 77' lang='grc' dir='ltr'>ἐκκαυθέντος</span> <span class='ocrx_word' id='word_1_636' title='bbox 1124 5516 1328 5576; x_wconf 80' lang='grc' dir='ltr'>ἐκεῖ-σε,</span> <span class='ocrx_word' id='word_1_637' title='bbox 1350 5514 1423 5576; x_wconf 84' lang='grc' dir='ltr'><strong>ὡς</strong></span> <span class='ocrx_word' id='word_1_638' title='bbox 1456 5517 1693 5582; x_wconf 65' lang='grc' dir='ltr'>εἴρηται.</span> 
     </span>
    </p>
   </div>
   <div class='ocr_carea' id='block_1_89' title="bbox 150 5593 1668 5674">
    <p class='ocr_par' dir='ltr' id='par_1_89' title="bbox 150 5593 1668 5674">
     <span class='ocr_line' id='line_1_89' title="bbox 150 5593 1668 5674; baseline 0.005 -25"><span class='ocrx_word' id='word_1_639' title='bbox 150 5593 202 5645; x_wconf 89' lang='grc'><strong>’0</strong></span> <span class='ocrx_word' id='word_1_640' title='bbox 241 5599 417 5665; x_wconf 78' lang='grc' dir='ltr'>μέντοι</span> <span class='ocrx_word' id='word_1_641' title='bbox 452 5603 897 5666; x_wconf 75' lang='grc' dir='ltr'>Οὑαλεντινιανὸς</span> <span class='ocrx_word' id='word_1_642' title='bbox 958 5605 1052 5656; x_wconf 78' lang='grc' dir='ltr'>καὶ</span> <span class='ocrx_word' id='word_1_643' title='bbox 1107 5605 1198 5656; x_wconf 72' lang='grc' dir='ltr'><strong>τὸν</strong></span> <span class='ocrx_word' id='word_1_644' title='bbox 1246 5604 1461 5672; x_wconf 75' lang='grc' dir='ltr'>ἀγωγὸν</span> <span class='ocrx_word' id='word_1_645' title='bbox 1497 5603 1668 5674; x_wconf 68' lang='grc' dir='ltr'><strong>ᾠκωδύ</strong></span> 
     </span>
    </p>
   </div>
   <div class='ocr_carea' id='block_1_90' title="bbox 148 5689 1693 5765">
    <p class='ocr_par' dir='ltr' id='par_1_90' title="bbox 148 5689 1693 5765">
     <span class='ocr_line' id='line_1_90' title="bbox 148 5689 1693 5765; baseline 0.007 -27"><span class='ocrx_word' id='word_1_646' title='bbox 148 5703 274 5753; x_wconf 63' lang='lat' dir='ltr'><strong>{mea</strong></span> <span class='ocrx_word' id='word_1_647' title='bbox 309 5694 400 5744; x_wconf 71' lang='lat' dir='ltr'><strong>mi.</strong></span> <span class='ocrx_word' id='word_1_648' title='bbox 429 5696 490 5745; x_wconf 81' lang='grc' dir='ltr'><strong>τὸ</strong></span> <span class='ocrx_word' id='word_1_649' title='bbox 527 5695 669 5765; x_wconf 76' lang='grc' dir='ltr'><strong>ὕδωρ</strong></span> <span class='ocrx_word' id='word_1_650' title='bbox 700 5696 778 5758; x_wconf 83' lang='grc' dir='ltr'>εἰς</span> <span class='ocrx_word' id='word_1_651' title='bbox 811 5695 912 5764; x_wconf 75' lang='grc' dir='ltr'>τὴν</span> <span class='ocrx_word' id='word_1_652' title='bbox 966 5696 1123 5748; x_wconf 83' lang='grc' dir='ltr'>πόλιν</span> <span class='ocrx_word' id='word_1_653' title='bbox 1171 5696 1485 5764; x_wconf 76' lang='grc' dir='ltr'>εἰσήγαγεν.</span> <span class='ocrx_word' id='word_1_654' title='bbox 1525 5689 1693 5759; x_wconf 76' lang='grc' dir='ltr'>θ’ὗτος</span> 
     </span>
    </p>
   </div>
   <div class='ocr_carea' id='block_1_91' title="bbox 148 5779 1695 5857">
    <p class='ocr_par' dir='ltr' id='par_1_91' title="bbox 148 5779 1695 5857">
     <span class='ocr_line' id='line_1_91' title="bbox 148 5779 1695 5857; baseline 0.005 -27"><span class='ocrx_word' id='word_1_655' title='bbox 148 5779 234 5830; x_wconf 71' lang='grc' dir='ltr'>καὶ</span> <span class='ocrx_word' id='word_1_656' title='bbox 262 5785 616 5848; x_wconf 74' lang='grc' dir='ltr'>πραιπὸσιτὸν</span> <span class='ocrx_word' id='word_1_657' title='bbox 644 5802 765 5839; x_wconf 79' lang='grc' dir='ltr'>τινα</span> <span class='ocrx_word' id='word_1_658' title='bbox 814 5785 901 5838; x_wconf 77' lang='grc' dir='ltr'>διὰ</span> <span class='ocrx_word' id='word_1_659' title='bbox 931 5786 1027 5857; x_wconf 73' lang='grc' dir='ltr'><strong>τὴν</strong></span> <span class='ocrx_word' id='word_1_660' title='bbox 1055 5787 1150 5856; x_wconf 74' lang='grc' dir='ltr'>τῆς</span> <span class='ocrx_word' id='word_1_661' title='bbox 1184 5787 1441 5852; x_wconf 73' lang='grc' dir='ltr'>γυναικὸς</span> <span class='ocrx_word' id='word_1_662' title='bbox 1475 5787 1695 5857; x_wconf 69' lang='grc' dir='ltr'>Βερονί-</span> 
     </span>
    </p>
   </div>
   <div class='ocr_carea' id='block_1_92' title="bbox 1809 3550 3383 3625">
    <p class='ocr_par' dir='ltr' id='par_1_92' title="bbox 1809 3550 3383 3625">
     <span class='ocr_line' id='line_1_92' title="bbox 1809 3550 3383 3625; baseline 0.013 -21"><span class='ocrx_word' id='word_1_663' title='bbox 1809 3551 2005 3604; x_wconf 86' lang='lat' dir='ltr'><strong>vianus</strong></span> <span class='ocrx_word' id='word_1_664' title='bbox 2043 3550 2277 3620; x_wconf 84' lang='lat' dir='ltr'><strong>imperio</strong></span> <span class='ocrx_word' id='word_1_665' title='bbox 2305 3553 2541 3620; x_wconf 77' lang='lat' dir='ltr'><strong>praefuit,</strong></span> <span class='ocrx_word' id='word_1_666' title='bbox 2579 3555 2670 3622; x_wconf 85' lang='lat' dir='ltr'><strong>qui</strong></span> <span class='ocrx_word' id='word_1_667' title='bbox 2700 3558 2914 3612; x_wconf 89' lang='lat' dir='ltr'><strong>cunctis</strong></span> <span class='ocrx_word' id='word_1_668' title='bbox 2948 3576 2976 3613; x_wconf 89' lang='lat' dir='ltr'><strong>a</strong></span> <span class='ocrx_word' id='word_1_669' title='bbox 3019 3563 3286 3623; x_wconf 85' lang='lat' dir='ltr'><strong>militibus</strong></span> <span class='ocrx_word' id='word_1_670' title='bbox 3315 3571 3383 3625; x_wconf 87' lang='lat' dir='ltr'><strong>ad</strong></span> 
     </span>
    </p>
   </div>
   <div class='ocr_carea' id='block_1_93' title="bbox 1807 3644 3388 3727">
    <p class='ocr_par' dir='ltr' id='par_1_93' title="bbox 1807 3644 3388 3727">
     <span class='ocr_line' id='line_1_93' title="bbox 1807 3644 3388 3727; baseline 0.012 -30"><span class='ocrx_word' id='word_1_671' title='bbox 1807 3644 1913 3698; x_wconf 85' lang='lat' dir='ltr'><strong>hoc</strong></span> <span class='ocrx_word' id='word_1_672' title='bbox 1933 3645 2208 3709; x_wconf 81' lang='lat' dir='ltr'><strong>delectus,</strong></span> <span class='ocrx_word' id='word_1_673' title='bbox 2257 3663 2274 3694; x_wconf 76' lang='grc' dir='ltr'><strong>ι</strong></span> <span class='ocrx_word' id='word_1_674' title='bbox 2310 3645 2596 3714; x_wconf 81' lang='lat' dir='ltr'><strong>Equidem,</strong></span> <span class='ocrx_word' id='word_1_675' title='bbox 2633 3648 2728 3713; x_wconf 90' lang='lat' dir='ltr'><strong>ait,</strong></span> <span class='ocrx_word' id='word_1_676' title='bbox 2796 3651 3081 3709; x_wconf 87' lang='lat' dir='ltr'><strong>hominum</strong></span> <span class='ocrx_word' id='word_1_677' title='bbox 3151 3660 3388 3727; x_wconf 89' lang='lat' dir='ltr'><strong>polluto-</strong></span> 
     </span>
    </p>
   </div>
   <div class='ocr_carea' id='block_1_94' title="bbox 1808 3739 3388 3810">
    <p class='ocr_par' dir='ltr' id='par_1_94' title="bbox 1808 3739 3388 3810">
     <span class='ocr_line' id='line_1_94' title="bbox 1808 3739 3388 3810; baseline 0.011 -18"><span class='ocrx_word' id='word_1_678' title='bbox 1808 3755 1932 3793; x_wconf 88' lang='lat' dir='ltr'><strong>rum</strong></span> <span class='ocrx_word' id='word_1_679' title='bbox 1975 3739 2275 3808; x_wconf 81' lang='lat' dir='ltr'><strong>imperator</strong></span> <span class='ocrx_word' id='word_1_680' title='bbox 2312 3755 2435 3793; x_wconf 79' lang='lat' dir='ltr'><strong>esse</strong></span> <span class='ocrx_word' id='word_1_681' title='bbox 2465 3757 2700 3810; x_wconf 84' lang='lat' dir='ltr'><strong>nequeo.</strong></span> <span class='ocrx_word' id='word_1_682' title='bbox 2738 3763 2755 3793; x_wconf 80' lang='grc' dir='ltr'><strong>ι</strong></span> <span class='ocrx_word' id='word_1_683' title='bbox 2795 3745 2932 3798; x_wconf 86' lang='grc' dir='ltr'>Τυιη</span> <span class='ocrx_word' id='word_1_684' title='bbox 2957 3763 3150 3804; x_wconf 89' lang='lat' dir='ltr'><strong>omnes</strong></span> <span class='ocrx_word' id='word_1_685' title='bbox 3208 3757 3388 3810; x_wconf 80' lang='lat' dir='ltr'><strong>excla-</strong></span> 
     </span>
    </p>
   </div>
   <div class='ocr_carea' id='block_1_95' title="bbox 1814 3829 3388 3914">
    <p class='ocr_par' dir='ltr' id='par_1_95' title="bbox 1814 3829 3388 3914">
     <span class='ocr_line' id='line_1_95' title="bbox 1814 3829 3388 3914; baseline 0.011 -32"><span class='ocrx_word' id='word_1_686' title='bbox 1814 3845 1989 3894; x_wconf 84' lang='lat' dir='ltr'><strong>mare,</strong></span> <span class='ocrx_word' id='word_1_687' title='bbox 2027 3848 2044 3880; x_wconf 79' lang='lat' dir='ltr'><strong>t</strong></span> <span class='ocrx_word' id='word_1_688' title='bbox 2077 3829 2373 3884; x_wconf 86' lang='lat' dir='ltr'><strong>Christiani</strong></span> <span class='ocrx_word' id='word_1_689' title='bbox 2402 3846 2610 3886; x_wconf 85' lang='lat' dir='ltr'><strong>sumus.</strong></span> <span class='ocrx_word' id='word_1_690' title='bbox 2646 3851 2664 3882; x_wconf 78' lang='grc' dir='ltr'><strong>ι</strong></span> <span class='ocrx_word' id='word_1_691' title='bbox 2705 3834 2832 3890; x_wconf 84' lang='lat' dir='ltr'><strong>Post</strong></span> <span class='ocrx_word' id='word_1_692' title='bbox 2883 3848 3139 3894; x_wconf 86' lang='lat' dir='ltr'><strong>octavum</strong></span> <span class='ocrx_word' id='word_1_693' title='bbox 3170 3846 3388 3914; x_wconf 88' lang='lat' dir='ltr'><strong>imperii-</strong></span> 
     </span>
    </p>
   </div>
   <div class='ocr_carea' id='block_1_96' title="bbox 1809 3922 3388 4001">
    <p class='ocr_par' dir='ltr' id='par_1_96' title="bbox 1809 3922 3388 4001">
     <span class='ocr_line' id='line_1_96' title="bbox 1809 3922 3388 4001; baseline 0.01 -28"><span class='ocrx_word' id='word_1_694' title='bbox 1809 3936 2054 3976; x_wconf 85' lang='lat' dir='ltr'><strong>tnensem</strong></span> <span class='ocrx_word' id='word_1_695' title='bbox 2092 3924 2144 3974; x_wconf 92' lang='lat' dir='ltr'><strong>in</strong></span> <span class='ocrx_word' id='word_1_696' title='bbox 2169 3922 2356 3982; x_wconf 81' lang='lat' dir='ltr'><strong>Cilicia</strong></span> <span class='ocrx_word' id='word_1_697' title='bbox 2380 3922 2523 3976; x_wconf 89' lang='lat' dir='ltr'><strong>diem</strong></span> <span class='ocrx_word' id='word_1_698' title='bbox 2560 3923 2718 3988; x_wconf 87' lang='lat' dir='ltr'><strong>obiit,</strong></span> <span class='ocrx_word' id='word_1_699' title='bbox 2759 3941 2955 3997; x_wconf 86' lang='lat' dir='ltr'><strong>magno</strong></span> <span class='ocrx_word' id='word_1_700' title='bbox 2979 3931 3062 3983; x_wconf 91' lang='lat' dir='ltr'><strong>sui</strong></span> <span class='ocrx_word' id='word_1_701' title='bbox 3095 3939 3240 4001; x_wconf 87' lang='lat' dir='ltr'><strong>apttd</strong></span> <span class='ocrx_word' id='word_1_702' title='bbox 3269 3951 3388 3998; x_wconf 54' lang='lat' dir='ltr'><strong>out-,-</strong></span> 
     </span>
    </p>
   </div>
   <div class='ocr_carea' id='block_1_97' title="bbox 1807 4014 3384 4082">
    <p class='ocr_par' dir='ltr' id='par_1_97' title="bbox 1807 4014 3384 4082">
     <span class='ocr_line' id='line_1_97' title="bbox 1807 4014 3384 4082; baseline 0.009 -15"><span class='ocrx_word' id='word_1_703' title='bbox 1807 4029 1905 4068; x_wconf 91' lang='lat' dir='ltr'><strong>nes</strong></span> <span class='ocrx_word' id='word_1_704' title='bbox 1938 4014 2213 4068; x_wconf 89' lang='lat' dir='ltr'><strong>desiderio</strong></span> <span class='ocrx_word' id='word_1_705' title='bbox 2240 4014 2450 4074; x_wconf 88' lang='lat' dir='ltr'><strong>relicto.</strong></span> <span class='ocrx_word' id='word_1_706' title='bbox 2477 4016 2606 4071; x_wconf 79' lang='lat' dir='ltr'><strong>Post</strong></span> <span class='ocrx_word' id='word_1_707' title='bbox 2633 4018 2923 4072; x_wconf 82' lang='lat' dir='ltr'><strong>Jovianum</strong></span> <span class='ocrx_word' id='word_1_708' title='bbox 2965 4023 3384 4082; x_wconf 84' lang='lat' dir='ltr'><strong>Valentinianus</strong></span> 
     </span>
    </p>
   </div>
   <div class='ocr_carea' id='block_1_98' title="bbox 1805 4105 3388 4183">
    <p class='ocr_par' dir='ltr' id='par_1_98' title="bbox 1805 4105 3388 4183">
     <span class='ocr_line' id='line_1_98' title="bbox 1805 4105 3388 4183; baseline 0.01 -25"><span class='ocrx_word' id='word_1_709' title='bbox 1805 4105 1965 4159; x_wconf 88' lang='lat' dir='ltr'><strong>annis</strong></span> <span class='ocrx_word' id='word_1_710' title='bbox 1999 4106 2064 4159; x_wconf 76' lang='grc'><strong>12</strong></span> <span class='ocrx_word' id='word_1_711' title='bbox 2092 4107 2400 4175; x_wconf 87' lang='lat' dir='ltr'><strong>imperavit.</strong></span> <span class='ocrx_word' id='word_1_712' title='bbox 2468 4107 2518 4161; x_wconf 90' lang='lat' dir='ltr'><strong>ls</strong></span> <span class='ocrx_word' id='word_1_713' title='bbox 2566 4109 2856 4178; x_wconf 88' lang='lat' dir='ltr'><strong>imperium</strong></span> <span class='ocrx_word' id='word_1_714' title='bbox 2895 4118 3103 4183; x_wconf 68' lang='lat' dir='ltr'><strong>praemii</strong></span> <span class='ocrx_word' id='word_1_715' title='bbox 3153 4119 3274 4172; x_wconf 85' lang='lat' dir='ltr'><strong>loco</strong></span> <span class='ocrx_word' id='word_1_716' title='bbox 3307 4121 3388 4174; x_wconf 76' lang='lat' dir='ltr'><strong>di—</strong></span> 
     </span>
    </p>
   </div>
   <div class='ocr_carea' id='block_1_99' title="bbox 1805 4199 3385 4270">
    <p class='ocr_par' dir='ltr' id='par_1_99' title="bbox 1805 4199 3385 4270">
     <span class='ocr_line' id='line_1_99' title="bbox 1805 4199 3385 4270; baseline 0.009 -19"><span class='ocrx_word' id='word_1_717' title='bbox 1805 4199 2014 4254; x_wconf 89' lang='lat' dir='ltr'><strong>vinitus</strong></span> <span class='ocrx_word' id='word_1_718' title='bbox 2039 4201 2256 4269; x_wconf 84' lang='lat' dir='ltr'><strong>accepit</strong></span> <span class='ocrx_word' id='word_1_719' title='bbox 2279 4212 2571 4270; x_wconf 86' lang='lat' dir='ltr'><strong>propterea</strong></span> <span class='ocrx_word' id='word_1_720' title='bbox 2610 4205 2750 4270; x_wconf 81' lang='lat' dir='ltr'><strong>quod</strong></span> <span class='ocrx_word' id='word_1_721' title='bbox 2785 4207 3152 4264; x_wconf 86' lang='lat' dir='ltr'><strong>confessionis</strong></span> <span class='ocrx_word' id='word_1_722' title='bbox 3180 4210 3385 4268; x_wconf 78' lang='lat' dir='ltr'><strong>ChriSti</strong></span> 
     </span>
    </p>
   </div>
   <div class='ocr_carea' id='block_1_100' title="bbox 1805 4294 3386 4362">
    <p class='ocr_par' dir='ltr' id='par_1_100' title="bbox 1805 4294 3386 4362">
     <span class='ocr_line' id='line_1_100' title="bbox 1805 4294 3386 4362; baseline 0.009 -15"><span class='ocrx_word' id='word_1_723' title='bbox 1805 4307 1972 4347; x_wconf 84' lang='lat' dir='ltr'><strong>causa</strong></span> <span class='ocrx_word' id='word_1_724' title='bbox 2010 4294 2205 4348; x_wconf 91' lang='lat' dir='ltr'><strong>fuisset</strong></span> <span class='ocrx_word' id='word_1_725' title='bbox 2251 4310 2281 4348; x_wconf 89' lang='lat' dir='ltr'><strong>a</strong></span> <span class='ocrx_word' id='word_1_726' title='bbox 2335 4294 2554 4350; x_wconf 83' lang='lat' dir='ltr'><strong>Juliano</strong></span> <span class='ocrx_word' id='word_1_727' title='bbox 2619 4309 3024 4355; x_wconf 79' lang='lat' dir='ltr'><strong>exauctoratus.</strong></span> <span class='ocrx_word' id='word_1_728' title='bbox 3081 4303 3139 4358; x_wconf 87' lang='lat' dir='ltr'><strong>In</strong></span> <span class='ocrx_word' id='word_1_729' title='bbox 3161 4305 3386 4362; x_wconf 88' lang='lat' dir='ltr'><strong>Oriente</strong></span> 
     </span>
    </p>
   </div>
   <div class='ocr_carea' id='block_1_101' title="bbox 1806 4389 3390 4459">
    <p class='ocr_par' dir='ltr' id='par_1_101' title="bbox 1806 4389 3390 4459">
     <span class='ocr_line' id='line_1_101' title="bbox 1806 4389 3390 4459; baseline 0.008 -20"><span class='ocrx_word' id='word_1_730' title='bbox 1806 4396 2117 4441; x_wconf 90' lang='lat' dir='ltr'><strong>consortem</strong></span> <span class='ocrx_word' id='word_1_731' title='bbox 2161 4389 2376 4457; x_wconf 89' lang='lat' dir='ltr'><strong>imperii</strong></span> <span class='ocrx_word' id='word_1_732' title='bbox 2432 4389 2810 4459; x_wconf 87' lang='lat' dir='ltr'><strong>turpissimum</strong></span> <span class='ocrx_word' id='word_1_733' title='bbox 2869 4393 3021 4448; x_wconf 91' lang='lat' dir='ltr'><strong>illum</strong></span> <span class='ocrx_word' id='word_1_734' title='bbox 3101 4397 3390 4454; x_wconf 77' lang='lat' dir='ltr'><strong>Valentem</strong></span> 
     </span>
    </p>
   </div>
   <div class='ocr_carea' id='block_1_102' title="bbox 1808 4467 3392 4560">
    <p class='ocr_par' dir='ltr' id='par_1_102' title="bbox 1808 4467 3392 4560">
     <span class='ocr_line' id='line_1_102' title="bbox 1808 4467 3392 4560; baseline 0.009 -28"><span class='ocrx_word' id='word_1_735' title='bbox 1808 4479 2018 4533; x_wconf 83' lang='lat' dir='ltr'><strong>habuit.</strong></span> <span class='ocrx_word' id='word_1_736' title='bbox 2047 4478 2156 4533; x_wconf 89' lang='lat' dir='ltr'><strong>Cur</strong></span> <span class='ocrx_word' id='word_1_737' title='bbox 2179 4481 2326 4533; x_wconf 90' lang='lat' dir='ltr'><strong>enim</strong></span> <span class='ocrx_word' id='word_1_738' title='bbox 2366 4483 2510 4536; x_wconf 88' lang='lat' dir='ltr'><strong>hunc</strong></span> <span class='ocrx_word' id='word_1_739' title='bbox 2541 4483 3025 4538; x_wconf 86' lang='lat' dir='ltr'><strong>sceleratissimum</strong></span> <span class='ocrx_word' id='word_1_740' title='bbox 3059 4503 3170 4542; x_wconf 90' lang='lat' dir='ltr'><strong>non</strong></span> <span class='ocrx_word' id='word_1_741' title='bbox 3199 4467 3392 4560; x_wconf 39' lang='lat' dir='ltr'><strong>appet;</strong></span> 
     </span>
    </p>
   </div>
   <div class='ocr_carea' id='block_1_103' title="bbox 1807 4572 3387 4644">
    <p class='ocr_par' dir='ltr' id='par_1_103' title="bbox 1807 4572 3387 4644">
     <span class='ocr_line' id='line_1_103' title="bbox 1807 4572 3387 4644; baseline 0.006 -16"><span class='ocrx_word' id='word_1_742' title='bbox 1807 4576 1983 4628; x_wconf 80' lang='lat' dir='ltr'><strong>ietuus</strong></span> <span class='ocrx_word' id='word_1_743' title='bbox 2006 4573 2028 4624; x_wconf 90' lang='lat'><strong>?</strong></span> <span class='ocrx_word' id='word_1_744' title='bbox 2051 4572 2272 4641; x_wconf 85' lang='lat' dir='ltr'><strong>quando</strong></span> <span class='ocrx_word' id='word_1_745' title='bbox 2301 4575 2501 4628; x_wconf 79' lang='lat' dir='ltr'><strong>missos</strong></span> <span class='ocrx_word' id='word_1_746' title='bbox 2525 4575 2590 4626; x_wconf 89' lang='lat' dir='ltr'><strong>ad</strong></span> <span class='ocrx_word' id='word_1_747' title='bbox 2620 4589 2677 4628; x_wconf 93' lang='lat' dir='ltr'><strong>se</strong></span> <span class='ocrx_word' id='word_1_748' title='bbox 2701 4576 2856 4644; x_wconf 86' lang='lat' dir='ltr'><strong>Cpoli</strong></span> <span class='ocrx_word' id='word_1_749' title='bbox 2881 4578 2948 4630; x_wconf 74' lang='lat' dir='ltr'><strong>8U</strong></span> <span class='ocrx_word' id='word_1_750' title='bbox 2987 4578 3137 4635; x_wconf 73' lang='lat' dir='ltr'><strong>viros</strong></span> <span class='ocrx_word' id='word_1_751' title='bbox 3195 4597 3260 4636; x_wconf 84' lang='lat' dir='ltr'><strong>ex</strong></span> <span class='ocrx_word' id='word_1_752' title='bbox 3296 4600 3387 4638; x_wconf 86' lang='lat' dir='ltr'><strong>sa-</strong></span> 
     </span>
    </p>
   </div>
   <div class='ocr_carea' id='block_1_104' title="bbox 1807 4665 3385 4734">
    <p class='ocr_par' dir='ltr' id='par_1_104' title="bbox 1807 4665 3385 4734">
     <span class='ocr_line' id='line_1_104' title="bbox 1807 4665 3385 4734; baseline 0.007 -15"><span class='ocrx_word' id='word_1_753' title='bbox 1807 4667 2090 4719; x_wconf 87' lang='lat' dir='ltr'><strong>cerdotum</strong></span> <span class='ocrx_word' id='word_1_754' title='bbox 2117 4665 2308 4717; x_wconf 84' lang='lat' dir='ltr'><strong>ordine</strong></span> <span class='ocrx_word' id='word_1_755' title='bbox 2339 4666 2625 4734; x_wconf 82' lang='lat' dir='ltr'><strong>legationis</strong></span> <span class='ocrx_word' id='word_1_756' title='bbox 2651 4668 2920 4722; x_wconf 79' lang='lat' dir='ltr'><strong>obeunda:</strong></span> <span class='ocrx_word' id='word_1_757' title='bbox 2953 4685 3115 4724; x_wconf 85' lang='lat' dir='ltr'><strong>causa</strong></span> <span class='ocrx_word' id='word_1_758' title='bbox 3165 4673 3218 4727; x_wconf 86' lang='lat' dir='ltr'><strong>in</strong></span> <span class='ocrx_word' id='word_1_759' title='bbox 3259 4677 3385 4730; x_wconf 83' lang='lat' dir='ltr'><strong>navi</strong></span> 
     </span>
    </p>
   </div>
   <div class='ocr_carea' id='block_1_105' title="bbox 1806 4758 3384 4830">
    <p class='ocr_par' dir='ltr' id='par_1_105' title="bbox 1806 4758 3384 4830">
     <span class='ocr_line' id='line_1_105' title="bbox 1806 4758 3384 4830; baseline 0.004 -16"><span class='ocrx_word' id='word_1_760' title='bbox 1806 4760 2130 4814; x_wconf 81' lang='lat' dir='ltr'><strong>combussit.</strong></span> <span class='ocrx_word' id='word_1_761' title='bbox 2185 4758 2320 4814; x_wconf 88' lang='lat' dir='ltr'><strong>Cum</strong></span> <span class='ocrx_word' id='word_1_762' title='bbox 2351 4775 2378 4811; x_wconf 87' lang='lat' dir='ltr'><strong>a</strong></span> <span class='ocrx_word' id='word_1_763' title='bbox 2410 4759 2628 4812; x_wconf 88' lang='lat' dir='ltr'><strong>Gotthis</strong></span> <span class='ocrx_word' id='word_1_764' title='bbox 2657 4762 2708 4814; x_wconf 89' lang='lat' dir='ltr'><strong>ei</strong></span> <span class='ocrx_word' id='word_1_765' title='bbox 2742 4761 2942 4814; x_wconf 83' lang='lat' dir='ltr'><strong>bellum</strong></span> <span class='ocrx_word' id='word_1_766' title='bbox 2970 4773 3117 4818; x_wconf 89' lang='lat' dir='ltr'><strong>esset</strong></span> <span class='ocrx_word' id='word_1_767' title='bbox 3150 4767 3384 4830; x_wconf 85' lang='lat' dir='ltr'><strong>illatum,</strong></span> 
     </span>
    </p>
   </div>
   <div class='ocr_carea' id='block_1_106' title="bbox 1806 4852 3386 4923">
    <p class='ocr_par' dir='ltr' id='par_1_106' title="bbox 1806 4852 3386 4923">
     <span class='ocr_line' id='line_1_106' title="bbox 1806 4852 3386 4923; baseline 0.005 -17"><span class='ocrx_word' id='word_1_768' title='bbox 1806 4854 2050 4916; x_wconf 81' lang='lat' dir='ltr'><strong>at‘ratre,</strong></span> <span class='ocrx_word' id='word_1_769' title='bbox 2084 4854 2202 4905; x_wconf 90' lang='lat' dir='ltr'><strong>viro</strong></span> <span class='ocrx_word' id='word_1_770' title='bbox 2263 4852 2422 4919; x_wconf 86' lang='lat' dir='ltr'><strong>plane</strong></span> <span class='ocrx_word' id='word_1_771' title='bbox 2483 4853 2691 4915; x_wconf 88' lang='lat' dir='ltr'><strong>divino,</strong></span> <span class='ocrx_word' id='word_1_772' title='bbox 2748 4854 3028 4923; x_wconf 86' lang='lat' dir='ltr'><strong>suppetias</strong></span> <span class='ocrx_word' id='word_1_773' title='bbox 3094 4858 3199 4911; x_wconf 88' lang='lat' dir='ltr'><strong>sibi</strong></span> <span class='ocrx_word' id='word_1_774' title='bbox 3256 4859 3386 4914; x_wconf 85' lang='lat' dir='ltr'><strong>ferri</strong></span> 
     </span>
    </p>
   </div>
   <div class='ocr_carea' id='block_1_107' title="bbox 1809 4944 3386 5020">
    <p class='ocr_par' dir='ltr' id='par_1_107' title="bbox 1809 4944 3386 5020">
     <span class='ocr_line' id='line_1_107' title="bbox 1809 4944 3386 5020; baseline 0.006 -23"><span class='ocrx_word' id='word_1_775' title='bbox 1809 4947 2141 5015; x_wconf 85' lang='lat' dir='ltr'><strong>postulabat.</strong></span> <span class='ocrx_word' id='word_1_776' title='bbox 2172 4944 2223 4997; x_wconf 86' lang='lat' dir='ltr'><strong>Is</strong></span> <span class='ocrx_word' id='word_1_777' title='bbox 2251 4960 2383 4998; x_wconf 88' lang='lat' dir='ltr'><strong>vero</strong></span> <span class='ocrx_word' id='word_1_778' title='bbox 2415 4961 2523 4998; x_wconf 91' lang='lat' dir='ltr'><strong>non</strong></span> <span class='ocrx_word' id='word_1_779' title='bbox 2569 4956 2782 4999; x_wconf 85' lang='lat' dir='ltr'><strong>tantum</strong></span> <span class='ocrx_word' id='word_1_780' title='bbox 2818 4947 2978 5018; x_wconf 79' lang='lat'><strong>255</strong></span> <span class='ocrx_word' id='word_1_781' title='bbox 3010 4951 3196 5020; x_wconf 86' lang='lat' dir='ltr'><strong>copias</strong></span> <span class='ocrx_word' id='word_1_782' title='bbox 3229 4956 3386 5006; x_wconf 81' lang='lat' dir='ltr'><strong>auxi—</strong></span> 
     </span>
    </p>
   </div>
   <div class='ocr_carea' id='block_1_108' title="bbox 1806 5037 3387 5125">
    <p class='ocr_par' dir='ltr' id='par_1_108' title="bbox 1806 5037 3387 5125">
     <span class='ocr_line' id='line_1_108' title="bbox 1806 5037 3387 5125; baseline 0.006 -34"><span class='ocrx_word' id='word_1_783' title='bbox 1806 5039 1972 5091; x_wconf 88' lang='lat' dir='ltr'><strong>liares</strong></span> <span class='ocrx_word' id='word_1_784' title='bbox 2000 5037 2308 5106; x_wconf 84' lang='lat' dir='ltr'><strong>denegavit,</strong></span> <span class='ocrx_word' id='word_1_785' title='bbox 2339 5053 2529 5125; x_wconf 63' lang='lat' dir='ltr'><strong>verum</strong></span> <span class='ocrx_word' id='word_1_786' title='bbox 2588 5041 2752 5092; x_wconf 89' lang='lat' dir='ltr'><strong>etiam</strong></span> <span class='ocrx_word' id='word_1_787' title='bbox 2786 5055 2910 5094; x_wconf 88' lang='lat' dir='ltr'><strong>cum</strong></span> <span class='ocrx_word' id='word_1_788' title='bbox 2957 5046 3387 5112; x_wconf 82' lang='lat' dir='ltr'><strong>exprobratione</strong></span> 
     </span>
    </p>
   </div>
   <div class='ocr_carea' id='block_1_109' title="bbox 1807 5127 3385 5198">
    <p class='ocr_par' dir='ltr' id='par_1_109' title="bbox 1807 5127 3385 5198">
     <span class='ocr_line' id='line_1_109' title="bbox 1807 5127 3385 5198; baseline 0.004 -17"><span class='ocrx_word' id='word_1_789' title='bbox 1807 5129 2042 5198; x_wconf 87' lang='lat' dir='ltr'><strong>quadam</strong></span> <span class='ocrx_word' id='word_1_790' title='bbox 2086 5127 2371 5196; x_wconf 87' lang='lat' dir='ltr'><strong>respondit</strong></span> <span class='ocrx_word' id='word_1_791' title='bbox 2422 5143 2580 5196; x_wconf 85' lang='lat' dir='ltr'><strong>opem</strong></span> <span class='ocrx_word' id='word_1_792' title='bbox 2620 5130 2828 5184; x_wconf 91' lang='lat' dir='ltr'><strong>homini</strong></span> <span class='ocrx_word' id='word_1_793' title='bbox 2861 5147 2984 5185; x_wconf 91' lang='lat' dir='ltr'><strong>cum</strong></span> <span class='ocrx_word' id='word_1_794' title='bbox 3032 5135 3142 5189; x_wconf 91' lang='lat' dir='ltr'><strong>Deo</strong></span> <span class='ocrx_word' id='word_1_795' title='bbox 3183 5136 3385 5190; x_wconf 88' lang='lat' dir='ltr'><strong>bellum</strong></span> 
     </span>
    </p>
   </div>
   <div class='ocr_carea' id='block_1_110' title="bbox 1809 5222 3380 5296">
    <p class='ocr_par' dir='ltr' id='par_1_110' title="bbox 1809 5222 3380 5296">
     <span class='ocr_line' id='line_1_110' title="bbox 1809 5222 3380 5296; baseline 0.003 -20"><span class='ocrx_word' id='word_1_796' title='bbox 1809 5224 2017 5292; x_wconf 85' lang='lat' dir='ltr'><strong>gerenti</strong></span> <span class='ocrx_word' id='word_1_797' title='bbox 2056 5222 2336 5276; x_wconf 88' lang='lat' dir='ltr'><strong>ferendam</strong></span> <span class='ocrx_word' id='word_1_798' title='bbox 2401 5237 2688 5278; x_wconf 84' lang='lat' dir='ltr'><strong>nonessc.</strong></span> <span class='ocrx_word' id='word_1_799' title='bbox 2741 5223 3090 5296; x_wconf 84' lang='lat' dir='ltr'><strong>Quapropter</strong></span> <span class='ocrx_word' id='word_1_800' title='bbox 3160 5225 3380 5290; x_wconf 82' lang='lat' dir='ltr'><strong>Valens,</strong></span> 
     </span>
    </p>
   </div>
   <div class='ocr_carea' id='block_1_111' title="bbox 1806 5318 3386 5392">
    <p class='ocr_par' dir='ltr' id='par_1_111' title="bbox 1806 5318 3386 5392">
     <span class='ocr_line' id='line_1_111' title="bbox 1806 5318 3386 5392; baseline 0.001 -18"><span class='ocrx_word' id='word_1_801' title='bbox 1806 5338 1930 5374; x_wconf 82' lang='lat' dir='ltr'><strong>cum</strong></span> <span class='ocrx_word' id='word_1_802' title='bbox 1974 5334 2148 5372; x_wconf 88' lang='lat' dir='ltr'><strong>annos</strong></span> <span class='ocrx_word' id='word_1_803' title='bbox 2178 5318 2364 5373; x_wconf 89' lang='lat' dir='ltr'><strong>decem</strong></span> <span class='ocrx_word' id='word_1_804' title='bbox 2396 5327 2451 5372; x_wconf 90' lang='lat' dir='ltr'><strong>ct</strong></span> <span class='ocrx_word' id='word_1_805' title='bbox 2481 5329 2718 5387; x_wconf 88' lang='lat' dir='ltr'><strong>quatuor</strong></span> <span class='ocrx_word' id='word_1_806' title='bbox 2744 5319 2909 5389; x_wconf 87' lang='lat' dir='ltr'><strong>impie</strong></span> <span class='ocrx_word' id='word_1_807' title='bbox 2967 5329 3266 5392; x_wconf 84' lang='lat' dir='ltr'><strong>regnasset,</strong></span> <span class='ocrx_word' id='word_1_808' title='bbox 3315 5321 3386 5375; x_wconf 86' lang='lat' dir='ltr'><strong>ab</strong></span> 
     </span>
    </p>
   </div>
   <div class='ocr_carea' id='block_1_112' title="bbox 1805 5412 3385 5486">
    <p class='ocr_par' dir='ltr' id='par_1_112' title="bbox 1805 5412 3385 5486">
     <span class='ocr_line' id='line_1_112' title="bbox 1805 5412 3385 5486; baseline 0 -18"><span class='ocrx_word' id='word_1_809' title='bbox 1805 5413 2056 5468; x_wconf 81' lang='lat' dir='ltr'><strong>hostibus</strong></span> <span class='ocrx_word' id='word_1_810' title='bbox 2081 5414 2134 5466; x_wconf 89' lang='lat' dir='ltr'><strong>in</strong></span> <span class='ocrx_word' id='word_1_811' title='bbox 2166 5412 2446 5481; x_wconf 82' lang='lat' dir='ltr'><strong>palearum</strong></span> <span class='ocrx_word' id='word_1_812' title='bbox 2474 5413 2695 5486; x_wconf 85' lang='lat' dir='ltr'><strong>tugurio</strong></span> <span class='ocrx_word' id='word_1_813' title='bbox 2719 5415 2958 5481; x_wconf 81' lang='lat' dir='ltr'><strong>quodam</strong></span> <span class='ocrx_word' id='word_1_814' title='bbox 2984 5416 3108 5484; x_wconf 84' lang='lat' dir='ltr'><strong>igne</strong></span> <span class='ocrx_word' id='word_1_815' title='bbox 3157 5427 3385 5468; x_wconf 84' lang='lat' dir='ltr'><strong>concrc-</strong></span> 
     </span>
    </p>
   </div>
   <div class='ocr_carea' id='block_1_113' title="bbox 1805 5505 3384 5577">
    <p class='ocr_par' dir='ltr' id='par_1_113' title="bbox 1805 5505 3384 5577">
     <span class='ocr_line' id='line_1_113' title="bbox 1805 5505 3384 5577; baseline 0 -19"><span class='ocrx_word' id='word_1_816' title='bbox 1805 5518 1980 5559; x_wconf 85' lang='lat' dir='ltr'><strong>matus</strong></span> <span class='ocrx_word' id='word_1_817' title='bbox 2013 5517 2118 5558; x_wconf 84' lang='lat' dir='ltr'><strong>est.</strong></span> <span class='ocrx_word' id='word_1_818' title='bbox 2153 5506 2371 5559; x_wconf 82' lang='lat' dir='ltr'><strong>Accidit</strong></span> <span class='ocrx_word' id='word_1_819' title='bbox 2403 5520 2469 5559; x_wconf 80' lang='lat' dir='ltr'><strong>eo</strong></span> <span class='ocrx_word' id='word_1_820' title='bbox 2502 5517 2748 5577; x_wconf 88' lang='lat' dir='ltr'><strong>tempore</strong></span> <span class='ocrx_word' id='word_1_821' title='bbox 2781 5516 2838 5559; x_wconf 86' lang='lat' dir='ltr'><strong>ut</strong></span> <span class='ocrx_word' id='word_1_822' title='bbox 2887 5505 3126 5559; x_wconf 76' lang='lat' dir='ltr'><strong>Isaac-ius</strong></span> <span class='ocrx_word' id='word_1_823' title='bbox 3193 5521 3384 5558; x_wconf 90' lang='lat' dir='ltr'><strong>mona-</strong></span> 
     </span>
    </p>
   </div>
   <div class='ocr_carea' id='block_1_114' title="bbox 1803 5597 3382 5669">
    <p class='ocr_par' dir='ltr' id='par_1_114' title="bbox 1803 5597 3382 5669">
     <span class='ocr_line' id='line_1_114' title="bbox 1803 5597 3382 5669; baseline -0.001 -16"><span class='ocrx_word' id='word_1_824' title='bbox 1803 5603 1962 5664; x_wconf 79' lang='lat' dir='ltr'><strong>chus,</strong></span> <span class='ocrx_word' id='word_1_825' title='bbox 2000 5601 2092 5668; x_wconf 92' lang='lat' dir='ltr'><strong>qui</strong></span> <span class='ocrx_word' id='word_1_826' title='bbox 2129 5598 2416 5653; x_wconf 78' lang='lat' dir='ltr'><strong>Valentem</strong></span> <span class='ocrx_word' id='word_1_827' title='bbox 2477 5599 2770 5669; x_wconf 73' lang='lat' dir='ltr'><strong>obiurgare</strong></span> <span class='ocrx_word' id='word_1_828' title='bbox 2820 5597 3032 5650; x_wconf 88' lang='lat' dir='ltr'><strong>solebat</strong></span> <span class='ocrx_word' id='word_1_829' title='bbox 3093 5611 3269 5662; x_wconf 86' lang='lat' dir='ltr'><strong>caque</strong></span> <span class='ocrx_word' id='word_1_830' title='bbox 3314 5599 3382 5651; x_wconf 90' lang='lat' dir='ltr'><strong>de</strong></span> 
     </span>
    </p>
   </div>
   <div class='ocr_carea' id='block_1_115' title="bbox 1802 5688 3377 5751">
    <p class='ocr_par' dir='ltr' id='par_1_115' title="bbox 1802 5688 3377 5751">
     <span class='ocr_line' id='line_1_115' title="bbox 1802 5688 3377 5751; baseline -0.001 -7"><span class='ocrx_word' id='word_1_831' title='bbox 1802 5709 1966 5746; x_wconf 80' lang='lat' dir='ltr'><strong>causa</strong></span> <span class='ocrx_word' id='word_1_832' title='bbox 2026 5692 2246 5746; x_wconf 74' lang='lat' dir='ltr'><strong>vinctus</strong></span> <span class='ocrx_word' id='word_1_833' title='bbox 2302 5692 2358 5745; x_wconf 91' lang='lat' dir='ltr'><strong>in</strong></span> <span class='ocrx_word' id='word_1_834' title='bbox 2395 5690 2644 5744; x_wconf 84' lang='lat' dir='ltr'><strong>custodia</strong></span> <span class='ocrx_word' id='word_1_835' title='bbox 2701 5688 3070 5751; x_wconf 83' lang='lat' dir='ltr'><strong>detinebatur,</strong></span> <span class='ocrx_word' id='word_1_836' title='bbox 3125 5689 3377 5742; x_wconf 70' lang='lat' dir='ltr'><strong>fwtorem</strong></span> 
     </span>
    </p>
   </div>
   <div class='ocr_carea' id='block_1_116' title="bbox 1803 5778 3384 5847">
    <p class='ocr_par' dir='ltr' id='par_1_116' title="bbox 1803 5778 3384 5847">
     <span class='ocr_line' id='line_1_116' title="bbox 1803 5778 3384 5847; baseline -0.003 -8"><span class='ocrx_word' id='word_1_837' title='bbox 1803 5784 1984 5841; x_wconf 83' lang='lat' dir='ltr'><strong>exusti</strong></span> <span class='ocrx_word' id='word_1_838' title='bbox 2010 5785 2263 5839; x_wconf 86' lang='lat' dir='ltr'><strong>aiioloco</strong></span> <span class='ocrx_word' id='word_1_839' title='bbox 2307 5782 2576 5847; x_wconf 80' lang='lat' dir='ltr'><strong>Valentis,</strong></span> <span class='ocrx_word' id='word_1_840' title='bbox 2617 5796 2720 5834; x_wconf 88' lang='lat' dir='ltr'><strong>ceu</strong></span> <span class='ocrx_word' id='word_1_841' title='bbox 2756 5778 3014 5843; x_wconf 83' lang='lat' dir='ltr'><strong>diximus,</strong></span> <span class='ocrx_word' id='word_1_842' title='bbox 3071 5781 3124 5832; x_wconf 88' lang='lat' dir='ltr'><strong>in</strong></span> <span class='ocrx_word' id='word_1_843' title='bbox 3156 5794 3384 5835; x_wconf 71' lang='lat' dir='ltr'><strong>carcere</strong></span> 
     </span>
    </p>
   </div>
  </div>
