3794 6226
396 389 503 455 433

1663 389 2080 450 MlClIAELlS
2121 392 2377 453 GLYC/E

3548 387 3638 451 431

399 505 684 577 peratoria:
718 511 912 557 statua:
943 499 1248 554 deturbalze
1277 516 1341 554 ac
1375 515 1579 555 eversa:
1611 501 1847 563 fuerant.
1882 506 1964 558 ho-

2080 509 2290 576 γέγονε.
2323 509 2439 561 τότε
2475 508 2522 560 οἱ
2556 508 2650 570 τὰς
2680 506 2992 578 ἀκρωρείας
3038 505 3144 558 τῶν
3175 504 3342 575 ὀρέων
3370 503 3642 562 οἰκοῦντες

402 598 577 650 mines
627 593 928 647 solitariam
979 590 1144 644 vitam
1203 590 1256 644 in
1304 590 1448 659 jugis
1501 592 1764 646 montium
1821 609 1976 648 exer-

399 696 587 744 centes
641 685 858 754 egregie
912 682 1316 754 philosorihiam
1357 682 1772 754 doctrinamque
1818 703 1971 740 suam

397 780 762 836 declararunt.
800 779 932 832 Nam
973 778 1143 830 Deum
1196 775 1401 844 precati
1456 774 1883 838 descenderunt.
1918 788 1968 829 et

399 874 452 926 in
491 873 606 926 haec
632 863 795 924 verba
835 868 1112 922 ministros
1149 868 1497 937 imperatoris
1525 869 1924 937 compellarunt
1957 889 1967 922 :

407 982 424 1014 ι
464 963 591 1018 Haec
642 961 962 1032 imperatori
1023 960 1247 1014 domino
1299 969 1479 1014 vestro
1524 961 1836 1015 renuntiate
1871 980 1885 1016 :
1917 963 1970 1016 Si

403 1067 685 1126 tantopere
723 1065 778 1109 tu
815 1065 1311 1125 propterpversam
1339 1053 1626 1122 imaginem
1655 1070 1853 1109 :eream
1888 1055 1973 1109 in-

401 1149 666 1219 dignaris,
715 1150 809 1218 qui
842 1149 1015 1203 Deum
1054 1163 1212 1216 aequo
1249 1147 1486 1201 laturum
1539 1148 1720 1202 animo
1759 1163 1970 1210 censes.

401 1242 444 1293 si
482 1240 578 1294 abs
609 1249 660 1294 te
695 1255 848 1295 suam
875 1238 1166 1308 imaginem
1202 1237 1484 1306 indignum
1524 1237 1579 1291 in
1610 1239 1833 1293 modum
1868 1248 1976 1294 tra-

402 1332 537 1384 ctari
567 1327 786 1385 videat?
821 1349 840 1380 ›
881 1331 1082 1383 Eodem
1130 1337 1374 1398 tempore
1405 1329 1704 1398 pretiosum
1746 1330 1975 1385 Joannis

402 1426 656 1494 Baptista:
722 1435 886 1493 caput
942 1423 1151 1493 Cpolim
1213 1421 1481 1492 perlatum
1542 1431 1647 1477 est.
1705 1423 1972 1478 Praeterea

402 1513 741 1584 'l‘heOphilus
784 1513 1189 1568 Alexandrinus
1237 1514 1464 1569 antistes
1513 1513 1790 1582 Serapidis
1839 1523 1976 1569 tem-

400 1607 553 1678 plum
578 1647 593 1672 ,
615 1607 761 1676 quod
795 1615 911 1660 erat
941 1605 1306 1671 Alexandriae,
1341 1605 1636 1661 demolitus
1665 1615 1768 1661 est.
1811 1605 1868 1660 ιιι
1907 1621 1974 1661 eo

402 1701 606 1768 templo
637 1709 816 1753 statua
857 1699 1102 1768 quredam
1141 1706 1280 1758 erat,
1317 1714 1440 1768 qua:
1472 1699 1543 1752 ita
1577 1713 1798 1752 sursum
1836 1714 1972 1768 pcn-

398 1791 557 1845 deret
597 1801 656 1845 ut
689 1791 823 1844 nulli
873 1790 956 1845 rei
991 1789 1272 1844 videretur
1323 1790 1637 1854 adha'rcre;
1686 1781 1809 1844 nam
1844 1791 1971 1859 quia

2082 601 2308 670 μοναχοὶ
2334 601 2435 671 τὴν
2463 601 2666 653 οἰκείαν
2697 598 3038 662 ἐπεδείξαντο
3058 597 3391 666 φιλοσοφίαν.
3421 597 3643 660 K11711-

2080 694 2171 746 θον
2197 694 2322 764 ’γὰρ
2370 691 2463 746 καὶ
2513 691 2607 745 τοῦ
2646 691 2783 744 Θεοῦ
2811 690 3189 751 ἁντελάϐοντο,
3223 689 3475 757 λέγοντες
3506 686 3642 739 οὕτω

2079 785 2216 853 πρός
2259 801 2318 851 γε
2340 784 2463 844 τοὺς
2491 781 2771 850 ὑπηρέτας
2803 779 2898 832 τοῦ
2935 779 3230 849 βασιλέως’
3271 797 3288 829 ι
3327 777 3537 831 Εἴπατε
3575 776 3645 842 τῷ

2079 873 2255 943 κυρίῳ
2307 873 2464 942 ἡμῶν
2529 870 2737 940 βασιλεῖ
2773 887 2787 901 ·
2821 871 2992 940 Ετπερ
3043 869 3296 923 τοσοῦτον
3344 871 3410 921 σὺ
3453 869 3548 918 ἐπὶ
3585 871 3645 935 τῇ

2079 967 2254 1036 χαλκῇ
2296 965 2463 1019 εἰκόνι
2489 964 2938 1035 καταστραφείση
2982 963 3370 1031 ἐδυσχέρανας,
3403 960 3523 1023 πῶς
3556 962 3646 1012 οἴει

2079 1059 2169 1110 τὸν
2199 1059 2331 1110 Θεὸν
2366 1059 2568 1127 ἀρτίως
2593 1057 2738 1127 ἔχειν
2767 1056 2867 1127 τὴν
2897 1055 3063 1110 αὐτοῦ
3098 1053 3311 1124 δρῶντα
3333 1052 3526 1105 εἰκόνα
3552 1068 3647 1103 κα-

2076 1151 2186 1214 κῶς
2223 1149 2367 1203 οὕτω
2402 1150 2552 1220 παρὰ.
2579 1149 2672 1202 σοῦ
2705 1148 3057 1217 nucleus“;
3098 1165 3118 1197 ι
3155 1143 3470 1214 Τηνικαῦτα
3501 1143 3644 1210 καὶὴ

2076 1244 2237 1310 τιμία
2269 1241 2483 1311 κεφαλὴ
2521 1241 2615 1295 τοῦ
2663 1239 2972 1294 Βαπτιστοῦ
3000 1238 3246 1292 Ἰωάννου
3277 1238 3334 1288 ἐν
3364 1237 3646 1288 κίονα-ειη.-

2077 1333 2392 1387 τινουπόλει
2423 1333 2775 1402 διεκομίσθη.
2818 1331 2982 1386 Ἀλλὰ
3032 1330 3126 1383 καὶ
3165 1329 3254 1381 τὸν
3298 1331 3355 1380 ὲν
3397 1327 3643 1378 Ἀλεξαν-

2075 1427 2231 1496 δρείᾳ
2246 1425 2533 1479 κτισθέντα
2548 1427 2675 1479 ναὸν
2697 1425 2787 1477 τοῦ
2806 1424 3110 1493 Σαράπιδος
3135 1421 3350 1477 καθεῖλε
3368 1419 3597 1486 Θεόφιλο
3630 1456 3642 1470 .

2089 1516 2177 1569 Ἐν
2203 1517 2378 1586 τούτῳ
2413 1517 2471 1569 δὲ
2494 1515 2572 1587 τῷ
2602 1515 2720 1583 ναῷ
2752 1515 2940 1580 ξόανον
2969 1510 3038 1585 ἦν
3087 1517 3330 1584 ἀσχέτως
3387 1512 3646 1580 ἀπῃωρηο

2081 1609 2241 1675 μένον
2267 1624 2279 1638 ⁸
2310 1608 2400 1662 διὰ
2429 1607 2537 1678 γὰρ
2564 1609 2690 1671 τοὺς
2722 1606 2906 1678 κύκλῳ
2959 1605 3147 1670 αὐτοῦ,
3191 1604 3287 1658 τοῦ
3323 1602 3520 1669 ξοάνου
3565 1602 3644 1668 δη-

2076 1699 2233 1768 λαδὴ.
2263 1701 2660 1769 πεπηγμένους
2704 1700 2957 1771 σιδήρους
2993 1697 3089 1752 καὶ
3120 1699 3246 1759 τοὺς
3305 1694 3640 1762 καταντικρὺ

2077 1790 2292 1843 τούτων
2325 1789 2836 1859 ἐγκεκολαμμένους
2873 1789 3158 1858 μαγνῆτας
3195 1786 3361 1855 μέσον
3416 1783 3640 1850 ἐδάφους

398 1891 593 1936 statua:
613 1881 816 1934 ferrum
837 1881 1087 1950 undique
1109 1879 1334 1934 inﬁxum
1365 1888 1482 1934 erat
1503 1891 1557 1934 et
1581 1880 1727 1934 ferro
1753 1896 1964 1950 magnes

2081 1883 2173 1935 καὶ
2230 1883 2431 1952 ὀρόφου
2467 1879 2764 1952 ἐκρέματο.
2808 1880 3174 1948 Ἰσοδυνὰμως
3200 1879 3307 1946 γὰρ
3369 1891 3641 1942 τετραμε-

397 1973 538 2041 lupis
573 1987 640 2026 ex
675 1973 907 2028 adverso
941 1974 1160 2042 copiose
1179 1972 1486 2041 oppositus,
1510 1972 1652 2027 inter
1687 1966 1966 2041 pavimen-

399 2079 512 2138 lum
554 2073 609 2118 et
645 2065 770 2119 tecti
819 2064 1098 2133 laquearia
1130 2063 1426 2133 pendebat.
1461 2062 1732 2120 Nimirum
1767 2063 1819 2117 vi
1846 2065 1962 2133 pari

2082 1975 2240 2042 ρόθεν
2266 1974 2584 2043 ἑλκόμενον,
2641 1973 2847 2045 καὶμὴ
2895 1973 3017 2042 ἕχον
3063 1973 3199 2024 ὅπου
3259 1969 3355 2022 καὶ
3416 1967 3639 2028 vexisse,

2077 2066 2240 2132 μέσον
2268 2065 2326 2130 ἒξ
2358 2068 2604 2135 ἀνάγκης
2632 2065 2950 2137 ἀπῃώρητο.

395 2164 634 2227 quatuor
675 2173 704 2211 a
733 2157 986 2228 partibus
1044 2155 1445 2222 attrahebatur,
1485 2170 1720 2226 cumque
1761 2157 1967 2212 nullam
2010 2157 2065 2213 in
2095 2168 2303 2230 partem
2368 2175 2594 2236 vergere
2655 2169 2860 2232 posset,
2891 2157 3202 2214 necessario
3221 2158 3415 2212 barum
3449 2159 3510 2210 in
3539 2168 3640 2209 mc-

394 2251 487 2307 dio
517 2265 780 2320 suspensa
814 2249 1090 2306 manebat.

465 2341 778 2397 Secundum
819 2341 933 2396 haec
970 2350 1161 2410 gentes
1206 2343 1454 2409 quadam
1515 2342 1739 2398 infinitae
1779 2351 1966 2398 contra

395 2433 765 2488 Theodosium
814 2433 962 2487 hunc
1016 2448 1273 2502 magnum
1323 2449 1383 2489 se
1423 2445 1788 2490 commovent.
1827 2435 1966 2502 Quid

395 2524 486 2580 hic
535 2526 868 2595 imperator?
912 2525 1017 2580 Per
1061 2524 1273 2579 litteras
1318 2525 1688 2582 Alexandrino
1736 2528 1966 2582 antistiti

389 2617 658 2688 ,significat
700 2624 762 2669 ut
796 2631 1051 2685 magnum
1088 2609 1617 2686 illnm'Senupliium
1651 2619 1702 2671 in
1736 2616 1965 2689 Egypto

396 2712 691 2780 degentem
788 2707 994 2786 auxilio
1079 2707 1183 2761 sibi
1260 2706 1450 2763 venire
1517 2708 1754 2778 iuberet.
1851 2710 1965 2778 Ap-

394 2800 630 2872 pellatus
665 2800 764 2852 hac
792 2799 857 2852 de
905 2812 1069 2852 causa
1109 2797 1424 2867 Senuphius
1459 2799 1525 2852 ad
1578 2798 1962 2868 imperatorem

393 2890 665 2962 proficisci
698 2889 922 2944 renuit:
958 2889 1128 2943 mittit
1155 2897 1340 2943 autem
1370 2889 1422 2944 ei
1451 2888 1704 2943 baculum
1736 2905 1858 2943 cum
1890 2885 1988 2943 la-i

390 2996 519 3036 eero
550 2989 650 3034 suo
680 2986 735 3034 et
769 2977 956 3032 attrito
985 2977 1222 3047 palliolo.
1256 2977 1467 3044 Quibus
1500 2976 1665 3046 258
1685 2993 1816 3031 sane
1846 2987 1963 3032 tum

389 3073 554 3143 galea-
584 3083 697 3126 tum
730 3071 897 3126 hasta:
921 3073 1042 3124 loco
1066 3071 1363 3139 imperator
1391 3085 1549 3132 usus,
1583 3070 1634 3123 in
1665 3070 1849 3124 hostes
1872 3085 1964 3124 co-

389 3165 492 3234 piis
517 3163 720 3226 dnctis,
751 3163 979 3218 suismet
1009 3176 1101 3216 eos
1124 3160 1377 3215 manibus
1400 3160 1453 3214 in
1489 3159 1669 3228 fugam
1698 3160 1954 3230 coniecit.

2147 2343 2314 2415 Ἔθνη
2353 2344 2516 2396 ποθὲν
2549 2342 2758 2412 ἄπειρα
2797 2340 2936 2395 κατὰ
2967 2339 3064 2393 τοῦ
3098 2339 3334 2410 μεγάλου
3394 2340 3633 2410 ἐγείρον-

2070 2449 2158 2484 ται
2189 2433 2493 2485 Θεοδοσίου.
2519 2433 2583 2485 Τί
2606 2433 2666 2486 τὸ
2697 2429 2793 2485 ἐπὶ
2821 2431 3069 2497 τούτοιςς
3104 2431 3308 2501 Γράφει
3341 2431 3634 2499 τηνικαῦτα

2069 2525 2098 2575 ὁ
2128 2524 2379 2591 βασιλεὺς
2413 2524 2490 2594 τῷ
2521 2525 2618 2593 τῆς
2661 2521 3072 2594 Ἀλεξανδρείας
3119 2523 3393 2594 προέδρῳ,
3432 2525 3521 2577 ἵνα
3552 2524 3630 2576 tim

2071 2613 2190 2667 κατ’
2228 2617 2498 2682 Αἴγυπτον
2533 2616 2711 2685 μέγαν
2740 2615 3032 2685 Σενούφιον
3071 2617 3273 2688 ποιήσῃ
3323 2618 3464 2686 πρὸς
3499 2632 3629 2683 συμ-

2074 2706 2276 2774 μαχίαν
2311 2705 2403 2758 τοῦ
2469 2705 2730 2774 βασιλέως
2772 2705 2970 2758 ἐλθεῖν.
3036 2705 3094 2760 ’0
3146 2691 3189 2759 δχ
3243 2707 3304 2758 οὺ
3364 2705 3623 2768 πείθεται,

2071 2799 2281 2850 στέλλει
2335 2798 2390 2851 δὲ
2423 2799 2500 2868 τῷ
2555 2799 2771 2867 βασιλεί
2825 2797 3023 2866 ῥάϐδον
3076 2798 3174 2851 καὶ
3235 2797 3431 2868 μικρὸν
3469 2797 3622 2851 αὑτοῦ

2071 2889 2380 2960 τριϐώνιον,
2408 2885 2488 2953 οἷς
2519 2888 2582 2959 δὴ
2621 2891 2714 2942 καὶ
2741 2877 3088 2960 χρησάμενος
3137 2891 3165 2943 ὁ
3203 2888 3466 2960 βασιλεὺς
3511 2891 3611 2942 ἀνεί

2071 2981 2304 3049 κράνους
2335 2981 2429 3033 καὶ
2456 2980 2681 3050 δόρατος
2713 2981 2853 3034 κατὰ
2884 2982 2992 3034 τῶν
3025 2981 3300 3050 πολεμίων
3337 2981 3507 3053 ὁρμᾷ,
3531 2974 3610 3033 καὶ

2069 3071 2156 3123 διὰ
2193 3069 2390 3140 χειρῶν
2423 3069 2591 3122 αὐτοῦ
2633 3069 3068 3144 κατατροποῦται
3121 3070 3314 3133 αὐτούς
3344 3089 3358 3101 ·
3409 3069 3614 3126 τοιαῦτα

2070 3163 2162 3214 καὶ
2214 3163 2320 3232 γὰρ
2379 3161 2448 3216 τὰ
2510 3164 2603 3234 τῆς
2655 3162 2979 3235 εἰλικρινοῦς
3061 3163 3298 3228 πίστεως
3352 3162 3620 3236 κατορθώ-

386 3247 518 3309 Tam
549 3253 764 3325 egregia
794 3253 1053 3306 nimirmn
1085 3250 1327 3306 facinora
1355 3265 1492 3322 pura
1533 3251 1854 3322 sinceraque
1895 3250 1956 3304 fi~
1989 3223 2033 3284 θ
2067 3272 2230 3324 ματα.

385 3350 484 3402 des
516 3347 680 3401 edere
712 3345 1018 3400 consuevit.

456 3441 750 3512 Postquam
772 3436 1114 3492 Theodosius
1131 3436 1295 3490 rebus
1319 3437 1573 3491 humanis
1616 3439 1959 3512 ercessisset,

387 3533 531 3585 ﬁlius
564 3509 684 3599 eius
710 3526 978 3582 Arcadius
1008 3529 1071 3582 l3
1100 3529 1257 3583 annis
1282 3529 1591 3599 imperavit.
1625 3509 1677 3585 is
1705 3547 1827 3585 cum
1855 3531 1966 3586 Xe-

386 3621 600 3690 rolophi
649 3619 959 3675 columnam
994 3618 1279 3685 erexisset,
1314 3620 1366 3673 in
1415 3635 1478 3674 ea
1522 3629 1756 3676 statuam
1804 3637 1959 3689 suam

383 3713 691 3771 Collocavit.
727 3711 932 3766 Eodem
962 3722 1225 3780 regnante
1255 3722 1463 3783 septem
1495 3723 1633 3768 totos
1661 3713 1780 3768 dies
1811 3723 1958 3768 terra

385 3806 653 3877 mugitum
689 3802 880 3870 edidit,
911 3803 1257 3872 maximoque
1295 3814 1447 3857 motu
1490 3812 1762 3860 terrarum
1809 3806 1960 3860 orbis

383 3903 676 3955 universus
707 3914 1008 3954 concussus
1043 3908 1146 3952 cst.
1189 3899 1313 3953 Post
1345 3899 1664 3952 Nectarium
1701 3898 1960 3954 Ecclesiae

379 3995 680 4066 Cpolitana:
738 3993 1110 4060 gubernacula
1163 3992 1360 4047 Joauui
1409 4006 1578 4045 aureo
1623 3991 1699 4044 illi
1752 3993 1954 4044 oratori

381 4098 578 4152 magno
613 4097 738 4136 cum
770 4082 916 4136 bono
948 4083 1167 4151 publico
1201 4092 1331 4136 sunt
1363 4083 1675 4136 commissa.
1710 4082 1804 4136 Vir
1839 4092 1959 4138 erat

379 4171 904 4243 eloquentissimus,
939 4181 991 4225 et
1045 4171 1219 4240 ipsius
1256 4173 1420 4226 etiam
1462 4172 1677 4226 Libanii
1711 4172 1958 4242 magistri

381 4265 468 4320 sui
518 4261 832 4318 testimonio
881 4261 1298 4317 commendatus
1348 4279 1360 4314 :
1406 4262 1779 4332 interrogatus
1808 4261 1956 4315 enim

378 4370 670 4427 quemnam
701 4365 802 4410 suo
849 4353 972 4408 loco
1015 4354 1295 4409 doctorem
1340 4353 1626 4424 discipulis
1662 4353 1958 4423 praeficien-

378 4449 508 4503 dum
531 4447 805 4517 iudicaret
842 4463 856 4500 :
896 4465 913 4498 ι
960 4447 1249 4511 Joannem,
1282 4445 1480 4514 inquit,
1514 4446 1618 4500 nisi
1654 4444 1957 4499 Christiani

2133 3434 2283 3489 Μετὰ
2329 3437 2387 3490 δὲ
2435 3437 2712 3492 Θεοδόσιον
2757 3438 3041 3513 ’Δρκάδιος
3093 3440 3122 3492 ὁ
3187 3439 3302 3504 υίὸς
3333 3440 3499 3495 αὑτοῦ
3529 3441 3618 3508 ἐτη

2065 3525 2156 3593 ιγ’,
2187 3527 2246 3589 ὃς
2277 3529 2368 3580 τὸν
2393 3527 2551 3582 κίονα
2578 3525 2670 3580 τοῦ
2706 3527 3018 3599 Ξηρολόφον
3049 3531 3250 3599 στήσας
3274 3534 3332 3584 ὲν
3365 3533 3517 3602 αὐτῷ
3535 3535 3618 3587 τὸν

2063 3619 2255 3671 ἑαυτοῦ
2289 3617 2618 3687 καθίδρυσεν
2648 3618 2962 3688 ἀνδριάντα.
3009 3620 3121 3688 Ἐφ’
3148 3617 3210 3674 οὗ
3246 3625 3280 3692 ὴ
3311 3626 3381 3693 γῆ
3415 3625 3617 3694 ἐμυκή-

2065 3725 2195 3761 σατο
2217 3709 2430 3780 ἡμέρας
2466 3707 2535 3774 ζ’,
2570 3711 2665 3762 καὶ
2725 3711 2947 3786 σεισμὸς
2981 3712 3172 3780 γέγονε
3228 3715 3401 3782 μέγας
3428 3732 3489 3769 τε
3533 3717 3620 3769 καὶ

2064 3803 2407 3870 πάγκοσμος.
2452 3803 2608 3854 Μετὰ
2645 3805 2828 3872 μέντοι
2883 3803 2975 3857 τὸν
3013 3805 3317 3875 Νεκτάριον
3348 3807 3475 3872 τοὺς
3527 3809 3615 3878 τῆς

2071 3894 2399 3961 Ἐκκλησίας
2447 3894 2692 3956 οἵακαςδ
2755 3895 3160 3968 χρυσορρήμων
3221 3898 3474 3968 Ἰωάννης
3533 3902 3615 3953 καὶ

2061 3982 2182 4034 λίαν
2219 3982 2399 4045 καλῶς
2453 3983 2794 4053 ἀναδέχεται,
2845 3966 3012 4048 όῦτος
3068 3988 3233 4050 πολὺς
3283 3985 3351 4059 ἦν
3413 3966 3534 4059 πτερὶ
3561 3995 3615 4042 τὸ

2061 4075 2260 4142 λέγειν.
2286 4068 2357 4145 ᾯ
2396 4079 2488 4128 καὶ
2514 4075 2766 4139 Λισὰνιος
2813 4079 2839 4128 ὁ
2864 4077 3182 4138 διδάσκαλος
3214 4081 3382 4134 αὑτοῦ
3417 4098 3611 4152 προσε-

2065 4169 2419 4236 μαρτύρησεν
2447 4183 2461 4197 ⁸
2492 4167 2788 4236 ἐρωτηθεὶς
2829 4168 2937 4240 γὰρ
2962 4167 3081 4224 ἀνθ’
3112 4171 3307 4223 ἑαυτοῦ
3340 4175 3457 4226 τινα
3491 4189 3614 4244 προ-

2059 4258 2312 4311 ϐάλλεται
2346 4256 2686 4318 διδάσκαλον.
2759 4257 3016 4329 Ἰωάννην
3055 4256 3232 4326 εἶπεν,
3282 4266 3329 4316 εί
3392 4267 3464 4335 μή
3505 4281 3611 4328 πως

2055 4350 2108 4401 οἱ
2159 4349 2481 4418 Χριστιανοὶ
2538 4349 2724 4401 τοῦτον
2755 4350 3028 4422 ἀφ’ήμῶν
3079 4354 3453 4423 ἁπεσύλησαν.
3499 4359 3609 4408 ’οκ-

2059 4442 2463 4494 τωκαιόέκατον,
2489 4439 2596 4511 γὰρ
2633 4441 2752 4502 ἔτος
2803 4443 2950 4510 ἄγων
3010 4445 3314 4516 ἀφηνίασεν
3376 4451 3470 4502 ἀπ’
3517 4433 3604 4503 αὖ·

376 4553 442 4592 eo
471 4555 571 4593 nos
609 4538 914 4608 intercepto
942 4537 1318 4607 ειωίίοεεοηι.»
1357 4535 1566 4605 Quippe
1597 4551 1719 4590 cum
1751 4549 1954 4588 annum

2069 4533 2176 4598 τοῦ,
2211 4533 2306 4586 καὶ
2357 4533 2461 4586 ὑπὸ
2499 4535 2765 4586 Μελετίου
2802 4534 3123 4604 βαπτισθεὶς
3160 4539 3255 4590 καὶ
3304 4557 3604 4611 χειροτονη-

377 4632 554 4684 aetatis
588 4639 839 4685 octavum
887 4639 1052 4700 atque
1093 4628 1370 4683 decimum
1404 4637 1613 4697 ageret,
1664 4627 1954 4681 Libanium

379 4720 697 4790 magistrum
733 4723 976 4791 reliquit,
1013 4718 1065 4776 et
1094 4737 1124 4775 a
1160 4719 1378 4775 Meletio
1407 4719 1718 4788 baptizatus
1751 4719 1955 4772 lector-

379 4825 484 4879 que
524 4811 843 4887 designatus
893 4813 1170 4868 solitarios
1217 4811 1284 4867 ad
1342 4825 1591 4868 seCcssus
1630 4826 1750 4866 sese
1798 4827 1954 4865 conia

380 4910 533 4958 tonsa
563 4907 788 4975 recepit.
809 4905 864 4959 lu
897 4906 1066 4960 iisres
1097 4907 1308 4961 divinas
1333 4905 1564 4960 edoctus
1585 4907 1650 4960 ad
1679 4905 1953 4960 Meletium

372 4998 694 5061 revertitur,
743 5007 801 5050 et
831 4998 1044 5052 diaconi
1079 5011 1285 5055 munus
1316 4999 1548 5068 accepit.
1581 4996 1712 5052 lude
1744 4995 1952 5051 Flavia-

371 5101 479 5142 nus
527 5088 868 5143 sacerdotem
919 5098 1090 5144 creat.
1128 5089 1306 5144 Unum
1341 5090 1398 5144 in
1429 5089 1633 5144 eximio
1667 5088 1784 5144 viro
1815 5105 1954 5143 non-

369 5181 504 5236 nulli
567 5179 1026 5247 criminabantur,
1068 5181 1215 5250 quod
1269 5181 1325 5236 in
1385 5181 1638 5237 subditos
1698 5182 1948 5250 graviore

366 5269 625 5327 nonnihil
681 5269 978 5339 supercilio
1022 5279 1291 5324 uteretur.
1343 5269 1459 5336 Qua
1503 5269 1725 5342 quidem
1773 5269 1840 5322 de
1889 5281 1947 5322 re

365 5377 624 5433 magnum
653 5360 798 5415 hunc
844 5361 1022 5415 virum
1069 5361 1309 5414 Isidorus
1359 5360 1711 5428 Pelusiensis,
1755 5360 1849 5431 qui
1879 5374 1945 5414 eo

362 5455 624 5524 magistro
655 5453 763 5507 fuit.
803 5467 952 5513 usus.
994 5463 1232 5522 purgans
1263 5459 1429 5522 atque
1461 5454 1785 5516 defendens,
1816 5465 1941 5507 eum

361 5546 455 5614 qui
491 5547 612 5600 aliis
651 5545 856 5615 praesit,
891 5555 946 5600 et
982 5545 1186 5599 bonum
1218 5560 1340 5600 esse
1374 5546 1575 5600 debere
1621 5547 1941 5615 pronuntiat

359 5647 414 5691 et
446 5637 874 5694 formidabilem.
905 5637 1276 5702 Quamobrem
1310 5637 1488 5693 istuc?
1514 5636 1782 5702 Quoniam
1826 5647 1938 5692 tum

361 5727 490 5781 boni
523 5738 637 5783 tum
674 5729 802 5784 mali
826 5730 941 5785 sint
974 5733 1118 5785 inter
1155 5745 1252 5791 eos
1284 5730 1378 5798 qui
1410 5728 1478 5783 ab
1507 5729 1618 5782 alis
1641 5738 1932 5798 reguntur.

2062 4624 2176 4688 θεὶς
2211 4623 2569 4695 ἀναγνώστης
2603 4626 2924 4697 ἀνεχώρησε
2953 4630 3047 4680 καὶ
3091 4631 3370 4702 ἁπεκὰρη,
3406 4637 3495 4686 καὶ
3539 4635 3602 4684 ti

2061 4717 2180 4770 θεῖα
2236 4715 2505 4786 διδαχθεὶς
2551 4719 2732 4770 ἐκεῖσε
2801 4717 2964 4772 πάλιν
3018 4720 3347 4792 ὑπέστρεψε.
3406 4725 3599 4776 Γίνεται

2058 4807 2328 4873 διάκονος,
2369 4806 2520 4879 παρὰ
2542 4807 2597 4860 δὲ
2627 4805 2934 4863 Φλαϐιανοῦ
2968 4811 3365 4883 πρεσϐύτερος,
3399 4815 3597 4867 b.5511-

2056 4897 2178 4950 λετο
2206 4898 2263 4952 δὲ
2298 4901 2326 4952 ὀ
2358 4898 2531 4967 μέγας
2555 4897 2632 4962 ὡς
2674 4899 2838 4970 ὀφρύϊ
2867 4901 3006 4956 κατὰ
3063 4903 3168 4958 τῶν
3209 4905 3464 4973 ὑπηκόων
3497 4909 3597 4974 μεί-

2055 4991 2170 5053 ζονι
2199 4988 2502 5062 χρώμενος.
2533 4989 2694 5044 Ὅθεν
2727 4994 2755 5044 ὁ
2787 4993 3174 5065 Πηλουσιώτης
3213 4997 3480 5069 Ἰσίδωρος
3513 4997 3596 5050 καὶ

2057 5081 2303 5152 μαθητὴς
2351 5081 2514 5135 αὐτοῦ
2561 5082 3143 5155 ὑπεραπολογούμενος
3206 5086 3298 5140 τοῦ
3353 5087 3590 5157 μεγάλου.

2053 5173 2144 5226 τὸν
2165 5173 2405 5242 ἄρχοντα
2439 5172 2630 5241 ἔλεγεν
2657 5174 2739 5227 ὃτι
2797 5176 2893 5228 καὶ
2944 5175 3150 5244 ἀγαθὸν
3197 5174 3340 5232 εἶναι
3395 5180 3470 5232 δεῖ
3509 5177 3588 5230 καὶ

2053 5266 2305 5337 φοϐερόν.
2329 5267 2488 5330 Τίνος
2517 5267 2703 5321 ἕνεκεν
2730 5283 2747 5334 ;
2786 5268 2905 5320 ’Ὁτι
2933 5271 3025 5321 καὶ
3069 5270 3263 5336 ἁγαθοὶ
3313 5273 3405 5325 καὶ
3444 5285 3584 5337 πονη-

2051 5360 2134 5430 ροὶ
2160 5361 2218 5412 ὲν
2253 5360 2367 5422 τοῖς
2425 5358 2750 5430 ἀρχομένοις
2785 5361 3117 5432 ὑπάρχουσι.
3155 5362 3314 5415 Μετὰ
3356 5361 3581 5416 δὲταῦτα

2047 5453 2182 5522 πρός
2205 5467 2268 5520 γε
2291 5451 2388 5521 τὴν
2423 5452 2790 5521 μεγαλόπολιν
2836 5454 3076 5524 ἔρχεται,
3131 5456 3222 5507 καὶ
3261 5456 3340 5518 είς
3367 5455 3451 5508 τὸν
3495 5468 3580 5504 πσ-

2045 5544 2367 5614 τριαρχικδν
2399 5545 2592 5614 θρόνον
2611 5547 2902 5614 ἀνάγεται.
2963 5546 3398 5618 ’Δνθίσταταιτῇ
3448 5545 3578 5616 βασι-

2045 5636 2204 5707 λίσσῃ
2237 5637 2487 5710 Εὐδοξίᾳ,
2521 5638 2720 5710 πάσχει
2751 5639 2923 5692 πολλὰ
2969 5639 3057 5693 διὰ
3082 5639 3243 5692 τοῦτο
3268 5641 3432 5694 δεινά.
3460 5638 3577 5704 '09:

2041 5727 2149 5799 γὰρ
2173 5729 2252 5782 ὅτι
2292 5733 2387 5784 καὶ
2428 5732 2456 5783 ὁ
2499 5731 2676 5801 μέγας
2715 5731 3035 5800 Ἐπιφάνιος
3094 5719 3153 5784 ἓν
3211 5733 3292 5802 τῷ
3359 5727 3575 5796 Ἐσδὸμῳ

361 5817 672 5876 Secundum
709 5821 823 5879 haec
872 5837 1122 5893 magnam
1173 5820 1242 5874 ad
1277 5820 1468 5875 urbem
1502 5819 1644 5873 hanc
1669 5821 1844 5888 venit,
1881 5831 1940 5878 et

2071 5820 2211 5873 λοὼν
2245 5825 2582 5894 χειροτονίας
2639 5825 2736 5887 καὶ
2773 5824 3022 5889 συνάξεις
3071 5823 3223 5894 παρὰ
3272 5823 3371 5894 τὴν
3419 5822 3571 5874 Ἰωὰνρ

3792 3621 3794 3704 i

3791 4221 3794 4328 i
