3794 6226
362 990 369 998 ’
471 976 619 1032 illius
658 974 1043 1039 substituistls,
1076 972 1238 1029 etiam
1291 983 1412 1044 post
1443 985 1674 1030 mortem
1705 991 1830 1031 cum
1859 977 2035 1031 omni-

480 409 578 479 487
620 460 631 475 .
1745 404 2033 473 MICIIAE

2142 412 2166 472 ς
2206 415 2249 471 G
2261 407 2468 473 LYC.»E
3392 480 3398 484 ,
3584 417 3674 480 488

476 537 595 577 rum
628 518 850 575 sccludo
876 522 928 571 et
960 530 1139 570 arceo.
1162 515 1430 571 Praeterea
1458 517 1683 573 clericos
1709 535 1916 585 omnes,
1951 521 2033 589 qui

2146 523 2212 574 τὰ
2239 522 2381 575 κατὰ
2416 522 2641 590 ἄγνοιαν
2677 525 2935 592 γινόμενα
2954 522 3076 576 οὔτε
3108 522 3238 587 Θεὸς
3279 523 3394 577 οὔτε
3422 525 3571 593 νόμοι
3597 544 3676 580 κο-

476 624 551 681 e'a.
571 610 848 666 vobiscum
888 607 1018 662 ‘ausi
1051 606 1256 662 Iuerint
1284 610 1352 661 ab
1382 623 1448 663 eo
1467 616 1709 679 tempore
1734 615 2033 666 communi—

2145 614 2398 677 λάζουσιν
2426 631 2438 644 ·
2468 614 2581 667 ἀλλ’
2612 616 2731 669 οὐδέ
2758 632 2837 678 τις
2872 614 3009 685 ὑπὲρ
3039 616 3227 685 ἑτέρου
3268 615 3418 686 δίκην
3444 618 3679 687 εἰσπράτ-

473 716 596 759 care
624 715 733 771 quo
759 698 1161 769 colligationem
1183 706 1237 752 et
1277 698 1553 753 vinculum
1601 700 1705 755 hoc
1734 716 1913 755 meum
1951 717 2033 757 re-

2142 724 2315 760 τεται.
2366 706 2530 760 Ὅθεν
2557 706 2729 761 ταῦτα
2762 708 3019 776 γέγραφα
3051 708 3408 779 πληροφορῶν
3446 714 3544 780 τὴν
3564 710 3680 781 ὑμε-

474 791 777 858 sciveritis,
820 791 1015 847 ordine
1050 806 1263 846 moveo.
1303 790 1675 847 Consimiliter
1716 793 2032 859 Arsaeium,

2142 799 2304 869 τέραν
2343 799 2624 869 πραότητα
2689 798 2764 864 ὡς
2808 800 3315 870 ἐπιμαρτυροῦντος
3366 802 3459 853 τοῦ
3509 802 3678 869 φιλαν.

470 900 630 955 qnem
681 883 736 939 in
770 883 965 938 solium
1007 884 1354 953 episcopatus
1404 883 1525 938 loco
1574 885 1753 954 magni
1808 885 2033 940 Joannis

2144 889 2369 961 Opcbrrou
2396 890 2532 945 Θεοῦ
2594 891 2695 945 οὐκ
2752 891 2922 960 ἔγνων
2952 908 3004 944 τι
3053 892 3162 945 τῶν
3212 891 3533 961 συμϐάντων
3582 895 3677 955 τοῖς

2142 982 2431 1052 ἡμετέροις
2472 982 2793 1059 ἐπισκόποις
2858 984 2953 1037 καὶ⁵
3012 982 3318 1054 κληρικοῖς,
3358 982 3475 1036 ἀλλ’
3523 973 3675 1046 ἁθῶός

2143 1069 2259 1136 εἰμι
2288 1068 2382 1121 τοῦ
2412 1067 2687 1139 κρίματος
2714 1067 2895 1149 αὐτῶν
2920 1086 2933 1099 υ
2968 1070 3015 1122 εἰ
3047 1070 3156 1142 γὰρ
3209 1070 3358 1140 ἥμην
3422 1071 3674 1143 συμμέτοο

2142 1177 2235 1229 χος
2264 1159 2445 1215 αὐτῶν
2483 1162 2563 1225 εἰς
2592 1160 2775 1225 τοῦτο,
2823 1164 2923 1217 οὐκ
2962 1156 3107 1231 εἶχον
3152 1161 3373 1224 τούτους
3427 1162 3673 1216 κακῶσαι.

2094 1324 2105 1332 ί
2143 1251 2279 1319 Περὶ
2304 1251 2359 1302 δὲ
2382 1252 2481 1322 τῆς
2516 1252 2615 1320 σῆς
2647 1250 2915 1322 θυγατρδς
2955 1252 3212 1316 Εὺδοξίας
3245 1250 3416 1320 γνῶθι
3476 1253 3555 1304 ὅτι
3596 1253 3675 1305 καὶ

2144 1343 2280 1413 αὐτῇ
2313 1342 2676 1396 ἁνταπέδωκα
2716 1343 2859 1396 κατὰ
2888 1342 2947 1396 τὸ
2974 1343 3199 1413 σφάλμα
3255 1343 3430 1412 αὐτῆς
3482 1344 3539 1394 οὐ
3595 1360 3672 1410 με·

2142 1432 2333 1503 τρίως,
2365 1432 2440 1498 ὡς
2473 1435 2536 1487 ὲκ
2579 1435 2679 1504 τῆς
2733 1435 2991 1504 τοιαύτης
3030 1434 3205 1505 λύπης
3258 1434 3351 1488 καὶ
3382 1433 3600 1502 θλίψεως
3627 1436 3672 1484 ἐν

2143 1525 2429 1598 ἀρρωστίᾳ
2463 1527 2740 1599 βαρυτάτῃ
2764 1529 3123 1582 κατακεῖσθαι
3154 1527 3346 1597 αὐτήν.
3397 1526 3670 1595 Παρακαλῶ

2142 1614 2330 1668 λοιπὸν
2360 1618 2448 1669 ῑνα
2479 1616 2573 1670 τοῦ
2595 1616 2907 1687 ἁφορισμοῦ
2958 1617 3129 1689 λύσῃς
3178 1619 3328 1687 ἡμᾶς
3374 1617 3471 1669 καί
3504 1615 3574 1686 μὴ
3602 1620 3672 1667 ὲκ-

430 1074 437 1077 ’
469 1070 574 1125 bus
614 1069 860 1138 quicum
898 1067 1018 1139 ipso
1051 1066 1445 1121 commercium
1494 1065 1805 1122 habuerunt
1842 1069 2035 1125 ordine

471 1177 777 1225 movemus,
811 1176 947 1216 neve
978 1158 1351 1231 perscribatur
1381 1158 1501 1229 ejus
1548 1175 1744 1215 nomen
1779 1162 1951 1217 sacris
1977 1163 2033 1217 in

431 1255 438 1260 ’
474 1252 677 1308 tabulis
707 1262 977 1306 velamus.
1006 1250 1120 1306 Hoc
1147 1250 1291 1306 enim
1328 1250 1583 1321 indignus
1601 1261 1686 1305 est
1714 1252 1944 1317 honore,
1977 1260 2037 1307 ut

430 1340 433 1341 ⁷
469 1344 563 1414 qui
588 1341 960 1413 episcopatum
998 1338 1267 1395 adulterio
1302 1342 1454 1410 quasi
1492 1342 1782 1396 commisso
1826 1342 2037 1412 pollue-

470 1436 564 1491 rit.
596 1438 772 1503 Atque
794 1432 923 1487 huic
952 1440 1153 1488 nostra:
1180 1430 1247 1486 de
1271 1430 1356 1485 his
1382 1431 1575 1485 ordine
1609 1433 1894 1489 movendis
1911 1449 2036 1489 si~n~

470 1528 656 1583 tentia!
702 1526 992 1597 Theophili
1047 1525 1503 1597 segregationem,
1563 1530 2034 1590 exsecrationem,

467 1620 772 1675 absolutam
798 1619 1038 1688 denique
1064 1617 1501 1673 Christianorum
1523 1634 1552 1672 a
1583 1628 1728 1675 coetu
1761 1619 2035 1674 exclusio-

467 1728 593 1768 nem
614 1711 999 1782 adiungimus.
1036 1728 1055 1762 ι
1082 1709 1228 1775 Quas
1258 1710 1465 1767 litteras
1495 1710 1584 1765 ubi
1616 1711 1834 1765 recitari
1866 1713 2033 1766 Arca-

2142 1707 2373 1781 δικήσῃς
2410 1708 2722 1779 πολλαχῶς·
2752 1712 2812 1763 οὐ
2846 1704 2959 1782 ἣὰρ
3002 1708 3229 1773 πατάξει
3262 1708 3466 1778 Κύριος
3495 1708 3571 1772 δὶς
3598 1710 3667 1759 ἐπὶ

468 1806 595 1861 dius
626 1805 947 1868 audivisset,
975 1802 1030 1857 in
1055 1802 1169 1858 haec
1201 1804 1363 1857 verba
1392 1803 1709 1858 Innocentio
1734 1782 2032 1874 rescripsit:

2142 1800 2204 1853 τὸ
2257 1801 2407 1855 αὑτό.
2452 1819 2472 1853 ι
2529 1802 2673 1873 Πρὸς
2717 1802 2891 1857 ταῦτα
2946 1803 3040 1855 καὶ
3078 1802 3240 1856 πάλιν
3303 1800 3665 1860 ἰννοκιξντιος⁸

471 1912 490 1949 ι
529 1897 747 1952 Norunt
794 1911 989 1951 omnes
1030 1893 1283 1950 homines
1330 1894 1529 1950 mentis
1570 1904 1853 1965 compotes
1888 1911 2033 1954 com-

2146 1912 2166 1945 ‹
2209 1893 2585 1965 Ἀπεδεξάμην
2642 1894 2798 1965 ὑμῶν
2883 1894 2982 1965 τὴν
3039 1895 3187 1949 κατὰ
3248 1894 3387 1948 Θεδν
3449 1892 3666 1962 σπουδὴν,

466 1988 632 2043 missa
664 2000 760 2057 per
784 1985 1181 2058 ignorationem
1210 1999 1311 2038 nec
1338 1982 1603 2038 divinitus
1636 1999 1736 2039 nec
1763 1999 1859 2053 per
1890 1986 2033 2055 leges

2142 1986 2318 2056 ἥνπερ
2346 1987 2435 2039 διὰ
2464 1988 2526 2041 τὺ
2552 1988 2723 2059 ὄνομα
2760 1988 2926 2042 αὑτοῦ
2979 1986 3354 2052 ἀνεδείξασθε.
3389 1986 3545 2041 Ὅθεν
3586 1985 3666 2036 τῶν

468 2079 671 2151 puniri,
701 2093 879 2148 neque
897 2076 1387 2147 adeo‘quemquam
1408 2076 1634 2131 alterius
1651 2080 1869 2130 nomine
1893 2092 2027 2147 sup-

2145 2079 2305 2146 ἱερῶν
2329 2079 2544 2150 δεσμῶν
2568 2080 2853 2144 ἀνεθέντες
2890 2081 2948 2134 ὲν
2978 2082 3091 2144 τοῖς
3122 2078 3470 2141 δεσποτιχοίς
3493 2077 3662 2146 συμϐό-

467 2171 687 2242 pIicium
707 2172 881 2227 luere.
911 2170 1072 2241 260
1086 2167 1241 2236 Quod
1265 2167 1484 2240 quidem
1517 2178 1802 2239 propterea
1819 2169 2033 2238 scripsi,

2144 2168 2255 2232 λοις
2296 2170 2622 2241 προσέλθετε
2645 2171 2969 2242 ἐρρωμένοι.
3016 2189 3036 2223 ι
3093 2170 3277 2240 Ταύτῃ
3337 2186 3422 2224 τοι
3462 2168 3547 2221 καὶ
3596 2167 3661 2220 διὰ

465 2272 526 2318 ut
559 2262 1036 2317 mansuetudinem
1059 2269 1223 2329 .tuam
1260 2268 1466 2313 certam
1502 2256 1786 2313 redderem
1827 2273 1925 2312 nos
1958 2258 2033 2312 ni-

2148 2260 2433 2331 φροντίδος
2461 2263 2487 2313 ὁ
2518 2262 2801 2333 ’Δρκάδιος
2830 2265 3066 2317 ποιεῖται
3094 2261 3192 2331 τὴν
3224 2258 3349 2331 τοῦ,
3386 2258 3532 2326 ἁγίου
3560 2273 3618 2326 πρ
3642 2274 3658 2316 ς

464 2354 542 2409 hil
574 2368 764 2408 eorum
800 2350 1082 2422 cognitum
1111 2348 1370 2404 habuisse
1403 2363 1525 2418 quae
1582 2346 1790 2402 nostris
1819 2347 2033 2403 antisti-

2146 2350 2245 2420 τὴν
2272 2351 2633 2422 μεγαλόπολιν
2664 2353 2947 2410 ἐπάνοδον.
3466 2333 3470 2338 ”

465 2452 614 2506 tibus
645 2458 701 2505 et
731 2449 949 2505 clericis
975 2445 1317 2511 acciderunt,
1350 2445 1505 2515 cujus
1542 2446 1620 2498 rei
1654 2455 1844 2498 testem
1914 2443 2212 2515 benignum
2280 2446 2433 2502 illum
2467 2447 2636 2503 Deum
2703 2448 3082 2518 imploramus.
3136 2446 3411 2503 Nimirum
3441 2459 3592 2515 purus
3621 2452 3659 2494 et

410 2606 415 2609 Ἴ
465 2544 729 2599 Innoccns
756 2555 899 2606 sum,
966 2538 1112 2609 quod
1180 2539 1421 2608 ipsorum
1460 2534 1977 2590 condemnationem
2048 2536 2275 2605 attinet;
2326 2538 2529 2609 quippe
2573 2554 2698 2593 cum
2750 2555 2944 2595 eorum
2992 2538 3385 2595 communione
3410 2538 3503 2593 sim
3539 2547 3656 2593 usus.

464 2653 642 2696 cansre
672 2637 808 2692 nihil
847 2641 965 2691 erat
996 2630 1352 2704 quamobrem
1415 2643 1515 2684 eos
1568 2628 1890 2699 alﬂigcrem.
1952 2627 2107 2694 Quod
2140 2641 2320 2686 autem
2356 2633 2552 2686 attinet
2592 2631 2756 2685 tiliam
2797 2641 2945 2687 tuam
2978 2633 3304 2698 Endoxiam,
3339 2632 3471 2686 scito
3505 2642 3576 2682 me
3600 2621 3657 2677 illi

463 2748 657 2802 parum
684 2729 1080 2799 moderatepro
1107 2726 1318 2781 ratione
1342 2722 1527 2778 delicti
1558 2722 1863 2777 mercedem
1931 2722 2207 2779 retulisse.
2272 2726 2393 2791 Quo
2433 2742 2564 2782 sane
2606 2727 2811 2782 factum
2848 2736 2934 2783 est
2995 2736 3052 2783 ut
3099 2743 3167 2782 ex
3230 2742 3302 2782 eo
3356 2737 3560 2782 mcerore
3608 2732 3654 2771 ac

465 2824 714 2898 angustia
744 2822 949 2880 difﬁcili
972 2820 1411 2892 gravissimeque
1440 2826 1694 2886 correpta
1712 2815 2035 2887 aegritudine
2076 2815 2387 2875 deeumbat.
2424 2820 2625 2891 Igitur,
2654 2822 2799 2891 quod
2863 2829 3137 2892 superest,
3168 2821 3342 2876 enixe
3373 2829 3424 2876 te
3471 2818 3649 2871 obsecro

465 2933 524 2975 ut
557 2934 656 2974 nos
691 2933 722 2972 a
753 2917 1124 2989 segregatione
1177 2911 1379 2967 liberes
1410 2925 1507 2966 nec
1542 2911 1921 2981 multipliciter
1949 2914 2180 2982 punias;
2217 2929 2320 2969 nec
2369 2916 2516 2970 enim
2549 2916 2666 2986 ipse
2681 2915 2946 2971 Dominus
3010 2915 3152 2970 idem
3179 2913 3253 2969 ob
3316 2913 3549 2969 delictum
3579 2907 3638 2961 bis

464 3016 740 3071 hominem
774 3012 1029 3084 percutit.
1069 3032 1089 3065 ι
1125 3010 1206 3065 Ad
1277 3011 1442 3067 hasce
1504 3010 1713 3065 litteras
1752 3008 2103 3067 Innocentius
2142 3012 2194 3065 in
2223 3012 2371 3069 hunc
2399 3013 2617 3069 modum
2650 3013 2981 3085 respondit;
3025 3010 3309 3067 (Studium
3340 3006 3640 3079 diligentiam-

462 3124 569 3179 que
605 3115 839 3163 vestram
869 3106 965 3162 Dei
1003 3106 1323 3177 praescripto
1357 3112 1413 3159 et
1442 3104 1712 3159 voluntati
1775 3112 2226 3172 consentaneam,
2280 3122 2443 3177 quam
2505 3116 2730 3178 propter
2789 3108 2961 3178 ipsius
3016 3120 3216 3162 nomen
3246 3102 3645 3165 declarastis,ac-

411 3274 415 3279 ε
462 3205 709 3274 cepimus
754 3211 808 3256 et
853 3199 1226 3271 probavimus.
1296 3197 1641 3269 Quapropter
1703 3199 1879 3254 sacris
1940 3214 1968 3252 a
1999 3197 2237 3256 vinculis
2270 3202 2434 3258 soluti
2477 3203 2544 3259 ad
2610 3204 2765 3274 signa
2798 3198 3463 3259 Dominica'conlirmatis
3499 3196 3647 3251 animis

461 3295 726 3351 aci'edite.
768 3312 785 3345 ο
828 3291 980 3347 llanc
1048 3291 1119 3347 ob
1146 3305 1369 3346 causam
1401 3289 1637 3346 sollicite
1679 3287 1920 3359 cogitare
1989 3292 2158 3362 etrapit
2213 3292 2480 3351 Arcadius
2523 3311 2631 3365 quo
2698 3305 2857 3366 pacto
2903 3295 3080 3351 virum
3140 3303 3398 3350 sanetum
3451 3300 3647 3359 magnam

463 3389 606 3442 hanc
646 3387 700 3440 in
732 3386 923 3439 urbem
951 3381 1263 3439 reduceret.

533 3554 724 3608 Rebus
770 3557 951 3600 autem
986 3541 1245 3598 humanis
1282 3551 1536 3611 exempto
1585 3539 1855 3608 Arcadio,
1896 3540 2039 3595 titius
2066 3551 2108 3609 ο

460 3647 579 3718 ejus
626 3639 990 3705 Theodosius,
1021 3636 1114 3710 qui
1154 3636 1220 3691 ab
1268 3632 1539 3704 elegantia
1580 3633 1896 3703 scripturae,
1930 3648 2035 3702 qua

454 3736 830 3814 pulcherrime
868 3733 1039 3789 libros
1088 3728 1370 3796 clarabat,
1401 3725 1782 3797 Calligraphus
1821 3739 2036 3778 nuneu-

462 3841 620 3903 patus
657 3830 783 3895 l'uit,
837 3839 1011 3882 annos
1061 3822 1132 3879 55
1181 3820 1494 3892 imperavit.
1545 3816 1681 3873 Cum
1726 3830 1869 3885 equo
1904 3830 2037 3869 con-

457 3938 654 3981 scenso
684 3919 1028 3992 profecturus
1056 3915 1240 3987 aliquo
1264 3912 1425 3975 foret,
1445 3926 1549 3967 una
1573 3925 1696 3964 cuin
1733 3909 1850 3978 ipso
1875 3907 2039 3962 colla-

461 4032 595 4087 psus
642 4026 786 4082 equo
818 4010 1039 4079 fatoque
1075 4005 1297 4061 Iunctus
1334 4013 1441 4059 est.
1486 4001 1731 4071 Deipara:
1773 3997 2034 4068 templum

459 4109 517 4160 in
559 4100 957 4171 Chalcopratiis
985 4096 1274 4163 exstruxit,
1300 4093 1447 4164 quod
1480 4102 1636 4147 antea
1660 4090 1946 4161 collegium
1980 4098 2036 4143 et

456 4192 902 4251 conventiculum
920 4188 1235 4245 Iudaeorum
1259 4194 1398 4241 erat.
1422 4186 1615 4240 Itidem
1640 4182 1795 4237 urbis
1814 4195 2034 4235 murum

459 4285 676 4357 longius
735 4281 1006 4337 extendit.
1060 4278 1257 4349 Ingens
1296 4276 1401 4331 sub
1457 4276 1577 4345 ipso
1638 4281 1798 4329 terrae
1852 4281 2035 4327 motus

459 4376 695 4442 exstitit,
734 4386 844 4443 quo
868 4378 925 4426 et
955 4368 1101 4424 muri
1133 4377 1189 4424 et
1216 4381 1409 4438 magna
1444 4380 1567 4435 pars
1595 4363 1748 4418 urbis
1778 4377 2031 4416 corrrueo

458 4478 610 4534 runt,
645 4467 871 4521 durante
899 4477 997 4534 per
1025 4475 1242 4517 omnem
1272 4459 1512 4514 vicinum
1545 4471 1735 4527 agrum
1775 4455 1876 4510 hac
1903 4468 2032 4509 suc-

460 4561 716 4615 cussione
769 4554 869 4611 soli
903 4554 1045 4608 lotos
1072 4560 1183 4607 tres
1225 4561 1462 4605 menses.
1496 4546 1685 4616 Itaque
1725 4541 2035 4614 patriarcha

464 4647 656 4702 Pruclo
712 4652 770 4700 et
820 4644 1155 4715 imperatore
1207 4635 1552 4693 discalceatis
1608 4631 2037 4704 supplicationes

463 4736 895 4801 instituentibus,
932 4733 1133 4790 accidit
1162 4740 1222 4786 ut
1254 4745 1390 4800 puer
1430 4727 1653 4798 quidam
1689 4724 2035 4793 abriperetur

460 4827 516 4882 in
563 4840 688 4882 aera
719 4836 774 4881 et
817 4828 1084 4880 rationem
1117 4819 1306 4895 hymni
1339 4817 1665 4874 sanctissimi
1708 4813 2034 4869 concinendi

2218 3541 2372 3595 Μετὰ
2403 3541 2458 3594 δὲ
2492 3540 2782 3611 Ἀρκάδων
2837 3540 3156 3594 ὲόασίλευσε
3197 3540 3522 3607 Θεοδόσιοςό
3570 3545 3647 3603 υἱὸς
3752 3550 3753 3593 ξ

2140 3633 2333 3700 αὑτοῦ,
2360 3635 2508 3687 ὁκαὶ
2541 3633 2949 3704 Καλλιγράφος,
2979 3633 3072 3704 ἔτη
3108 3633 3219 3704 pp.
3245 3629 3416 3699 Οὗτος
3469 3635 3646 3702 ἐξελθὼν
3742 3618 3751 3704 ι

2139 3723 2478 3792 ἱππασθῆναι
2508 3725 2602 3776 καὶ
2657 3722 2954 3793 συμπεσὼν
2986 3724 3063 3794 τῷ
3110 3725 3265 3795 ἵππῳ
3307 3729 3397 3781 τὸν
3434 3727 3534 3798 βίον
3584 3742 3645 3777 τε·

2137 3815 2323 3887 λευτᾷ.
2361 3811 2529 3881 Οὗτος
2564 3818 2654 3871 τὸν
2688 3820 2746 3871 ὲν
2772 3820 2885 3881 τοῖς
2913 3817 3390 3889 Χαλκοπρατεὶοις
3443 3824 3530 3891 τῆς
3553 3820 3644 3872 Θεο-

2136 3906 2297 3959 τόκου
2338 3906 2462 3960 ναὸν
2495 3908 2703 3972 ἔκτισε,
2735 3910 3001 3978 πρότερον
3042 3909 3171 3963 ὅντα
3205 3912 3519 3982 συναγωγὴν
3551 3912 3645 3964 Ἰουο

2137 3997 2321 4051 δαίων.
2364 3997 2527 4051 Ἀλλὰ
2572 4002 2666 4052 καὶ
2699 3999 2760 4052 τὸ
2789 4001 2967 4069 τεῖχος
2997 4001 3098 4069 τῆς
3148 4002 3359 4067 πόλεως
3390 4001 3642 4072 παρεξὲὁα-

2136 4088 2244 4143 λεν.
2289 4089 2407 4155 Ἐφ’
2445 4106 2505 4141 0o
2545 4090 2763 4159 σεισμὸς
2794 4091 2967 4157 μέγας
2995 4093 3229 4161 ἐγένετο,
3259 4093 3401 4147 ὥστε
3424 4095 3580 4146 πεσεῖν
3600 4094 3646 4141 :i

2137 4181 2291 4249 τείχη
2313 4181 2405 4249 τῆς
2429 4179 2636 4242 πόλεως
2663 4183 2755 4233 καὶ
2788 4180 2919 4233 πολὺ
2954 4181 3119 4251 μέρος
3144 4183 3212 4235 αὖ
3228 4183 3342 4252 τῆς.
3377 4181 3643 4251 Ἐπεκρὰτει

2136 4271 2193 4323 δὲ
2235 4274 2263 4324 ὀ
2309 4271 2532 4340 σεισμὸς
2574 4274 2669 4324 καὶ
2709 4273 2850 4326 κατὰ
2883 4274 3063 4329 πᾶσαν
3098 4273 3281 4343 χώραν
3326 4278 3495 4345 μῆνας
3519 4274 3640 4343 τρεῖς.

2138 4361 2271 4416 Τότε
2307 4363 2374 4434 δὴ
2414 4363 2534 4416 τότε
2580 4361 2675 4416 τοῦ
2708 4364 3049 4437 πατριάρχου
3101 4366 3349 4437 Πρόκλου
3388 4370 3478 4420 καὶ
3523 4362 3639 4417 αὐτοῦ

2136 4455 2229 4507 τοῦ
2256 4454 2520 4524 βασιλέως
2548 4456 2892 4510 ἀνυποδὲτων
2915 4456 3330 4524 λιτανευόντων,
3359 4457 3540 4525 συνέϐη
3560 4470 3641 4506 7m-

2134 4546 2247 4600 δίον
2282 4547 2600 4631 ἁρπαχῆναι
2629 4550 2719 4602 καὶ
2762 4549 2855 4602 τὸν
2884 4550 3165 4620 τρισάγιον
3201 4547 3371 4620 ὕμνον
3408 4549 3638 4622 μυηθῆναι.

2140 4636 2238 4688 καὶ
2266 4634 2412 4688 οὕτω
2447 4635 2545 4706 τὴν
2599 4636 2750 4690 θείαν
2783 4639 2977 4707 στῆναι
3006 4637 3195 4709 ὀργήν.
3243 4639 3380 4693 Τότε
3428 4639 3513 4691 καὶ
3549 4634 3639 4688 Ἰου-

2135 4723 2285 4786 δαῑος
2311 4723 2622 4794 παράλυτος
2654 4725 2978 4795 βαπτισθεὶς
3000 4727 3159 4797 ὑγιὴς
3181 4727 3403 4798 εὑρέθη.
3435 4725 3487 4778 '0
3508 4724 3639 4794 μέντοι

2139 4813 2463 4883 διαληφθεὶς
2499 4819 2846 4888 πατριάρχης
2888 4817 3131 4887 Πρόκλος
3162 4820 3220 4870 ὲν
3264 4816 3484 4887 Κυζίκῳ
3510 4827 3639 4885 χειρφ

457 4918 821 4981 edoceretur;
861 4931 970 4989 quo
1012 4915 1156 4970 Iacto
1198 4914 1280 4968 ira
1328 4910 1514 4976 divina
1549 4906 1735 4964 sedata
1772 4905 1895 4960 luit.
1932 4904 2033 4960 Eo-

2142 4908 2382 4961 τονεῐται
2418 4908 2685 4978 πρότερον
2718 4908 2812 4961 καὶ
2856 4908 2931 4980 μὴ
2959 4910 3169 4979 δεχθεὶς
3204 4910 3358 4981 παρὰ
3386 4907 3484 4964 τῶν
3507 4904 3637 4958 ἐκεῖσε

459 5019 584 5067 dem
644 5016 891 5078 tempore
944 5006 1083 5063 Juda
1102 5021 1167 5061 us
1220 5004 1443 5076 quidam
1505 5001 1860 5074 paralyticus,
1906 5011 2031 5052 cum

461 5105 769 5170 baptizatus
817 5109 984 5164 esset,
1034 5098 1319 5161 sanitatem
1371 5096 1620 5167 corporis
1666 5089 2032 5161 recuperavit.

459 5192 686 5248 Proclus
738 5190 827 5246 ille
881 5190 1233 5260 p..triareha,
1271 5188 1427 5258 cuius
1477 5183 1641 5241 modo
1694 5181 2033 5237 mentionem

424 5285 824 5349 "Iaciebamus,
849 5283 1031 5353 Cyziei
1059 5284 1293 5351 primum
1320 5280 1612 5351 cpiscopus
1638 5282 1758 5332 erat
1785 5273 2034 5343 designa-

464 5390 585 5444 tus;
628 5378 788 5449 cujus
833 5378 902 5430 ab
939 5371 1092 5429 urbis
1142 5372 1356 5428 civibus
1400 5387 1511 5427 non
1544 5358 1817 5426 admissus
1848 5364 2033 5435 Cpolis

460 5471 633 5527 laetus
650 5476 735 5523 est
760 5471 1011 5522 antistes.
1032 5464 1251 5520 Exstitit
1273 5465 1359 5519 bis
1377 5458 1511 5535 ipsis
1536 5460 1920 5529 annisjmpius
1942 5456 2035 5512 ille

463 5561 767 5626 Nestorius,
796 5558 941 5629 quod
967 5572 1093 5613 cum
1119 5558 1243 5613 aliis
1262 5573 1357 5615 sex
1383 5555 1658 5628 opinionis
1690 5550 2038 5609 consortibus

463 5654 641 5709 aiebat
668 5667 728 5710 se
775 5650 944 5707 duum
978 5650 1213 5707 triumve
1262 5650 1537 5706 mensium
1584 5647 1757 5701 Deum
1804 5643 2040 5714 probare

2141 5000 2533 5070 χειροτονεῖται
2590 4997 2846 5053 ἐνταῦθα.
2888 4999 2946 5052 '0
2994 4999 3051 5051 δὲ
3102 4999 3370 5070 δυσσεὸὴς
3409 4997 3637 5062 Νεστὸριῡς

2143 5091 2238 5143 σὺν
2262 5089 2330 5156 ’ἐξ
2382 5090 2682 5160 ὀμόφροσιν
2711 5088 2877 5143 αὐτοῦ
2924 5089 3110 5157 ἔλεγεν
3166 5091 3249 5143 ὅτι
3285 5088 3553 5159 Διμηναῑον
3574 5079 3635 5133 καὶ

2140 5183 2467 5252 τριμηναϊον
2496 5181 2558 5233 οὐ
2608 5179 2842 5250 δύναμαι
2900 5181 3081 5249 λέγειν
3120 5183 3275 5245 Θεόν,
3313 5168 3633 5247 Ἰωάννηςδὲδ

2153 5271 2485 5341 Ἀντιοχείας
2519 5270 2657 5341 μετὰ
2678 5271 2776 5342 τὴν
2800 5272 2895 5325 τοῦ
2928 5272 3228 5343 Neo-copiae
3262 5271 3552 5341 καθαίρεσιν
3568 5279 3630 5314 κν

2140 5360 2412 5426 ταλασὼν,
2456 5363 2551 5416 καὶ
2584 5362 2846 5432 λυπηθεὶς
2883 5363 2966 5416 ὅτι
3011 5363 3183 5435 χωρὶς
3197 5362 3375 5418 ἀὑτοῦ
3416 5349 3629 5428 καθῃρέθη

2142 5454 2459 5525 Νεστόριος,
2494 5454 2827 5526 παραλαϐὼν
2856 5458 2980 5519 τοὺς
3034 5456 3132 5510 σὺν
3168 5454 3314 5525 αὐτῷ
3345 5451 3628 5507 ἐπισκόπους,

2143 5550 2200 5601 ὲν
2228 5542 2308 5611 οἷς
2339 5547 2437 5601 καὶ
2459 5546 2805 5617 Θεοδώρητος
2836 5547 3021 5619 Κύρου
3061 5548 3153 5600 καὶ
3189 5547 3335 5608 Ἵὸας
3359 5543 3387 5594 ὁ
3419 5539 3626 5600 Ἐδέσσηςι

2149 5639 2470 5710 καθαίρεσιν
2493 5638 2825 5708 ὑπαγορεύει
2850 5640 2949 5694 τοῦ
2984 5639 3221 5709 μεγάλου
3245 5632 3515 5706 Κυρῐλλον.

463 5760 571 5823 non
599 5708 780 5813 posse.
834 5742 932 5797 llic
998 5742 1281 5803 Nestorius
1331 5756 1455 5796 cum
1497 5739 1607 5809 jam
1662 5708 1858 5792 ordine
1909 5747 2067 5788 sacro
2105 5708 2551 5795 fuissetirnotus,
2604 5728 2842 5786 Joannes
2887 5708 3264 5786 Antiochenus
3304 5708 3622 5822 episcopusad

466 5809 754 5892 concilium
813 5835 985 5901 venit,
1038 5835 1393 5907 graviterque
1424 5829 1666 5885 offensus
1698 5827 1843 5896 quod
1877 5826 2081 5895 absque
2122 5823 2446 5879 auctoritate
2492 5837 2589 5877 sua
2645 5823 2929 5878 Nestorius
2958 5821 3153 5876 ordine
3200 5821 3434 5890 dejectus
3467 5809 3606 5867 fuisse!
