  <div class='ocr_page' id='page_1' title='image "/cluster/home/n/w/nwhite01/storage/ocr_20150623/158/mdp.39015078384701/282.png"; bbox 0 0 3794 6226; ppageno 0'>
   <div class='ocr_carea' id='block_1_1' title="bbox 158 298 243 356">
    <p class='ocr_par' dir='ltr' id='par_1_1' title="bbox 158 298 243 356">
     <span class='ocr_line' id='line_1_1' title="bbox 158 298 243 356; baseline -0.012 0"><span class='ocrx_word' id='word_1_1' title='bbox 158 298 243 356; x_wconf 56' lang='grc'><strong>469</strong></span> 
     </span>
    </p>
   </div>
   <div class='ocr_carea' id='block_1_2' title="bbox 1322 300 2119 362">
    <p class='ocr_par' dir='ltr' id='par_1_2' title="bbox 1322 300 2119 362">
     <span class='ocr_line' id='line_1_2' title="bbox 1322 300 2119 362; baseline 0.008 -6"><span class='ocrx_word' id='word_1_2' title='bbox 1322 300 1720 361; x_wconf 69' lang='lat' dir='ltr'><strong>ANNALIUM</strong></span> <span class='ocrx_word' id='word_1_3' title='bbox 1772 303 1960 362; x_wconf 71' lang='lat' dir='ltr'><strong>PARS</strong></span> <span class='ocrx_word' id='word_1_4' title='bbox 2003 304 2119 362; x_wconf 78' lang='grc' dir='ltr'>ιν.</span> 
     </span>
    </p>
   </div>
   <div class='ocr_carea' id='block_1_3' title="bbox 3226 299 3340 364">
    <p class='ocr_par' dir='ltr' id='par_1_3' title="bbox 3226 299 3340 364">
     <span class='ocr_line' id='line_1_3' title="bbox 3226 299 3340 364; baseline 0.035 -4"><span class='ocrx_word' id='word_1_5' title='bbox 3226 299 3340 364; x_wconf 70' lang='lat'><strong>490</strong></span> 
     </span>
    </p>
   </div>
   <div class='ocr_carea' id='block_1_4' title="bbox 157 407 3336 484">
    <p class='ocr_par' dir='ltr' id='par_1_4' title="bbox 157 407 3336 484">
     <span class='ocr_line' id='line_1_4' title="bbox 157 407 3336 484; baseline 0.001 -19"><span class='ocrx_word' id='word_1_6' title='bbox 157 413 388 474; x_wconf 56' lang='grc' dir='ltr'>σηοω-τις</span> <span class='ocrx_word' id='word_1_7' title='bbox 431 407 524 461; x_wconf 90' lang='lat' dir='ltr'><strong>sibi</strong></span> <span class='ocrx_word' id='word_1_8' title='bbox 567 407 894 476; x_wconf 81' lang='lat' dir='ltr'><strong>quibusdam</strong></span> <span class='ocrx_word' id='word_1_9' title='bbox 955 409 1250 480; x_wconf 79' lang='lat' dir='ltr'><strong>episcopis,</strong></span> <span class='ocrx_word' id='word_1_10' title='bbox 1292 427 1430 481; x_wconf 90' lang='lat' dir='ltr'><strong>quos</strong></span> <span class='ocrx_word' id='word_1_11' title='bbox 1483 427 1670 468; x_wconf 85' lang='lat' dir='ltr'><strong>secum</strong></span> <span class='ocrx_word' id='word_1_12' title='bbox 1711 414 1948 468; x_wconf 89' lang='lat' dir='ltr'><strong>habebat</strong></span> <span class='ocrx_word' id='word_1_13' title='bbox 1983 414 2140 484; x_wconf 71' lang='lat'><strong>261</strong></span> <span class='ocrx_word' id='word_1_14' title='bbox 2169 422 2220 466; x_wconf 90' lang='lat' dir='ltr'><strong>et</strong></span> <span class='ocrx_word' id='word_1_15' title='bbox 2261 411 2312 465; x_wconf 87' lang='lat' dir='ltr'><strong>itt</strong></span> <span class='ocrx_word' id='word_1_16' title='bbox 2366 412 2433 466; x_wconf 90' lang='lat' dir='ltr'><strong>iis</strong></span> <span class='ocrx_word' id='word_1_17' title='bbox 2466 410 2816 468; x_wconf 84' lang='lat' dir='ltr'><strong>Theodoreto</strong></span> <span class='ocrx_word' id='word_1_18' title='bbox 2879 410 3131 480; x_wconf 80' lang='lat' dir='ltr'><strong>Cyrensi,</strong></span> <span class='ocrx_word' id='word_1_19' title='bbox 3162 411 3336 467; x_wconf 78' lang='lat' dir='ltr'><strong>Edes-</strong></span> 
     </span>
    </p>
   </div>
   <div class='ocr_carea' id='block_1_5' title="bbox 154 498 2039 573">
    <p class='ocr_par' dir='ltr' id='par_1_5' title="bbox 154 498 2039 573">
     <span class='ocr_line' id='line_1_5' title="bbox 154 498 2039 573; baseline 0.001 -19"><span class='ocrx_word' id='word_1_20' title='bbox 154 517 264 554; x_wconf 78' lang='lat' dir='ltr'><strong>Settu</strong></span> <span class='ocrx_word' id='word_1_21' title='bbox 290 499 386 561; x_wconf 58' lang='lat' dir='ltr'><strong>illa,</strong></span> <span class='ocrx_word' id='word_1_22' title='bbox 419 513 666 566; x_wconf 77' lang='lat' dir='ltr'><strong>magnum</strong></span> <span class='ocrx_word' id='word_1_23' title='bbox 700 498 849 554; x_wconf 90' lang='lat' dir='ltr'><strong>illum</strong></span> <span class='ocrx_word' id='word_1_24' title='bbox 879 498 1139 569; x_wconf 75' lang='lat' dir='ltr'><strong>Cyrillum</strong></span> <span class='ocrx_word' id='word_1_25' title='bbox 1172 503 1293 556; x_wconf 83' lang='lat' dir='ltr'><strong>loco</strong></span> <span class='ocrx_word' id='word_1_26' title='bbox 1333 503 1660 557; x_wconf 78' lang='lat' dir='ltr'><strong>movendum</strong></span> <span class='ocrx_word' id='word_1_27' title='bbox 1701 505 2039 573; x_wconf 88' lang='lat' dir='ltr'><strong>pronuntiat.</strong></span> 
     </span>
    </p>
   </div>
   <div class='ocr_carea' id='block_1_6' title="bbox 219 615 1742 693">
    <p class='ocr_par' dir='ltr' id='par_1_6' title="bbox 219 615 1742 693">
     <span class='ocr_line' id='line_1_6' title="bbox 219 615 1742 693; baseline 0.004 -24"><span class='ocrx_word' id='word_1_28' title='bbox 219 619 273 669; x_wconf 84' lang='grc' dir='ltr'><strong>⁸Ιί</strong></span> <span class='ocrx_word' id='word_1_29' title='bbox 300 615 381 669; x_wconf 75' lang='grc' dir='ltr'>τοῦ</span> <span class='ocrx_word' id='word_1_30' title='bbox 415 615 676 683; x_wconf 69' lang='grc' dir='ltr'>βασιλέως</span> <span class='ocrx_word' id='word_1_31' title='bbox 711 618 916 688; x_wconf 77' lang='grc' dir='ltr'>ἀδελφὴ</span> <span class='ocrx_word' id='word_1_32' title='bbox 949 621 1256 691; x_wconf 79' lang='grc' dir='ltr'>ῐῐουλχερία</span> <span class='ocrx_word' id='word_1_33' title='bbox 1281 621 1466 676; x_wconf 76' lang='grc' dir='ltr'>λαϐεῖν</span> <span class='ocrx_word' id='word_1_34' title='bbox 1499 625 1664 693; x_wconf 75' lang='grc' dir='ltr'>ἄνδρα</span> <span class='ocrx_word' id='word_1_35' title='bbox 1698 629 1742 686; x_wconf 82' lang='grc' dir='ltr'><strong>Α</strong></span> 
     </span>
    </p>
   </div>
   <div class='ocr_carea' id='block_1_7' title="bbox 150 710 1665 787">
    <p class='ocr_par' dir='ltr' id='par_1_7' title="bbox 150 710 1665 787">
     <span class='ocr_line' id='line_1_7' title="bbox 150 710 1665 787; baseline 0.004 -23"><span class='ocrx_word' id='word_1_36' title='bbox 150 715 230 764; x_wconf 66' lang='grc' dir='ltr'>οὐκ</span> <span class='ocrx_word' id='word_1_37' title='bbox 266 711 526 780; x_wconf 76' lang='grc' dir='ltr'>ἠθέλησεν,</span> <span class='ocrx_word' id='word_1_38' title='bbox 565 710 701 763; x_wconf 81' lang='grc' dir='ltr'>ἀλλὰ</span> <span class='ocrx_word' id='word_1_39' title='bbox 736 711 832 783; x_wconf 81' lang='grc' dir='ltr'>τὴν</span> <span class='ocrx_word' id='word_1_40' title='bbox 864 713 1062 783; x_wconf 79' lang='grc' dir='ltr'>ἑαυτῆς</span> <span class='ocrx_word' id='word_1_41' title='bbox 1103 717 1400 784; x_wconf 78' lang='grc' dir='ltr'><strong>παρθενίαν</strong></span> <span class='ocrx_word' id='word_1_42' title='bbox 1432 720 1497 787; x_wconf 87' lang='grc' dir='ltr'><strong>τῇ</strong></span> <span class='ocrx_word' id='word_1_43' title='bbox 1535 719 1665 770; x_wconf 85' lang='grc' dir='ltr'>Θεο-</span> 
     </span>
    </p>
   </div>
   <div class='ocr_carea' id='block_1_8' title="bbox 152 802 1668 877">
    <p class='ocr_par' dir='ltr' id='par_1_8' title="bbox 152 802 1668 877">
     <span class='ocr_line' id='line_1_8' title="bbox 152 802 1668 877; baseline 0.003 -21"><span class='ocrx_word' id='word_1_44' title='bbox 152 804 270 871; x_wconf 61' lang='lat' dir='ltr'><strong>reiqu</strong></span> <span class='ocrx_word' id='word_1_45' title='bbox 298 802 523 856; x_wconf 74' lang='grc' dir='ltr'>ἀνέθετο.</span> <span class='ocrx_word' id='word_1_46' title='bbox 572 802 720 873; x_wconf 77' lang='grc' dir='ltr'>Αὕτη</span> <span class='ocrx_word' id='word_1_47' title='bbox 789 805 881 856; x_wconf 77' lang='grc' dir='ltr'>καὶ</span> <span class='ocrx_word' id='word_1_48' title='bbox 923 805 1012 858; x_wconf 82' lang='grc' dir='ltr'>τὸν</span> <span class='ocrx_word' id='word_1_49' title='bbox 1058 808 1114 858; x_wconf 85' lang='grc' dir='ltr'><strong>ἐν</strong></span> <span class='ocrx_word' id='word_1_50' title='bbox 1163 808 1493 877; x_wconf 81' lang='grc' dir='ltr'>Βλαχέρναις</span> <span class='ocrx_word' id='word_1_51' title='bbox 1544 809 1668 861; x_wconf 84' lang='grc' dir='ltr'>ναὸν</span> 
     </span>
    </p>
   </div>
   <div class='ocr_carea' id='block_1_9' title="bbox 151 892 1666 971">
    <p class='ocr_par' dir='ltr' id='par_1_9' title="bbox 151 892 1666 971">
     <span class='ocr_line' id='line_1_9' title="bbox 151 892 1666 971; baseline 0.006 -27"><span class='ocrx_word' id='word_1_52' title='bbox 151 895 232 961; x_wconf 79' lang='grc' dir='ltr'><strong>τῆς</strong></span> <span class='ocrx_word' id='word_1_53' title='bbox 256 892 501 944; x_wconf 77' lang='grc' dir='ltr'>Θεοτὸκου</span> <span class='ocrx_word' id='word_1_54' title='bbox 535 893 806 964; x_wconf 88' lang='grc' dir='ltr'>ἐδείματο.</span> <span class='ocrx_word' id='word_1_55' title='bbox 832 897 868 947; x_wconf 87' lang='grc' dir='ltr'><strong><em>Γ</em></strong></span> <span class='ocrx_word' id='word_1_56' title='bbox 876 896 1072 951; x_wconf 86' lang='grc' dir='ltr'>ίνωσκε</span> <span class='ocrx_word' id='word_1_57' title='bbox 1103 898 1180 961; x_wconf 85' lang='grc' dir='ltr'>δὲ,</span> <span class='ocrx_word' id='word_1_58' title='bbox 1213 900 1487 968; x_wconf 80' lang='grc' dir='ltr'>ἅγαπητὲ,</span> <span class='ocrx_word' id='word_1_59' title='bbox 1518 901 1598 953; x_wconf 80' lang='grc' dir='ltr'><strong>ὅτι</strong></span> <span class='ocrx_word' id='word_1_60' title='bbox 1633 902 1666 971; x_wconf 78' lang='grc' dir='ltr'>ἡ</span> 
     </span>
    </p>
   </div>
   <div class='ocr_carea' id='block_1_10' title="bbox 149 983 1672 1061">
    <p class='ocr_par' dir='ltr' id='par_1_10' title="bbox 149 983 1672 1061">
     <span class='ocr_line' id='line_1_10' title="bbox 149 983 1672 1061; baseline 0.007 -28"><span class='ocrx_word' id='word_1_61' title='bbox 149 985 225 1035; x_wconf 79' lang='grc' dir='ltr'>τοῦ</span> <span class='ocrx_word' id='word_1_62' title='bbox 253 983 500 1052; x_wconf 68' lang='grc' dir='ltr'>βασιλέως</span> <span class='ocrx_word' id='word_1_63' title='bbox 541 985 686 1054; x_wconf 76' lang='grc' dir='ltr'>κυρὰ</span> <span class='ocrx_word' id='word_1_64' title='bbox 726 987 955 1040; x_wconf 81' lang='grc' dir='ltr'>Εύδοκία</span> <span class='ocrx_word' id='word_1_65' title='bbox 987 989 1234 1059; x_wconf 81' lang='grc' dir='ltr'><strong>Θυγάτηρ</strong></span> <span class='ocrx_word' id='word_1_66' title='bbox 1272 993 1484 1057; x_wconf 81' lang='grc' dir='ltr'>ἐγένετο</span> <span class='ocrx_word' id='word_1_67' title='bbox 1523 993 1672 1061; x_wconf 88' lang='grc' dir='ltr'>φιλο-</span> 
     </span>
    </p>
   </div>
   <div class='ocr_carea' id='block_1_11' title="bbox 149 1073 1671 1142">
    <p class='ocr_par' dir='ltr' id='par_1_11' title="bbox 149 1073 1671 1142">
     <span class='ocr_line' id='line_1_11' title="bbox 149 1073 1671 1142; baseline 0.007 -18"><span class='ocrx_word' id='word_1_68' title='bbox 149 1074 288 1138; x_wconf 66' lang='grc' dir='ltr'>σόφου</span> <span class='ocrx_word' id='word_1_69' title='bbox 316 1074 452 1133; x_wconf 79' lang='grc' dir='ltr'>τινὸς</span> <span class='ocrx_word' id='word_1_70' title='bbox 491 1073 548 1136; x_wconf 79' lang='grc' dir='ltr'>ἐξ</span> <span class='ocrx_word' id='word_1_71' title='bbox 590 1073 832 1138; x_wconf 65' lang='grc' dir='ltr'>Ἑλλάδος</span> <span class='ocrx_word' id='word_1_72' title='bbox 865 1077 1038 1140; x_wconf 75' lang='grc' dir='ltr'>ὄντος.</span> <span class='ocrx_word' id='word_1_73' title='bbox 1099 1074 1264 1142; x_wconf 77' lang='grc' dir='ltr'>Οὗτος</span> <span class='ocrx_word' id='word_1_74' title='bbox 1318 1081 1373 1132; x_wconf 79' lang='grc' dir='ltr'>δὲ</span> <span class='ocrx_word' id='word_1_75' title='bbox 1405 1081 1671 1136; x_wconf 80' lang='grc' dir='ltr'><strong>τελευτῶν</strong></span> 
     </span>
    </p>
   </div>
   <div class='ocr_carea' id='block_1_12' title="bbox 151 1147 1671 1242">
    <p class='ocr_par' dir='ltr' id='par_1_12' title="bbox 151 1147 1671 1242">
     <span class='ocr_line' id='line_1_12' title="bbox 151 1147 1671 1242; baseline 0.009 -30"><span class='ocrx_word' id='word_1_76' title='bbox 151 1165 241 1224; x_wconf 85' lang='grc' dir='ltr'>τοῖς</span> <span class='ocrx_word' id='word_1_77' title='bbox 265 1163 353 1229; x_wconf 72' lang='grc' dir='ltr'>μὲν</span> <span class='ocrx_word' id='word_1_78' title='bbox 390 1163 567 1230; x_wconf 72' lang='grc' dir='ltr'>τρισὶν</span> <span class='ocrx_word' id='word_1_79' title='bbox 618 1167 754 1226; x_wconf 81' lang='grc' dir='ltr'><strong>υἱοῖς</strong></span> <span class='ocrx_word' id='word_1_80' title='bbox 797 1168 976 1234; x_wconf 80' lang='grc' dir='ltr'>ἀφῆκε</span> <span class='ocrx_word' id='word_1_81' title='bbox 1021 1171 1201 1222; x_wconf 80' lang='grc' dir='ltr'>πᾶσαν</span> <span class='ocrx_word' id='word_1_82' title='bbox 1226 1171 1326 1238; x_wconf 81' lang='grc' dir='ltr'><strong>τὴν</strong></span> <span class='ocrx_word' id='word_1_83' title='bbox 1353 1147 1671 1242; x_wconf 61' lang='grc' dir='ltr'>περιουσίαν</span> 
     </span>
    </p>
   </div>
   <div class='ocr_carea' id='block_1_13' title="bbox 150 1253 1673 1333">
    <p class='ocr_par' dir='ltr' id='par_1_13' title="bbox 150 1253 1673 1333">
     <span class='ocr_line' id='line_1_13' title="bbox 150 1253 1673 1333; baseline 0.009 -29"><span class='ocrx_word' id='word_1_84' title='bbox 150 1254 310 1312; x_wconf 68' lang='grc' dir='ltr'>αὐτοῦ,</span> <span class='ocrx_word' id='word_1_85' title='bbox 345 1255 464 1322; x_wconf 76' lang='grc' dir='ltr'>περὶ</span> <span class='ocrx_word' id='word_1_86' title='bbox 493 1255 547 1306; x_wconf 83' lang='grc' dir='ltr'>δὲ</span> <span class='ocrx_word' id='word_1_87' title='bbox 583 1257 784 1325; x_wconf 79' lang='grc' dir='ltr'><strong>ταύτης</strong></span> <span class='ocrx_word' id='word_1_88' title='bbox 839 1253 997 1310; x_wconf 77' lang='grc' dir='ltr'>εἶπεν</span> <span class='ocrx_word' id='word_1_89' title='bbox 1023 1275 1038 1290; x_wconf 81' lang='grc' dir='ltr'><strong><em>ο</em></strong></span> <span class='ocrx_word' id='word_1_90' title='bbox 1081 1279 1100 1311; x_wconf 81' lang='lat' dir='ltr'><strong>t</strong></span> <span class='ocrx_word' id='word_1_91' title='bbox 1162 1261 1436 1332; x_wconf 76' lang='grc' dir='ltr'>Ἀθηνατδι</span> <span class='ocrx_word' id='word_1_92' title='bbox 1467 1268 1528 1333; x_wconf 81' lang='grc' dir='ltr'>τῇ</span> <span class='ocrx_word' id='word_1_93' title='bbox 1579 1283 1673 1319; x_wconf 82' lang='grc' dir='ltr'>πο-</span> 
     </span>
    </p>
   </div>
   <div class='ocr_carea' id='block_1_14' title="bbox 151 1346 1680 1424">
    <p class='ocr_par' dir='ltr' id='par_1_14' title="bbox 151 1346 1680 1424">
     <span class='ocr_line' id='line_1_14' title="bbox 151 1346 1680 1424; baseline 0.007 -27"><span class='ocrx_word' id='word_1_94' title='bbox 151 1346 402 1415; x_wconf 58' lang='lat' dir='ltr'><strong>oman</strong></span> <span class='ocrx_word' id='word_1_95' title='bbox 433 1362 535 1412; x_wconf 86' lang='grc' dir='ltr'><strong>μου</strong></span> <span class='ocrx_word' id='word_1_96' title='bbox 565 1346 798 1415; x_wconf 73' lang='grc' dir='ltr'>θυγατρὶ</span> <span class='ocrx_word' id='word_1_97' title='bbox 829 1349 1030 1419; x_wconf 84' lang='grc' dir='ltr'>ἀφίημι</span> <span class='ocrx_word' id='word_1_98' title='bbox 1061 1352 1369 1421; x_wconf 81' lang='grc' dir='ltr'>νομίσματα</span> <span class='ocrx_word' id='word_1_99' title='bbox 1401 1353 1445 1422; x_wconf 84' lang='grc' dir='ltr'>ρ’</span> <span class='ocrx_word' id='word_1_100' title='bbox 1466 1370 1479 1384; x_wconf 88' lang='grc'><strong>·</strong></span> <span class='ocrx_word' id='word_1_101' title='bbox 1513 1355 1680 1424; x_wconf 81' lang='grc' dir='ltr'>ἀρκεῖ</span> 
     </span>
    </p>
   </div>
   <div class='ocr_carea' id='block_1_15' title="bbox 152 1439 1673 1514">
    <p class='ocr_par' dir='ltr' id='par_1_15' title="bbox 152 1439 1673 1514">
     <span class='ocr_line' id='line_1_15' title="bbox 152 1439 1673 1514; baseline 0.006 -25"><span class='ocrx_word' id='word_1_102' title='bbox 152 1441 238 1506; x_wconf 77' lang='grc' dir='ltr'>γὰρ</span> <span class='ocrx_word' id='word_1_103' title='bbox 263 1439 386 1508; x_wconf 82' lang='grc' dir='ltr'>αὐτῇ</span> <span class='ocrx_word' id='word_1_104' title='bbox 415 1441 443 1506; x_wconf 76' lang='grc' dir='ltr'>ἡ</span> <span class='ocrx_word' id='word_1_105' title='bbox 477 1439 616 1508; x_wconf 84' lang='grc' dir='ltr'><strong>τύχη</strong></span> <span class='ocrx_word' id='word_1_106' title='bbox 643 1441 831 1508; x_wconf 79' lang='grc' dir='ltr'><strong>αὐτῆς.</strong></span> <span class='ocrx_word' id='word_1_107' title='bbox 872 1461 888 1491; x_wconf 76' lang='grc' dir='ltr'><strong>ι</strong></span> <span class='ocrx_word' id='word_1_108' title='bbox 935 1444 998 1494; x_wconf 84' lang='grc' dir='ltr'>ῚΙ</span> <span class='ocrx_word' id='word_1_109' title='bbox 1041 1444 1218 1511; x_wconf 82' lang='grc' dir='ltr'>μέντοι</span> <span class='ocrx_word' id='word_1_110' title='bbox 1265 1445 1520 1514; x_wconf 79' lang='grc' dir='ltr'>Ἀθηναῖς</span> <span class='ocrx_word' id='word_1_111' title='bbox 1541 1447 1673 1514; x_wconf 85' lang='grc' dir='ltr'>μηδὲ</span> 
     </span>
    </p>
   </div>
   <div class='ocr_carea' id='block_1_16' title="bbox 149 1529 1674 1606">
    <p class='ocr_par' dir='ltr' id='par_1_16' title="bbox 149 1529 1674 1606">
     <span class='ocr_line' id='line_1_16' title="bbox 149 1529 1674 1606; baseline 0.007 -24"><span class='ocrx_word' id='word_1_112' title='bbox 149 1529 295 1582; x_wconf 74' lang='grc' dir='ltr'>ταῦτα</span> <span class='ocrx_word' id='word_1_113' title='bbox 320 1531 381 1581; x_wconf 75' lang='grc' dir='ltr'><strong>τά</strong></span> <span class='ocrx_word' id='word_1_114' title='bbox 409 1537 449 1598; x_wconf 86' lang='grc' dir='ltr'>ρ’</span> <span class='ocrx_word' id='word_1_115' title='bbox 479 1530 832 1599; x_wconf 75' lang='grc' dir='ltr'>λαμϐάνουσα</span> <span class='ocrx_word' id='word_1_116' title='bbox 867 1535 1274 1604; x_wconf 76' lang='grc' dir='ltr'>καταλαμϐάνει</span> <span class='ocrx_word' id='word_1_117' title='bbox 1318 1539 1414 1606; x_wconf 80' lang='grc' dir='ltr'>τὴν</span> <span class='ocrx_word' id='word_1_118' title='bbox 1442 1537 1674 1604; x_wconf 72' lang='grc' dir='ltr'>μεγαλό-</span> 
     </span>
    </p>
   </div>
   <div class='ocr_carea' id='block_1_17' title="bbox 148 1620 1676 1700">
    <p class='ocr_par' dir='ltr' id='par_1_17' title="bbox 148 1620 1676 1700">
     <span class='ocr_line' id='line_1_17' title="bbox 148 1620 1676 1700; baseline 0.006 -29"><span class='ocrx_word' id='word_1_119' title='bbox 148 1620 296 1680; x_wconf 85' lang='grc' dir='ltr'>πολιν,</span> <span class='ocrx_word' id='word_1_120' title='bbox 328 1620 602 1688; x_wconf 72' lang='grc' dir='ltr'><strong>ἐκδίκησιν</strong></span> <span class='ocrx_word' id='word_1_121' title='bbox 664 1623 801 1675; x_wconf 76' lang='grc' dir='ltr'>ὥστε</span> <span class='ocrx_word' id='word_1_122' title='bbox 858 1623 1064 1679; x_wconf 76' lang='grc' dir='ltr'>λαϐεῖν.</span> <span class='ocrx_word' id='word_1_123' title='bbox 1109 1629 1218 1679; x_wconf 81' lang='lat' dir='ltr'><strong>Kal.</strong></span> <span class='ocrx_word' id='word_1_124' title='bbox 1273 1627 1414 1682; x_wconf 75' lang='grc' dir='ltr'>οὕτω</span> <span class='ocrx_word' id='word_1_125' title='bbox 1461 1629 1548 1681; x_wconf 71' lang='grc' dir='ltr'><strong>διὰ</strong></span> <span class='ocrx_word' id='word_1_126' title='bbox 1579 1630 1676 1700; x_wconf 82' lang='grc' dir='ltr'>τὴν</span> 
     </span>
    </p>
   </div>
   <div class='ocr_carea' id='block_1_18' title="bbox 145 1711 1678 1789">
    <p class='ocr_par' dir='ltr' id='par_1_18' title="bbox 145 1711 1678 1789">
     <span class='ocr_line' id='line_1_18' title="bbox 145 1711 1678 1789; baseline 0.006 -25"><span class='ocrx_word' id='word_1_127' title='bbox 145 1712 258 1782; x_wconf 64' lang='grc' dir='ltr'>αὐτῇ</span> <span class='ocrx_word' id='word_1_128' title='bbox 280 1711 558 1783; x_wconf 71' lang='grc' dir='ltr'>παροῦσαν</span> <span class='ocrx_word' id='word_1_129' title='bbox 586 1715 926 1784; x_wconf 62' lang='grc' dir='ltr'>εὐπρέπειαν</span> <span class='ocrx_word' id='word_1_130' title='bbox 950 1717 1042 1768; x_wconf 81' lang='grc' dir='ltr'>τοῦ</span> <span class='ocrx_word' id='word_1_131' title='bbox 1071 1717 1332 1786; x_wconf 78' lang='grc' dir='ltr'>βασιλέως</span> <span class='ocrx_word' id='word_1_132' title='bbox 1362 1720 1496 1789; x_wconf 75' lang='grc' dir='ltr'>γυνὴ</span> <span class='ocrx_word' id='word_1_133' title='bbox 1517 1721 1678 1789; x_wconf 76' lang='grc' dir='ltr'>ἐχρη-</span> 
     </span>
    </p>
   </div>
   <div class='ocr_carea' id='block_1_19' title="bbox 148 1804 1674 1878">
    <p class='ocr_par' dir='ltr' id='par_1_19' title="bbox 148 1804 1674 1878">
     <span class='ocr_line' id='line_1_19' title="bbox 148 1804 1674 1878; baseline 0.005 -24"><span class='ocrx_word' id='word_1_134' title='bbox 148 1804 362 1871; x_wconf 78' lang='grc' dir='ltr'>μάτισεν.</span> <span class='ocrx_word' id='word_1_135' title='bbox 391 1805 558 1858; x_wconf 85' lang='grc' dir='ltr'>Ὅθεν</span> <span class='ocrx_word' id='word_1_136' title='bbox 589 1807 864 1875; x_wconf 63' lang='grc' dir='ltr'>καὶπρὸς</span> <span class='ocrx_word' id='word_1_137' title='bbox 905 1809 1031 1870; x_wconf 77' lang='grc' dir='ltr'>τοὺς</span> <span class='ocrx_word' id='word_1_138' title='bbox 1067 1811 1325 1878; x_wconf 64' lang='grc' dir='ltr'>ἀδελφοὺς</span> <span class='ocrx_word' id='word_1_139' title='bbox 1364 1811 1554 1878; x_wconf 80' lang='grc' dir='ltr'>αὐτῆς,</span> <span class='ocrx_word' id='word_1_140' title='bbox 1589 1812 1674 1862; x_wconf 75' lang='grc' dir='ltr'><strong>ὲλο</strong></span> 
     </span>
    </p>
   </div>
   <div class='ocr_carea' id='block_1_20' title="bbox 146 1896 1677 1974">
    <p class='ocr_par' dir='ltr' id='par_1_20' title="bbox 146 1896 1677 1974">
     <span class='ocr_line' id='line_1_20' title="bbox 146 1896 1677 1974; baseline 0.007 -28"><span class='ocrx_word' id='word_1_141' title='bbox 146 1896 307 1958; x_wconf 74' lang='grc' dir='ltr'>θὸντας</span> <span class='ocrx_word' id='word_1_142' title='bbox 341 1896 570 1968; x_wconf 79' lang='grc' dir='ltr'>ὕστερον</span> <span class='ocrx_word' id='word_1_143' title='bbox 619 1901 752 1970; x_wconf 71' lang='grc' dir='ltr'>πρὸς</span> <span class='ocrx_word' id='word_1_144' title='bbox 799 1901 990 1972; x_wconf 81' lang='grc' dir='ltr'>αὐτὴν,</span> <span class='ocrx_word' id='word_1_145' title='bbox 1038 1899 1218 1956; x_wconf 69' lang='grc' dir='ltr'>εἶπεν·</span> <span class='ocrx_word' id='word_1_146' title='bbox 1257 1924 1273 1954; x_wconf 75' lang='grc' dir='ltr'><strong>ι</strong></span> <span class='ocrx_word' id='word_1_147' title='bbox 1314 1905 1371 1956; x_wconf 84' lang='lat' dir='ltr'><strong>Ei</strong></span> <span class='ocrx_word' id='word_1_148' title='bbox 1421 1906 1496 1974; x_wconf 82' lang='grc' dir='ltr'>μὴ</span> <span class='ocrx_word' id='word_1_149' title='bbox 1521 1907 1677 1974; x_wconf 80' lang='grc' dir='ltr'>ὑμεῖς</span> 
     </span>
    </p>
   </div>
   <div class='ocr_carea' id='block_1_21' title="bbox 1843 620 3337 690">
    <p class='ocr_par' dir='ltr' id='par_1_21' title="bbox 1843 620 3337 690">
     <span class='ocr_line' id='line_1_21' title="bbox 1843 620 3337 690; baseline 0.001 -13"><span class='ocrx_word' id='word_1_150' title='bbox 1843 623 2042 677; x_wconf 84' lang='lat' dir='ltr'><strong>Habuit</strong></span> <span class='ocrx_word' id='word_1_151' title='bbox 2083 620 2426 676; x_wconf 87' lang='lat' dir='ltr'><strong>Theodosius</strong></span> <span class='ocrx_word' id='word_1_152' title='bbox 2473 621 2764 690; x_wconf 79' lang='lat' dir='ltr'><strong>imperatur</strong></span> <span class='ocrx_word' id='word_1_153' title='bbox 2808 636 3054 677; x_wconf 86' lang='lat' dir='ltr'><strong>sororem</strong></span> <span class='ocrx_word' id='word_1_154' title='bbox 3104 623 3337 678; x_wconf 80' lang='lat' dir='ltr'><strong>Pulche-</strong></span> 
     </span>
    </p>
   </div>
   <div class='ocr_carea' id='block_1_22' title="bbox 1772 713 3334 783">
    <p class='ocr_par' dir='ltr' id='par_1_22' title="bbox 1772 713 3334 783">
     <span class='ocr_line' id='line_1_22' title="bbox 1772 713 3334 783; baseline -0.001 -15"><span class='ocrx_word' id='word_1_155' title='bbox 1772 715 1932 778; x_wconf 89' lang='lat' dir='ltr'><strong>riam,</strong></span> <span class='ocrx_word' id='word_1_156' title='bbox 1985 729 2105 782; x_wconf 68' lang='lat' dir='ltr'><strong>quae</strong></span> <span class='ocrx_word' id='word_1_157' title='bbox 2153 714 2361 768; x_wconf 89' lang='lat' dir='ltr'><strong>nubere</strong></span> <span class='ocrx_word' id='word_1_158' title='bbox 2403 713 2523 766; x_wconf 81' lang='lat' dir='ltr'><strong>viro</strong></span> <span class='ocrx_word' id='word_1_159' title='bbox 2571 713 2764 774; x_wconf 91' lang='lat' dir='ltr'><strong>noluit,</strong></span> <span class='ocrx_word' id='word_1_160' title='bbox 2813 714 2908 766; x_wconf 82' lang='lat' dir='ltr'><strong>sed</strong></span> <span class='ocrx_word' id='word_1_161' title='bbox 2968 713 3334 783; x_wconf 78' lang='lat' dir='ltr'><strong>virginitatem</strong></span> 
     </span>
    </p>
   </div>
   <div class='ocr_carea' id='block_1_23' title="bbox 1771 803 3323 872">
    <p class='ocr_par' dir='ltr' id='par_1_23' title="bbox 1771 803 3323 872">
     <span class='ocr_line' id='line_1_23' title="bbox 1771 803 3323 872; baseline 0 -11"><span class='ocrx_word' id='word_1_162' title='bbox 1771 821 1924 861; x_wconf 80' lang='lat' dir='ltr'><strong>suam</strong></span> <span class='ocrx_word' id='word_1_163' title='bbox 2008 806 2252 872; x_wconf 75' lang='lat' dir='ltr'><strong>Deiparte</strong></span> <span class='ocrx_word' id='word_1_164' title='bbox 2307 804 2665 858; x_wconf 79' lang='lat' dir='ltr'><strong>consecravit.</strong></span> <span class='ocrx_word' id='word_1_165' title='bbox 2749 803 2948 856; x_wconf 88' lang='lat' dir='ltr'><strong>Eadem</strong></span> <span class='ocrx_word' id='word_1_166' title='bbox 3037 805 3323 860; x_wconf 81' lang='lat' dir='ltr'><strong>Pulcheria</strong></span> 
     </span>
    </p>
   </div>
   <div class='ocr_carea' id='block_1_24' title="bbox 1773 894 3336 966">
    <p class='ocr_par' dir='ltr' id='par_1_24' title="bbox 1773 894 3336 966">
     <span class='ocr_line' id='line_1_24' title="bbox 1773 894 3336 966; baseline -0.003 -14"><span class='ocrx_word' id='word_1_167' title='bbox 1773 899 2012 966; x_wconf 63' lang='lat' dir='ltr'><strong>Dciparae</strong></span> <span class='ocrx_word' id='word_1_168' title='bbox 2065 897 2325 966; x_wconf 78' lang='lat' dir='ltr'><strong>templum</strong></span> <span class='ocrx_word' id='word_1_169' title='bbox 2378 896 2431 948; x_wconf 88' lang='lat' dir='ltr'><strong>itt</strong></span> <span class='ocrx_word' id='word_1_170' title='bbox 2485 894 2802 950; x_wconf 86' lang='lat' dir='ltr'><strong>Blachernis</strong></span> <span class='ocrx_word' id='word_1_171' title='bbox 2853 895 3116 949; x_wconf 82' lang='lat' dir='ltr'><strong>condidit.</strong></span> <span class='ocrx_word' id='word_1_172' title='bbox 3187 896 3336 950; x_wconf 88' lang='lat' dir='ltr'><strong>Scito</strong></span> 
     </span>
    </p>
   </div>
   <div class='ocr_carea' id='block_1_25' title="bbox 1773 985 3336 1057">
    <p class='ocr_par' dir='ltr' id='par_1_25' title="bbox 1773 985 3336 1057">
     <span class='ocr_line' id='line_1_25' title="bbox 1773 985 3336 1057; baseline -0.003 -12"><span class='ocrx_word' id='word_1_173' title='bbox 1773 1001 1979 1055; x_wconf 88' lang='lat' dir='ltr'><strong>autem,</strong></span> <span class='ocrx_word' id='word_1_174' title='bbox 2026 989 2220 1043; x_wconf 78' lang='lat' dir='ltr'><strong>dilecte</strong></span> <span class='ocrx_word' id='word_1_175' title='bbox 2247 987 2343 1053; x_wconf 83' lang='lat' dir='ltr'><strong>fili,</strong></span> <span class='ocrx_word' id='word_1_176' title='bbox 2391 987 2667 1040; x_wconf 87' lang='lat' dir='ltr'><strong>dominam</strong></span> <span class='ocrx_word' id='word_1_177' title='bbox 2705 985 3022 1048; x_wconf 87' lang='lat' dir='ltr'><strong>Eudociam,</strong></span> <span class='ocrx_word' id='word_1_178' title='bbox 3053 988 3336 1057; x_wconf 86' lang='lat' dir='ltr'><strong>conjugem</strong></span> 
     </span>
    </p>
   </div>
   <div class='ocr_carea' id='block_1_26' title="bbox 1774 1077 3338 1150">
    <p class='ocr_par' dir='ltr' id='par_1_26' title="bbox 1774 1077 3338 1150">
     <span class='ocr_line' id='line_1_26' title="bbox 1774 1077 3338 1150; baseline -0.003 -15"><span class='ocrx_word' id='word_1_179' title='bbox 1774 1082 1938 1150; x_wconf 85' lang='lat' dir='ltr'><strong>hujus</strong></span> <span class='ocrx_word' id='word_1_180' title='bbox 1984 1079 2349 1149; x_wconf 86' lang='lat' dir='ltr'><strong>imperatoris,</strong></span> <span class='ocrx_word' id='word_1_181' title='bbox 2397 1077 2679 1148; x_wconf 85' lang='lat' dir='ltr'><strong>cujusdam</strong></span> <span class='ocrx_word' id='word_1_182' title='bbox 2715 1090 2745 1131; x_wconf 89' lang='lat' dir='ltr'><strong>e</strong></span> <span class='ocrx_word' id='word_1_183' title='bbox 2784 1077 2988 1130; x_wconf 70' lang='lat' dir='ltr'><strong>Graecia</strong></span> <span class='ocrx_word' id='word_1_184' title='bbox 3033 1077 3338 1146; x_wconf 85' lang='lat' dir='ltr'><strong>philosophi</strong></span> 
     </span>
    </p>
   </div>
   <div class='ocr_carea' id='block_1_27' title="bbox 1773 1167 3342 1232">
    <p class='ocr_par' dir='ltr' id='par_1_27' title="bbox 1773 1167 3342 1232">
     <span class='ocr_line' id='line_1_27' title="bbox 1773 1167 3342 1232; baseline -0.004 -6"><span class='ocrx_word' id='word_1_185' title='bbox 1773 1174 1938 1228; x_wconf 83' lang='lat' dir='ltr'><strong>tiliam</strong></span> <span class='ocrx_word' id='word_1_186' title='bbox 1971 1172 2158 1226; x_wconf 87' lang='lat' dir='ltr'><strong>fuisse.</strong></span> <span class='ocrx_word' id='word_1_187' title='bbox 2189 1171 2324 1226; x_wconf 90' lang='lat' dir='ltr'><strong>Cum</strong></span> <span class='ocrx_word' id='word_1_188' title='bbox 2361 1171 2404 1224; x_wconf 91' lang='lat' dir='ltr'><strong>is</strong></span> <span class='ocrx_word' id='word_1_189' title='bbox 2443 1170 2550 1223; x_wconf 86' lang='lat' dir='ltr'><strong>vita</strong></span> <span class='ocrx_word' id='word_1_190' title='bbox 2592 1168 2922 1232; x_wconf 87' lang='lat' dir='ltr'><strong>decederet,</strong></span> <span class='ocrx_word' id='word_1_191' title='bbox 2952 1172 3236 1222; x_wconf 81' lang='lat' dir='ltr'><strong>universas</strong></span> <span class='ocrx_word' id='word_1_192' title='bbox 3267 1167 3342 1220; x_wconf 89' lang='lat' dir='ltr'><strong>fa—</strong></span> 
     </span>
    </p>
   </div>
   <div class='ocr_carea' id='block_1_28' title="bbox 1773 1259 3339 1330">
    <p class='ocr_par' dir='ltr' id='par_1_28' title="bbox 1773 1259 3339 1330">
     <span class='ocr_line' id='line_1_28' title="bbox 1773 1259 3339 1330; baseline -0.005 -12"><span class='ocrx_word' id='word_1_193' title='bbox 1773 1265 2003 1318; x_wconf 84' lang='lat' dir='ltr'><strong>cultates</strong></span> <span class='ocrx_word' id='word_1_194' title='bbox 2032 1263 2205 1317; x_wconf 91' lang='lat' dir='ltr'><strong>tribus</strong></span> <span class='ocrx_word' id='word_1_195' title='bbox 2231 1262 2357 1317; x_wconf 87' lang='lat' dir='ltr'><strong>filiis</strong></span> <span class='ocrx_word' id='word_1_196' title='bbox 2381 1261 2599 1330; x_wconf 81' lang='lat' dir='ltr'><strong>legavit,</strong></span> <span class='ocrx_word' id='word_1_197' title='bbox 2629 1260 2697 1314; x_wconf 90' lang='lat' dir='ltr'><strong>de</strong></span> <span class='ocrx_word' id='word_1_198' title='bbox 2729 1261 2830 1313; x_wconf 87' lang='lat' dir='ltr'><strong>hac</strong></span> <span class='ocrx_word' id='word_1_199' title='bbox 2857 1275 2985 1313; x_wconf 81' lang='lat' dir='ltr'><strong>vero</strong></span> <span class='ocrx_word' id='word_1_200' title='bbox 3018 1260 3124 1312; x_wconf 87' lang='lat' dir='ltr'><strong>tilia</strong></span> <span class='ocrx_word' id='word_1_201' title='bbox 3159 1259 3295 1313; x_wconf 80' lang='lat' dir='ltr'><strong>dixit</strong></span> <span class='ocrx_word' id='word_1_202' title='bbox 3329 1277 3339 1311; x_wconf 94' lang='lat'><strong>:</strong></span> 
     </span>
    </p>
   </div>
   <div class='ocr_carea' id='block_1_29' title="bbox 1781 1351 3344 1412">
    <p class='ocr_par' dir='ltr' id='par_1_29' title="bbox 1781 1351 3344 1412">
     <span class='ocr_line' id='line_1_29' title="bbox 1781 1351 3344 1412; baseline -0.004 -4"><span class='ocrx_word' id='word_1_203' title='bbox 1781 1378 1798 1408; x_wconf 76' lang='grc' dir='ltr'><strong>ι</strong></span> <span class='ocrx_word' id='word_1_204' title='bbox 1840 1355 2125 1412; x_wconf 84' lang='lat' dir='ltr'><strong>Atltenaidi</strong></span> <span class='ocrx_word' id='word_1_205' title='bbox 2155 1353 2276 1407; x_wconf 74' lang='lat' dir='ltr'><strong>filia:</strong></span> <span class='ocrx_word' id='word_1_206' title='bbox 2306 1368 2436 1406; x_wconf 66' lang='lat' dir='ltr'><strong>meae</strong></span> <span class='ocrx_word' id='word_1_207' title='bbox 2467 1351 2794 1406; x_wconf 60' lang='lat' dir='ltr'><strong>dulcissimae</strong></span> <span class='ocrx_word' id='word_1_208' title='bbox 2831 1351 2928 1405; x_wconf 82' lang='grc'><strong>100</strong></span> <span class='ocrx_word' id='word_1_209' title='bbox 2946 1367 3143 1406; x_wconf 79' lang='lat' dir='ltr'><strong>aureos</strong></span> <span class='ocrx_word' id='word_1_210' title='bbox 3180 1351 3344 1404; x_wconf 86' lang='lat' dir='ltr'><strong>relin-</strong></span> 
     </span>
    </p>
   </div>
   <div class='ocr_carea' id='block_1_30' title="bbox 1775 1443 3346 1518">
    <p class='ocr_par' dir='ltr' id='par_1_30' title="bbox 1775 1443 3346 1518">
     <span class='ocr_line' id='line_1_30' title="bbox 1775 1443 3346 1518; baseline -0.003 -20"><span class='ocrx_word' id='word_1_211' title='bbox 1775 1465 1886 1518; x_wconf 85' lang='lat' dir='ltr'><strong>quo</strong></span> <span class='ocrx_word' id='word_1_212' title='bbox 1921 1467 1934 1502; x_wconf 88' lang='lat'><strong>:</strong></span> <span class='ocrx_word' id='word_1_213' title='bbox 1965 1462 2090 1501; x_wconf 88' lang='lat' dir='ltr'><strong>nam</strong></span> <span class='ocrx_word' id='word_1_214' title='bbox 2124 1447 2172 1500; x_wconf 92' lang='lat' dir='ltr'><strong>ei</strong></span> <span class='ocrx_word' id='word_1_215' title='bbox 2208 1445 2421 1499; x_wconf 79' lang='lat' dir='ltr'><strong>fortuna</strong></span> <span class='ocrx_word' id='word_1_216' title='bbox 2455 1458 2551 1496; x_wconf 88' lang='lat' dir='ltr'><strong>sua</strong></span> <span class='ocrx_word' id='word_1_217' title='bbox 2588 1443 2838 1498; x_wconf 84' lang='lat' dir='ltr'><strong>sufﬁciet.</strong></span> <span class='ocrx_word' id='word_1_218' title='bbox 2882 1463 2898 1494; x_wconf 74' lang='grc' dir='ltr'><strong>ι</strong></span> <span class='ocrx_word' id='word_1_219' title='bbox 2940 1444 3137 1498; x_wconf 79' lang='lat' dir='ltr'><strong>Verum</strong></span> <span class='ocrx_word' id='word_1_220' title='bbox 3182 1443 3346 1495; x_wconf 84' lang='lat' dir='ltr'><strong>Athe-</strong></span> 
     </span>
    </p>
   </div>
   <div class='ocr_carea' id='block_1_31' title="bbox 1741 1531 3346 1607">
    <p class='ocr_par' dir='ltr' id='par_1_31' title="bbox 1741 1531 3346 1607">
     <span class='ocr_line' id='line_1_31' title="bbox 1741 1531 3346 1607; baseline -0.004 -17"><span class='ocrx_word' id='word_1_221' title='bbox 1741 1583 1748 1590; x_wconf 90' lang='lat'><strong>.</strong></span> <span class='ocrx_word' id='word_1_222' title='bbox 1776 1541 1915 1606; x_wconf 85' lang='lat' dir='ltr'><strong>nais,</strong></span> <span class='ocrx_word' id='word_1_223' title='bbox 1949 1556 2015 1593; x_wconf 90' lang='lat' dir='ltr'><strong>ne</strong></span> <span class='ocrx_word' id='word_1_224' title='bbox 2045 1537 2143 1592; x_wconf 74' lang='lat'><strong>100</strong></span> <span class='ocrx_word' id='word_1_225' title='bbox 2174 1538 2390 1607; x_wconf 86' lang='lat' dir='ltr'><strong>quidem</strong></span> <span class='ocrx_word' id='word_1_226' title='bbox 2421 1535 2525 1589; x_wconf 89' lang='lat' dir='ltr'><strong>illis</strong></span> <span class='ocrx_word' id='word_1_227' title='bbox 2557 1534 2737 1588; x_wconf 82' lang='lat' dir='ltr'><strong>aureis</strong></span> <span class='ocrx_word' id='word_1_228' title='bbox 2773 1533 3028 1601; x_wconf 82' lang='lat' dir='ltr'><strong>acceptis,</strong></span> <span class='ocrx_word' id='word_1_229' title='bbox 3050 1531 3259 1601; x_wconf 87' lang='lat' dir='ltr'><strong>Cpolim</strong></span> <span class='ocrx_word' id='word_1_230' title='bbox 3287 1548 3346 1586; x_wconf 88' lang='lat' dir='ltr'><strong>se</strong></span> 
     </span>
    </p>
   </div>
   <div class='ocr_carea' id='block_1_32' title="bbox 1777 1624 3352 1694">
    <p class='ocr_par' dir='ltr' id='par_1_32' title="bbox 1777 1624 3352 1694">
     <span class='ocr_line' id='line_1_32' title="bbox 1777 1624 3352 1694; baseline -0.007 -8"><span class='ocrx_word' id='word_1_231' title='bbox 1777 1630 2008 1694; x_wconf 88' lang='lat' dir='ltr'><strong>confert,</strong></span> <span class='ocrx_word' id='word_1_232' title='bbox 2047 1641 2108 1684; x_wconf 90' lang='lat' dir='ltr'><strong>ut</strong></span> <span class='ocrx_word' id='word_1_233' title='bbox 2145 1629 2406 1684; x_wconf 78' lang='lat' dir='ltr'><strong>adversus</strong></span> <span class='ocrx_word' id='word_1_234' title='bbox 2440 1628 2634 1681; x_wconf 78' lang='lat' dir='ltr'><strong>fratres</strong></span> <span class='ocrx_word' id='word_1_235' title='bbox 2687 1624 3020 1679; x_wconf 73' lang='lat' dir='ltr'><strong>haareditatis</strong></span> <span class='ocrx_word' id='word_1_236' title='bbox 3059 1639 3223 1678; x_wconf 83' lang='lat' dir='ltr'><strong>causa</strong></span> <span class='ocrx_word' id='word_1_237' title='bbox 3257 1625 3352 1691; x_wconf 85' lang='lat' dir='ltr'><strong>jus</strong></span> 
     </span>
    </p>
   </div>
   <div class='ocr_carea' id='block_1_33' title="bbox 1778 1715 3340 1791">
    <p class='ocr_par' dir='ltr' id='par_1_33' title="bbox 1778 1715 3340 1791">
     <span class='ocr_line' id='line_1_33' title="bbox 1778 1715 3340 1791; baseline -0.008 -13"><span class='ocrx_word' id='word_1_238' title='bbox 1778 1739 1936 1779; x_wconf 91' lang='lat' dir='ltr'><strong>suum</strong></span> <span class='ocrx_word' id='word_1_239' title='bbox 1985 1731 2419 1791; x_wconf 90' lang='lat' dir='ltr'><strong>persequeretur.</strong></span> <span class='ocrx_word' id='word_1_240' title='bbox 2453 1719 2628 1788; x_wconf 78' lang='lat' dir='ltr'><strong>Atque</strong></span> <span class='ocrx_word' id='word_1_241' title='bbox 2661 1719 2763 1772; x_wconf 87' lang='lat' dir='ltr'><strong>hac</strong></span> <span class='ocrx_word' id='word_1_242' title='bbox 2798 1718 3089 1772; x_wconf 81' lang='lat' dir='ltr'><strong>occasione</strong></span> <span class='ocrx_word' id='word_1_243' title='bbox 3125 1715 3340 1768; x_wconf 88' lang='lat' dir='ltr'><strong>tandem</strong></span> 
     </span>
    </p>
   </div>
   <div class='ocr_carea' id='block_1_34' title="bbox 1780 1806 3343 1884">
    <p class='ocr_par' dir='ltr' id='par_1_34' title="bbox 1780 1806 3343 1884">
     <span class='ocr_line' id='line_1_34' title="bbox 1780 1806 3343 1884; baseline -0.008 -16"><span class='ocrx_word' id='word_1_244' title='bbox 1780 1817 2096 1884; x_wconf 85' lang='lat' dir='ltr'><strong>imperatori</strong></span> <span class='ocrx_word' id='word_1_245' title='bbox 2133 1821 2356 1883; x_wconf 88' lang='lat' dir='ltr'><strong>propter</strong></span> <span class='ocrx_word' id='word_1_246' title='bbox 2386 1813 2572 1865; x_wconf 82' lang='lat' dir='ltr'><strong>formae</strong></span> <span class='ocrx_word' id='word_1_247' title='bbox 2609 1819 2969 1871; x_wconf 70' lang='lat' dir='ltr'><strong>vt-nustatem,</strong></span> <span class='ocrx_word' id='word_1_248' title='bbox 3008 1822 3112 1874; x_wconf 89' lang='lat' dir='ltr'><strong>qua</strong></span> <span class='ocrx_word' id='word_1_249' title='bbox 3147 1806 3343 1873; x_wconf 75' lang='lat' dir='ltr'><strong>insigni</strong></span> 
     </span>
    </p>
   </div>
   <div class='ocr_carea' id='block_1_35' title="bbox 1780 1898 3344 1978">
    <p class='ocr_par' dir='ltr' id='par_1_35' title="bbox 1780 1898 3344 1978">
     <span class='ocr_line' id='line_1_35' title="bbox 1780 1898 3344 1978; baseline -0.006 -18"><span class='ocrx_word' id='word_1_250' title='bbox 1780 1907 2090 1978; x_wconf 68' lang='lat' dir='ltr'><strong>praestabat,</strong></span> <span class='ocrx_word' id='word_1_251' title='bbox 2125 1906 2329 1974; x_wconf 87' lang='lat' dir='ltr'><strong>nupsit.</strong></span> <span class='ocrx_word' id='word_1_252' title='bbox 2355 1903 2601 1972; x_wconf 86' lang='lat' dir='ltr'><strong>Cumque</strong></span> <span class='ocrx_word' id='word_1_253' title='bbox 2619 1902 2880 1969; x_wconf 85' lang='lat' dir='ltr'><strong>deinceps</strong></span> <span class='ocrx_word' id='word_1_254' title='bbox 2913 1900 3111 1953; x_wconf 85' lang='lat' dir='ltr'><strong>fratres</strong></span> <span class='ocrx_word' id='word_1_255' title='bbox 3132 1898 3196 1950; x_wconf 88' lang='lat' dir='ltr'><strong>ad</strong></span> <span class='ocrx_word' id='word_1_256' title='bbox 3226 1913 3344 1950; x_wconf 74' lang='lat' dir='ltr'><strong>eam</strong></span> 
     </span>
    </p>
   </div>
   <div class='ocr_carea' id='block_1_36' title="bbox 146 1985 1684 2064">
    <p class='ocr_par' dir='ltr' id='par_1_36' title="bbox 146 1986 1681 2064">
     <span class='ocr_line' id='line_1_36' title="bbox 146 1986 1681 2064; baseline 0.008 -28"><span class='ocrx_word' id='word_1_257' title='bbox 146 1986 403 2057; x_wconf 68' lang='grc' dir='ltr'>ἠδικήσατε</span> <span class='ocrx_word' id='word_1_258' title='bbox 439 2007 532 2058; x_wconf 89' lang='grc' dir='ltr'><strong>με,</strong></span> <span class='ocrx_word' id='word_1_259' title='bbox 566 1992 667 2044; x_wconf 73' lang='grc' dir='ltr'>οὐκ</span> <span class='ocrx_word' id='word_1_260' title='bbox 702 1993 1095 2064; x_wconf 73' lang='grc' dir='ltr'>ἠναγκαζόμην</span> <span class='ocrx_word' id='word_1_261' title='bbox 1120 1996 1292 2048; x_wconf 79' lang='grc' dir='ltr'>ἐλθεῖν</span> <span class='ocrx_word' id='word_1_262' title='bbox 1323 1997 1552 2050; x_wconf 81' lang='grc' dir='ltr'>ἐνταῦθα</span> <span class='ocrx_word' id='word_1_263' title='bbox 1589 1999 1681 2050; x_wconf 70' lang='grc' dir='ltr'>καὶ</span> 
     </span>
    </p>
   </div>
   <div class='ocr_carea' id='block_1_37' title="bbox 1788 1985 3350 2064">
    <p class='ocr_par' dir='ltr' id='par_1_37' title="bbox 1788 1990 3350 2064">
     <span class='ocr_line' id='line_1_37' title="bbox 1788 1990 3350 2064; baseline -0.007 -11"><span class='ocrx_word' id='word_1_264' title='bbox 1788 2002 2066 2054; x_wconf 84' lang='lat' dir='ltr'><strong>venissent</strong></span> <span class='ocrx_word' id='word_1_265' title='bbox 2099 2017 2110 2051; x_wconf 94' lang='lat'><strong>:</strong></span> <span class='ocrx_word' id='word_1_266' title='bbox 2153 2017 2170 2048; x_wconf 82' lang='grc' dir='ltr'><strong>ι</strong></span> <span class='ocrx_word' id='word_1_267' title='bbox 2211 1997 2326 2051; x_wconf 83' lang='lat' dir='ltr'><strong>Nisi</strong></span> <span class='ocrx_word' id='word_1_268' title='bbox 2361 2011 2474 2056; x_wconf 83' lang='lat' dir='ltr'><strong>vos,</strong></span> <span class='ocrx_word' id='word_1_269' title='bbox 2511 1995 2706 2064; x_wconf 87' lang='lat' dir='ltr'><strong>inquit,</strong></span> <span class='ocrx_word' id='word_1_270' title='bbox 2743 1994 2997 2062; x_wconf 86' lang='lat' dir='ltr'><strong>injuriam</strong></span> <span class='ocrx_word' id='word_1_271' title='bbox 3020 2007 3104 2045; x_wconf 91' lang='lat' dir='ltr'><strong>me</strong></span> <span class='ocrx_word' id='word_1_272' title='bbox 3135 1990 3350 2044; x_wconf 77' lang='lat' dir='ltr'><strong>affecis-</strong></span> 
     </span>
    </p>
   </div>
   <div class='ocr_carea' id='block_1_38' title="bbox 148 2077 1680 2154">
    <p class='ocr_par' dir='ltr' id='par_1_38' title="bbox 148 2077 1680 2154">
     <span class='ocr_line' id='line_1_38' title="bbox 148 2077 1680 2154; baseline 0.008 -26"><span class='ocrx_word' id='word_1_273' title='bbox 148 2077 445 2143; x_wconf 70' lang='grc' dir='ltr'>βασιλεύσαι.</span> <span class='ocrx_word' id='word_1_274' title='bbox 487 2099 506 2130; x_wconf 76' lang='grc' dir='ltr'><strong>ι</strong></span> <span class='ocrx_word' id='word_1_275' title='bbox 546 2081 699 2134; x_wconf 76' lang='grc' dir='ltr'>Μετὰ</span> <span class='ocrx_word' id='word_1_276' title='bbox 735 2082 791 2134; x_wconf 88' lang='grc' dir='ltr'>δὲ</span> <span class='ocrx_word' id='word_1_277' title='bbox 820 2084 989 2137; x_wconf 80' lang='grc' dir='ltr'>ταῦτα</span> <span class='ocrx_word' id='word_1_278' title='bbox 1013 2084 1107 2136; x_wconf 85' lang='grc' dir='ltr'>τοῦ</span> <span class='ocrx_word' id='word_1_279' title='bbox 1147 2086 1414 2154; x_wconf 80' lang='grc' dir='ltr'>βασιλέως</span> <span class='ocrx_word' id='word_1_280' title='bbox 1454 2088 1680 2140; x_wconf 83' lang='grc' dir='ltr'>σκανδα-</span> 
     </span>
    </p>
   </div>
   <div class='ocr_carea' id='block_1_39' title="bbox 146 2167 1679 2250">
    <p class='ocr_par' dir='ltr' id='par_1_39' title="bbox 146 2167 1679 2250">
     <span class='ocr_line' id='line_1_39' title="bbox 146 2167 1679 2250; baseline 0.008 -33"><span class='ocrx_word' id='word_1_281' title='bbox 146 2167 386 2231; x_wconf 83' lang='grc' dir='ltr'>λισθέντος</span> <span class='ocrx_word' id='word_1_282' title='bbox 414 2171 508 2222; x_wconf 86' lang='grc' dir='ltr'><strong>ἐπ’</strong></span> <span class='ocrx_word' id='word_1_283' title='bbox 556 2173 694 2242; x_wconf 81' lang='grc' dir='ltr'>αὐτῇ</span> <span class='ocrx_word' id='word_1_284' title='bbox 729 2173 815 2225; x_wconf 79' lang='grc' dir='ltr'><strong>διὰ</strong></span> <span class='ocrx_word' id='word_1_285' title='bbox 853 2174 943 2226; x_wconf 80' lang='grc' dir='ltr'>τὸν</span> <span class='ocrx_word' id='word_1_286' title='bbox 986 2177 1250 2227; x_wconf 83' lang='grc' dir='ltr'>Παυλῖνον</span> <span class='ocrx_word' id='word_1_287' title='bbox 1305 2176 1541 2246; x_wconf 75' lang='grc' dir='ltr'>(ἑώρακε</span> <span class='ocrx_word' id='word_1_288' title='bbox 1572 2178 1679 2250; x_wconf 74' lang='grc' dir='ltr'>γὰρ</span> 
     </span>
    </p>
   </div>
   <div class='ocr_carea' id='block_1_40' title="bbox 150 2261 1679 2339">
    <p class='ocr_par' dir='ltr' id='par_1_40' title="bbox 150 2261 1679 2339">
     <span class='ocr_line' id='line_1_40' title="bbox 150 2261 1679 2339; baseline 0.008 -29"><span class='ocrx_word' id='word_1_289' title='bbox 150 2261 207 2321; x_wconf 82' lang='grc' dir='ltr'>είς</span> <span class='ocrx_word' id='word_1_290' title='bbox 226 2261 375 2312; x_wconf 77' lang='grc' dir='ltr'>αὑτὸν</span> <span class='ocrx_word' id='word_1_291' title='bbox 401 2263 462 2314; x_wconf 75' lang='grc' dir='ltr'>τὸ</span> <span class='ocrx_word' id='word_1_292' title='bbox 498 2265 769 2333; x_wconf 78' lang='grc' dir='ltr'><strong>πάμμεγα</strong></span> <span class='ocrx_word' id='word_1_293' title='bbox 803 2267 970 2333; x_wconf 75' lang='grc' dir='ltr'>μῆλον</span> <span class='ocrx_word' id='word_1_294' title='bbox 996 2269 1190 2325; x_wconf 83' lang='grc' dir='ltr'>ἐκεῖνο.</span> <span class='ocrx_word' id='word_1_295' title='bbox 1225 2269 1360 2337; x_wconf 85' lang='grc' dir='ltr'>ὅπερ</span> <span class='ocrx_word' id='word_1_296' title='bbox 1388 2269 1555 2338; x_wconf 74' lang='grc' dir='ltr'>πένης</span> <span class='ocrx_word' id='word_1_297' title='bbox 1584 2274 1679 2339; x_wconf 76' lang='grc' dir='ltr'>μὲν</span> 
     </span>
    </p>
   </div>
   <div class='ocr_carea' id='block_1_41' title="bbox 149 2352 1680 2430">
    <p class='ocr_par' dir='ltr' id='par_1_41' title="bbox 149 2352 1680 2430">
     <span class='ocr_line' id='line_1_41' title="bbox 149 2352 1680 2430; baseline 0.007 -28"><span class='ocrx_word' id='word_1_298' title='bbox 149 2352 266 2420; x_wconf 78' lang='grc' dir='ltr'>αὐτῷ</span> <span class='ocrx_word' id='word_1_299' title='bbox 299 2354 371 2422; x_wconf 81' lang='grc' dir='ltr'>τῷ</span> <span class='ocrx_word' id='word_1_300' title='bbox 403 2355 623 2423; x_wconf 84' lang='grc' dir='ltr'>βασιλεῖ</span> <span class='ocrx_word' id='word_1_301' title='bbox 661 2359 832 2429; x_wconf 86' lang='grc' dir='ltr'>δῶρον</span> <span class='ocrx_word' id='word_1_302' title='bbox 869 2361 1082 2428; x_wconf 75' lang='grc' dir='ltr'>ἔφερεν,</span> <span class='ocrx_word' id='word_1_303' title='bbox 1116 2361 1144 2411; x_wconf 84' lang='grc' dir='ltr'><strong>δ</strong></span> <span class='ocrx_word' id='word_1_304' title='bbox 1175 2360 1229 2412; x_wconf 84' lang='grc' dir='ltr'>δὲ</span> <span class='ocrx_word' id='word_1_305' title='bbox 1264 2361 1518 2429; x_wconf 78' lang='grc' dir='ltr'>βασιλεὺς</span> <span class='ocrx_word' id='word_1_306' title='bbox 1547 2363 1680 2430; x_wconf 69' lang='grc' dir='ltr'>πρδς</span> 
     </span>
    </p>
   </div>
   <div class='ocr_carea' id='block_1_42' title="bbox 146 2445 1681 2521">
    <p class='ocr_par' dir='ltr' id='par_1_42' title="bbox 146 2445 1681 2521">
     <span class='ocr_line' id='line_1_42' title="bbox 146 2445 1681 2521; baseline 0.006 -25"><span class='ocrx_word' id='word_1_307' title='bbox 146 2445 221 2513; x_wconf 76' lang='grc' dir='ltr'>τὴν</span> <span class='ocrx_word' id='word_1_308' title='bbox 243 2447 529 2500; x_wconf 74' lang='grc' dir='ltr'>δὲσποιναν</span> <span class='ocrx_word' id='word_1_309' title='bbox 549 2448 616 2501; x_wconf 77' lang='grc' dir='ltr'>αὖ</span> <span class='ocrx_word' id='word_1_310' title='bbox 652 2452 1032 2520; x_wconf 70' lang='grc' dir='ltr'>μετεκόμισεν)</span> <span class='ocrx_word' id='word_1_311' title='bbox 1053 2453 1315 2521; x_wconf 75' lang='grc' dir='ltr'><strong>ἐξῄτησεν</strong></span> <span class='ocrx_word' id='word_1_312' title='bbox 1345 2454 1483 2519; x_wconf 78' lang='grc' dir='ltr'>αὕτη</span> <span class='ocrx_word' id='word_1_313' title='bbox 1512 2455 1681 2506; x_wconf 83' lang='grc' dir='ltr'>ἀπελ-</span> 
     </span>
    </p>
   </div>
   <div class='ocr_carea' id='block_1_43' title="bbox 148 2537 1683 2614">
    <p class='ocr_par' dir='ltr' id='par_1_43' title="bbox 148 2537 1683 2614">
     <span class='ocr_line' id='line_1_43' title="bbox 148 2537 1683 2614; baseline 0.007 -27"><span class='ocrx_word' id='word_1_314' title='bbox 148 2537 238 2588; x_wconf 83' lang='grc' dir='ltr'>θεῖν</span> <span class='ocrx_word' id='word_1_315' title='bbox 271 2542 344 2602; x_wconf 85' lang='grc' dir='ltr'><strong>είς</strong></span> <span class='ocrx_word' id='word_1_316' title='bbox 383 2543 766 2611; x_wconf 72' lang='grc' dir='ltr'>Ἰεροσόλυμα.</span> <span class='ocrx_word' id='word_1_317' title='bbox 817 2545 922 2596; x_wconf 80' lang='grc' dir='ltr'><strong>Καὶ</strong></span> <span class='ocrx_word' id='word_1_318' title='bbox 953 2544 1017 2614; x_wconf 79' lang='grc' dir='ltr'>δὴ</span> <span class='ocrx_word' id='word_1_319' title='bbox 1051 2547 1144 2596; x_wconf 73' lang='grc' dir='ltr'><strong>καὶ</strong></span> <span class='ocrx_word' id='word_1_320' title='bbox 1181 2546 1386 2612; x_wconf 79' lang='grc' dir='ltr'>ἀπῆλθε</span> <span class='ocrx_word' id='word_1_321' title='bbox 1422 2550 1512 2600; x_wconf 70' lang='grc' dir='ltr'>καὶ</span> <span class='ocrx_word' id='word_1_322' title='bbox 1541 2547 1683 2612; x_wconf 79' lang='grc' dir='ltr'>ἐξαί-</span> 
     </span>
    </p>
   </div>
   <div class='ocr_carea' id='block_1_44' title="bbox 149 2631 1682 2707">
    <p class='ocr_par' dir='ltr' id='par_1_44' title="bbox 149 2631 1682 2707">
     <span class='ocr_line' id='line_1_44' title="bbox 149 2631 1682 2707; baseline 0.008 -27"><span class='ocrx_word' id='word_1_323' title='bbox 149 2631 221 2681; x_wconf 81' lang='grc' dir='ltr'><strong>σιά</strong></span> <span class='ocrx_word' id='word_1_324' title='bbox 245 2650 358 2686; x_wconf 78' lang='grc' dir='ltr'>τινα</span> <span class='ocrx_word' id='word_1_325' title='bbox 379 2636 612 2703; x_wconf 75' lang='grc' dir='ltr'>ἐποίησε</span> <span class='ocrx_word' id='word_1_326' title='bbox 645 2639 738 2688; x_wconf 84' lang='grc' dir='ltr'>καὶ</span> <span class='ocrx_word' id='word_1_327' title='bbox 773 2637 840 2688; x_wconf 74' lang='grc' dir='ltr'><strong>τὰ</strong></span> <span class='ocrx_word' id='word_1_328' title='bbox 877 2638 1053 2688; x_wconf 81' lang='grc' dir='ltr'>ἐκεῖσε</span> <span class='ocrx_word' id='word_1_329' title='bbox 1082 2637 1233 2707; x_wconf 80' lang='grc' dir='ltr'>τείχη</span> <span class='ocrx_word' id='word_1_330' title='bbox 1267 2639 1500 2702; x_wconf 71' lang='grc' dir='ltr'>ἔκτισεν,</span> <span class='ocrx_word' id='word_1_331' title='bbox 1526 2641 1599 2700; x_wconf 75' lang='grc' dir='ltr'><strong>ὡς</strong></span> <span class='ocrx_word' id='word_1_332' title='bbox 1627 2641 1682 2692; x_wconf 84' lang='grc' dir='ltr'><strong>ἐν</strong></span> 
     </span>
    </p>
   </div>
   <div class='ocr_carea' id='block_1_45' title="bbox 146 2722 1682 2800">
    <p class='ocr_par' dir='ltr' id='par_1_45' title="bbox 146 2722 1682 2800">
     <span class='ocr_line' id='line_1_45' title="bbox 146 2722 1682 2800; baseline 0.007 -27"><span class='ocrx_word' id='word_1_333' title='bbox 146 2722 260 2789; x_wconf 74' lang='grc' dir='ltr'>αὐτῇ</span> <span class='ocrx_word' id='word_1_334' title='bbox 297 2726 462 2794; x_wconf 74' lang='grc' dir='ltr'>πέρας</span> <span class='ocrx_word' id='word_1_335' title='bbox 496 2725 681 2778; x_wconf 76' lang='grc' dir='ltr'>λαϐεῖν</span> <span class='ocrx_word' id='word_1_336' title='bbox 709 2727 768 2778; x_wconf 82' lang='grc' dir='ltr'><strong>τὸ</strong></span> <span class='ocrx_word' id='word_1_337' title='bbox 797 2730 1080 2780; x_wconf 71' lang='grc' dir='ltr'>Δαυῖτικὸν</span> <span class='ocrx_word' id='word_1_338' title='bbox 1105 2731 1276 2782; x_wconf 82' lang='grc' dir='ltr'>ἐκεῖνο</span> <span class='ocrx_word' id='word_1_339' title='bbox 1303 2734 1466 2800; x_wconf 69' lang='grc' dir='ltr'>ῥητὸν</span> <span class='ocrx_word' id='word_1_340' title='bbox 1497 2731 1556 2782; x_wconf 66' lang='grc' dir='ltr'>τὸ</span> <span class='ocrx_word' id='word_1_341' title='bbox 1587 2732 1682 2783; x_wconf 77' lang='grc' dir='ltr'><strong>λέ·-</strong></span> 
     </span>
    </p>
   </div>
   <div class='ocr_carea' id='block_1_46' title="bbox 147 2817 1680 2892">
    <p class='ocr_par' dir='ltr' id='par_1_46' title="bbox 147 2817 1680 2892">
     <span class='ocr_line' id='line_1_46' title="bbox 147 2817 1680 2892; baseline 0.008 -31"><span class='ocrx_word' id='word_1_342' title='bbox 147 2826 253 2879; x_wconf 79' lang='grc' dir='ltr'>γον·</span> <span class='ocrx_word' id='word_1_343' title='bbox 284 2833 299 2864; x_wconf 83' lang='grc' dir='ltr'><strong>ι</strong></span> <span class='ocrx_word' id='word_1_344' title='bbox 320 2817 640 2883; x_wconf 79' lang='grc' dir='ltr'>Ἀγὰθυνον,</span> <span class='ocrx_word' id='word_1_345' title='bbox 663 2819 853 2887; x_wconf 85' lang='grc' dir='ltr'>Κύριε,</span> <span class='ocrx_word' id='word_1_346' title='bbox 870 2822 926 2872; x_wconf 88' lang='grc' dir='ltr'><strong>ἐν</strong></span> <span class='ocrx_word' id='word_1_347' title='bbox 951 2824 1013 2889; x_wconf 82' lang='grc' dir='ltr'>τῇ</span> <span class='ocrx_word' id='word_1_348' title='bbox 1048 2817 1264 2891; x_wconf 56' lang='grc' dir='ltr'>εὐδοκία</span> <span class='ocrx_word' id='word_1_349' title='bbox 1282 2840 1372 2873; x_wconf 85' lang='grc' dir='ltr'><strong>σου</strong></span> <span class='ocrx_word' id='word_1_350' title='bbox 1403 2822 1497 2892; x_wconf 80' lang='grc' dir='ltr'>τὴν</span> <span class='ocrx_word' id='word_1_351' title='bbox 1523 2822 1680 2886; x_wconf 87' lang='grc' dir='ltr'>Σιὼν,</span> 
     </span>
    </p>
   </div>
   <div class='ocr_carea' id='block_1_47' title="bbox 148 2904 1684 2981">
    <p class='ocr_par' dir='ltr' id='par_1_47' title="bbox 148 2904 1684 2981">
     <span class='ocr_line' id='line_1_47' title="bbox 148 2904 1684 2981; baseline 0.008 -27"><span class='ocrx_word' id='word_1_352' title='bbox 148 2904 224 2956; x_wconf 73' lang='grc' dir='ltr'>καὶ</span> <span class='ocrx_word' id='word_1_353' title='bbox 259 2908 663 2978; x_wconf 80' lang='grc' dir='ltr'>οίκοδομηθήτω</span> <span class='ocrx_word' id='word_1_354' title='bbox 717 2911 784 2962; x_wconf 81' lang='grc' dir='ltr'><strong>τά</strong></span> <span class='ocrx_word' id='word_1_355' title='bbox 821 2911 972 2981; x_wconf 80' lang='grc' dir='ltr'>τείχη</span> <span class='ocrx_word' id='word_1_356' title='bbox 1020 2912 1396 2981; x_wconf 80' lang='grc' dir='ltr'>Ἰερουσαλήμ.</span> <span class='ocrx_word' id='word_1_357' title='bbox 1460 2932 1477 2962; x_wconf 75' lang='grc' dir='ltr'><strong>ι</strong></span> <span class='ocrx_word' id='word_1_358' title='bbox 1527 2915 1684 2966; x_wconf 65' lang='grc' dir='ltr'>Ἀλλὰ</span> 
     </span>
    </p>
   </div>
   <div class='ocr_carea' id='block_1_48' title="bbox 145 3000 1680 3075">
    <p class='ocr_par' dir='ltr' id='par_1_48' title="bbox 145 3000 1680 3075">
     <span class='ocr_line' id='line_1_48' title="bbox 145 3000 1680 3075; baseline 0.003 -25"><span class='ocrx_word' id='word_1_359' title='bbox 145 3000 221 3050; x_wconf 76' lang='grc' dir='ltr'><strong>καὶ</strong></span> <span class='ocrx_word' id='word_1_360' title='bbox 244 3001 548 3056; x_wconf 85' lang='grc' dir='ltr'>τελευτῶσα</span> <span class='ocrx_word' id='word_1_361' title='bbox 583 3002 735 3070; x_wconf 75' lang='grc' dir='ltr'>ἔλεγε</span> <span class='ocrx_word' id='word_1_362' title='bbox 801 3003 965 3074; x_wconf 77' lang='grc' dir='ltr'>μηδὲν</span> <span class='ocrx_word' id='word_1_363' title='bbox 1013 3004 1088 3075; x_wconf 79' lang='grc' dir='ltr'>τῷ</span> <span class='ocrx_word' id='word_1_364' title='bbox 1134 3004 1383 3073; x_wconf 84' lang='grc' dir='ltr'>Παυλίνῳ</span> <span class='ocrx_word' id='word_1_365' title='bbox 1431 3005 1680 3068; x_wconf 83' lang='grc' dir='ltr'>συνιδεῖν,</span> 
     </span>
    </p>
   </div>
   <div class='ocr_carea' id='block_1_49' title="bbox 141 3089 1682 3167">
    <p class='ocr_par' dir='ltr' id='par_1_49' title="bbox 141 3089 1682 3167">
     <span class='ocr_line' id='line_1_49' title="bbox 141 3089 1682 3167; baseline 0.003 -23"><span class='ocrx_word' id='word_1_366' title='bbox 141 3096 182 3145; x_wconf 77' lang='grc' dir='ltr'><strong>εί</strong></span> <span class='ocrx_word' id='word_1_367' title='bbox 213 3096 294 3148; x_wconf 74' lang='grc' dir='ltr'>καὶ</span> <span class='ocrx_word' id='word_1_368' title='bbox 324 3098 632 3166; x_wconf 71' lang='grc' dir='ltr'>φιλοτίμως</span> <span class='ocrx_word' id='word_1_369' title='bbox 676 3089 788 3164; x_wconf 77' lang='grc' dir='ltr'>εἶχε</span> <span class='ocrx_word' id='word_1_370' title='bbox 845 3099 981 3167; x_wconf 79' lang='grc' dir='ltr'>πρὸς</span> <span class='ocrx_word' id='word_1_371' title='bbox 1035 3099 1196 3150; x_wconf 73' lang='grc' dir='ltr'>αὑτὸν</span> <span class='ocrx_word' id='word_1_372' title='bbox 1231 3098 1292 3149; x_wconf 75' lang='grc' dir='ltr'>οὐ</span> <span class='ocrx_word' id='word_1_373' title='bbox 1346 3094 1554 3165; x_wconf 83' lang='grc' dir='ltr'>μικρῶς</span> <span class='ocrx_word' id='word_1_374' title='bbox 1589 3097 1682 3149; x_wconf 70' lang='lat' dir='ltr'><strong>am</strong></span> 
     </span>
    </p>
   </div>
   <div class='ocr_carea' id='block_1_50' title="bbox 141 3188 1686 3262">
    <p class='ocr_par' dir='ltr' id='par_1_50' title="bbox 141 3188 1686 3262">
     <span class='ocr_line' id='line_1_50' title="bbox 141 3188 1686 3262; baseline 0.001 -21"><span class='ocrx_word' id='word_1_375' title='bbox 141 3195 560 3262; x_wconf 82' lang='grc' dir='ltr'>συνεργήσαντα,</span> <span class='ocrx_word' id='word_1_376' title='bbox 598 3194 758 3262; x_wconf 72' lang='grc' dir='ltr'>ἡνίκα</span> <span class='ocrx_word' id='word_1_377' title='bbox 787 3192 1090 3261; x_wconf 81' lang='grc' dir='ltr'>Πουλχερία</span> <span class='ocrx_word' id='word_1_378' title='bbox 1114 3190 1190 3258; x_wconf 82' lang='grc' dir='ltr'>τῷ</span> <span class='ocrx_word' id='word_1_379' title='bbox 1212 3189 1478 3257; x_wconf 80' lang='grc' dir='ltr'>Θεοδοσέῳ</span> <span class='ocrx_word' id='word_1_380' title='bbox 1501 3188 1686 3241; x_wconf 77' lang='grc' dir='ltr'>δοῦναι</span> 
     </span>
    </p>
   </div>
   <div class='ocr_carea' id='block_1_51' title="bbox 141 3281 1376 3354">
    <p class='ocr_par' dir='ltr' id='par_1_51' title="bbox 141 3281 1376 3354">
     <span class='ocr_line' id='line_1_51' title="bbox 141 3281 1376 3354; baseline -0.002 -19"><span class='ocrx_word' id='word_1_381' title='bbox 141 3281 319 3353; x_wconf 78' lang='grc' dir='ltr'>ταύτην</span> <span class='ocrx_word' id='word_1_382' title='bbox 345 3285 484 3353; x_wconf 79' lang='grc' dir='ltr'>πρὸς</span> <span class='ocrx_word' id='word_1_383' title='bbox 516 3285 701 3354; x_wconf 82' lang='grc' dir='ltr'>λέχους</span> <span class='ocrx_word' id='word_1_384' title='bbox 727 3286 1012 3338; x_wconf 84' lang='grc' dir='ltr'>κοινωνίαν</span> <span class='ocrx_word' id='word_1_385' title='bbox 1042 3282 1376 3352; x_wconf 78' lang='grc' dir='ltr'>ἐφρόντιζεν.</span> 
     </span>
    </p>
   </div>
   <div class='ocr_carea' id='block_1_52' title="bbox 1782 2083 3349 2154">
    <p class='ocr_par' dir='ltr' id='par_1_52' title="bbox 1782 2083 3349 2154">
     <span class='ocr_line' id='line_1_52' title="bbox 1782 2083 3349 2154; baseline -0.006 -11"><span class='ocrx_word' id='word_1_386' title='bbox 1782 2091 1933 2154; x_wconf 90' lang='lat' dir='ltr'><strong>setis,</strong></span> <span class='ocrx_word' id='word_1_387' title='bbox 1964 2107 2071 2145; x_wconf 89' lang='lat' dir='ltr'><strong>non</strong></span> <span class='ocrx_word' id='word_1_388' title='bbox 2104 2090 2328 2144; x_wconf 87' lang='lat' dir='ltr'><strong>fuissem</strong></span> <span class='ocrx_word' id='word_1_389' title='bbox 2353 2099 2537 2144; x_wconf 86' lang='lat' dir='ltr'><strong>coacta</strong></span> <span class='ocrx_word' id='word_1_390' title='bbox 2566 2103 2652 2142; x_wconf 89' lang='lat' dir='ltr'><strong>me</strong></span> <span class='ocrx_word' id='word_1_391' title='bbox 2680 2087 2786 2141; x_wconf 90' lang='lat' dir='ltr'><strong>huc</strong></span> <span class='ocrx_word' id='word_1_392' title='bbox 2809 2086 3057 2140; x_wconf 86' lang='lat' dir='ltr'><strong>conferre</strong></span> <span class='ocrx_word' id='word_1_393' title='bbox 3084 2097 3146 2137; x_wconf 86' lang='lat' dir='ltr'><strong>ac</strong></span> <span class='ocrx_word' id='word_1_394' title='bbox 3181 2083 3349 2150; x_wconf 87' lang='lat' dir='ltr'><strong>impe-</strong></span> 
     </span>
    </p>
   </div>
   <div class='ocr_carea' id='block_1_53' title="bbox 1781 2175 3348 2250">
    <p class='ocr_par' dir='ltr' id='par_1_53' title="bbox 1781 2175 3348 2250">
     <span class='ocr_line' id='line_1_53' title="bbox 1781 2175 3348 2250; baseline -0.007 -16"><span class='ocrx_word' id='word_1_395' title='bbox 1781 2180 1862 2234; x_wconf 91' lang='lat' dir='ltr'><strong>rio</strong></span> <span class='ocrx_word' id='word_1_396' title='bbox 1900 2180 2086 2249; x_wconf 86' lang='lat' dir='ltr'><strong>potiri.</strong></span> <span class='ocrx_word' id='word_1_397' title='bbox 2137 2199 2154 2232; x_wconf 69' lang='grc' dir='ltr'><strong>ι</strong></span> <span class='ocrx_word' id='word_1_398' title='bbox 2195 2180 2405 2234; x_wconf 82' lang='lat' dir='ltr'><strong>Accidit</strong></span> <span class='ocrx_word' id='word_1_399' title='bbox 2446 2178 2645 2250; x_wconf 81' lang='lat' dir='ltr'><strong>deinde</strong></span> <span class='ocrx_word' id='word_1_400' title='bbox 2682 2185 2740 2230; x_wconf 86' lang='lat' dir='ltr'><strong>ut</strong></span> <span class='ocrx_word' id='word_1_401' title='bbox 2773 2177 2858 2229; x_wconf 85' lang='lat' dir='ltr'><strong>vir</strong></span> <span class='ocrx_word' id='word_1_402' title='bbox 2889 2175 3112 2244; x_wconf 89' lang='lat' dir='ltr'><strong>quidam</strong></span> <span class='ocrx_word' id='word_1_403' title='bbox 3147 2189 3348 2242; x_wconf 89' lang='lat' dir='ltr'><strong>pauper</strong></span> 
     </span>
    </p>
   </div>
   <div class='ocr_carea' id='block_1_54' title="bbox 1782 2267 3352 2341">
    <p class='ocr_par' dir='ltr' id='par_1_54' title="bbox 1782 2267 3352 2341">
     <span class='ocr_line' id='line_1_54' title="bbox 1782 2267 3352 2341; baseline -0.003 -16"><span class='ocrx_word' id='word_1_404' title='bbox 1782 2270 2101 2340; x_wconf 90' lang='lat' dir='ltr'><strong>imperatori</strong></span> <span class='ocrx_word' id='word_1_405' title='bbox 2129 2287 2347 2341; x_wconf 88' lang='lat' dir='ltr'><strong>pomum</strong></span> <span class='ocrx_word' id='word_1_406' title='bbox 2384 2271 2580 2339; x_wconf 77' lang='lat' dir='ltr'><strong>insigni</strong></span> <span class='ocrx_word' id='word_1_407' title='bbox 2605 2267 2979 2338; x_wconf 82' lang='lat' dir='ltr'><strong>magnitudine</strong></span> <span class='ocrx_word' id='word_1_408' title='bbox 3011 2267 3128 2320; x_wconf 90' lang='lat' dir='ltr'><strong>loco</strong></span> <span class='ocrx_word' id='word_1_409' title='bbox 3158 2280 3352 2320; x_wconf 85' lang='lat' dir='ltr'><strong>mune-</strong></span> 
     </span>
    </p>
   </div>
   <div class='ocr_carea' id='block_1_55' title="bbox 1783 2357 3422 2432">
    <p class='ocr_par' dir='ltr' id='par_1_55' title="bbox 1783 2357 3422 2432">
     <span class='ocr_line' id='line_1_55' title="bbox 1783 2357 3422 2432; baseline -0.005 -16"><span class='ocrx_word' id='word_1_410' title='bbox 1783 2363 1860 2418; x_wconf 81' lang='lat' dir='ltr'><strong>ri&#39;s</strong></span> <span class='ocrx_word' id='word_1_411' title='bbox 1892 2363 2130 2417; x_wconf 72' lang='lat' dir='ltr'><strong>offerret.</strong></span> <span class='ocrx_word' id='word_1_412' title='bbox 2168 2363 2282 2418; x_wconf 83' lang='lat' dir='ltr'><strong>Hoc</strong></span> <span class='ocrx_word' id='word_1_413' title='bbox 2317 2363 2618 2432; x_wconf 86' lang='lat' dir='ltr'><strong>imperator</strong></span> <span class='ocrx_word' id='word_1_414' title='bbox 2639 2361 2703 2414; x_wconf 90' lang='lat' dir='ltr'><strong>ad</strong></span> <span class='ocrx_word' id='word_1_415' title='bbox 2739 2359 3016 2412; x_wconf 89' lang='lat' dir='ltr'><strong>dominatu</strong></span> <span class='ocrx_word' id='word_1_416' title='bbox 3047 2373 3171 2412; x_wconf 87' lang='lat' dir='ltr'><strong>cum</strong></span> <span class='ocrx_word' id='word_1_417' title='bbox 3197 2357 3352 2410; x_wconf 82' lang='lat' dir='ltr'><strong>detu-</strong></span> <span class='ocrx_word' id='word_1_418' title='bbox 3413 2360 3422 2368; x_wconf 81' lang='lat'>&#39;</span> 
     </span>
    </p>
   </div>
   <div class='ocr_carea' id='block_1_56' title="bbox 1782 2449 3350 2524">
    <p class='ocr_par' dir='ltr' id='par_1_56' title="bbox 1782 2449 3350 2524">
     <span class='ocr_line' id='line_1_56' title="bbox 1782 2449 3350 2524; baseline -0.006 -17"><span class='ocrx_word' id='word_1_419' title='bbox 1782 2455 1935 2508; x_wconf 89' lang='lat' dir='ltr'><strong>lisset</strong></span> <span class='ocrx_word' id='word_1_420' title='bbox 1979 2454 2462 2524; x_wconf 22' lang='lat' dir='ltr'><strong>eiquevdonasset,</strong></span> <span class='ocrx_word' id='word_1_421' title='bbox 2509 2469 2614 2506; x_wconf 89' lang='lat' dir='ltr'><strong>non</strong></span> <span class='ocrx_word' id='word_1_422' title='bbox 2649 2452 2820 2506; x_wconf 89' lang='lat' dir='ltr'><strong>multo</strong></span> <span class='ocrx_word' id='word_1_423' title='bbox 2853 2460 2976 2520; x_wconf 87' lang='lat' dir='ltr'><strong>post</strong></span> <span class='ocrx_word' id='word_1_424' title='bbox 3001 2451 3245 2503; x_wconf 82' lang='lat' dir='ltr'><strong>oblatum</strong></span> <span class='ocrx_word' id='word_1_425' title='bbox 3283 2449 3350 2500; x_wconf 89' lang='lat' dir='ltr'><strong>ab</strong></span> 
     </span>
    </p>
   </div>
   <div class='ocr_carea' id='block_1_57' title="bbox 1782 2541 3350 2616">
    <p class='ocr_par' dir='ltr' id='par_1_57' title="bbox 1782 2541 3350 2616">
     <span class='ocr_line' id='line_1_57' title="bbox 1782 2541 3350 2616; baseline -0.005 -14"><span class='ocrx_word' id='word_1_426' title='bbox 1782 2564 1843 2602; x_wconf 90' lang='lat' dir='ltr'><strong>ea</strong></span> <span class='ocrx_word' id='word_1_427' title='bbox 1870 2547 2098 2602; x_wconf 87' lang='lat' dir='ltr'><strong>Paulino</strong></span> <span class='ocrx_word' id='word_1_428' title='bbox 2121 2549 2434 2616; x_wconf 72' lang='lat' dir='ltr'><strong>conspexit.</strong></span> <span class='ocrx_word' id='word_1_429' title='bbox 2468 2547 2542 2600; x_wconf 89' lang='lat' dir='ltr'><strong>Ea</strong></span> <span class='ocrx_word' id='word_1_430' title='bbox 2570 2545 2638 2600; x_wconf 88' lang='lat' dir='ltr'><strong>de</strong></span> <span class='ocrx_word' id='word_1_431' title='bbox 2670 2560 2832 2600; x_wconf 83' lang='lat' dir='ltr'><strong>causa</strong></span> <span class='ocrx_word' id='word_1_432' title='bbox 2859 2559 2981 2598; x_wconf 88' lang='lat' dir='ltr'><strong>cum</strong></span> <span class='ocrx_word' id='word_1_433' title='bbox 3016 2541 3350 2610; x_wconf 86' lang='lat' dir='ltr'><strong>imperatrici</strong></span> 
     </span>
    </p>
   </div>
   <div class='ocr_carea' id='block_1_58' title="bbox 1783 2634 3350 2708">
    <p class='ocr_par' dir='ltr' id='par_1_58' title="bbox 1783 2634 3350 2708">
     <span class='ocr_line' id='line_1_58' title="bbox 1783 2634 3350 2708; baseline -0.006 -14"><span class='ocrx_word' id='word_1_434' title='bbox 1783 2641 2024 2694; x_wconf 76' lang='lat' dir='ltr'><strong>olfcnsus</strong></span> <span class='ocrx_word' id='word_1_435' title='bbox 2053 2648 2216 2705; x_wconf 84' lang='lat' dir='ltr'><strong>esset,</strong></span> <span class='ocrx_word' id='word_1_436' title='bbox 2253 2655 2316 2694; x_wconf 89' lang='lat' dir='ltr'><strong>ea</strong></span> <span class='ocrx_word' id='word_1_437' title='bbox 2342 2639 2447 2694; x_wconf 86' lang='lat' dir='ltr'><strong>sibi</strong></span> <span class='ocrx_word' id='word_1_438' title='bbox 2477 2639 2593 2693; x_wconf 82' lang='lat' dir='ltr'><strong>fieri</strong></span> <span class='ocrx_word' id='word_1_439' title='bbox 2626 2646 2947 2708; x_wconf 88' lang='lat' dir='ltr'><strong>potestatem</strong></span> <span class='ocrx_word' id='word_1_440' title='bbox 2981 2634 3350 2702; x_wconf 83' lang='lat' dir='ltr'><strong>Hierosolyma</strong></span> 
     </span>
    </p>
   </div>
   <div class='ocr_carea' id='block_1_59' title="bbox 1784 2725 3353 2800">
    <p class='ocr_par' dir='ltr' id='par_1_59' title="bbox 1784 2725 3353 2800">
     <span class='ocr_line' id='line_1_59' title="bbox 1784 2725 3353 2800; baseline -0.003 -18"><span class='ocrx_word' id='word_1_441' title='bbox 1784 2729 2168 2799; x_wconf 84' lang='lat' dir='ltr'><strong>proﬁciscendi</strong></span> <span class='ocrx_word' id='word_1_442' title='bbox 2200 2731 2378 2799; x_wconf 87' lang='lat' dir='ltr'><strong>petiit,</strong></span> <span class='ocrx_word' id='word_1_443' title='bbox 2407 2739 2464 2786; x_wconf 89' lang='lat' dir='ltr'><strong>et</strong></span> <span class='ocrx_word' id='word_1_444' title='bbox 2491 2731 2778 2800; x_wconf 88' lang='lat' dir='ltr'><strong>impetrata</strong></span> <span class='ocrx_word' id='word_1_445' title='bbox 2810 2745 2866 2782; x_wconf 89' lang='lat' dir='ltr'><strong>re</strong></span> <span class='ocrx_word' id='word_1_446' title='bbox 2895 2730 3169 2782; x_wconf 87' lang='lat' dir='ltr'><strong>discessit.</strong></span> <span class='ocrx_word' id='word_1_447' title='bbox 3205 2725 3353 2779; x_wconf 86' lang='lat' dir='ltr'><strong>Fecit</strong></span> 
     </span>
    </p>
   </div>
   <div class='ocr_carea' id='block_1_60' title="bbox 1785 2817 3356 2892">
    <p class='ocr_par' dir='ltr' id='par_1_60' title="bbox 1785 2817 3356 2892">
     <span class='ocr_line' id='line_1_60' title="bbox 1785 2817 3356 2892; baseline -0.004 -17"><span class='ocrx_word' id='word_1_448' title='bbox 1785 2823 1909 2876; x_wconf 87' lang='lat' dir='ltr'><strong>istic</strong></span> <span class='ocrx_word' id='word_1_449' title='bbox 1933 2823 2180 2890; x_wconf 65' lang='lat' dir='ltr'><strong>quedam</strong></span> <span class='ocrx_word' id='word_1_450' title='bbox 2210 2822 2441 2892; x_wconf 77' lang='lat' dir='ltr'><strong>insignia</strong></span> <span class='ocrx_word' id='word_1_451' title='bbox 2467 2830 2522 2876; x_wconf 91' lang='lat' dir='ltr'><strong>et</strong></span> <span class='ocrx_word' id='word_1_452' title='bbox 2548 2822 2884 2884; x_wconf 83' lang='lat' dir='ltr'><strong>admiranda,</strong></span> <span class='ocrx_word' id='word_1_453' title='bbox 2907 2819 3179 2874; x_wconf 68' lang='lat' dir='ltr'><strong>mmuibus</strong></span> <span class='ocrx_word' id='word_1_454' title='bbox 3205 2817 3356 2870; x_wconf 84' lang='lat' dir='ltr'><strong>urbis</strong></span> 
     </span>
    </p>
   </div>
   <div class='ocr_carea' id='block_1_61' title="bbox 1786 2909 3351 2982">
    <p class='ocr_par' dir='ltr' id='par_1_61' title="bbox 1786 2909 3351 2982">
     <span class='ocr_line' id='line_1_61' title="bbox 1786 2909 3351 2982; baseline -0.004 -16"><span class='ocrx_word' id='word_1_455' title='bbox 1786 2915 1931 2966; x_wconf 90' lang='lat' dir='ltr'><strong>inter</strong></span> <span class='ocrx_word' id='word_1_456' title='bbox 1960 2923 2152 2967; x_wconf 64' lang='lat' dir='ltr'><strong>etetera</strong></span> <span class='ocrx_word' id='word_1_457' title='bbox 2187 2913 2498 2977; x_wconf 83' lang='lat' dir='ltr'><strong>exstructis,</strong></span> <span class='ocrx_word' id='word_1_458' title='bbox 2520 2914 2766 2982; x_wconf 85' lang='lat' dir='ltr'><strong>adeoque</strong></span> <span class='ocrx_word' id='word_1_459' title='bbox 2796 2913 2849 2966; x_wconf 92' lang='lat' dir='ltr'><strong>in</strong></span> <span class='ocrx_word' id='word_1_460' title='bbox 2883 2911 2998 2980; x_wconf 89' lang='lat' dir='ltr'><strong>ipsa</strong></span> <span class='ocrx_word' id='word_1_461' title='bbox 3029 2909 3351 2964; x_wconf 85' lang='lat' dir='ltr'><strong>Davidicum</strong></span> 
     </span>
    </p>
   </div>
   <div class='ocr_carea' id='block_1_62' title="bbox 1786 3000 3348 3067">
    <p class='ocr_par' dir='ltr' id='par_1_62' title="bbox 1786 3000 3348 3067">
     <span class='ocr_line' id='line_1_62' title="bbox 1786 3000 3348 3067; baseline -0.004 -10"><span class='ocrx_word' id='word_1_462' title='bbox 1786 3002 1920 3059; x_wconf 88' lang='lat' dir='ltr'><strong>illud</strong></span> <span class='ocrx_word' id='word_1_463' title='bbox 1947 3003 2250 3066; x_wconf 86' lang='lat' dir='ltr'><strong>_oraculttm</strong></span> <span class='ocrx_word' id='word_1_464' title='bbox 2281 3002 2441 3058; x_wconf 80' lang='lat' dir='ltr'><strong>finem</strong></span> <span class='ocrx_word' id='word_1_465' title='bbox 2471 3003 2663 3059; x_wconf 86' lang='lat' dir='ltr'><strong>habuit</strong></span> <span class='ocrx_word' id='word_1_466' title='bbox 2691 3022 2703 3058; x_wconf 93' lang='lat'><strong>:</strong></span> <span class='ocrx_word' id='word_1_467' title='bbox 2742 3020 2760 3053; x_wconf 77' lang='grc' dir='ltr'><strong>ι</strong></span> <span class='ocrx_word' id='word_1_468' title='bbox 2806 3001 3059 3067; x_wconf 87' lang='lat' dir='ltr'><strong>Benefae,</strong></span> <span class='ocrx_word' id='word_1_469' title='bbox 3097 3000 3348 3062; x_wconf 81' lang='lat' dir='ltr'><strong>Domine,</strong></span> 
     </span>
    </p>
   </div>
   <div class='ocr_carea' id='block_1_63' title="bbox 1789 3093 3347 3165">
    <p class='ocr_par' dir='ltr' id='par_1_63' title="bbox 1789 3093 3347 3165">
     <span class='ocr_line' id='line_1_63' title="bbox 1789 3093 3347 3165; baseline -0.004 -15"><span class='ocrx_word' id='word_1_470' title='bbox 1789 3113 1883 3165; x_wconf 88' lang='lat' dir='ltr'><strong>per</strong></span> <span class='ocrx_word' id='word_1_471' title='bbox 1918 3096 2215 3150; x_wconf 87' lang='lat' dir='ltr'><strong>Eudociam</strong></span> <span class='ocrx_word' id='word_1_472' title='bbox 2261 3095 2479 3164; x_wconf 78' lang='lat' dir='ltr'><strong>(Latine</strong></span> <span class='ocrx_word' id='word_1_473' title='bbox 2516 3094 2892 3165; x_wconf 76' lang='lat' dir='ltr'><strong>benignitatem</strong></span> <span class='ocrx_word' id='word_1_474' title='bbox 2928 3093 3155 3159; x_wconf 83' lang='lat' dir='ltr'><strong>dixeris)</strong></span> <span class='ocrx_word' id='word_1_475' title='bbox 3201 3101 3347 3144; x_wconf 91' lang='lat' dir='ltr'><strong>tuam</strong></span> 
     </span>
    </p>
   </div>
   <div class='ocr_carea' id='block_1_64' title="bbox 1788 3183 3357 3258">
    <p class='ocr_par' dir='ltr' id='par_1_64' title="bbox 1788 3183 3357 3258">
     <span class='ocr_line' id='line_1_64' title="bbox 1788 3183 3357 3258; baseline -0.006 -15"><span class='ocrx_word' id='word_1_476' title='bbox 1788 3188 1959 3251; x_wconf 91' lang='lat' dir='ltr'><strong>Sioni,</strong></span> <span class='ocrx_word' id='word_1_477' title='bbox 1989 3197 2042 3242; x_wconf 88' lang='lat' dir='ltr'><strong>et</strong></span> <span class='ocrx_word' id='word_1_478' title='bbox 2071 3188 2212 3240; x_wconf 91' lang='lat' dir='ltr'><strong>muri</strong></span> <span class='ocrx_word' id='word_1_479' title='bbox 2249 3187 2632 3258; x_wconf 72' lang='lat' dir='ltr'><strong>llierosolymzc</strong></span> <span class='ocrx_word' id='word_1_480' title='bbox 2659 3189 3053 3239; x_wconf 87' lang='lat' dir='ltr'><strong>instaurentur.</strong></span> <span class='ocrx_word' id='word_1_481' title='bbox 3077 3183 3211 3238; x_wconf 90' lang='lat' dir='ltr'><strong>Cum</strong></span> <span class='ocrx_word' id='word_1_482' title='bbox 3243 3197 3357 3234; x_wconf 85' lang='lat' dir='ltr'><strong>tuo-</strong></span> 
     </span>
    </p>
   </div>
   <div class='ocr_carea' id='block_1_65' title="bbox 1789 3273 3355 3342">
    <p class='ocr_par' dir='ltr' id='par_1_65' title="bbox 1789 3273 3355 3342">
     <span class='ocr_line' id='line_1_65' title="bbox 1789 3273 3355 3342; baseline -0.005 -10"><span class='ocrx_word' id='word_1_483' title='bbox 1789 3288 2027 3342; x_wconf 85' lang='lat' dir='ltr'><strong>reretur,</strong></span> <span class='ocrx_word' id='word_1_484' title='bbox 2061 3278 2194 3332; x_wconf 93' lang='lat' dir='ltr'><strong>nihil</strong></span> <span class='ocrx_word' id='word_1_485' title='bbox 2229 3293 2288 3332; x_wconf 89' lang='lat' dir='ltr'><strong>se</strong></span> <span class='ocrx_word' id='word_1_486' title='bbox 2319 3277 2423 3332; x_wconf 89' lang='lat' dir='ltr'><strong>sibi</strong></span> <span class='ocrx_word' id='word_1_487' title='bbox 2451 3277 2519 3334; x_wconf 88' lang='lat' dir='ltr'><strong>de</strong></span> <span class='ocrx_word' id='word_1_488' title='bbox 2547 3277 2777 3332; x_wconf 91' lang='lat' dir='ltr'><strong>Paulino</strong></span> <span class='ocrx_word' id='word_1_489' title='bbox 2807 3278 3082 3332; x_wconf 87' lang='lat' dir='ltr'><strong>consciam</strong></span> <span class='ocrx_word' id='word_1_490' title='bbox 3112 3290 3234 3328; x_wconf 85' lang='lat' dir='ltr'><strong>esse</strong></span> <span class='ocrx_word' id='word_1_491' title='bbox 3269 3273 3355 3326; x_wconf 76' lang='lat' dir='ltr'><strong>dr-</strong></span> 
     </span>
    </p>
   </div>
   <div class='ocr_carea' id='block_1_66' title="bbox 141 3373 3358 3449">
    <p class='ocr_par' dir='ltr' id='par_1_66' title="bbox 141 3373 3358 3449">
     <span class='ocr_line' id='line_1_66' title="bbox 141 3373 3358 3449; baseline -0.003 -17"><span class='ocrx_word' id='word_1_492' title='bbox 141 3381 221 3443; x_wconf 77' lang='lat' dir='ltr'><strong>xit,</strong></span> <span class='ocrx_word' id='word_1_493' title='bbox 255 3381 350 3434; x_wconf 90' lang='lat' dir='ltr'><strong>nisi</strong></span> <span class='ocrx_word' id='word_1_494' title='bbox 382 3379 535 3449; x_wconf 87' lang='lat' dir='ltr'><strong>quod</strong></span> <span class='ocrx_word' id='word_1_495' title='bbox 592 3380 868 3434; x_wconf 81' lang='lat' dir='ltr'><strong>hominem</strong></span> <span class='ocrx_word' id='word_1_496' title='bbox 901 3377 1278 3449; x_wconf 83' lang='lat' dir='ltr'><strong>magnifcccrit</strong></span> <span class='ocrx_word' id='word_1_497' title='bbox 1323 3386 1376 3432; x_wconf 91' lang='lat' dir='ltr'><strong>et</strong></span> <span class='ocrx_word' id='word_1_498' title='bbox 1450 3378 1503 3431; x_wconf 93' lang='lat' dir='ltr'><strong>in</strong></span> <span class='ocrx_word' id='word_1_499' title='bbox 1551 3377 1725 3446; x_wconf 89' lang='lat' dir='ltr'><strong>pretio</strong></span> <span class='ocrx_word' id='word_1_500' title='bbox 1767 3377 2016 3430; x_wconf 88' lang='lat' dir='ltr'><strong>habuerit</strong></span> <span class='ocrx_word' id='word_1_501' title='bbox 2080 3383 2366 3446; x_wconf 90' lang='lat' dir='ltr'><strong>propterea</strong></span> <span class='ocrx_word' id='word_1_502' title='bbox 2398 3377 2544 3446; x_wconf 88' lang='lat' dir='ltr'><strong>quod</strong></span> <span class='ocrx_word' id='word_1_503' title='bbox 2593 3391 2702 3428; x_wconf 91' lang='lat' dir='ltr'><strong>non</strong></span> <span class='ocrx_word' id='word_1_504' title='bbox 2750 3389 2943 3444; x_wconf 90' lang='lat' dir='ltr'><strong>parum</strong></span> <span class='ocrx_word' id='word_1_505' title='bbox 2997 3373 3048 3426; x_wconf 88' lang='lat' dir='ltr'><strong>id</strong></span> <span class='ocrx_word' id='word_1_506' title='bbox 3098 3373 3358 3443; x_wconf 87' lang='lat' dir='ltr'><strong>temporis</strong></span> 
     </span>
    </p>
   </div>
   <div class='ocr_carea' id='block_1_67' title="bbox 138 3471 2863 3548">
    <p class='ocr_par' dir='ltr' id='par_1_67' title="bbox 138 3471 2863 3548">
     <span class='ocr_line' id='line_1_67' title="bbox 138 3471 2863 3548; baseline -0.003 -19"><span class='ocrx_word' id='word_1_507' title='bbox 138 3477 413 3548; x_wconf 81' lang='lat' dir='ltr'><strong>adjumenti</strong></span> <span class='ocrx_word' id='word_1_508' title='bbox 451 3477 765 3542; x_wconf 79' lang='lat' dir='ltr'><strong>attuliSSet&#39;,</strong></span> <span class='ocrx_word' id='word_1_509' title='bbox 808 3491 931 3532; x_wconf 89' lang='lat' dir='ltr'><strong>cum</strong></span> <span class='ocrx_word' id='word_1_510' title='bbox 961 3491 1020 3531; x_wconf 89' lang='lat' dir='ltr'><strong>se</strong></span> <span class='ocrx_word' id='word_1_511' title='bbox 1051 3475 1341 3530; x_wconf 87' lang='lat' dir='ltr'><strong>Pulcheria</strong></span> <span class='ocrx_word' id='word_1_512' title='bbox 1378 3471 1686 3528; x_wconf 83' lang='lat' dir='ltr'><strong>Theodosio</strong></span> <span class='ocrx_word' id='word_1_513' title='bbox 1723 3472 1878 3527; x_wconf 80' lang='lat' dir='ltr'><strong>fratri</strong></span> <span class='ocrx_word' id='word_1_514' title='bbox 1909 3473 2040 3526; x_wconf 83' lang='lat' dir='ltr'><strong>dare</strong></span> <span class='ocrx_word' id='word_1_515' title='bbox 2078 3471 2182 3525; x_wconf 88' lang='lat' dir='ltr'><strong>tori</strong></span> <span class='ocrx_word' id='word_1_516' title='bbox 2212 3480 2522 3525; x_wconf 87' lang='lat' dir='ltr'><strong>consortem</strong></span> <span class='ocrx_word' id='word_1_517' title='bbox 2557 3471 2863 3524; x_wconf 89' lang='lat' dir='ltr'><strong>moliretur.</strong></span> 
     </span>
    </p>
   </div>
   <div class='ocr_carea' id='block_1_68' title="bbox 201 3583 1684 3665">
    <p class='ocr_par' dir='ltr' id='par_1_68' title="bbox 201 3583 1684 3665">
     <span class='ocr_line' id='line_1_68' title="bbox 201 3583 1684 3665; baseline -0.005 -17"><span class='ocrx_word' id='word_1_518' title='bbox 201 3595 364 3665; x_wconf 83' lang='grc' dir='ltr'>Ὀσην</span> <span class='ocrx_word' id='word_1_519' title='bbox 397 3596 454 3648; x_wconf 83' lang='grc' dir='ltr'>δὲ</span> <span class='ocrx_word' id='word_1_520' title='bbox 480 3583 519 3646; x_wconf 72' lang='grc' dir='ltr'><strong>’ὅ</strong></span> <span class='ocrx_word' id='word_1_521' title='bbox 546 3593 826 3654; x_wconf 83' lang='grc' dir='ltr'>Θεοδόσιος</span> <span class='ocrx_word' id='word_1_522' title='bbox 860 3584 1014 3654; x_wconf 72' lang='grc' dir='ltr'>οὗτος</span> <span class='ocrx_word' id='word_1_523' title='bbox 1044 3589 1440 3661; x_wconf 81' lang='grc' dir='ltr'>κεκρυμμένην</span> <span class='ocrx_word' id='word_1_524' title='bbox 1487 3590 1684 3659; x_wconf 72' lang='grc' dir='ltr'>ἀρετὴν</span> 
     </span>
    </p>
   </div>
   <div class='ocr_carea' id='block_1_69' title="bbox 1788 3583 3358 3665">
    <p class='ocr_par' dir='ltr' id='par_1_69' title="bbox 1860 3587 3358 3656">
     <span class='ocr_line' id='line_1_69' title="bbox 1860 3587 3358 3656; baseline -0.001 -12"><span class='ocrx_word' id='word_1_525' title='bbox 1860 3588 2131 3644; x_wconf 70' lang='grc' dir='ltr'>Βεειετυιιι</span> <span class='ocrx_word' id='word_1_526' title='bbox 2166 3587 2220 3640; x_wconf 90' lang='lat' dir='ltr'><strong>in</strong></span> <span class='ocrx_word' id='word_1_527' title='bbox 2252 3588 2354 3642; x_wconf 89' lang='lat' dir='ltr'><strong>hoc</strong></span> <span class='ocrx_word' id='word_1_528' title='bbox 2385 3587 2698 3641; x_wconf 78' lang='lat' dir='ltr'><strong>Theodosio</strong></span> <span class='ocrx_word' id='word_1_529' title='bbox 2743 3597 3010 3656; x_wconf 89' lang='lat' dir='ltr'><strong>quantum</strong></span> <span class='ocrx_word' id='word_1_530' title='bbox 3047 3587 3269 3642; x_wconf 78' lang='lat' dir='ltr'><strong>latentis</strong></span> <span class='ocrx_word' id='word_1_531' title='bbox 3304 3599 3358 3650; x_wconf 88' lang='lat' dir='ltr'><strong>ct</strong></span> 
     </span>
    </p>
   </div>
   <div class='ocr_carea' id='block_1_70' title="bbox 137 3681 1737 3756">
    <p class='ocr_par' dir='ltr' id='par_1_70' title="bbox 137 3681 1737 3756">
     <span class='ocr_line' id='line_1_70' title="bbox 137 3681 1737 3756; baseline -0.004 -18"><span class='ocrx_word' id='word_1_532' title='bbox 137 3687 403 3756; x_wconf 78' lang='grc' dir='ltr'>ἐκέκτητο,</span> <span class='ocrx_word' id='word_1_533' title='bbox 439 3686 605 3754; x_wconf 81' lang='grc' dir='ltr'>δῆλον</span> <span class='ocrx_word' id='word_1_534' title='bbox 634 3683 905 3736; x_wconf 81' lang='grc' dir='ltr'>ἐντεῦθεν.</span> <span class='ocrx_word' id='word_1_535' title='bbox 939 3683 1188 3752; x_wconf 76' lang='grc' dir='ltr'>Μοναχός</span> <span class='ocrx_word' id='word_1_536' title='bbox 1217 3699 1297 3745; x_wconf 85' lang='grc' dir='ltr'>τις</span> <span class='ocrx_word' id='word_1_537' title='bbox 1342 3681 1439 3752; x_wconf 84' lang='grc' dir='ltr'><strong>ἐτη</strong></span> <span class='ocrx_word' id='word_1_538' title='bbox 1474 3688 1526 3750; x_wconf 85' lang='grc' dir='ltr'>μ’</span> <span class='ocrx_word' id='word_1_539' title='bbox 1566 3682 1690 3734; x_wconf 85' lang='grc' dir='ltr'>δου-</span> <span class='ocrx_word' id='word_1_540' title='bbox 1721 3713 1737 3726; x_wconf 81' lang='lat'><strong>-</strong></span> 
     </span>
    </p>
   </div>
   <div class='ocr_carea' id='block_1_71' title="bbox 138 3773 1688 3846">
    <p class='ocr_par' dir='ltr' id='par_1_71' title="bbox 138 3773 1688 3846">
     <span class='ocr_line' id='line_1_71' title="bbox 138 3773 1688 3846; baseline -0.001 -20"><span class='ocrx_word' id='word_1_541' title='bbox 138 3777 316 3840; x_wconf 78' lang='grc' dir='ltr'>λεύσας</span> <span class='ocrx_word' id='word_1_542' title='bbox 346 3777 422 3842; x_wconf 78' lang='grc' dir='ltr'><strong>ὼς</strong></span> <span class='ocrx_word' id='word_1_543' title='bbox 470 3778 554 3830; x_wconf 86' lang='grc' dir='ltr'><strong>δεῖ</strong></span> <span class='ocrx_word' id='word_1_544' title='bbox 587 3775 663 3846; x_wconf 77' lang='grc' dir='ltr'>τῷ</span> <span class='ocrx_word' id='word_1_545' title='bbox 711 3773 830 3844; x_wconf 83' lang='grc' dir='ltr'><strong>Θεῷ</strong></span> <span class='ocrx_word' id='word_1_546' title='bbox 863 3775 1100 3826; x_wconf 70' lang='grc' dir='ltr'>ὑπέλαϐε</span> <span class='ocrx_word' id='word_1_547' title='bbox 1135 3791 1183 3826; x_wconf 84' lang='grc' dir='ltr'><strong>τι</strong></span> <span class='ocrx_word' id='word_1_548' title='bbox 1224 3775 1366 3843; x_wconf 66' lang='grc' dir='ltr'>μέγα</span> <span class='ocrx_word' id='word_1_549' title='bbox 1406 3776 1534 3843; x_wconf 76' lang='grc' dir='ltr'>περὶ</span> <span class='ocrx_word' id='word_1_550' title='bbox 1562 3775 1688 3827; x_wconf 82' lang='grc' dir='ltr'>ἐαυ-</span> 
     </span>
    </p>
   </div>
   <div class='ocr_carea' id='block_1_72' title="bbox 137 3865 1690 3939">
    <p class='ocr_par' dir='ltr' id='par_1_72' title="bbox 137 3865 1690 3939">
     <span class='ocr_line' id='line_1_72' title="bbox 137 3865 1690 3939; baseline -0.001 -19"><span class='ocrx_word' id='word_1_551' title='bbox 137 3867 240 3928; x_wconf 82' lang='grc' dir='ltr'>τοῦ,</span> <span class='ocrx_word' id='word_1_552' title='bbox 275 3871 368 3922; x_wconf 82' lang='grc' dir='ltr'>καὶ</span> <span class='ocrx_word' id='word_1_553' title='bbox 403 3870 566 3939; x_wconf 77' lang='grc' dir='ltr'>ζητεῖ</span> <span class='ocrx_word' id='word_1_554' title='bbox 600 3867 790 3936; x_wconf 86' lang='grc' dir='ltr'>μαθεῖν</span> <span class='ocrx_word' id='word_1_555' title='bbox 813 3869 870 3918; x_wconf 84' lang='grc' dir='ltr'><strong>ἐν</strong></span> <span class='ocrx_word' id='word_1_556' title='bbox 906 3865 1035 3935; x_wconf 77' lang='grc' dir='ltr'>ποίᾳ</span> <span class='ocrx_word' id='word_1_557' title='bbox 1058 3865 1208 3928; x_wconf 83' lang='grc' dir='ltr'>τάξει</span> <span class='ocrx_word' id='word_1_558' title='bbox 1242 3865 1504 3933; x_wconf 81' lang='grc' dir='ltr'>κέκτηται</span> <span class='ocrx_word' id='word_1_559' title='bbox 1529 3865 1690 3918; x_wconf 73' lang='grc' dir='ltr'>αὐτὸν</span> 
     </span>
    </p>
   </div>
   <div class='ocr_carea' id='block_1_73' title="bbox 135 3953 1692 4029">
    <p class='ocr_par' dir='ltr' id='par_1_73' title="bbox 135 3953 1692 4029">
     <span class='ocr_line' id='line_1_73' title="bbox 135 3953 1692 4029; baseline -0.001 -17"><span class='ocrx_word' id='word_1_560' title='bbox 135 3962 332 4023; x_wconf 71' lang='grc' dir='ltr'>ὸΘεδς,</span> <span class='ocrx_word' id='word_1_561' title='bbox 364 3964 461 4014; x_wconf 77' lang='grc' dir='ltr'>καὶ</span> <span class='ocrx_word' id='word_1_562' title='bbox 497 3959 758 4029; x_wconf 82' lang='grc' dir='ltr'>μανθάνει</span> <span class='ocrx_word' id='word_1_563' title='bbox 784 3959 968 4026; x_wconf 81' lang='grc' dir='ltr'>ὅμοιος</span> <span class='ocrx_word' id='word_1_564' title='bbox 1008 3953 1150 4009; x_wconf 73' lang='grc' dir='ltr'>εἶναι</span> <span class='ocrx_word' id='word_1_565' title='bbox 1189 3957 1454 4026; x_wconf 80' lang='grc' dir='ltr'>Θεοδοσίῳ</span> <span class='ocrx_word' id='word_1_566' title='bbox 1488 3957 1565 4028; x_wconf 81' lang='grc' dir='ltr'>τῷ</span> <span class='ocrx_word' id='word_1_567' title='bbox 1598 3957 1692 4026; x_wconf 81' lang='grc' dir='ltr'><strong>βα-</strong></span> 
     </span>
    </p>
   </div>
   <div class='ocr_carea' id='block_1_74' title="bbox 139 4047 1692 4122">
    <p class='ocr_par' dir='ltr' id='par_1_74' title="bbox 139 4047 1692 4122">
     <span class='ocr_line' id='line_1_74' title="bbox 139 4047 1692 4122; baseline -0.001 -19"><span class='ocrx_word' id='word_1_568' title='bbox 139 4053 267 4106; x_wconf 77' lang='grc' dir='ltr'>σιλεῖ</span> <span class='ocrx_word' id='word_1_569' title='bbox 304 4053 566 4122; x_wconf 55' lang='grc' dir='ltr'>Ἀπαρρει</span> <span class='ocrx_word' id='word_1_570' title='bbox 593 4050 784 4104; x_wconf 75' lang='grc' dir='ltr'>λοιπὸν</span> <span class='ocrx_word' id='word_1_571' title='bbox 814 4049 950 4119; x_wconf 82' lang='grc' dir='ltr'>πρὸς</span> <span class='ocrx_word' id='word_1_572' title='bbox 982 4047 1166 4119; x_wconf 70' lang='grc' dir='ltr'>αὑτὸν,</span> <span class='ocrx_word' id='word_1_573' title='bbox 1196 4049 1290 4102; x_wconf 64' lang='grc' dir='ltr'>καὶ</span> <span class='ocrx_word' id='word_1_574' title='bbox 1321 4048 1476 4117; x_wconf 79' lang='grc' dir='ltr'>ζητεῖ</span> <span class='ocrx_word' id='word_1_575' title='bbox 1502 4049 1692 4118; x_wconf 85' lang='grc' dir='ltr'>μαθεῖν</span> 
     </span>
    </p>
   </div>
   <div class='ocr_carea' id='block_1_75' title="bbox 134 4139 1695 4213">
    <p class='ocr_par' dir='ltr' id='par_1_75' title="bbox 134 4139 1695 4213">
     <span class='ocr_line' id='line_1_75' title="bbox 134 4139 1695 4213; baseline -0.001 -20"><span class='ocrx_word' id='word_1_576' title='bbox 134 4146 222 4212; x_wconf 73' lang='grc' dir='ltr'>τὴν</span> <span class='ocrx_word' id='word_1_577' title='bbox 247 4145 448 4213; x_wconf 66' lang='grc' dir='ltr'>ἀρετὴν</span> <span class='ocrx_word' id='word_1_578' title='bbox 491 4143 677 4195; x_wconf 80' lang='grc' dir='ltr'>αὑτοῦ.</span> <span class='ocrx_word' id='word_1_579' title='bbox 717 4143 872 4196; x_wconf 77' lang='grc' dir='ltr'>Κειὶὸ</span> <span class='ocrx_word' id='word_1_580' title='bbox 917 4141 1170 4212; x_wconf 75' lang='grc' dir='ltr'>βασιλεὺς</span> <span class='ocrx_word' id='word_1_581' title='bbox 1206 4139 1375 4194; x_wconf 71' lang='grc' dir='ltr'>πολλὰ</span> <span class='ocrx_word' id='word_1_582' title='bbox 1414 4141 1512 4211; x_wconf 79' lang='grc' dir='ltr'>μὲν</span> <span class='ocrx_word' id='word_1_583' title='bbox 1549 4141 1695 4210; x_wconf 79' lang='grc' dir='ltr'>αὐτῷ</span> 
     </span>
    </p>
   </div>
   <div class='ocr_carea' id='block_1_76' title="bbox 133 4229 1695 4311">
    <p class='ocr_par' dir='ltr' id='par_1_76' title="bbox 133 4229 1695 4311">
     <span class='ocr_line' id='line_1_76' title="bbox 133 4229 1695 4311; baseline -0.001 -23"><span class='ocrx_word' id='word_1_584' title='bbox 133 4235 481 4311; x_wconf 68' lang='grc' dir='ltr'>ἀπεκάλυψεν</span> <span class='ocrx_word' id='word_1_585' title='bbox 513 4236 698 4303; x_wconf 73' lang='grc' dir='ltr'>ἕτερα,</span> <span class='ocrx_word' id='word_1_586' title='bbox 727 4229 835 4286; x_wconf 74' lang='grc' dir='ltr'>οἷον</span> <span class='ocrx_word' id='word_1_587' title='bbox 859 4232 1202 4304; x_wconf 79' lang='grc' dir='ltr'>ξηροκοιτίαν</span> <span class='ocrx_word' id='word_1_588' title='bbox 1223 4232 1695 4302; x_wconf 76' lang='grc' dir='ltr'>(81),ἐνδυμενίαν</span> 
     </span>
    </p>
   </div>
   <div class='ocr_carea' id='block_1_77' title="bbox 134 4325 1691 4399">
    <p class='ocr_par' dir='ltr' id='par_1_77' title="bbox 134 4325 1691 4399">
     <span class='ocr_line' id='line_1_77' title="bbox 134 4325 1691 4399; baseline 0 -21"><span class='ocrx_word' id='word_1_589' title='bbox 134 4330 382 4399; x_wconf 74' lang='grc' dir='ltr'>τρίχινον,</span> <span class='ocrx_word' id='word_1_590' title='bbox 412 4329 628 4397; x_wconf 76' lang='grc' dir='ltr'>ἁποχὴν</span> <span class='ocrx_word' id='word_1_591' title='bbox 671 4327 947 4394; x_wconf 72' lang='grc' dir='ltr'>γυναικὸς,</span> <span class='ocrx_word' id='word_1_592' title='bbox 979 4326 1262 4396; x_wconf 74' lang='grc' dir='ltr'>νηστείαν,</span> <span class='ocrx_word' id='word_1_593' title='bbox 1298 4325 1691 4397; x_wconf 79' lang='grc' dir='ltr'>ἐλεημοσύνην,</span> 
     </span>
    </p>
   </div>
   <div class='ocr_carea' id='block_1_78' title="bbox 131 4417 1695 4491">
    <p class='ocr_par' dir='ltr' id='par_1_78' title="bbox 131 4417 1695 4491">
     <span class='ocr_line' id='line_1_78' title="bbox 131 4417 1695 4491; baseline -0.003 -17"><span class='ocrx_word' id='word_1_594' title='bbox 131 4421 570 4491; x_wconf 78' lang='grc' dir='ltr'>δικαιοπραγίαν,</span> <span class='ocrx_word' id='word_1_595' title='bbox 630 4421 724 4474; x_wconf 69' lang='grc' dir='ltr'>καὶ</span> <span class='ocrx_word' id='word_1_596' title='bbox 785 4419 883 4474; x_wconf 83' lang='grc' dir='ltr'>ὅσα</span> <span class='ocrx_word' id='word_1_597' title='bbox 940 4417 1199 4476; x_wconf 57' lang='lat' dir='ltr'><strong>retain.</strong></span> <span class='ocrx_word' id='word_1_598' title='bbox 1232 4418 1291 4468; x_wconf 82' lang='grc' dir='ltr'>Ὀ</span> <span class='ocrx_word' id='word_1_599' title='bbox 1349 4419 1404 4471; x_wconf 85' lang='grc' dir='ltr'>δὲ</span> <span class='ocrx_word' id='word_1_600' title='bbox 1462 4419 1695 4488; x_wconf 75' lang='grc' dir='ltr'>μοναχδς</span> 
     </span>
    </p>
   </div>
   <div class='ocr_carea' id='block_1_79' title="bbox 131 4509 1694 4583">
    <p class='ocr_par' dir='ltr' id='par_1_79' title="bbox 131 4509 1694 4583">
     <span class='ocr_line' id='line_1_79' title="bbox 131 4509 1694 4583; baseline -0.001 -19"><span class='ocrx_word' id='word_1_601' title='bbox 131 4513 578 4583; x_wconf 75' lang='grc' dir='ltr'>ὰπαρεσκόμενος</span> <span class='ocrx_word' id='word_1_602' title='bbox 607 4511 768 4578; x_wconf 83' lang='grc' dir='ltr'>δῆθεν</span> <span class='ocrx_word' id='word_1_603' title='bbox 794 4511 907 4572; x_wconf 81' lang='grc' dir='ltr'>τοῖς</span> <span class='ocrx_word' id='word_1_604' title='bbox 934 4509 1416 4579; x_wconf 80' lang='grc' dir='ltr'>ἅπαριθμηθεῖσιν,</span> <span class='ocrx_word' id='word_1_605' title='bbox 1448 4509 1694 4574; x_wconf 77' lang='grc' dir='ltr'>ἐϐιάζετο</span> 
     </span>
    </p>
   </div>
   <div class='ocr_carea' id='block_1_80' title="bbox 131 4590 1694 4673">
    <p class='ocr_par' dir='ltr' id='par_1_80' title="bbox 131 4590 1694 4673">
     <span class='ocr_line' id='line_1_80' title="bbox 131 4590 1694 4673; baseline -0.003 -16"><span class='ocrx_word' id='word_1_606' title='bbox 131 4605 214 4657; x_wconf 77' lang='grc' dir='ltr'>τὸν</span> <span class='ocrx_word' id='word_1_607' title='bbox 252 4604 482 4673; x_wconf 77' lang='grc' dir='ltr'>βασιλέα</span> <span class='ocrx_word' id='word_1_608' title='bbox 514 4590 688 4655; x_wconf 75' lang='grc' dir='ltr'>εἰπεῖν</span> <span class='ocrx_word' id='word_1_609' title='bbox 730 4603 823 4655; x_wconf 72' lang='grc' dir='ltr'>καὶ</span> <span class='ocrx_word' id='word_1_610' title='bbox 859 4603 1020 4664; x_wconf 76' lang='grc' dir='ltr'>εἴπερ</span> <span class='ocrx_word' id='word_1_611' title='bbox 1053 4616 1105 4653; x_wconf 91' lang='grc' dir='ltr'><strong>τι</strong></span> <span class='ocrx_word' id='word_1_612' title='bbox 1147 4600 1334 4670; x_wconf 70' lang='grc' dir='ltr'>ἕτερον</span> <span class='ocrx_word' id='word_1_613' title='bbox 1369 4599 1554 4670; x_wconf 74' lang='grc' dir='ltr'>μεῖζον</span> <span class='ocrx_word' id='word_1_614' title='bbox 1587 4601 1694 4653; x_wconf 87' lang='grc' dir='ltr'><strong>τῶν</strong></span> 
     </span>
    </p>
   </div>
   <div class='ocr_carea' id='block_1_81' title="bbox 131 4689 1693 4766">
    <p class='ocr_par' dir='ltr' id='par_1_81' title="bbox 131 4689 1693 4766">
     <span class='ocr_line' id='line_1_81' title="bbox 131 4689 1693 4766; baseline -0.003 -20"><span class='ocrx_word' id='word_1_615' title='bbox 131 4699 437 4766; x_wconf 66' lang='grc' dir='ltr'>εἰρημένων</span> <span class='ocrx_word' id='word_1_616' title='bbox 465 4696 751 4762; x_wconf 74' lang='grc' dir='ltr'>κέκτηται.</span> <span class='ocrx_word' id='word_1_617' title='bbox 788 4694 894 4745; x_wconf 75' lang='grc' dir='ltr'><strong>Καὶ</strong></span> <span class='ocrx_word' id='word_1_618' title='bbox 922 4691 979 4753; x_wconf 81' lang='grc' dir='ltr'><strong>ὃς</strong></span> <span class='ocrx_word' id='word_1_619' title='bbox 1008 4692 1196 4757; x_wconf 76' lang='grc' dir='ltr'>ἔλεγεν</span> <span class='ocrx_word' id='word_1_620' title='bbox 1233 4692 1290 4743; x_wconf 84' lang='grc' dir='ltr'><strong>ἐν</strong></span> <span class='ocrx_word' id='word_1_621' title='bbox 1325 4689 1508 4760; x_wconf 70' lang='grc' dir='ltr'><strong>ἡμέρᾳ.</strong></span> <span class='ocrx_word' id='word_1_622' title='bbox 1542 4693 1693 4743; x_wconf 78' lang='grc' dir='ltr'>ἱππι-</span> 
     </span>
    </p>
   </div>
   <div class='ocr_carea' id='block_1_82' title="bbox 132 4781 1694 4855">
    <p class='ocr_par' dir='ltr' id='par_1_82' title="bbox 132 4781 1694 4855">
     <span class='ocr_line' id='line_1_82' title="bbox 132 4781 1694 4855; baseline 0 -21"><span class='ocrx_word' id='word_1_623' title='bbox 132 4785 223 4836; x_wconf 72' lang='grc' dir='ltr'>κοῦ</span> <span class='ocrx_word' id='word_1_624' title='bbox 254 4785 488 4855; x_wconf 75' lang='grc' dir='ltr'>θεάτρου</span> <span class='ocrx_word' id='word_1_625' title='bbox 527 4783 794 4852; x_wconf 44' lang='grc' dir='ltr'>καθῆσθαι</span> <span class='ocrx_word' id='word_1_626' title='bbox 829 4782 926 4852; x_wconf 78' lang='grc' dir='ltr'>μὲν</span> <span class='ocrx_word' id='word_1_627' title='bbox 955 4785 1011 4834; x_wconf 82' lang='grc' dir='ltr'><strong>ἐν</strong></span> <span class='ocrx_word' id='word_1_628' title='bbox 1050 4781 1128 4850; x_wconf 84' lang='grc' dir='ltr'>τῷ</span> <span class='ocrx_word' id='word_1_629' title='bbox 1161 4784 1380 4852; x_wconf 77' lang='grc' dir='ltr'>συνήθει</span> <span class='ocrx_word' id='word_1_630' title='bbox 1418 4786 1563 4852; x_wconf 77' lang='grc' dir='ltr'>τόπῳ</span> <span class='ocrx_word' id='word_1_631' title='bbox 1601 4787 1694 4834; x_wconf 72' lang='lat' dir='ltr'><strong>at)-</strong></span> 
     </span>
    </p>
   </div>
   <div class='ocr_carea' id='block_1_83' title="bbox 130 4873 1695 4945">
    <p class='ocr_par' dir='ltr' id='par_1_83' title="bbox 130 4873 1695 4945">
     <span class='ocr_line' id='line_1_83' title="bbox 130 4873 1695 4945; baseline 0 -19"><span class='ocrx_word' id='word_1_632' title='bbox 130 4875 243 4936; x_wconf 70' lang='grc' dir='ltr'>τοῦ,</span> <span class='ocrx_word' id='word_1_633' title='bbox 274 4876 351 4945; x_wconf 87' lang='grc' dir='ltr'>μὴ</span> <span class='ocrx_word' id='word_1_634' title='bbox 383 4876 721 4938; x_wconf 81' lang='grc' dir='ltr'>ἐνατενίζειν</span> <span class='ocrx_word' id='word_1_635' title='bbox 755 4875 810 4927; x_wconf 85' lang='grc' dir='ltr'>δὲ</span> <span class='ocrx_word' id='word_1_636' title='bbox 843 4874 918 4942; x_wconf 81' lang='grc' dir='ltr'>τῷ</span> <span class='ocrx_word' id='word_1_637' title='bbox 952 4873 1186 4942; x_wconf 78' lang='grc' dir='ltr'>θεάτρῳ,</span> <span class='ocrx_word' id='word_1_638' title='bbox 1220 4874 1611 4944; x_wconf 67' lang='grc' dir='ltr'>καλλιγραφεῖλ</span> <span class='ocrx_word' id='word_1_639' title='bbox 1641 4876 1695 4926; x_wconf 82' lang='grc' dir='ltr'>δὲ</span> 
     </span>
    </p>
   </div>
   <div class='ocr_carea' id='block_1_84' title="bbox 131 4966 1694 5036">
    <p class='ocr_par' dir='ltr' id='par_1_84' title="bbox 131 4966 1694 5036">
     <span class='ocr_line' id='line_1_84' title="bbox 131 4966 1694 5036; baseline 0 -18"><span class='ocrx_word' id='word_1_640' title='bbox 131 4968 260 5036; x_wconf 82' lang='grc' dir='ltr'>πρὸς</span> <span class='ocrx_word' id='word_1_641' title='bbox 293 4969 530 5032; x_wconf 78' lang='grc' dir='ltr'>τούτοις,</span> <span class='ocrx_word' id='word_1_642' title='bbox 564 4969 656 5021; x_wconf 68' lang='grc' dir='ltr'>καὶ</span> <span class='ocrx_word' id='word_1_643' title='bbox 691 4967 832 5020; x_wconf 78' lang='grc' dir='ltr'>οὕτω</span> <span class='ocrx_word' id='word_1_644' title='bbox 867 4968 964 5036; x_wconf 83' lang='grc' dir='ltr'>τὴν</span> <span class='ocrx_word' id='word_1_645' title='bbox 1010 4967 1152 5036; x_wconf 79' lang='grc' dir='ltr'><strong>ζωὴν</strong></span> <span class='ocrx_word' id='word_1_646' title='bbox 1182 4966 1346 5018; x_wconf 80' lang='grc' dir='ltr'>αὐτοῦ</span> <span class='ocrx_word' id='word_1_647' title='bbox 1390 4967 1511 5029; x_wconf 85' lang='grc' dir='ltr'>ταῖς</span> <span class='ocrx_word' id='word_1_648' title='bbox 1539 4968 1694 5029; x_wconf 75' lang='grc' dir='ltr'>ἰδίαις</span> 
     </span>
    </p>
   </div>
   <div class='ocr_carea' id='block_1_85' title="bbox 130 5060 1695 5131">
    <p class='ocr_par' dir='ltr' id='par_1_85' title="bbox 130 5060 1695 5131">
     <span class='ocr_line' id='line_1_85' title="bbox 130 5060 1695 5131; baseline 0.001 -20"><span class='ocrx_word' id='word_1_649' title='bbox 130 5063 282 5128; x_wconf 73' lang='grc' dir='ltr'>χερσὶ</span> <span class='ocrx_word' id='word_1_650' title='bbox 349 5064 702 5131; x_wconf 66' lang='grc' dir='ltr'>συγκρατεῖ).</span> <span class='ocrx_word' id='word_1_651' title='bbox 741 5060 960 5122; x_wconf 78' lang='grc' dir='ltr'>Τούτων</span> <span class='ocrx_word' id='word_1_652' title='bbox 991 5061 1225 5120; x_wconf 65' lang='grc' dir='ltr'>ἀκούσας</span> <span class='ocrx_word' id='word_1_653' title='bbox 1270 5063 1295 5112; x_wconf 79' lang='grc' dir='ltr'>ὁ</span> <span class='ocrx_word' id='word_1_654' title='bbox 1341 5060 1568 5128; x_wconf 75' lang='grc' dir='ltr'>μοναχὸς</span> <span class='ocrx_word' id='word_1_655' title='bbox 1609 5079 1695 5114; x_wconf 89' lang='grc' dir='ltr'>το-</span> 
     </span>
    </p>
   </div>
   <div class='ocr_carea' id='block_1_86' title="bbox 133 5151 1688 5222">
    <p class='ocr_par' dir='ltr' id='par_1_86' title="bbox 133 5151 1688 5222">
     <span class='ocr_line' id='line_1_86' title="bbox 133 5151 1688 5222; baseline 0.004 -22"><span class='ocrx_word' id='word_1_656' title='bbox 133 5151 332 5222; x_wconf 86' lang='grc' dir='ltr'>σαύτην</span> <span class='ocrx_word' id='word_1_657' title='bbox 360 5151 578 5216; x_wconf 75' lang='grc' dir='ltr'>ἐδέξατο</span> <span class='ocrx_word' id='word_1_658' title='bbox 621 5151 880 5221; x_wconf 75' lang='grc' dir='ltr'>ἒκπληξιν</span> <span class='ocrx_word' id='word_1_659' title='bbox 905 5151 976 5214; x_wconf 83' lang='grc' dir='ltr'><strong>ὼς</strong></span> <span class='ocrx_word' id='word_1_660' title='bbox 1009 5153 1104 5204; x_wconf 73' lang='grc' dir='ltr'>καὶ</span> <span class='ocrx_word' id='word_1_661' title='bbox 1148 5152 1334 5203; x_wconf 69' lang='grc' dir='ltr'>ἑαυτὸν</span> <span class='ocrx_word' id='word_1_662' title='bbox 1375 5154 1688 5222; x_wconf 75' lang='grc' dir='ltr'>ἀγαπῆσαι,</span> 
     </span>
    </p>
   </div>
   <div class='ocr_carea' id='block_1_87' title="bbox 131 5243 1550 5314">
    <p class='ocr_par' dir='ltr' id='par_1_87' title="bbox 131 5243 1550 5314">
     <span class='ocr_line' id='line_1_87' title="bbox 131 5243 1550 5314; baseline 0.001 -20"><span class='ocrx_word' id='word_1_663' title='bbox 131 5243 209 5296; x_wconf 78' lang='grc' dir='ltr'>ὅτι</span> <span class='ocrx_word' id='word_1_664' title='bbox 239 5244 488 5313; x_wconf 87' lang='grc' dir='ltr'>τοσούτῳ</span> <span class='ocrx_word' id='word_1_665' title='bbox 515 5246 610 5308; x_wconf 83' lang='grc' dir='ltr'>τὴν</span> <span class='ocrx_word' id='word_1_666' title='bbox 641 5246 842 5312; x_wconf 72' lang='grc' dir='ltr'>ἀρετὴν</span> <span class='ocrx_word' id='word_1_667' title='bbox 870 5243 1140 5314; x_wconf 74' lang='grc' dir='ltr'>ἀνθρώπῳ</span> <span class='ocrx_word' id='word_1_668' title='bbox 1172 5243 1550 5310; x_wconf 63' lang='grc' dir='ltr'>συντέτακται,</span> 
     </span>
    </p>
   </div>
   <div class='ocr_carea' id='block_1_88' title="bbox 1791 3679 3355 3750">
    <p class='ocr_par' dir='ltr' id='par_1_88' title="bbox 1791 3679 3355 3750">
     <span class='ocr_line' id='line_1_88' title="bbox 1791 3679 3355 3750; baseline 0.001 -16"><span class='ocrx_word' id='word_1_669' title='bbox 1791 3681 2016 3734; x_wconf 73' lang='lat' dir='ltr'><strong>occulta:</strong></span> <span class='ocrx_word' id='word_1_670' title='bbox 2055 3683 2276 3734; x_wconf 77' lang='lat' dir='ltr'><strong>virtutis</strong></span> <span class='ocrx_word' id='word_1_671' title='bbox 2319 3679 2613 3741; x_wconf 76' lang='lat' dir='ltr'><strong>exstiterit,</strong></span> <span class='ocrx_word' id='word_1_672' title='bbox 2641 3679 2723 3732; x_wconf 80' lang='lat' dir='ltr'><strong>vel</strong></span> <span class='ocrx_word' id='word_1_673' title='bbox 2772 3679 2900 3733; x_wconf 92' lang='lat' dir='ltr'><strong>hinc</strong></span> <span class='ocrx_word' id='word_1_674' title='bbox 2928 3680 3108 3750; x_wconf 80' lang='lat' dir='ltr'><strong>colligi</strong></span> <span class='ocrx_word' id='word_1_675' title='bbox 3156 3690 3355 3749; x_wconf 83' lang='lat' dir='ltr'><strong>potest.</strong></span> 
     </span>
    </p>
   </div>
   <div class='ocr_carea' id='block_1_89' title="bbox 1791 3772 3357 3844">
    <p class='ocr_par' dir='ltr' id='par_1_89' title="bbox 1791 3772 3357 3844">
     <span class='ocr_line' id='line_1_89' title="bbox 1791 3772 3357 3844; baseline -0.001 -17"><span class='ocrx_word' id='word_1_676' title='bbox 1791 3773 1920 3827; x_wconf 85' lang='lat' dir='ltr'><strong>Erat</strong></span> <span class='ocrx_word' id='word_1_677' title='bbox 1952 3773 2172 3844; x_wconf 87' lang='lat' dir='ltr'><strong>quidam</strong></span> <span class='ocrx_word' id='word_1_678' title='bbox 2205 3772 2463 3825; x_wconf 67' lang='lat' dir='ltr'><strong>solitaria:</strong></span> <span class='ocrx_word' id='word_1_679' title='bbox 2506 3772 2627 3825; x_wconf 79' lang='lat' dir='ltr'><strong>vita:</strong></span> <span class='ocrx_word' id='word_1_680' title='bbox 2657 3780 2914 3834; x_wconf 87' lang='lat' dir='ltr'><strong>sectator,</strong></span> <span class='ocrx_word' id='word_1_681' title='bbox 2947 3773 3039 3840; x_wconf 87' lang='lat' dir='ltr'><strong>qui</strong></span> <span class='ocrx_word' id='word_1_682' title='bbox 3072 3789 3194 3826; x_wconf 86' lang='lat' dir='ltr'><strong>cum</strong></span> <span class='ocrx_word' id='word_1_683' title='bbox 3251 3775 3357 3827; x_wconf 78' lang='lat' dir='ltr'><strong>lleo</strong></span> 
     </span>
    </p>
   </div>
   <div class='ocr_carea' id='block_1_90' title="bbox 1792 3846 3357 3932">
    <p class='ocr_par' dir='ltr' id='par_1_90' title="bbox 1792 3846 3357 3932">
     <span class='ocr_line' id='line_1_90' title="bbox 1792 3846 3357 3932; baseline 0 -15"><span class='ocrx_word' id='word_1_684' title='bbox 1792 3865 1860 3918; x_wconf 74' lang='grc'><strong>40</strong></span> <span class='ocrx_word' id='word_1_685' title='bbox 1887 3875 2028 3919; x_wconf 90' lang='lat' dir='ltr'><strong>totos</strong></span> <span class='ocrx_word' id='word_1_686' title='bbox 2061 3879 2235 3918; x_wconf 90' lang='lat' dir='ltr'><strong>annos</strong></span> <span class='ocrx_word' id='word_1_687' title='bbox 2262 3865 2334 3917; x_wconf 87' lang='lat' dir='ltr'><strong>ita</strong></span> <span class='ocrx_word' id='word_1_688' title='bbox 2382 3863 2661 3917; x_wconf 84' lang='lat' dir='ltr'><strong>serriissct</strong></span> <span class='ocrx_word' id='word_1_689' title='bbox 2709 3872 2767 3916; x_wconf 88' lang='lat' dir='ltr'><strong>ut</strong></span> <span class='ocrx_word' id='word_1_690' title='bbox 2795 3864 2973 3927; x_wconf 90' lang='lat' dir='ltr'><strong>decet,</strong></span> <span class='ocrx_word' id='word_1_691' title='bbox 3008 3846 3255 3932; x_wconf 80' lang='lat' dir='ltr'><strong>magnam</strong></span> <span class='ocrx_word' id='word_1_692' title='bbox 3291 3871 3357 3917; x_wconf 83' lang='lat' dir='ltr'><strong>de</strong></span> 
     </span>
    </p>
   </div>
   <div class='ocr_carea' id='block_1_91' title="bbox 1793 3944 3358 4026">
    <p class='ocr_par' dir='ltr' id='par_1_91' title="bbox 1793 3944 3358 4026">
     <span class='ocr_line' id='line_1_91' title="bbox 1793 3944 3358 4026; baseline -0.003 -15"><span class='ocrx_word' id='word_1_693' title='bbox 1793 3973 1851 4011; x_wconf 84' lang='lat' dir='ltr'><strong>se</strong></span> <span class='ocrx_word' id='word_1_694' title='bbox 1881 3944 2171 4026; x_wconf 79' lang='lat' dir='ltr'><strong>quamdam</strong></span> <span class='ocrx_word' id='word_1_695' title='bbox 2214 3956 2527 4024; x_wconf 88' lang='lat' dir='ltr'><strong>opinionem</strong></span> <span class='ocrx_word' id='word_1_696' title='bbox 2563 3963 2909 4023; x_wconf 83' lang='lat' dir='ltr'><strong>conceperat.</strong></span> <span class='ocrx_word' id='word_1_697' title='bbox 2948 3955 3130 4023; x_wconf 89' lang='lat' dir='ltr'><strong>Itaque</strong></span> <span class='ocrx_word' id='word_1_698' title='bbox 3154 3970 3358 4024; x_wconf 85' lang='lat' dir='ltr'><strong>cogno-</strong></span> 
     </span>
    </p>
   </div>
   <div class='ocr_carea' id='block_1_92' title="bbox 1795 4046 3356 4117">
    <p class='ocr_par' dir='ltr' id='par_1_92' title="bbox 1795 4046 3356 4117">
     <span class='ocr_line' id='line_1_92' title="bbox 1795 4046 3356 4117; baseline -0.004 -12"><span class='ocrx_word' id='word_1_699' title='bbox 1795 4065 1953 4105; x_wconf 89' lang='lat' dir='ltr'><strong>scere</strong></span> <span class='ocrx_word' id='word_1_700' title='bbox 1985 4049 2240 4117; x_wconf 88' lang='lat' dir='ltr'><strong>eupiebat</strong></span> <span class='ocrx_word' id='word_1_701' title='bbox 2269 4061 2504 4115; x_wconf 88' lang='lat' dir='ltr'><strong>quonam</strong></span> <span class='ocrx_word' id='word_1_702' title='bbox 2543 4061 2600 4100; x_wconf 92' lang='lat' dir='ltr'><strong>se</strong></span> <span class='ocrx_word' id='word_1_703' title='bbox 2636 4047 2756 4099; x_wconf 86' lang='lat' dir='ltr'><strong>loco</strong></span> <span class='ocrx_word' id='word_1_704' title='bbox 2804 4047 2944 4099; x_wconf 86' lang='lat' dir='ltr'><strong>Deus</strong></span> <span class='ocrx_word' id='word_1_705' title='bbox 2975 4046 3219 4101; x_wconf 84' lang='lat' dir='ltr'><strong>haberet.</strong></span> <span class='ocrx_word' id='word_1_706' title='bbox 3275 4048 3356 4098; x_wconf 83' lang='lat' dir='ltr'><strong>Si-</strong></span> 
     </span>
    </p>
   </div>
   <div class='ocr_carea' id='block_1_93' title="bbox 1795 4137 3357 4213">
    <p class='ocr_par' dir='ltr' id='par_1_93' title="bbox 1795 4137 3357 4213">
     <span class='ocr_line' id='line_1_93' title="bbox 1795 4137 3357 4213; baseline -0.003 -20"><span class='ocrx_word' id='word_1_707' title='bbox 1795 4142 2083 4213; x_wconf 81' lang='lat' dir='ltr'><strong>gttiticatur</strong></span> <span class='ocrx_word' id='word_1_708' title='bbox 2112 4140 2162 4194; x_wconf 92' lang='lat' dir='ltr'><strong>ei</strong></span> <span class='ocrx_word' id='word_1_709' title='bbox 2199 4140 2463 4193; x_wconf 81' lang='lat' dir='ltr'><strong>divinitus</strong></span> <span class='ocrx_word' id='word_1_710' title='bbox 2499 4139 2817 4206; x_wconf 86' lang='lat' dir='ltr'><strong>imperatori</strong></span> <span class='ocrx_word' id='word_1_711' title='bbox 2837 4137 3149 4190; x_wconf 80' lang='lat' dir='ltr'><strong>Theodosio</strong></span> <span class='ocrx_word' id='word_1_712' title='bbox 3173 4153 3357 4207; x_wconf 86' lang='lat' dir='ltr'><strong>parem</strong></span> 
     </span>
    </p>
   </div>
   <div class='ocr_carea' id='block_1_94' title="bbox 1796 4231 3361 4301">
    <p class='ocr_par' dir='ltr' id='par_1_94' title="bbox 1796 4231 3361 4301">
     <span class='ocr_line' id='line_1_94' title="bbox 1796 4231 3361 4301; baseline -0.004 -14"><span class='ocrx_word' id='word_1_713' title='bbox 1796 4249 1934 4287; x_wconf 88' lang='lat' dir='ltr'><strong>esse.</strong></span> <span class='ocrx_word' id='word_1_714' title='bbox 1968 4232 2314 4301; x_wconf 84' lang='lat' dir='ltr'><strong>Quapropter</strong></span> <span class='ocrx_word' id='word_1_715' title='bbox 2345 4232 2410 4285; x_wconf 83' lang='lat' dir='ltr'><strong>ad</strong></span> <span class='ocrx_word' id='word_1_716' title='bbox 2439 4233 2823 4300; x_wconf 84' lang='lat' dir='ltr'><strong>imperatorem</strong></span> <span class='ocrx_word' id='word_1_717' title='bbox 2859 4246 2916 4285; x_wconf 88' lang='lat' dir='ltr'><strong>se</strong></span> <span class='ocrx_word' id='word_1_718' title='bbox 2943 4231 3175 4293; x_wconf 79' lang='lat' dir='ltr'><strong>confert,</strong></span> <span class='ocrx_word' id='word_1_719' title='bbox 3217 4231 3361 4286; x_wconf 85' lang='lat' dir='ltr'><strong>illius</strong></span> 
     </span>
    </p>
   </div>
   <div class='ocr_carea' id='block_1_95' title="bbox 1797 4313 3359 4397">
    <p class='ocr_par' dir='ltr' id='par_1_95' title="bbox 1797 4313 3359 4397">
     <span class='ocr_line' id='line_1_95' title="bbox 1797 4313 3359 4397; baseline -0.003 -19"><span class='ocrx_word' id='word_1_720' title='bbox 1797 4335 2000 4397; x_wconf 86' lang='lat' dir='ltr'><strong>quanta</strong></span> <span class='ocrx_word' id='word_1_721' title='bbox 2030 4325 2205 4378; x_wconf 81' lang='lat' dir='ltr'><strong>virtus</strong></span> <span class='ocrx_word' id='word_1_722' title='bbox 2235 4313 2688 4392; x_wconf 16' lang='lat' dir='ltr'><strong>foret‘explorare</strong></span> <span class='ocrx_word' id='word_1_723' title='bbox 2719 4323 2933 4378; x_wconf 88' lang='lat' dir='ltr'><strong>nititur.</strong></span> <span class='ocrx_word' id='word_1_724' title='bbox 2995 4322 3051 4374; x_wconf 87' lang='lat' dir='ltr'><strong>Ei</strong></span> <span class='ocrx_word' id='word_1_725' title='bbox 3090 4323 3359 4389; x_wconf 82' lang='lat' dir='ltr'><strong>permulta</strong></span> 
     </span>
    </p>
   </div>
   <div class='ocr_carea' id='block_1_96' title="bbox 1799 4412 3364 4487">
    <p class='ocr_par' dir='ltr' id='par_1_96' title="bbox 1799 4412 3364 4487">
     <span class='ocr_line' id='line_1_96' title="bbox 1799 4412 3364 4487; baseline -0.005 -15"><span class='ocrx_word' id='word_1_726' title='bbox 1799 4416 2052 4487; x_wconf 84' lang='lat' dir='ltr'><strong>patefacit</strong></span> <span class='ocrx_word' id='word_1_727' title='bbox 2090 4418 2403 4484; x_wconf 68' lang='lat' dir='ltr'><strong>imperator,</strong></span> <span class='ocrx_word' id='word_1_728' title='bbox 2449 4414 2600 4468; x_wconf 78' lang='lat' dir='ltr'><strong>verbi</strong></span> <span class='ocrx_word' id='word_1_729' title='bbox 2632 4413 2805 4483; x_wconf 83' lang='lat' dir='ltr'><strong>gratia</strong></span> <span class='ocrx_word' id='word_1_730' title='bbox 2853 4413 2998 4482; x_wconf 91' lang='lat' dir='ltr'><strong>quod</strong></span> <span class='ocrx_word' id='word_1_731' title='bbox 3038 4412 3207 4464; x_wconf 79' lang='lat' dir='ltr'><strong>aridis</strong></span> <span class='ocrx_word' id='word_1_732' title='bbox 3246 4421 3364 4464; x_wconf 90' lang='lat' dir='ltr'><strong>tau-</strong></span> 
     </span>
    </p>
   </div>
   <div class='ocr_carea' id='block_1_97' title="bbox 1800 4505 3364 4578">
    <p class='ocr_par' dir='ltr' id='par_1_97' title="bbox 1800 4505 3364 4578">
     <span class='ocr_line' id='line_1_97' title="bbox 1800 4505 3364 4578; baseline -0.004 -16"><span class='ocrx_word' id='word_1_733' title='bbox 1800 4519 1910 4563; x_wconf 90' lang='lat' dir='ltr'><strong>tum</strong></span> <span class='ocrx_word' id='word_1_734' title='bbox 1944 4509 2081 4563; x_wconf 90' lang='lat' dir='ltr'><strong>cibis</strong></span> <span class='ocrx_word' id='word_1_735' title='bbox 2111 4509 2409 4578; x_wconf 79' lang='lat' dir='ltr'><strong>degustatis</strong></span> <span class='ocrx_word' id='word_1_736' title='bbox 2440 4507 2686 4571; x_wconf 76' lang='lat' dir='ltr'><strong>cubaret,</strong></span> <span class='ocrx_word' id='word_1_737' title='bbox 2717 4505 2862 4575; x_wconf 85' lang='lat' dir='ltr'><strong>quod</strong></span> <span class='ocrx_word' id='word_1_738' title='bbox 2889 4520 3083 4572; x_wconf 83' lang='lat' dir='ltr'><strong>aspera</strong></span> <span class='ocrx_word' id='word_1_739' title='bbox 3114 4514 3364 4559; x_wconf 91' lang='lat' dir='ltr'><strong>uteretur</strong></span> 
     </span>
    </p>
   </div>
   <div class='ocr_carea' id='block_1_98' title="bbox 1799 4602 3361 4674">
    <p class='ocr_par' dir='ltr' id='par_1_98' title="bbox 1799 4602 3361 4674">
     <span class='ocr_line' id='line_1_98' title="bbox 1799 4602 3361 4674; baseline -0.004 -13"><span class='ocrx_word' id='word_1_740' title='bbox 1799 4607 2055 4663; x_wconf 82' lang='lat' dir='ltr'><strong>interula.</strong></span> <span class='ocrx_word' id='word_1_741' title='bbox 2109 4606 2252 4674; x_wconf 89' lang='lat' dir='ltr'><strong>quod</strong></span> <span class='ocrx_word' id='word_1_742' title='bbox 2303 4605 2600 4662; x_wconf 86' lang='lat' dir='ltr'><strong>abstineret</strong></span> <span class='ocrx_word' id='word_1_743' title='bbox 2646 4603 2714 4656; x_wconf 90' lang='lat' dir='ltr'><strong>ab</strong></span> <span class='ocrx_word' id='word_1_744' title='bbox 2763 4603 2950 4660; x_wconf 64' lang='lat' dir='ltr'><strong>nitoris</strong></span> <span class='ocrx_word' id='word_1_745' title='bbox 2999 4602 3361 4672; x_wconf 75' lang='lat' dir='ltr'><strong>amplexibus,</strong></span> 
     </span>
    </p>
   </div>
   <div class='ocr_carea' id='block_1_99' title="bbox 1797 4694 3360 4769">
    <p class='ocr_par' dir='ltr' id='par_1_99' title="bbox 1797 4694 3360 4769">
     <span class='ocr_line' id='line_1_99' title="bbox 1797 4694 3360 4769; baseline -0.003 -18"><span class='ocrx_word' id='word_1_746' title='bbox 1797 4699 1941 4769; x_wconf 88' lang='lat' dir='ltr'><strong>qttod</strong></span> <span class='ocrx_word' id='word_1_747' title='bbox 1984 4697 2289 4769; x_wconf 85' lang='lat' dir='ltr'><strong>jcjttuaret‘,</strong></span> <span class='ocrx_word' id='word_1_748' title='bbox 2332 4694 2476 4761; x_wconf 87' lang='lat' dir='ltr'><strong>quod</strong></span> <span class='ocrx_word' id='word_1_749' title='bbox 2533 4695 2926 4768; x_wconf 77' lang='lat' dir='ltr'><strong>benignitatem</strong></span> <span class='ocrx_word' id='word_1_750' title='bbox 2982 4704 3267 4751; x_wconf 86' lang='lat' dir='ltr'><strong>exerceret</strong></span> <span class='ocrx_word' id='word_1_751' title='bbox 3310 4694 3360 4746; x_wconf 92' lang='lat' dir='ltr'><strong>in</strong></span> 
     </span>
    </p>
   </div>
   <div class='ocr_carea' id='block_1_100' title="bbox 1800 4785 3365 4860">
    <p class='ocr_par' dir='ltr' id='par_1_100' title="bbox 1800 4785 3365 4860">
     <span class='ocr_line' id='line_1_100' title="bbox 1800 4785 3365 4860; baseline -0.002 -19"><span class='ocrx_word' id='word_1_752' title='bbox 1800 4806 2087 4860; x_wconf 83' lang='lat' dir='ltr'><strong>pauperes,</strong></span> <span class='ocrx_word' id='word_1_753' title='bbox 2140 4788 2283 4858; x_wconf 82' lang='lat' dir='ltr'><strong>quod</strong></span> <span class='ocrx_word' id='word_1_754' title='bbox 2342 4788 2568 4857; x_wconf 69' lang='lat' dir='ltr'><strong>justitia‘:</strong></span> <span class='ocrx_word' id='word_1_755' title='bbox 2616 4786 2883 4842; x_wconf 88' lang='lat' dir='ltr'><strong>rationem</strong></span> <span class='ocrx_word' id='word_1_756' title='bbox 2947 4785 3000 4838; x_wconf 83' lang='lat' dir='ltr'><strong>in</strong></span> <span class='ocrx_word' id='word_1_757' title='bbox 3051 4786 3365 4846; x_wconf 74' lang='lat' dir='ltr'><strong>actionibus</strong></span> 
     </span>
    </p>
   </div>
   <div class='ocr_carea' id='block_1_101' title="bbox 1801 4865 3367 4948">
    <p class='ocr_par' dir='ltr' id='par_1_101' title="bbox 1801 4865 3367 4948">
     <span class='ocr_line' id='line_1_101' title="bbox 1801 4865 3367 4948; baseline -0.004 -10"><span class='ocrx_word' id='word_1_758' title='bbox 1801 4887 1914 4938; x_wconf 76' lang='lat' dir='ltr'><strong>suis</strong></span> <span class='ocrx_word' id='word_1_759' title='bbox 1972 4865 2216 4944; x_wconf 82' lang='lat' dir='ltr'><strong>haberet,</strong></span> <span class='ocrx_word' id='word_1_760' title='bbox 2247 4881 2462 4948; x_wconf 87' lang='lat' dir='ltr'><strong>aliaque</strong></span> <span class='ocrx_word' id='word_1_761' title='bbox 2517 4878 2665 4932; x_wconf 88' lang='lat' dir='ltr'><strong>talia.</strong></span> <span class='ocrx_word' id='word_1_762' title='bbox 2710 4877 2848 4931; x_wconf 83' lang='lat' dir='ltr'><strong>Cum</strong></span> <span class='ocrx_word' id='word_1_763' title='bbox 2897 4878 3010 4931; x_wconf 70' lang='lat' dir='ltr'><strong>haec</strong></span> <span class='ocrx_word' id='word_1_764' title='bbox 3049 4886 3367 4935; x_wconf 78' lang='lat' dir='ltr'><strong>enumerata</strong></span> 
     </span>
    </p>
   </div>
   <div class='ocr_carea' id='block_1_102' title="bbox 1800 4969 3377 5043">
    <p class='ocr_par' dir='ltr' id='par_1_102' title="bbox 1800 4969 3377 5043">
     <span class='ocr_line' id='line_1_102' title="bbox 1800 4969 3377 5043; baseline -0.001 -18"><span class='ocrx_word' id='word_1_765' title='bbox 1800 4990 1990 5043; x_wconf 87' lang='lat' dir='ltr'><strong>parum</strong></span> <span class='ocrx_word' id='word_1_766' title='bbox 2028 4973 2295 5028; x_wconf 87' lang='lat' dir='ltr'><strong>monacho</strong></span> <span class='ocrx_word' id='word_1_767' title='bbox 2336 4969 2735 5033; x_wconf 80' lang='lat' dir='ltr'><strong>satisfacerent,</strong></span> <span class='ocrx_word' id='word_1_768' title='bbox 2772 4969 3156 5038; x_wconf 88' lang='lat' dir='ltr'><strong>imperatorem</strong></span> <span class='ocrx_word' id='word_1_769' title='bbox 3207 4970 3377 5026; x_wconf 73' lang='lat' dir='ltr'><strong>fateri.</strong></span> 
     </span>
    </p>
   </div>
   <div class='ocr_carea' id='block_1_103' title="bbox 1797 5063 3378 5142">
    <p class='ocr_par' dir='ltr' id='par_1_103' title="bbox 1797 5063 3378 5142">
     <span class='ocr_line' id='line_1_103' title="bbox 1797 5063 3378 5142; baseline -0.005 -22"><span class='ocrx_word' id='word_1_770' title='bbox 1797 5067 1955 5142; x_wconf 72' lang='lat'><strong>262</strong></span> <span class='ocrx_word' id='word_1_771' title='bbox 1977 5065 2174 5135; x_wconf 81' lang='lat' dir='ltr'><strong>coegit,</strong></span> <span class='ocrx_word' id='word_1_772' title='bbox 2213 5081 2339 5117; x_wconf 85' lang='lat' dir='ltr'><strong>nutu</strong></span> <span class='ocrx_word' id='word_1_773' title='bbox 2364 5064 2491 5133; x_wconf 87' lang='lat' dir='ltr'><strong>quid</strong></span> <span class='ocrx_word' id='word_1_774' title='bbox 2517 5063 2598 5116; x_wconf 84' lang='lat' dir='ltr'><strong>bis</strong></span> <span class='ocrx_word' id='word_1_775' title='bbox 2628 5063 2803 5133; x_wconf 85' lang='lat' dir='ltr'><strong>majus</strong></span> <span class='ocrx_word' id='word_1_776' title='bbox 2826 5065 2892 5115; x_wconf 90' lang='lat' dir='ltr'><strong>ab</strong></span> <span class='ocrx_word' id='word_1_777' title='bbox 2929 5063 3044 5130; x_wconf 88' lang='lat' dir='ltr'><strong>ipso</strong></span> <span class='ocrx_word' id='word_1_778' title='bbox 3083 5072 3378 5138; x_wconf 15' lang='lat' dir='ltr'><strong>llrJESlill‘C-l</strong></span> 
     </span>
    </p>
   </div>
   <div class='ocr_carea' id='block_1_104' title="bbox 1803 5152 3366 5223">
    <p class='ocr_par' dir='ltr' id='par_1_104' title="bbox 1803 5152 3366 5223">
     <span class='ocr_line' id='line_1_104' title="bbox 1803 5152 3366 5223; baseline -0.004 -12"><span class='ocrx_word' id='word_1_779' title='bbox 1803 5169 1910 5212; x_wconf 88' lang='lat' dir='ltr'><strong>tttr.</strong></span> <span class='ocrx_word' id='word_1_780' title='bbox 1937 5155 2074 5208; x_wconf 89' lang='lat' dir='ltr'><strong>Tum</strong></span> <span class='ocrx_word' id='word_1_781' title='bbox 2111 5157 2406 5223; x_wconf 83' lang='lat' dir='ltr'><strong>imperator</strong></span> <span class='ocrx_word' id='word_1_782' title='bbox 2439 5169 2452 5204; x_wconf 90' lang='lat'>:</span> <span class='ocrx_word' id='word_1_783' title='bbox 2492 5171 2510 5204; x_wconf 79' lang='grc' dir='ltr'><strong>ι</strong></span> <span class='ocrx_word' id='word_1_784' title='bbox 2547 5153 2776 5219; x_wconf 82' lang='lat' dir='ltr'><strong>Quibus,</strong></span> <span class='ocrx_word' id='word_1_785' title='bbox 2813 5153 2908 5217; x_wconf 87' lang='lat' dir='ltr'><strong>ait,</strong></span> <span class='ocrx_word' id='word_1_786' title='bbox 2959 5152 3154 5204; x_wconf 64' lang='lat' dir='ltr'><strong>dit-bus</strong></span> <span class='ocrx_word' id='word_1_787' title='bbox 3199 5169 3366 5220; x_wconf 83' lang='lat' dir='ltr'><strong>eque-</strong></span> 
     </span>
    </p>
   </div>
   <div class='ocr_carea' id='block_1_105' title="bbox 1803 5243 3362 5313">
    <p class='ocr_par' dir='ltr' id='par_1_105' title="bbox 1803 5243 3362 5313">
     <span class='ocr_line' id='line_1_105' title="bbox 1803 5243 3362 5313; baseline -0.008 -10"><span class='ocrx_word' id='word_1_788' title='bbox 1803 5247 2001 5303; x_wconf 85' lang='lat' dir='ltr'><strong>Strium</strong></span> <span class='ocrx_word' id='word_1_789' title='bbox 2028 5245 2390 5306; x_wconf 82' lang='lat' dir='ltr'><strong>certaminum</strong></span> <span class='ocrx_word' id='word_1_790' title='bbox 2410 5245 2716 5313; x_wconf 76' lang='lat' dir='ltr'><strong>spectacula</strong></span> <span class='ocrx_word' id='word_1_791' title='bbox 2738 5244 3086 5302; x_wconf 78' lang='lat' dir='ltr'><strong>exhibentur,</strong></span> <span class='ocrx_word' id='word_1_792' title='bbox 3112 5243 3362 5311; x_wconf 74' lang='lat' dir='ltr'><strong>equidem</strong></span> 
     </span>
    </p>
   </div>
   <div class='ocr_carea' id='block_1_106' title="bbox 132 5330 3369 5403">
    <p class='ocr_par' dir='ltr' id='par_1_106' title="bbox 132 5330 3369 5403">
     <span class='ocr_line' id='line_1_106' title="bbox 132 5330 3369 5403; baseline -0.004 -13"><span class='ocrx_word' id='word_1_793' title='bbox 132 5345 396 5390; x_wconf 79' lang='lat' dir='ltr'><strong>Consueto</strong></span> <span class='ocrx_word' id='word_1_794' title='bbox 435 5335 554 5388; x_wconf 84' lang='lat' dir='ltr'><strong>loco</strong></span> <span class='ocrx_word' id='word_1_795' title='bbox 588 5337 774 5398; x_wconf 86' lang='lat' dir='ltr'><strong>sedeo,</strong></span> <span class='ocrx_word' id='word_1_796' title='bbox 811 5351 998 5388; x_wconf 78' lang='lat' dir='ltr'><strong>rerum</strong></span> <span class='ocrx_word' id='word_1_797' title='bbox 1029 5334 1220 5387; x_wconf 91' lang='lat' dir='ltr'><strong>oculos</strong></span> <span class='ocrx_word' id='word_1_798' title='bbox 1262 5335 1316 5388; x_wconf 91' lang='lat' dir='ltr'><strong>in</strong></span> <span class='ocrx_word' id='word_1_799' title='bbox 1345 5334 1462 5403; x_wconf 80' lang='lat' dir='ltr'><strong>ipsa</strong></span> <span class='ocrx_word' id='word_1_800' title='bbox 1491 5336 1798 5403; x_wconf 87' lang='lat' dir='ltr'><strong>spectacula</strong></span> <span class='ocrx_word' id='word_1_801' title='bbox 1839 5336 2044 5389; x_wconf 85' lang='lat' dir='ltr'><strong>defixos</strong></span> <span class='ocrx_word' id='word_1_802' title='bbox 2086 5352 2190 5388; x_wconf 90' lang='lat' dir='ltr'><strong>nou</strong></span> <span class='ocrx_word' id='word_1_803' title='bbox 2223 5335 2420 5388; x_wconf 89' lang='lat' dir='ltr'><strong>habeo.</strong></span> <span class='ocrx_word' id='word_1_804' title='bbox 2457 5352 2476 5387; x_wconf 72' lang='grc' dir='ltr'><strong>ι</strong></span> <span class='ocrx_word' id='word_1_805' title='bbox 2522 5335 2789 5388; x_wconf 67' lang='lat' dir='ltr'><strong>Prazterea</strong></span> <span class='ocrx_word' id='word_1_806' title='bbox 2835 5334 3012 5385; x_wconf 78' lang='lat' dir='ltr'><strong>fassus</strong></span> <span class='ocrx_word' id='word_1_807' title='bbox 3083 5343 3164 5383; x_wconf 86' lang='lat' dir='ltr'><strong>est</strong></span> <span class='ocrx_word' id='word_1_808' title='bbox 3206 5346 3262 5381; x_wconf 81' lang='lat' dir='ltr'><strong>se</strong></span> <span class='ocrx_word' id='word_1_809' title='bbox 3306 5330 3369 5378; x_wconf 76' lang='lat' dir='ltr'><strong>li-</strong></span> 
     </span>
    </p>
   </div>
   <div class='ocr_carea' id='block_1_107' title="bbox 133 5426 3366 5501">
    <p class='ocr_par' dir='ltr' id='par_1_107' title="bbox 133 5426 3366 5501">
     <span class='ocr_line' id='line_1_107' title="bbox 133 5426 3366 5501; baseline -0.001 -21"><span class='ocrx_word' id='word_1_810' title='bbox 133 5429 258 5482; x_wconf 90' lang='lat' dir='ltr'><strong>bros</strong></span> <span class='ocrx_word' id='word_1_811' title='bbox 315 5431 598 5499; x_wconf 76' lang='lat' dir='ltr'><strong>eleganter</strong></span> <span class='ocrx_word' id='word_1_812' title='bbox 649 5445 712 5484; x_wconf 91' lang='lat' dir='ltr'><strong>ac</strong></span> <span class='ocrx_word' id='word_1_813' title='bbox 747 5431 950 5486; x_wconf 87' lang='lat' dir='ltr'><strong>munde</strong></span> <span class='ocrx_word' id='word_1_814' title='bbox 1000 5429 1337 5495; x_wconf 83' lang='lat' dir='ltr'><strong>describere,</strong></span> <span class='ocrx_word' id='word_1_815' title='bbox 1381 5441 1543 5500; x_wconf 90' lang='lat' dir='ltr'><strong>atque</strong></span> <span class='ocrx_word' id='word_1_816' title='bbox 1597 5433 1700 5487; x_wconf 90' lang='lat' dir='ltr'><strong>hoc</strong></span> <span class='ocrx_word' id='word_1_817' title='bbox 1735 5442 1894 5501; x_wconf 80' lang='lat' dir='ltr'><strong>pacto</strong></span> <span class='ocrx_word' id='word_1_818' title='bbox 1921 5431 2502 5487; x_wconf 86' lang='lat' dir='ltr'><strong>suismetlaborantem</strong></span> <span class='ocrx_word' id='word_1_819' title='bbox 2571 5430 2825 5484; x_wconf 89' lang='lat' dir='ltr'><strong>manibus</strong></span> <span class='ocrx_word' id='word_1_820' title='bbox 2875 5430 3038 5482; x_wconf 72' lang='lat' dir='ltr'><strong>vitam</strong></span> <span class='ocrx_word' id='word_1_821' title='bbox 3071 5426 3366 5482; x_wconf 73' lang='lat' dir='ltr'><strong>sustinere.</strong></span> 
     </span>
    </p>
   </div>
   <div class='ocr_carea' id='block_1_108' title="bbox 206 5609 1684 5694">
    <p class='ocr_par' dir='ltr' id='par_1_108' title="bbox 206 5613 1684 5694">
     <span class='ocr_line' id='line_1_108' title="bbox 206 5613 1684 5694; baseline 0.001 -28"><span class='ocrx_word' id='word_1_822' title='bbox 206 5613 910 5694; x_wconf 50' lang='lat' dir='ltr'><strong>(8|)_i.teultclzt\&#39;itts_\‘t‘t&#39;tit</strong></span> <span class='ocrx_word' id='word_1_823' title='bbox 947 5616 1311 5684; x_wconf 67' lang='lat' dir='ltr'><strong>Eqpoxmtiav,</strong></span> <span class='ocrx_word' id='word_1_824' title='bbox 1361 5619 1527 5670; x_wconf 79' lang='lat' dir='ltr'><strong>aridis</strong></span> <span class='ocrx_word' id='word_1_825' title='bbox 1563 5628 1684 5669; x_wconf 79' lang='lat' dir='ltr'><strong>tun.-</strong></span> 
     </span>
    </p>
   </div>
   <div class='ocr_carea' id='block_1_109' title="bbox 1788 5609 3367 5694">
    <p class='ocr_par' dir='ltr' id='par_1_109' title="bbox 1800 5609 3367 5690">
     <span class='ocr_line' id='line_1_109' title="bbox 1800 5609 3367 5690; baseline -0.003 -23"><span class='ocrx_word' id='word_1_826' title='bbox 1800 5617 2030 5680; x_wconf 70' lang='lat' dir='ltr'><strong>uzuvla;</strong></span> <span class='ocrx_word' id='word_1_827' title='bbox 2085 5619 2266 5686; x_wconf 84' lang='lat' dir='ltr'><strong>potius</strong></span> <span class='ocrx_word' id='word_1_828' title='bbox 2291 5618 2614 5684; x_wconf 67' lang='lat' dir='ltr'><strong>respexvrit,</strong></span> <span class='ocrx_word' id='word_1_829' title='bbox 2649 5622 2760 5668; x_wconf 85' lang='lat' dir='ltr'><strong>&#39;aut</strong></span> <span class='ocrx_word' id='word_1_830' title='bbox 2810 5615 3000 5665; x_wconf 86' lang='lat' dir='ltr'><strong>duram</strong></span> <span class='ocrx_word' id='word_1_831' title='bbox 3029 5682 3036 5690; x_wconf 72' lang='lat'>_</span> <span class='ocrx_word' id='word_1_832' title='bbox 3062 5609 3112 5661; x_wconf 86' lang='lat' dir='ltr'><strong>in</strong></span> <span class='ocrx_word' id='word_1_833' title='bbox 3153 5624 3367 5663; x_wconf 69' lang='lat' dir='ltr'><strong>assere.</strong></span> 
     </span>
    </p>
   </div>
   <div class='ocr_carea' id='block_1_110' title="bbox 138 5682 3364 5759">
    <p class='ocr_par' dir='ltr' id='par_1_110' title="bbox 138 5682 3364 5759">
     <span class='ocr_line' id='line_1_110' title="bbox 138 5682 3364 5759; baseline -0.005 -10"><span class='ocrx_word' id='word_1_834' title='bbox 138 5695 245 5749; x_wconf 66' lang='grc' dir='ltr'><strong>ίδηη</strong></span> <span class='ocrx_word' id='word_1_835' title='bbox 295 5685 424 5737; x_wconf 78' lang='lat' dir='ltr'><strong>cibis</strong></span> <span class='ocrx_word' id='word_1_836' title='bbox 478 5686 759 5755; x_wconf 72' lang='lat' dir='ltr'><strong>degustatt’s</strong></span> <span class='ocrx_word' id='word_1_837' title='bbox 816 5682 1140 5740; x_wconf 67' lang='lat' dir='ltr'><strong>rttba.iottcm</strong></span> <span class='ocrx_word' id='word_1_838' title='bbox 1177 5704 1192 5739; x_wconf 86' lang='lat'><em>:</em></span> <span class='ocrx_word' id='word_1_839' title='bbox 1227 5688 1354 5759; x_wconf 76' lang='lat' dir='ltr'><strong>quid</strong></span> <span class='ocrx_word' id='word_1_840' title='bbox 1403 5690 1444 5741; x_wconf 85' lang='lat' dir='ltr'><strong>si</strong></span> <span class='ocrx_word' id='word_1_841' title='bbox 1500 5689 1561 5742; x_wconf 84' lang='lat' dir='ltr'><strong>ad</strong></span> <span class='ocrx_word' id='word_1_842' title='bbox 1599 5707 1692 5756; x_wconf 77' lang='grc' dir='ltr'><strong>χα-</strong></span> <span class='ocrx_word' id='word_1_843' title='bbox 1805 5702 2005 5752; x_wconf 81' lang='lat' dir='ltr'><strong>storea,</strong></span> <span class='ocrx_word' id='word_1_844' title='bbox 2036 5682 2221 5751; x_wconf 73' lang='lat' dir='ltr'><strong>malta,</strong></span> <span class='ocrx_word' id='word_1_845' title='bbox 2270 5682 2564 5741; x_wconf 64' lang='grc' dir='ltr'>ιιυιίιιιιιιῖ</span> <span class='ocrx_word' id='word_1_846' title='bbox 2611 5689 2774 5739; x_wconf 82' lang='grc' dir='ltr'>Ιιιιιιιυ</span> <span class='ocrx_word' id='word_1_847' title='bbox 2803 5682 3039 5736; x_wconf 75' lang='lat' dir='ltr'><strong>cubandi</strong></span> <span class='ocrx_word' id='word_1_848' title='bbox 3079 5689 3364 5740; x_wconf 73' lang='lat' dir='ltr'><strong>t&#39;ulzuttt‘tu.</strong></span> 
     </span>
    </p>
   </div>
  </div>
