3794 6226
176 266 273 330 493

1409 270 1812 330 ANNALIUM
1856 270 2049 330 PARS
2092 270 2203 332 IV.

3300 264 3404 328 4M

179 358 265 436 τοῦ
291 380 554 451 Χριστοῦ,
580 380 674 433 καὶ
710 380 838 448 μίαν
873 382 1039 450 φύσιν
1064 382 1223 436 αὐτὸν
1257 383 1377 437 ὅλον
1405 378 1566 436 εἶναι.
1593 383 1732 437 Καθ’

1857 382 2043 451 ιςηοιιο
2087 383 2288 437 Christi
2328 398 2527 452 corpus
2582 382 2812 438 alterius
2864 391 2918 436 et
2957 379 3185 435 diversm
3220 380 3403 448 ρει-ιιι.

188 470 245 526 οἷο
273 473 535 541 πεποίηκε
564 472 793 541 τοπικὴν
832 473 1049 527 σύνοδον
1076 474 1103 525 6
1137 475 1408 544 μακάριος
1437 475 1733 538 Φλασιανδς

187 567 477 628 ἐπίσκοπος
507 563 578 617 ὢν
598 564 1010 619 Κωνσταντίνου
1046 566 1274 632 πόλεως,
1302 566 1549 619 καθελὼν
1575 567 1737 620 αὐτὸν

188 662 273 713 καὶ
298 659 486 728 ὁρίσας
526 657 807 727 ὀμοούσιον
854 660 987 728 ἡμῖν
1022 653 1163 712 εἶναι
1193 660 1251 712 τὸ
1285 659 1446 727 σῶμα
1474 659 1567 711 τοῦ
1600 658 1737 729 Χρι-

186 751 323 803 στοῦ.
353 748 480 803 Εἶτα
514 752 697 820 δέησιν
732 753 759 805 6
796 751 1043 823 Εὐτυχης
1080 752 1421 816 ἐπιδεδωκὼς
1464 754 1540 822 τῷ
1587 755 1740 823 βασι-

186 846 261 896 λεῖ
290 844 607 913 μετέπεισεν
642 845 825 907 αὐτὸν,
857 848 951 897 καὶ
988 845 1488 914 μεταστειλάμενος
1518 846 1740 896 Διόσκο-

189 953 271 1002 ρον
299 937 387 986 τὸν
418 932 511 985 τοῦ
536 934 772 1001 μεγάλου
807 934 1077 1003 Κυρίλλου
1109 933 1353 1002 διάδοχον
1385 932 1609 1002 ἐποίησε
1642 931 1742 1004 τὴν

184 1029 238 1076 ὲν
292 1026 502 1092 Ἐέέςῳ
551 1025 609 1075 τὸ
662 1025 917 1095 δεύτερον
977 1026 1195 1078 σύνοδον
1247 1028 1388 1078 κατά
1440 1025 1742 1079 Φλαϐιανοῦ

184 1119 273 1186 τὴν
338 1116 635 1184 λεγομένην
691 1116 1020 1186 ληστρικὴν,
1082 1118 1141 1170 ἐν
1287 1116 1581 1178 κυλλωθεῖς
1637 1115 1745 1167 ἀπὸ

188 1207 400 1273 πληγῶν
452 1207 481 1257 6
527 1206 826 1269 Φλαϐιανὸς
883 1208 1153 1259 ἀπέθανεν
1206 1206 1265 1272 ἐξ
1300 1207 1500 1261 αὐτῶν.
1541 1208 1656 1275 Ἐφ’

186 1304 272 1353 καὶ
317 1300 546 1368 γέγονεν
590 1302 622 1370 ἡ
654 1300 711 1352 ἐν
747 1300 1050 1366 Χαλκηδόνι
1087 1301 1320 1371 τετάρτη
1357 1300 1573 1362 σύνοδος
1604 1300 1747 1353 κατὰ

188 1394 445 1462 Εὐτυχοῦς
480 1395 572 1446 καὶ
607 1392 923 1461 Διοσκόρου,
950 1392 1179 1446 είποῦσα
1228 1393 1320 1445 καὶ
1352 1391 1531 1457 τοῦτο,
1564 1411 1582 1442 ι
1632 1394 1744 1443 Κυ-

190 1485 356 1551 ρίλλου
390 1483 646 1552 αἱωνίαή
693 1484 906 1552 μνήμη.
944 1501 960 1534 ι
1000 1482 1100 1535 Διὰ
1152 1482 1335 1550 μέντοι
1384 1482 1443 1533 τδ
1489 1480 1747 1549 καθαιρε-

186 1578 330 1643 θῆναι
361 1577 456 1628 τὸν
491 1577 782 1644 Διόσκορον
814 1573 1200 1645 διεσχίσθησαν
1228 1576 1324 1629 ἀπ’
1357 1572 1603 1644 ἀλλήλων
1623 1573 1657 1643 ἦ
1686 1591 1745 1625 τε

189 1665 591 1718 Κωνστχντίνου
630 1668 785 1729 πόλις
828 1667 921 1719 καὶ
956 1666 986 1734 ἡ
1030 1665 1431 1735 Ἀλεξάνδρεια.

1839 476 2002 531 hebat
2031 493 2058 528 a
2088 486 2271 531 nostro
2306 492 2426 532 esse
2462 478 2802 543 substantize,
2839 477 3085 545 adeoque
3122 473 3400 529 Christum

1842 578 2012 622 totum
2048 572 2208 623 unius
2234 585 2352 624 esse
2384 579 2609 627 naturm.
2645 569 2835 639 Coegit
2873 569 3134 623 adversus
3166 581 3291 619 cum
3326 566 3409 617 loc

1839 660 2011 713 calent
2042 662 2307 730 synodum
2347 660 2541 714 beatus
2583 661 2673 714 illc
2711 662 3018 723 Flavianus,
3051 658 3234 728 Cpolis
3267 656 3409 710 anti-

1841 759 1971 815 stes,
1999 751 2052 804 in
2090 768 2198 820 quo
2228 752 2527 821 Eutychem
2558 750 2750 804 ordine
2779 753 2949 804 movit
2976 760 3030 805 ct
3054 764 3176 804 esse
3201 744 3402 801 Christi

1842 857 2043 909 corpus
2073 842 2314 912 ejusdem
2349 858 2473 897 cum
2514 852 2704 896 nostro
2738 841 3060 895 substantia:
3089 850 3406 906 natumque

1843 934 2109 989 decrevit.
2165 934 2379 999 Quibus
2426 934 2581 997 actis,
2626 933 2899 1003 Eutyches
2941 932 3171 1000 supplici
3218 931 3406 985 libello

1848 1026 2162 1092 imperatori
2204 1026 2389 1079 oblato
2436 1028 2489 1079 in
2539 1026 2696 1079 aliain
2748 1040 2872 1079 cum
2916 1024 3242 1078 sententiam
3282 1038 3408 1091 per-

1845 1118 2019 1171 duxit.
2058 1118 2190 1170 Nam
2220 1120 2485 1171 arcessito
2522 1117 2801 1175 Dioscoro,
2843 1116 3018 1184 magni
3052 1113 3238 1183 Cyrilli
3279 1127 3407 1167 suc-

1847 1222 2098 1274 cessore,
2166 1224 2359 1261 rursus
2414 1209 2574 1261 aliam
2638 1207 2904 1278 synodum
2964 1204 3159 1274 Ephesi
3218 1216 3409 1257 contra

1849 1298 2167 1352 Flavianum
2206 1297 2466 1358 instituit,
2505 1313 2625 1366 qua:
2678 1298 2953 1351 latronum
2985 1296 3281 1350 concilium
3315 1308 3412 1361 ap-

1850 1390 2106 1459 pellatur.
2139 1390 2355 1445 Etenim
2385 1390 2506 1443 istic
2540 1390 2831 1443 Flavianus
2866 1389 3193 1443 verberibus
3222 1386 3417 1439 multa-

1852 1493 1938 1535 tus
1973 1494 2204 1535 mortem
2238 1482 2395 1536 obiit.
2428 1482 2576 1535 Hanc
2606 1481 2676 1535 ob
2702 1496 2921 1535 cansam
2952 1478 3417 1535 Chalcedonensis

1850 1586 2043 1643 quarta
2070 1575 2317 1651 synodus
2352 1576 2617 1630 adversus
2666 1573 2967 1644 Eutychcm
2999 1581 3056 1626 et
3097 1570 3413 1625 Dioscoruiu

1855 1680 1937 1722 est
1964 1679 2283 1721 convocata.
2318 1667 2375 1721 ln
2412 1667 2513 1720 hac
2543 1666 2633 1719 illa
2665 1680 2884 1735 quoque
2918 1663 3085 1717 verba
3126 1672 3250 1716 sunt
3288 1675 3413 1729 ρι’ον

187 1757 423 1810 mmtiata
456 1776 470 1811 :
519 1777 538 1809 ι
576 1758 803 1815 Aiterna
838 1756 1146 1814 recordatio
1175 1755 1359 1827 Cyrilli
1383 1766 1523 1811 esto.
1558 1776 1574 1808 ι
1609 1755 1747 1821 Quia
1786 1772 1917 1812 vero
1945 1758 2239 1813 Dioscorus
2272 1757 2472 1811 ibidem
2501 1758 2694 1811 ordine
2750 1771 2904 1811 sacro
2965 1752 3414 1815 submovcbatur,

187 1848 399 1902 divulsa:
451 1860 587 1903 sunt
628 1866 655 1904 a
690 1866 747 1905 se
788 1850 1023 1904 invicem
1064 1848 1248 1917 Cpolis
1287 1857 1343 1902 ct
1392 1847 1743 1902 Alexandria.

249 1939 398 1991 Μετὰ
422 1938 478 1990 δὲ
508 1939 609 2008 τὴν
642 1939 902 2006 τοιαύτην
927 1939 1196 2007 τετάρτην
1238 1937 1457 1991 σύνοδον
1488 1937 1750 1990 ἔσπενδον

1926 1936 2052 1990 Post
2092 1935 2335 1991 habitam
2372 1944 2621 2006 quartam
2661 1935 2928 2005 synodum
2963 1948 3155 1987 rursus
3191 1932 3413 2001 quidam

190 2030 327 2092 εὖθίς
356 2048 507 2093 τινες
542 2034 710 2101 ίερεῖς
759 2050 817 2084 τε
872 2033 965 2084 καὶ
998 2030 1226 2099 μοναχοὶ
1257 2030 1316 2083 τὸ
1343 2030 1436 2083 τοῦ
1472 2028 1749 2098 Εὑτυχοῦς

187 2126 350 2191 δόγμα
411 2126 712 2195 συνιστᾷνο
765 2124 888 2177 ὅθεν
954 2128 981 2176 ὁ
1039 2122 1341 2193 τηνικαῦτα
1398 2123 1750 2192 χρηματίζων

190 2217 531 2285 πατριάρχης
576 2217 882 2280 Ἀνατὸλιος
915 2216 1276 2285 συμϐουλεύει
1313 2217 1587 2285 γραφῆναι
1626 2215 1750 2267 δυσὶ

188 2309 401 2377 χάρταις
439 2310 541 2360 καὶ
588 2309 915 2379 ἀμφοτέρων
967 2308 1073 2360 τῶν
1128 2308 1311 2377 μερῶν
1363 2308 1431 2360 τὰ
1482 2307 1749 2376 δόγματα,

190 2404 272 2453 καὶ
322 2404 387 2471 τῇ
451 2401 693 2468 λάρνακι
747 2404 844 2471 τῆς
904 2392 1389 2471 μεγαλομάρτυρος
1464 2400 1751 2468 Εὑρημίας

192 2492 558 2564 ἐμϐληθῆναι,
622 2494 717 2546 καὶ
766 2493 909 2546 οὕτω
960 2494 1267 2563 δηλωθῆναι
1315 2494 1413 2560 τὴν
1466 2492 1749 2561 ἀλήθειαν.

192 2584 385 2637 Γίνεται
416 2584 621 2651 ταῦτα,
642 2586 737 2638 καὶ
760 2584 949 2652 θαῦμα
976 2586 1280 2655 παράδοξον
1309 2580 1377 2655 ἦν
1404 2584 1533 2637 ἰδεῖν
1558 2600 1572 2613 ο
1601 2583 1750 2651 παρὰ

196 2676 288 2744 γάρ
318 2679 440 2739 τοὺς
464 2678 645 2740 πόδας
672 2678 768 2746 τῆς
804 2677 966 2745 ἁγίας
994 2676 1325 2748 ἐρριμμένος
1352 2675 1549 2744 εύρέθη
1588 2677 1614 2726 6
1643 2674 1751 2727 τῶν

198 2769 602 2821 ἀντιδικούντων
628 2771 693 2840 τῇ
732 2769 961 2839 ἀληθείᾳ
991 2770 1217 2840 χάρτης,
1248 2770 1275 2821 6
1306 2767 1362 2820 δὲ
1387 2768 1572 2835 ἔτερος
1603 2766 1752 2834 παρὰ

199 2862 253 2927 τῇ
279 2863 418 2931 χειρὶ
446 2860 650 2930 αὐτῆς.

266 3043 381 3096 Ἐπὶ
437 3044 633 3115 μέντοι
678 3045 870 3097 τούτου
912 3043 1007 3096 τοῦ
1039 3042 1364 3115 Μαρκιανοῦ
1406 3044 1500 3097 καὶ
1529 3046 1751 3113 Συμεὼν

193 3135 216 3187 6
242 3135 401 3202 μέγας
434 3134 615 3205 ἐπέϐη
663 3136 755 3189 τοῦ
783 3134 978 3191 στύλου
1005 3153 1019 3168 ο
1055 3135 1418 3203 ἀκοινώνητος
1448 3136 1555 3205 γὰρ
1589 3136 1752 3206 μέχρι

194 3226 376 3278 πολλοῦ
401 3226 575 3297 ἔμενε
602 3228 688 3281 διὰ
717 3227 776 3280 τὸ
802 3227 1084 3298 καταρχὴν
1108 3227 1364 3298 τοιαύτην
1396 3227 1750 3291 ἐνδείξασθαι⁶

195 3319 365 3373 πολλοὶ
394 3320 513 3391 γὰρ
546 3321 597 3372 oi
633 3320 1016 3393 μεμψίμοιροι.

257 3599 407 3652 Μετὰ
457 3597 521 3651 δὲ
570 3598 890 3668 Μαρκιανδν
922 3597 1073 3653 Λέων
1100 3599 1128 3651 6
1157 3599 1331 3669 μέγας
1380 3598 1476 3667 ἔτη
1523 3606 1594 3670 ιη’
1625 3618 1756 3670 κρα-

193 3692 353 3757 τήσας
384 3691 619 3760 τελευτᾷ
652 3691 1034 3759 δυσεντερικός
1059 3706 1072 3720 ’
1102 3689 1189 3759 ἐφ’
1217 3683 1277 3743 οὗ
1318 3694 1545 3761 σημεῖον
1578 3692 1756 3762 ἐφάνη

194 3782 246 3832 ὲν
310 3782 388 3850 τῷ
444 3782 687 3852 οὐρανῷ,
724 3782 923 3852 νεφέλη
982 3783 1399 3854 σαλπιγγοειδὴς
1467 3785 1557 3837 ἐπὶ
1617 3786 1753 3855 ὴμέ-

104 3930 107 3933 ἰ
196 3890 290 3941 ρας
338 3874 415 3943 μ’,
455 3875 557 3926 καὶ
587 3874 776 3943 ἔϐρεξε
825 3874 1018 3927 σποδὸν
1057 3875 1115 3928 ὲν
1161 3876 1753 3943 Κωνσταντινουπόλει,

195 3964 470 4034 σπιθαμὴν
537 3965 597 4017 τὸ
640 3965 811 4034 πάχος
853 3965 1102 4034 ἔχουσαν.
1159 3966 1269 4018 Καὶ
1325 3966 1525 4031 πάντες
1585 3967 1759 4021 ὲλιτά-

195 4073 357 4123 νευον,
390 4059 643 4123 λέγοντες
694 4059 776 4109 ὅτι
842 4057 956 4126 πῦρ
1006 4052 1075 4128 ἦν
1118 4058 1210 4111 καὶ
1260 4061 1325 4129 τῇ
1376 4059 1759 4134 φιλανθρωπίᾳ

193 4148 280 4200 τοῦ
306 4148 445 4201 Θεοῦ
474 4149 731 4217 ἐσϐέσθη.
763 4150 894 4201 Τότε
930 4151 1021 4203 καὶ
1066 4150 1264 4221 Δανιὴλ
1298 4154 1326 4204 6
1364 4152 1537 4220 μέγας
1583 4153 1756 4223 ἐπέϐη

194 4240 281 4292 τοῦ
317 4242 515 4294 στύλοι)
557 4242 617 4293 ἐν
645 4241 722 4309 τῷ
771 4242 1043 4311 Ἀνάπλῳ.
1091 4241 1221 4295 Τότε
1249 4246 1343 4297 καὶ
1384 4245 1417 4313 ἡ
1448 4244 1570 4296 θεία
1598 4244 1757 4314 ἐσθὴς

192 4332 285 4397 τῆς
319 4333 411 4385 τοῦ
449 4335 655 4405 Κυρίου
680 4334 899 4402 Μητρὸς
945 4333 1295 4404 ἀνεκομίσθη.
1330 4328 1495 4397 Οὗτος
1524 4336 1550 4387 6
1586 4338 1757 4404 μέγας

196 4424 342 4475 ⁸λέων
367 4425 625 4477 ἐκέλευσε
655 4426 750 4488 τὰς
776 4426 1063 4496 Κυριακὰς
1111 4426 1425 4495 ἀπράκτους
1471 4421 1612 4478 εἶναι
1663 4428 1758 4479 καὶ

196 4517 326 4581 μήτε
366 4516 595 4567 ἱππικὸν
646 4516 916 4570 τελεῖσθαι
970 4517 1108 4586 μήτε
1172 4517 1410 4585 μουσικὰ
1460 4518 1614 4587 ἠχεῖν
1664 4519 1757 4584 δρ-

1852 2028 2169 2083 sacerdotcs
2221 2037 2276 2082 et
2331 2028 2582 2083 monachi
2620 2042 2835 2082 summo
2886 2026 3069 2081 studio
3107 2026 3413 2079 doctrinam

1854 2118 2117 2190 Eutychis
2160 2120 2407 2175 stabilire
2440 2120 2775 2175 nitebantur.
2815 2118 3180 2184 Quamobrem
3209 2116 3415 2169 Anato-

1853 2213 1978 2277 lius,
2010 2214 2104 2282 qui
2143 2223 2254 2267 tnm
2292 2214 2615 2283 patriarchae
2652 2228 2879 2267 munere
2926 2211 3271 2281 fungebatur,
3314 2210 3417 2262 hoc

1853 2304 2069 2358 consilii
2101 2304 2272 2366 dedit,
2307 2313 2366 2357 ut
2408 2303 2544 2357 duas
2581 2303 2632 2355 in
2665 2302 2883 2356 chartas
2927 2302 3215 2369 utriusque
3247 2299 3417 2368 partis

1854 2398 2103 2465 dogmata
2128 2396 2602 2464 perscriberentur
2640 2406 2696 2449 ct
2724 2394 2775 2447 in
2816 2402 3007 2447 urnam
3032 2394 3245 2447 eximia:
3277 2407 3419 2444 mar-

1855 2487 1987 2556 tyris
2034 2484 2346 2554 Euphemia:
2396 2486 2823 2554 conjicercntur,
2884 2499 2994 2553 quo
3053 2482 3261 2536 veritas
3314 2480 3419 2533 hoc

1856 2586 2012 2647 pacto
2035 2578 2391 2631 elucescuet.
2412 2575 2551 2632 Iluic
2574 2563 2808 2631 consiliti
2830 2591 2952 2630 cum
2977 2575 3414 2643 obtemperatum

1855 2668 2068 2729 luisset,
2100 2669 2405 2738 prodigium
2441 2668 2717 2737 quoddam
2750 2682 2953 2719 novum
2982 2675 3037 2720 et
3068 2665 3413 2733 inOpinatum

1854 2769 1969 2813 erat
2002 2773 2263 2811 cernere:
2306 2772 2428 2809 nam
2464 2756 2909 2809 adversariorum
2950 2750 3200 2806 veritatis
3228 2749 3419 2802 charta

1855 2850 1934 2903 sic
1966 2858 2180 2917 reperta
2205 2859 2305 2912 est,
2336 2858 2393 2901 ut
2425 2848 2489 2901 ad
2516 2857 2716 2901 sanctae
2740 2845 2997 2916 martyris
3019 2842 3187 2913 pedes
3209 2840 3418 2911 abjccta

1850 2941 2077 3010 jaceret,
2112 2940 2280 2992 altera
2317 2952 2441 2992 vero
2476 2940 2541 2991 ad
2570 2952 2788 2991 manum
2820 2938 2960 3005 ejus.

1926 3030 2202 3084 Marciano
2238 3038 2499 3098 regnante
2535 3030 2771 3097 Symcon
2810 3028 2901 3081 ille
2941 3041 3172 3096 magnus
3204 3025 3419 3080 colum-

1858 3140 1979 3177 nam
2006 3122 2273 3177 ascendit.
2308 3122 2358 3176 ls
2395 3122 2555 3191 longe
2592 3129 2839 3189 tempore
2870 3117 3008 3172 nihil
3040 3119 3264 3171 omnino
3292 3132 3417 3173 cum

1857 3215 2171 3270 hominibus
2198 3214 2389 3268 habuit
2421 3212 2757 3275 commercii,
2786 3218 3075 3281 propterea
3100 3208 3244 3278 qttod
3276 3209 3422 3278 ejus-

1858 3310 2003 3363 modi
2063 3324 2177 3364 rem
2232 3323 2426 3363 novam
2476 3307 2685 3377 primus
2730 3303 3091 3360 ostendisset.
3129 3302 3219 3358 Sic
3272 3302 3418 3357 enim

1856 3414 2233 3472 comparatum
2269 3411 2353 3456 est
2389 3401 2442 3455 in
2498 3399 2665 3454 rebus
2714 3397 2972 3452 humanis
3020 3396 3080 3451 bt
3120 3394 3273 3449 multi
3310 3393 3421 3448 sint

1859 3496 2306 3564 reprehensores.
2990 3482 2993 3485 ’

1894 3590 1895 3593 “
1927 3588 2057 3642 Post
2087 3587 2420 3641 Marcianum
2454 3587 2563 3641 Leo
2592 3600 2819 3655 magnus
2846 3584 3077 3653 imperio
3111 3598 3208 3655 per
3239 3582 3298 3635 l8
3328 3596 3423 3633 an-

1859 3693 1960 3731 nos
2011 3677 2239 3747 petitus,
2260 3693 2327 3731 ex
2372 3677 2761 3732 intestinorum
2812 3674 2975 3749 264
3010 3675 3199 3727 morbo
3254 3672 3418 3723 vitam

1860 3770 2019 3824 ﬁniit.
2072 3768 2148 3823 Eo
2201 3780 2460 3839 regnante
2496 3770 2806 3841 prodigium
2842 3769 2895 3821 in
2954 3767 3095 3822 etelo
3141 3764 3418 3834 quoddam

1859 3863 2131 3932 apparuit,
2183 3862 2439 3917 nimirum
2500 3861 2675 3915 nubes
2731 3860 2871 3914 tuba:
2925 3856 3251 3919 consimilis,
3301 3870 3423 3922 quas

1860 3964 2004 4008 totos
2054 3953 2124 4007 40
2169 3953 2286 4007 dies
2331 3953 2567 4007 duravit.
2606 3952 2798 4007 Itidem
2844 3950 2995 4020 Cpoli
3037 3950 3223 4003 cinere
3266 3946 3421 4016 pluit.

1860 4042 2017 4114 cujus
2049 4043 2330 4098 crassities
2362 4044 2601 4113 palmum
2648 4042 2919 4117 aequabat.
2962 4039 3173 4093 Idcirco
3211 4036 3421 4105 suppli-

1860 4147 2040 4192 cattttn
2092 4138 2160 4191 ab
2212 4137 2491 4201 omnibus,
2539 4135 2685 4206 quod
2738 4135 2985 4190 dicerent
3042 4133 3218 4202 ignem
3279 4130 3423 4182 hunc

1862 4230 2048 4293 fuisse,
2082 4245 2268 4284 verum
2301 4229 2637 4298 benignitate
2682 4228 2866 4281 divina
2912 4225 3241 4279 exstinctum
3279 4236 3420 4275 esse.

1859 4322 2015 4376 Tunc
2039 4328 2092 4376 ct
2121 4337 2348 4390 magnus
2380 4321 2469 4375 illc
2498 4322 2760 4375 Danielus
2786 4319 3095 4373 columnam
3132 4316 3184 4368 in
3218 4313 3425 4382 Anaplo

1861 4415 2204 4479 conscendit,
2243 4426 2297 4468 et
2333 4413 2518 4467 Matris
2567 4413 2780 4467 Domini
2817 4428 2968 4466 sacra
3001 4410 3169 4464 vestis
3212 4408 3425 4476 Cpolim

1861 4514 1944 4559 est
1974 4506 2154 4560 allata.
2188 4504 2297 4560 Leo
2328 4520 2558 4576 magnus
2585 4504 2767 4559 edicto
2797 4505 2940 4558 cavit
2973 4518 3040 4556 ne
3075 4500 3203 4570 quid
3240 4500 3424 4554 Domi-

194 4620 353 4667 γανα,
391 4604 530 4656 ἀλλὰ
558 4606 765 4667 πάντας
796 4607 908 4668 τοῖς
942 4602 1115 4668 θείοις
1140 4605 1548 4675 ὲνασχολεῖσθαι
1582 4610 1750 4670 ναοῖς.

1862 4598 2001 4652 nicis
2025 4597 2221 4652 diebus
2248 4598 2430 4668 operis
2460 4596 2634 4661 fieret,
2658 4611 2793 4650 neve
2826 4596 2937 4648 ludi
2964 4595 3240 4647 circenses
3264 4607 3423 4658 pera-

195 4696 326 4747 Τότε
373 4697 462 4765 δὴ,
506 4697 621 4749 τότε
654 4698 802 4765 καὶὴ
848 4696 956 4749 τῶν
1002 4695 1289 4764 Ῥωμαίων
1329 4697 1565 4751 παύεται
1597 4698 1756 4766 βασι-

194 4787 324 4840 λεία.
350 4789 668 4856 Σημείωσαι
694 4789 751 4840 δὲ
780 4789 861 4840 ὅτι
899 4789 1003 4841 ἀπὸ
1044 4787 1323 4856 Ῥωμύλου
1358 4788 1561 4859 ἤρξατο
1589 4787 1752 4858 αὕτη,

197 4880 284 4930 καὶ
320 4880 463 4947 μετὰ
487 4876 582 4951 ,ατ¹
620 4880 712 4932 καὶ
739 4883 786 4945 γ’
820 4878 913 4947 ἐτη
948 4880 1004 4929 ὲν
1047 4876 1310 4947 Ῥωμύλῳ
1332 4878 1496 4932 πάλιν
1538 4879 1754 4933 πέπαυ-

194 4984 305 5033 ται,
359 4969 705 5040 κρατούντων
761 4971 939 5022 ἐκεῖσε
991 4971 1134 5039 μετὰ
1186 4969 1360 5025 ταῦτα
1414 4972 1597 5042 ρηγῶν
1663 4989 1759 5042 με·

196 5059 467 5124 γιστάνων
539 5061 632 5113 καὶ
710 5060 824 5113 ὅσοι
892 5059 1126 5114 τοιοῦτοι
1198 5061 1488 5132 χωράρχαι
1550 5063 1759 5135 βάρϐα-

199 5166 279 5223 ροι
309 5150 447 5223 (89)-

278 5491 391 5561 (8‘2)
441 5491 534 5545 llic
579 5491 781 5546 desinit
836 5494 970 5546 alter
1022 5508 1052 5548 c
1094 5493 1530 5549 Claromonlanis
1577 5494 1758 5563 Glyca:

207 5576 335 5615 mss.
372 5563 675 5632 codicibus,
721 5579 830 5630 quo
890 5563 1187 5632 plurimum
1247 5564 1328 5617 usi
1378 5580 1609 5626 sumus;
1663 5567 1755 5619 sed

212 5631 471 5703 nonnulla
517 5632 681 5703 habet
727 5633 794 5685 de
849 5631 1055 5703 septeni
1093 5634 1316 5703 synodis
1353 5634 1759 5688 univcrsalihus

210 5712 309 5755 suo
342 5699 594 5773 deinceps
638 5701 755 5758 loco
798 5699 926 5757 nonv
950 5699 1269 5758 omittenda.
1319 5703 1543 5758 Interim
1575 5719 1762 5758 mone-

1860 4700 2140 4761 gerentur,
2167 4705 2303 4745 neve
2332 4690 2539 4745 musica
2573 4690 2931 4743 instrumenta
2965 4692 3307 4742 resultarent,
3326 4682 3425 4733 sed

1862 4782 2269 4851 omnesrebus
2309 4780 2511 4835 divinis
2561 4779 2813 4848 occupati
2862 4783 3067 4831 essent.
3117 4776 3425 4829 Romanum

1862 4875 2154 4947 imperium
2190 4875 2242 4929 id
2276 4874 2534 4944 temporis
2579 4886 2810 4943 prorsus
2839 4870 3167 4925 exstinctum
3203 4877 3257 4920 et
3292 4864 3425 4918 aho-

1859 4968 2018 5024 litum
2073 4976 2177 5022 est.
2223 4967 2401 5035 Atque
2451 4966 2542 5019 hic
2600 4962 2735 5017 mihi
2789 4960 3027 5026 notabis,
3073 4958 3202 5015 illud
3251 4960 3426 5026 ipsum

1864 5058 2154 5130 imperium
2192 5074 2222 5112 a
2257 5058 2490 5112 Romulo
2521 5056 2734 5110 initium
2762 5054 3019 5109 habuisse
3049 5066 3113 5106 ac
3140 5058 3263 5120 post
3293 5048 3429 5102 1503

1866 5168 2041 5208 annos
2071 5152 2259 5206 itidem
2283 5149 2387 5205 sub
2417 5149 2653 5203 Romulo
2692 5146 2940 5217 principe
2973 5144 3262 5199 deiecisse.
3288 5140 3422 5193 Nam

1868 5245 2125 5311 deinceps
2150 5242 2274 5295 istic
2304 5256 2481 5310 reges,
2508 5239 2789 5310 principes
2812 5238 3015 5306 aliique
3041 5235 3178 5291 tales
3209 5228 3425 5286 barbari

1864 5341 2142 5388 certorum
2175 5332 2423 5386 locorum
2453 5330 2659 5386 domini
2691 5345 2872 5386 rerum
2907 5327 3064 5399 potiti
3101 5334 3246 5379 sunt.

1866 5495 2046 5548 bimus
2094 5492 2147 5546 in
2199 5493 2388 5547 codice
2423 5494 2463 5548 Ρ
2495 5510 2602 5549 non
2652 5495 2716 5549 18
2772 5495 2866 5549 sed
2916 5490 3183 5545 “Leoni
3219 5488 3424 5542 seniori

1865 5580 2041 5635 annos
2092 5564 2279 5635 tribui,
2325 5564 2443 5633 ejus
2495 5580 2625 5619 vero
2661 5581 2727 5618 ex
2794 5564 2905 5635 lilia
2952 5562 3135 5626 nepoti
3179 5558 3429 5635 _Zeu9nis

1870 5634 1979 5712 tilio
2012 5634 2203 5711 Leoni,
2240 5629 2370 5690 ιιυιι⁷
2400 5652 2573 5689 annos
2621 5635 2780 5697 duos,
2817 5632 2908 5688 sed
2962 5644 3130 5683 unum
3162 5629 3424 5683 duntaxat

1866 5718 2155 5773 assignari.
