3794 6226
172 362 261 422 497
1369 363 1777 423 ANNALIUM
1820 365 2014 422 PARS
2056 365 2166 422 IV.

3215 371 3380 432 -498

189 471 510 530 Λνπσῖάσιον,
544 470 722 538 ἕτερι
763 471 1073 556 δὲδΖήνωνα
1106 471 1322 541 κατόχιμ
1363 474 1695 542 συσχεθῆναι

1807 472 1950 526 hunc
2004 472 2389 536 Anastasium,
2449 473 2585 526 alios
2632 473 2724 542 qui
2781 473 3058 528 Zenonem
3116 475 3383 531 comitiali
3472 504 3477 509 -

167 564 405 630 κοσήματι
467 559 702 628 λέγουσι,
758 563 849 613 καὶ
905 561 1048 614 οὕτω
1096 564 1357 632 ταφῆναι,
1417 565 1512 615 καὶ
1565 563 1701 632 μετὰ

164 653 316 705 οιαῦτα
369 652 542 720 φωνὴν
587 653 652 704 ἐκ
701 653 794 704 τοῦ
853 654 1027 721 τάφου
1081 656 1349 726 προϊέναι,
1385 651 1488 706 εἷθ’
1530 655 1702 718 οὕτως

166 749 452 812 ἀνοιγέντος
481 744 576 798 τοῦ
615 747 893 815 μνήματος
921 749 1218 816 εὑρεθῆναι
1249 750 1373 810 τοὺς
1408 748 1701 817 βριχίονας

162 837 306 890 αὖτοῦ
337 837 708 906 βεϐρωμένους
739 839 840 890 ύπδ
873 843 1065 909 πείνης
1098 841 1229 906 παρ’
1270 840 1458 893 αὒτοῦ.
1507 842 1591 893 Ἐν
1621 841 1697 907 τῷ

163 931 265 981 κατ’
305 914 590 997 ἀκρόπολιν
644 930 786 999 ἁγίῳ
836 932 999 1000 Mqu
1043 931 1241 1000 εὑρέθη
1280 930 1498 1000 ὄρυγμα
1551 933 1608 983 ὲν
1661 925 1703 997 ᾧ

161 1023 276 1074 ὀστᾶ
309 1021 570 1089 γιγάντων
625 1022 828 1074 πολλά·
868 1024 1038 1076 ταῦτα
1076 1025 1103 1076 ὁ
1141 1023 1398 1092 βασιλεὺς
1439 1024 1701 1077 Ἀναστά-

163 1130 259 1174 σιος
284 1114 438 1180 χάριν
467 1111 744 1178 θαύματος
773 1115 830 1164 ὲν
858 1113 935 1181 τῷ
965 1104 1212 1181 παλῖατίῳ
1241 1114 1525 1166 κατέθετο.
1544 1113 1703 1166 Οὕτω

166 1205 248 1271 μὲν
278 1203 364 1254 οὖν
398 1203 533 1254 κατᾶ
582 1203 672 1255 τὸν
722 1203 875 1267 ἅγιον
917 1204 1194 1272 Μάμαντα
1251 1207 1464 1272 γέφυρα
1513 1200 1581 1276 ἦν
1611 1205 1703 1256 ἐπὶ

165 1298 361 1366 μεγάλῳ
415 1296 662 1365 ποταμῷ.
709 1297 920 1348 Ἐκεῖσε
955 1293 1046 1350 οὖν
1081 1297 1170 1350 διὰ
1223 1299 1283 1350 τὸ
1317 1298 1527 1349 οἴεσθαι
1577 1296 1704 1364 δρά-

163 1407 302 1443 κοντα
336 1392 623 1454 κατοικεῖν,
654 1389 713 1441 ἐν
740 1392 806 1459 τῇ
843 1389 1060 1460 γεφύρᾳ
1105 1391 1370 1457 δηλονότι,
1400 1391 1701 1459 παρθένους

164 1482 240 1534 καὶ
291 1481 472 1545 Θυσίας
536 1482 898 1551 προσέφερον.
952 1481 1139 1534 Ταῦτα
1186 1481 1242 1534 δὲ
1305 1484 1494 1550 Ζήνων
1543 1481 1704 1534 κατέ-

164 1574 362 1644 στρεψε.
1361 1557 1370 1563 ﬁ

221 1667 443 1720 Γίνωσκε
481 1667 536 1721 δὲ
589 1668 674 1720 ὅτι
727 1669 754 1720 ὁ
813 1668 1066 1738 βασιλεὺς
1111 1668 1460 1730 Ἀναστάσιος
1510 1665 1601 1719 καί
1651 1683 1701 1718 τι

162 1760 417 1812 κάλλιστον
439 1755 551 1828 εἶχε
584 1763 697 1822 τοῖς
726 1759 891 1812 αὐτοῦ
924 1759 1428 1827 παραμεμιγμένον
1465 1757 1655 1816 κακοῖς
1683 1769 1697 1783 ⁶

163 1853 239 1904 καὶ
265 1851 306 1902 εί
356 1849 428 1920 μὴ
465 1850 596 1918 περὶ
643 1850 704 1901 τὺ
749 1851 890 1902 θεῖον
923 1851 1085 1911 σέϐας
1127 1849 1447 1916 ἐσφάλλετο,
1482 1847 1699 1914 ἴσχυσεν

161 1943 213 1994 ἂν
259 1941 314 1994 τὸ
361 1941 599 1994 τοιοῦτον
656 1939 820 1994 καλὸν
886 1943 1105 1995 πάντων
1167 1940 1547 2009 περιγενέσθαι
1597 1941 1702 1994 τῶν

163 2033 345 2086 ἐκείνου
389 2033 601 2087 κακῶν.
649 2034 955 2102 Πρόῤῥιζον
1001 2035 1108 2102 γὰρ
1145 2033 1419 2085 ἀνέσπασε
1457 2035 1554 2102 τὴν
1599 2050 1702 2084 κα-

163 2127 326 2193 κίστην
375 2126 580 2191 ταύτην
632 2124 939 2194 εἴσπραξιν,
1009 2127 1073 2194 ἣν
1131 2125 1417 2193 ἱστορῆσαι
1469 2126 1494 2177 δ
1545 2125 1702 2191 λόγος

163 2219 430 2286 ἐπείγεται.
483 2219 664 2276 ’Ἅπας
725 2216 860 2288 ἀνὴρ
917 2219 1009 2269 καὶ
1057 2218 1218 2286 γυνὴ,
1259 2218 1418 2285 κόρη,
1452 2220 1573 2278 παῖς
1607 2220 1701 2268 καὶ

165 2312 351 2380 βρέφος,
392 2310 610 2378 πτωχὸς
655 2309 938 2377 ἐλεύθερος
969 2311 1060 2360 καὶ
1107 2307 1290 2367 δοῦλος
1326 2307 1466 2375 ὑπὲρ
1498 2307 1702 2357 σκυὸά-

163 2402 247 2453 λων
285 2403 591 2472 κοπρηννῖιν,
640 2401 866 2468 προσέτι
913 2401 969 2454 δὲ
1032 2402 1127 2452 καὶ
1189 2398 1389 2468 οὔρων,
1426 2398 1700 2467 ἀργυροῦν

164 2494 224 2561 τῷ
249 2494 445 2564 ταμείῳ
477 2493 825 2564 προσέφερον
866 2493 1134 2560 νόμισμα.
1173 2490 1337 2544 Τουτὶ
1366 2490 1420 2541 δὲ
1450 2490 1509 2541 τὸ
1537 2489 1702 2557 βάρος

166 2589 236 2639 καὶ
267 2589 366 2647 τοῖς
401 2588 660 2654 κτήνεσιν
710 2585 890 2646 αὐτοῖς
925 2585 1175 2636 ἐπέκειτο
1198 2600 1210 2612 ’
1251 2581 1392 2650 ὑπὲρ
1432 2584 1537 2652 γάρ
1575 2583 1700 2633 ἑκά-

167 2695 269 2731 στου
297 2679 526 2747 κτήνους
577 2676 788 2744 φόλλείς
840 2674 897 2739 ἒξ
933 2677 958 2726 ό
1002 2675 1278 2737 δεσπόζων
1314 2673 1697 2727 κατεϐάλλετο.

175 2771 224 2821 ’0
244 2771 398 2825 τοίνυν
445 2770 806 2830 ’Λναστάσιος
841 2769 1106 2837 μοναχους
1154 2767 1352 2833 ἄνδρας
1382 2766 1701 2834 εὐλαϐηθεὶς

168 2863 400 2925 ἐντεύξεις
433 2858 845 2929 ποιησαμένους
875 2859 1008 2926 πρὸς
1058 2857 1220 2908 αὑτὸν
1251 2856 1310 2907 τὸ
1342 2856 1504 2926 βάρος
1547 2855 1702 2907 τοῦτο

166 2955 479 3006 παντάπασιν
534 2949 784 3002 ἐντεῦθεν
833 2949 1110 3017 ἀπήλασε.
1155 2945 1366 3014 Κοάδης
1397 2945 1452 2998 δὲ
1493 2947 1520 2997 ὁ
1567 2945 1704 3012 Περ-

164 3046 252 3096 σῶν
287 3044 537 3115 βχσιλεὺς
586 3041 646 3095 ἐν
690 3059 796 3094 τινι
848 3042 1092 3110 φρλυρίῳ
1136 3039 1318 3100 λίθους
1354 3038 1568 3106 τιμίους
1603 3054 1703 3098 μα-

1802 563 1997 617 morbo
2051 576 2362 632 correptum
2412 572 2576 632 atque
2627 565 2698 618 ita
2749 566 3004 633 sepulcro
3059 567 3380 619 mandatum

1802 652 1972 707 fuisse
2002 654 2241 706 tradant.
2271 653 2400 708 lude
2440 670 2626 707 vocem
2658 654 2725 708 de
2757 659 3011 723 sepulcro
3037 657 3380 725 exauditam,

1801 762 1910 815 quo
1947 746 2166 800 recluso
2213 747 2494 800 inventum
2537 747 2791 810 cadaver,
2825 749 2910 801 cui
2962 749 3184 804 brachia
3221 751 3383 804 dees-

1802 847 1924 892 sent
1954 840 2022 893 ab
2051 839 2284 907 ipsumet
2311 839 2568 891 nimirum
2604 855 2713 907 prae
2749 838 2886 892 fame
2912 839 3194 896 devorata.
3220 843 3376 909 Apud

1802 939 2052 984 sanctum
2088 931 2300 984 Menam
2335 931 2388 984 in
2427 946 2575 995 arce,
2611 931 2730 984 solo
2766 931 2986 994 emisso,
3021 934 3378 988 subterranea

1802 1023 2116 1077 concavitas
2149 1023 2370 1076 inventa
2406 1032 2508 1085 est,
2553 1037 2656 1090 qua
2705 1023 2874 1075 multa
2923 1025 3200 1091 gigantum
3251 1039 3374 1079 ossa
3431 1076 3435 1080 .

1803 1114 2256 1168 continebantur.
2288 1115 2362 1168 Ea
2395 1114 2558 1184 jussit
2594 1114 2892 1183 imperator
2920 1114 3244 1169 Anastasius
3273 1116 3372 1168 ad-

1803 1207 2119 1261 mirationis
2153 1221 2317 1262 causa
2354 1207 2408 1260 in
2442 1206 2646 1277 palatio
2684 1207 2970 1261 collocari.
3007 1206 3382 1262 Consimiliter

1803 1297 1944 1367 apud
1971 1309 2220 1352 sanetum
2251 1297 2576 1351 Mamantem
2604 1299 2781 1366 magni
2813 1296 3054 1352 [luminis
3083 1314 3218 1367 pons
3242 1309 3380 1360 erat,

1804 1389 1908 1443 sub
1943 1402 2055 1456 quo
2103 1399 2264 1457 ponte
2301 1388 2446 1457 quod
2499 1388 2914 1442 existimaretur
2947 1389 3112 1442 draco
3159 1389 3379 1458 quidam

1801 1481 2024 1550 degere,
2056 1480 2298 1547 virgines
2333 1479 2480 1534 inter
2511 1479 2648 1534 alias
2685 1479 2890 1552 hostias
2927 1481 3378 1535 immolabantur.

1804 1573 1928 1626 l-lsec
1958 1587 2110 1626 sacra
2144 1571 2292 1626 Zeno
2321 1572 2624 1640 imperator
2655 1571 2933 1640 prohibita
2966 1573 3207 1626 sustulit.

1875 1664 2052 1718 Debes
2080 1673 2262 1717 autem
2304 1663 2744 1717 animadvertere
2777 1663 3036 1732 quiddam
3075 1665 3230 1732 longe
3261 1666 3379 1730 pul-

1804 1752 2140 1806 cherrimum
2164 1751 2218 1805 in
2244 1751 2348 1804 hoc
2374 1751 2703 1820 imperatore
2721 1749 3033 1816 Anastasio,
3054 1753 3377 1820 permistum

1803 1845 1952 1899 vitiis
1986 1845 2125 1913 ejus,
2151 1843 2462 1909 exstitisse;
2502 1843 2649 1913 qubd
2687 1845 2866 1913 ipsum
2894 1860 3024 1898 sane
3059 1844 3376 1912 pra-clarum

1801 1936 2019 1990 facinus
2049 1937 2268 1989 elevare
2316 1936 2456 1988 mala
2491 1943 2688 1988 cmtera
2726 1937 3016 2002 potuisset,
3052 1937 3095 1987 si
3132 1936 3265 1986 nihil
3322 1937 3375 1988 in

1803 2030 1951 2080 cultu
1989 2027 2362 2096 religiOneque
2389 2027 2576 2079 divina
2607 2028 2810 2079 erroris
2839 2026 3082 2080 l'ovissut.
3114 2026 3245 2080 Nam
3278 2029 3375 2080 tri-

1802 2121 1994 2174 butum
2071 2118 2348 2188 quoddam
2411 2119 2817 2185 iniquissin'tum
2886 2119 3145 2181 sustulit,
3220 2119 3376 2186 cujus

1803 2209 2073 2260 rationem
2126 2222 2400 2276 exponere
2459 2207 2610 2263 libet.
2668 2208 2875 2275 Singuli
2930 2209 3209 2268 mortales,
3239 2209 3372 2267 viri.

1804 2301 2311 2367 mulieres,puellze,
2340 2301 2512 2370 pueri,
2546 2301 2802 2365 infantes,
2825 2301 3084 2364 mendici,
3123 2299 3370 2368 ingenui,

1801 2391 1964 2454 servi,
1998 2378 2490 2444 excrementorum
2526 2400 2934 2445 stercoreorum
2988 2401 3041 2442 et
3091 2391 3373 2441 urinarum

1804 2482 2020 2534 nomine
2051 2496 2332 2534 nummum
2353 2492 2669 2551 argenteum
2691 2483 2885 2533 :erario
2916 2481 3246 2549 pendebant.
3285 2481 3377 2533 At-

1803 2589 1909 2644 que
1946 2574 2091 2626 idem
2125 2574 2226 2626 hoc
2251 2588 2389 2627 onus
2422 2574 2553 2642 ipsis
2580 2573 2742 2627 etiam
2772 2572 3030 2640 iumentis
3059 2572 3373 2639 impositum

1806 2671 1923 2717 erat
1958 2680 1970 2715 :
2010 2663 2173 2732 266
2222 2678 2348 2716 nam
2398 2663 2668 2733 cujusque
2717 2664 2952 2733 jumenti
3015 2663 3233 2716 nomine
3284 2676 3376 2715 sex

1803 2752 1976 2814 oboli,
2001 2768 2137 2820 quos
2163 2753 2322 2806 folles
2355 2754 2653 2822 appellant,
2680 2771 2708 2806 a
2739 2755 2962 2806 domino
2986 2752 3370 2822 exigebantur.

1801 2843 1972 2914 Igitur
2006 2845 2325 2897 Anastasius
2356 2844 2503 2897 viros
2535 2845 2799 2913 quosdam
2837 2844 3095 2896 solitaria:
3126 2844 3248 2896 vita:
3278 2841 3374 2895 de-

1803 2935 1947 2989 ditos
1979 2933 2276 2997 reveritus,
2312 2933 2404 3001 qui
2455 2934 2599 3002 apud
2654 2935 2832 3002 ipsum
2869 2935 3007 2985 hanc
3040 2935 3110 2986 ob
3150 2947 3369 2986 causam

1803 3028 2249 3090 intercesserant,
2289 3039 2431 3078 onus
2474 3026 2578 3078 huc
2638 3026 2691 3078 in
2745 3006 3064 3078 utiiversum
3131 3024 3370 3078 sustulit.

160 3137 250 3188 θὼν
270 3137 612 3195 ἀποκεῖσθαι,
648 3135 739 3187 καὶ
769 3134 1112 3200 κωλυόμενος
1145 3131 1296 3198 παρὰ
1326 3129 1434 3180 τῶν
1472 3129 1528 3180 ὲν
1555 3127 1700 3194 αὐτῷ

1807 3119 1935 3172 Erat
1984 3118 2070 3171 his
2127 3116 2468 3185 tempOribus
2520 3132 2612 3170 rex
2667 3117 2953 3170 Persarum
2999 3116 3232 3178 (Sordes,
3279 3117 3371 3184 qui

160 3229 537 3284 κατοικούντων
581 3227 850 3298 δαιμόνων
888 3222 1252 3278 ἁναλαὸἑσθκι
1297 3223 1513 3284 αὐτοὺς,
1551 3221 1700 3292 πάσῃ

159 3322 441 3392 μαγγανεία
508 3321 802 3390 ἐχρήσατο,
873 3317 1163 3378 Ἰουδαίους
1222 3331 1281 3367 τε
1340 3317 1432 3366 καὶ
1496 3314 1702 3374 πάντας

155 3407 322 3478 ἄλλους
351 3413 896 3488 προσκαλεσάμενος,
924 3412 1019 3463 καὶ
1049 3409 1223 3472 οὐδεὶς
1257 3409 1314 3473 ἐξ
1362 3406 1541 3461 αὐτῶν
1580 3406 1706 3474 ήδυ-

155 3506 272 3574 νήθη
314 3507 541 3575 ποιῆσαί
585 3516 659 3568 τι,
706 3505 862 3573 μόνος
919 3504 972 3554 δὲ
1006 3504 1033 3554 ό
1074 3504 1252 3554 ἐκεῖσε
1300 3497 1701 3561 ὲπισκοπεύων,

153 3597 219 3667 τῷ
254 3601 454 3670 σημείῳ
487 3597 582 3650 τοῦ
619 3595 854 3666 σταυροῦ
891 3594 1151 3658 ἐκδιώξας
1186 3591 1403 3652 αὐτούς.
1433 3593 1540 3643 Καὶ
1574 3591 1704 3659 περὶ

156 3691 242 3759 μὲν
273 3692 470 3746 τούτων
508 3689 701 3752 οὕτως.

209 3929 352 3986 Μετὰ
402 3929 460 3984 δὲ
528 3928 888 3983 Ἀναστάσιον
936 3929 1220 3991 Ἰουστῖνος
1268 3931 1294 3982 ὁ
1325 3928 1470 3999 Θρᾲξ
1511 3930 1602 3996 ἔτη
1635 3927 1697 3980 θ’.

161 4019 260 4089 Ἐφ’
281 4016 340 4076 οὗ
361 4021 551 4091 ἀστὴρ
582 4023 757 4092 ἐφάνη
784 4024 842 4074 ὲν
869 4021 948 4091 τῷ
977 4021 1193 4092 οὐρανῷ
1221 4022 1408 4075 ἐπάνω
1447 4025 1543 4089 τῆς
1577 4023 1704 4090 χαλ-

149 4111 236 4179 κής
264 4113 434 4182 πύλης
465 4112 566 4167 τοῦ
599 4113 866 4166 παλατίσυ
885 4151 900 4180 δ
936 4114 1030 4164 ἐπὶ
1063 4113 1168 4181 ἡμέ
1180 4130 1278 4182 ρας
1324 4119 1440 4176 κς’,
1484 4115 1581 4166 καὶ
1609 4112 1700 4180 γέ-

147 4219 254 4268 γονε
309 4207 538 4277 σεισμὸς
597 4207 994 4276 φοϐερώτατος.
1027 4208 1138 4259 Καὶ
1189 4209 1218 4276 ή
1276 4205 1375 4274 μὲν
1413 4207 1704 4258 Κωνσταν-

145 4294 432 4360 τινούπολις
463 4299 526 4348 ὲν
550 4297 832 4364 διαφόροις
862 4295 1048 4358 τόποις
1081 4284 1437 4362 συμπτώσεις
1467 4297 1700 4362 ὑπέμει-

145 4402 238 4450 νεν,
269 4387 300 4456 ή
325 4388 381 4440 δὲ
409 4387 626 4457 μεγάλη
675 4388 980 4457 Ἀντιόχεια
1020 4389 1169 4439 πᾶσα
1206 4387 1391 4456 σχεδὸν
1419 4388 1694 4457 κατεπόθη

1764 3202 1770 3254 Ϊ
1806 3223 1932 3264 cum
1966 3209 2020 3263 in
2055 3207 2282 3264 castello
2314 3202 2550 3278 quodam
2580 3223 2820 3279 gemmas
2846 3222 2966 3262 esse
3003 3211 3179 3277 magni
3212 3203 3375 3276 pretii

1805 3302 2106 3366 didicisset,
2154 3317 2216 3354 ac
2261 3301 2557 3371 quominus
2615 3301 2695 3354 eis
2781 3299 3048 3368 potiretur
3083 3299 3150 3351 ab
3183 3295 3375 3350 incolis

1805 3394 1906 3449 loci
1938 3395 2113 3463 geniis
2143 3394 2525 3462 impediretur,
2552 3391 2698 3445 omni
2745 3405 2944 3460 genere
2979 3389 3370 3458 prtestigiarum

1807 3501 1939 3540 usus
1966 3495 2066 3539 est.
2104 3485 2237 3539 Nam
2266 3496 2320 3538 et
2348 3485 2565 3539 Judzeos
2591 3492 2644 3537 et
2671 3483 2893 3552 quosvis
2921 3483 3056 3536 alios
3081 3480 3374 3534 arcessitos

1805 3578 2132 3641 adhibebat;
2162 3593 2338 3645 neque
2373 3586 2554 3630 tamen
2585 3577 2803 3629 illorum
2836 3575 3122 3644 quisquam
3164 3573 3368 3641 aliquid

1805 3670 2020 3726 edicere
2065 3677 2300 3739 poterat.
2351 3669 2592 3722 Tandem
2651 3669 2881 3722 antistes
2929 3667 3047 3736 ejus
3105 3666 3206 3717 luci
3259 3664 3373 3718 solo

1806 3764 1989 3817 crucis
2024 3763 2178 3832 signo
2207 3762 2395 3831 genios
2434 3760 2664 3829 expulit.
2698 3760 2774 3814 Ac
2805 3757 2871 3812 de
2901 3759 2986 3812 his
3016 3757 3234 3825 quidem
3272 3758 3372 3809 hoc

1805 3854 1965 3906 modo
1993 3852 2197 3905 dictum
2233 3862 2372 3905 esto.

1875 3945 1996 3997 Post
2027 3944 2371 3996 Anastasium
2400 3958 2574 3997 annos
2600 3958 2792 3996 novem
2823 3940 3073 3997 Justinus
3102 3939 3370 3993 oriundus

1802 4050 1832 4089 e
1869 4033 2103 4088 Thracia
2143 4034 2412 4102 regnavit,
2453 4033 2556 4087 sub
2589 4049 2699 4101 quo
2742 4033 2897 4088 sidus
2946 4034 3001 4087 in
3036 4031 3177 4086 ccelo
3209 4045 3372 4100 pecu-

1801 4127 1935 4180 liare
1967 4137 2319 4195 conspectum
2350 4135 2434 4180 est
2499 4141 2663 4194 supra
2697 4136 2906 4195 portam
2935 4140 3130 4180 azream
3165 4121 3370 4194 palatii,

1803 4223 1949 4268 totos
1973 4215 2042 4268 26
2069 4215 2208 4268 dies.
2237 4216 2413 4268 Simul
2442 4225 2603 4270 terra-
2635 4226 2816 4269 motus
2847 4216 3079 4270 maxime
3110 4215 3372 4269 formida-

1802 4306 1928 4360 bilis
1965 4306 2185 4360 accitlit.
2227 4305 2383 4375 Cpoli
2431 4307 2656 4376 quidem
2687 4307 2855 4361 variis
2895 4308 2947 4360 in
2978 4305 3113 4361 locis
3145 4305 3372 4360 aedificia

1805 4408 2156 4461 corruerunt,
2191 4399 2321 4453 urbs
2349 4414 2479 4452 Vero
2508 4396 2826 4466 illa"magna
2863 4400 3151 4477 Antiochia
3179 4414 3374 4467 prope-

144 4479 225 4528 καὶ
269 4480 436 4549 τάφος
499 4478 610 4534 τῶν
665 4482 970 4564 οἰκητόρων
1026 4481 1278 4547 ἐγένετο·
1328 4482 1455 4543 τοὺς
1504 4481 1560 4532 δὲ
1619 4481 1699 4533 ἐτι

1807 4489 2028 4542 modum
2061 4499 2170 4544 tota
2211 4500 2368 4544 terra:
2398 4491 2550 4544 hiatu
2578 4491 2834 4560 absorpta
2866 4500 3029 4546 estet
3061 4491 3369 4560 sepulcrum

145 4567 486 4643 ζῶντας,πῦρ
519 4572 766 4625 κάτωθεν
811 4573 1175 4642 ἀνερχόμενον
1222 4572 1578 4641 κατέφλεγεν.
1634 4573 1700 4624 Ἠ

143 4658 190 4709 δί
246 4663 694 4734 Πομπηῖούπολις
746 4664 911 4733 μέσον
958 4664 1205 4733 ὲρράγη,
1265 4665 1359 4715 καὶ
1417 4665 1474 4717 τὸ
1529 4665 1700 4733 ἥμισυ

143 4752 294 4821 αὐτῆς
321 4754 600 4825 κατεπόθη
637 4755 774 4823 μετὰ
812 4754 921 4806 τῶν
951 4754 1271 4824 οἰκητόρων.
1313 4753 1548 4806 Ἐσείετο
1579 4754 1635 4805 δὲ
1668 4753 1698 4822 ὴ

143 4841 206 4910 γῆ
235 4847 476 4900 ἐνιαυτὸν
505 4847 650 4900 ὅλον.
675 4847 794 4900 ’Καὶ
826 4847 968 4916 γυνὴ
1008 4845 1063 4897 δὲ
1097 4845 1270 4915 ἐφάνη
1307 4846 1414 4897 ἀπὸ
1447 4844 1700 4907 Κιλικίας

142 4941 537 5010 γιγαντογενὴς,
565 4941 911 5010 ὑπερέχουσα
941 4938 1448 5009 πάντα.ἄνθρωπον
1490 4937 1700 5009 μακρόν

143 5025 307 5097 πῆχυν
338 5029 465 5084 ἕνα·
500 5027 569 5102 ἦν
595 5031 652 5084 δὲ
678 5031 774 5086 καὶ
806 5031 1036 5085 πλατεῖα
1076 5031 1303 5102 σφόδρα.

204 5303 346 5358 Μετὰ
398 5305 455 5358 δὲ
509 5305 702 5359 τοῦτον
740 5305 1121 5368 ’ῐουστινιανὸς
1170 5307 1199 5357 ὁ
1257 5304 1430 5373 μέγας
1466 5302 1559 5371 ἐτη
1588 5301 1690 5357 λθ’.

143 5386 296 5457 Οὗτος
327 5396 354 5446 ὁ
385 5395 639 5466 βασιλεὺς
674 5397 768 5450 καὶ
802 5399 908 5465 πρὸ
953 5398 1052 5466 τῆς
1102 5397 1379 5464 βασιλείας
1410 5395 1573 5448 αὐτοῦ
1605 5413 1695 5462 φι-

98 5548 101 5551 ,
142 5483 259 5548 λίως
291 5488 685 5562 διέκειτοπρδς
722 5492 1016 5560 ’ῖνδέριχον
1046 5493 1192 5559 ρἧα
1212 5491 1324 5544 τῶν
1348 5489 1690 5543 Οὺανδάλων.

143 5573 462 5643 Βασιλεύσας
489 5581 602 5646 οὖν,
627 5583 723 5636 καὶ
757 5583 1064 5652 γράμματα
1101 5582 1397 5651 δεξάμενος
1445 5582 1527 5634 ὅτι
1573 5581 1694 5634 κατ’

144 5667 298 5721 αὑτοῦ
335 5673 361 5724 ὁ
405 5673 637 5745 Γελίμερ
693 5675 966 5746 ἐπανέστη
1029 5676 1126 5728 καὶ
1177 5674 1469 5745 κατασχὼν
1532 5674 1695 5728 αὑτὸν

155 5758 236 5812 δὺν
265 5767 472 5834 γαμετῇ
531 5767 618 5819 καὶ
677 5767 890 5829 τέκνοις
954 5769 1011 5820 ἐν
1075 5767 1290 5836 φυλακῇ
1351 5767 1687 5833 κατέκλεισε,

1803 4582 2106 4636 incolarum
2143 4581 2306 4635 facta.
2349 4581 2404 4636 Si
2436 4582 2529 4650 qui
2560 4581 2840 4636 restabant
2871 4581 3003 4645 vivi,
3035 4597 3132 4636 eos
3163 4598 3192 4636 c
3227 4590 3371 4637 terra

1802 4687 2166 4743 prorumpens
2201 4673 2341 4740 ignis
2375 4672 2706 4744 absumpsit.
2746 4674 3152 4743 Pompeiopolis
3196 4674 3372 4729 media

1800 4765 2012 4819 divulsa
2045 4773 2149 4830 est,
2199 4780 2434 4835 parsque
2467 4767 2638 4820 altera
2671 4782 2794 4820 cum
2830 4766 3238 4821 habitatoribus
3278 4765 3374 4820 ab.

1799 4865 2005 4926 sorpta.
2036 4856 2264 4912 Duravit
2296 4860 2409 4913 haec
2440 4868 2598 4912 terrae
2621 4859 2904 4913 succussio
2939 4867 3112 4912 totum
3143 4873 3368 4913 annum.

1799 4950 1875 5005 Ex
1908 4949 2098 5005 Glicia
2129 4965 2348 5018 quoque
2383 4949 2582 5003 mulier
2612 4951 2864 5019 quasdam
2899 4949 3142 5014 advenit,
3173 4964 3370 5020 genere

1800 5043 2082 5112 gigantum
2112 5053 2256 5104 orta,
2285 5057 2406 5109 qua:
2437 5042 2616 5095 virum
2646 5043 2921 5111 quemvis,
2943 5043 3108 5096 etiam
3139 5043 3370 5096 maxime

1799 5149 2114 5203 procerum,
2157 5148 2265 5186 uno
2307 5133 2497 5186 rubito
2546 5133 2864 5202 superabat,
2899 5134 2988 5188 cui
3039 5133 3366 5204 longitudini

1799 5225 2084 5279 crassities
2109 5237 2329 5293 quoque
2359 5223 2747 5292 respondebat.

1873 5313 2110 5367 Secutus
2153 5322 2239 5367 est
2283 5313 2562 5367 Justinum
2619 5315 2671 5368 in
2727 5316 2957 5381 imperio
3005 5307 3368 5385 tuagnus'ille

1796 5406 2161 5469 Justinianus,
2197 5419 2372 5473 eoque
2403 5405 2471 5459 39
2504 5407 2665 5459 annis
2702 5415 2784 5460 est
2818 5406 3040 5474 potitus.
3072 5405 3168 5457 llic
3199 5403 3358 5457 etianr

1799 5505 1927 5549 ante
1956 5510 2122 5564 quam
2155 5503 2430 5564 regnaret,
2463 5512 2650 5550 amore
2676 5495 3139 5564 complectebatur
3163 5491 3354 5546 llinde-

1797 5585 2012 5638 richum
2045 5585 2418 5640 Vandalorum
2453 5600 2656 5653 tegent.
2691 5584 3037 5651 Quapropter
3073 5578 3364 5648 imperium

1796 5677 2044 5746 adeptus,
2079 5692 2205 5730 cum
2231 5676 2446 5730 litteras
2471 5674 2775 5742 accepisset
2806 5671 3006 5739 quibus
3030 5669 3365 5737 signiﬁcare;

1801 5778 1885 5822 tur
1933 5768 2262 5824 Gel-intererit
2299 5768 2559 5822 adversus
2607 5766 2756 5819 illiilli
2805 5759 3129 5826 seditioaen't
3181 5763 3368 5823 concia.
