3794 6226
233 358 323 421 ίο5

1427 348 1822 409 ANNAHUM
1872 350 2061 408 PARS
2102 354 2210 414 IV.

3329 353 3430 415 5.06

231 461 676 536 mpta;i.6550qsav
712 459 1238 529 καυλοτομηθέντες,
1274 458 1604 526 μεγιστᾶνες
1623 454 1760 525 ὁμοῦ

1874 457 1984 510 .lam
2047 459 2355 526 prodigiosa
2419 460 2669 514 faciebat.
2723 462 2992 516 Prtetcrea
3048 476 3170 514 cum
3225 465 3425 529 reperti

229 570 306 614 καὶ
329 557 606 624 ἀρχιερεῖς,
639 553 730 605 καὶ
755 551 897 603 οὕτω
921 551 1314 620 περιαγόμενοι
1359 548 1592 618 οἰκτρῶς
1640 549 1758 598 ἑτε-

227 652 482 719 λεύτησαν.
515 645 650 698 Κατ’
685 646 860 697 ἐκεῖνο
884 642 940 695 δὲ
982 641 1178 708 καιροῦ
1206 641 1299 692 καὶ
1323 639 1383 692 τὸ
1415 642 1556 719 μέγα
1588 641 1756 707 κῆτος

225 717 439 797 {dimico
481 739 555 799 είς
591 735 874 797 ἐνιαυτοὺς
903 735 1001 803 τὴν
1057 733 1359 797 Βυζαντίδα
1408 717 1758 801 κατατρῦχον

240 834 574 901 πεντήκοντα·
626 830 727 890 τὰς
791 827 929 895 νῆάς
994 842 1055 878 τε
1116 827 1224 894 γὰρ
1296 809 1621 886 κατεϐύθίζε
1663 823 1758 874 καὶ

221 927 332 984 τοὺς
368 920 679 991 ἀνθρώπους
718 918 1047 986 διέφθειρεν,
1086 911 1130 984 ᾧ
1205 917 1376 984 ὄνομα
1429 913 1756 982 [Ιορφύριος.
1808 957 1810 959 .

223 1017 339 1070 Ιιοῖὲ
365 1014 484 1082 γοῦν
508 1014 761 1081 δελφῖνας
793 1008 1008 1063 διώκων
1050 1011 1108 1062 ἐν
1141 1007 1394 1077 παραλίῳ
1451 1004 1758 1074 κατεσχέθη

220 1109 446 1176 τέλματι,
475 1105 581 1158 τῶν
634 1104 904 1171 δελφίνων
936 1103 1062 1169 περὶ
1117 1100 1214 1170 τὴν
1265 1099 1370 1168 γῆν
1416 1097 1759 1168 ἐκπηδησὰν-

221 1214 331 1251 των.
368 1196 468 1250 Καὶ
491 1197 663 1258 οὔτως
699 1194 975 1264 ἁλώσιμος
1013 1191 1218 1261 γίνεται
1260 1193 1288 1244 ὁ
1331 1193 1514 1260 πάσης
1556 1191 1760 1243 ἀνώτε-

222 1304 302 1356 po;
333 1286 568 1357 μηχανῆς
608 1287 887 1355 ὁρώμενος
919 1285 982 1337 τὸ
1002 1283 1108 1352 πρὸ
1133 1281 1252 1336 τοῦ.
1287 1283 1475 1350 Μῆκος
1522 1281 1620 1351 μὲν
1653 1282 1759 1350 πή-

219 1395 320 1446 χεις
347 1379 654 1446 τριάκοντα,
687 1376 844 1447 εὖρος
876 1377 930 1429 δὲ
958 1378 1151 1444 πήχεις
1175 1375 1310 1426 δέκα
1343 1373 1485 1426 κατὰ
1514 1373 1604 1425 τὸν
1625 1372 1760 1426 Και-

218 1468 366 1534 σαρὲα
401 1469 440 1520 ll
447 1469 721 1538 ροκόπιον.

1860 550 2080 619 quidam
2113 561 2292 605 essent
2323 552 2524 604 illiritis
2553 563 2766 608 utentes
2791 553 3150 622 amplexibus,
3175 563 3430 621 tanquam

1863 641 1916 695 in
1952 642 2228 711 triumpho
2262 659 2360 712 per
2394 644 2608 707 urbem,
2643 647 2872 699 veretris
2921 646 3075 714 prius
3115 647 3429 715 amputatis.

1859 731 2010 785 ducti
2038 743 2186 787 sunt.
2231 734 2434 788 llorum
2473 735 2524 788 in
2556 751 2783 789 numero
2809 738 3031 805 quidam
3065 747 3343 806 magnates
3375 747 3430 789 et

1861 824 2147 891 pontifices
2178 835 2354 888 erant,
2387 827 2479 895 qui
2509 827 2612 880 hoc
2655 829 2813 881 modo
2842 829 3200 881 circumducti
3232 829 3432 882 misere

1867 917 2031 968 vitam
2060 917 2345 970 ﬁniebant.
2381 917 2580 971 Eodem
2610 926 2852 986 tempore
2893 927 3084 986 captus
3113 931 3195 972 est
3243 921 3433 988 ingens

1867 1006 1958 1060 ille
1999 1017 2168 1069 cetus,
2198 1009 2290 1077 qui
2315 1024 2466 1062 oram
2505 1007 2850 1079 Byzantinam
2897 1019 3042 1062 totos
3071 1025 3243 1063 annos
3271 1011 3432 1078 quiu-

1858 1099 2117 1168 quaginta
2153 1110 2477 1163 vexaverat;
2507 1116 2631 1154 nam
2659 1110 2713 1156 et
2740 1117 2906 1154 naves
2942 1104 3255 1169 demergere
3299 1118 3436 1155 cuu-

1860 1201 2116 1245 sueverat
2151 1201 2205 1244 et
2253 1192 2504 1247 homines
2564 1194 2816 1262 perdere.
2877 1194 3073 1247 Datum
3131 1194 3180 1247 ei
3237 1210 3433 1247 nomrn

1858 1292 1978 1336 erat
2027 1283 2333 1352 Porphyrii.
2392 1285 2529 1336 Cum
2581 1295 2760 1338 autem
2791 1285 3085 1354 delphinos
3137 1284 3435 1354 aliquando

1862 1385 2304 1442 persequeretur,
2339 1375 2392 1427 in
2431 1376 2633 1442 uligine
2663 1377 2799 1429 mari
2833 1377 3038 1439 vicina,
3074 1376 3349 1444 delphinis
3378 1390 3438 1428 se

1861 1466 1926 1518 ad
1980 1475 2182 1518 terram
2211 1465 2580 1534 cjieientibus,
2639 1468 2831 1531 hazsit;
2872 1480 3209 1536 quapropter
3239 1475 3435 1535 captus

216 1573 306 1628 est,
334 1577 638 1631 quanquam
669 1569 797 1615 ante
859 1562 910 1614 id
975 1561 1237 1629 temporis
1276 1561 1426 1613 visus
1463 1539 1830 1614 fuissetomni
1871 1567 2068 1613 conatu
2104 1569 2160 1612 et
2190 1561 2598 1615 machinatione
2645 1561 2894 1628 superior
2920 1576 3065 1614 esse.
3113 1559 3437 1627 Lougitudi-

187 1668 323 1707 ‘ncm
353 1653 538 1708 habuit
591 1653 810 1722 triginta
841 1651 1110 1715 cubitum,
1156 1651 1500 1706 latitudinem
1546 1651 1754 1716 decem,
1797 1649 2256 1718 quemadmodum
2299 1650 2600 1719 Procopius
2631 1651 2720 1704 ille
2743 1649 3097 1704 Caesariensis
3121 1650 3364 1718 scripsit.

276 1773 399 1826 Τότε
429 1774 491 1843 δὴ
515 1773 610 1826 καὶ
633 1774 701 1826 τὰ
744 1773 853 1825 τῶν
883 1773 1073 1842 Σηρῶν
1112 1773 1351 1840 νήματα,
1417 1772 1563 1825 τοῦτ’
1608 1771 1757 1824 ἐστιν

1933 1770 2086 1824 Tunc
2108 1780 2162 1824 et
2194 1772 2389 1824 Serum
2420 1773 2559 1835 tel:c,
2597 1771 2855 1825 nimirum
2897 1779 3132 1832 melaxa,
3170 1777 3435 1837 ceperunt

216 1871 243 1938 ἡ
270 1867 484 1936 μετάξα,
516 1867 666 1935 παρὰ
719 1865 1016 1934 Ῥωμαίοις
1043 1865 1245 1934 ἦρξα-το
1307 1865 1571 1932 γίνεσθαι.
1604 1865 1758 1918 Κατὰ

215 1960 309 2026 γὰρ
343 1961 428 2010 τόν
457 1958 823 2026 διαληφθέντα
862 1957 1171 2025 Προκόπιον
1221 1957 1386 2026 ἤγετο
1437 1956 1534 2016 μὲν
1581 1959 1614 2024 ἠ
1664 1973 1759 2024 με-

214 2055 331 2116 τὰξα
373 2053 436 2106 δι’
467 2054 722 2122 ἐμπόρων
748 2050 1004 2114 ἐνταῦθα,
1043 2050 1141 2102 οὐκ
1173 2049 1504 2116 ἐγινώσκετο
1559 2048 1616 2100 δὲ
1639 2047 1755 2100 οὗθ’

217 2147 344 2210 ὅπως
371 2146 578 2210 γίνεται
612 2143 725 2197 οὔθ’
757 2145 840 2197 ὅτι
879 2141 1062 2212 σηρῶν
1093 2140 1312 2211 νήματὰ
1351 2143 1488 2194 ἐστι.
1518 2141 1760 2208 Μοναχοὶ

214 2237 260 2288 δὲ
285 2235 370 2287 δύο
399 2234 542 2296 τινες
577 2234 635 2299 ἐξ
677 2232 870 2295 Ἰνδίας
925 2232 1172 2293 ἐλθόντες
1211 2231 1310 2300 τὴν
1345 2232 1558 2302 γένεσιν
1593 2231 1759 2298 αὐτῆς

213 2327 545 2396 διηγήσαντο,
569 2327 663 2378 καὶ
695 2323 1055 2394 ὑπισχνοῦντο
1091 2321 1320 2392 κομίσαι
1359 2321 1451 2373 τὸν
1478 2321 1587 2373 τῶν
1621 2338 1761 2372 σκω-

216 2421 378 2486 λῄκων
404 2420 629 2471 ἐκείνων
658 2419 838 2485 γόνον,
883 2415 966 2468 ὠὰ
1019 2415 1148 2468 δντα
1189 2415 1283 2466 καὶ
1341 2415 1482 2468 πάνυ
1529 2413 1756 2481 σμικρὰ,

216 2513 364 2578 δεῖξαί
402 2528 458 2564 τε
485 2511 784 2580 Ῥωμαίοις
813 2508 962 2570 ὅπως
988 2509 1174 2560 ἐκεῖνα
1197 2506 1594 2574 ζωογονοῦνται
1635 2505 1760 2558 θα).-

217 2605 402 2674 κόμενα
427 2605 523 2656 καὶ
549 2605 627 2661 εἰς
662 2601 958 2669 σκώληκας
999 2597 1451 2669 μεταϐάλλονται,
1479 2597 1578 2650 καὶ
1613 2597 1760 2657 ὅπως

219 2677 588 2765 δημιουργοῦσι
619 2693 718 2764 τὴν
761 2693 1022 2762 μετάξαν.
1065 2693 1129 2743 Ὃ
1159 2689 1223 2760 δὴ
1265 2691 1361 2742 καὶ
1398 2692 1757 2760 πεποιήκασι,

223 2789 364 2842 πολλὰ
397 2789 545 2860 παρᾶ
575 2787 666 2840 τοῦ
697 2785 961 2856 βασιλέως
1003 2783 1482 2853 εὐεργετηθέντες.

281 2995 393 3048 Ἐπὶ
421 2993 628 3061 ταύτης
666 2990 766 3061 τῆς
795 2989 1070 3061 βασιλείας
1098 2987 1190 3039 καὶ
1217 2989 1250 3055 ἡ
1281 2987 1511 3053 πέμπτη
1540 2984 1760 3046 σύνοδος

217 3087 436 3151 γέγονεν,
471 3083 930 3153 ἀναθεματίσασα
961 3081 1047 3132 τὸν
1097 3079 1402 3148 Ὠριγένην,
1438 3079 1484 3128 εἰ
1517 3076 1606 3127 καὶ
1659 3075 1761 3126 πά-

217 3181 291 3231 λαι
336 3179 550 3249 ἤκμαζε
615 3177 684 3229 τὰ
732 3174 906 3243 ἀσεῦῆ
957 3172 1146 3237 τούτου
1212 3172 1480 3238 δόγματα,
1533 3168 1760 3235 προσέτι

212 3271 262 3323 δὲ
293 3271 378 3324 καὶ
419 3270 520 3332 τὰς
564 3269 701 3337 ὑπὲρ
749 3267 844 3319 τοῦ
902 3264 1198 3333 Νεστορίου
1257 3262 1351 3317 τοῦ
1409 3261 1758 3329 Θεοδωρὴτου

218 3361 569 3430 συνηγορίας,
631 3358 727 3410 καὶ
785 3356 884 3427 τὴν
961 3353 1055 3408 τοῦ
1110 3353 1233 3405 Ἴδα
1310 3351 1632 3420 ἐπιστολὴν,
1699 3349 1766 3418 ἣν
1831 3399 1838 3406 ,

219 3454 338 3521 πρὸς
387 3453 591 3521 Μὰρην
644 3451 735 3503 τὸν
804 3450 1019 3517 Πέρσην
1092 3445 1301 3515 ἔγραψε
1375 3443 1637 3511 λέγουσαν
1693 3441 1766 3512 μὴ

215 3543 292 3594 τὸν
319 3543 443 3615 Θεὸν
477 3543 649 3610 Λόγον
681 3543 744 3594 ὲκ
775 3539 872 3608 τῆς
921 3536 1303 3604 Ἀειπαρθένου
1352 3534 1700 3602 γεννηθῆναι.

283 3731 520 3782 Γίνωσκε
552 3729 631 3792 δὲ,
675 3728 954 3798 ἀγαπητὲ,
991 3727 1071 3778 ὅτι
1104 3728 1179 3794 τῷ
1226 3723 1457 3792 εἰκοστῷ
1497 3723 1605 3774 ἔτει
1668 3722 1766 3790 τῆς

219 3823 486 3888 βασιλείας
511 3821 606 3873 τοῦ
645 3821 886 3890 μεγάλου
925 3815 1338 3871 Κωνσταντίνου
1381 3817 1602 3883 γέγονεν
1644 3816 1676 3882 ἡ
1710 3816 1767 3864 ἐν

215 3911 402 3984 Νικαίᾳ
428 3913 624 3982 πρώτη
663 3911 878 3972 σύνοδος
969 3909 1073 3960 ὑπὸ
1121 3907 1346 3976 Πατρῶν
1408 3906 1578 3970 ἁγίων
1639 3909 1762 3972 τιη’.

224 4000 500 4071 ’Υπῆρχον
564 4001 619 4051 δὲ
673 3997 1108 4069 προεξαρχοντες
1151 3997 1248 4064 τῆς
1303 3995 1519 4048 συνόδου
1565 3995 1766 4060 ταύτης

214 4094 523 4164 Σίλϐεστρο;
545 4095 774 4154 πάππας
815 4092 1053 4160 Ῥώμης,
1083 4090 1451 4159 Μητροφάνης
1479 4091 1768 4140 Κώνσταν-

214 4187 585 4247 τινουπόλεως,
647 4183 998 4252 Ἀλέξανδρος
1070 4181 1504 4250 Ἀλεξανδρείας,
1565 4180 1768 4231 15-53::—

214 4274 316 4340 Θιος
365 4275 707 4345 Ἀντιοχείας
741 4275 837 4326 καὶ
857 4273 1145 4342 Μακάριος
1182 4273 1598 4341 Ἱεροσολύμων.
1641 4272 1770 4320 Συν-

212 4367 363 4434 ἧλθον
423 4369 481 4423 δὲ
550 4368 690 4420 κατὰ
734 4367 946 4437 ’Δρείου
1009 4364 1458 4436 βλασφημοῦντος
1507 4365 1598 4416 τὸν
1635 4365 1767 4415 Θεὺν

1861 1859 2004 1928 apud
2063 1860 2335 1913 Romanos
2375 1860 2664 1914 elaborari.
2711 1859 2846 1913 Nam
2881 1867 2940 1912 ut
2974 1859 3065 1912 ille
3112 1859 3252 1926 ipse,
3281 1857 3437 1922 cuius

1863 1950 2198 2004 mentionem
2237 1950 2570 2005 faciebamus
2620 1950 2802 2013 modo,
2839 1949 3142 2018 Procopius
3207 1949 3433 2008 indicat,

1862 2041 2242 2094 advehebatur
2268 2041 2490 2110 quidem
2546 2051 2753 2095 metaxa
2788 2056 2885 2109 per
2930 2051 3266 2095 mercatores
3294 2042 3439 2109 (Ipo-

1861 2119 1978 2192 lim,
2012 2131 2107 2184 sed
2146 2131 2502 2200 ignorabatur
2531 2133 2811 2200 quomodo
2839 2131 3014 2193 ﬁeret,
3050 2133 3268 2184 nemine
3302 2147 3434 2200 prte-

1863 2229 2011 2275 terea
2066 2223 2274 2276 sciente
2330 2223 2597 2276 vermium
2656 2223 2778 2277 illas
2817 2224 2951 2276 telas
2985 2237 3128 2275 esse.
3185 2222 3434 2274 Monachi

1865 2322 2047 2366 autem
2079 2312 2189 2366 duo
2215 2329 2280 2366 ex
2315 2313 2462 2366 ludia
2506 2329 2627 2368 cum
2662 2315 2960 2375 venissent,
3016 2312 3286 2381 originem
3319 2329 3438 2365 me-

1865 2412 2000 2456 taxac
2029 2403 2403 2467 declararunt,
2440 2405 2668 2473 polliciti
2697 2420 2756 2459 se
2809 2405 3000 2459 festum
3053 2406 3272 2459 illorum
3305 2415 3438 2456 Ver-

1863 2494 2054 2555 mium,
2103 2508 2203 2546 ova
2237 2495 2528 2563 perexigua
2575 2494 2804 2557 scilicet,
2838 2495 3120 2558 allaturos,
3148 2495 3440 2550 Romanis-

1863 2600 1970 2653 que
2023 2595 2422 2640 monstraturos
2458 2587 2918 2656 quemadmodum
2952 2587 3042 2640 illa
3069 2588 3302 2641 fovendo
3330 2590 3440 2640 ani-

1865 2687 2007 2729 mata
2043 2677 2100 2729 in
2136 2693 2352 2732 vermes
2378 2687 2658 2731 mutentur
2687 2688 3070 2748 metaxamque
3095 2690 3296 2733 texant.
3327 2677 3434 2730 ΙΙοι·

1864 2767 1954 2820 ubi
1993 2769 2373 2833 priestitissent
2399 2811 2412 2834 ,
2469 2771 2678 2837 magnis
2723 2771 2792 2824 ab
2829 2771 3157 2840 imperatore
3197 2771 3438 2824 muneri-

1864 2858 1968 2911 bus
2007 2874 2070 2911 ac
2095 2861 2378 2915 beneﬁciis
2411 2864 2594 2919 aﬂ‘erti
2631 2881 2780 2919 sunt.

1937 2974 2014 3028 Eo
2041 2983 2301 3042 regnante
2335 2976 2588 3044 quintum
2615 2994 2832 3046 quoque
2861 2981 3153 3033 concilium
3190 2992 3436 3034 coactum

1865 3065 2307 3134 celebratumquc
2347 3067 2470 3130 fuit,
2527 3068 2579 3120 in
2610 3085 2718 3137 quo
2763 3069 2900 3124 facta
2947 3084 3031 3125 est
3071 3073 3316 3142 Origenis
3347 3090 3441 3125 ex-

1869 3156 2129 3220 secratio,
2160 3173 2472 3226 quanquam
2511 3160 2674 3226 impia
2714 3161 3129 3232 illiusdogmata
3173 3164 3281 3232 jam
3314 3164 3440 3215 olim

1870 3246 2136 3318 vigerent.
2181 3249 2382 3302 Eodem
2438 3250 2600 3304 modo
2629 3251 2897 3306 damnane
2954 3263 3079 3306 sunt
3113 3254 3442 3308 Theodorezi

1869 3355 1966 3408 pro
1995 3339 2243 3393 Nestorio
2273 3341 2643 3405 defensiones,
2677 3352 2730 3398 et
2761 3343 2866 3396 Iba:
2913 3344 2978 3397 ad
3014 3345 3196 3398 .‘ilaren
3224 3346 3440 3398 Persam

1869 3433 2085 3500 scriptm
2147 3431 2402 3495 Litterae,
2458 3435 2658 3504 quibus
2706 3436 2850 3490 inter
2897 3437 3002 3489 alia
3059 3437 3441 3491 continebatur

1872 3525 2039 3577 Deum
2092 3523 2412 3579 Sermonem
2444 3544 2509 3580 ex
2545 3525 2761 3596 Viigine
2791 3537 3048 3598 perpetua
3100 3540 3284 3582 natum
3334 3546 3445 3584 nor.

1871 3631 2014 3668 CSSC.

1946 3732 2078 3783 Volo
2113 3741 2162 3784 te
2211 3745 2391 3786 autem
2434 3736 2597 3794 scire,
2625 3733 2823 3786 dilecte
2870 3727 2974 3796 iiii,
2998 3751 3141 3789 anno
3172 3735 3440 3789 Constan-

1870 3821 1968 3874 tini
1998 3821 2454 3889 Magnivicesimo
2519 3825 2744 3890 primam
2790 3824 2980 3876 Nicaea:
3032 3825 3296 3893 synodum
3327 3828 3442 3880 eoi-

1872 3913 2034 3970 vissc.
2075 3913 2141 3964 ad
2196 3928 2356 3981 quam
2392 3913 2494 3966 518
2539 3915 2683 3965 sacri
2725 3915 2910 3967 Patres
2957 3915 3333 3968 convenerint.
3375 3918 3442 3971 Et

1871 4002 2136 4070 prmitiere
2192 4003 2457 4058 Silvester
2511 4019 2647 4073 papa
2699 4005 3016 4068 Romanus,
3057 4005 3442 4075 Metrophanes

1869 4093 2230 4162 Cpolitanus,
2281 4096 2587 4148 Alexander
2632 4098 3070 4159 Alexandrinus,
3124 4098 3442 4152 Eustathius

1871 4185 2282 4249 Antiochenus,
2335 4193 2390 4239 et
2435 4186 2704 4239 Macarius
2759 4188 3260 4257 Hierosolymorum
3299 4191 3443 4242 anti-

1869 4284 2000 4330 stes.
2028 4266 2367 4330 Cooventum
2425 4276 2529 4330 fuit
2561 4277 2673 4330 Arii
2707 4294 2890 4342 causa,
2925 4279 3094 4331 Deum
3133 4294 3438 4334 sermonem

1871 4363 2158 4419 alﬁcientis
2207 4364 2526 4433 ignominia,
2571 4367 2728 4434 271
2773 4381 2933 4434 quem
2989 4378 3228 4421 creatum
3271 4377 3445 4436 quod—

213 4461 392 4529 Λόγον,
426 4462 527 4515 καὶ
561 4460 766 4528 κτίσμα
812 4459 1064 4524 λέγοντος
1117 4459 1281 4511 αὑτὸν
1318 4460 1411 4512 καὶ
1463 4458 1761 4526 ἑτερούσιον

1874 4455 1994 4508 dam
2037 4469 2159 4508 esse
2200 4455 2426 4520 diceret,
2461 4463 2514 4508 et
2553 4471 2581 4507 a
2652 4465 2845 4509 natura
2874 4459 3219 4527 essentiaque
3267 4459 3445 4514 Patris

214 4553 297 4604 τοῦ
347 4552 580 4621 Πατρδς,
617 4552 712 4603 καὶ
758 4549 837 4602 ὅτι
871 4544 938 4618 ἦν
965 4565 1095 4600 ποτε
1131 4549 1217 4600 ὅτε
1262 4549 1362 4602 οὐκ
1417 4546 1505 4617 ἦν.
1540 4549 1634 4599 Ὃν
1667 4563 1767 4598 κα-

214 4641 434 4696 θελοῦσα
460 4645 498 4714 ἡ
523 4643 655 4711 ἁγία
687 4641 904 4704 σύνοδος
933 4641 1031 4710 τὴν
1058 4639 1340 4710 ὀρθόδοξον
1399 4641 1582 4692 πίστιν
1603 4639 1770 4709 ἐκρά-

213 4751 379 4788 τυνεν.

279 4927 364 4980 Ἐν
397 4926 454 4980 δὲ
476 4927 555 4996 τῷ
577 4925 816 4996 δευτέρῳ
853 4925 962 4976 ἔτει
1015 4923 1115 4990 τῆς
1173 4919 1451 4990 βασιλείας
1482 4919 1769 4974 Θεοδοσίου

218 5019 304 5070 τοῦ
343 5021 581 5088 μεγάλου
643 5019 865 5086 γέγονεν
895 5018 928 5083 ἡ
974 5014 1202 5081 δευτέρα
1238 5011 1455 5073 σύνοδος
1505 5012 1564 5060 ἐν
1618 5012 1771 5061 Κων-

220 5102 652 5162 σταντινουπόλεί
715 5106 820 5159 ὑπὸ
847 5105 1075 5172 Πατρῶν
1115 5103 1284 5170 ἁγίων
1317 5100 1391 5172 ρν¹
1463 5104 1602 5154 κατὰ
1650 5101 1772 5154 Μα-

221 5199 449 5252 κεδονίου
485 5201 576 5252 τοῦ
633 5198 1121 5268 Πνευματομὰχου,
1153 5196 1241 5246 ὅτε
1277 5195 1373 5246 καὶ
1410 5193 1706 5263 Γρηγόριος
1746 5194 1773 5244 ό

220 5288 469 5360 Θιολόγος
517 5293 616 5361 τῆς
676 5289 1004 5360 Ἐκκλησίας
1051 5287 1334 5356 ἐξεϐλήθη.
1404 5285 1679 5356 ’Υπῆρχον
1715 5287 1771 5338 δὲ

221 5382 640 5452 προεξάρχοντες
670 5385 768 5450 τῆς
809 5382 1030 5434 συνόδου
1068 5379 1272 5448 ταύτης
1313 5377 1579 5447 Τιμόθεος
1614 5379 1764 5429 Ἀλε-

224 5471 520 5540 ξανδρσίας,
570 5474 835 5536 Μελέτιος
873 5472 1234 5541 Ἀντιοχείας,
1293 5469 1558 5540 Κύριλλος
1604 5471 1770 5540 Ἱερο-

225 5559 482 5630 σολύμων,
533 5562 832 5632 Γρηγόριος
882 5563 909 5614 ὁ
947 5562 1208 5627 Θεολόγος
1257 5561 1770 5612 Κωνσταντινουπό-

220 5647 345 5711 λεως
379 5655 469 5704 καὶ
515 5655 767 5723 Δάμασος
801 5655 1030 5715 πάππας
1063 5651 1303 5722 Ῥώμης,
1347 5652 1544 5715 οἵτινες
1584 5654 1770 5704 ἀνεθε-

227 5741 448 5806 μάτισαν
479 5747 809 5798 Μακεδόνων
836 5747 896 5797 τὸ
942 5745 1168 5815 Πνεῦμα
1202 5749 1260 5797 τὸ
1316 5745 1472 5809 ἅγιον
1527 5752 1576 5797 ’ὶ
1627 5763 1764 5818 σφη-

1871 4543 2132 4596 alienum.
2173 4543 2422 4598 Addebat
2454 4547 2620 4599 fuisse
2660 4555 2874 4615 tempus
2906 4563 3030 4601 cum
3061 4548 3152 4603 ille
3209 4566 3317 4603 non
3347 4568 3441 4604 cx-

1868 4633 2104 4686 sisteret.
2161 4633 2346 4702 Itaque
2392 4649 2607 4687 sacrmn
2663 4635 2766 4688 hoc
2799 4636 3090 4690 concilium
3161 4643 3292 4692 Arte
3347 4643 3442 4694 de-

1864 4724 2008 4790 jecto
2055 4737 2110 4776 et
2161 4723 2412 4778 abdicato
2461 4735 2664 4778 rectam
2709 4725 2834 4779 ﬁdei
2874 4729 3197 4782 sententiam
3243 4732 3445 4785 eontir-

1870 4816 2056 4868 mavit.

1941 4928 2153 4982 liursus
2199 4945 2344 4984 anno
2390 4931 2924 4999 imperii'l‘heodosii
2976 4938 3152 5008 Magni
3200 4941 3445 4995 secundo

1869 5022 2111 5088 synodus
2165 5020 2336 5073 altera
2369 5020 2526 5090 Cpoli
2589 5040 2619 5076 a
2679 5025 2776 5078 150
2825 5029 3030 5082 sanctis
3077 5030 3334 5086 Patribus
3362 5045 3456 5086 ut

1871 5112 2142 5166 celebrata
2200 5124 2389 5167 contra
2443 5113 2823 5171 Macedoniam
2879 5122 3052 5176 sancti
3089 5123 3323 5191 Spiritus
3351 5142 3445 5192 ιη.-

1867 5214 2246 5271 pugnatorem.
2301 5203 2378 5259 Eo
2437 5206 2673 5261 durante
2721 5211 2960 5265 concide
3022 5214 3316 5283 Gregorius
3354 5217 3444 5267 illo

1870 5293 2177 5362 '[beologus
2219 5294 2320 5348 hac
2371 5297 2598 5352 ecclesia
2653 5302 2918 5368 spoliatus
2971 5314 3020 5357 et
3079 5306 3287 5371 cjectus
3341 5315 3444 5357 est.

1868 5385 2237 5440 Prwsidebant
2265 5387 2583 5443 Timotheus
2614 5394 3034 5458 Alexandrinus,
3061 5395 3306 5448 Meletius
3327 5398 3407 5448 An
3428 5427 3440 5436 -
3481 5413 3486 5418 ’

1873 5477 2202 5540 tiocltenus,
2255 5481 2488 5549 Cyrillus
2546 5481 3090 5554 llierusulymitanus,
3144 5485 3442 5553 Gregorius

1875 5565 2186 5636 'l‘heologus
2214 5567 2551 5637 Cpolztanus,
2582 5581 2636 5626 et
2670 5573 2947 5627 licuianus
2979 5589 3117 5641 papa
3148 5576 3440 5641 Damasus;

1871 5658 1967 5726 qui
1996 5657 2375 5714 Macedoniam
2403 5662 2669 5716 exsecrati
2695 5673 2841 5726 sunt,
2873 5664 3146 5717 hominem
3177 5665 3441 5718 adversus

1873 5743 2133 5820 Spiritum
2169 5763 2417 5807 sanctum
2449 5756 2839 5809 contumeliose
2880 5769 2940 5807 ac.
2975 5755 3139 5823 itnpie
3177 5757 3442 5825 locutum,
