3794 6226
172 376 259 437 503
1360 362 1763 423 ANNAIJUM
1810 362 1999 422 PARS
2039 363 2156 422 IV.

3292 366 3394 427 Siil

170 490 588 567 προσκυνεῖσθαι,
627 487 751 550 τοὺς
783 486 839 541 δὲ
887 485 1293 555 Εἰκονομάχους
1333 486 1364 554 ἦ
1401 486 1695 556 Χριστομένε

1862 483 1924 538 tri
1947 485 2170 545 debere.
2210 498 2271 538 ac
2310 483 2604 554 imaginum
2635 483 2953 552 Christique
2982 496 3392 553 oppugnatores

164 605 276 659 χους
306 589 363 639 ὲκ
392 586 556 654 μέσον
578 583 931 652 ποιήσαντες.

219 680 441 731 Γίνωσκε
482 675 559 739 δὲ,
595 672 873 742 ἀγαπητὲ,
906 674 987 725 ὅτι
1012 671 1110 742 τὴν
1161 671 1255 724 τοῦ
1287 670 1420 724 Θεοῦ
1466 671 1711 739 μεγάλην

165 770 433 838 ἐκκλησίαν
463 770 488 821 ὁ
522 765 903 826 ἰουστινιανδς
936 764 1229 831 ἀνεγείρας
1256 763 1453 831 ἔστησε
1488 767 1580 815 καὶ
1612 765 1711 833 τὴν

164 863 341 932 στήλην
365 857 525 913 αὖτοῦ
553 859 610 909 ἐν
632 855 821 927 ὑψηλῴ
850 857 1012 915 κίονι,
1036 858 1099 925 τῇ
1130 856 1230 924 μὲν
1260 855 1530 924 ἀριστερᾷ
1565 854 1709 923 χειρὶ

164 951 444 1024 κρατοῦσαν
488 952 728 1019 σφαῖραν
764 949 903 1017 μετὰ
928 946 1193 1018 σταυροῦ,
1229 946 1322 1016 ἀφ’
1356 938 1417 998 οὗ
1451 945 1708 1016 δηλοῦται

160 1044 337 1099 ὄτιδιά
383 1042 479 1112 τὴν
520 1043 599 1104 είς
652 1041 891 1109 Χριστὸν
941 1040 1128 1092 πίστιν
1182 1039 1465 1109 ἐγκρατὴς
1509 1039 1705 1105 γέγονε

162 1137 244 1207 τῆς
268 1135 361 1206 γῆς
395 1133 770 1205 (σφαιροειδὴς
805 1135 900 1187 καὶ
928 1133 1037 1202 γὰρ
1073 1133 1106 1201 ή
1142 1130 1262 1201 γῆ),
1312 1132 1409 1201 τὴν
1444 1131 1500 1184 δὲ
1525 1130 1706 1196 δεξιὰν

162 1229 301 1299 χεῖρα
329 1226 464 1278 κατὰ
509 1224 777 1291 ἀνατολὴν
834 1224 1248 1293 ἀνατεταμὲνην
1307 1223 1563 1291 ἔχουσαν,
1608 1219 1705 1272 καὶ

163 1319 538 1374 ὲπαπειλοῦσαν
584 1316 779 1387 ὥσπερ
814 1318 928 1381 τοῖς
978 1317 1220 1389 Πέρσαις
1247 1319 1343 1370 καὶ
1375 1314 1703 1386 ιιτσιρεγγυῶ⁴

162 1426 246 1463 σαν
270 1406 434 1477 ἡσυχῆ
472 1405 654 1475 μένειν
697 1406 795 1457 καὶ
841 1406 917 1475 μὴ
979 1407 1181 1476 χωρεῖν
1224 1405 1361 1466 ὅλως
1414 1403 1650 1457 ἐνταῦθα
1688 1420 1699 1431 ⁸

161 1500 262 1552 ηὐδὲ
290 1499 392 1568 γὰρ
416 1494 687 1566 συμφέρει
720 1497 927 1559 αὐτοῖς.
974 1497 1064 1551 Ἐν
1119 1496 1175 1549 δὲ
1209 1495 1285 1567 τῷ
1333 1493 1415 1565 λη’
1470 1492 1704 1565 ἐνιαυτῷ

160 1594 243 1661 τῆς
296 1586 565 1659 βασιλείας
624 1586 791 1642 αὑτοῦ
849 1590 877 1641 ὁ
918 1587 1175 1657 βασιλεὺς
1230 1579 1383 1650 οὗτος
1417 1582 1701 1657 ἄφθαρτον

131 1687 207 1736 -τὸ
232 1678 316 1735 τοῦ
352 1680 554 1751 Κυρίου
595 1681 757 1748 σῶμα
797 1680 985 1748 ἔλεγεν
1024 1678 1174 1734 εἶναι
1223 1682 1318 1735 καὶ
1374 1680 1483 1734 τῶν
1541 1697 1703 1749 φυσι-

160 1775 253 1830 κῶν
298 1774 480 1826 παθῶν
534 1774 917 1836 ἀνεπίδεκτον,
977 1774 1072 1826 καὶ
1118 1772 1292 1837 οὕτως
1354 1772 1557 1826 ἐσθίειν
1595 1771 1702 1843 πρὸ

1815 577 2246 644 compescendos
2281 592 2423 632 esse.

1871 666 2143 723 Czeterum
2198 670 2285 725 his
2329 673 2567 742 cognitis
2614 674 2744 727 illud
2782 674 2944 727 etiam
2991 673 3150 736 scito,
3192 668 3392 722 dilecte

1813 760 1910 828 ﬁli,
1943 762 2089 830 quod
2127 763 2380 819 videlicet
2411 764 2757 820 Justiniauus
2788 766 2977 836 Magna
3016 766 3102 831 illa
3143 766 3234 819 Dei
3290 764 3391 815 lCr~

1752 856 1755 857 ⁷
1811 852 1976 907 clesia
2010 855 2227 908 condita
2269 871 2422 909 suam
2472 872 2692 926 quoque
2734 866 2966 910 statuam
3004 857 3255 909 columna
3293 870 3385 906 su-

1814 943 1965 997 blitni
2014 946 2387 1011 collocaverit,
2425 948 2557 1002 laeva
2592 964 2755 1002 manu
2811 948 3028 1017 globum
3067 946 3384 1016 insignitum

1810 1048 1972 1090 cruce
2001 1038 2402 1103 continentem,
2429 1056 2539 1109 quo
2564 1028 2917 1109 signiﬁcatur
2942 1054 3064 1091 eum
3094 1053 3191 1107 per
3224 1037 3385 1091 tidem

1812 1127 1863 1180 in
1898 1124 2177 1182 Christum
2204 1129 2373 1183 totius
2410 1139 2680 1185 terrarum
2714 1130 2863 1185 orbis
2892 1131 3123 1199 imperio
3155 1131 3386 1198 potitum

1807 1232 1952 1283 esse,
2005 1219 2096 1289 qui
2132 1228 2188 1273 et
2228 1222 2343 1289 ipse
2393 1220 2539 1290 globi
2595 1221 2827 1276 formam
2878 1221 3080 1285 refert;
3138 1222 3387 1277 dextram

1809 1324 1941 1363 vero
1993 1312 2257 1366 orientem
2312 1327 2505 1367 versus
2552 1315 2964 1380 extendentem,
3010 1315 3166 1384 quasi
3202 1314 3390 1367 Persis

1809 1403 2099 1456 minitetur
2135 1418 2342 1472 eosque
2390 1404 2583 1473 jubeat
2634 1418 2755 1458 esse
2801 1406 3129 1473 tranquillos
3178 1418 3278 1458 nec
3321 1403 3387 1456 ad

1808 1495 2002 1550 urbem
2054 1495 2282 1563 propius
2332 1496 2635 1559 accedere,
2666 1497 2809 1565 quod
2847 1497 2979 1551 illud
3039 1496 3173 1564 ipsis
3220 1497 3390 1550 detri-
3452 1566 3461 1573 κ

1807 1595 1995 1643 mento
2040 1587 2113 1640 sit
2158 1585 2424 1641 futurum.
2461 1586 2595 1643 Cum
2648 1600 2831 1643 autem
2885 1588 3181 1656 imperator
3215 1602 3391 1639 annos

1801 1679 1912 1749 jam
1946 1680 2014 1734 58
2048 1694 2233 1733 rerum
2283 1682 2490 1751 potitus
2534 1681 2746 1743 fuisset,
2789 1680 3031 1749 proﬁteri
3084 1682 3251 1747 coepit
3292 1681 3391 1732 Do-

1808 1770 1943 1824 mini
1995 1786 2198 1841 eorpus
2242 1771 2497 1827 interitus
2541 1788 2605 1826 ac
2656 1773 2986 1826 naturalium
3035 1772 3382 1825 aﬂecliouum

158 1867 235 1921 τοῦ
276 1867 475 1929 πάθους
508 1866 601 1920 καὶ
628 1867 812 1917 πίνειν
861 1864 1005 1917 καθὰ
1050 1863 1114 1934 δὴ
1171 1866 1265 1916 καὶ
1322 1864 1462 1933 μετὰ
1507 1863 1570 1914 τὸ
1600 1865 1695 1917 πά-

1862 1878 2036 1918 -orsus
2069 1879 2264 1931 expers
2314 1864 2514 1931 fuisse;
2573 1866 2755 1935 itaque
2796 1865 2932 1920 cibis
2982 1882 3044 1920 ac
3075 1876 3205 1935 potu
3258 1878 3384 1920 ante

160 1963 251 2023 θος.
293 1959 446 2014 ’Δλλὰ
476 1960 574 2012 καὶ
622 1959 715 2011 τὸν
745 1958 1092 2027 πατριάρχην
1122 1956 1384 2025 Εὑτύχιον
1423 1954 1499 2025 μὴ
1530 1971 1703 2009 κατα-

158 2052 418 2121 δεχόμενον
452 2049 629 2107 ταῦτα
690 2048 929 2120 ἐξορίζει
982 2050 1041 2101 ὲν
1089 2048 1379 2118 ’Δμασείᾳ,
1435 2048 1559 2100 ὅθεν
1607 2051 1703 2103 καὶ

158 2144 373 2215 ὥρμητο.

211 2322 351 2376 Μετὰ.
388 2323 440 2374 δὲ
484 2321 868 2375 ’1ουστινιανδν
919 2322 1211 2385 ’Ῑουστῖνος
1266 2322 1295 2375 ὁ
1347 2320 1568 2403 ἀνεψιὸς
1606 2319 1702 2372 αὖ·

157 2413 232 2465 τοῦ
252 2415 338 2481 Ετη
375 2412 461 2482 ιγ’.
500 2407 672 2475 Οὗτος
700 2414 892 2476 κτίσας
924 2412 1188 2467 παλάτιον
1213 2412 1320 2480 ἔξω
1350 2414 1451 2482 τῆς
1494 2411 1702 2477 πόλεως

156 2505 434 2573 καὶλιμένα
477 2506 549 2556 ἐν
572 2506 709 2574 αὐτῇ
755 2507 824 2575 τῇ
853 2504 1031 2570 πόλλ,
1066 2506 1137 2557 τὰ
1189 2504 1289 2574 μὲν
1316 2504 1524 2573 Σοφίας
1569 2504 1702 2557 ἐκά-

158 2600 278 2662 λεσε,
306 2598 370 2651 τὰ
399 2598 457 2651 δὲ
499 2598 789 2666 Σοφιανὰς,
822 2599 898 2659 είς
917 2596 1088 2666 ὄνομα
1118 2598 1217 2667 τῆς
1249 2596 1512 2665 γυναικὸς
1535 2596 1700 2649 αὑτοῦ

157 2693 344 2758 Σοφίας.
407 2692 471 2746 Ἦ
503 2692 801 2762 θαυμαστὴ
833 2690 973 2761 αὕτη
1016 2692 1187 2763 Σοφία
1220 2690 1599 2761 ἐπισυνάξασα
1653 2692 1707 2745 εῐ

161 2802 245 2836 που
269 2781 392 2856 ἦσαν
457 2786 698 2855 ἐνέχυρα
750 2786 986 2856 κείμενα
1028 2788 1145 2847 τοῖς
1191 2785 1479 2847 δεσπόταις
1530 2784 1704 2838 ταῦτα

158 2876 346 2941 δέδωκε,
381 2878 446 2931 τά
478 2878 540 2931 δὲ
571 2877 758 2931 δάνεια
794 2879 907 2941 τοῖς
935 2877 1255 2931 δανείσασιν
1309 2878 1702 2930 ὲπανεσώσατο

156 2968 354 3023 οἴκοθεν.
383 2970 527 3023 Κατ’
554 2971 733 3023 ἐκεῖνο
776 2969 971 3039 καιροῦ
1008 2969 1251 3039 ἀνεφάνη
1285 2970 1380 3021 καὶ
1412 2970 1440 3021 ὁ
1472 2969 1702 3038 ὑελεψὸς

154 3058 371 3124 Ἰουδαῖος
395 3065 421 3117 ὁ
452 3061 520 3115 τὸ
552 3062 765 3114 παιδίον
794 3060 961 3113 αὑτοῦ
993 3060 1082 3113 διὰ
1140 3062 1199 3113 τὸ
1230 3058 1500 3129 ἐνωθῆναι
1562 3061 1696 3130 λρι-

154 3154 357 3215 σ.ιανς.ῖς
398 3151 641 3213 παιδίοις
674 3151 772 3205 καὶ
837 3153 1032 3221 φαγεῖν
1101 3151 1211 3204 ἀπὸ
1265 3152 1364 3219 τῆς
1428 3151 1697 3222 μυστικῆς

151 3243 397 3311 τραπέζης
442 3241 627 3312 βαλὼν
658 3245 739 3306 εἰς
764 3243 862 3313 τὴν
895 3246 1148 3313 κάμινον,
1206 3245 1254 3296 εἱ
1284 3245 1375 3296 καὶ
1405 3245 1506 3297 οὐκ
1534 3243 1695 3311 ἐφλέ-

150 3332 252 3403 χθηΙ
296 3336 387 3404 τῆς
445 3334 719 3389 Θεοτὸκου
763 3334 1077 3404 φυλαξάσης
1133 3336 1287 3401 αὐτὸ,
1343 3336 1485 3390 καθὰ
1533 3337 1598 3408 δὴ
1641 3338 1696 3390 τὸ

149 3426 334 3479 παιδίον
361 3426 766 3481 διεϐεὸαιοῦτο.
829 3427 1021 3497 Ταύτῃ
1048 3445 1131 3481 τοι
1170 3428 1263 3481 καὶ
1316 3429 1412 3482 τοῦ
1449 3430 1695 3483 τοιούτου

146 3515 393 3586 θαύματος
427 3518 524 3571 διὰ
573 3517 669 3575 τοῦ
711 3520 1054 3589 πατριάρχου
1102 3520 1266 3590 Μηνᾶ
1301 3520 1696 3589 γνωρισθέντος

145 3606 208 3678 τῷ
287 3608 537 3680 βασιλεῖ,
599 3612 1003 3685 μετακαλεῖται
1066 3614 1092 3666 ὁ
1172 3614 1444 3678 Ἰουδαῖος.
1520 3616 1696 3667 Πολλὰ

143 3702 300 3755 τοίνυν
345 3704 705 3776 παραινιθεὶς
771 3704 866 3757 καὶ
912 3704 987 3774 μὴ
1038 3705 1287 3768 πεισθεὶς
1327 3705 1428 3776 τῆς
1485 3707 1692 3771 οἰκείας

144 3792 504 3864 ἀποστερεῖται
546 3795 690 3867 ζωῆς
713 3795 786 3859 ὡς
814 3813 881 3865 φο
910 3798 1033 3860 νεὺς
1069 3796 1162 3850 τοῦ
1204 3797 1338 3851 ἰδίου
1368 3798 1580 3863 παιδός.

199 3975 427 4033 Γὶνωσκε
449 3978 509 4031 δὲ
548 3979 643 4034 καὶ
675 3978 859 4043 τοῦτο,
906 3980 988 4031 ὅτι
1045 3980 1102 4033 ἐν
1132 3978 1233 4050 -τῷ
1301 3980 1548 4051 δευτέρῳ
1582 3981 1690 4032 ἔτει

140 4068 222 4136 τῆς
250 4070 521 4137 βασιλείας
583 4070 677 4122 τοῦ
716 4069 1107 4141 διαληφθέντος
1148 4070 1417 4142 βασιλέως
1471 4073 1690 4125 Ἰουστίξ

139 4176 216 4212 νου
238 4160 296 4230 δὴ
352 4163 445 4216 τοῦ
504 4161 742 4232 Θρακὸς,
808 4163 994 4234 ἡμέρᾳ
1060 4162 1105 4226 γ’
1155 4161 1276 4234 ὥρᾳ
1306 4169 1370 4230 ε’,
1428 4166 1620 4218 πίπτει
1668 4167 1694 4216 ὁ

136 4251 338 4320 τροῦλος
365 4253 469 4321 τῆς
503 4251 599 4304 τοῦ
629 4251 763 4305 Θεοῦ
792 4254 1036 4322 μεγάλης
1078 4253 1400 4321 ἐκκλησίας,
1447 4257 1539 4307 καὶ
1571 4273 1694 4308 συι-

137 4343 351 4415 ετρίὸηό
377 4342 815 4414 ἀξιοθαύμαστα,
846 4345 1058 4414 ἄμϐων,
1092 4348 1125 4415 ἡ
1159 4346 1454 4417 πολύτιμος
1489 4348 1694 4401 σωλαία

137 4435 306 4492 καὶτὸ
348 4435 734 4490 πολυποίκιλον
792 4437 1012 4504 ἔδαφος.
1069 4438 1239 4507 Ζητεῖ
1300 4440 1399 4508 τὴν
1456 4441 1692 4493 αἱτίανό

138 4525 393 4593 βασιλεὺς.
415 4529 701 4585 Μανθάνει
730 4531 867 4600 πρὸς
892 4533 1003 4592 τοῖς
1027 4530 1206 4594 ἄλλοις
1241 4532 1336 4583 καὶ
1384 4532 1564 4594 τοῦτο,
1611 4534 1692 4585 ὅτι
1728 4563 1769 4617 D

134 4617 207 4670 διὰ
227 4623 283 4679 τὸ
308 4623 611 4692 ὑπερμήκη
644 4622 902 4690 γενέσθαι
939 4623 1030 4676 τὸν
1077 4622 1307 4693 τροῦλον
1339 4627 1430 4678 ἐπὶ
1453 4626 1513 4679 τὸ
1557 4645 1693 4681 παν-

134 4712 281 4780 ταχοῦ
301 4713 536 4784 ὁρᾶσθαι
573 4715 734 4777 αὐτὸς
772 4715 965 4767 ἑαυτὸν
992 4714 1285 4783 βαστάζειν
1312 4719 1411 4769 οὐκ
1437 4718 1690 4787 ἠδύνατο.

110 4834 113 4837 -
139 4800 284 4857 Ὀθιν
310 4804 657 4873 ἁνεγείρεται
695 4805 872 4868 αὖθί,
908 4806 1117 4869 πεδινὸς
1136 4807 1191 4860 δὲ
1215 4806 1537 4877 λειπόμενος
1558 4809 1692 4881 πρὸς

133 4893 184 4944 τὸ
203 4896 387 4967 πρώην
420 4896 575 4968 ὕψος,
608 4898 847 4970 ὀργυιῶν
885 4908 965 4954 ιε’.

1807 1957 2270 2011 resurrectionem
2305 1972 2486 2022 usum,
2516 1958 2595 2012 uti
2621 1967 2745 2028 post
2784 1957 2953 2029 ipsam
2992 1973 3211 2028 quoque
3261 1974 3385 2026 pas-

1800 2049 2017 2102 sionem
2050 2049 2196 2103 vesci
2242 2050 2613 2106 consueverit.
2659 2049 2906 2121 Cumque
2959 2066 3071 2105 non
3128 2052 3384 2121 probaret

1809 2139 1921 2194 inec
1968 2140 2271 2211 Eutychius
2305 2142 2634 2212 patriarcha,
2685 2144 3027 2198 Justiniauus
3056 2159 3181 2198 eum
3216 2143 3388 2196 Ama-

1806 2230 1943 2285 siam
1980 2232 2265 2303 relegavit,
2302 2232 2448 2288 unde
2477 2231 2690 2303 Cpolim
2718 2241 2967 2288 venerat.

1878 2323 2005 2376 Post
2030 2322 2398 2377 Iustinianum
2452 2321 2703 2378 Justinus
2728 2364 2741 2387 ,
2788 2324 2907 2394 ejus
2956 2338 3142 2379 sorore
3178 2333 3339 2378 natus
3366 2366 3378 2387 ,

1806 2414 2071 2469 tredecim
2106 2430 2280 2469 annos
2317 2416 2625 2484 imperavit.
2658 2416 2709 2471 ls
2758 2427 2909 2470 extra
2947 2417 3137 2471 urbem
3181 2419 3384 2487 palatio

1805 2515 1862 2562 et
1905 2509 2022 2576 ipsa
2059 2508 2112 2561 in
2155 2509 2295 2563 urbe
2335 2518 2497 2578 portu
2536 2510 2777 2575 condito,
2832 2510 2966 2564 illud
3012 2512 3235 2580 quidem
3285 2512 3386 2565 So-

1805 2597 2007 2668 phiana
2042 2603 2404 2671 nuncupavit,
2438 2600 2585 2658 hunc
2608 2618 2739 2659 vero
2781 2603 3003 2674 Sepbize
3045 2612 3284 2673 portum,
3315 2604 3384 2658 de

1806 2691 2027 2762 Sophiae
2081 2695 2332 2764 conjugis
2386 2696 2642 2759 nomine;
2703 2711 2822 2766 qua:
2868 2710 2999 2750 sane
3053 2696 3387 2752 admirandae

1804 2786 2026 2840 virtutis
2089 2787 2290 2840 mulier
2344 2788 2550 2841 coactis
2605 2788 2967 2859 undecunque
3017 2791 3387 2860 pignoribus,

1804 2892 1929 2932 eum
1969 2893 2164 2932 usuras
2197 2878 2267 2932 de
2321 2882 2421 2932 suo
2450 2880 2854 2935 feneratoribus
2890 2896 3254 2944 numerasset.
3286 2885 3382 2935 do-

1805 2969 1974 3023 minis
2006 2985 2068 3023 ea
2099 2970 2213 3023 suis
2260 2971 2523 3025 restituit.
2575 2972 2707 3028 Erat
2764 2973 2817 3027 id
2869 2975 3134 3043 temporis
3165 2975 3389 3030 Juda'us

1805 3062 2030 3131 quidam
2065 3062 2191 3116 vitri
2228 3061 2518 3128 conflatur,
2550 3066 2640 3132 qui
2677 3066 2843 3119 lilium
2889 3081 3048 3121 suum
3094 3077 3419 3137 propterea

1805 3151 1951 3221 quod
1988 3152 2314 3205 Christianis
2345 3168 2402 3207 se
2428 3155 2612 3223 pueris
2641 3156 3019 3226 conjunxisset
3054 3159 3232 3227 deque
3265 3176 3379 3230 my.

1806 3243 1937 3297 stica
1964 3258 2149 3297 mensa
2179 3244 2524 3308 comedisset,
2562 3244 2614 3296 in
2645 3245 2923 3299 fornacem
2965 3249 3220 3319 conjecit.
3245 3250 3386 3303 Puer

1806 3342 1987 3388 tamen
2022 3332 2182 3403 2'73
2213 3334 2635 3403 haudquaquam
2662 3335 2895 3389 ﬂammis
2929 3337 3251 3406 absumptus
3277 3353 3382 3402 σει,
3430 3402 3437 3409 _

1806 3426 1922 3495 ipsa
1963 3440 2086 3479 eum
2127 3426 2358 3495 Deipara
2392 3435 2751 3481 conservante
2774 3426 3125 3497 incolumem,
3161 3432 3234 3484 uti
3265 3433 3381 3503 qui-

1804 3518 1928 3574 dem
1962 3519 2286 3573 ailirmabat.
2337 3517 2524 3590 Itaque
2559 3530 2711 3575 tanto
2752 3522 3003 3593 prodigio
3043 3539 3139 3594 per
3169 3524 3383 3579 Menam

1805 3612 2172 3681 patriarcham
2206 3612 2525 3683 imperatori
2579 3614 2851 3683 exposito,
2905 3615 3127 3671 .ludazus
3157 3634 3387 3674 arcessi-

1808 3711 1930 3767 tur;
1958 3717 2194 3772 cumque
2221 3704 2409 3757 multis
2446 3705 2923 3761 exhortationibus
2966 3706 3127 3762 factis
3167 3709 3233 3762 ad
3274 3729 3385 3763 me-

1804 3792 1998 3848 liorem
2038 3805 2277 3848 uieutem
2310 3796 2557 3850 revocari
2592 3813 2698 3849 non
2728 3807 2931 3865 posset,
2968 3808 3225 3868 tanquam
3270 3818 3385 3855 suas

1804 3886 2009 3942 sobolis
2035 3887 2357 3942 interfector
2394 3888 2503 3941 vita
2532 3888 2801 3957 privatur.

1874 3980 2012 4034 lllud
2055 3980 2222 4034 etiam
2266 3980 2427 4035 velim
2471 3981 2905 4045 animadvertas,
2956 3996 3101 4036 anno
3140 3984 3389 4037 secundo

1804 4073 2174 4143 imperatoris,
2227 4073 2388 4143 cujus
2433 4087 2582 4128 nunc
2615 4074 2948 4128 mentionem
2998 4074 3247 4135 facimus.
3290 4076 3383 4129 Ju-

1802 4164 1933 4219 stini
1976 4163 2227 4225 Thracis.
2269 4165 2358 4219 die
2392 4166 2578 4232 tertio,
2605 4166 2740 4221 liora
2767 4168 2978 4237 quinta,
3028 4169 3241 4223 trullam
3271 4166 3383 4222 Ma-

1802 4273 1918 4326 gna:
1946 4256 2039 4311 Dei
2074 4258 2331 4313 Ecclesiae
2358 4259 2695 4327 jeollap3am,
2735 4276 2845 4329 quo
2880 4277 3009 4315 casu
3044 4264 3229 4316 attrita
3265 4262 3380 4314 fue-

1802 4350 1912 4402 rint
1946 4350 2175 4418 dignum
2226 4348 2358 4403 illud
2411 4350 2793 4405 admirationis
2839 4364 3177 4423 suggestum,
3233 4356 3395 4407 solt-a-

1803 4442 2028 4495 maximi
2080 4443 2241 4510 pretii
2302 4452 2358 4497 et
2419 4444 2629 4497 varium
2695 4448 2932 4515 denique
2986 4451 3377 4516 pavimentum.

1802 4533 1934 4603 Ejus
1972 4535 2051 4588 rei
2091 4550 2310 4590 causam
2363 4552 2487 4591 cum
2548 4540 2847 4614 imperator
2908 4543 3226 4610 indagaret,
3280 4541 3383 4597 hoc

1801 4626 1965 4680 etiam
1999 4626 2143 4682 inter
2169 4638 2367 4683 czrtera
2410 4629 2797 4700 deprehendit.
2828 4632 3045 4687 trullam
3091 4646 3379 4704 propterea

1801 4719 1944 4788 quod
1981 4720 2222 4790 ingentis
2270 4722 2579 4777 altitudinis
2622 4733 2791 4788 esset,
2832 4734 2889 4777 ut
2920 4724 3098 4779 ubivis
3132 4727 3387 4781 locorum

1800 4813 2265 4882 conspiceretur,
2340 4832 2399 4871 se
2450 4818 2621 4884 ipsam
2678 4827 2893 4886 gestare
2939 4834 3046 4873 non
3111 4822 3376 4889 potuisse.

1799 4904 2149 4977 Quapropter
2171 4924 2395 4978 operam
2422 4908 2573 4965 dedit
2594 4911 2889 4980 imperator
2928 4922 2985 4967 ut
3008 4913 3074 4967 de
3101 4931 3244 4969 novo
3286 4931 3380 4969 ex-

134 4997 444 5057 strueretur,
496 4993 568 5047 ita
639 5003 820 5049 tamen
875 5005 933 5048 ut
1016 4996 1218 5064 prioris
1302 4997 1659 5054 sublimitatis
1712 5011 1969 5069 respectu
2018 5011 2230 5056 tantum
2269 5020 2378 5057 nou
2422 5017 2728 5074 campestre
2809 5007 2987 5062 solum
3041 5025 3258 5079 aequare
3306 5026 3391 5062 για

133 5082 362 5152 daretur,
392 5088 461 5142 ad
484 5104 681 5159 orgyas
708 5090 774 5143 15
796 5092 1050 5157 excitata.

196 5182 430 5248 Μετὰςδὲ
463 5185 748 5238 Ἰουστῖνον
784 5188 1030 5259 Τιϐέριος
1068 5190 1095 5241 ὁ
1130 5188 1279 5259 Θρᾲξ
1313 5190 1405 5259 ἔτη
1441 5190 1513 5256 δ’,
1554 5190 1694 5261 μετὰ

133 5272 184 5333 δὲ
212 5275 390 5330 τοῦτον
424 5279 728 5347 Μαυρίκιος
768 5279 795 5329 ὁ
832 5280 1083 5349 γαμϐρὸς
1130 5281 1295 5334 αὑτοῦ
1334 5286 1429 5336 καὶ
1474 5286 1693 5355 Καῖσαρ

139 5366 224 5437 ιτη
248 5376 316 5423 κ’.
347 5363 511 5433 υῦτος
543 5369 722 5421 ἔκτισε
754 5370 842 5421 τὸν
874 5374 931 5423 ἐν
963 5373 1531 5426 Κωνσταντινουπόλει
1563 5376 1691 5428 ναὸν

135 5460 231 5513 τῶν
255 5460 421 5528 ἁγίων
449 5470 520 5531 μ’.
554 5462 668 5530 Ἐφ’
694 5456 753 5513 οὗ
785 5462 991 5515 παιδίον
1017 5463 1279 5534 ἐγεννήθη
1314 5467 1370 5517 ὲν
1400 5467 1693 5519 Κωνσταν-

137 5553 418 5605 τινουπόλει
444 5555 609 5625 χωρὶς
640 5553 934 5624 ὀφθαλμῶν
964 5537 1288 5628 καὶ-’χειρῶν
1312 5570 1327 5585 ”
1360 5559 1497 5629 πρὸς
1526 5559 1581 5615 δὲ
1612 5558 1688 5630 τῷ

140 5632 283 5710 ισχίῳ
308 5640 481 5712 ἰχθύος
506 5644 641 5713 οὐρὰ
666 5643 947 5713 προσφυὴς
973 5644 1121 5714 αὐτῷ
1146 5647 1377 5718 ὑπῆρχε.
1406 5648 1516 5703 Καὶ
1541 5650 1688 5703 κύων

140 5728 377 5794 ὡσαύτως
413 5733 640 5799 ἑξάπους
674 5734 1116 5802 λεοντοκέφαλος.
1156 5739 1266 5791 Καὶ
1305 5740 1362 5793 ὲν
1395 5743 1460 5810 τῇ
1498 5740 1687 5812 Θρᾴκῃ

138 5818 221 5872 6ρο
247 5824 425 5877 παιδία
452 5828 850 5898 ἐγεννήθησαν,
883 5821 957 5880 ὧν
986 5827 1045 5879 τὸ
1078 5829 1175 5898 μὲν
1199 5832 1520 5901 τετράπουν,
1548 5835 1604 5886 τὸ
1634 5834 1689 5886 δὲ

1874 5193 2004 5247 Post
2048 5191 2329 5248 Justinum
2371 5194 2646 5259 Tiberius,
2695 5194 2928 5250 Thracia
2960 5205 3015 5252 et
3035 5198 3151 5268 ipse
3194 5199 3383 5252 oriun-

1800 5284 1925 5350 dus,
1958 5294 2199 5355 quatuor
2241 5288 2401 5341 annis
2447 5287 2616 5342 rebus
2653 5290 2892 5358 praefuit.
2928 5290 3151 5346 Tiberio
3186 5291 3391 5343 Mauri-7

1799 5376 1917 5430 eius
1948 5391 2115 5446 gener
2135 5377 2420 5442 successit,
2458 5379 2641 5433 Ctesar
2666 5390 2792 5434 ante
2824 5379 3151 5444 declaratus,
3185 5381 3381 5434 annis»

1798 5482 1908 5535 que
1962 5467 2155 5537 viginti
2204 5469 2333 5524 totis
2371 5471 2685 5540 imperavit.
2735 5473 2788 5528 Is
2832 5475 3093 5542 templum
3138 5474 3388 5543 quadraw

1794 5560 1957 5657 ginta
1993 5571 2311 5617 sanctorum
2356 5562 2509 5634 Cpoli
2543 5565 2806 5621 condidit.
2865 5565 3039 5621 Natus
3078 5574 3172 5620 cst-
3211 5565 3383 5618 etiam

1802 5650 2232 5722 ipso‘regnante
2273 5668 2411 5724 puer
2438 5656 2613 5724 Cpoli,
2653 5657 2747 5726 qui
2788 5655 2961 5710 oculis
3012 5654 3382 5723 manibusque

1802 5745 2045 5808 carebat,
2086 5746 2259 5800 cauda
2307 5748 2513 5816 piscina
2547 5747 2616 5801 ad
2674 5746 3002 5802 coxendices
3052 5744 3382 5800 naturaliter

1804 5834 2140 5893 adhaerente.
2173 5838 2445 5895 Praeterea
2487 5838 2640 5894 canis
2665 5854 2757 5893 sex
2780 5840 2948 5908 pedes
3001 5848 3058 5894 et
3092 5837 3381 5893 leoniuum
