3794 6226
136 227 224 292 m
1335 202 1708 271 ANNAlJU.‘

1815 205 1972 265 *ABS
2012 203 2107 262 tv.
3161 171 3168 176 ’
3248 189 3352 252 5H.

135 345 216 397 καὶ
233 340 311 392 τὴν
329 329 649 388 Φιλιππικὸν
680 323 1104 395 ἀπεκτείναμεν,
1132 327 1224 378 καὶ
1245 325 1335 377 16v
1356 324 1488 378 Θεὸν
1511 324 1552 376 Φ
1575 325 1674 377 οὐκ
1705 373 1708 384 ,

1815 320 2086 374 ubitorem
2120 327 2277 371 suum
2321 311 2571 370 arcessit,
2605 323 2766 377 quem
2810 315 2967 363 antea
3000 305 3236 376 graviter
3268 306 3359 360 hc-

139 431 314 501 ἔλεψε.
340 419 851 490 Μεταστελλόμενος
882 412 975 472 οὖν
1007 418 1033 470 ό
1066 414 1391 478 Φιλιππικδς
1420 414 1678 468 τοσοῦτον

1815 419 1951 466 erat.
1980 402 2045 464 Et
2063 407 2250 462 uxoris
2274 404 2706 460 Mauriciifrater
2727 411 2847 457 erat
2871 399 2961 455 hic
2987 397 3354 469 Philippicus.

139 491 347 589 ἐπτοήθη
376 516 512 570 ὥστε
544 513 638 565 καὶ
669 508 956 572 κοινωνίας
989 508 1282 578 μετασχεῖν
1309 506 1404 558 καὶ
1431 505 1560 567 τοὺς
1587 503 1679 556 ὑπ’

1815 504 1878 576 ιιιί
1905 502 2168 558 adversus
2204 500 2388 554 hostes
2420 513 2542 551 cum
2579 497 2752 566 copiis
2781 495 3085 564 ablegatus,
3121 493 3213 546 ubi
3272 491 3356 544 vi-

141 583 284 672 αὖτδν
315 583 404 662 ιέι
450 605 644 660 σποδοῦ
687 602 782 656 καὶ
826 601 1028 654 σάκκου
1071 599 1412 669 καθημένους
1458 597 1686 650 καταλι-

1821 595 1957 652 toria
1981 595 2186 665 potitus
2214 592 2547 654 revertisset,
2603 598 2791 641 contra
2823 603 2879 640 se
2910 584 3181 639 flammant
3216 583 3363 636 invi-

142 707 265 761 πεῖν.
295 697 736 754 Καταλλάσσεται
765 688 858 746 οὖν
887 696 915 746 6
943 691 1194 762 βασιλεὺς
1224 689 1374 761 αὑτῷ
1393 730 1406 754 ,
1435 691 1531 744 καὶ
1560 707 1686 756 συγ.

1815 689 1892 742 lite
1918 687 2306 740 concitaVcrat.
2340 681 2609 736 Prmterea
2641 679 2894 749 quiddam
2931 675 3077 732 aliud
3110 685 3354 730 anteces-

143 793 339 863 γνώμην
354 787 434 856 ἐφ’
451 783 531 849 οἷς
555 784 834 837 ἐκάκωσεν
851 781 1014 833 αὑτὸν
1032 779 1257 844 ἐξαιτεῖ.
1278 775 1496 830 Τούτων
1512 774 1571 828 οὗ
1581 792 1684 838 τως

1815 787 1954 833 erat.
1992 777 2125 830 Nam
2160 775 2404 829 futurum
2464 771 2753 825 Mauricius
2807 766 3152 824 intellexerat
3198 776 3258 822 ut
3309 767 3364 820 in

145 860 349 956 ἑχόντων
369 877 724 947 ἐπανέρχεται
747 873 853 928 ἀπὸ
875 871 968 926 τοῦ
991 873 1296 943 Δυρραχίου
1321 871 1348 923 6
1373 867 1686 938 διαληφθεὶς

1815 869 2025 939 mperio
2078 865 2299 937 quidatn
2349 867 2396 918 ei
2455 861 2771 919 succederet
2805 862 2959 931 cujus
3001 877 3198 916 nomen
3254 860 3368 930 pri-

143 949 329 1039 θωκᾶς,
365 975 461 1026 καὶ
496 970 603 1024 τῶν
637 966 873 1022 πολιτῶν
911 967 969 1020 ὲν
1001 965 1078 1036 τῷ
1113 963 1356 1034 Ἑϐδόμῳ
1397 962 1690 1032 συναχθέν⁴

1815 975 1934 1013 nam
1969 960 2011 1011 Φ
2048 951 2285 1010 litteram
2337 951 2584 1010 haberet.
2645 949 2856 1006 Idcirco
2894 961 3010 1021 post
3049 949 3180 1004 illud
3224 966 3372 1003 som-

145 1086 235 1122 των
259 1063 502 1136 βασιλεὺς
532 1057 951 1129 ἀναγορεύεται.
980 1057 1193 1124 Κρατεῖ
1219 1051 1310 1106 οὖν
1336 1055 1363 1106 ὁ
1392 1053 1690 1105 Καππαδὸ-

1815 1051 1946 1104 tium
1999 1047 2145 1118 quod
2201 1047 2572 1109 narravimus,
2615 1043 2818 1098 dixisse
2873 1041 3224 1112 perhibetur:
3253 1059 3270 1091 ι
3314 1039 3370 1094 Si

143 1173 228 1228 κης
259 1133 402 1216 οὗτος
435 1153 626 1216 Φωκᾶς
666 1153 761 1221 ἔτη
795 1153 866 1219 η’.
896 1149 1050 1203 Μετὰ
1084 1147 1140 1200 δὲ
1169 1145 1339 1198 ταῦτα
1370 1144 1476 1198 τῶν
1503 1143 1691 1214 δήμων

1815 1141 2040 1196 maxime
2081 1139 2448 1210 Philippicum
2507 1138 2934 1199 occidissemus,
2991 1133 3132 1188 Deus
3195 1143 3372 1187 tamen

145 1245 522 1303 στασιασάντων
551 1245 650 1296 καὶ
678 1243 950 1309 λεγόντων
977 1240 1060 1294 ὃτι
1087 1237 1398 1308 Μαυρίκιος
1426 1237 1526 1302 οὐκ
1555 1235 1694 1288 ams-

1815 1233 1902 1286 dio
1930 1235 1971 1284 Φ
2005 1249 2114 1288 non
2143 1231 2431 1286 caruisset.
2470 1247 2489 1283 ι
2527 1230 2891 1295 Quamobrem
2921 1225 3010 1280 ubi
3040 1224 3378 1294 Philippicus

145 1338 301 1400 θανεν,
329 1332 418 1386 ἐπὶ
443 1333 532 1384 τὸν
557 1328 724 1383 αὐτοῦ
755 1329 912 1396 φόνον
940 1328 968 1380 6
992 1327 1184 1387 Φωκίς
1211 1323 1463 1378 κινεῖται.
1495 1323 1602 1375 Καὶ
1630 1319 1692 1390 δὴ

1815 1315 2208 1385 treessebatur,
2241 1322 2391 1374 tanto
2444 1328 2652 1372 terrore
2708 1317 2999 1387 perculsus
3019 1323 3104 1370 est
3135 1325 3195 1369 ut
3226 1328 3377 1368 sacra

144 1431 193 1480 tv
221 1425 289 1496 τῷ
329 1423 416 1476 τοῦ
461 1421 764 1491 Εὖτροπίου
808 1419 990 1488 λιμένι
1032 1417 1222 1488 πρῶτα
1271 1411 1370 1485 μὲν
1410 1413 1695 1482 ἀναιροῦσι

1815 1413 2045 1485 tymbola
2073 1413 2377 1483 perciperet
2434 1428 2496 1468 ac
2527 1428 2657 1466 suos
2690 1412 2863 1467 saccis
2903 1410 3125 1464 indutos
3168 1408 3378 1462 cinere-

148 1515 252 1576 τοὺς
277 1519 314 1564 ε’
334 1509 526 1571 παῖδας
554 1502 747 1572 αὑτοῦ,
777 1506 943 1577 μηδὲν
970 1503 1096 1559 ἄλλο
1120 1501 1421 1575 τηνικαῦτα
1447 1501 1697 1570 λέγοντος

1815 1524 1904 1577 lue
1933 1521 2259 1575 conspersos
2285 1503 2646 1574 relinqueret.
2673 1505 2880 1562 ,Verum
2924 1501 3221 1570 imperator
3252 1511 3376 1552 cum

156 1608 360 1681 ἢτοῦτο
405 1626 422 1659 ι
471 1606 690 1666 Δίκαιος
731 1601 800 1668 εἶ,
844 1601 1035 1672 Κύριε,
1077 1599 1172 1653 καὶ
1217 1593 1401 1652 δικαία
1443 1597 1475 1667 ἡ
1517 1597 1698 1666 κρίσις

1815 1617 1868 1654 30
1894 1597 2054 1654 rediit
2083 1600 2136 1653 in
2175 1597 2428 1668 gratiam,
2456 1599 2669 1667 sibique
2696 1594 2993 1648 condonari
3026 1593 3184 1663 petiit
3232 1593 3375 1658 quod

153 1720 260 1766 σου,
294 1719 311 1751 ι
341 1698 651 1752 τελευταῖον
681 1697 735 1750 δὲ
771 1694 864 1748 καὶ
895 1695 1058 1747 αὑτὸν
1089 1691 1400 1762 ἀναιροῦσι.
1432 1689 1542 1760 Τὴν
1575 1688 1702 1758 μὲν-

1815 1705 1930 1745 eum
1989 1700 2097 1744 tam
2138 1691 2360 1759 indigne
2396 1698 2704 1742 tractasset.
2751 1683 2912 1755 275
2945 1686 3000 1738 In
3051 1685 3151 1737 hoc
3194 1695 3376 1734 rerum

145 1810 214 1846 τοι
233 1793 453 1860 γυναῖκα
484 1787 653 1842 αὑτοῦ
691 1788 787 1840 σὺν
813 1788 932 1848 ταῖς
963 1784 1302 1853 θυγατράσιν
1334 1783 1390 1834 ὲν
1423 1791 1690 1849 μοναστη-

1815 1793 1942 1837 ιὀιιι
1958 1783 2190 1844 Phocus,
2209 1782 2276 1837 de
2299 1797 2408 1852 quo
2428 1775 3038 1849 dixiinus,_D;.'rrhaehio
3060 1787 3119 1829 re
3156 1775 3375 1831 ertitur.

150 1887 231 1956 ρίῳ
254 1881 577 1937 κατακλείει.
610 1881 999 1949 Καλλιγράερος
1025 1875 1119 1932 οὖν
1147 1878 1254 1931 ἀπὸ
1285 1875 1604 1945 παννυχίδος
1635 1873 1691 1925 ὲν

1815 1891 2035 1945 :umque
2085 1874 2234 1928 cives
2267 1874 2321 1927 in
2380 1874 2662 1928 Hebdomo
2701 1871 3021 1934 cuivisscnt,
3078 1869 3378 1936 imperator

160 1974 504 2044 Ἀλεξανδρεία
539 1973 908 2044 στρεφόμενος
940 1973 1180 2040 ἑσπέρας
1212 1971 1332 2024 καθ’
1359 1971 1424 2040 ἢν
1452 1969 1693 2042 ἀνῃρέθη

1815 1966 2178 2020 renuntiatur.
2213 1965 2477 2036 Regnavit
2522 1976 2702 2020 antem
2738 1957 2944 2018 Phocus
2997 1964 3107 2026 hic,
3158 1962 3380 2014 natium:

146 2067 440 2136 Μαυρίκιος,
481 2065 689 2134 ἤκουσε
728 2063 852 2124 τοὺς
891 2061 1218 2131 ἀνδριάντας
1255 2061 1318 2113 ὲκ
1351 2059 1458 2112 τῶν
1495 2059 1695 2128 βωμῶν

1815 2059 2124 2129 Cappadox.
2152 2075 2325 2114 annos
2355 2069 2497 2114 octo.
2530 2058 2777 2128 Cumque
2797 2058 2898 2112 sub
2935 2057 3109 2124 ipsum
3161 2053 3378 2106 initium

147 2156 365 2224 λέγοντας
394 2155 493 2224 τὴν
521 2155 741 2208 ἐκείνου
770 2155 1054 2224 ἀναίρεσιν
1077 2192 1091 2217 ,
1125 2151 1220 2205 καὶ
1249 2151 1698 2222 σημειωσάμενος

1815 2150 2024 2221 imperii
2081 2150 2345 2208 factiones
2389 2152 2573 2222 populi
2625 2152 2866 2223 graviter
2913 2148 3380 2206 lttttltllttlal‘t‘ltltlt'

151 2248 217 2298 τὴν
239 2249 418 2317 καιρὸν
444 2248 699 2317 εὑρίσκει
723 2246 781 2299 16
811 2247 1043 2316 πρᾶγμα
1074 2243 1245 2308 οὕτως
1279 2244 1422 2314 ἕχον.
1451 2244 1531 2297 Τὰ
1562 2242 1703 2296 αὐτὰ

223 2342 306 2393 καὶ
345 2341 434 2393 ἐπὶ
466 2341 588 2402 τοῖς
627 2339 836 2402 λοιποῖς
877 2335 1040 2390 αὐτοῦ
1080 2336 1404 2403 συγγενέσιν
1439 2337 1465 2388 ὁ
1507 2335 1702 2396 ΦωκΞῖ

150 2431 457 2502 διεπράξατο.

1807 2245 2240 2316 Mauriciumque
2273 2247 2506 2301 necdum
2537 2263 2566 2301 e
2604 2246 2741 2300 vivis
2787 2245 3092 2300 excessiSse
3136 2241 3382 2296 clamita—

1807 2345 1949 2400 rent,
1981 2336 2082 2391 ltac
2110 2338 2223 2407 ipsa
2257 2354 2390 2392 voce
2425 2337 2634 2392 Phocas
2662 2338 2726 2392 ad
2761 2338 2878 2408 ejus
2900 2351 3086 2391 necem
3113 2334 3383 2388 excitatus

1807 2440 1910 2484 est.
1950 2428 2297 2500 Quapropter
2328 2430 2566 2500 ablegati
2629 2431 2850 2500 Quidam
2901 2430 3024 2498 ejus
3087 2426 3162 2479 rei
3217 2425 3381 2494 petii-

151 2525 324 2582 cicada:
355 2540 516 2582 causa
571 2523 810 2595 primum
849 2523 902 2577 in
964 2531 1125 2592 portu
1179 2521 1426 2591 Eutropo
1491 2522 1735 2592 quinque
1775 2524 1917 2579 ﬁlios
1981 2519 2423 2595 ejustrue'idaut,
2452 2524 2587 2579 nihil
2613 2534 2724 2578 tttm
2755 2525 2898 2578 aliud
2922 2525 3188 2592 prolocutt
3219 2541 3381 2592 quam

153 2617 245 2672 hac
265 2618 447 2673 verba:
487 2635 505 2670 ι
549 2618 747 2674 Justus
767 2631 847 2682 es,
869 2616 1114 2680 Domine,
1145 2632 1208 2670 ac
1231 2615 1504 2688 judicium
1540 2626 1694 2670 tuum
1731 2618 1941 2688 justum
1966 2628 2068 2674 est.
2103 2637 2120 2671 ι
2187 2619 2504 2675 Postremus
2543 2628 2723 2674 autem
2771 2617 2885 2688 ipse
2928 2629 3172 2672 necatur.
3240 2619 3384 2674 Uxor

155 2728 257 2767 cum
282 2713 485 2769 ﬁliabus
515 2715 579 2768 in
643 2713 1038 2769 monasterium
1097 2713 1278 2768 Pboca
1330 2714 1559 2784 jubente
1585 2715 1958 2770 concluditur.
1992 2716 2210 2771 Accidit
2253 2717 2444 2773 eodem
2491 2728 2738 2790 tetitpore
2793 2729 2852 2772 ut
2903 2717 3123 2788 quidam
3180 2720 3385 2787 peritus

159 2807 380 2879 elegantis
401 2825 464 2866 ac
516 2825 680 2880 pure
727 2809 994 2864 librorum
1060 2806 1476 2880 descriptionis,
1517 2819 1734 2865 noctem
1775 2810 1831 2864 in
1903 2811 2201 2882 pervigiliis
2232 2827 2418 2882 agens,
2454 2812 2646 2866 eodem
2688 2828 2912 2881 vespere
2944 2829 3054 2882 quo
3086 2811 3384 2868 Mauricius

155 2909 224 2956 est
277 2900 614 2966 interfectus,
662 2909 874 2957 statuas
943 2899 1000 2954 in
1084 2901 1196 2954 aris
1252 2900 1459 2955 caedem
1537 2901 1686 2956 illius
1755 2906 2074 2958 nuntiantes
2146 2905 2385 2960 audiret.
2443 2903 2790 2974 QuaprOptcr
2835 2904 2940 2960 hoc
2987 2917 3232 2975 tetrpore
3283 2924 3387 2960 no-

155 3006 247 3052 tato
279 3013 384 3053 rem
415 3000 488 3054 ita
513 3009 732 3071 gestam
757 2998 1022 3067 deinceps
1059 2996 1351 3052 intellexit.
1384 2998 1660 3069 Cognatos
1685 2999 1850 3053 etiam
1889 2999 2136 3055 Mauricii
2182 3000 2391 3056 Pbocas
2431 2999 2620 3056 eodem
2663 3001 2826 3054 modo
2885 3016 2995 3070 quo
3053 3001 3233 3070 ipsum
3274 3015 3382 3058 tra-

155 3091 313 3147 ctavit.

211 3184 327 3239 Τότε
358 3185 538 3240 τοίνυν
577 3179 822 3252 Χοσρόης
860 3181 888 3234 6
922 3149 1152 3251 Περσῶν
1186 3177 1442 3251 βασιλεὺς
1475 3173 1702 3249 ὥρμησε

1883 3184 1987 3240 Sed
2010 3173 2156 3240 enim
2195 3183 2459 3240 continuo
2485 3193 2597 3240 tum
2632 3184 2905 3242 Chosroes
2937 3187 3228 3242 Persarum
3266 3205 3379 3250 rex.

151 3279 269 3333 κατὰ
292 3279 599 3347 Ῥωμαίων,
625 3278 827 3344 ὁμοίως
855 3275 952 3328 καὶ
973 3273 1234 3342 Ἀϐαρες,
1261 3271 1354 3327 διά
1377 3273 1438 3327 16
1464 3272 1552 3326 τὸν
1583 3270 1709 3327 ἀνό-

153 3387 246 3423 σιον
283 3373 577 3441 προκρῖναι
615 3367 708 3421 τοῦ
755 3368 984 3435 ἐννόμου
1029 3365 1318 3434 βασιλέως.
1351 3365 1474 3420 Ἔτι
1513 3366 1570 3420 δὲ
1612 3369 1708 3420 καὶ

153 3461 312 3532 θνῆσις
357 3461 672 3532 ἀνθρώπων
713 3460 809 3512 καὶ
856 3458 1070 3528 κτηνῶν
1113 3457 1308 3526 γέγονε
1359 3460 1455 3512 καὶ
1504 3459 1708 3528 ἀφορία

152 3559 236 3625 γῆς
259 3557 345 3610 καὶ
371 3555 584 3627 χειμὼν
616 3551 943 3624 βαρύτατος,
976 3551 1051 3614 ὡς
1084 3551 1174 3604 καὶ
1208 3552 1454 3621 παγῆναι
1485 3551 1584 3623 τὴν
1616 3553 1709 3607 θά-

151 3646 330 3704 λασσαν
367 3650 462 3704 καὶ
504 3646 742 3710 πολλοὺς
788 3645 977 3716 ἰχθύας
1018 3644 1296 3702 τεθνάναι.
1339 3645 1476 3699 Τότε
1516 3645 1610 3700 καὶ
1650 3646 1708 3698 ὲν

150 3741 306 3812 ἡμέρᾳ
343 3741 436 3795 τοῦ
480 3738 718 3793 ἱππικοῦ
763 3738 1080 3807 ἀτακτὴσας
1123 3735 1356 3806 ὑϐρίσθη
1402 3736 1556 3806 παρά
1597 3737 1708 3790 τῶν

145 3830 398 3901 δημοτῶν,
437 3831 743 3900 λεγόντων,
785 3847 804 3880 ι
833 3827 1002 3882 Πάλιν
1035 3827 1118 3889 εἰς
1150 3827 1240 3881 τὸν
1275 3827 1482 3882 καῦκον
1516 3828 1704 3896 ἔπιες,

148 3924 284 3975 πάλιν
311 3926 397 3976 τὸν
427 3922 566 3976 νοιῦν
597 3920 919 3986 ἀπώλεσας,
961 3936 981 3970 ι
1019 3916 1106 3988 ἐφ’
1129 3911 1174 3986 ᾧ
1203 3919 1297 3971 καὶ
1328 3919 1558 3982 πολλοὺς
1588 3919 1711 3972 ἐθα-

149 4013 352 4070 νάτωσε.
379 4016 477 4068 Βλὲ
493 4029 692 4075 ποντες
721 4011 813 4065 οὖν
842 4012 892 4063 οἱ
922 4011 981 4064 ὲν
1007 4009 1151 4063 τέλει
1177 4009 1238 4063 16
1264 4010 1374 4063 τῶν
1400 4009 1708 4081 ἀνθρώπων

149 4109 326 4174 πλῆθος
358 4107 540 4162 πολλά
576 4106 790 4176 πάσχον
823 4102 994 4169 κακὰ,
1041 4103 1413 4174 δημευόμενον
1438 4141 1454 4168 ,
1483 4104 1587 4166 τὰς
1621 4120 1711 4156 κε-

150 4199 305 4265 φαλὰς
333 4196 770 4268 ἀφαιρούμενον,
799 4194 1072 4264 γράφουσι
1104 4194 1242 4263 πρὸς
1269 4194 1358 4246 τὸν
1386 4194 1487 4263 τῆς
1521 4194 1712 4263 Ἀφρι-

150 4290 238 4360 κῆς
272 4292 579 4364 στρατηγὸν
625 4287 980 4359 Ἡράκλειον,
1013 4289 1106 4339 καὶ
1139 4286 1199 4350 ὃς
1234 4285 1433 4341 αὐτίκα
1467 4286 1710 4356 κινηθεὶς

154 4380 318 4434 στόλον
345 4379 630 4452 ἑτοιμάζει
657 4379 752 4430 καὶ
777 4378 920 4431 κατὰ
943 4376 1037 4428 τοῦ
1064 4377 1230 4428 Φωκᾶ
1255 4375 1497 4447 ἔρχεται,
1528 4377 1709 4445 φέρων

155 4472 235 4523 καὶ
254 4473 348 4542 τὴν
368 4470 792 4543 ἀχειροποίητον
816 4469 1002 4521 εἰκόνα
1023 4465 1117 4520 τοῦ
1140 4468 1396 4537 Χριστοῦ.
1419 4468 1532 4537 Ἐφ’
1549 4462 1592 4535 ᾧ
1616 4469 1712 4521 καὶ

155 4565 384 4635 νενίκηκε
407 4566 502 4618 τὸν
525 4563 743 4617 Φωκᾶν.
772 4561 884 4614 Καὶ
909 4561 1102 4612 τούτου
1130 4563 1418 4628 γεγονότος
1442 4561 1707 4624 Φωτεινός

154 4668 224 4718 τις
255 4659 313 4708 ὲκ
343 4657 450 4710 τῶν
489 4654 836 4724 μεγιστάνων
873 4652 1387 4721 προεπιϐουλευθεὶς
1425 4654 1576 4722 παρά
1610 4651 1704 4706 τοῦ

155 4747 299 4800 Φωκᾶ
325 4749 402 4812 εἰς
433 4750 533 4819 τὴν
566 4746 798 4814 σύζυγον
829 4744 995 4797 αὑτοῦ
1033 4745 1278 4812 εἰσῆλθεν
1311 4743 1507 4812 ἁθρόον
1536 4745 1616 4805 εἰς
1645 4743 1706 4796 16

157 4838 420 4906 ¹παλὰτιον,
448 4840 542 4893 καὶ
567 4843 658 4891 16v
685 4837 913 4906 βασιλέα
936 4837 1128 4888 Φωκᾶν
1154 4835 1356 4902 μέλανα
1381 4835 1705 4902 χιτωνίσκον

158 4929 363 4994 ὲνδύσας
393 4932 591 4984 αὐτίκα
619 4931 696 4999 τῷ
725 4928 1031 4998 Ἡρακλείῳ
1062 4927 1342 4998 προσάγει.
1375 4927 1484 4980 Καὶ
1511 4927 1568 4988 ὃς
1599 4929 1702 4997 ἔφη

160 5023 280 5090 πρὸς
299 5025 479 5077 αὐτόν·
514 5021 750 5087 «Οὕτως,
773 5020 948 5086 ἄθλιε,
964 5020 1060 5090 τὴν
1085 5020 1238 5072 πόλιν
1251 5018 1521 5089 διῴκησας
1541 5027 1588 5084 ;r‘
1621 5019 1714 5071 καὶ

157 5113 184 5161 ὁ
207 5116 410 5180 Φωκᾶς,
447 5118 548 5170 «Σὺ
589 5115 809 5169 κάλλιον
838 5113 1113 5181 διοικῆσαι
1141 5111 1305 5181 ἔχεις.
1348 5131 1366 5164 ι
1407 5105 1588 5178 Ἐφ’ᾧ
1622 5113 1714 5164 καὶ

160 5209 342 5276 χεῖρας·
370 5209 572 5271 εὐθέως
611 5207 872 5278 τέμνεται
914 5205 1008 5258 καὶ
1052 5205 1252 5268 πόδας,
1297 5203 1356 5256 16
1399 5204 1575 5273 δέρμα
1613 5204 1712 5272 τῆς

165 5295 380 5365 ῥάχεως,
408 5297 474 5350 τὰ
504 5298 704 5360 αἰδοῖα,
734 5296 829 5348 καὶ
854 5292 1028 5362 κοντῷ
1055 5293 1380 5362 ἁναρτᾶται,
1407 5297 1501 5345 καὶ
1526 5291 1714 5344 τελευ-

82 5454 86 5470 Ι
162 5391 302 5443 ταίον
331 5389 429 5460 τὴν
460 5390 705 5461 κεφαλὴν
738 5388 1060 5457 ἀφαιρεῖται
1103 5385 1376 5454 μαχαίρᾳ.
1411 5381 1485 5436 T6
1527 5383 1713 5452 μέντοι

101 5495 105 5501 ·
166 5479 316 5548 σῶμα
351 5483 513 5536 αὐτοῦ
561 5482 862 5552 συρόμενον
897 5479 1038 5532 κατὰ
1072 5478 1172 5548 τὴν
1207 5478 1297 5530 τοῦ
1344 5476 1464 5546 βοὸς
1507 5477 1712 5546 ἀγορὰν

167 5572 288 5640 πυρὶ
319 5575 682 5642 παραδίδοται.

1812 3285 1925 3330 tum
1976 3277 2181 3333 Avares
2237 3276 2499 3332 Romanis
2553 3277 2753 3331 bellum
2806 3279 3041 3334 intulere
3067 3291 3382 3349 propterea.

1808 3367 1956 3437 quod
1983 3368 2208 3437 impium
2242 3369 2521 3424 hominem
2557 3369 2798 3440 legitimo
2833 3371 3153 3440 imperatori
3181 3381 3382 3440 praetu-

1809 3459 2024 3517 lissent.
2058 3462 2329 3517 Praeterea
2375 3462 2545 3531 pestis
2573 3462 2825 3517 homines
2854 3473 3018 3532 atque
3041 3465 3277 3533 pecudes
3298 3465 3381 3518 in-

1811 3555 1971 3618 vasit,
1990 3570 2223 3623 quacum
2242 3565 2298 3609 et
2332 3563 2488 3609 terrre
2506 3554 2763 3610 sterilitas
2787 3565 2840 3611 et
2858 3556 3033 3610 hiems
3052 3556 3190 3611 adeo
3208 3559 3388 3626 gravis

1808 3646 2099 3713 conjuncta
2121 3644 2242 3708 fuit,
2279 3645 2539 3714 utipsum
2567 3662 2716 3700 mare
2761 3649 3076 3715 congelart-t
3117 3649 3386 3718 multique

1809 3737 1988 3806 pisces
2019 3751 2388 3792 morerentur.
2418 3739 2722 3808 Imperator
2762 3755 2886 3792 cum
2925 3756 2990 3794 eo
3023 3742 3110 3795 die
3137 3758 3245 3811 quo
3272 3744 3384 3796 ludi

1811 3836 2100 3898 equestres
2125 3830 2548 3900 peragebantur,
2588 3830 2640 3882 in
2668 3829 2884 3884 edendo
2906 3845 2970 3883 ac
2999 3829 3238 3885 bibendo
3270 3848 3386 3884 mu-

1814 3919 1943 3974 dum
1995 3921 2356 3984 excessisset,
2405 3936 2435 3974 a
2475 3920 2627 3990 plebe
2677 3937 2772 3988 per
2818 3920 3166 3989 ignominiam
3207 3924 3387 3975 verbis

1813 4012 2125 4083 bujusmodi
2165 4021 2421 4067 notatus:
2466 4032 2483 4062 ι
2519 4013 2734 4066 Rursus
2761 4027 2791 4066 e
2819 4028 2988 4066 cauco
3025 4013 3235 4076 bibisti,
3263 4030 3384 4065 rur-

1810 4119 1905 4159 sus
1925 4114 2162 4159 mentem
2183 4104 2453 4160 amisisti?
2482 4125 2499 4157 ι
2540 4105 2610 4160 ob
2646 4103 2696 4158 id
2720 4105 3029 4159 convicium
3075 4107 3387 4176 complures

1817 4205 1992 4248 morte
2055 4195 2327 4251 multavit.
2362 4195 2548 4265 Itaque
2579 4211 2702 4251 cum
2737 4197 2983 4250 viderent
3017 4213 3272 4265 proceres
3326 4214 3390 4252 ac

1814 4288 2161 4356 magistratus
2195 4286 2272 4340 rei
2329 4287 2561 4357 publica:
2595 4301 2848 4358 magnam
2886 4288 3169 4342 hominum
3199 4291 3387 4342 multi-

1815 4378 2054 4432 tudinem
2099 4378 2287 4431 multis
2330 4379 2469 4434 allici
2505 4380 2685 4443 malis,
2742 4379 2886 4435 bona
2940 4396 3036 4449 per
3060 4381 3386 4450 publicatio-

1814 4485 1939 4524 nem
1999 4470 2191 4534 adimi,
2235 4471 2414 4541 capita
2468 4471 2711 4541 praecidi.
2758 4471 2824 4525 ad
2857 4472 3052 4528 Atriam
3100 4485 3386 4544 praetorem

1814 4561 2128 4616 lleraelium
2181 4561 2394 4616 litteras
2447 4563 2697 4629 mittunt,
2749 4562 2852 4631 qui
2897 4563 3150 4632 precibus
3197 4580 3386 4617 eorum

1812 4662 1994 4708 motus
2021 4655 2285 4713 continuo
2331 4656 2560 4709 classem
2608 4665 2762 4724 parat
2813 4664 2870 4710 et
2897 4667 3091 4711 contra
3150 4658 3385 4712 Phoeam

1810 4745 2201 4816 proﬁciscitur,
2227 4746 2467 4801 aﬂerens
2498 4761 2685 4800 secum
2716 4746 2860 4800 illam
2897 4746 3185 4817 imaginem
3231 4748 3391 4802 Chri-

1810 4837 1878 4892 sti
1912 4853 2034 4906 quze
2068 4837 2318 4891 manibus
2350 4836 2488 4890 facta
2521 4852 2628 4891 non
2673 4845 2810 4891 erat.
2849 4835 2960 4891 Hoc
2995 4838 3156 4892 modo
3207 4838 3387 4892 Phot-a

1813 4940 2096 4998 superato,
2135 4930 2404 4984 Photinus
2458 4928 2681 4998 quidam
2709 4969 2726 4993 ,
2776 4946 2917 4984 unus
2961 4946 3026 4984 ex
3078 4941 3388 5000 Inagitatum

1823 5038 2074 5088 numero,
2108 5024 2264 5092 cujus
2300 5022 2484 5076 uxoris
2510 5021 2784 5091 pudicitia:
2818 5021 3031 5077 Pbocas
3059 5032 3218 5077 antea
3245 5035 3391 5078 stru-

1819 5124 1973 5168 xerat
1995 5114 2246 5178 insidias,
2270 5115 2455 5168 subito
2481 5114 2533 5168 in
2558 5114 2819 5184 palatium
2850 5115 3051 5185 irrupit
3077 5126 3130 5170 et
3151 5116 3388 5170 Phocam

1820 5207 2207 5272 imperatorem
2253 5205 2400 5274 pulla
2435 5214 2585 5259 veste
2636 5205 2884 5261 indutum
2944 5224 3068 5262 mox
3117 5208 3183 5261 ad
3220 5207 3391 5261 Hera-

1817 5300 1983 5354 clium
2013 5298 2255 5354 deducit.
2288 5299 2391 5365 Qui
2422 5315 2545 5353 cum
2583 5300 2821 5354 Phocum
2863 5299 3046 5354 verbis
3072 5300 3218 5353 hisce
3241 5314 3390 5352 com-

1817 5391 2074 5460 pellaret:
2117 5391 2316 5453 (Itane,
2353 5389 2540 5455 miser,
2575 5406 2688 5445 rem
2721 5392 2990 5460 publicam
3040 5390 3386 5442 administra-

1816 5479 1927 5533 sti?
1964 5497 1983 5529 ι
2021 5481 2304 5550 respondit
2343 5478 2585 5535 Phoeas:
2634 5498 2651 5530 ι
2690 5479 2810 5533 Tibi
2839 5493 2968 5532 vero
3000 5493 3094 5546 per
3123 5491 3208 5529 me
3257 5477 3388 5532 licet

1817 5582 1876 5625 ut
1905 5572 2108 5627 rectius
2159 5588 2281 5629 eam
2314 5589 2491 5643 geras.
2535 5593 2553 5625 ι
2616 5571 2771 5625 Ηὶηο·
2803 5571 2853 5624 ei
2911 5579 3057 5621 recta
3095 5582 3288 5620 manus
3332 5581 3388 5621 et

170 5663 322 5730 pedes
365 5669 644 5736 atnputati,
681 5667 822 5720 cutis
866 5666 1032 5720 dorso
1064 5665 1331 5732 detracta,
1380 5674 1596 5722 exsecta
1665 5666 1905 5721 verenda
1978 5677 2032 5722 et
2065 5667 2234 5724 hasta:
2297 5668 2474 5734 aﬂixa,
2531 5675 2693 5737 caput
2733 5663 2963 5731 denique
3019 5659 3197 5729 gladio
3246 5661 3381 5716 reci.

388 5761 657 5823 Patrios.
699 5761 815 5818 (is.
855 5757 1120 5820 CLVIII.

2998 5754 3064 5808 Π
