3794 6226
191 306 281 376 517

1394 298 1798 370 ANNALIUM
1838 306 2034 370 PARS
2076 298 2175 370 ιν.

3290 293 3389 359 313

187 428 318 481 τίνου
370 423 458 476 καὶ
494 423 713 492 ἔγγονος
755 422 1078 495 Ἡρακλείου
1136 422 1231 494 ἔτη
1269 421 1370 486 κζ’.
1408 422 1542 475 Τότε
1574 423 1724 493 καὶζό

1835 424 2063 480 lleraclii
2079 436 2274 494 nepos,
2288 421 2446 477 annis
2460 412 2525 477 27
2548 420 2855 491 imperavit.
2875 408 3027 472 Tunc
3048 426 3100 471 et
3117 416 3287 471 falsus
3302 415 3395 468 ille

184 515 610 589 ψευδοπροφήτης
646 514 892 586 Μωάμεθ
933 516 1129 586 ἐφάνη.
1170 515 1234 568 Ol
1292 517 1401 585 γάρ
1442 514 1722 583 Ἰσμαηλῖ-

182 624 259 662 ται
283 605 465 677 μέχρις
505 605 837 675 Ἡρακλείου
874 605 1323 675 εἰδωλολάτρουν,
1364 605 1460 674 τὴν
1494 604 1725 673 Ἀστάρ-

178 716 286 767 την,
313 698 475 766 ἧγουν
500 696 601 767 τὴν
641 696 894 767 σελήνην,
928 695 1389 767 προσκυνοῦντες·
1410 695 1476 765 ἢν
1492 696 1585 749 καὶ
1613 697 1725 748 Χαι-

181 793 267 862 6ὲρ
316 788 617 860 ὠνόμαζον,
652 789 797 843 τοῦτ’
844 789 961 843 ἔστι
984 789 1247 861 μεγάλην.
1298 788 1610 859 Τηνικαῦτα
1666 789 1723 840 δὲ

177 884 359 950 ἀνέστη
399 881 581 946 αὐτοῖς
602 876 869 953 Μωάμεθ.
902 876 1072 947 Οὗτος
1094 884 1339 955 θητεύων
1368 885 1592 950 γυναικί
1616 898 1722 934 τινι

181 974 393 1046 πλουσία
431 973 559 1027 ῦστε
571 992 661 1044 ρον
692 974 886 1028 ἔλαϐεν
916 976 1088 1047 αὐτὴν
1119 977 1197 1038 είς
1226 976 1483 1045 γυναῖκα.
1519 969 1646 1043 Εἶχε
1669 972 1726 1027 δὲ

177 1070 260 1120 καὶ
288 1066 559 1137 ἐπίληψιν,
588 1068 683 1121 καὶ
740 1068 912 1122 θέλων
959 1066 1225 1139 κρύπτειν
1278 1068 1339 1121 τὸ
1378 1067 1548 1129 πάθος
1573 1067 1725 1134 ἔλεγε

178 1161 256 1212 τὸν
284 1158 524 1230 Γαϐριὴλ
554 1160 687 1231 ὀρᾷν
718 1159 951 1229 ἄγγελον
984 1160 1079 1214 καὶ
1106 1160 1184 1229 μὴ
1220 1160 1403 1231 φέρων
1426 1158 1593 1214 αὐτοῦ
1628 1159 1726 1226 τὴν

174 1253 293 1306 θέαν
326 1251 614 1322 ὀλιγωρεῖν
644 1254 739 1307 καὶ
780 1254 1023 1307 πίπτειν.
1062 1253 1383 1318 ’Δξιόπιστα
1413 1252 1468 1305 δὲ
1500 1250 1569 1306 τὰ
1604 1250 1725 1304 κατ’

176 1341 327 1395 αὐτὸν
380 1341 559 1407 ἔδοξεν
587 1342 697 1396 ἀπὸ
730 1344 967 1413 μοναχοῦ
1016 1358 1162 1407 τινος
1202 1343 1481 1414 Ἀρειανοῦ
1532 1342 1728 1409 ψευδο-

178 1433 570 1502 μαρτυροῦντος
622 1435 775 1504 αύτῷ
835 1435 906 1490 δι’
954 1435 1427 1505 αἰσχροκέρδειαν.
1477 1427 1648 1500 Οὗτος
1700 1435 1729 1487 ὁ

175 1521 403 1591 Μωάμεθ
434 1524 514 1586 εἰς
559 1522 925 1595 Παλαιστίνην
959 1524 1150 1591 ἐλθὼν,
1194 1524 1286 1578 καὶ
1315 1524 1555 1596 ἐντυχὼν
1596 1526 1729 1578 Ἰουω

172 1613 350 1680 δαίοις,
387 1616 709 1685 ’Δρειανοῖς,
768 1615 904 1688 πρὸς
929 1616 988 1671 δὲ
1042 1617 1136 1670 καὶ
1182 1617 1588 1689 Νεστοριανοῖς,
1619 1614 1730 1670 ἀπὸ

174 1703 379 1755 πάντων
410 1703 665 1773 ἡράνικε,
708 1704 800 1758 καὶ
850 1705 1151 1775 θρησκείαν
1198 1704 1336 1757 ἰδίαν
1383 1703 1723 1773 παρέδωκεν.

1827 525 1979 570 vates
2010 515 2351 570 Moamethus
2377 512 2617 568 exstitit.
2640 513 2773 567 Nam
2800 508 3091 565 lsmaelita:
3123 506 3190 561 ad
3217 502 3394 560 llera-

1827 606 1994 661 clium
2047 620 2222 675 usque
2271 604 2564 659 simulacra
2609 603 2883 667 colebant,
2933 604 3189 655 Astarten
3247 598 3393 667 (qua

1830 696 1961 752 luna
1992 697 2100 766 est)
2130 695 2458 759 adorantes;
2494 708 2657 771 quam
2686 702 2741 747 et
2764 691 3071 745 Chabcram
3108 701 3396 754 nuncupa-

1832 790 1994 854 bant,
2051 792 2155 843 hoc
2203 796 2288 845 est
2322 802 2595 860 magnam.
2632 786 2745 840 lloc
2782 798 2911 838 vero
2954 792 3200 851 tempore
3254 779 3396 832 Man-

1830 884 2054 940 methus
2106 883 2250 954 apud
2308 882 2456 952 ipsos
2508 889 2735 935 exortus
2789 886 2910 939 est,
2942 876 3192 944 quicum
3243 867 3387 941 apud

1829 977 2057 1032 divitem
2083 973 2378 1045 quamdam
2410 973 2695 1026 mulierem
2735 966 2987 1030 serviret,
3020 965 3237 1019 tandem
3273 977 3393 1037 eam

1830 1081 2060 1123 uxorem
2123 1065 2358 1135 accepit.
2430 1061 2741 1116 Laborabat
2803 1058 2849 1112 is
2917 1057 3053 1113 forte
3130 1051 3393 1107 comitiali

1832 1160 2047 1222 morbo,
2078 1174 2241 1230 quem
2278 1157 2359 1211 uti
2395 1163 2625 1226 tegeret,
2670 1152 2923 1223 angelum
2965 1163 3024 1205 se
3076 1144 3395 1203 Gabrielum

1831 1253 2155 1323 conspicere
2194 1248 2526 1313 dictitabat;
2578 1247 2735 1316 cujus
2774 1252 3054 1314 aspectum
3089 1238 3218 1309 quia
3261 1237 3397 1290 tole-

1834 1359 1956 1399 rare
2001 1343 2280 1413 nequiret,
2308 1341 2427 1396 ﬁeri
2465 1350 2525 1395 ut
2557 1340 2741 1395 animo
2770 1339 2981 1408 deiecto
3010 1334 3397 1391 collaberetur.

1833 1435 1910 1492 Ea
1945 1452 2036 1492 res
2075 1436 2234 1491 (idem
2283 1432 2485 1489 mereri
2518 1433 2635 1486 visa
2670 1432 2773 1485 fuit
2803 1441 3028 1501 propter
3063 1427 3397 1482 monachum

1833 1529 2129 1601 quemdam
2170 1528 2457 1591 Arianum,
2490 1525 2585 1595 qui
2620 1522 2761 1578 lucri
2790 1524 2875 1577 sui
2916 1535 3078 1577 causa
3122 1518 3318 1572 falsum
3350 1513 3398 1569 ei

1834 1620 2214 1677 testimonium
2260 1615 2611 1689 perhibebat.
2654 1613 2797 1670 Idem
2826 1612 3169 1668 Moamethus
3200 1609 3255 1663 in
3295 1608 3399 1662 Pas

1832 1699 2103 1769 laestinam
2156 1710 2433 1781 profectus
2486 1723 2610 1763 cum
2666 1705 2721 1759 in
2768 1703 3010 1769 Iudaeos,
3064 1700 3302 1755 Ari‘anos
3340 1707 3397 1753 et

172 1794 239 1845 Οὐ
273 1795 590 1848 παντάπασι
619 1795 675 1850 δὲ
702 1796 906 1865 χρᾶται
937 1794 1016 1865 τῷ
1056 1794 1238 1865 νόμῳο
1272 1794 1578 1865 περιτομὴν
1617 1793 1727 1865 γὰρ

1835 1775 2190 1862 Nestorianos
2239 1800 2541 1865 incidisset,
2586 1798 2743 1869 quasi
2788 1797 3070 1853 collectam
3102 1791 3396 1864 quamdam

170 1882 419 1953 ἐδίδαξεν,
454 1886 515 1940 οὑ
554 1888 662 1957 μὴν
700 1886 758 1941 δὲ
800 1888 895 1941 καὶ
943 1886 1314 1950 σαϐϐατίζειν.
1346 1885 1511 1954 Λέγει
1546 1885 1602 1939 δὲ
1634 1886 1730 1940 καὶ

172 1979 352 2032 ἑαυτὸν
392 1978 704 2049 κλειδοῦχον
758 1972 899 2034 εῖναι
943 1978 1039 2034 τοῦ
1075 1976 1433 2046 παραδείσου,
1473 1978 1622 2050 τρεῖς
1668 1976 1728 2031 δὲ

172 2075 443 2141 ποταμοὺς
478 2055 744 2142 φέρεσθαι
768 2072 826 2124 ἐν
850 2070 1019 2141 αὐτῷ,
1060 2069 1299 2141 μέλιτος,
1324 2068 1469 2123 οῐνου
1501 2070 1594 2124 καὶ
1626 2070 1729 2138 γά-

170 2161 577 2231 λακαμΛέγει
614 2163 706 2218 καὶ
744 2163 912 2234 αὐτὴν
960 2162 1121 2217 σκιὰν
1149 2160 1245 2216 τοῦ
1295 2162 1533 2232 Χριστοῦ
1565 2180 1730 2217 σταυ-

171 2255 402 2325 ρωθῆναι
433 2255 522 2310 διὰ
556 2254 946 2325 φθόνονλπαρα
958 2253 1068 2317 τῶν
1095 2253 1361 2311 Ἰουδαίων
1383 2270 1399 2286 ο
1425 2255 1588 2311 αὐτὸν
1621 2254 1730 2329 γάρ

170 2346 448 2400 άνελάὸετο
487 2347 576 2400 διὰ
626 2350 686 2400 τὸ
718 2347 894 2417 φιλεῖν
930 2348 959 2401 ὁ
1005 2346 1162 2412 Θεός.
1199 2343 1274 2402 Ob
1304 2349 1399 2403 καὶ
1435 2348 1685 2413 εἰπόντος
1708 2365 1723 2382 ·

174 2455 191 2488 ι
221 2439 288 2493 Σὺ
338 2442 367 2493 ὁ
405 2440 611 2509 Ἰησοῦς
640 2439 825 2509 ἔλεγες
878 2441 1072 2495 ἑαυτὸν
1110 2442 1246 2496 Θεόν
1276 2457 1291 2473 ⁸
1320 2460 1344 2496 ι
1394 2443 1730 2516 ἀπεκρίνατο

168 2525 232 2590 ὡς
262 2529 368 2581 οὐκ
396 2529 558 2594 αὐτὸς
591 2529 784 2583 ἑαυτὸν
813 2530 1069 2600 ὠνόμασε
1103 2528 1259 2597 Θεὸν,
1287 2529 1405 2583 ἀλλ’
1433 2530 1481 2582 οί
1518 2529 1728 2601 ἄνθρω-

170 2635 271 2678 ποι.
322 2622 561 2690 Ἑδίδαξε
585 2624 641 2677 δὲ
668 2623 738 2677 τὰ
784 2623 965 2678 πάντα
993 2623 1279 2694 ὡρισμένα
1322 2624 1416 2677 καὶ
1445 2622 1553 2677 ἀπὸ
1590 2623 1727 2678 Θεοῦ

170 2714 411 2780 γενέσθαι
446 2715 561 2779 τοῖς
594 2715 927 2784 ἀνθρώποις.
960 2715 1064 2768 Τὸν
1086 2714 1142 2768 δὲ
1177 2714 1382 2769 Minoia
1408 2716 1502 2768 καὶ
1516 2714 1729 2787 Ἀαρὼν

174 2804 514 2873 παραστῆναι
569 2804 668 2873 μὲν
706 2804 765 2856 ἐν
788 2806 855 2875 τῇ
902 2804 1079 2874 κρίσει
1122 2803 1218 2856 τοῦ
1248 2802 1511 2874 Χριστοῦ,
1543 2819 1727 2873 παρα-

171 2895 476 2967 πεμφθῆναι
500 2894 557 2951 δὲ
587 2897 651 2966 τῇ
682 2894 901 2948 κολάσει
928 2893 1007 2958 ὥς
1033 2894 1357 2965 ἀνθρώπους
1388 2894 1723 2963 ἀπατηλούς.

1831 1896 1904 1953 ab
1946 1891 2551 1962 omnibus'congessit.
2583 1889 3031 1960 peculiaremque
3076 1884 3399 1954 religionem

1832 1987 1953 2045 suis
1986 1985 2234 2041 tradidit.
2268 1984 2411 2054 Lege
2431 1998 2530 2054 per
2560 1980 2745 2037 omnia
2786 1974 3129 2033 non'utitur.
3149 1975 3397 2031 Circum-

1830 2082 2099 2137 cisionom
2142 2078 2490 2135 retinendam
2526 2076 2713 2139 tradit,
2746 2072 2970 2130 Sabbati
3008 2069 3399 2125 observatione

1829 2174 2066 2231 sublata.
2117 2172 2360 2229 Paradisi
2413 2185 2473 2227 se
2520 2164 3287 2243 claxﬁgerumessejaetitat,
3342 2162 3399 2217 in

1816 2278 1941 2336 quo
1974 2272 2087 2321 tres
2134 2263 2250 2320 sint
2293 2271 2508 2327 amnes,
2555 2262 2739 2326 melle,
2769 2260 2920 2324 vino,
2955 2259 3119 2323 lacte,
3146 2258 3394 2310 ﬂuentes.

1830 2354 2045 2410 Asserit
2079 2354 2328 2408 umbram
2352 2351 2562 2407 Christi
2591 2359 2799 2405 tantum
2836 2365 2865 2404 a
2895 2348 3099 2405 Juda-is
3131 2361 3226 2416 per
3254 2345 3398 2398 invi—

1830 2448 1979 2503 diam
2023 2446 2342 2502 cruciﬁxam
2379 2460 2523 2511 esse,
2556 2459 2681 2499 cum
2719 2441 3005 2499 Christum
3039 2439 3218 2510 ipsum
3257 2439 3400 2492 Deus

1831 2542 1900 2598 ad
1936 2556 1997 2596 se
2050 2539 2343 2608 receperit,
2391 2539 2471 2592 uti
2504 2550 2670 2607 quem
2720 2534 2997 2603 diligeret.
3032 2531 3299 2601 Rogatum
3345 2529 3399 2583 id

1831 2630 2099 2702 temporis
2146 2628 2335 2684 Jesum
2373 2642 2404 2681 a
2444 2627 2553 2682 Deo
2587 2627 2777 2696 ipsene
2812 2626 2983 2679 Deum
3018 2638 3142 2678 sese
3188 2636 3401 2675 nuncu-

1830 2730 2032 2794 passet.
2054 2719 2405 2789 respondisse
2437 2732 2784 2787 nequaquam
2816 2715 2869 2770 id
2896 2730 2953 2770 se
2977 2714 3218 2770 nominis
3240 2729 3402 2767 usur-

1830 2827 2023 2884 passe,
2055 2825 2248 2865 verum
2286 2808 2542 2863 homines
2586 2807 2720 2861 illud
2757 2806 2862 2861 sibi
2899 2806 3181 2860 tribuisse.
3232 2805 3401 2857 Docet

1830 2903 1998 2960 etiam
2045 2902 2128 2956 sic
2170 2900 2399 2954 evenire
2438 2906 2634 2952 cuncta
2679 2898 3013 2952 mortalibus
3062 2905 3122 2950 ut
3172 2893 3400 2950 deﬁnita

170 2978 356 3051 Ἔλεγε
391 2984 487 3039 καὶ
518 2982 617 3053 τὴν
636 2982 783 3053 ζωὴν
806 2981 949 3052 ἔχειν
973 2983 1153 3035 ἐκεῖσε
1192 2981 1279 3035 διὰ
1310 2981 1557 3052 φθαρτῆς
1586 2980 1728 3053 βρώ-

1835 2996 1946 3051 sint
1988 2994 2276 3049 divinitus.
2311 2992 2518 3047 Mosem
2562 3002 2617 3046 et
2645 2992 2919 3046 Aaronem
2967 2991 3228 3046 astituros
3275 2987 3403 3057 qu?-

168 3075 292 3140 σεώς
331 3092 393 3128 τε
430 3076 525 3129 καὶ
556 3077 793 3137 πόσεως.
839 3075 1003 3129 Ἀλλά
1025 3075 1119 3128 καὶ
1145 3075 1247 3146 τὴν
1282 3073 1608 3146 Ἀφροδίτην
1634 3091 1728 3126 κε-

1835 3089 1955 3144 dem
1984 3087 2108 3142 illos
2136 3087 2190 3140 in
2221 3084 2425 3141 Christi
2450 3085 2883 3155 judicio,verum
2918 3083 3117 3137 deinde
3150 3082 3396 3155 futurum

164 3168 492 3237 κρυμμένως
526 3167 792 3221 σέϐονται.
823 3168 934 3221 Καὶ
966 3167 1127 3237 δῆλον
1172 3167 1236 3221 ἐκ
1272 3170 1370 3237 τῆς
1418 3166 1726 3237 προσευχῆς

1835 3189 1892 3236 ut
1930 3189 2191 3250 tanquam
2241 3178 2665 3248 prastigiatores
2711 3177 2778 3231 ad
2814 3191 3006 3246 poenas
3049 3176 3397 3244 ablegentur.

159 3260 337 3312 αὐτῶν
361 3275 375 3292 ο
412 3258 631 3328 λέγουσι
662 3260 767 3330 γὰρ
797 3258 969 3323 οὕτως
992 3275 1008 3292 ο
1041 3277 1059 3311 ι
1101 3258 1232 3317 Ἀλά
1259 3259 1362 3313 ἀλὰ
1389 3258 1490 3312 ούά
1519 3259 1725 3330 κουεὰρ

161 3353 273 3417 ἀλα,
312 3370 333 3405 ι
366 3352 505 3406 τοῦτ’
533 3351 700 3418 ἐστιν,
735 3353 762 3405 ὁ
802 3351 935 3414 Θεὸς
972 3351 1001 3404 ὀ
1047 3351 1179 3413 Θεὸς
1215 3349 1418 3416 μείζων
1446 3351 1539 3405 καὶ
1564 3351 1597 3421 ἡ
1626 3367 1724 3423 με·

164 3445 320 3513 γὰλη,
361 3444 480 3515 ἢτοι
519 3444 741 3515 σελήνη,
787 3442 1079 3515 Ἀφροδίτη
1101 3442 1257 3506 Θεὸς.
1549 3440 1553 3445 ’

157 3541 471 3609 precatione
535 3541 969 3613 deprehendere,
1042 3542 1202 3613 cujus
1246 3541 1363 3597 haec
1397 3541 1567 3597 verba
1610 3551 1778 3599 sunt:

1832 3273 1923 3327 Ait
1981 3271 2037 3325 in
2084 3278 2344 3326 secuturo
2379 3284 2601 3339 quoque
2651 3269 2850 3324 saeculo
2905 3282 3006 3322 nos
3051 3266 3215 3320 vitam
3267 3274 3399 3333 potu

1830 3360 2065 3430 ciboque
2092 3358 2447 3429 corruptibili
2472 3368 2900 3414 sustentaturos.
2924 3357 3186 3412 Venerem
3221 3365 3400 3411 senta-

1826 3455 1975 3505 tores
2021 3453 2141 3521 ejus
2170 3450 2387 3505 occulte
2434 3449 2647 3504 colunt.
2679 3449 2836 3504 Licet
2882 3450 2988 3503 hoc
3032 3464 3098 3504 ex
3150 3448 3393 3518 ipsorum

1855 3564 1874 3598 ι
1916 3546 2035 3602 Alia
2085 3547 2191 3604 alla
2247 3563 2351 3615 ua,
2402 3547 2575 3604 cubar
2625 3547 2756 3615 alla,
2808 3563 2829 3600 ι
2883 3545 2990 3601 hoc
3036 3552 3157 3612 est,
3219 3544 3399 3607 Deus,

162 3638 299 3694 Deus
348 3639 543 3711 major,
600 3648 658 3694 ct
706 3652 923 3709 magna,
970 3636 1234 3693 nimirum
1276 3637 1441 3703 luna,
1493 3650 1617 3708 quae
1661 3646 1720 3693 et
1758 3638 1946 3696 Venus
1974 3641 2099 3698 dea.

226 3806 383 3863 Μετά
408 3804 594 3876 μέντοι
616 3803 712 3859 τοῦ
736 3801 1001 3874 θεηλάτου
1030 3796 1277 3873 Μωάμεθ
1306 3801 1533 3857 θάνατον
1553 3803 1724 3874 ἐφάνη

159 3898 333 3970 ἀστὴρ
364 3898 458 3951 επὶ
494 3894 847 3967 μεσημϐρίαν
878 3893 1123 3965 δοκίτης,
1167 3894 1260 3948 ἐπὶ
1286 3895 1501 3967 ἡμέρας
1529 3896 1596 3961 λ’,
1629 3912 1729 3966 ση-

163 3991 374 4058 μαίνων
410 3989 512 4060 τὴν
549 3988 656 4043 τῶν
693 3986 939 4059 Ἀράϐων
970 3988 1187 4059 ἔφοδον·
1242 3990 1365 4044 τότε
1410 3990 1518 4061 γὰρ
1566 3991 1729 4045 κατέ-

162 4097 289 4152 σχον
306 4082 406 4147 τὴν
427 4080 724 4151 Δαμασκὸν
744 4080 841 4134 καὶ
869 4079 1006 4134 ἄλλα
1034 4080 1224 4135 πολλά.
1251 4078 1587 4135 Ἐπαινεῖται
1611 4083 1667 4134 δὲ
1693 4085 1726 4154 ή

162 4174 233 4245 γῆ
261 4174 442 4229 αὐτῶν
464 4189 482 4207 ο
517 4173 727 4243 σφόδρα
746 4173 856 4244 γὰρ
896 4172 1246 4242 πολύκαρπός
1274 4174 1397 4227 ἔστι
1430 4173 1500 4227 δι’
1529 4174 1732 4246 εὔκράι

161 4280 252 4317 τον
290 4262 456 4334 ἀέρα.
496 4263 662 4318 Ἀλλά
688 4264 785 4317 xal.
809 4263 874 4318 τὸ
901 4265 1151 4334 πήγανον
1178 4265 1329 4319 οὐδὲν
1356 4265 1603 4338 διαφέρει
1633 4268 1734 4336 τῆς

164 4356 336 4426 συκῆς
359 4357 504 4411 κατὰ
551 4356 614 4410 τὸ
646 4358 842 4428 μῆκος.
873 4357 991 4411 Καὶ
1040 4357 1099 4410 ὲν
1124 4356 1459 4430 Παλαιστίνῃ
1493 4358 1549 4412 δὲ
1581 4359 1732 4431 πηγὴ

163 4442 339 4513 ἰάσεις
364 4452 703 4520 παρέχουσα,
737 4451 795 4503 ὲν
877 4448 967 4503 τὸν
1003 4448 1208 4520 Κύριον
1235 4449 1617 4522 ὁδοιποροῦντα
1647 4452 1736 4504 λέ-

164 4556 320 4606 γουσι
359 4541 645 4613 νίψασθαι.
702 4542 814 4596 Καὶ
837 4540 1056 4611 δένδρον
1104 4542 1318 4597 ἵσταται
1351 4544 1533 4613 πάσης
1555 4545 1735 4616 ἀρρω-

1903 3804 2035 3865 Post
2084 3808 2281 3881 hujus:
2304 3807 2491 3879 rejecti
2527 3807 2815 3878 punitique
2862 3823 2893 3864 a
2944 3809 3057 3863 Deo
3103 3808 3399 3865 Maomethi

1834 3912 2068 3957 mortem
2102 3903 2256 3957 sidus
2287 3902 2562 3972 quoddam
2612 3917 2803 3957 versus
2853 3902 3137 3957 meridiem
3172 3890 3402 3972 conspon-

1834 4007 1983 4049 etum
2015 4001 2122 4059 est,
2158 3994 2326 4049 trabis
2372 3993 2600 4071 figuram
2628 3993 2897 4055 referens,
2945 3994 3009 4048 ad
3060 3994 3401 4048 tricesimum

1835 4099 2011 4154 usque
2038 4084 2185 4139 diem
2215 4101 2230 4151 ;
2263 4100 2373 4155 quo
2401 4087 2643 4140 Arabum
2677 4085 2732 4139 in
2765 4085 3072 4139 Romanum
3110 4084 3401 4155 imperium

1836 4175 2051 4232 invasio
2073 4176 2402 4233 denuntiata
2436 4177 2561 4232 fuit.
2586 4177 2723 4233 Nam
2745 4185 2801 4232 et
2832 4178 3153 4232 Damascum
3184 4177 3239 4232 id
3270 4189 3406 4232 tem.

1833 4270 1986 4340 poris
2017 4285 2170 4324 suam
2200 4270 2251 4325 in
2287 4278 2615 4340 potestatem
2659 4270 2989 4341 redegerunt
3018 4281 3074 4326 ct
3107 4270 3241 4325 alias
3269 4270 3408 4324 mul-

1839 4368 1924 4414 tas
1959 4360 2145 4414 urbes.
2180 4361 2358 4428 Atque
2404 4359 2600 4413 horum
2634 4374 2765 4413 sane
2816 4359 3055 4414 Arabum
3110 4360 3261 4429 regio
3295 4374 3408 4413 ma-

1836 4464 2076 4520 gnopere
2103 4450 2456 4520 prmdicatur,
2485 4452 2563 4505 uti
2594 4467 2714 4519 qua:
2742 4451 2898 4519 copia
2927 4452 3202 4503 fructuum
3234 4450 3409 4504 adun-

1838 4540 1929 4595 det
1959 4543 2349 4612 pr0pteraeris
2373 4544 2823 4611 temperationcm
2860 4542 3013 4596 valde
3040 4543 3403 4596 commodam.

165 4632 320 4695 στεας
349 4631 694 4701 ἀλεξίκακον,
719 4632 747 4686 δ
767 4632 982 4703 δένδρον
1003 4632 1083 4696 είς
1104 4633 1206 4703 γῆν
1229 4633 1417 4706 ἐκλίθη
1448 4637 1543 4689 καὶ
1565 4654 1728 4709 προσ-

1840 4634 1982 4688 Ruta
2020 4633 2142 4688 istic
2175 4649 2203 4687 a
2236 4633 2337 4687 ticu
2374 4634 2706 4703 proceritate
2738 4648 2845 4687 non
2881 4633 3405 4713 supcratur.ltidem

164 4724 395 4795 εκύνησε
432 4725 595 4796 δῆθεν
636 4724 727 4780 τὸν
753 4725 960 4796 Κύριον
991 4726 1072 4789 είς
1114 4726 1389 4794 Αἴγυπτον
1437 4728 1731 4798 φεύγοντα,

166 4816 330 4881 σώζει
377 4818 434 4872 δὲ
488 4821 584 4872 καὶ
615 4819 785 4872 είσέτι
827 4818 888 4871 τδ
938 4818 1123 4890 σχῆμα
1157 4817 1259 4889 τῆς
1287 4821 1741 4890 προσκυνήσεως.

177 4906 329 4961 Ἐκεῖ
385 4910 504 4963 εστὶ
554 4910 652 4963 καὶ
699 4910 735 4980 ἡ
769 4909 1054 4979 βαταρῖτις
1086 4908 1213 4979 ῥίζα
1257 4911 1290 4980 ἠ
1340 4904 1741 4984 φλογοειδὴς,ᾖ

169 4999 536 5069 προσεγγίσαι
563 5017 651 5064 τις
693 5000 753 5053 ού
785 4999 985 5070 τολμᾷ,
1023 5000 1339 5053 ἀνασπᾶται
1365 5000 1423 5053 δὲ
1458 5000 1616 5063 κυνὸς
1645 5001 1744 5069 τῆς

166 5088 422 5159 τοιαύτης
472 5090 631 5161 ῥίζης
692 5088 922 5159 πλησίον
951 5087 1237 5152 δεθέντοςο
1284 5090 1321 5158 ἡ
1374 5089 1561 5157 μέντοι
1608 5090 1734 5162 ρίςα

166 5182 580 5253 περιαπτομένη
594 5182 1029 5253 δαιμονιζομένῳ
1046 5179 1340 5251 φυγαδεύει
1370 5180 1458 5234 τὸν
1477 5180 1729 5251 δαίμονα.

165 5270 500 5341 Γεωργείται
521 5273 578 5326 δὲ
614 5274 708 5327 καὶ
733 5273 1119 5343 ὀποῦάλσαμον
1145 5274 1327 5326 ἐκεῖσε
1359 5273 1514 5329 πολύ.
1546 5273 1734 5344 Ταύτῃ

162 5377 253 5414 τοι
283 5364 374 5417 καὶ
395 5364 497 5435 τὴν
515 5364 620 5435 γῆν
645 5364 852 5433 ταύτην
877 5364 952 5428 ὡς
982 5364 1262 5434 ἐξαίρετον
1294 5364 1371 5434 τῷ
1396 5366 1740 5434 ἠγαπημένῳ

160 5451 394 5509 δέδωκεν
419 5456 447 5508 ὁ
478 5454 614 5518 θεὸς
657 5455 898 5526 Ἰσραήλ.
944 5455 1034 5508 Ἐν
1060 5456 1203 5525 αὐτῇ
1246 5456 1343 5508 καὶ
1371 5457 1400 5507 ὁ
1430 5455 1634 5526 Κύριος
1669 5457 1736 5509 τὰ

164 5542 343 5599 πάντα
376 5549 694 5619 εἰργάσατο.
731 5547 953 5618 Ταύτην
986 5546 1079 5601 οῦν
1106 5549 1203 5620 καὶ
1240 5548 1289 5602 οἱ
1324 5547 1590 5619 ἐξηγηταὶ
1635 5550 1734 5620 τῆς

162 5635 277 5702 γῆς
306 5638 574 5711 ὀφθαλμὸν
605 5640 1084 5711 προσηγόρευσαν.
1143 5618 1151 5634 ⁸

1839 4724 1894 4779 in
1924 4725 2210 4780 Palaestina
2246 4726 2413 4795 278
2449 4725 2572 4780 fons
2606 4734 2710 4790 est,
2730 4724 2823 4795 qui
2851 4724 3075 4779 morbos
3110 4734 3307 4779 sanat:
3352 4726 3406 4780 in

1836 4832 1905 4872 eo
1937 4816 2234 4873 Dominum
2286 4818 2395 4873 iter
2422 4816 2721 4891 aliquando
2749 4816 3039 4872 facientem
3073 4817 3315 4873 abluisse
3349 4832 3410 4872 se

1838 4910 2156 4981 perhibent.
2213 4910 2393 4966 Etiam
2447 4909 2615 4965 arbor
2666 4909 2743 4964 ibi
2816 4909 3063 4978 quaedam
3117 4919 3221 4976 est,
3288 4926 3411 4980 qtuu

1839 5002 2064 5072 quasvis
2104 5000 2458 5074 inﬁrmitates
2485 5000 2663 5071 pellit.
2700 5001 2776 5056 Ea
2810 5016 2868 5057 se
2896 5001 2962 5054 ad
3002 5010 3204 5063 terram
3237 5017 3409 5070 usque

1843 5093 2057 5149 inﬂexit
2100 5093 2506 5163 Dominumque
2554 5092 2827 5150 submisse
2857 5102 3111 5147 venerata
3148 5102 3255 5155 est,
3282 5107 3406 5146 cum

1840 5185 1897 5243 in
1927 5184 2221 5256 [Egyptum
2257 5185 2490 5256 fugeret.
2531 5182 2663 5256 Ejus
2694 5184 3005 5240 inﬂexionis
3035 5183 3408 5241 adorabunde

1846 5277 2077 5332 formam
2131 5277 2410 5347 hodieque
2453 5278 2680 5332 retinet.
2732 5278 2861 5333 Istic
2910 5285 2969 5333 et
3000 5278 3249 5333 bataritis
3296 5284 3404 5337 est.

1845 5368 2003 5423 radix
2032 5370 2280 5438 quaedam
2306 5367 2659 5435 llammea,ad
2694 5384 2856 5437 quam
2890 5368 3115 5437 prOpius
3146 5367 3407 5421 accedere

1844 5477 2008 5516 nemo
2037 5461 2244 5525 audet;
2280 5461 2375 5515 sed
2416 5477 2514 5531 per
2545 5476 2734 5515 canem
2770 5461 3025 5516 evellitur
3052 5473 3221 5528 prope
3258 5459 3408 5513 radi—

1840 5565 1959 5605 cem
2017 5550 2319 5619 alligatum.
2369 5548 2495 5605 llaec
2545 5552 2698 5605 radix
2742 5549 2954 5605 homini
3004 5564 3033 5601 a
3070 5548 3212 5600 malo
3246 5549 3406 5618 genio

1840 5650 2037 5697 vexato
2069 5643 2285 5698 admota
2321 5644 2542 5714 genium
2582 5645 2760 5714 ipsum
2811 5642 2961 5712 fugat
2989 5650 3044 5694 et
3080 5640 3271 5709 abigit.
3307 5639 3412 5694 lis-

162 5725 293 5780 dem
334 5733 388 5785 in
433 5734 572 5791 locis
640 5742 699 5790 et
766 5733 1183 5803 opobalsamum
1229 5733 1451 5803 copiose
1504 5732 1802 5788 admodum
1848 5735 2207 5805 agricultionc
2263 5733 2506 5786 adhibita
2572 5733 2841 5801 provenit.
2902 5731 3198 5797 Propterea
3264 5730 3409 5785 Deut
