3794 6226
195 423 293 489 591

1402 413 1803 477 ANNAI‘JUM
1850 415 2039 477 PARS
2082 414 2184 476 IV.

3307 410 3412 472 522

196 533 468 597 στινιανὸς,
505 528 824 600 δραπετεύει
857 529 1089 592 ἐκεῖθεν,
1118 532 1229 592 τοῖς
1261 528 1590 598 Βουλγάροις
1614 545 1744 597 προ-

1883 529 2063 599 agnita
2121 527 2331 600 garrire
2387 536 2812 582 eousuevenznt.
2865 526 3053 594 Itaque
3116 521 3252 586 nihil
3304 533 3413 575 non

197 631 457 697 σὲρχεται,
515 626 706 695 ἁδραῖς
768 623 964 686 αὐτοὺς
1011 624 1339 692 ὑποσχέσεσι
1384 624 1737 689 καταδεσμεῖ.

128 709 139 718 ’
195 718 351 770 Ὅθεν
389 714 478 769 καὶ
516 715 653 783 μετὰ
693 713 932 782 πλήθους
961 714 1190 784 ἀπείρου
1240 713 1378 783 πρὸς
1417 716 1515 781 τὴν
1540 715 1744 780 Βυζαν-

193 808 306 860 τίόα
338 805 574 874 ἔρχεται,
615 803 714 868 καὶ
755 803 843 856 διὰ
887 802 1125 871 σωλῆνος
1175 803 1474 874 ὑδροφόρον
1524 803 1746 857 κλέπτει

193 898 286 966 τὴν
309 897 527 960 είσοδον,
552 895 650 947 καὶ
667 893 810 948 οὕτω
834 893 934 963 τῆς
952 893 1230 963 βασιλείας
1250 893 1316 946 αὖ
1339 895 1746 965 ἐπιδρὰσσεται,

196 988 284 1039 τοῦ
313 987 614 1057 Ἀψιμάρου
648 987 729 1048 είς
761 985 1127 1039 Ἀπολλωνίδα
1163 986 1446 1055 φυγόντος.
1481 987 1615 1054 Ἕτη
1655 987 1747 1040 οὖν

199 1079 330 1133 ἑπτὰ
359 1080 639 1148 κρατήσας
686 1078 776 1130 τδν
814 1077 913 1146 μὲν
964 1076 1269 1147 ’Δψίμαρον
1329 1077 1472 1151 μέσῃ
1501 1079 1566 1146 τῇ
1599 1077 1751 1130 πόλει

199 1165 456 1237 θριαμσεύ
468 1183 563 1228 σας
589 1165 819 1232 ἀνεῖλεν,
847 1164 1110 1228 ὡσαύτως
1135 1166 1232 1220 καὶ
1259 1166 1511 1220 Λεόντιον
1529 1183 1542 1198 ·
1569 1166 1660 1218 τὸν
1695 1166 1752 1220 δὲ

202 1255 537 1326 πατριάρχην
569 1255 920 1320 Καλλίνικον,
948 1256 1247 1326 ἐπειδήπερ
1287 1256 1518 1327 ἀντέστη
1551 1255 1754 1326 προλα-

195 1346 295 1399 ϐὼν
331 1346 479 1416 αὐτῷ
511 1349 834 1416 πειρωμένῳ
874 1346 1200 1418 Ἐκκλησίαν
1253 1347 1508 1417 χαλάσαι,
1539 1347 1756 1416 τυφλώσ-

197 1455 288 1501 σας
319 1436 575 1508 έξώριζεν
603 1440 661 1492 ὲν
698 1438 912 1512 Ῥώμῃ,
946 1440 1040 1491 καὶ
1075 1438 1189 1491 ἀντ’
1237 1437 1402 1493 αὑτοῦ
1451 1438 1755 1510 προϐάλλε-

197 1550 277 1586 ται
304 1533 584 1602 Κυριακδν
610 1532 701 1586 τὸν
729 1534 788 1586 έν
818 1536 884 1604 τῇ
915 1533 1061 1603 νήσῳ
1083 1533 1405 1605 Ἀμάστριδι
1431 1533 1749 1600 έγκλειστον

196 1627 348 1679 ὄντα·
389 1626 772 1698 προηγόρευσε
831 1614 939 1698 γὰρ
981 1627 1128 1697 αὑτῷ
1179 1628 1278 1696 τὴν
1331 1628 1432 1696 τῆς
1469 1627 1756 1698 βασιλείας

199 1721 658 1772 ἀποκατάστασιν.
700 1717 806 1772 Καὶ
846 1719 1032 1783 ἀπλῶς
1090 1720 1287 1785 εἰπεῖν,
1342 1719 1499 1790 δίκην
1556 1720 1757 1790 βοσκη-

201 1811 378 1877 μάτων
407 1810 618 1874 πάντας
652 1811 940 1865 ἀπέκτεινε
964 1827 979 1841 ⁸
1009 1811 1334 1880 μαινόμενος
1357 1812 1464 1883 γὰρ
1493 1807 1759 1883 ἦν.”Οθεν

1848 624 2114 690 adversus
2174 619 2544 675 Justinianum
2613 617 2994 672 moliebatur:
3055 613 3269 668 litteras
3345 612 3414 665 ad

1847 711 2190 782 Cbaganum,
2229 711 2603 768 Cltazarorum
2639 707 3198 780 principcm,dabat;
3234 703 3416 758 cidem

1849 820 2074 874 magnas
2101 805 2365 874 pecunias
2395 803 2781 874 pollicebatur,
2811 801 2856 855 si
2899 810 3119 870 captum
3149 797 3417 853 Justinia-

1851 907 1982 946 num
2034 894 2122 947 vel
2170 892 2342 947 instar
2393 891 2654 961 mancipii
2710 890 2965 945 vilissimi
3017 889 3284 944 venderet
3333 886 3420 940 vel

1851 985 2031 1052 capite
2063 986 2348 1054 plecteret.
2379 986 2449 1041 lis
2485 985 2724 1056 cognitis
2752 983 3103 1038 Justinianus
3143 983 3196 1036 in
3237 982 3419 1050 fugam

1853 1089 1912 1129 se
1947 1075 2192 1144 conjicit,
2238 1075 2306 1128 ad
2359 1076 2623 1145 Bulgaros
2662 1073 3057 1145 proﬁciscitur,
3108 1071 3427 1142 ingentibus

1856 1182 1953 1220 eos
1984 1167 2274 1236 promissis
2312 1167 2414 1222 sibi
2451 1168 2718 1224 devincit.
2751 1167 2871 1233 Quo
2905 1166 3048 1220 facto
3075 1173 3288 1219 tantum
3318 1179 3427 1216 non

1857 1257 2086 1311 inﬁnitis
2147 1273 2272 1311 cum
2334 1257 2508 1327 cepiis
2576 1257 2898 1328 Byzantium
2955 1255 3288 1316 contendit,
3336 1268 3433 1320 per

1856 1349 2236 1418 aquazductum
2288 1349 2342 1403 in
2403 1350 2595 1404 urbem
2643 1349 2974 1419 ingreditur,
3025 1347 3434 1418 imperiumque

1857 1451 2171 1511 recuperat.
2223 1441 2360 1494 llinc
2393 1439 2742 1509 Apsimarum
2797 1455 2896 1509 per
2940 1438 3174 1492 mediam
3239 1437 3430 1489 urbem

1857 1534 2010 1588 velut
2039 1534 2093 1586 in
2147 1532 2430 1601 triumpho
2475 1541 2532 1586 et
2576 1547 2772 1601 pompa
2819 1513 3273 1585 circumductum
3321 1541 3432 1580 una

1859 1641 1984 1680 cum
2035 1623 2266 1678 Leontio
2313 1623 2616 1688 interﬁcit;
2655 1621 3028 1692 patriarcbam
3079 1619 3432 1677 Callinicum.

1861 1717 2009 1787 quod
2053 1717 2182 1772 olim
2221 1717 2325 1784 ipsi
2378 1723 2572 1770 contra
2607 1713 2908 1770 Ecclesiam
2935 1712 3145 1782 aliquid
3184 1710 3435 1765 molienti

1863 1810 2193 1864 adversatus
2251 1807 2469 1870 fuisset,
2523 1807 2700 1862 oculis
2752 1807 3051 1875 spoliatum
3105 1805 3334 1858 Romam
3381 1803 3436 1855 in

200 1869 286 1953 καὶ
317 1900 402 1954 διά
447 1869 652 1970 μικρόῦ
698 1901 940 1970 σκάφους
979 1869 1087 1956 ἀιπδ
1136 1869 1765 1971 ᾗερσῶνδξέτέανερχό-

1878 1901 2121 1957 :xsilium
2157 1899 2368 1966 mittit;
2397 1900 2516 1970 ejus
2565 1899 2691 1953 loco
2741 1898 3031 1970 Cyriacum
3066 1895 3436 1966 patriarcbant

200 2007 353 2054 μενος
399 1990 495 2044 καὶ
544 1989 775 2044 κλύδωνι
840 1990 1152 2060 περιπεσὼν
1204 1993 1304 2062 τὴν
1366 1993 1766 2064 ὲνδομυχοῦσαν

199 2079 344 2150 αὺτῷ
383 2081 583 2135 κακίαν
621 2083 788 2152 δήλην
835 2083 1182 2153 καθίστησιν.
1225 2084 1449 2156 Ἐπειδὴ
1488 2083 1601 2156 γὰρ
1657 2086 1767 2138 τῶν

196 2173 407 2227 οἰκείων
443 2191 530 2238 τις
574 2175 722 2246 αὑτῷ
767 2175 955 2242 ἔλεγεν
982 2193 997 2209 ο
1032 2195 1050 2228 ι
1073 2177 1204 2230 Ἰδοὺ
1245 2177 1638 2246 ἀποθνήσκεις,
1684 2177 1769 2230 δέ-

195 2284 396 2335 σποτα,
433 2267 528 2320 καὶ
557 2267 794 2337 ὑπόσχου
828 2267 906 2339 τῷ
933 2267 1074 2338 Θεῷ,
1106 2269 1203 2324 ἐάν
1235 2287 1317 2322 σοι
1355 2267 1504 2342 δώσῃ
1535 2269 1634 2340 τὴν
1673 2268 1770 2336 βα-

196 2360 426 2438 σιλείαν,
465 2361 670 2432 μηδένα
700 2360 806 2413 τῶν
854 2359 1063 2430 ἐχθρῶν
1112 2378 1204 2419 σου
1241 2361 1518 2430 λυπῆσαι·
1553 2379 1573 2413 ι
1626 2360 1768 2432 ἔφη’

204 2471 223 2503 ι
277 2451 540 2506 Ἐνταῦθά
574 2470 639 2521 με
663 2453 1119 2507 καταποντισάτω
1150 2454 1374 2524 Κύριος.
1413 2455 1462 2507 εί
1509 2439 1771 2523 φείσομαι

203 2556 345 2602 τινος
374 2541 435 2605 ἐξ
462 2540 663 2608 αὐτῶν.
709 2559 726 2591 ι
762 2540 905 2610 Πρὸς
931 2541 1146 2606 τούτοις
1187 2543 1243 2596 δὲ
1273 2545 1367 2597 καὶ
1399 2542 1580 2611 βαλὼν
1610 2546 1638 2597 ὁ
1676 2543 1772 2597 τύ-

212 2648 394 2698 ραννος
435 2623 588 2694 οὗτος
622 2632 760 2685 κατά
783 2633 906 2685 νοῦν
930 2633 1031 2686 ὅσα
1060 2637 1110 2688 οἰ
1149 2637 1490 2704 Χερσωντται
1531 2637 1652 2690 κατ’
1675 2637 1775 2691 αὒ-

210 2721 298 2775 τοῦ
346 2722 623 2792 ἐμελέτων
678 2725 756 2794 τῷ
790 2724 1086 2797 Ἀψιμάρῳ
1129 2728 1506 2799 χαριζόμενοι,
1566 2731 1775 2799 πέμπει

219 2814 438 2883 στρατὸν
469 2816 593 2869 κατ’
650 2817 849 2872 αὐτῶν.
882 2820 991 2872 Καὶ
1021 2815 1089 2890 ἦν
1128 2821 1256 2874 ἰδεῖν
1303 2822 1481 2892 θέαμα
1519 2824 1774 2880 έ)εεινόν.

217 2904 395 2958 Πᾶσαν
429 2905 647 2976 ἠλικίαν
689 2909 976 2964 ἐκέλευσεν
1027 2912 1267 2978 ἀ·.ηλεῶς
1307 2913 1777 2982 ἀποσφάττεσθαι.

210 2997 315 3051 Καὶ
330 2999 395 3069 δὴ
428 3001 521 3057 καὶ
550 3001 990 3069 ἀποσφάττονται
1025 3004 1300 3072 γέροντες,
1336 3006 1471 3071 νέοι,
1498 3009 1778 3076 γυναῖκες,

209 3089 395 3151 παῖδες
437 3090 530 3142 καὶ
561 3091 761 3153 πάντες
805 3095 1012 3158 ἁπλῶς.
1057 3092 1191 3149 Εἶτά
1235 3115 1286 3150 τι
1319 3099 1507 3168 μαθὼν
1553 3099 1782 3154 Ἰουστιο

1866 1993 2019 2058 facit,
2059 1992 2152 2062 qui
2208 1991 2265 2045 in
2315 1990 2626 2045 Amastride
2681 1989 2862 2044 insula
2912 1989 3227 2044 solitariam
3270 1984 3437 2040 vitam

1867 2085 2118 2140 inclusus
2167 2083 2404 2154 agebat:
2440 2096 2567 2136 nam
2613 2081 2660 2136 is
2699 2080 3014 2136 Justiniano
3063 2079 3443 2148 recuperatio-

1871 2192 1994 2230 nem
2044 2174 2260 2245 imperii
2293 2172 2645 2243 praedixerat.
2679 2171 2752 2228 Ut
2778 2171 3046 2226 brevibus
3078 2170 3258 2226 omnia
3287 2170 3445 2222 deni-

1867 2282 1977 2337 que
2007 2266 2368 2335 complectar,
2387 2265 2616 2334 quosvis
2642 2262 2920 2334 pecudum
2954 2263 3127 2316 instar
3156 2259 3448 2330 jugulabat

1871 2363 2036 2417 homo
2063 2363 2226 2432 plane
2257 2361 2474 2417 furens.
2504 2360 2685 2429 Atque
2713 2359 2855 2414 banc
2883 2359 2938 2413 in
2963 2359 3089 2414 imis
3121 2357 3289 2412 animi
3326 2357 3450 2411 lati-

1873 2464 2081 2510 tantem
2130 2452 2349 2524 angulis
2398 2450 2820 2520 improbitatem
2864 2451 2975 2520 jam
3027 2458 3187 2503 antea
3229 2462 3451 2516 quoque

1871 2546 2234 2618 patefecerat,
2273 2559 2398 2600 cum
2430 2544 2631 2614 exigua
2665 2541 2918 2597 navicula
2943 2539 3228 2596 Chersonc
3267 2554 3457 2592 rever-

1876 2647 2089 2694 teretur
2140 2647 2198 2694 et
2244 2644 2573 2707 tempestate
2616 2635 2855 2704 quadam
2908 2632 3275 2702 exciperetur.
3317 2630 3452 2684 Nam

1875 2746 2000 2786 cum
2028 2729 2080 2786 ei
2115 2729 2472 2784 familiarium
2509 2727 2714 2797 aliquis
2744 2725 2996 2780 diceret:
3035 2743 3051 2776 ι
3084 2723 3159 2776 Eu
3198 2723 3454 2780 moreris.

1877 2821 2122 2887 domine,
2173 2819 2534 2890 quamobrem
2574 2820 2685 2871 Deo
2732 2817 3014 2886 promitte,
3067 2814 3110 2869 si
3138 2811 3451 2868 restituerit

1880 2914 2174 2983 imperium
2207 2911 2332 2974 tibi,
2366 2911 2645 2964 neminem
2677 2917 2728 2964 te
2763 2909 3004 2962 hostium
3044 2916 3261 2976 tuorum
3291 2905 3456 2958 laesu-

1880 3021 2004 3061 rum
2043 3020 2058 3058 :
2105 3023 2123 3056 ι
2166 3022 2186 3055 ‹
2223 3004 2339 3058 imo
2373 3016 2525 3065 vero,
2559 3001 2663 3064 ait,
2722 3000 2826 3054 hoc
2872 3001 2989 3068 ipso
3022 2998 3076 3052 in
3113 2998 3236 3052 loco
3273 2994 3456 3048 ﬁacti»

1879 3098 1986 3153 bus
2011 3112 2098 3151 me
2128 3094 2399 3152 Dominus
2428 3095 2652 3158 obruat,
2669 3091 2716 3146 si
2756 3105 2948 3146 eorum
2976 3089 3070 3142 ulli
3099 3079 3450 3158 pepercere.»

209 3178 392 3241 νιανδς
420 3180 503 3233 ὅτι
531 3180 639 3234 τῶν
676 3198 914 3255 νεογνων
940 3185 1119 3256 πάντη
1165 3185 1383 3257 βρεφῶν
1412 3191 1460 3243 οἱ
1491 3188 1767 3254 σταλέντες

1881 3189 2157 3244 Praeterea
2189 3202 2316 3243 cum
2367 3186 2435 3241 ad
2487 3183 2734 3239 animum
2785 3188 3100 3236 revocasset
3148 3181 3236 3233 hic
3270 3187 3459 3248 tyran-

207 3269 409 3322 ὲκείνοι
437 3271 728 3338 ἐφείδοντο,
764 3273 1028 3343 καχλάζει
1074 3276 1166 3328 ἐπὶ
1198 3275 1358 3330 πλέον
1392 3277 1469 3349 τῷ
1503 3279 1660 3349 θυμῷ
1687 3279 1782 3332 καὶ

211 3361 401 3414 στόλον
424 3359 610 3433 ἓτερον
635 3364 937 3434 ἐκπέμπει,
961 3367 1036 3429 ὡς
1057 3369 1388 3438 κολασθῆναι
1415 3369 1514 3438 μὲν
1536 3373 1631 3423 καὶ
1655 3370 1783 3433 τοὺς

212 3453 758 3524 τροαποσταλέντας,
785 3457 1141 3529 ἀναιρεθῆναι
1173 3459 1226 3512 δὲ
1257 3462 1350 3514 καὶ
1384 3461 1567 3515 πᾶσαν
1591 3459 1783 3530 βρεφι-

209 3547 317 3614 κὴν
360 3547 613 3617 ἠλικίαν..
640 3548 946 3619 Καθίστησι
979 3550 1036 3603 δὲ
1069 3552 1162 3604 τοῦ
1197 3553 1386 3606 στόλου
1418 3553 1663 3624 ἡγεμόνα
1690 3555 1786 3608 Φι-

208 3638 483 3691 λιππικὸν
527 3639 620 3692 τὸν
677 3642 770 3693 καὶ
822 3642 1100 3712 Βαρδάνην
1150 3643 1466 3713 λεγόμενον.
1514 3645 1785 3716 Ἀπῆλθον

210 3733 399 3783 ἐκεῖσε
431 3730 640 3800 λοιπὸν,
673 3734 767 3788 καὶ
794 3732 891 3806 τήν
923 3735 1017 3787 τοῦ
1048 3738 1378 3808 κρατοῦντος
1416 3740 1784 3810 μυσαχθέντες

210 3826 642 3897 ἀπανθρωπίαν,
671 3829 764 3883 καὶ
790 3831 863 3902 μὴ
899 3830 1156 3899 φέροντες
1187 3832 1414 3902 αἴμασιν
1457 3834 1664 3897 ἀδίκοις
1689 3853 1788 3888 κα-

210 3918 618 3987 ταχρανθῆναι,
671 3921 754 3984 είς
797 3921 984 3976 στάσιν
1019 3911 1315 3993 χωροῦσιν,
1355 3924 1565 3977 ἄνακτα
1605 3925 1661 3978 δὲ
1693 3927 1790 3980 καὶ

212 4007 472 4079 κράτορα
511 4010 839 4064 Φιλιππικὸν
883 4011 1120 4068 ποιοῦσι.
1163 4013 1370 4085 Καιρδς
1423 4015 1639 4084 διῆλθεν
1694 4016 1789 4069 ἐπὶ

214 4095 440 4160 τούτοις
475 4098 679 4161 ἱκανός.
706 4098 958 4169 Θροεῖται
987 4102 1014 4154 ὁ
1042 4099 1318 4169 βασιλεὺς,
1351 4103 1614 4170 μανθάνει
1646 4107 1790 4158 ἐκεῖ-

214 4190 317 4244 Θεν
351 4190 520 4257 οὐδὲν,
559 4192 841 4262 ἐξέρχεται
895 4193 1122 4263 στρατὸν
1171 4193 1271 4262 οὐκ
1318 4193 1496 4262 ὀλίγον
1535 4197 1792 4268 ἐπισυρό-

217 4300 411 4352 μενος.
443 4284 637 4337 Φθάνει
665 4284 767 4347 ἕως
790 4284 1036 4356 Σινώπης
1066 4287 1258 4355 αὐτῆς,
1283 4287 1385 4359 δρᾷ
1409 4287 1495 4341 διά
1522 4289 1794 4360 θαλάττης

214 4376 501 4447 ἐρχόμενα
547 4375 728 4430 πλοῖα.
769 4375 946 4439 Εὐθὺς
998 4377 1437 4447 άνθυποστρέφει
1481 4381 1574 4432 καὶ
1607 4379 1792 4443 αὑτός.

229 4466 406 4522 Ἀλλά
440 4467 654 4535 πρῶτος
695 4466 722 4519 ὁ
767 4467 1095 4528 Φιλιππικδς
1140 4469 1206 4519 τά
1241 4466 1488 4536 βασίλεια
1514 4469 1794 4534 καταλαμ-

1882 3295 1989 3336 nus
2017 3293 2140 3350 quae
2175 3277 2353 3334 moliti
2404 3277 2643 3332 fuissent
2693 3271 2966 3330 adversus
2990 3272 3169 3344 ipsum
3211 3269 3263 3324 in
3300 3269 3460 3338 Apsi-

1883 3368 2022 3424 mari
2070 3367 2305 3438 gratiam
2357 3364 2738 3429 Cbersouitte,
2769 3362 2959 3432 copias
3005 3360 3058 3414 iu
3089 3376 3186 3415 eos
3222 3358 3456 3411 milituu

1883 3459 2180 3530 ablegavit.
2225 3458 2359 3514 Erat
2408 3457 2503 3511 hic
2535 3455 2727 3512 videre
2762 3453 3139 3525 spectaculum
3193 3464 3457 3519 perquam

1885 3549 2228 3605 miserabile.
2261 3549 2512 3605 Jusserat
2551 3557 2769 3603 aetatem
2806 3544 3060 3616 quamvis
3113 3542 3321 3611 absque
3355 3540 3461 3594 ulla

1887 3641 2054 3712 280
2097 3639 2578 3696 commiseratione
2627 3638 2935 3701 trucidari;
2982 3651 3093 3706 quo
3145 3633 3348 3688 factum
3403 3641 3464 3683 ut

1882 3733 2273 3805 iugularentur
2305 3747 2488 3796 senes,
2521 3732 2771 3802 juvenes,
2811 3728 3048 3791 femina},
3081 3726 3259 3795 pueri,
3298 3725 3465 3778 adeo-

1888 3840 1995 3895 que
2027 3838 2222 3878 omnes
2249 3823 2585 3892 promiscue.
2618 3822 2762 3887 Quin
2797 3821 2965 3875 etiam
3001 3835 3125 3874 cum
3157 3819 3466 3884 accepisst-t

1889 3913 2237 3969 Justinianus
2292 3911 2439 3982 (ιιιυιι
2499 3910 2735 3980 ablegati
2788 3909 2993 3963 milites
3043 3907 3297 3960 mandato
3361 3920 3464 3957 suo

1892 4006 2271 4078 pepercissent
2295 4004 2523 4058 omnino
2545 4003 2874 4064 infantibus,
2892 4003 3252 4057 vehementer
3268 4013 3465 4052 excan-

1893 4097 2035 4163 duit,
2077 4097 2353 4166 aliamque
2401 4096 2637 4149 classem
2689 4091 2993 4156 instruxit,
3043 4104 3141 4160 per
3195 4102 3360 4158 quam
3411 4095 3468 4142 et

1893 4190 2045 4261 prius
2076 4189 2271 4243 missos
2307 4203 2373 4242 eo
2415 4187 2639 4240 nomine
2691 4185 2916 4254 puniret
2954 4170 3008 4237 et
3055 4196 3247 4236 omnes
3289 4180 3466 4235 Cher-

1894 4280 2199 4335 sonitarum
2237 4278 2479 4333 infantes
2529 4285 2773 4332 necaret.
2807 4273 2866 4327 Ei
2904 4271 3063 4327 classi
3097 4270 3292 4326 ducem
3324 4283 3466 4338 pra:-

1894 4371 2026 4426 fecit
2053 4370 2423 4439 Philippicum
2455 4375 2824 4437 cognomento
2856 4360 3305 4426 Bardancm.Qui
3339 4373 3466 4414 cum

1897 4466 2002 4518 iter
2028 4463 2361 4517 Chersouem
2393 4461 2740 4519 instituisset,
2777 4457 2978 4512 milites
3011 4451 3468 4508 inltumanitatem

218 4559 407 4614 δάνει.
438 4556 603 4610 Ὅθεν
648 4557 744 4610 καὶ⁵
770 4557 1082 4627 ὑστερήσας
1108 4559 1136 4610 ὁ
1173 4557 1553 4622 Ἰουστινιανδς
1587 4563 1645 4614 έν
1679 4563 1765 4613 τοῖ

1898 4571 1964 4612 ac
1984 4555 2259 4610 diritatem
2297 4553 2645 4622 imperatoris
2678 4547 2974 4610 exsecrati,
3000 4560 3124 4600 cum
3150 4559 3208 4598 se
3240 4542 3467 4596 innoxie

217 4650 325 4703 τοῦ
351 4650 669 4719 Δαμάτρυος
699 4649 852 4719 ὄρεσι
885 4651 981 4703 σὺν
1011 4649 1159 4720 αὐτῷ
1190 4653 1481 4719 συνάγεται
1526 4651 1601 4723 τῷ
1633 4670 1767 4727 στρα

1899 4647 2166 4717 sanguine
2206 4644 2378 4716 pollui
2445 4644 2682 4706 nollent,
2729 4640 3058 4695 seditioneet
3103 4636 3369 4695 excitant,
3414 4642 3472 4686 ct

219 4743 335 4812 τῷ.
371 4742 720 4795 Ἀποστέλλει
753 4743 889 4812 πρὸς
937 4741 1099 4795 αὑτὸν
1141 4744 1168 4796 ὁ
1198 4742 1526 4808 Φιλιππικδς
1569 4725 1767 4798 ἀντιπα

1878 4737 2270 4809 ,Ριιῑιὶρρῐουιη
2298 4750 2479 4806 regem
2513 4731 2933 4800 principemque
2963 4743 3123 4782 suum
3157 4725 3468 4795 designant.

223 4832 482 4904 ράταξιν.
513 4833 793 4886 Πλανῶσιν
831 4833 1015 4899 αὐτὸν,
1046 4832 1331 4904 κρατοῦσι,
1366 4836 1461 4889 καὶ
1503 4835 1601 4904 τὴν
1632 4836 1764 4890 αὐτο

1909 4832 2118 4886 Interea
2167 4846 2276 4886 non
2318 4843 2538 4904 Aparum
2591 4824 2855 4894 temporis
2920 4819 3256 4882 intercedit;
3305 4816 3472 4874 rebus

221 4899 475 4996 κεφαλὴν
502 4925 895 4995 ἀποτέμνουσι.
930 4899 1140 4994 Κρατεί
1184 4923 1370 4977 λοιπὸν
1399 4927 1428 4976 ὁ
1475 4899 1767 4979 Φιλιππικὸ

1907 4924 2022 4978 suis
2045 4899 2344 4992 imperator
2368 4917 2757 4986 metuit;nihil
2787 4915 2913 4970 inde
2945 4914 3186 4968 locorum
3219 4908 3296 4964 rei
3321 4922 3475 4963 nova:

221 5019 331 5086 ἐτη
352 5017 462 5073 δύο.
495 5016 661 5072 Ἀλλά
706 5018 798 5071 καὶ
831 5014 1023 5070 τοῦτον
1079 5015 1244 5071 πάλιν
1285 5016 1617 5082 εἰσελθόντες
1653 5017 1766 5072 τινὲ

1909 5014 2136 5085 percipit
2162 5031 2176 5082 ;
2216 5028 2326 5067 non
2369 5011 2586 5082 exiguis
2617 5007 2916 5065 contractis
2946 5005 3122 5076 c0piis
3145 5001 3470 5075 egreditur;

221 5111 341 5165 dub
364 5110 583 5182 Θρᾴκης
616 5109 962 5180 ἐκτυφλοῦσι.

1907 5107 2166 5176 Sinope!“
2199 5119 2370 5174 usque
2395 5103 2686 5174 pervenit;
2725 5101 2961 5161 classem
2992 5097 3288 5158 adventare
3335 5089 3470 5144 mari

221 5204 411 5259 cernit
432 5181 463 5270 ;7
493 5220 560 5259 eo
608 5218 736 5258 mox
789 5201 1179 5258 animadverso
1206 5200 1421 5271 Cpolim
1471 5199 1790 5255 revertitur.
1831 5198 2036 5254 Verum
2102 5195 2440 5266 Philippicas
2503 5193 2767 5263 princeps
2789 5190 2998 5262 regiam
3030 5195 3284 5254 occupat.
3316 5181 3470 5236 ideo-

224 5315 342 5372 que
412 5298 623 5353 tardius
671 5295 975 5352 adveniens
1044 5296 1390 5352 Justinianus
1436 5296 1492 5350 in
1545 5296 1868 5366 Damatryos
1908 5301 2124 5348 montes
2155 5307 2256 5352 suo
2285 5306 2344 5347 se
2378 5307 2502 5345 cum
2534 5289 2780 5348 exercitu
2832 5286 3051 5356 recipit.
3092 5283 3170 5337 Eo
3209 5279 3472 5347 Ριιὶιίιηιί-

225 5409 330 5448 cus
365 5390 626 5444 adversas
653 5389 838 5459 copias
862 5387 1568 5458 ablegat,quanustiniano
1599 5385 1794 5440 fraude
1834 5385 2214 5440 circumvento
2279 5383 2510 5438 victoria
2566 5381 2853 5452 potiuntur
2885 5380 3046 5446 eique
3079 5378 3243 5442 caput
3277 5367 3471 5438 prmci~

227 5491 391 5542 dunt.
433 5488 545 5543 Hoc
576 5489 719 5543 facto
756 5487 1038 5543 biennium
1066 5483 1408 5555 Philippicus
1438 5485 1712 5553 imperat;
1775 5495 1839 5538 ac
1877 5481 2120 5539 vicissim
2187 5495 2215 5534 a
2251 5478 2577 5550 quibusdam
2600 5518 2616 5544 ,
2663 5492 2694 5532 e
2759 5473 3010 5530 Thracia.
3040 5468 3134 5539 qui
3184 5474 3468 5524 venerant.

231 5582 410 5637 oculis
439 5580 727 5650 spoliatur.

307 5673 420 5725 Καὶ
466 5671 742 5742 βασιλεύει
775 5669 1060 5740 Ἀρτέμιος
1101 5671 1130 5723 δ
1181 5671 1275 5724 καὶ
1315 5667 1666 5732 Ἀναστάσιος
1711 5666 1807 5735 ἔτη

232 5765 352 5828 δύο,
381 5763 476 5816 καὶ
503 5762 642 5834 μετά
669 5761 859 5816 τοῦτον
901 5762 1181 5826 Θεοδόσιος
1225 5760 1334 5814 τῶν
1365 5760 1514 5815 κάτω
1553 5758 1652 5829 ἐτη
1693 5757 1808 5810 δύο.

240 5863 412 5920 Ουτος
448 5855 542 5908 καὶ
581 5856 729 5911 άκων
759 5853 951 5923 ἐξέστη
977 5855 1070 5926 τῆς
1095 5853 1374 5922 βασιλείας
1411 5852 1502 5906 καὶ
1531 5852 1651 5904 ἀντὶ
1678 5865 1811 5919 πορ-

1981 5659 2261 5716 Successit
2305 5657 2605 5723 Artemius,
2639 5658 3006 5725 cognomento
3037 5649 3383 5713 Anastasius,
3418 5663 3474 5708 et

1908 5752 2124 5808 duobus
2147 5751 2307 5805 annis
2329 5749 2638 5820 imperavit.
2663 5749 2800 5801 Eum
2831 5745 3159 5799 subsecutus
3183 5751 3266 5793 est
3296 5741 3474 5797 Tlteo~

1911 5844 2121 5910 dosius,
2157 5843 2322 5897 homo
2354 5840 2626 5912 plebeius,
2663 5837 2754 5909 qui
2789 5844 2843 5891 et
2874 5835 2987 5904 ipse
3033 5830 3313 5886 biennium
3345 5848 3472 5888 eum
