3794 6226
382 385 686 444 regnasset,
740 375 946 433 inritus
1004 381 1162 435 alteri
1219 382 1385 437 cessit
1437 397 1644 453 proque
1710 401 1951 456 purpura

381 467 585 536 pullam
614 477 818 523 vestem
850 471 1054 526 induit.
1088 472 1223 527 Nam
1263 474 1533 530 etiundns
1564 476 1765 532 Isauria
1813 477 1948 546 Leo,

377 561 470 626 qui
509 568 622 613 tum
671 563 940 630 patricius
974 573 1094 618 erat
1133 575 1190 621 et
1223 564 1465 623 Orientis
1514 568 1645 631 dux,
1685 570 1951 626 defectio-

379 666 501 704 nem
540 651 914 719 moliebatur;
954 671 1120 724 quam
1169 656 1237 711 ad
1287 673 1402 711 rem
1452 659 1629 715 virum
1679 661 1946 717 illustrem

378 743 617 799 habebat
665 746 1076 814 opitulatorem,
1106 749 1194 802 cui
1242 765 1441 804 nomen
1473 761 1590 804 erat
1618 752 1945 809 Artabasdo.

372 835 566 904 Illique
592 835 857 907 deinceps
889 854 1014 892 cum
1049 839 1284 910 adeptus
1315 852 1464 896 esset
1508 843 1824 912 imperium,
1852 860 1944 901 re-

373 929 775 983 munerationis
804 945 967 984 causa
999 929 1164 986 ﬁliam
1199 948 1354 987 suam
1387 934 1736 990 matrimonio
1776 950 1947 1008 copu-

370 1020 524 1075 lavit.
566 1021 706 1076 Ante
741 1032 1072 1091 occupatum
1115 1024 1408 1094 imperium
1450 1025 1676 1080 sordido
1703 1026 1942 1096 quodam

372 1113 592 1182 epilicio
643 1128 703 1168 se
745 1114 1020 1183 quondam
1069 1117 1320 1183 aluerat;
1350 1133 1458 1186 quo
1495 1129 1741 1187 tempore
1780 1135 1948 1189 quos-

375 1204 499 1257 dam
533 1205 585 1258 in
613 1204 832 1261 Judaeos
863 1205 931 1260 ad
961 1205 1166 1262 fontem
1197 1207 1456 1262 sedentes
1485 1209 1946 1273 incidit,asellum

373 1305 635 1350 onustum
671 1311 859 1367 agens.
903 1297 1104 1352 Verum
1150 1298 1241 1352 ubi
1295 1299 1493 1355 deinde
1539 1300 1946 1372 provinciarum

373 1387 718 1455 principibus
747 1387 1078 1441 innotuisset
1107 1402 1169 1441 ar
1206 1389 1538 1458 singularem
1567 1392 1736 1446 animi
1769 1390 1950 1450 decla-

369 1485 549 1531 rasset
575 1475 886 1549 audaciam,
919 1477 1180 1546 paulatim
1211 1479 1477 1547 patricius
1513 1479 1728 1544 iactus,
1764 1480 1945 1551 impe-

372 1576 525 1621 rator
554 1567 796 1634 denique
832 1567 1208 1624 renuntiatur.
1249 1567 1420 1639 Igitur
1460 1570 1550 1624 Itic
1594 1569 1728 1635 Leo,
1760 1572 1855 1642 qui
1889 1581 1946 1628 et

365 1657 612 1713 Cononis
663 1671 864 1712 nomen
915 1657 1133 1725 habuit,
1175 1675 1349 1716 annos
1397 1661 1467 1714 25
1519 1661 1830 1731 imperavit.
1868 1661 1945 1716 Ex

369 1753 603 1818 Isauria,
658 1767 761 1806 ceu
819 1751 1082 1818 diximus,
1126 1761 1306 1806 ortum
1355 1751 1591 1808 habebat
1657 1763 1712 1810 et
1773 1763 1945 1810 artem

367 1845 500 1907 olim
548 1845 827 1900 sordidam
881 1846 1172 1900 tractabat.
1216 1846 1466 1900 Cononis
1511 1846 1939 1918 appellationem

365 1937 418 1991 ei
453 1947 628 1990 mater
660 1936 956 2003 indiderat,
989 1953 1154 2007 quam
1179 1952 1399 2007 semper
1429 1953 1458 1992 a
1492 1952 1667 2008 puero
1697 1938 1948 1994 retinuit.

262 2063 271 2072 .
367 2027 522 2082 I'nde
553 2028 754 2083 factum
783 2037 844 2083 ut
876 2045 1002 2086 cum
1031 2039 1257 2086 sanctus
1287 2031 1378 2086 ille
1409 2030 1734 2091 Germanus,
1754 2030 1941 2086 Leone

365 2124 654 2190 pulverem
677 2124 1108 2194 oppugnationis
1138 2125 1438 2194 imaginum
1471 2127 1522 2178 in
1555 2125 1727 2178 altum
1753 2125 1945 2179 conci-

367 2223 544 2277 tante.
603 2227 853 2271 moneret
903 2217 1293 2285 imperatorem
1349 2217 1437 2272 his
1477 2218 1703 2274 verbis:
1755 2237 1772 2270 ι
1805 2217 1952 2273 Cave

1647 271 2063 332 MICHAELIS
2103 272 2360 334 GLYC.’E

3498 275 3581 338 524

1986 394 2028 448 Δ
2060 389 2238 457 φύρας
2288 389 2348 441 τὸ
2389 387 2560 460 μέλαν
2598 388 2939 458 ὴμφιάσατο.
2985 387 3043 442 Ὀ
3089 387 3194 458 γάρ
3248 387 3310 456 ἐξ
3347 385 3581 462 ἰσαυρίας

2055 480 2231 540 Λέων,
2271 485 2558 550 πατρίκιος
2586 479 2888 549 τηνικαῦτα
2917 479 2992 534 ὢν
3026 480 3118 534 καὶ
3151 481 3485 551 στρατάρχης
3505 483 3582 551 τῆς

2051 573 2150 639 ἕω,
2195 575 2394 645 μελετᾷ
2425 573 2566 629 κατά
2628 572 2910 627 Θεοδοσίου
2965 571 3324 636 ἀποστασίαν,
3354 569 3480 639 ἔχων
3522 574 3584 636 εἰς

2053 665 2211 718 τοῦτο
2241 667 2646 738 συμπράκτορα
2673 666 2766 719 καὶ
2797 665 2963 734 ἄνδρα
2991 663 3114 718 τινά
3138 664 3250 717 τῶν
3295 662 3584 730 περιδόξων,

2051 747 2096 824 ᾧ
2132 751 2199 827 ἦν
2225 758 2393 828 ὄνομα
2437 757 2832 828 ’Δρτάόασδος.
2857 750 2928 827 ᾯ
2955 756 3019 826 δὴ
3066 755 3158 810 καὶ
3188 753 3286 823 τὴν
3321 751 3474 809 αὐτοῦ
3510 754 3585 807 θυ-

2052 850 2259 920 γατέρα
2289 852 2455 919 χάριν
2503 848 2839 918 ἀνταμοιϐἧς
2878 846 3015 918 μετὰ
3067 846 3126 900 sb
3168 843 3586 915 κρατῆσαιδίδω-

2053 957 2159 1008 σιν,
2198 942 2246 994 si
2278 941 2373 994 καὶ
2402 941 2668 1011 βάναυσος
2709 941 2976 1011 πρότερον
2999 934 3089 1010 ἦν.
3134 937 3331 992 Ἦνίκα
3366 935 3466 1007 γὰρ
3495 940 3584 1002 τοῖς

2061 1029 2341 1092 Ἰουδαίοις
2371 1030 2578 1094 ἐκεῖνος
2609 1029 2828 1098 ἐνέτυχε
2867 1026 3020 1096 παρὰ
3067 1028 3250 1096 πηγῇ,
3277 1023 3584 1093 κατάφορτον

2051 1120 2295 1174 ἐλαύνων
2328 1119 2544 1190 ὀνάριον
2579 1114 2668 1192 ἦν.
2704 1119 2870 1172 Ἀλλά
2907 1119 3022 1181 τοῖς
3061 1118 3378 1187 χωράρχαις
3421 1132 3584 1184 γνωρι-

2053 1212 2226 1279 σθεὶς,
2269 1210 2566 1266 κάντεῦθεν
2594 1211 2656 1265 τὸ
2679 1209 3148 1280 τολμηροκάρδιον
3182 1208 3441 1277 ἐκφήνας,
3470 1207 3586 1260 κατὰ

2055 1304 2253 1375 μικρὸν
2301 1303 2593 1374 πατρίκιος
2646 1300 2973 1358 καθίσταται
3032 1298 3333 1355 κάντεῦθεν
3373 1298 3585 1368 βασιλεὺς

2051 1395 2468 1468 ἀναγορεύεται.
2523 1395 2735 1464 Κρατεῐ
2789 1394 2969 1448 τοίνυν
3007 1395 3035 1450 ὁ
3077 1394 3230 1452 Λέων
3257 1383 3409 1455 οὗτος
3449 1389 3476 1444 ὁ
3512 1390 3585 1442 καὶ

2048 1487 2239 1549 Κόνων
2289 1486 2386 1559 ἐτη
2421 1493 2529 1554 κγ’.
2562 1477 2730 1551 υῦτος
2753 1485 2814 1551 ἐξ
2839 1485 3116 1556 Ἰσαυρίας
3151 1483 3253 1554 μὲν
3286 1481 3516 1552 ὥρμητο,
3540 1479 3585 1533 τὸ

2048 1577 2391 1649 ἐπιτήδευμα
2437 1577 2494 1632 δὲ
2547 1577 2812 1648 βάναυσος
2853 1573 2942 1648 ἦν,
2985 1576 3172 1631 Κόνων
3219 1573 3275 1636 δὲ
3325 1572 3467 1642 παρά
3509 1571 3585 1639 τῆς

2055 1666 2260 1737 μητρὸς
2292 1664 2458 1719 αὐτοῦ
2485 1665 2740 1718 παιδόθεν
2770 1662 3184 1731 ἐλέγετο.⁹Ὀθεν
3219 1661 3316 1714 καὶ
3340 1658 3429 1712 τοῦ
3457 1657 3584 1725 ἁγίου

1982 1734 2025 1806 Β
2052 1734 2352 1829 τηνικαῦτα
2378 1755 2659 1826 Γερμανοῦ
2701 1755 2838 1826 πρὸς
2868 1754 3051 1820 αὑτὸν,
3087 1754 3253 1825 ἡνίκα
3280 1750 3378 1821 τὴν
3415 1749 3501 1818 τῆς
3528 1749 3586 1801 ei-

2057 1849 2388 1921 κονομαχίας
2429 1849 2585 1902 κόνιν
2638 1849 2718 1911 είς
2774 1846 2908 1914 ὕψος
2943 1847 3162 1899 πάντων
3220 1842 3489 1912 κατέχεεν,
3529 1841 3586 1892 sl-

2057 1923 2287 2003 ιιτόνειος⁹
2319 1958 2338 1992 ι
2388 1940 2481 2010 Μὴ
2519 1938 2716 2004 ταῦτα,
2751 1932 2796 1992 ὧ
2831 1937 3052 2008 βασιλεῦ
3075 1954 3089 1968 ο
3129 1935 3232 2007 τὴν
3264 1935 3372 2003 γάρ
3419 1936 3586 1986 οἰκονο-

2061 2033 2264 2102 μαχίαν
2309 2029 2491 2086 Κόνων
2520 2032 2728 2101 ἐγεῖραι
2762 2029 3003 2099 λέγεται,
3041 2047 3060 2080 ι
3089 2028 3197 2098 ἔφη
3221 2044 3237 2058 ·
3275 2044 3296 2079 ι
3340 2025 3470 2093 Ἐγώ
3493 2025 3582 2094 sip:

2052 2127 2080 2177 ὁ
2135 2125 2342 2188 Κόνων.
2383 2142 2401 2178 υ

1991 2227 2048 2272 tu
2097 2217 2240 2280 faxis
2281 2218 2418 2284 haec,
2472 2218 2794 2288 imperator,
2834 2214 3058 2286 quando
3121 2199 3371 2269 futurum
3431 2210 3583 2282 perltio

369 2307 532 2358 betur
573 2315 634 2361 ut
674 2309 1144 2379 oppugnationem
1199 2309 1500 2381 imaginum
1531 2309 1682 2365 Ceno
1741 2307 1965 2381 quidam
2009 2311 2351 2379 auspicetur,
2390 2329 2408 2362 ι
2443 2308 2556 2364 Leo
2587 2308 2832 2364 vicissim
2878 2321 2938 2362 se
2993 2306 3280 2362 Cononem
3315 2303 3457 2359 illum
3489 2315 3584 2357 esse

367 2402 754 2468 reapmnlcret.

441 2496 603 2565 281
639 2495 774 2549 Cum
813 2495 998 2550 adhuc
1021 2513 1230 2566 pauper
1253 2505 1421 2562 esset,
1448 2497 1651 2553 accidit
1686 2508 1744 2553 ut
1772 2495 1945 2552 Judaei

371 2588 622 2656 quidam,
661 2587 994 2642 vaticinandi
1040 2589 1235 2658 periti,
1291 2589 1532 2643 l‘utur-um
1588 2591 1951 2661 praedicerent

373 2692 433 2740 nt
467 2680 582 2750 ipse
603 2679 846 2748 imperio
877 2679 1171 2748 potiretur.
1207 2679 1339 2734 Nam
1384 2681 1436 2733 in
1465 2695 1560 2733 eos
1587 2681 1725 2735 forte
1756 2694 1950 2750 quem-

371 2777 493 2827 dam
544 2770 611 2824 ad
663 2770 871 2844 fontem
929 2770 1219 2835 inciderat,
1264 2771 1357 2825 ubi
1388 2786 1447 2826 se
1499 2772 1575 2838 ijlli
1619 2787 1686 2827 ex
1741 2772 1941 2836 itinere

375 2863 719 2927 recreabant.
748 2860 995 2931 Cumque
1021 2871 1367 2917 sacramento
1393 2862 1640 2918 adhibito
1664 2863 1941 2938 pollicitus

373 2955 570 3009 fuisset
615 2969 672 3008 se
708 2954 1083 3023 praedictionis
1119 2955 1284 3023 hujus
1320 2955 1539 3013 nomine
1591 2956 1829 3010 vicissim
1862 2956 1943 3023 eis

371 3046 810 3112 tneneiacturum,
829 3044 904 3100 illi
927 3053 1244 3116 exspectato
1271 3047 1682 3119 tempore,dum
1715 3049 1944 3118 imperio

374 3139 669 3210 potiretur,
701 3137 924 3192 tandem
957 3153 1083 3193 eum
1118 3149 1520 3206 convenerunt,
1549 3154 1611 3194 ac
1644 3140 1686 3194 si
1721 3139 1946 3210 quidem

361 3241 490 3288 tum
523 3231 619 3286 Dei
647 3239 760 3285 tum
791 3231 1026 3290 aliorum
1060 3241 1380 3286 sanctorum
1408 3229 1678 3300 imagines
1701 3247 1732 3285 e
1765 3232 1948 3286 medio

375 3324 614 3388 tolleret,
645 3323 1028 3392 posteritatem
1059 3321 1230 3392 ipsius
1266 3331 1411 3377 totos
1438 3321 1538 3376 100
1569 3337 1743 3386 annos
1773 3323 1949 3392 impe-

375 3418 458 3474 rio
521 3415 826 3486 potituram
887 3423 1248 3468 monuerunt.
1305 3414 1496 3483 itaque
1557 3422 1712 3469 tanto
1763 3414 1949 3470 studio

373 3507 596 3577 quidvis
649 3507 918 3561 adversus
963 3505 1234 3574 imagines
1268 3504 1495 3559 molitus
1531 3512 1635 3569 est,
1688 3513 1747 3558 ut
1781 3505 1947 3560 etiam

384 3612 638 3668 magnum
671 3597 823 3651 illum
856 3595 1226 3667 patriarcham
1255 3595 1726 3667 Germanum,qui
1759 3596 1950 3652 multis

374 3702 500 3742 cum
533 3701 600 3742 eo
645 3686 1087 3756 disceptavcrat,
1120 3688 1259 3743 solio
1297 3688 1571 3758 dejectum
1623 3688 1948 3758 expelleret.

326 3809 328 3813 -
375 3783 523 3836 Inter
551 3789 748 3835 caetera
784 3779 1090 3836 Germanus
1117 3779 1170 3833 in
1211 3780 1454 3834 medium
1487 3780 1804 3851 proferebat
1833 3780 1951 3836 etiis

374 3875 516 3945 giem
564 3871 778 3926 Domini
817 3887 916 3941 per
970 3869 1308 3926 Thaddaeum
1364 3871 1583 3941 Augaro
1627 3874 1852 3927 missam
1895 3882 1950 3928 et

375 3966 596 4032 Edessa:
627 3971 1035 4026 conservatam,
1063 3972 1326 4032 praeterea
1360 3964 1642 4023 memoriae
1674 3964 1948 4033 proditam

376 4058 444 4111 ab
471 4056 720 4127 apostolo
747 4055 891 4109 Luca
922 4053 1238 4124 imaginem,
1269 4069 1390 4122 quae
1413 4054 1641 4109 Romam
1667 4058 1734 4112 ad
1767 4056 1952 4112 Theo-

376 4147 587 4218 philum
655 4145 826 4200 missa
879 4145 1014 4210 fuit,
1069 4146 1198 4198 item
1243 4145 1483 4200 aheneas
1526 4147 1664 4203 duas
1711 4149 1948 4219 eiligies,

2112 2497 2304 2570 Τούτῳ
2341 2497 2420 2568 τῷ
2461 2496 2676 2567 βασιλεῖ
2700 2491 2942 2572 πενιχρῷ
2993 2492 3108 2552 over;
3150 2490 3288 2560 περὶ
3335 2489 3580 2560 βασιλείας

2048 2593 2308 2663 προεῖπον
2357 2589 2602 2644 Ἰουδαῖοι
2655 2587 2876 2659 μάντεις
2931 2583 3080 2646 τινὲς
3115 2581 3416 2645 ἐνωθέντες
3465 2579 3577 2649 αὐτῷ

2047 2682 2190 2744 κατά
2235 2682 2408 2751 τύχην
2451 2679 2508 2740 ἐν
2555 2697 2662 2733 τινι
2694 2680 2843 2750 πηγῇ
2880 2675 3201 2744 ἀναψύξεως
3232 2673 3393 2744 χάριν
3414 2687 3429 2704 ⁵
3455 2665 3572 2740 EN!

2048 2777 2142 2831 καὶ
2175 2773 2444 2842 ὑπέσχετο
2479 2769 2596 2842 μεθ’
2622 2772 2786 2842 ὅρκου
2822 2767 3164 2839 ἀμείψασθαι
3201 2766 3418 2828 αὐτούς.
3447 2764 3566 2818 Ὅθεν

2049 2867 2143 2919 καὶ
2194 2865 2533 2936 βασιλεύοντι
2596 2863 2747 2933 αὐτῷ
2785 2862 3095 2932 ἐπέστησαν
3147 2855 3323 2921 οὗτοι,
3377 2859 3568 2924 λέγοντες

2041 2961 2131 3013 ῦτι
2163 2959 2256 3011 ἐάν
2279 2959 2378 3028 τὴν
2411 2957 2596 3010 εἰκόνα
2625 2955 2718 3010 τοῦ
2763 2955 2900 3010 Θεοῦ
2931 2956 3026 3007 καὶ
3054 2953 3278 3012 πάντων
3310 2953 3414 3007 τῶν
3447 2949 3576 3017 ἁγίων

2050 3052 2114 3103 ἐκ
2154 3051 2317 3119 μέσον
2352 3049 2575 3119 ποιήσῃ,
2606 3047 2757 3100 ἔσται
2780 3047 3139 3116 τδσκῆπτρον
3171 3045 3341 3102 αὐτοῦ
3367 3039 3576 3112 διαρκοῦν

1972 3109 2016 3172 ‘c
2049 3141 2189 3198 κατὰ
2219 3140 2414 3210 γενεὰν
2442 3142 2521 3203 εἰς
2552 3139 2832 3202 ἐνιαυτοὺς
2861 3145 2930 3208 ρ’.
2973 3129 3144 3202 Οὗτος
3185 3137 3432 3191 τοσοῦτον
3471 3135 3576 3200 ἐμη-

2051 3230 2327 3299 χανήσατο
2363 3227 2502 3280 κατὰ
2530 3227 2635 3282 τῶν
2661 3226 2907 3290 είκόνων,
2940 3225 3015 3288 ὡς
3041 3225 3137 3280 καὶ
3161 3224 3261 3281 τὸν
3294 3224 3457 3294 μέγαν
3474 3219 3578 3288 Γερ-

2055 3322 2224 3390 μανὺν
2283 3319 2456 3373 πολλὰ
2505 3317 2893 3388 διαλεξάμενον
2955 3315 3215 3382 ἐκδιῶξαι
3262 3315 3356 3369 τοῦ
3403 3313 3578 3385 θρόνου.

2042 3406 2432 3488 ’Προύσάλλετο
2456 3414 2512 3467 δὲ
2542 3413 2570 3465 ό
2604 3413 2954 3485 πατριάρχης
2981 3412 3080 3484 τὴν
3119 3412 3208 3465 διὰ
3234 3408 3480 3467 Θαδδαίου
3506 3423 3578 3458 κυ·

2055 3506 2250 3579 ριακὴν
2281 3505 2595 3559 ἐκτύπωσιν
2624 3506 2759 3576 πρὸς
2794 3502 3048 3574 Δῦγαρον
3096 3501 3388 3556 σταλεῖσαν
3418 3497 3498 3552 καὶ
3530 3497 3579 3565 τῇ

2065 3599 2290 3669 Ἐδέσσῃ
2320 3595 2772 3667 ἐναποκειμένην.
2809 3596 2904 3660 Εἰς
2932 3597 3099 3666 μέσον
3119 3594 3176 3648 δὲ
3210 3593 3369 3663 ἔφερε
3405 3590 3488 3644 καὶ
3504 3587 3578 3656 τὴν

2051 3685 2204 3752 παρὰ
2258 3687 2446 3740 Λουκᾶ
2481 3685 2582 3755 μὲν
2635 3683 2732 3736 τοῦ
2782 3675 3086 3738 ἀποστόλου
3123 3679 3490 3751 ἱστορηθεῖσαν
3523 3675 3581 3724 εί-

2043 3782 2206 3845 ’κόνα,
2245 3780 2303 3832 ἐν
2333 3777 2524 3848 Ῥώμῃ
2552 3776 2609 3830 δὲ
2647 3776 2784 3845 πρὸς
2815 3774 3077 3844 Θεόφιλον
3108 3772 3416 3834 σταλεῖσαν,
3437 3763 3581 3820 ὡσαύ-

2053 3892 2161 3936 τως
2191 3851 2285 3927 acati.
2313 3871 2386 3925 τὰ
2421 3870 2515 3923 δύο
2553 3869 2732 3939 χαλκᾶ
2755 3867 3148 3937 ὲκτυπώματα,
3184 3864 3332 3933 άπερ
3359 3863 3391 3930 ἡ
3424 3856 3581 3927 αἱμορ-

2055 3964 2256 4036 ροοῦσα
2285 3965 2348 4018 ὲκ
2381 3961 2550 4017 πόθου
2589 3959 3028 4030 ἀνεστηλὼσατο,
3065 3952 3140 4012 ὧν
3170 3957 3234 4010 τὸ
3261 3955 3318 4010 ἓν
3346 3947 3580 4006 ἐπικλινὲς

2054 4035 2192 4126 πρὸς
2223 4057 2324 4126 γῆν
2355 4055 2436 4118 είς
2484 4051 2656 4107 τύπον
2707 4049 2878 4120 αὐτῆς
2915 4049 3012 4103 καὶ
3050 4050 3147 4120 τὴν
3197 4045 3440 4113 εὐλογίαν
3465 4035 3581 4126 napi!

2054 4125 2288 4215 θατέρου
2310 4145 2632 4216 δεχόμενον·
2662 4140 2761 4198 τοῦ
2810 4139 3049 4213 Χριστοῦ
3085 4139 3192 4209 γάρ
3223 4134 3313 4210 ἦν.
3359 4133 3478 4189 Τότε
3507 4125 3580 4182 καὶ

376 4253 513 4306 quas
531 4236 729 4290 mulier
751 4234 842 4289 illa
873 4235 1154 4304 sanguinis
1183 4235 1386 4292 ﬂuxum
1417 4252 1676 4308 perpessa
1709 4238 1947 4308 quodam

2057 4237 2356 4309 Γρηγόριος
2385 4237 2413 4290 ό
2447 4235 2636 4299 πάπας
2674 4232 2897 4303 Ῥώμης
2923 4230 3126 4302 γράφει
3169 4230 3308 4300 πρὸς
3339 4226 3421 4282 τὸν
3457 4223 3582 4290 βασι-

375 4345 444 4384 ex
477 4312 737 4400 singulari
763 4325 1043 4383 desiderio
1068 4327 1184 4382 fieri
1213 4330 1426 4382 curatit
1451 4337 1505 4384 et
1535 4331 1727 4386 erexit.
1749 4330 1947 4385 Earum

2057 4331 2151 4383 λέα
2178 4330 2384 4383 Λέοντα
2426 4327 2555 4398 περὶ
2600 4325 2712 4381 τῶν
2737 4325 2988 4378 είκόνων.
3037 4322 3198 4378 Ἀλλὰ
3248 4320 3337 4375 τὸν
3386 4314 3579 4371 Αἰθίοπα

379 4424 570 4478 altera.
599 4435 706 4490 qua
736 4419 853 4491 ipsa
887 4429 1338 4488 repraesentetur,
1359 4419 1424 4477 ad
1465 4429 1666 4476 terram
1696 4436 1754 4476 se
1780 4421 1947 4478 ﬂectit

2058 4421 2265 4491 σμῆξαι
2318 4418 2394 4490 μὴ
2422 4417 2674 4489 δυνηθεὶς
2706 4415 2834 4480 τοὺς
2874 4415 3076 4486 φόρους
3119 4413 3222 4483 τῆς
3259 4408 3474 4503 Ἰταλίας
3509 4401 3579 4503 καλ

377 4526 431 4566 οι
471 4516 539 4569 ab
589 4513 766 4584 eliigie
812 4513 1018 4570 Christi
1081 4513 1528 4572 benedictionem
1595 4513 1816 4584 accipit.
1869 4513 1947 4568 Eo

2066 4513 2288 4586 Ῥώμης
2337 4511 2580 4567 ἐκώλυσε
2605 4509 2880 4564 τελεῖσθαι
2925 4508 3062 4576 πρὸς
3103 4506 3200 4560 τὸν
3244 4501 3472 4576 βασιλέα,
3510 4493 3580 4549 καὶ

375 4617 624 4675 tempore
653 4606 953 4675 Gregorius
989 4620 1211 4676 quoque
1261 4621 1396 4675 papa
1431 4606 1712 4661 Romanus
1743 4606 1811 4665 ad
1843 4608 1947 4663 im-

2057 4607 2158 4676 τὴν
2191 4606 2322 4674 ὃλην
2351 4605 2408 4676 δὲ
2437 4602 2627 4676 χώραν¹
2648 4602 2828 4657 αὐτῶν
2857 4600 2959 4670 τῆς
2996 4598 3248 4670 ἐξουσίας
3273 4593 3460 4662 ταύτης
3479 4586 3581 4660 illa"

379 4711 686 4767 peratnrem
739 4698 981 4756 Leonem
1039 4700 1107 4754 de
1157 4699 1490 4768 imaginibus
1536 4699 1780 4769 scripsit.
1841 4697 1983 4754 Sed'
2061 4716 2251 4765 στησε.

377 4811 502 4849 ιιι-ιιι
529 4791 845 4860 Ethiopem
879 4792 1072 4849 eluere
1133 4808 1244 4855 non
1276 4799 1482 4860 posset,
1534 4791 1699 4848 Italiae
1735 4791 2034 4860 Romaeque
2072 4789 2360 4862 vectigalia
2401 4789 2728 4860 imperatori
2759 4787 2995 4861 amplius
3039 4785 3208 4859 pendi
3240 4783 3422 4848 vetuit,
3449 4775 3578 4834 adeo-

380 4904 486 4958 que
517 4898 686 4942 totam
718 4887 866 4946 illam
903 4887 1184 4957 regionem
1216 4883 1286 4937 ab
1320 4885 1424 4938 hoc
1451 4881 1689 4951 imperio
1727 4897 1957 4953 prorsus

450 4977 622 5044 Quam
667 4975 924 5046 nequiter
975 4990 1034 5030 se
1087 4975 1195 5028 Leo
1227 4974 1483 5043 gesserit,
1517 4974 1662 5028 inter
1709 4973 1814 5026 alia
1865 4973 1951 5030 vel

381 5072 606 5125 unicum
637 5068 740 5122 hoc
777 5065 1088 5134 exemplum
1121 5065 1500 5120 demonstrare
1532 5066 1755 5134 poterit.
1797 5064 1953 5120 Haud

381 5163 572 5234 procul
607 5177 634 5213 a
683 5159 808 5213 iano
844 5165 1047 5212 sancta:
1078 5157 1174 5213 1)ηεί
1214 5159 1496 5226 sapientia:
1534 5157 1818 5227 splendida
1851 5157 1954 5212 dOr'

384 5270 505 5309 mus
531 5262 650 5308 erat
677 5259 980 5314 exstructa,
1013 5264 1121 5319 qua
1149 5249 1413 5303 librorum
1457 5249 1746 5304 thesaurus
1775 5251 1957 5305 conti-

382 5351 640 5408 nebatur,
685 5355 917 5397 numero
949 5340 1171 5410 triginta
1199 5354 1294 5397 sex
1341 5339 1550 5393 milium
1595 5350 1647 5396 et
1680 5343 1956 5411 quingen-

384 5444 588 5489 torum.
625 5432 750 5488 Ηςιεο
783 5431 981 5487 domus
1008 5429 1292 5487 custodem
1331 5439 1386 5485 et
1420 5430 1738 5500 praefectum
1763 5446 1957 5501 quem.

383 5530 505 5582 dam
549 5528 805 5590 habebat,
837 5523 1016 5579 virum
1065 5523 1294 5578 omnino
1339 5525 1707 5579 venerabilem
1749 5540 1814 5580 ac
1861 5526 1960 5580 (lo-

386 5631 533 5676 clum
560 5639 572 5683 ;
601 5619 702 5674 sub
728 5633 839 5688 quo
865 5617 956 5670 alii
981 5615 1269 5672 duodecim
1295 5625 1470 5684 erant,
1498 5615 1811 5671 admirabili
1841 5617 1956 5672 vir-

391 5721 502 5778 tute
538 5728 599 5766 ac
631 5726 814 5766 rerum
846 5710 1162 5793 cognitione
1215 5717 1560 5792 praestantes,
1591 5708 1685 5788 qui
1728 5709 1956 5789 quosvis

1991 4882 2212 4937 avulsit.

2131 4974 2341 5044 Δεῖγμα
2363 4971 2420 5027 δὲ
2442 4971 2539 5042 τῆς
2565 4969 2661 5026 τοῦ
2683 4971 2912 5033 Λέοντος
2942 4968 3323 5044 κακοπραγίας
3347 4963 3466 5034 πρὸς
3489 4955 3575 5013 τοῖς

2061 5063 2244 5127 ἄλλοις
2277 5063 2374 5117 καὶ
2419 5062 2600 5119 τοῦτο.
2645 5062 2848 5130 Ἐγγύς
2896 5061 2991 5114 τοῦ
3023 5062 3285 5130 τεμένους
3329 5057 3418 5126 τῆς
3447 5051 3574 5118 ἁγίας

2060 5157 2153 5210 τοῦ
2185 5155 2322 5220 Θεοῦ
2359 5156 2557 5223 Σοφίας
2590 5150 2738 5216 οἶκος
2767 5153 3030 5224 δεδόμητο
3062 5151 3329 5222 λαμπρὸς,
3367 5150 3418 5201 ὲν
3510 5138 3571 5211 βί-

2065 5247 2182 5299 ϐλοι
2213 5239 2725 5318 τεθησαυρισμέναι
2750 5239 2914 5316 ἦσαν,
2947 5245 3036 5297 τον
3059 5243 3286 5314 ἀριθμὸν
3315 5238 3432 5296 ὡσεὶ
3457 5246 3572 5298 τρισ⁸

2067 5338 2263 5411 μύριαι
2284 5337 2649 5409 ἑξακισχίλιαι
2674 5335 2811 5408 πρὸς
2838 5333 3024 5398 ἄλλαις
3053 5331 3434 5391 πεντακοσίαις,
3454 5324 3573 5393 ἐχου-

2070 5448 2160 5485 σαι
2192 5431 2411 5500 φύλακά
2447 5449 2505 5484 τε
2536 5431 2631 5485 καὶ
2673 5429 3079 5499 προϊστάμενον
3121 5428 3284 5498 ἄνδρα
3328 5423 3480 5492 τίμιον
3505 5414 3570 5466 καὶ

2070 5525 2255 5594 σοφόν.
2286 5520 2468 5582 Ἦσαν
2501 5523 2560 5590 δὲ
2595 5523 2688 5577 κα)⁵
2740 5521 2832 5575 ὑπ’
2861 5520 3024 5575 αὐτὸν
3053 5520 3230 5590 ἕτεροι
3267 5515 3439 5584 ἄνδρες
3474 5507 3572 5560 θαν-

2071 5620 2289 5687 μαστοὶ,
2320 5617 2453 5671 ὡσεὶ
2489 5615 2578 5686 ιβ’,
2632 5613 2831 5686 ἀμισθὶ
2877 5615 3000 5678 τοὺς
3051 5613 3299 5674 θέλοντας
3339 5595 3568 5659 ἑκπσιδεύ-

2063 5728 2214 5777 οντες
2234 5728 2248 5745 ο
2290 5711 2546 5767 τοσοῦτον
2569 5711 2626 5766 δὲ
2655 5709 2753 5785 τὴν
2773 5709 2975 5782 ἀρετὴν
3003 5701 3141 5780 ἦσαν
3174 5701 3480 5777 περιώνυμοι
3508 5691 3566 5760 ὡς

3727 5757 3729 5876 l
