3794 6226
165 406 254 467 535

1359 416 1764 478 ANNALIUM
1800 417 1886 477 ΡΑ
1905 420 1997 477 IIS
2040 420 2129 480 IV.

3266 414 3365 475 5ὲὸ

164 521 241 571 καὶ
262 519 374 580 τοὺς
401 518 630 587 βασιλεῖς
661 523 827 592 μηδέν
856 542 907 577 τι
930 528 1191 596 πράττειν
1223 531 1351 583 ἄνευ
1389 531 1593 584 αὐτῶν.
1635 530 1692 583 Ὀ

1819 534 2003 603 ibsque
2032 532 2282 587 mercede
2308 549 2371 586 ac
2400 536 2622 601 praemio
2653 534 2960 602 disciplinis
2987 532 3214 599 eptimis
3240 546 3366 584 eru-~

162 609 276 677 γοῦν
317 610 565 674 κάκιστος
599 616 873 670 κοινοῦται
908 619 1004 671 καὶ
1039 621 1249 683 τούτοις
1302 621 1369 674 τὰ
1399 622 1495 690 τῆς
1524 606 1691 674 ἀθέου

161 702 360 772 γνώμης
391 704 574 769 αὐτοῦ,
604 707 697 761 καὶ
730 709 807 779 μὴ
836 710 975 779 ἔχων
1007 714 1359 776 καταπειθεῖς
1391 714 1573 781 εύρεῖν
1600 717 1695 767 αὐ-

162 796 268 855 τοὺς
295 793 419 864 ὕλην
454 800 817 870 περισωρεύει
862 804 1160 868 εύέξαπτον
1191 806 1378 876 κύκλῳ
1415 807 1509 860 τοῦ
1544 806 1688 861 θείου

161 885 293 949 ναοῦ,
335 885 559 958 καὶπῦρ
595 890 830 960 ὑφάπτει
883 894 1130 966 λιπαρὸν,
1185 899 1278 951 καὶ
1327 899 1505 953 πάντα
1551 900 1691 967 ὁμοῦ

163 976 493 1044 καταφλέγει,
517 979 641 1045 τούς
671 1000 731 1034 τε
762 983 941 1048 θείους
967 987 1210 1050 ἐκείνους
1238 988 1438 1060 ἄνδρας
1469 993 1562 1042 καὶ
1595 992 1693 1044 σὺν

161 1068 322 1130 αὐτοῖς
347 1070 441 1131 τὰς
473 1070 709 1141 βίϐλους.

161 1173 451 1217 coacervata
510 1163 697 1234 cingit,
741 1182 864 1237 qua:
938 1171 1117 1241 ignem
1165 1172 1323 1228 facile
1388 1173 1726 1244 conciperet.

161 1251 338 1315 exurit,
377 1263 483 1307 tam
515 1256 730 1313 divinos
760 1262 893 1317 istos
924 1262 1175 1321 homines
1202 1282 1364 1335 quam
1394 1266 1587 1321 libros.

222 1373 345 1425 Κατ’
368 1374 542 1428 ἐκεῖνο
568 1376 626 1430 δὲ
660 1379 854 1449 καιροῦ
890 1384 983 1434 καὶ
1034 1385 1289 1449 πλούσιός
1333 1406 1417 1451 τις
1447 1383 1517 1458 ἦν
1543 1388 1697 1457 ἐλεη-

169 1466 399 1532 μοσύναις
413 1470 544 1537 ὁμοῦ
572 1473 667 1524 καὶ
699 1475 983 1541 πορνείαις
1016 1480 1219 1545 συζῶν,
1246 1484 1344 1537 καὶ
1371 1482 1515 1536 οὕτω
1538 1500 1705 1541 κατα-

166 1559 388 1626 γηράσας
419 1561 678 1619 ἀπέθανε.
716 1566 931 1621 Γίνεται
962 1566 1058 1623 οὖν
1085 1572 1277 1636 στάσις
1316 1575 1446 1644 περὶ
1470 1575 1567 1626 τοῦ
1599 1574 1704 1625 ποῦ

162 1653 199 1737 ὀί
233 1646 457 1715 τοιοῦτος
486 1656 785 1712 τέτακταιο
837 1662 888 1713 ot
952 1662 1053 1731 μὲν
1081 1665 1188 1735 γὰρ
1234 1666 1421 1733 ἔλεγον
1474 1667 1709 1737 ἄμωμον

164 1736 284 1793 εἶναι
312 1742 388 1795 δεῖ
413 1744 511 1817 τὴν
539 1748 935 1823 ἐλεημοσύνην,
972 1756 1021 1807 οἱ
1052 1755 1108 1809 δὲ
1132 1758 1307 1828 ταύτῃ
1337 1736 1700 1828 καθαίρεσθαι

1801 620 2047 679 diebant.
2078 630 2253 695 Atque
2286 628 2481 680 horum
2512 626 2582 679 ob
2604 626 2860 680 virtutem
2893 637 3039 679 tanta
3072 622 3365 678 celebritas

1802 724 1944 778 erat,
1985 725 2043 767 ut
2087 731 2153 769 ne
2196 715 2299 782 ipsi
2347 714 2571 785 quidem
2626 714 2989 783 imperatores
3042 714 3247 782 aliquid
3299 712 3367 765 iis

1798 823 1908 861 non
1938 809 2207 862 Consultis
2233 806 2643 878 agerent.'Cum
2682 808 2768 860 his
2796 823 2927 877 ergo
2958 808 3039 860 vir
3068 806 3368 874 improbis-

1798 899 1972 953 simus
2004 899 2332 954 sententiam
2359 914 2514 955 suam
2544 899 2765 969 impiam
2802 900 3189 959 communie..t.
3220 914 3370 950 mun-

1799 1006 1907 1059 que
1954 1006 2144 1059 parum
2184 1006 2281 1045 eos
2342 991 2460 1046 suis
2514 978 2827 1045 rationibus
2883 991 3126 1045 tribuere
3175 994 3370 1060 depre-

1802 1081 2111 1144 henderet,
2145 1081 2392 1151 undique
2437 1080 2681 1136 divinam
2734 1082 2876 1136 hanc
2920 1085 3092 1136 sedem
3146 1082 3373 1135 matarie

1805 1174 1937 1229 Inde
1986 1173 2215 1245 pingues
2283 1174 2333 1228 ei
2380 1173 2529 1230 faces
2574 1172 2819 1244 subiicit,
2868 1172 3162 1241 omniaque
3210 1169 3374 1223 simul

1871 1383 2096 1440 Exstitit
2125 1382 2318 1438 iisdem
2351 1382 3026 1452 temporibusvirquidam
3057 1382 3373 1451 opulentus.

1800 1478 1896 1547 qui
1921 1485 1976 1529 et
2003 1474 2426 1530 beneﬁcentiam
2458 1474 2510 1527 in
2540 1488 2813 1543 pauperes
2837 1473 3061 1542 largiter
3089 1475 3378 1529 exercebat

1802 1580 1859 1624 et
1914 1569 2037 1637 plus
2087 1583 2247 1637 teque
2308 1566 2527 1621 deditus
2581 1576 2702 1620 erat
2768 1566 3226 1621 scortationibus.
3276 1567 3377 1623 Ubi

1804 1660 2210 1722 consenuisset,
2255 1659 2476 1713 tandem
2527 1667 2739 1713 natura:
2788 1658 3037 1712 debitum
3088 1658 3376 1727 persolvit.

1807 1757 1882 1810 Ibi
1926 1755 1994 1811 de
2035 1755 2139 1809 hoc
2187 1754 2321 1809 oriri
2380 1753 2751 1809 dissensiones
2782 1763 3092 1821 coeperunt,
3138 1768 3378 1822 quonartt

165 1834 219 1885 τὰ
246 1834 613 1936 ἁμαρτήματα
664 1841 1084 1915 διισχυρίςοντο.
1131 1852 1448 1921 Δεηθέντων
1481 1852 1574 1906 οὖν
1608 1854 1702 1907 τοῦ

1819 1847 2135 1903 referendus
2161 1855 2333 1901 esset.
2370 1845 2582 1915 Quippe
2614 1848 2862 1900 nonnulli
2910 1846 3133 1901 aiebant
3174 1845 3378 1901 beneﬁ-

164 1926 474 1996 πατριάρχου
497 1948 557 1982 τε
599 1932 881 2004 Ῥωμανοῦ
914 1940 1010 1993 καὶ
1041 1941 1150 1996 τῶν
1189 1942 1453 2011 θεοφιλῶν
1481 1946 1704 2000 ἐπισκό-

169 2017 377 2072 πωντοῦ
416 2020 552 2076 Θεοῦ
591 2029 722 2096 περὶ
768 2029 983 2096 τούτου,
1038 2036 1406 2108 ἀπεκαλύφθη
1461 2039 1568 2091 τινὶ
1618 2042 1707 2105 ἐγ-

166 2110 389 2183 κλείστῳ.
410 2115 589 2188 Ἐώρα
620 2119 730 2189 γάρ
760 2122 1012 2176 ἐντεῦθεν
1050 2127 1151 2195 μὲν
1180 2129 1539 2196 παράδεισον,
1567 2132 1709 2184 ἐκεῖ-

165 2200 241 2254 θεν
265 2205 315 2258 δὲ
352 2206 524 2276 φλόγα.
569 2213 745 2282 πυρὸς
781 2216 1069 2286 μεγίστην,
1108 2219 1272 2287 μέσον
1294 2221 1351 2275 δὲ
1388 2222 1481 2275 τὸν
1507 2224 1705 2276 ’τελευ-

168 2296 381 2363 τήσαντα
432 2301 651 2357 ἑστῶτα
708 2307 805 2360 καὶ
860 2308 1007 2376 μέγα
1063 2314 1430 2377 στενάζοντασ
1460 2314 1602 2383 πρὸς
1650 2315 1709 2368 ὃν

169 2388 368 2455 ἄγγελος
401 2393 577 2448 ἐλθὼν
607 2394 761 2450 εἷπε·
805 2419 824 2452 ι
862 2401 928 2454 Τί
963 2403 1107 2471 μέγα
1143 2406 1464 2471 στενάζεις-ς
1491 2410 1524 2477 ἠ
1552 2407 1709 2479 ἐλαι-ι

174 2484 349 2577 μρσύνη
389 2504 482 2539 σου
519 2491 792 2577 ἐρρύσατο
820 2514 878 2549 σε
911 2500 1009 2566 τῆς
1034 2500 1254 2568 φλογός.
1298 2520 1315 2553 ι
1348 2502 1710 2573 Μανθάνομεν

169 2571 245 2627 οὗν
272 2578 508 2633 ἐντεῦθεν
536 2584 622 2637 ὅτι
653 2573 714 2638 ού
746 2588 1005 2643 τοσοῦτον
1030 2592 1305 2661 ὠφελήσει
1342 2593 1401 2646 τὺ
1443 2593 1713 2663 ἀργύριον

172 2667 226 2722 ἐκ
254 2673 487 2744 ῥυπαρᾶς
537 2679 724 2748 χειρὸς
753 2681 1051 2749 διδόμενον.
1090 2684 1253 2738 ’Λλλά
1312 2687 1407 2739 καὶ
1450 2687 1638 2756 Ζήνων
1682 2686 1711 2738 ὁ

178 2760 410 2831 βασιλεὺς,
441 2770 518 2833 ὥς
548 2773 654 2825 πού
692 2792 881 2842 φησιν,
910 2776 1078 2846 ἐμίγη
1103 2779 1329 2845 γυναικὶ
1362 2778 1615 2850 παρθένῳ
1643 2772 1711 2849 ἧς

176 2856 202 2921 ἡ
253 2858 413 2931 μήτηρ
464 2862 541 2933 μὴ
595 2864 840 2935 φέρουσα
887 2868 947 2920 τὸ
981 2870 1200 2935 συμϐὰν
1252 2870 1352 2939 τὴν
1408 2870 1710 2940 ἀειπάρθε-

172 2963 246 2999 νον
287 2952 484 3009 ἱκέτευε
530 2959 795 3012 θεοτόκον
821 2961 1059 3023 ἐκτενῶς
1087 2961 1230 3015 ὥστε
1279 2961 1464 3015 λαϐεῖν
1495 2963 1715 3033 ἐκδίκη-

171 3054 257 3090 σιν.
281 3043 380 3097 Καὶ
406 3047 614 3116 ἤκουσε
648 3049 801 3113 θείας
821 3052 1035 3105 ἐκεῖθεν
1061 3053 1247 3122 φωνῆς
1276 3053 1425 3107 οὕτω
1446 3054 1713 3123 λεγούσης

174 3133 286 3200 πρὸς
316 3137 479 3208 αὐτήν
500 3157 516 3172 ο
552 3160 572 3191 ι
606 3141 846 3213 Θέλομεν
872 3146 1159 3213 ἐκδικῆσαι
1185 3164 1267 3211 σε,
1294 3141 1340 3201 ὦ
1365 3149 1526 3216 γύναι
1556 3165 1569 3181 ο
1598 3151 1713 3202 ἀλλ’

1808 1940 2047 1995 centiam
2084 1938 2249 2007 282
2297 1938 2351 1991 in
2390 1952 2666 2007 pauperes
2717 1948 2998 2007 expertem
3056 1938 3194 1992 labis
3242 1947 3299 1992 ct
3351 1956 3378 1990 a

1806 2032 1958 2087 vitiis
1999 2032 2300 2086 immunem
2334 2045 2455 2086 esse
2502 2030 2727 2085 debere.
2777 2031 2881 2085 Alii
2935 2040 3127 2085 contra
3159 2034 3377 2099 purgari

1806 2135 1863 2180 et
1890 2127 2103 2194 expiari
2149 2123 2351 2179 delicta
2379 2139 2476 2193 per
2507 2122 2651 2178 hanc
2696 2124 3115 2178 beneﬁcentiam
3167 2138 3383 2177 assae-

1809 2218 1960 2272 bant.
1981 2217 2162 2284 Quare
2185 2232 2309 2270 cum
2334 2217 2477 2270 hanc
2497 2216 2568 2270 ob
2596 2230 2814 2270 causam
2844 2216 3125 2269 Romanus
3152 2214 3383 2283 patriar-

1808 2309 1907 2363 cha
1932 2314 1989 2362 et
2020 2306 2262 2375 religiosi
2301 2306 2577 2360 antistites
2624 2307 2797 2360 Deum
2853 2315 3131 2375 rogarent,
3164 2305 3381 2359 tandem

1812 2399 2106 2469 patefactio
2139 2399 2387 2467 quaedam
2412 2398 2531 2453 viro
2562 2397 2616 2452 in
2650 2398 3003 2453 solitudinem
3042 2397 3227 2451 abdito
3256 2412 3387 2450 conv

1810 2492 1952 2563 tigit.
1990 2491 2204 2545 Etenim
2238 2490 2460 2544 videbat
2496 2492 2564 2545 ab
2599 2506 2705 2543 una
2754 2498 2909 2559 parte
2950 2489 3285 2558 paradisum,
3318 2488 3386 2541 ab

1814 2586 1986 2639 altera
2017 2584 2288 2638 ﬂammam
2320 2583 2461 2655 ignis
2492 2583 2807 2645 maximam,
2838 2582 2891 2635 in
2937 2581 3118 2636 medio
3150 2591 3387 2634 stantem

1813 2690 1877 2730 ac
1907 2675 2067 2731 valde
2099 2675 2544 2746 ingemiscentem
2572 2692 2695 2729 eum
2734 2675 2827 2745 qui
2859 2676 3025 2729 vitam
3065 2674 3390 2742 reliquera'.

1816 2770 1959 2823 Hinc
1985 2768 2241 2837 angelum
2278 2767 2658 2832 accedentem,
2692 2769 2783 2837 qui
2821 2768 3020 2821 talibus
3050 2767 3228 2833 ipsum
3264 2780 3390 2819 ver-

1814 2862 1901 2919 bis
1950 2861 2379 2930 alloqueretur:
2437 2880 2454 2912 (
2512 2860 2625 2915 Cur
2677 2868 2965 2925 tantopere
3029 2857 3394 2929 ingemiscis?

1817 2953 2177 3009 beneficentia
2212 2952 2265 3005 in
2298 2967 2567 3022 pauperes
2596 2961 2686 3005 tua
2716 2960 2767 3005 te
2797 2951 3034 3005 ﬁammis
3064 2953 3215 3005 hisce
3249 2950 3361 3003 libe

1817 3046 1979 3100 ravit.
2019 3066 2037 3097 ι
2084 3044 2158 3100 De
2188 3060 2298 3114 quo
2327 3044 2582 3114 exemplo
2610 3043 2878 3097 discimus
2905 3044 3194 3111 pecuniam
3225 3056 3389 3095 manu

1822 3138 2110 3208 inquinata
2152 3138 2528 3206 sordenteque
2567 3135 2822 3191 donatam
2876 3150 2984 3188 non
3043 3149 3218 3202 usque
3254 3135 3391 3186 adeo

169 3225 195 3291 ἡ
228 3226 359 3291 δεξιὰ
384 3233 599 3285 ἐκείνου
628 3235 851 3304 ποιῆσαί
888 3254 955 3306 με
986 3237 1161 3300 οὕτως
1204 3239 1305 3292 οὐκ
1348 3238 1567 3309 ἀφίησι.
1598 3260 1615 3293 ι
1654 3240 1710 3293 '0

1819 3230 2182 3301 largientibus
2236 3228 2607 3299 profuturam,
2640 3239 2701 3281 ut
2754 3225 3004 3280 nonnulli
3046 3225 3386 3281 existimant.

166 3314 212 3367 δὲ
248 3317 495 3388 Θεολόγος
544 3324 849 3395 Γρηγὸριος
895 3326 1034 3395 πρὸς
1064 3327 1356 3397 ἀκρίϐειαν
1403 3328 1715 3398 νομοθετῶν

167 3406 315 3471 οὕτως
342 3411 575 3500 εὓρηται
602 3416 777 3484 λέγων
795 3432 811 3448 ο
860 3435 878 3467 ε
917 3416 1191 3487 Μίσθωμα
1220 3418 1422 3490 πόρνης
1450 3420 1621 3488 ἁγνὸς
1650 3420 1713 3475 ού

171 3501 444 3568 μερίζεται.
480 3526 500 3558 ι

1819 3325 2013 3382 Itidem
2060 3323 2376 3393 accepimus
2420 3323 2696 3377 Zenonem
2761 3321 3147 3390 imperatorem
3190 3318 3388 3385 virgini

1820 3419 2040 3474 cuidam
2078 3417 2274 3472 vitium
2306 3417 2614 3481 obtulisse;
2648 3416 2806 3485 cujus
2852 3422 3027 3468 mater
3073 3412 3264 3481 iniquo
3300 3426 3392 3462 ra-

1819 3527 1941 3567 sum
1987 3511 2133 3564 hunc
2170 3510 2357 3563 animo
2401 3507 2603 3573 ferens,
2652 3508 3069 3563 continentibus
3116 3512 3394 3575 perpetua:

168 3592 229 3645 illi
266 3596 610 3667 Deiparchue
640 3599 846 3671 Virgini
887 3603 1144 3672 precibus
1177 3604 1593 3674 supplicaverit,
1649 3613 1709 3658 ut
1745 3603 1957 3658 facinus
1989 3604 2133 3658 istuc
2191 3601 2525 3671 impunitum
2566 3617 2670 3654 non
2742 3601 3103 3668 relinqueret.
3143 3598 3390 3651 Tandem

168 3687 224 3740 ab
244 3703 301 3744 ea
338 3692 582 3747 divinam
610 3696 903 3765 quamdam
936 3714 1153 3767 vocem,
1221 3700 1540 3770 huiusmodi
1608 3700 1777 3754 verba
1816 3699 2208 3769 proferentem,
2236 3697 2478 3752 auditam
2502 3712 2623 3752 esse
2654 3712 2665 3748 :
2703 3716 2721 3748 ι
2753 3698 3018 3766 Cupimus
3042 3710 3142 3749 nos
3169 3696 3391 3763 quidem

169 3780 399 3849 iniuriam
467 3788 569 3844 tibi
612 3788 810 3844 factam
874 3791 1113 3855 Ull'iSCi,‘
1151 3792 1373 3858 mulier,
1413 3806 1603 3846 verum
1635 3791 1877 3847 Zenonis
1909 3791 2101 3845 dextra
2143 3806 2245 3845 nos
2275 3789 2328 3844 id
2400 3789 2586 3844 facere
2618 3804 2963 3857 nequaquam
3015 3788 3166 3841 sinit.
3202 3806 3220 3838 ι
3255 3786 3391 3841 Gre-

167 3877 329 3941 gorius
372 3891 581 3940 autem,
624 3892 990 3951 cognomento
1046 3883 1394 3954 Theologus,
1450 3894 1737 3940 accuratas
1778 3875 1997 3954 pietatis
2065 3884 2213 3953 leges
2252 3882 2461 3944 ferens,
2494 3881 2697 3937 alicubi
2728 3882 2945 3936 locutus
2979 3881 3031 3934 in
3074 3881 3189 3935 lucc
3223 3881 3393 3935 verba

169 3970 452 4038 reperitur:
484 3964 511 4026 ι
553 3974 721 4040 Deus,
745 3973 840 4045 qui
876 3990 1047 4044 purus
1084 3985 1204 4043 est,
1241 3992 1349 4031 non
1390 3978 1510 4033 vult
1541 3978 1708 4033 scorti
1753 3978 2027 4033 mercedis
2052 3977 2333 4048 particeps
2367 3991 2509 4032 esse.
2550 3995 2568 4028 ι

236 4104 475 4175 Ἐγένετο
517 4108 579 4163 δὲ
614 4108 709 4161 καὶ
751 4108 810 4163 ἐν
840 4111 903 4181 τῇ
940 4108 1125 4183 Ῥώμῃ
1157 4110 1403 4167 τοιοῦτόν
1432 4130 1507 4165 τι.
1536 4114 1710 4167 Μονα-

1890 4113 2190 4167 Perliibent
2210 4114 2374 4168 etiam
2397 4111 2587 4167 Romae
2614 4110 2876 4181 quiddam
2913 4111 3226 4183 huiusmodi
3250 4112 3396 4167 acci-

168 4196 249 4263 κός
287 4217 368 4262 τις
411 4200 735 4273 ἀφορισθεὶς
783 4201 888 4256 ὑπὸ
941 4204 1246 4274 Γρηγορίου
1304 4205 1399 4259 τοῦ
1449 4204 1606 4258 πάπα
1642 4205 1710 4269 ὡς

1819 4203 1987 4259 disse.
2027 4204 2257 4270 Quidam
2306 4203 2568 4258 solitariae
2600 4203 2725 4257 vitae
2765 4211 3009 4258 sectator
3069 4218 3097 4255 a
3129 4201 3398 4273 Gregorio

169 4292 302 4358 παρὰ
348 4295 581 4364 γνώμην
619 4293 714 4346 τοῦ
754 4293 1058 4366 ἡγουμένου
1091 4296 1257 4349 αὐτοῦ
1308 4297 1403 4350 καὶ
1449 4296 1602 4367 παρὰ
1630 4297 1710 4350 τὸν

1820 4310 1958 4365 papa
1996 4297 2529 4358 exeommunicatus.
2566 4295 2746 4366 utqui
2803 4306 2996 4351 contra
3053 4296 3395 4353 voluntatem

169 4380 349 4453 θεσμὸν
372 4384 464 4439 τοῦ
499 4386 870 4456 μοναστηρίου
902 4386 995 4439 τοῦ
1031 4387 1196 4441 αὐτοῦ
1230 4388 1534 4460 Γρηγορίου
1564 4389 1710 4459 ποιήη

1824 4387 2073 4455 ρναεδὶάίε
2101 4398 2157 4441 et
2185 4389 2534 4456 praascriptas
2571 4388 2908 4442 monasterio
2938 4391 3086 4457 leges
3118 4404 3146 4441 a
3185 4388 3399 4457 Grego-

170 4494 253 4540 σας
279 4498 350 4540 τι,
385 4481 505 4550 μετ’
552 4480 738 4547 ὀλίγας
791 4480 1143 4549 ἐτελεύτησεν
1178 4483 1410 4553 ἡμέρας.
1443 4483 1622 4552 ’Θπερ
1662 4484 1710 4538 ἀ·

1825 4476 1910 4531 rio
1945 4478 2199 4533 nonnihil
2231 4478 2578 4548 deliquisset.
2617 4478 2811 4547 paucis
2843 4477 3042 4533 diebus
3090 4477 3401 4548 interjcctis

94 4588 97 4589 ν
170 4570 352 4632 statim;
382 4573 411 4625 ὁ
438 4572 628 4635 πάπας
659 4571 914 4642 μεγάλως
937 4571 1206 4643 ἐλυπήθη,
1253 4573 1385 4626 διότι
1418 4572 1663 4641 ἀπῆλθεν
1692 4574 1710 4626 ἐ

1831 4564 1994 4620 vitam
2045 4582 2171 4622 cum
2222 4578 2398 4623 morte
2450 4566 2831 4622 commutavit.
2896 4567 2971 4622 Ea
3027 4583 3086 4622 re
3147 4568 3398 4622 nuntiata

168 4662 376 4731 ἀδελφδς
441 4665 704 4733 ἐξαίφνης
744 4664 1027 4734 δεδεμένος
1068 4664 1164 4716 ὢν.
1222 4664 1335 4720 Καὶ
1396 4664 1617 4733 γράψας
1666 4666 1710 4717 ὲκ

1829 4676 2162 4731 magnopere
2192 4662 2488 4732 Gregorius
2517 4661 2774 4723 indoluit,
2795 4660 3019 4715 fratrem
3046 4661 3198 4714 illum
3232 4676 3261 4715 e
3288 4661 3398 4716 vita

170 4754 331 4830 χάρτῃ
380 4757 547 4828 εὐχὴν
578 4756 814 4812 λύουσαν
868 4756 978 4810 τῶν
1034 4757 1251 4824 δεσμῶν
1304 4757 1395 4810 τὸν
1451 4756 1727 4811 τεθνεῶτα

170 4846 317 4902 ἔδωκέ
343 4868 446 4904 τινι
472 4851 707 4921 διακόνῳ
732 4849 905 4904 είπών
928 4866 944 4881 ο
982 4869 1001 4902 ι
1043 4849 1283 4903 Ἀπελθε
1307 4847 1401 4902 ἐπὶ
1429 4849 1521 4903 τὸν
1556 4850 1727 4915 τάφον

169 4938 253 4992 τοῦ
283 4941 533 5011 ἀδελφοῦ,
594 4940 707 4995 Καὶ
743 4940 1018 5008 ἀνάγνωθι
1069 4941 1260 5009 αὐτήν.
1312 4957 1330 4991 ι
1362 4940 1472 4992 Καὶ
1524 4938 1723 4992 τούτου

171 5034 451 5102 γενομένου
483 5034 733 5104 θεωρεῖὸ
771 5033 1075 5103 ἡγούμενος
1119 5032 1241 5086 κατ’
1285 5031 1422 5101 ὄναρ
1451 5032 1543 5084 τὸν
1576 5030 1728 5084 ἀδελ-

173 5121 282 5190 φδν,
318 5125 411 5180 καὶ
434 5126 586 5194 λέγει
615 5124 763 5196 αύτῷ
785 5141 802 5158 ο
840 5144 858 5178 ι
893 5125 1085 5193 Λύπην
1109 5124 1324 5195 ἔχομεν,
1355 5122 1571 5191 ἀδελφὲ.
1602 5125 1731 5193 περὶ

176 5214 284 5281 σοῦ,
318 5216 398 5271 ὅτι
428 5218 709 5289 δεδεμένος
733 5218 1097 5289 ἐτελεύτησας
1116 5235 1129 5248 '
1168 5216 1290 5270 εἰπέ
1313 5215 1404 5269 οὖν
1436 5216 1568 5286 ἡμῖν
1614 5215 1726 5278 πῶς

172 5304 279 5375 ἔχει
310 5309 375 5363 τὰ
398 5312 538 5365 κατά
562 5327 657 5378 σε;
706 5312 803 5365 καὶ
826 5309 885 5372 ὃς
911 5309 1232 5379 ἀποκριθεὶς
1263 5305 1420 5361 εἶπεν
1441 5325 1455 5338 ο
1488 5306 1587 5360 ’ον
1600 5324 1726 5370 τως,

176 5398 361 5471 πάτερ,
418 5403 500 5464 εἰς
534 5402 782 5473 φυλακὴν
834 5403 982 5473 ἥμην
1032 5402 1141 5465 ἕως
1189 5400 1344 5470 χθές’
1399 5401 1639 5470 σήμερον
1671 5400 1730 5454 δὲ

174 5489 522 5563 ἁπολέλυμαι.
558 5515 576 5548 ι
610 5498 722 5551 Καὶ
746 5496 998 5565 ἐγνώσθη
1028 5498 1195 5549 πᾶσιν
1221 5496 1304 5549 ὅτι
1333 5495 1457 5549 καθ’
1484 5495 1551 5565 ἢν
1579 5496 1730 5565 ὤραν

177 5580 374 5651 ἀνέγνω
405 5587 433 5639 ὁ
472 5587 716 5653 διάκονος
743 5587 842 5658 τὴν
893 5589 1060 5659 εὐχὴν
1111 5588 1203 5640 ἐπὶ
1243 5588 1337 5641 τοῦ
1391 5588 1588 5653 τάφου,
1633 5588 1728 5640 τοῦ

178 5669 363 5741 δεσμοῦ
419 5678 740 5747 παραδόξως
769 5682 798 5734 ὁ
846 5680 1074 5749 ἀδελφὸς
1104 5679 1468 5750 ἠλευθέρωτο.
1499 5680 1640 5731 Ὀσα
1673 5678 1733 5732 δὲ

178 5757 388 5829 δύναται
415 5768 443 5820 ὁ
478 5771 625 5841 παρὰ
654 5770 763 5824 τῶν
797 5772 989 5843 ἱερέων
1013 5771 1355 5839 ἐπαγόμενος
1387 5770 1607 5840 δεσμὸς,
1637 5769 1734 5839 δῆ⁶

182 5847 264 5905 λον
299 5854 563 5918 ἐντεῦθεν.
609 5861 696 5917 Ἐν
732 5864 794 5934 τῇ
820 5863 1251 5933 ἐκκλησιαστικῇ
1292 5863 1529 5933 ’Ῑςτορὲᾳ
1560 5861 1729 5919 Φίλω-

1828 4754 2012 4809 subito
2040 4753 2305 4823 migrasse
2334 4755 2509 4810 sacris
2538 4754 2721 4809 adhuc
2743 4753 2983 4808 vinculis
3014 4755 3396 4811 constrictum.

1829 4843 2018 4913 Itaque
2052 4845 2312 4913 scriptam
2355 4844 2410 4898 in
2445 4844 2632 4898 charta
2666 4843 3064 4912 precationem,
3098 4859 3204 4913 qua
3254 4861 3405 4899 mor-

1832 4946 1985 4990 tuum
2019 4933 2256 4991 vinculis
2282 4935 2399 4989 istis
2427 4935 2714 5001 eximeret,
2744 4934 2999 4991 ministro
3027 4936 3245 4990 cuidam
3274 4952 3400 4991 cum

1830 5027 1984 5081 hisce
2016 5027 2202 5081 verbis
2250 5024 2511 5079 tradidit:
2562 5044 2579 5077 ι
2612 5024 2713 5080 Abi
2746 5024 2813 5079 ad
2849 5026 3161 5096 sepulcrum
3216 5027 3402 5085 fratris

1832 5119 2000 5182 illius,
2041 5130 2097 5172 et
2151 5118 2523 5187 precationem
2569 5117 2714 5172 hanc
2761 5116 2998 5188 pellege.
3035 5135 3054 5169 ι
3109 5118 3263 5183 Quod
3309 5119 3401 5172 ubi

1834 5214 2036 5269 factum
2091 5212 2320 5276 fuisset,
2386 5210 2709 5266 monasterii
2755 5225 2960 5279 praeses
3010 5225 3108 5280 per
3160 5210 3400 5278 quietem

1832 5303 2058 5365 fratrem
2108 5303 2259 5357 hunc
2320 5301 2611 5372 conspicit.
2655 5301 2778 5357 Mox
2832 5316 2957 5355 eum
3014 5299 3351 5369 compellans
3385 5341 3398 5358 .

1838 5416 1855 5448 ι
1890 5394 2006 5456 Tua
2045 5411 2212 5451 causa
2268 5396 2450 5452 mmsti
2505 5411 2727 5460 sumus,
2760 5412 2791 5450 ο
2843 5396 3033 5454 frater,
3097 5392 3195 5449 ait.
3254 5389 3402 5458 quod

1833 5489 2070 5544 vinculis
2114 5488 2288 5545 sacris
2338 5489 2539 5559 ligatus
2591 5487 2820 5542 obieris.
2866 5484 3229 5550 Quamobrem
3280 5482 3401 5542 dic,

1832 5579 2267 5642 obsecro,nobis
2292 5595 2530 5651 quonam
2563 5579 2618 5633 in
2654 5586 2799 5632 statu
2824 5584 2880 5630 et
2909 5571 3231 5629 conditione
3268 5570 3399 5625 sis.»

1833 5670 1972 5725 Tum
2022 5671 2112 5726 ille
2146 5675 2520 5741 respondens,
2566 5689 2582 5722 ι
2626 5668 2855 5729 Revera,
2906 5661 3106 5731 inquit,
3157 5676 3190 5716 o
3224 5670 3405 5729 pater,

1832 5763 1900 5818 ad
1931 5763 2251 5818 hesternum
2286 5778 2458 5832 usque
2485 5761 2631 5816 diem
2659 5772 2881 5815 carcere
2913 5753 3152 5825 quodam
3180 5754 3405 5809 clausus

1834 5858 1953 5916 fui:
1995 5872 2184 5913 verum
2226 5856 2391 5911 hodie
2421 5854 2636 5914 solutus
2690 5868 2751 5907 ac
2800 5850 2941 5909 liber
2978 5847 3158 5905 factus
3190 5860 3330 5909 sum.
3376 5866 3395 5903 ι
