3794 6226
151 457 247 519 529

1378 451 1651 511 ᾹΝΝΑΗ
1666 450 1788 511 ΗΜ.
1822 453 1901 510 PA
1918 457 2008 514 [{S
2050 457 2139 518 ιν.

3255 444 3359 505 530

149 567 307 628 ζῶντα
342 566 432 615 καὶ
461 561 762 632 ὀφθαλμοὺς
802 562 1100 633 ἐξορύττει,
1134 562 1229 616 καὶ
1262 564 1486 633 κράτωρ
1528 560 1681 627 αὖθις

1807 568 1957 619 iasda
2007 565 2268 627 conserit,
2322 564 2547 616 victoria
2610 563 2660 616 vi
2716 561 2940 632 potitur,
2993 559 3359 615 Artabasdum

147 653 551 710 ἀποκαθίσταται
602 654 628 705 6
684 652 931 724 δεύτερος
986 652 1152 714 ὅντως
1211 652 1540 716 ’ῐουλιανόςθ
1588 648 1688 708 ἀν-

150 747 376 816 θρώπους
420 747 513 799 καὶ
552 742 655 811 γὰρ
689 743 810 796 ἔθυε
837 747 900 814 τῇ
939 744 1252 817 ’Λφροδὶτῃ.
1286 744 1451 797 Ὅθεν
1492 747 1584 797 καὶ
1631 748 1688 798 ὲν

147 837 247 891 ταῖς
276 832 504 902 ἡμέραις
552 832 713 884 αὖτοῦ
758 835 1040 901 νοσήματα
1069 833 1281 901 χαλεπᾶ
1317 834 1455 886 κατὰ
1486 834 1689 904 θεομη-

147 926 248 977 νίαν
293 922 617 986 συνέϐαινον,
648 923 941 976 κάντεῦθεν
993 922 1283 976 θανατικὸν
1336 922 1557 991 γέγονεν
1592 925 1689 996 ἀρ-

146 1020 309 1085 ρητον.
340 1015 516 1085 Φθορά
561 1014 667 1083 γὰρ
722 1016 1021 1085 ἀνθρώπων
1072 1014 1372 1084 τηνικαῦτα
1422 1016 1690 1069 ἐπέπεσεν

146 1110 285 1161 ὁποία
331 1108 393 1177 δὴ
443 1109 537 1159 καὶ
580 1109 635 1159 ὲν
682 1110 799 1170 ταῖς
834 1108 1065 1177 ἡμέραις
1116 1109 1497 1160 Ἰουστινιανοῦ
1528 1124 1541 1139 ’
1575 1108 1691 1159 ὀλό-

146 1198 313 1265 κληροι
362 1196 469 1265 γὰρ
523 1196 877 1264 ἐκλείσθησαν
926 1193 1083 1250 οἶκοι.
1120 1196 1281 1249 Ἀλλὰ
1334 1197 1691 1265 καῖ’δείματα

148 1288 332 1357 φοόερὰ
360 1288 545 1356 ἑώρων
570 1288 617 1339 οἱ
655 1287 962 1354 ἄνθρωποιο
990 1290 1063 1351 ὡς
1099 1291 1154 1341 ὲν
1184 1290 1436 1343 ἐκστάσει
1459 1289 1553 1341 καὶ
1584 1288 1691 1358 γὰρ

146 1380 393 1447 γινόμενοι
439 1381 655 1433 ἐδόκουν
708 1382 1064 1449 ἐντυγχάνειν
1114 1382 1341 1453 ἀνδράσι
1375 1382 1486 1434 τισὶ
1535 1382 1693 1449 βρια-

151 1476 261 1540 ροῖς.
302 1472 430 1523 Τότε
484 1474 576 1524 καὶ
625 1472 795 1541 ψῦχος
851 1472 1061 1539 γίνεται
1122 1471 1263 1541 μέγα
1320 1475 1414 1525 καὶ
1475 1475 1690 1540 πικρῖν,

149 1567 264 1619 ὥστε
316 1570 406 1620 καὶ
453 1567 549 1637 τὴν
597 1567 849 1637 ἀρκτῴαν
895 1566 990 1619 τοῦ
1043 1567 1243 1618 Πόντου
1285 1564 1554 1634 παράλιον
1602 1564 1693 1615 ἐπὶ

153 1660 281 1728 μίλια
326 1667 370 1728 ρ’
415 1659 821 1728 ἀπολιθωθῆναι
865 1659 924 1712 τδ
966 1658 1201 1724 πέλαγος
1249 1658 1312 1709 ὲκ
1342 1656 1434 1709 τοῦ
1469 1656 1689 1726 κρύους,

151 1752 215 1809 εἰς
266 1749 317 1801 δὲ
368 1748 530 1817 βάθος
591 1750 681 1801 ἐπὶ
734 1748 934 1817 πήχεσι
985 1748 1051 1813 λ’,
1084 1747 1111 1799 ὃ
1164 1745 1259 1798 καὶ
1323 1743 1689 1813 ὲπιχιονισθὲν

152 1840 333 1911 ηὐξήθη
388 1842 583 1911 πήχεις
636 1840 855 1910 ἐτέρους
916 1836 985 1895 κ’.
1034 1839 1189 1893 Κατὰ
1246 1837 1302 1890 δὲ
1367 1836 1514 1905 μῆνα
1560 1835 1693 1887 Φεϐ-

156 1934 376 2003 ρουάριον
420 1935 499 1994 εἰς
540 1932 772 2001 διάφορα
826 1932 1094 2002 τμήματα
1141 1927 1411 1999 διαιρεθὲν
1457 1926 1552 1980 ἐπὶ
1599 1926 1697 1996 τὴν

154 2025 282 2078 πόλιν
310 2025 477 2094 αὐτὴν
510 2025 607 2077 καὶ
637 2023 797 2094 μέχρι
818 2022 919 2094 τῆς
962 2021 1187 2076 Ἀϐύδου
1229 2020 1523 2091 κατῆλθεν.
1574 2017 1697 2088 ἔχον

154 2124 199 2171 ἑν
226 2116 389 2187 ἑαυτῷ
442 2121 536 2171 καὶ
586 2118 700 2182 ζῶα
758 2116 1054 2181 πάμπολλα
1103 2113 1458 2185 πεπηγμένα.
1503 2111 1637 2164 Τότε
1670 2110 1699 2161 6

157 2209 300 2262 θέλων
352 2210 727 2279 πεζοπορῆσαι
776 2210 883 2261 ἀπὸ
930 2207 1279 2277 ἀκροπόλεως
1316 2206 1398 2268 είς
1447 2202 1697 2273 Χρυσοθ-

158 2301 286 2353 πολιν
324 2300 422 2353 οὐκ
464 2299 759 2354 ἐκωλύετο.
795 2299 928 2354 Τότε
967 2299 1056 2352 ὑπ’
1090 2298 1270 2353 αὐτῶν
1301 2298 1698 2367 συντριϐόμενα

156 2392 211 2444 τὰ
242 2393 383 2463 τείχη
422 2392 679 2461 μεγάλως
719 2391 1069 2462 ὲδονὴθησαν.
1105 2391 1238 2445 Τότε
1276 2390 1341 2460 ιβ’
1378 2389 1694 2459 νομίσματα

158 2484 341 2552 ἐπράθη
368 2486 393 2537 6
424 2484 611 2552 μόδιος
655 2486 687 2553 ἡ
741 2484 928 2553 κριθή.
964 2484 1099 2536 Τότε
1131 2483 1229 2551 τῆς
1266 2483 1408 2535 κατὰ
1440 2482 1697 2535 Μεσοπο-

158 2576 329 2642 ταμίαν
376 2575 477 2643 γῆς
520 2573 836 2644 σχισθείσης
888 2574 1111 2643 ἡμίονος
1158 2571 1381 2639 ἀνεδόθη
1425 2570 1701 2639 πολεμίων

160 2665 314 2733 ἔφοδον
345 2666 665 2737 ἀνθρωπίνῃ
714 2668 864 2736 φωνῇ
920 2664 1390 2734 προσημαίνουσα.
1435 2664 1545 2715 Καὶ
1577 2662 1699 2713 τότε

162 2758 371 2829 Νικὴτας
415 2776 499 2822 τις
541 2758 817 2828 εὐνοῦχος,
850 2757 917 2811 τὰ
963 2756 1157 2826 πρῶτα
1190 2757 1371 2825 φέρων
1417 2755 1569 2823 παρὰ
1622 2753 1700 2823 τῷ

166 2850 483 2919 Κοπρωνύμῳ
504 2890 521 2914 ,
548 2849 715 2919 μηδὲν
744 2849 870 2902 ἄλλο
900 2849 1053 2911 εἰδὼς
1088 2848 1120 2918 ἢ
1152 2847 1351 2901 ἐσθίειν
1378 2846 1472 2900 καὶ
1501 2847 1697 2910 πίνειν,
1734 2882 1735 2885 η

162 2945 508 3010 χειροτονεῖται
562 2941 929 3013 πατριάρχης.
969 2934 1136 3001 Οὗτός
1185 2956 1315 2993 ποτε
1351 2939 1411 2990 τὸ
1451 2939 1701 3005 Εὐαγγέ-

161 3031 256 3084 λιον
303 3035 689 3102 ἀναγινώσκων
743 3037 799 3087 ἐν
848 3032 926 3104 τῷ
980 3030 1174 3099 κελλίῳ
1226 3026 1413 3094 αὐτοῦ,
1445 3032 1565 3083 ἀντὶ
1607 3027 1701 3082 τοῦ

161 3125 309 3179 εἰπεῖν
342 3129 401 3179 ἐκ
431 3127 528 3181 τοῦ
574 3126 716 3179 κατὰ
746 3125 1042 3189 Ματθαϊον,
1082 3141 1101 3175 ‹
1135 3123 1231 3176 Ἐκ
1257 3121 1349 3176 τοῦ
1382 3121 1525 3177 κατὰ
1552 3122 1705 3174 Matt:-

1793 660 1975 712 vivum
2042 659 2210 727 capit,
2265 657 2455 709 oculos
2509 655 2688 709 eidem
2749 655 2915 716 eruit,
2966 668 3145 721 eoque
3200 659 3361 719 parto

1793 767 1987 818 reapse
2012 750 2268 804 Julianus
2298 747 2433 800 alter
2468 745 2755 813 imperium
2790 752 3104 812 recuperat.
3138 742 3363 797 Solebat

1789 843 1936 896 enim
1965 852 2020 895 et
2052 842 2168 909 ipse
2196 840 2391 895 Veneri
2426 839 2663 893 victimis
2692 837 2949 889 humanis
3000 836 3179 889 litare.
3216 833 3361 899 Qua-

1792 944 2015 1003 propter
2066 948 2132 986 eo
2184 942 2445 1002 regnante
2503 930 2608 982 diri
2663 928 2884 997 quidam
2939 925 3113 978 morbi
3163 941 3228 978 ex
3280 925 3360 978 ira

1792 1028 1976 1081 divina
2020 1025 2222 1095 passim
2253 1023 2481 1091 grassati
2520 1031 2669 1081 sunt,
2700 1019 2951 1085 adeoque
2982 1018 3151 1085 pestis
3175 1015 3363 1069 ineffa-

1793 1119 1931 1171 biles
1977 1118 2259 1170 hominnm
2317 1115 2503 1183 copias
2565 1112 2807 1172 sustulit,
2860 1122 3208 1178 nequaquam
3273 1106 3364 1159 illa

1795 1209 1975 1263 minor
2019 1225 2138 1279 quae
2191 1207 2485 1261 Justiniani
2534 1204 2879 1271 temporibus
2945 1200 3189 1254 exstitit:
3240 1212 3363 1250 nam

1795 1303 1992 1356 domus
2050 1300 2275 1368 integrae
2327 1313 2556 1367 prorsus
2596 1294 3051 1349 occludebantur.
3100 1289 3367 1343 Praeterea

1794 1408 1852 1447 se
1904 1392 2355 1446 terriculamenta
2405 1388 2650 1456 quaedam
2713 1384 2988 1439 horrenda
3044 1378 3367 1435 mortalibus

1798 1484 2127 1541 oll‘erebant.
2178 1498 2300 1536 cum
2356 1480 2423 1535 de
2476 1487 2745 1548 potestate
2800 1477 3018 1533 scilicet
3062 1471 3268 1541 egressi
3313 1478 3370 1523 et

1796 1584 1947 1629 extra
1972 1589 2030 1628 se
2051 1574 2185 1642 rapti
2216 1582 2470 1641 putarent
2498 1573 2550 1625 in
2584 1571 2831 1624 homines
2860 1584 2916 1622 se
2945 1565 3175 1620 terribili
3213 1564 3367 1617 vultu

1800 1666 2054 1735 praeditos
2099 1665 2359 1718 incidere.
2404 1664 2559 1718 Tunc
2604 1663 2672 1717 ‘et
2735 1662 2927 1729 ingens
2996 1658 3370 1723 acerbumque

1796 1755 1935 1809 adeo
1966 1754 2137 1824 frigus
2165 1756 2465 1817 exstitit,ut
2492 1770 2521 1807 a
2557 1752 2707 1821 ponti
2756 1761 2909 1821 parte
2946 1746 3368 1818 septentrionali

1798 1862 1907 1916 pra:
1946 1846 2148 1915 frigore
2182 1848 2465 1916 glacieque
2498 1845 2721 1914 pelagus
2766 1844 2832 1897 ad
2862 1851 3082 1897 centum
3114 1857 3141 1892 a
3182 1838 3369 1892 littore

1801 1938 2057 1993 milliaria
2090 1939 2477 2009 lapidesceret,
2524 1939 2679 2008 cujus
2710 1935 2903 2005 glaciei
2950 1930 3224 1987 crassities
3270 1928 3373 1981 tri-

1800 2030 1947 2101 ginta
1980 2030 2196 2085 cubitos
2227 2018 2765 2098 mquabat.Cumque
2804 2025 2953 2093 larga
2987 2021 3247 2087 deinceps
3278 2018 3373 2071 nix

1801 2140 1964 2192 supra
1992 2123 2221 2193 glaciem
2254 2121 2396 2175 hanc
2424 2120 2640 2190 delapsa
2673 2118 2888 2179 fuisset,
2916 2114 2980 2169 ad
3011 2113 3151 2167 alios
3177 2109 3373 2180 viginti

1802 2213 2021 2267 cubitos
2065 2227 2130 2265 ea
2163 2211 2439 2266 crassities
2470 2208 2735 2264 excrevit.
2786 2203 3030 2260 Tandem
3068 2198 3374 2257 Februario

1804 2320 1994 2359 mense
2030 2302 2234 2373 glacies
2264 2302 2479 2356 diversa
2538 2300 2592 2353 in
2644 2297 2913 2367 fragmina
2959 2294 3171 2349 divulsa
3201 2303 3376 2357 usque

1801 2398 1869 2453 ab
1904 2396 2095 2451 urbem
2124 2396 2296 2463 ipsam
2327 2402 2381 2447 et
2406 2393 2657 2463 Abydum
2695 2391 2873 2444 delata
2902 2396 3001 2441 est.
3038 2388 3096 2439 In
3129 2385 3195 2439 iis
3224 2384 3376 2450 frag-

1804 2491 2045 2546 minibus
2084 2497 2200 2543 erat
2232 2487 2417 2543 videre
2455 2485 2770 2555 complures
2802 2482 2924 2551 gelu
2983 2480 3236 2533 astrictas
3286 2474 3380 2528 be-

1803 2585 1958 2639 stias.
1980 2580 2185 2647 Quodsi
2219 2580 2343 2648 quis
2377 2578 2445 2633 ab
2473 2592 2598 2631 arce
2629 2572 3013 2645 Chrysopolim
3048 2584 3221 2638 usque
3253 2580 3380 2636 pro-

1805 2675 1972 2730 ficisci
2008 2673 2174 2743 pedes
2208 2670 2448 2745 volebat,
2479 2669 2705 2723 omnino
2742 2666 2794 2719 id
2826 2665 3005 2719 facere
3037 2661 3185 2715 nulla
3216 2660 3382 2726 impe-

1803 2768 1954 2823 ditus
2006 2782 2065 2819 re
2114 2772 2345 2834 poterat.
2402 2762 2576 2830 Atque
2626 2760 2743 2813 haec
2806 2755 3073 2825 fragmina
3116 2752 3169 2807 in
3226 2749 3381 2804 urbis

1805 2874 1993 2914 muros
2026 2857 2263 2926 impacta
2302 2853 2659 2907 vehementer
2686 2864 2782 2905 eos
2813 2852 3225 2903 succusserunt.
3268 2841 3381 2895 Eo-

1805 2951 1931 3005 dem
1967 2948 2321 3017 Copronymo
2359 2944 2667 3013 imperante
2704 2939 2921 2994 modius
2957 2936 3148 2991 hordei
3188 2934 3252 2987 l2
3281 2947 3383 2986 au-

1806 3043 1917 3097 reis
1942 3041 2133 3096 veniit.
2178 3037 2428 3106 Cumque
2461 3044 2607 3089 terra
2651 3031 2969 3086 dehisceret
2996 3029 3049 3082 in
3078 3028 3385 3093 MeSOpota-

1808 3134 1940 3197 mia,
1978 3131 2159 3185 mulus
2185 3126 2353 3190 exiit,
2392 3126 2742 3191 humanaque
2799 3134 2933 3175 voce
2959 3128 3246 3173 secuturos
3289 3116 3386 3168 ho-

160 3211 306 3279 Oii’ov,
345 3235 362 3268 ι
402 3215 769 3286 ἐξεφώνησεν.
808 3215 924 3282 Ἐφ’
966 3207 1009 3279 ᾦ
1058 3213 1151 3266 καί
1186 3229 1271 3274 τις
1302 3211 1409 3264 τῶν
1440 3228 1701 3281 παριστα-

1810 3224 1975 3278 stium
2007 3223 2262 3275 incursus
2283 3213 2813 3273 denuntiavit.Tunc
2837 3220 2891 3267 et
2919 3211 3137 3266 Nicetas
3158 3207 3383 3277 quidam

162 3306 313 3373 μένων
344 3303 486 3360 εἶπεο
528 3327 548 3359 ‹
580 3308 673 3376 Μὴ
704 3307 901 3375 διαίρει
948 3304 1048 3374 τὴν
1087 3322 1142 3357 αι
1191 3302 1526 3371 δίφθογγον.»
1561 3300 1701 3371 Πρὸς

158 3396 205 3447 ὃν
234 3400 421 3462 ἐκεῖνος
477 3400 586 3467 ἔφη
653 3398 788 3467 μετὰ
819 3396 990 3467 θυμοῦ
1023 3411 1037 3425 ⁸
1090 3413 1110 3445 ι
1146 3395 1406 3463 Φ).υαρεῐς
1432 3412 1444 3424 ⁸
1478 3394 1547 3448 τά
1593 3394 1702 3462 γὰρ

164 3488 399 3559 ὃίφθογγα
428 3492 525 3544 καὶ
561 3490 867 3559 τρίφθογγα
901 3489 1071 3542 πολλά
1103 3490 1250 3559 μισεῖ
1279 3489 1311 3557 ἡ
1345 3487 1491 3557 ψυχή
1527 3504 1651 3556 μου.
1678 3505 1696 3538 ι

169 3582 217 3635 ’0
242 3584 291 3635 δὲ
318 3585 581 3654 τύραννος
637 3584 742 3636 ἀπὸ
798 3582 1155 3652 ἐκστρατείας
1206 3578 1567 3648 ὑποστρέφων
1608 3579 1706 3630 ἀν-

162 3672 425 3744 θρακοῢται
458 3676 527 3727 τὰ
564 3673 751 3743 σκέλη,
785 3673 881 3725 καὶ
919 3672 1047 3740 περὶ
1088 3671 1148 3724 τὸ
1217 3669 1549 3740 στρογγύλον
1581 3668 1706 3738 θνή-

163 3781 261 3817 σκει
307 3766 485 3835 λάϐρῳ
521 3764 741 3835 πυρετῷ
777 3763 1075 3832 συσχεθεὶς,
1101 3761 1259 3815 τοῦτο
1289 3761 1382 3816 καὶ
1419 3760 1577 3830 μόνον
1615 3761 1706 3813 ἐπὶ

161 3853 344 3917 τούτοις
394 3854 588 3917 εἰπὼν,
631 3854 850 3906 eum
886 3852 1131 3921 ἀσόἐστῳ
1166 3852 1298 3920 πυρὶ
1344 3850 1707 3922 παραδίδομαι

161 3943 235 3997 διὰ
280 3947 372 4013 τὴν
429 3945 683 4015 Μαρίαν·
726 3944 840 3995 ἀλλ’
872 3943 976 3995 ἀπὸ
1020 3940 1114 3993 τοῦ
1163 3940 1256 3994 νῦν
1310 3940 1581 4007 τιμάσθω.
1620 3939 1709 3991 Γί-

161 4052 313 4089 νωσκε
342 4037 417 4102 δὲ,
449 4037 730 4105 ἁγαπητὲ,
764 4037 846 4088 ὅτι
901 4033 1071 4086 πολλὰ
1099 4032 1194 4086 καὶ
1234 4032 1497 4095 πολλάκις
1546 4032 1710 4100 ζητή-

162 4143 331 4190 σαντες
378 4129 499 4182 ὃθεν
552 4129 753 4189 ἐκεῖνος
812 4126 1016 4197 ἐκλήθη
1079 4124 1492 4196 Κοπρώνυμος,
1553 4122 1708 4175 οὐδὲν

160 4218 272 4272 ἄλλο
303 4221 331 4288 ἦ
366 4223 523 4274 τοῦτο
558 4220 716 4293 μόνον
744 4218 997 4288 εὕρομεν.
1028 4218 1195 4289 Χὼρα
1220 4218 1301 4279 τίς
1331 4220 1445 4270 ἐστι
1482 4217 1710 4270 Κάδαλα

162 4311 285 4364 οὕτω
309 4313 597 4382 λεγομένη.
631 4312 693 4363 Ol
728 4306 819 4363 οὖν
866 4311 1079 4363 ἐκεῖθεν
1119 4311 1431 4380 ὁρμώμενοι
1468 4308 1710 4361 Καόαλῖ-

164 4421 231 4456 νοι
276 4408 484 4468 πάντως
528 4403 795 4472 ἐλέγοντο.
836 4402 1080 4455 Ἐκεῖθεν
1126 4403 1219 4454 οὖν
1265 4402 1359 4454 καὶ
1411 4401 1570 4463 αὐτὸς
1612 4401 1710 4469 τὴν

163 4496 394 4566 γέννησιν
440 4499 664 4567 ἔσχηκε,
699 4496 791 4549 καὶ
837 4495 1024 4565 ἐπειδὴ
1057 4495 1200 4548 κατά
1250 4512 1371 4547 τινα
1421 4495 1710 4564 συνήθειαν

1804 3314 2116 3376 eunuchus,
2167 3309 2415 3383 principe
2462 3305 2605 3377 apud
2640 3305 3048 3374 Copronymum
3097 3302 3241 3361 loco,
3284 3298 3380 3366 qui

1808 3407 1947 3461 nihil
1980 3406 2128 3458 aliud
2165 3405 2329 3458 sciret
2357 3415 2521 3472 quam
2549 3398 2715 3453 edere
2749 3405 2804 3452 et
2832 3396 3041 3458 bibere,
3074 3391 3385 3461 patriarcha

1805 3504 2022 3551 creatus
2062 3503 2166 3548 est.
2195 3492 2331 3547 Cum
2361 3488 2659 3561 aliquando
2689 3487 3044 3556 Evangelinm
3090 3484 3143 3537 in
3188 3481 3383 3537 cellula

1809 3604 1909 3642 sua
1964 3588 2246 3651 recitaret,
2282 3601 2381 3654 pro
2416 3601 2482 3638 eo
2526 3582 2672 3649 quod
2712 3578 3008 3633 dicendum
3045 3584 3204 3632 erat:
3244 3593 3262 3625 ι
3310 3574 3385 3626 Ex

1810 3678 2102 3747 Evangelia
2166 3675 2470 3731 secundum
2541 3672 2877 3730 Matthaaum,
2913 3687 2932 3718 ι
2969 3665 3382 3736 pronuntiavit:

1816 3790 1833 3822 ι
1854 3771 1933 3825 Ex
1956 3768 2249 3836 Evangelia
2285 3766 2587 3820 secundum
2614 3763 3003 3817 Matthaeum.»
3036 3758 3114 3813 lbi
3147 3756 3383 3825 quodam

1809 3878 1874 3917 ex
1918 3860 2225 3914 astantibus
2267 3856 2636 3924 subjiciente:
2673 3873 2691 3903 ί
2744 3852 2865 3906 Noli
2902 3865 2948 3905 ,λε
2976 3850 3381 3918 diphthongum

1812 3950 2034 4020 (gemini
2085 3948 2203 4002 soni
2241 3948 2452 4013 vocem)
2483 3944 2749 4007 dividere,
2789 3961 2808 3994 ι
2854 3960 2871 3992 ‹
2914 3940 3165 4008 Nugaris,
3200 3957 3217 3989 ι
3279 3936 3379 3997 ait,

1810 4042 2048 4111 quadam
2086 4056 2211 4094 cum
2262 4039 2589 4093 iracundia:
2628 4056 2646 4089 ι
2689 4050 2814 4090 nam
2869 4050 2991 4103 qua:
3038 4029 3287 4101 geminos
3317 4035 3375 4080 et

1812 4135 1984 4187 trinos
2007 4147 2171 4186 sonos
2210 4131 2631 4194 habent,anima
2660 4141 2777 4180 mea
2806 4125 3163 4180 vehementer
3199 4117 3373 4173 odita

1812 4222 2054 4276 Tandem
2096 4222 2185 4276 hic
2224 4232 2484 4291 tyrannus
2521 4220 2588 4273 ab
2623 4217 2972 4287 expeditione
3011 4210 3243 4283 quadam
3296 4224 3386 4262 re-

1816 4324 2039 4369 vertens
2073 4313 2395 4367 carbunculi
2433 4313 2683 4366 morbum
2737 4311 2792 4363 in
2845 4308 3076 4377 pedibus
3106 4303 3302 4358 sensit.
3332 4306 3389 4354 et

1813 4403 2125 4458 vehementi
2158 4402 2309 4456 febre
2346 4403 2492 4454 circa
2533 4398 2871 4468 strongylutn
2900 4404 3186 4462 correptus
3218 4390 3387 4443 vitam

1815 4494 1990 4555 finiit,
2046 4509 2170 4547 cum
2228 4494 2405 4547 solum
2476 4492 2580 4545 hoc
2664 4489 2893 4543 verbum
2960 4482 3386 4555 pronuntiasset,

165 4588 423 4644 Καθαλίνα
482 4593 516 4661 ἡ
576 4588 780 4658 κοπρία
826 4588 1068 4656 λέγεται,
1097 4586 1321 4649 δικαίως
1372 4588 1399 4639 6
1452 4586 1701 4649 κάκιστος

1825 4603 1841 4634 ‹
1872 4586 2099 4653 Propter
2130 4584 2404 4639 insaniam
2437 4582 2793 4649 furoremque
2832 4592 3014 4631 meum
3042 4573 3197 4627 vivus
3233 4570 3389 4624 inex-

165 4679 351 4743 ἐκεῖνος
396 4680 675 4751 ἐπεκλήθη
712 4679 1112 4748 Κοπρώνυμος,
1144 4676 1219 4740 ὡς
1271 4678 1443 4748 δνομα
1480 4677 1701 4747 κοπρίας

1829 4673 2033 4728 stincto
2071 4673 2183 4744 igni
2237 4671 2441 4726 trador.
2475 4670 2743 4738 Deinceps
2796 4681 2927 4722 vero
2980 4665 3114 4735 quin
3170 4677 3230 4716 ea
3266 4673 3388 4730 qua:

166 4769 214 4820 ὲν
239 4769 406 4840 ἐαυτῷ
432 4770 589 4839 δῆθεν
624 4768 1039 4838 ἐπιφερόμενος.

1825 4766 2085 4835 prohibui
2135 4779 2259 4819 cum
2322 4764 2550 4817 honoris
2608 4761 2882 4816 delatione
2939 4759 3107 4818 fiant,
3162 4752 3391 4807 minimo

166 4874 298 4921 Veto.
344 4887 362 4920 ι
399 4867 574 4922 Velim
606 4872 788 4920 autem
835 4861 1275 4917 animadvertere
1321 4868 1374 4915 te
1411 4860 1517 4915 hoc
1562 4860 1705 4924 loco,
1747 4859 1944 4923 dilecte
1996 4861 2108 4926 fili,
2157 4875 2256 4914 nos
2327 4858 2560 4913 multum
2603 4866 2658 4912 et
2708 4855 2909 4924 saepius
2957 4850 3250 4921 inquisitos
3292 4863 3392 4902 cur

169 4952 248 5008 hic
274 4957 567 5027 imperator
595 4954 974 5025 Copronymus
1006 4959 1321 5015 vocaretur,
1388 4951 1492 5006 hoc
1565 4960 1776 5006 tantum
1818 4953 2091 5023 reperisse
2117 4993 2133 5016 ,
2165 4952 2445 5021 regionem
2479 4947 2775 5019 quamdam
2825 4961 2947 5000 esse
3001 4959 3123 5013 quae
3167 4941 3389 4997 Caballa

168 5047 397 5120 dicatur;
429 5067 493 5107 ex
527 5066 589 5105 ea
640 5057 911 5120 quotquot
950 5046 1175 5101 oriundi
1220 5045 1352 5110 sint,
1394 5044 1708 5101 Caballinos
1744 5044 1912 5101 fuisse
1936 5054 2179 5100 vocatos.
2239 5044 2403 5115 285
2463 5041 2829 5108 Quamobrem
2850 5054 2975 5092 cum
2997 5035 3392 5091 Constantinus

172 5139 249 5192 hic
287 5141 409 5197 inde
450 5142 716 5211 originem
753 5137 1003 5201 traxerit,
1048 5152 1113 5190 ac
1154 5150 1306 5189 more
1366 5135 1656 5191 inoleverit
1712 5146 1773 5191 ut
1810 5146 2024 5194 stercus
2064 5136 2398 5192 caballinum
2438 5134 2708 5194 dicamus,
2743 5147 2852 5186 non
2888 5131 2986 5184 abs
3016 5145 3073 5183 re
3109 5130 3190 5182 vir
3221 5126 3396 5182 scele-

173 5233 460 5287 ratissimus
507 5250 537 5287 a
598 5241 876 5295 stereureo
937 5228 1162 5283 nomine
1214 5226 1590 5299 Copronymus
1637 5234 1721 5285 est
1760 5242 2131 5301 nuncupatus,
2206 5238 2265 5284 ut
2302 5228 2395 5298 qui
2468 5234 2804 5282 stercoreum
2853 5238 3050 5278 nomen
3096 5222 3150 5276 in
3200 5238 3259 5277 se
3288 5221 3395 5275 cir.

171 5326 474 5381 eumferret.

233 5420 381 5481 Μετὰ
420 5422 475 5475 δὲ
524 5422 712 5477 τοῦτον
761 5421 957 5492 κρατεῖ
997 5422 1025 5473 6
1068 5421 1133 5474 ἐκ
1185 5420 1285 5489 τῆς
1314 5420 1573 5493 Χαζάρας
1608 5423 1722 5486 alb;

173 5511 321 5565 αὑτοῦ
359 5514 505 5568 Λέων
553 5514 651 5584 ἐτη
705 5513 766 5577 ε’,
808 5512 1037 5582 εὐσεϐὴς
1091 5512 1193 5583 μὲν
1244 5510 1320 5566 ὢν
1360 5513 1482 5567 κατ’
1519 5514 1717 5584 ἀρχάς·

175 5601 353 5675 ἔπειτα
396 5606 452 5659 δὲ
497 5607 556 5659 τὸ
608 5608 707 5677 τῆς
741 5605 1083 5675 Ἐκκλησίας
1140 5604 1362 5675 στέμμα
1394 5608 1571 5674 φορεῖ,
1599 5606 1722 5659 ὅθεν

175 5690 606 5762 ἀπανθρακωθεὶς
659 5696 848 5764 ὥσπερ
901 5695 1004 5749 ὑπὸ
1064 5696 1270 5767 λαϐροῢ
1332 5696 1570 5768 πυρετοῦ
1635 5714 1723 5750 τε·

179 5779 346 5854 λευτᾷ.
376 5787 504 5840 Τότε
546 5789 640 5842 καὶ¹
670 5791 698 5842 6
743 5788 891 5841 κύων
923 5790 1125 5851 ἐκεῖνος
1154 5784 1222 5856 ἦν
1250 5789 1277 5839 6
1308 5792 1400 5845 τὸν
1436 5790 1600 5856 φονέα
1626 5788 1717 5841 τοῦ

186 5880 355 5949 κυρίου
410 5882 562 5941 αὐτοῦ
626 5881 899 5951 γνωρίσας
958 5883 1013 5933 ἐν
1073 5880 1354 5952 καπηλείῳ
1402 5879 1717 5934 εἱστλθόνια

1888 5425 2019 5481 Post
2049 5421 2458 5491 Copronymum
2489 5435 2609 5492 eius
2636 5433 2701 5473 ex
2724 5421 2955 5489 conjuge
2983 5416 3223 5471 Chazara
3252 5412 3395 5465 tilius

1821 5517 1934 5572 Leo
1983 5516 2144 5569 annis
2170 5513 2415 5583 quinque
2466 5512 2782 5581 imperavit,
2839 5507 3127 5577 religiosus
3175 5518 3239 5557 ac
3274 5502 3395 5571 pius

1826 5607 2055 5677 quidem
2104 5605 2193 5659 ille
2236 5604 2305 5658 ab
2345 5603 2526 5666 initio,
2563 5616 2750 5655 verum
2790 5598 2882 5651 ubi
2914 5608 3170 5650 coronam
3200 5592 3394 5645 Eccle-

1829 5700 1922 5753 sia:
1953 5699 2210 5751 donatam
2251 5705 2538 5765 gestasset,
2567 5688 2886 5746 carbunculi
2923 5682 3110 5739 morbo
3147 5693 3390 5745 vexatus,

1829 5789 2042 5843 ardenti
2081 5787 2232 5842 febre
2265 5785 2483 5839 tandem
2517 5779 2907 5847 exstinguitur.
2965 5773 3191 5828 Exstitit
3240 5774 3393 5829 hisce

1831 5880 2183 5949 temporibus
2210 5876 2363 5930 canis
2417 5873 2503 5927 illc
2539 5872 2630 5940 qui
2682 5868 2795 5921 heri
2853 5868 2934 5920 sui
2982 5864 3392 5920 interfecturum
