3798 6230
356 324 463 392 531⁴

1593 313 2012 380 MICHAELIS
2053 314 2313 377 GLYC/E
2428 369 2430 371 .

3461 322 3542 385 532

357 436 566 492 indicio
597 450 696 490 suo
731 432 990 503 prodidit,
1018 447 1143 486 cum
1172 429 1282 485 vini
1314 430 1541 486 bibendi
1579 446 1744 484 causa
1779 443 1918 483 cau-
1950 475 1954 485 .

2062 424 2119 478 οὖ
2157 430 2301 480 πιεῖν
2336 425 2499 485 οἶνον.
2538 431 2598 483 Ὀ
2637 429 2742 498 γάρ
2798 429 2941 481 κύων
2973 428 3112 498 μετὰ
3172 426 3228 479 τὸ
3262 429 3547 496 φονευθῆναι

363 541 558 597 ponam
609 526 887 593 ingressus
931 531 1096 578 esset.
1143 523 1277 577 Nam
1309 522 1661 593 domino.suo
1709 530 1923 582 necato,

361 618 455 684 qui
512 631 634 669 cum
682 612 906 667 homine
959 613 1212 669 maleﬁco
1266 614 1370 667 iter
1402 614 1624 676 fecerat,
1653 610 1926 680 quoddam

365 706 420 759 iu
452 702 816 758 diversorium
862 718 982 758 sese
1012 705 1282 770 contulit;
1318 720 1428 774 quo
1462 719 1585 758 cum
1634 703 1773 759 forte
1819 702 1934 756 for-

368 804 500 848 tuna
537 795 779 848 venisset
818 792 1093 849 homicida
1142 794 1257 861 ille,
1285 809 1411 848 mox
1453 809 1483 849 a
1535 809 1670 848 cane
1713 797 1934 861 agnitus

365 883 491 939 fuit.
541 884 732 954 Neque
763 883 915 940 canis
966 885 1257 956 insigniter
1305 885 1480 954 ipsius
1518 900 1680 940 causa
1727 884 1934 938 latrare

372 973 681 1038 desinebat,
713 975 786 1029 ita
820 985 879 1030 ut
911 976 1129 1030 tandem
1183 974 1419 1032 infausta
1461 975 1712 1045 quaedam
1751 978 1938 1047 conje~

367 1079 523 1125 ctura
557 1068 627 1124 de
667 1069 877 1125 latrone
906 1070 1311 1141 conciperetur.
1353 1071 1548 1141 Itaque
1573 1072 1784 1128 carceri
1829 1072 1934 1126 lio-

374 1162 572 1215 micida
608 1162 968 1231 mancipatur,
995 1162 1061 1216 ad
1098 1173 1387 1232 praetorem
1419 1164 1732 1230 deducitur,
1771 1179 1940 1220 accu-

375 1260 492 1306 rate
530 1251 925 1320 qnmstionibus
970 1252 1281 1322 subjicitur,
1331 1255 1414 1309 vel
1471 1254 1677 1310 invitus
1723 1254 1940 1310 facinus

375 1359 537 1397 suum
574 1343 794 1409 fatetur,
822 1361 884 1400 ac
909 1347 1124 1400 tandem
1156 1347 1389 1402 maleﬁci
1417 1363 1568 1403 more
1609 1356 1864 1402 necatur.

445 1435 630 1489 Leone
661 1446 877 1490 mortuo
909 1437 1055 1492 illius
1103 1439 1220 1510 ejus
1245 1437 1643 1494 Constantinus
1672 1439 1740 1492 l7
1779 1439 1941 1494 annis

377 1539 562 1578 rerum
615 1525 845 1596 potitur,
907 1527 1010 1582 sub
1059 1529 1216 1599 cujus
1280 1529 1514 1599 imperio
1555 1537 1612 1584 et
1655 1528 1939 1584 dominatu

382 1614 572 1684 religio
608 1615 821 1671 radices
843 1617 1036 1686 agebat
1068 1627 1124 1674 et
1154 1619 1608 1674 monasteriorum
1644 1619 1942 1682 multitudo

379 1705 773 1776 adaugebatur.
804 1709 1008 1764 Eodem
1041 1710 1342 1780 imperante
1372 1713 1596 1778 quidam
1625 1712 1678 1766 in
1709 1711 1942 1766 Thracia

383 1806 585 1851 terram
642 1799 858 1856 fodiens
899 1803 1090 1857 cistam
1126 1803 1358 1872 invenit,
1396 1807 1448 1859 in
1481 1821 1589 1875 qua
1626 1806 1943 1878 huju~modi

383 1889 549 1943 verba
595 1891 799 1960 scripta
844 1895 1266 1960 reperiebantur
1301 1913 1314 1948 :
1349 1895 1605 1954 Christus
1649 1913 1683 1953 e
1733 1899 1945 1970 virgine

385 1981 551 2037 Maria
601 1995 877 2050 nascetur,
913 1985 1176 2056 imquem
1223 2003 1323 2060 ego
1367 1990 1553 2045 credo.
1587 1989 1948 2047 Constantino

386 2082 442 2146 et
480 2072 636 2128 lrena
687 2076 940 2146 religiose
993 2077 1391 2148 imperantibus
1445 2095 1666 2136 rursum
1693 2097 1804 2149 me,
1839 2084 1948 2149 sol,

391 2163 622 2220 videbis.
663 2183 682 2218 ι
723 2164 990 2223 Caeterum
1027 2171 1141 2224 haec
1186 2171 1344 2226 lrena
1381 2172 1657 2242 particeps
1687 2183 1808 2228 erat
1845 2173 1950 2228 im-

389 2255 529 2322 perii
581 2254 924 2314 Constantini
972 2260 1089 2326 lilii,
1143 2277 1247 2317 nec
1273 2277 1394 2332 qua
1425 2263 1493 2317 ab
1522 2263 1643 2333 ipso
1692 2264 1950 2336 designa-

389 2348 590 2401 bantur
623 2363 783 2417 aequo
810 2352 918 2419 pati
953 2351 1138 2406 animo
1169 2363 1408 2420 poterat.
1441 2353 1576 2408 Nam
1614 2365 1668 2409 et
1717 2359 1950 2411 matrem

389 2437 684 2506 aliquando
712 2439 988 2496 submovit
1009 2441 1076 2496 ab
1101 2441 1313 2512 imperii
1341 2444 1746 2515 gubemaculis.
1778 2461 1955 2515 quan-

391 2541 553 2596 quam
597 2530 857 2597 deinceps
888 2545 1008 2585 eam
1039 2533 1384 2602 pmnitudine
1427 2535 1624 2591 ductus
1672 2536 1726 2590 in
1772 2537 1953 2591 aulam

392 2614 650 2682 reduxit;
684 2627 739 2672 et
775 2619 1008 2691 conjuge
1045 2636 1165 2685 sua,
1215 2621 1415 2678 femina
1448 2626 1606 2682 valde
1653 2635 1826 2691 casta,
1862 2643 1955 2684 re-

385 2705 945 2778 -pudiata,quamdam
973 2711 1136 2767 aliam
1167 2714 1287 2785 ejus
1318 2716 1439 2772 loco
1463 2733 1690 2773 uxorem
1720 2721 1951 2789 accepit.

387 2795 582 2864 itaque
613 2795 785 2852 filium
814 2809 997 2868 mater,
1022 2804 1371 2872 consopitum
1402 2807 1580 2862 oculis
1605 2808 1823 2878 spoliat,
1847 2825 1956 2879 quo

395 2886 602 2941 factum
631 2897 717 2943 est
743 2897 806 2944 ut
843 2890 923 2946 sol
959 2894 1269 2965 complures
1295 2895 1415 2953 dies
1449 2898 1634 2955 radios
1663 2914 1793 2956 suos
1823 2915 1960 2971 pure

396 2991 507 3031 non
556 2980 855 3036 emitteret.
909 2980 1017 3038 Sed
1048 2987 1195 3040 enim
1258 2985 1413 3042 lrena
1463 2988 1784 3060 imperatrix
1827 2989 1956 3046 facti

2025 521 2117 576 τὸν
2169 521 2356 592 κύριον
2410 521 2762 576 συνοδεύοντά
2808 538 2913 574 τινι
2958 519 3253 589 κακούργῳ
3295 520 3405 573 καθ’
3454 521 3552 574 ἔδον

2026 613 2359 685 προσήλυτος
2423 615 2480 668 ἐν
2537 613 2842 684 πανδοχείῳ
2891 612 3133 681 γέγονεν.
3195 611 3404 664 Ἐκεῖσε
3447 629 3554 677 vos:

2025 687 2265 776 τυχαίως
2318 705 2575 759 εἰσελθὼν
2621 708 2649 762 ὁ
2701 706 2895 774 φονεὺς
2945 701 3252 772 ἐγνωρίσθη
3306 705 3443 768 παρὰ
3479 721 3556 756 του

2029 799 2214 862 κυνὸς,
2239 797 2337 850 καὶ
2384 795 2638 850 τοσοῦτον
2668 791 2736 867 ἦν
2771 797 2976 860 ἐκεῖνος
3011 794 3104 847 ὑπ’
3159 792 3310 861 αύτῷ
3343 794 3559 845 ὑλακτῶν

2031 888 2171 941 ὥστε
2202 886 2439 956 ὕποψῖαν
2462 887 2560 940 οὐκ
2593 886 2803 957 ἀγαθὴν
2839 886 3019 938 δοῦναι
3051 882 3182 953 περὶ
3226 882 3406 938 αὐτοῦ.
3439 885 3562 951 Κρα-

2031 981 2205 1032 τεῖται
2255 979 2446 1032 λοιπὸν
2493 980 2521 1031 ὁ
2559 980 2775 1049 φονεὺς,
2828 977 3171 1050 προσάγεται
3219 975 3300 1046 τῷ
3349 975 3560 1043 ἄρχοτ-τι,

2034 1070 2288 1136 ἐτάζεται
2337 1070 2604 1142 ἀκριϐῶς,
2638 1071 2894 1140 ὁμολογεῖ
2928 1070 3022 1123 καὶ
3065 1068 3236 1134 ἄκων,
3286 1067 3380 1120 καὶ
3412 1067 3566 1121 τελευο

2036 1164 2188 1216 ταϊον
2219 1163 2296 1227 ὡς
2331 1161 2639 1236 κακοῦργος
2665 1162 2992 1234 ἁναιρεῐται.

2108 1424 2264 1479 Μετὰ
2291 1424 2347 1480 δέ
2373 1423 2564 1480 τοῦτον
2589 1427 2788 1495 κρατεῖ
2806 1425 2833 1480 ὁ
2861 1425 2975 1489 υίὸς
3001 1425 3166 1478 αὑτοῦ
3195 1425 3572 1485 Κωνσταντῖνος

2042 1517 2142 1570 σὺν
2168 1520 2233 1588 τῇ
2280 1515 2447 1570 αὐτοῦ
2475 1516 2642 1590 μητρὶ
2671 1517 2876 1589 Εἰρήνῃ
2903 1517 2998 1587 ἐτη
3034 1514 3119 1582 ιζ’,
3151 1515 3242 1585 ὑφ’
3290 1513 3350 1567 οὗ
3391 1515 3421 1582 ή
3446 1514 3580 1567 eiici-

2042 1609 2167 1662 ὕεια
2204 1608 2532 1678 κρατύνεται
2582 1607 2677 1662 καὶ
2735 1607 2804 1662 τὰ
2849 1608 3192 1678 μοναστήρια
3223 1606 3579 1660 πλατύνονται.

2045 1704 2178 1756 Τότε
2213 1702 2303 1755 καὶ
2351 1702 2409 1754 ἐν
2435 1702 2500 1771 τῇ
2545 1698 2738 1772 Θρᾴκῃ
2777 1699 3028 1772 ὀρύσσων
3078 1715 3163 1761 τις
3207 1691 3334 1768 εὗρε
3364 1697 3585 1767 λάρνακα

2048 1797 2103 1848 ἐν
2230 1791 2621 1864 γεγραμμένον
2655 1787 2746 1863 ἦν’
2788 1809 2808 1844 ι
2846 1791 3080 1864 Χριστὸς
3101 1789 3396 1860 γεννᾶσθαι
3427 1788 3588 1857 μέλλει

2049 1886 2363 1960 ἐκΜαρίας
2391 1885 2492 1958 τῆς
2537 1885 2831 1956 παρθένου,
2866 1883 2962 1946 καὶ
3015 1881 3257 1938 πιστεύω
3305 1881 3386 1943 είς
3427 1879 3587 1933 αὐτόν.

2060 1978 2184 2032 Ἐπλ⁵
2223 1976 2635 2035 Κωνσταντίνου
2661 1977 2756 2046 καὶ
2778 1975 3014 2046 Εἰρήνης
3045 1974 3155 2027 τῶν
3185 1972 3424 2026 εὐσεϐῶν
3454 1970 3588 2041 βασι-

2047 2067 2184 2124 λέων
2217 2067 2340 2138 ὕψει
2381 2083 2448 2138 με
2481 2067 2664 2134 πάλιν,
2695 2056 2740 2120 ὧ
2779 2064 2922 2136 ἥλιε.
2965 2083 2983 2116 ι
3027 2062 3089 2118 Ἢ
3126 2063 3335 2133 Εἰρήνη
3373 2057 3592 2129 αὕτητῷ

2051 2160 2151 2231 υῐῷ
2193 2160 2362 2229 αὐτῆς
2409 2157 2809 2227 Κωνσταντίνῳ
2862 2156 3362 2226 συμϐασιλεύουσα.
3398 2157 3487 2207 καὶ
3523 2150 3593 2219 μὴ

2049 2251 2348 2323 ἀνεχομένη
2389 2249 2498 2318 τῶν
2555 2249 2707 2319 παρὰ
2760 2245 2925 2303 αὑτοῦ
2978 2247 3283 2316 γινομένων
3316 2242 3497 2313 (αὐτήν
3537 2257 3598 2292 τε

2051 2344 2160 2414 γὰρ
2186 2343 2284 2412 τῆς
2311 2335 2588 2411 βασιλείας
2622 2339 2877 2410 ἐποίησεν
2908 2337 3207 2400 ἕκπτωτον,
3246 2335 3297 2389 εἰ
3323 2335 3416 2388 καὶ
3445 2350 3599 2402 μετα-

2058 2434 2309 2508 μεληθεὶς
2364 2432 2527 2490 πάλιν
2575 2432 2668 2487 ἐπὶ
2717 2429 2785 2486 τὰ
2828 2429 3078 2501 βασίλεια
3107 2428 3317 2496 ταύτην
3357 2427 3599 2495 ἀνήγαγε,

2055 2531 2151 2599 καὶ
2188 2528 2288 2602 τὴν
2341 2527 2617 2598 ὁμόζυγον
2671 2525 2839 2580 αὑτοῦ
2877 2525 3135 2595 σώφρονα
3182 2523 3280 2577 καὶ
3310 2521 3428 2575 λίαν
3452 2519 3598 2578 οὖσαν

2055 2619 2264 2687 ἐξάγει,
2300 2615 2444 2689 μίξιν
2467 2615 2524 2672 δὲ
2556 2615 2817 2684 γυναικὸς
2853 2614 3022 2684 άλλης
3045 2610 3404 2680 ἀντεισάγει),
3428 2610 3594 2663 τούτου

2056 2714 2219 2788 χάριν
2245 2708 2501 2779 ἐκτυφλοϊ
2532 2705 2693 2760 αὐτὸν
2719 2704 3090 2771 ὑπνώττοντα,
3121 2704 3196 2766 ὡς
3234 2703 3478 2756 ἐντεῦθεν
3515 2704 3594 2753 καὶ

2054 2807 2148 2862 τὸν
2179 2804 2331 2876 ήλιον
2361 2799 2452 2853 ἐπὶ
2501 2797 2762 2860 πλείστας
2801 2797 3019 2867 ἡμέρας
3055 2797 3130 2866 μὴ
3159 2795 3347 2850 δοῦναι
3382 2793 3588 2862 καθαρὰς

2057 2897 2160 2959 τὰς
2196 2895 2424 2956 ἀκτῖνας
2460 2889 2650 2946 αὐτοῦ.
2705 2889 2850 2944 Ἀλλ’
2892 2892 2926 2959 ἡ
2965 2888 3177 2959 βασιλὶς
3217 2889 3424 2958 Εἰρήνη
3455 2883 3592 2955 pati-

2063 2989 2224 3058 μελον
2274 2983 2360 3055 ἐφ’
2409 2977 2491 3044 οἷς
2551 2982 2780 3054 δέδρακε
2844 2979 3067 3050 σχοῦσα,
3109 2979 3203 3031 καὶ
3255 2977 3475 3030 θέλουσα
3519 2971 3600 3026 τοῦ

397 3064 486 3120 sui
527 3068 825 3135 paenitens,
858 3079 919 3124 ut
965 3073 1153 3128 odium
1197 3074 1327 3130 inde
1358 3088 1687 3148 conceptum
1720 3081 1952 3147 elueret,

2063 3079 2250 3148 μίσους
2306 3077 2505 3147 ἑαυτὴν
2561 3073 2894 3134 ἀποπλῦναι,
2950 3069 3255 3140 χρημάτων
3315 3067 3601 3138 θησαυροὺς

393 3170 590 3212 omnes
617 3172 780 3228 opum
812 3161 1105 3219 thesauros
1134 3165 1496 3224 exhauriebat
1524 3179 1579 3223 et
1607 3168 1729 3224 urbi
1760 3169 1961 3241 largie-

395 3248 584 3312 batur,
619 3253 915 3320 persolutis
943 3257 1310 3312 obaeratorum
1343 3258 1568 3317 debitis.
1591 3261 1795 3317 Verum
1824 3275 1961 3317 ocu-

391 3339 486 3396 lus
535 3343 646 3404 ille.
679 3345 775 3413 qui
811 3357 1040 3402 cunctas
1072 3363 1164 3404 res
1215 3351 1528 3405 mortalium
1581 3352 1830 3422 inspicit,
1866 3369 1966 3410 ne-

393 3447 678 3502 quaquam
710 3436 921 3504 sopitus
949 3437 1271 3493 obdormiit.
1303 3438 1438 3494 Nam
1469 3439 1574 3496 hac
1618 3443 1834 3515 imperii
1864 3458 1964 3498 vo-

395 3522 612 3591 luptate
661 3525 1022 3596 perexiguum
1066 3529 1136 3584 ad
1171 3539 1386 3600 tempus
1426 3530 1710 3603 degustata
1742 3535 1964 3590 tandem

399 3611 554 3667 lrena
607 3623 876 3672 craterem
925 3619 1207 3685 absinthio
1243 3621 1484 3677 dilutum
1539 3623 1699 3679 bibit.
1745 3625 1967 3681 Etenim

398 3703 624 3772 quidam
641 3720 708 3760 ex
731 3707 926 3763 ordine
943 3711 1243 3777 senatorio,
1261 3712 1351 3768 cui
1371 3728 1572 3769 nomen
1601 3714 1966 3786 Nicephorus,

400 3792 668 3863 dignitate
715 3796 979 3865 patricius
1016 3808 1074 3854 et
1122 3816 1263 3857 unus
1310 3817 1374 3858 ex
1406 3804 1780 3874 generalibus,
1814 3818 1967 3862 motu

400 3884 668 3941 adversus
690 3901 811 3944 eam
839 3891 1111 3948 concitato
1147 3908 1254 3948 non
1286 3893 1405 3950 sine
1435 3895 1704 3952 dedecore
1737 3913 1968 3968 regnum

402 3975 506 4043 ipsi
540 3975 769 4046 eripuit.
817 3978 1166 4050 Quapropter
1199 3983 1443 4052 imperio
1488 3984 1832 4056 Nicephorus
1875 3988 1971 4044 hic

403 4080 604 4120 novem
642 4067 801 4122 annis
834 4070 1075 4134 praefuit,
1107 4072 1273 4126 homo
1296 4073 1525 4129 caedium
1557 4078 1968 4146 cupidissimus,

407 4156 530 4210 auri
559 4158 914 4227 mancipium,
945 4176 1172 4231 prorsus
1204 4164 1346 4218 alter
1379 4165 1572 4223 Midas.
1603 4169 1768 4241 286
1802 4171 1972 4243 Magi-

2061 3171 2129 3241 τῇ
2175 3167 2330 3224 πόλει
2357 3169 2570 3222 ἐκκενοῖ
2597 3167 2693 3220 καὶ
2721 3163 2840 3234 λύει
2882 3161 2951 3216 τὰ
2997 3162 3156 3240 χρέα.
3192 3159 3343 3229 Πλὴν
3380 3158 3474 3228 οὐκ
3501 3158 3610 3207 ἐπε-

2063 3260 2340 3325 νύσταξεν
2369 3261 2398 3314 ὁ
2447 3255 2844 3324 παντεπόπτης
2902 3250 3208 3322 ὀφθαλμός·
3261 3250 3399 3320 πρὸς
3455 3245 3608 3318 βραχὺ

2064 3353 2161 3406 καὶ
2191 3353 2300 3421 γὰρ
2333 3351 2435 3419 τῆς
2483 3348 2681 3421 ἡδονῆς
2713 3345 2809 3400 τοῦ
2846 3344 3086 3415 κράτους
3130 3340 3275 3411 αὕτη
3311 3337 3612 3409 γευσαμένη

2064 3443 2454 3515 ἁψινθιάζοντα
2509 3441 2655 3494 πίνει
2698 3438 2970 3509 κρατῆρα.
3023 3433 3329 3504 Ἐπανέστη
3389 3431 3483 3486 καὶ
3519 3429 3614 3497 γάρ

2065 3555 2148 3602 τις
2177 3534 2286 3589 τῶν
2318 3534 2648 3605 συγκλήτου,
2677 3530 2923 3600 τοῦνομα
2961 3526 3300 3598 Νικηφόρος,
3340 3523 3440 3593 τὴν
3479 3521 3614 3586 ἀξίαν

2067 3629 2354 3698 πατρίκιος
2396 3625 2506 3681 ἀπὸ
2550 3623 2809 3694 γενικῶν,
2840 3622 2936 3674 καὶ
2986 3621 3082 3690 τῆς
3132 3616 3416 3688 βασιλείας
3464 3610 3613 3678 αὑτήν

2068 3718 2279 3789 ἀτίμως
2316 3718 2579 3787 ἐξίστησι.
2620 3715 2833 3785 Κρατεῖ
2861 3711 3043 3765 τοίνυν
3071 3711 3099 3763 ὁ
3132 3710 3181 3762 Ν
3190 3707 3451 3778 ικηφόρος
3483 3703 3614 3762 οὗτος

2068 3811 2164 3881 ἔτη
2196 3809 2261 3876 θ’,
2291 3809 2577 3876 ἄνθρωπος
2624 3803 3018 3876 φονικώτατος,
3045 3800 3236 3860 δοῦλος
3268 3795 3495 3868 χρυσοῦ,
3525 3794 3616 3847 Μὶ-

2069 3902 2165 3964 δας
2191 3900 2347 3967 ἄλλος
2379 3900 2659 3968 ἄντικρυς,
2687 3894 2887 3958 ὠνίους
2926 3892 3027 3954 τὰς
3074 3890 3248 3962 ἀρχὰς
3285 3886 3614 3956 ποιούμενος.

2071 3985 2242 4054 υῦτος
2273 3990 2408 4044 πᾶσι
2445 3988 2546 4060 μὲν
2601 3983 2765 4056 ἐῴκει
2801 3981 3053 4053 κατηφὴς
3085 3974 3253 4046 εῖναι,
3285 3981 3381 4032 τὸν
3419 3979 3476 4030 δέ
3501 3991 3618 4045 χρυ·

2074 4081 2164 4136 σὺν
2209 4078 2358 4150 αύτῷ
2413 4076 2750 4147 προσάγουσι
2799 4073 2897 4128 καὶ
2929 4074 3076 4127 πάνυ
3115 4071 3331 4143 χαρίεις
3367 4067 3616 4139 ἐφαίνετο.

2083 4157 2248 4234 "Am:
2301 4171 2397 4230 καὶ
2443 4169 2582 4241 βαρὺ
2622 4169 2735 4230 τοῖς
2785 4163 3106 4229 Βυζαντίοις
3165 4161 3333 4233 ἄχθος
3381 4158 3619 4227 ἐπέθηκε,

400 4257 618 4306 stratus
644 4257 700 4303 et
731 4249 1088 4319 praefecturas
1117 4255 1342 4310 venales
1387 4256 1644 4325 habebat,
1676 4271 1731 4314 et
1760 4261 1954 4318 tristio:

2073 4266 2232 4342 χάριν
2255 4263 2364 4319 τῶν
2395 4259 2760 4334 ηρασᾶντων
2783 4255 2981 4328 τειχῶν
3020 4251 3376 4326 ᾁπαιτεῖσθαι
3407 4251 3467 4304 τδ
3487 4247 3617 4342 λεγό-

405 4341 628 4412 quidem
679 4343 839 4414 vulgo
901 4343 1229 4416 videbatur:
1283 4361 1474 4402 verum
1531 4348 1576 4403 si
1627 4350 1719 4419 qui
1774 4367 1954 4408 aurun

2079 4338 2243 4425 μενον
2262 4353 2378 4407 δικέ
2388 4350 2546 4421 ρατον
2573 4349 2851 4403 ἐκέλευσε.
2875 4347 3016 4417 Πρὸς
3040 4345 3251 4406 τούτοις
3271 4342 3329 4394 οὲ
3353 4338 3621 4412 ἐπεκράτει

405 4435 691 4502 afferrent,
727 4435 882 4491 valde
907 4451 967 4492 se
1008 4437 1310 4507 gratiosum
1340 4447 1504 4507 atque
1533 4453 1742 4494 comem
1767 4445 1954 4511 praebe

2079 4444 2175 4498 καὶ
2202 4444 2272 4496 τὰ
2300 4440 2377 4509 τῷ
2406 4437 2624 4509 στρατῷ
2657 4434 3081 4505 ἐποφειλόμενα,

407 4532 518 4597 bat.
547 4533 726 4589 Grave
767 4532 1044 4604 Byzantiis
1077 4548 1218 4588 onus
1258 4535 1544 4604 imposuit,
1613 4536 1716 4591 sub
1775 4549 2042 4606 praetextu
2084 4533 2571 4598 instaurandorum
2613 4541 2866 4587 veterum
2911 4541 3196 4585 murorum
3253 4525 3399 4596 exigi
3453 4517 3620 4594 pmi°

408 4625 566 4694 piens
596 4625 648 4678 id
683 4628 828 4695 quod
862 4625 1168 4682 diceratum
1199 4625 1252 4696 (a
1280 4626 1497 4682 duobus
1541 4626 1787 4697 eeratiis)
1830 4621 2202 4702 nuncupatur.
2272 4628 2550 4682 Praeterea
2615 4637 2739 4694 quae
2799 4621 3074 4679 militibus
3131 4618 3496 4684 debebantur,
3527 4612 3620 4684 ipse

408 4714 512 4778 sibi
541 4717 782 4773 retinuit.

483 4808 578 4865 His
601 4811 760 4865 annis
789 4812 952 4866 etiam
985 4814 1232 4884 reliquiae
1262 4825 1465 4868 sanctae
1488 4812 1981 4886 Euphemiae,quas

412 4903 796 4974 Copronymus
829 4905 882 4958 in
918 4921 1068 4960 mare
1095 4906 1423 4977 projecerat,
1454 4905 1522 4959 ad
1556 4903 1794 4960 Lesbum
1829 4906 1983 4960 insu-

415 4997 524 5061 lam
551 5005 785 5066 receptae
805 5007 1142 5068 servataeque
1169 5006 1319 5052 sunt.
1356 4996 1447 5050 Sic
1470 4997 1616 5051 enim
1647 5011 1748 5052 nos
1779 4997 1979 5052 factum

415 5089 750 5159 accepimus.
779 5089 1016 5144 Zonaras
1045 5091 1101 5144 in
1137 5082 1431 5145 Annalium
1472 5090 1629 5145 libris
1665 5088 1978 5158 hujusmodi

416 5182 665 5250 quaedam
697 5190 1110 5236 commemorat.
1162 5182 1394 5252 Duplex,
1445 5181 1644 5249 inquit,
1677 5180 1782 5235 hac
1814 5179 1882 5234 de
1918 5193 1997 5233 re‘

417 5291 609 5337 rumor
635 5285 740 5330 est.
772 5275 906 5329 Nam
946 5273 1038 5328 alii
1081 5273 1303 5328 tradunt
1341 5282 1584 5328 sanctam
1615 5272 1978 5342 Euphemiam

421 5383 450 5423 a
480 5366 827 5437 Capronymo
859 5363 969 5432 igni
1001 5361 1170 5417 fuisse
1207 5361 1484 5429 traditam,
1520 5375 1832 5432 quanquam
1884 5375 1982 5429 spe

2149 4808 2287 4865 Κατ’
2333 4807 2512 4861 ἐκεῖνο
2555 4804 2614 4858 δὲ
2667 4801 2864 4880 καιροῦ
2898 4800 2994 4855 καὶ
3040 4799 3100 4854 τὸ
3127 4799 3228 4871 τῆς
3259 4799 3427 4868 ἁγίας
3459 4799 3617 4866 Εὐφη-

2081 4881 2495 4972 μίαςλείψανον
2524 4894 2666 4959 κατὰ
2706 4891 2984 4962 Θαλάττης
3024 4892 3183 4964 ῥιφὲν
3229 4892 3386 4963 παρὰ
3415 4892 3507 4945 τοῦ
3532 4889 3619 4942 Ko-

2079 4991 2372 5063 πρωνύμου
2413 4990 2468 5043 ἐν
2501 4985 2695 5056 Λέσϐῳ
2726 4987 2792 5055 τῇ
2825 4985 2975 5056 νήσῳ
2998 4982 3344 5053 ἐπανεσὼοη.
3378 4983 3488 5037 Καὶ
3519 4976 3618 5047 περὶ

2082 5085 2182 5156 μὲν
2227 5080 2432 5137 τούτων
2480 5079 2675 5141 οὕτως.
2713 5077 2772 5131 Ὀ
2800 5077 2861 5129 δὲ
2909 5076 3170 5157 Ζωναρᾶς
3205 5076 3264 5126 ἐν
3300 5074 3379 5146 τῷ
3413 5066 3616 5144 χρονικῷ

2094 5174 2258 5231 αὐτοῦ
2309 5171 2651 5241 συντάγματι
2690 5169 2785 5223 καὶ
2817 5167 2946 5222 τάδε
2978 5169 3112 5238 περὶ
3147 5165 3340 5219 τούτου
3370 5163 3514 5235 φησί.
3535 5159 3616 5212 Δύο

2091 5265 2240 5332 λόγοι
2267 5261 2559 5330 φέρονται’
2594 5259 2623 5311 ὁ
2655 5256 2755 5326 μὲν
2789 5255 2898 5326 γὰρ
2931 5253 3079 5322 λέγει
3114 5253 3250 5326 πυρὶ
3280 5250 3617 5326 παραδοθῆναι

2092 5354 2246 5420 παρὰ
2294 5351 2389 5404 τοῦ
2438 5335 2821 5418 Κοπρωνύμου
2874 5345 2977 5415 τὴν
3029 5343 3194 5414 ἁγίαν
3251 5335 3615 5414 Εὐφημίαν,εῑ

2092 5447 2190 5502 καὶ
2216 5447 2314 5515 τῆς
2348 5441 2564 5505 ἐλπίδος
2603 5439 2812 5502 ἐκεῖνος
2841 5437 3142 5509 διήμαρτεν
3176 5435 3316 5509 (ἀντ’
3342 5435 3504 5505 αὐτῆς
3530 5427 3615 5498 γὰρ

2089 5537 2279 5604 ἓτερον
2313 5532 2522 5602 ἐκαύθη
2568 5531 2775 5603 σῶμα),
2807 5531 2835 5584 ὁ
2879 5530 2938 5583 δὲ
2991 5529 3141 5597 λέγει
3176 5527 3319 5582 κατὰ
3361 5523 3513 5597 βυθοῦ
3555 5521 3614 5589 ριρ

2093 5626 2261 5696 φῆναι
2291 5623 2482 5690 αὐτὴν,
2514 5621 2636 5693 Θείᾳ
2695 5621 2882 5693 χάριτι
2932 5618 3058 5690 περὶ
3102 5618 3202 5690 τὴν
3238 5616 3442 5674 Λέσϐον
3484 5611 3612 5682 γῆεην

2093 5716 2537 5788 ἐπανασωθῆνσι.

421 5473 524 5519 sua
561 5469 826 5530 tyrannus
851 5455 1093 5511 excidit:
1143 5454 1347 5524 quippe
1377 5453 1526 5508 illius
1587 5453 1710 5506 loco
1749 5450 1985 5506 cadaver

421 5550 569 5610 aliud
626 5557 930 5602 crematum
983 5546 1108 5602 fuit.
1143 5546 1248 5600 Alii
1284 5544 1574 5614 perhibent
1599 5557 1720 5596 eam
1747 5541 1802 5596 in
1833 5554 1987 5596 mare

421 5641 724 5713 proiectam
759 5640 949 5696 divino
982 5639 1253 5698 beneficio
1290 5636 1438 5693 circa
1471 5635 1709 5696 Lesbum
1755 5646 1986 5703 recupe-

427 5744 599 5790 ratam
629 5733 818 5797 fuisse.
