3798 6230
118 392 201 454 533
1295 378 1697 441 ANNALIUM

165 503 277 553 Τότε
303 497 378 567 δὴ,
410 495 523 550 τότε
562 493 750 559 κακῶς
775 493 919 547 οὕτω
937 493 1030 547 τοῦ
1064 493 1381 564 Νικηφόρον
1414 496 1483 548 τὰ
1514 497 1617 563 τῆς
1646 492 1695 545 Α

113 594 345 665 βασιλείας
380 587 651 651 διέποντος
708 587 867 658 θρόος
918 589 1158 652 ἄτακτος
1197 586 1349 657 παρὰ
1398 585 1477 657 τῷ
1509 586 1625 657 λαῷ

108 687 181 742 καὶ
229 684 403 743 στάσις
452 682 534 734 ὅτι
590 680 787 749 πολλή.
832 680 969 734 Τότε
1034 680 1131 734 καὶ
1192 680 1481 752 Βαρδάνην
1536 680 1629 733 τὸν

111 776 411 845 στρατάρχην
457 772 518 825 τὸ
565 772 663 841 τῆς
707 771 987 839 βασιλείας
1022 773 1228 843 κράτος
1278 773 1630 843 ἐκϐιάζουσιν

108 860 449 931 ἀναδήσασθαι.
485 858 650 911 Ὀθεν
678 860 774 912 καὶ
816 860 879 912 τὸ
902 860 1002 930 τῆς
1032 861 1205 930 τύχης
1243 854 1398 923 οὗτος
1432 859 1630 926 ἄδηλον

107 954 258 1019 δεδιὼς
306 951 587 1022 διορατικῷ
636 966 746 1006 τινι
790 954 1161 1023 προσέρχεται
1207 954 1365 1023 ἀνδρὶ
1400 954 1469 1006 τὰ
1502 954 1631 1022 μέλ-

106 1051 235 1101 λοντα
266 1046 657 1117 μαθησόμενος,
696 1047 792 1098 καὶ
842 1046 906 1116 δὴ
946 1048 1041 1101 καὶ
1075 1045 1402 1117 μεμάθηκεν
1454 1045 1632 1098 ἀπλα-

106 1141 185 1203 νῶς
209 1140 366 1192 πάντα
398 1138 464 1191 τὰ
496 1137 911 1207 συμϐησόμενα.
934 1137 1037 1190 Τδν
1075 1137 1258 1207 μέντοι
1286 1137 1627 1208 Νικηφόρον,

106 1233 173 1286 διά
202 1248 256 1300 γε
280 1230 334 1282 τὸ
363 1230 443 1282 τὸν
482 1230 657 1299 μέγαν
678 1230 954 1299 Θεόδωρον
988 1229 1079 1282 τὸν
1122 1229 1411 1300 Στουδίτην
1456 1231 1621 1301 ὑπερ-

104 1328 222 1397 όριον
264 1324 475 1391 ποιῆσαι
506 1324 599 1377 τοῦ
629 1326 845 1379 δικαίου
898 1326 991 1379 καὶ
1021 1325 1131 1378 τῶν
1182 1327 1428 1379 κανόνων
1457 1326 1630 1396 ὑπερ-

104 1418 403 1486 λαλοῦντα,ή
446 1415 564 1468 θεία
625 1416 749 1486 δίκη
792 1417 1155 1489 μετέρχεται’
1191 1419 1332 1471 κατὰ
1383 1418 1629 1486 Βουλγά-

106 1529 189 1583 ρων
206 1512 298 1579 γὰρ
316 1509 720 1581 ἐκστρατεύσας
746 1511 802 1562 ὲν
833 1509 910 1581 τῷ
936 1509 1158 1581 πολέμῳ
1190 1510 1378 1563 πίπτει
1408 1514 1499 1565 καὶ
1530 1514 1629 1583 τὴν

105 1604 304 1673 κεφαλὴν
370 1604 710 1673 ἀφαιρεῖται.
775 1602 866 1674 Τῷ
932 1603 1089 1657 παιδὶ
1167 1605 1497 1676 Σταυρακίφ
1558 1608 1627 1661 τὰ

106 1696 314 1765 σκῆπτρα
373 1693 806 1766 καταλιμπάνει.
841 1695 1005 1750 Ἀλλὰ
1051 1697 1142 1750 καὶ
1186 1696 1528 1767 Σταυράκιος
1564 1700 1627 1753 ὲκ

109 1789 237 1857 μέσου
262 1788 436 1857 τάχιον
457 1787 671 1857 γίνεται
703 1789 843 1843 κατὰ
874 1789 1083 1857 ταύτην
1111 1790 1424 1863 τὴν“μάχην
1467 1792 1628 1865 δορα·
1661 1827 1703 1883 Β

108 1885 326 1951 τότρωτο;
349 1879 611 1953 γεγονὼς,
645 1883 929 1955 κρατήσας
970 1884 1151 1955 μῆνας
1185 1884 1299 1939 δύο.

158 2147 285 2202 Μετὰ
307 2148 358 2202 δὲ
390 2148 577 2203 τοῦτον
615 2152 817 2219 κρατεῖ¹
844 2150 1065 2221 Μιχαὴλ
1094 2152 1121 2206 6
1159 2152 1437 2221 Ῥαγγαςὶ
1471 2154 1498 2208 6
1536 2153 1629 2207 ἐπὶ

116 2240 289 2310 θυγατρὶ
322 2241 600 2313 Προκοπίᾳ
645 2242 739 2295 τοῦ
773 2242 1091 2313 Νικηφόρον
1123 2245 1375 2315 γαμσρδς
1409 2246 1504 2314 ἔτη
1562 2247 1626 2312 δ’,

120 2331 244 2400 μῆνις
289 2330 348 2397 θ’,
396 2334 423 2385 6
471 2334 567 2388 καὶ
601 2334 887 2403 βασιλείας
947 2335 1133 2400 ἄξιος·
1183 2338 1320 2407 πρὸς
1359 2337 1467 2407 γὰρ
1516 2341 1628 2401 τοῖς

114 2425 250 2488 ἄλλοις
299 2427 385 2479 καὶ
425 2430 549 2487 τοὺς
582 2430 643 2480 ὲν
679 2427 866 2499 ἑξορίᾳ
915 2428 1076 2492 ὄντας
1132 2429 1318 2497 ἁγίους
1352 2429 1632 2483 ἐπανεσώ-

114 2532 221 2568 σιτο.
244 2517 425 2571 Τοῦτον
451 2520 641 2587 μέντοι
683 2520 774 2572 τὸν
810 2521 1027 2590 Μιχαὴλ
1061 2523 1235 2592 ἀρχὴν
1265 2525 1293 2575 6
1328 2522 1630 2593 Σκυλίτζης
1662 2544 1673 2553 σ

111 2607 179 2659 τοῦ
208 2609 429 2677 χρονικοῦ
479 2611 652 2663 αὐτοῦ
693 2613 928 2663 ποιεῖται
980 2612 1387 2680 συντάγματος.
1428 2613 1489 2667 '0
1516 2612 1631 2667 δια-

110 2692 291 2760 ληφθεῖς
315 2696 606 2767 Βαρδάνης,
644 2698 809 2767 ἡνίκα
867 2699 1147 2769 προσῆλθε
1187 2702 1263 2770 τῷ
1313 2702 1455 2756 κατά
1480 2720 1541 2771 γε
1569 2702 1630 2755 τὸ

110 2784 365 2853 Φιλομξλιον
393 2789 692 2860 διορατικῷ
728 2790 969 2862 μοναχῷ,
1007 2795 1487 2863 συνεφεπομένους
1514 2789 1629 2864 εἶχε

109 2873 276 2928 Λέοντα
317 2877 395 2929 τὸν
449 2878 773 2949 Ἀρμένιον,
816 2880 1036 2950 Μιχαὴλ
1091 2882 1184 2933 τὸν
1222 2883 1469 2951 Τραυλὸν
1536 2884 1630 2936 καὶ

109 2963 271 3035 Θωμᾶν
315 2987 446 3025 τινα.
480 2973 592 3024 Καὶ
650 2974 679 3025 6
713 2962 832 3044 ’μὲν
869 2973 1155 3041 Βαρδάνης
1213 2974 1355 3026 κατὰ
1400 2973 1502 3044 τὴν
1532 2973 1635 3033 τοῦ

106 3060 298 3129 μοναχοῦ
346 3064 663 3135 πρόρρησιν
710 3063 1079 3134 ὲκτυφλοῦται
1131 3066 1450 3137 τυραννίδος
1479 3067 1626 3135 ἐφιέ-

107 3167 246 3217 μενος,
273 3154 296 3205 ὀ
325 3152 377 3207 δὲ
402 3153 550 3209 Λέων
613 3153 841 3226 ὕστερον
876 3156 968 3209 καὶ
1007 3158 1035 3209 6
1082 3156 1301 3229 Μιχαὴλ
1340 3159 1627 3230 ἐγκρατεῖς
1654 3176 1699 3236 ο

104 3242 178 3311 τῆς
221 3244 472 3314 βασιλείας
527 3247 806 3317 γίνονται.
861 3249 954 3316 Τῷ
1012 3249 1203 3317 μέντοι
1259 3250 1481 3327 Μιχαὴλ
1550 3250 1629 3321 τῷ

110 3331 336 3405 Ῥαγγαόὲ
380 3340 545 3410 ὴτῆς
601 3336 884 3408 βασιλείας
936 3338 1176 3412 ἀποϐολὴ
1228 3342 1320 3394 καὶ
1367 3342 1510 3397 οὕτω
1545 3342 1631 3395 δε-

104 3422 312 3491 δήλωται.
359 3429 636 3501 Παιδίσκη
685 3448 772 3494 τις
814 3432 1101 3502 οἰκογενὴς
1145 3427 1214 3505 ἦν
1258 3434 1338 3506 τῷ
1366 3435 1628 3508 Μιχαήλο

105 3515 210 3584 αὕτη
252 3520 380 3575 κατά
417 3539 479 3589 γε
528 3522 639 3585 τὰς
678 3522 970 3592 σεληνικὰς
1016 3524 1271 3590 συνόδους
1335 3527 1499 3581 πάθει
1533 3546 1632 3596 μα-

105 3607 195 3673 νίας
230 3611 487 3679 ἡλίσκετο.
531 3614 738 3667 Ἦνίκα
796 3614 927 3680 γοῦν
975 3617 1055 3686 τῷ
1103 3617 1269 3671 πάθει
1324 3618 1626 3691 συνείχετο,

103 3703 211 3756 κατά
233 3722 290 3772 γε
328 3705 416 3760 τὸν
457 3705 833 3761 Βουκολέοντα
862 3708 1087 3779 ἤρχετο,
1120 3711 1219 3765 καὶ
1254 3713 1629 3784 γεγωνότερον

104 3793 200 3847 ίῦόα
226 3800 348 3868 πρὸς
396 3801 483 3853 τὸν
518 3800 755 3869 βασιλέα
820 3819 838 3853 ι
882 3801 1156 3865 Κάτελθε,
1195 3802 1422 3858 κάτελθε
1446 3821 1460 3835 ·
1496 3805 1632 3859 ὑπο-

103 3887 233 3957 χώρει
272 3893 371 3946 τῶν
418 3894 728 3963 ἀλλοτρίων
764 3910 778 3925 ο
824 3911 843 3945 ι
889 3894 1106 3947 Γίνεται
1140 3894 1296 3949 τοῦτο
1344 3895 1627 3961 πολλάκις.

111 3980 462 4053 Ἐκπλήττεται
506 3989 534 4040 6
596 3985 871 4056 βασιλεύς.
913 3986 1323 4056 Κοινολογεῖται
1378 3989 1449 4043 τὰ
1500 3989 1632 4060 περὶ

101 4072 253 4127 τούτου
293 4078 472 4149 οίκιίῳ
515 4080 633 4133 οιτιν1⁸
669 4078 909 4150 Θεοδότῳ
958 4080 1223 4149 τοῦνομα.
1257 4081 1369 4135 Καὶ
1420 4078 1480 4144 δξ
1512 4081 1631 4151 ἅμα

56 4210 57 4219 η
100 4161 412 4230 τῷγενέσθαι
439 4168 502 4222 τὸ
544 4168 808 4242 κοράσιον
856 4170 935 4242 τῷ
985 4170 1201 4241 δαίμονι
1241 4171 1477 4240 κάτοχον
1519 4172 1629 4225 διες

100 4258 219 4326 ρωτᾷ
236 4276 290 4312 τε
318 4260 446 4315 αὐτὸ
471 4262 572 4316 καὶ
606 4260 868 4332 μανθάνει
900 4261 1007 4318 τίνι
1036 4266 1308 4333 προσήκει
1351 4263 1412 4317 τὸ
1454 4264 1632 4318 παλάσ-

98 4358 185 4397 τιον
225 4350 312 4403 καὶ
368 4353 530 4405 ὁποῖα
583 4349 653 4405 τὰ
701 4351 898 4404 τούτου
940 4352 1323 4423 γνωρίσματα.
1365 4352 1425 4406 '0
1467 4354 1522 4407 δὲ
1561 4350 1630 4425 ἦν

97 4433 219 4492 Λέων
268 4442 294 4493 6
345 4441 655 4513 ’Δρμένιος.
693 4443 834 4497 Πολὺ
890 4443 951 4497 τὸ
1010 4444 1068 4498 ἐν
1126 4445 1281 4516 μέσῳ
1323 4448 1421 4499 καὶ
1476 4446 1629 4514 παρὰ

1741 380 1935 443 mes
1978 385 2077 446 tv.
3065 432 3109 477 ,,
3198 394 3298 455 sit

1789 498 1926 552 Cum
1969 508 2151 553 autem
2204 497 2554 570 Nicephorus
2590 505 2730 558 male
2775 502 3065 575 imperium
3121 503 3300 558 admi—

1733 592 2011 656 nistraret,
2067 607 2255 646 rumor
2298 593 2351 646 in
2395 594 2596 662 populo
2636 596 2921 650 turbarum
2972 597 3165 666 plenus
3212 605 3299 652 est

1731 682 1941 736 diditus
1989 682 2334 751 excitataque
2365 684 2565 739 seditio
2610 688 2969 756 gravissima:
3000 688 3158 757 cujus
3203 702 3298 742 oc-

1732 776 1955 831 casione
1988 777 2211 843 quidam
2244 778 2546 833 Bardanem
2579 780 2861 849 copiarum
2892 781 3089 837 ducem
3125 783 3299 851 impe-

1730 869 1873 923 rium
1899 870 2004 924 sibi
2034 871 2316 926 vindicare
2346 882 2569 943 cogunt.
2600 873 2695 927 Ille
2726 890 2856 929 vero
2886 875 3118 929 fortuna:
3142 892 3297 930 reve—

1731 960 1872 1014 ritus
1922 961 2372 1029 inconstantiam,
2402 966 2579 1017 virum
2620 964 2914 1034 quemdam
2962 964 3077 1019 adit
3111 966 3297 1020 futura

1730 1051 2104 1120 prospiciendi
2133 1053 2182 1106 vi
2216 1053 2528 1123 praeditum,
2556 1063 2615 1108 ut
2639 1052 2771 1123 quid
2802 1062 3125 1110 eventurum
3156 1063 3303 1108 esset

1732 1153 2127 1209 cognosceret;
2181 1144 2232 1197 id
2281 1144 2428 1214 quod
2462 1146 2600 1200 citra
2640 1160 2857 1201 omnem
2886 1160 3128 1201 errorem
3168 1160 3301 1199 con-

1733 1241 1955 1289 secutus
2005 1234 2126 1290 fuit.
2179 1237 2448 1306 Deinceps
2486 1238 2856 1307 Nicephorum
2913 1238 3300 1307 imperatorem

1731 1336 2019 1396 propterea
2079 1327 2226 1396 quod
2294 1330 2552 1383 eximium
2619 1329 2885 1384 Studiano
2956 1344 2988 1383 e
3069 1327 3302 1397 collegio

1731 1418 1909 1470 virum
1938 1416 2286 1472 Theodorum
2322 1420 2375 1483 in
2409 1419 2665 1474 exsilium
2690 1422 2911 1490 egisset,
2944 1420 3175 1490 justitiac
3212 1434 3301 1472 sa-

1738 1509 1954 1575 crisque
2001 1509 2304 1563 canonibus
2344 1512 2799 1578 patrocinantcm,
2829 1510 3075 1565 vindicta
3116 1509 3299 1563 divina

1730 1601 1986 1669 persequi
2020 1600 2209 1668 cmpit.
2242 1600 2379 1655 Nam
2413 1611 2604 1656 contra
2652 1601 2916 1670 Bulgaros
2949 1598 3299 1668 expeditione

1730 1698 1983 1760 suscepta
2031 1690 2266 1760 quodam
2327 1692 2383 1746 in
2433 1692 2619 1761 praelio
2679 1691 2902 1757 cecidit,
2942 1690 3196 1744 hostibus
3245 1691 3296 1741 ei

1731 1790 1895 1845 caput
1926 1782 2590 1850 amputantilrustpcrii
2612 1780 2980 1850 gubernacula
3014 1779 3299 1833 Stauracio

1729 1871 1842 1925 tilio
1873 1872 2116 1942 reliquit.
2146 1872 2347 1927 Verum
2385 1873 2429 1927 is
2468 1889 2687 1943 quoque
2716 1872 2972 1927 celeriter
3002 1870 3297 1925 admodum

1728 1977 1759 2017 e
1785 1963 1965 2017 medio
1992 1963 2245 2019 sublatus
2276 1974 2382 2032 est,
2408 1964 2512 2020 hrc
2544 1965 2660 2037 ipsa
2692 1965 2747 2018 in
2782 1979 2959 2033 pugna
2986 1963 3094 2017 ictu
3133 1961 3300 2015 hastae

1731 2055 2070 2111 vulneratus.

1801 2145 2081 2201 Successit
2114 2144 2167 2199 in
2198 2144 2426 2215 imperio
2459 2145 2753 2201 liichaelus
2787 2146 3094 2214 Rangabes,
3133 2144 3299 2200 Nice-

1731 2238 1887 2306 phori
1920 2253 2108 2307 gener,
2144 2247 2200 2291 ut
2230 2238 2318 2293 cui
2368 2247 2599 2308 nuptum
2635 2238 2725 2291 ille
2777 2237 2940 2291 filiam
2970 2238 3299 2307 Procopiam

1730 2328 1982 2384 dederat.
2020 2328 2204 2383 Rebus
2233 2327 2459 2382 omnino
2490 2343 2587 2397 per
2620 2343 2793 2382 annos
2819 2338 3056 2397 quatuor
3083 2344 3302 2384 menses

1731 2434 1927 2473 novem
1967 2417 2217 2487 praefuit,
2280 2418 2367 2473 vir
2406 2416 2565 2488 plane
2616 2418 2815 2488 dignus
2863 2418 3114 2487 imperio.
3164 2419 3300 2473 Nam

1731 2520 1930 2583 praeter
1953 2511 2059 2566 alia
2086 2527 2206 2582 qua:
2229 2512 2493 2582 przeclara
2526 2513 2677 2577 fecit,
2712 2513 2877 2566 etiam
2910 2514 3059 2566 viros
3083 2522 3303 2567 sanctos

1730 2604 1799 2659 ab
1833 2604 2031 2658 exsilio
2064 2611 2353 2658 revocatos
2387 2603 2442 2656 in
2471 2601 2748 2672 integrum
2778 2601 3042 2656 restituit.
3088 2600 3170 2656 Ab
3200 2601 3305 2654 hoc

1730 2693 1996 2751 Michaelo
2023 2707 2250 2749 suorum
2268 2692 2558 2749 Annalium
2576 2693 2832 2747 volumen
2856 2692 3119 2763 Scylitzcs
3140 2706 3304 2746 orsus

1730 2794 1837 2841 est.
1875 2784 2123 2840 Diximus
2166 2792 2325 2839 antea
2360 2783 2429 2839 de
2484 2781 2753 2837 Bardane.
2794 2781 2912 2849 Quo
2956 2792 3202 2851 temporc
3256 2782 3303 2837 is

1732 2877 2065 2931 monachum
2092 2875 2244 2930 illum
2274 2873 2461 2929 futura
2481 2872 2855 2942 prospiciendi
2886 2873 3144 2927 facultate
3168 2888 3306 2942 pra:-

1731 2969 1942 3031 ditum,
1989 2967 2082 3035 qui
2125 2965 2357 3034 degebat
2402 2964 2459 3017 in
2511 2964 2863 3027 Philomilio,
2915 2964 3301 3027 conveniebat,
3374 2968 3375 2971 “

1730 3056 1961 3112 comites
1997 3053 2238 3108 habebat
2276 3066 2464 3108 secum
2516 3049 2755 3106 Leonem
2800 3048 3157 3112 Armenium,
3204 3048 3305 3101 Mi-

1731 3148 1986 3204 chaelum
2018 3145 2247 3202 Balbum
2295 3152 2352 3200 et
2383 3145 2549 3199 alium
2583 3142 2874 3214 quemdam
2927 3149 3298 3212 cognomento

1730 3240 2022 3296 Thomam.
2066 3239 2142 3295 Ex
2180 3237 2269 3293 his
2302 3246 2541 3309 quatuor
2590 3236 2804 3308 primus
2851 3233 3129 3289 Bardanes
3164 3231 3302 3289 aﬂe-

1727 3341 1874 3389 ctato
1941 3331 2175 3400 imperio
2228 3326 2533 3384 secundum
2564 3325 2821 3381 monachi
2886 3323 3300 3395 praedictionem

1727 3424 1919 3480 oculos
1950 3423 2155 3490 amisit,
2178 3422 2317 3477 alter
2351 3420 2463 3475 Leo
2508 3420 2767 3488 idemque
2802 3416 3098 3473 Michaclus
3131 3416 3305 3485 impe-

1727 3520 1813 3574 rio
1860 3517 2126 3586 deinceps
2186 3516 2348 3587 potiti
2396 3522 2548 3569 sunt.
2600 3506 2783 3571 Etiam
2844 3511 2975 3565 huic
3024 3509 3299 3566 Michaelo

1729 3610 1974 3683 Rangabi
2042 3609 2147 3663 hoc
2195 3607 2432 3678 quodam
2486 3604 2651 3661 modo
2714 3602 2931 3674 imperii
2982 3599 3303 3658 denuntiata

1728 3703 1835 3760 fuit
1873 3700 2124 3757 amissio.
2153 3699 2390 3757 Vernam
2423 3696 2718 3767 quamdam
2753 3694 3009 3748 ancillam
3039 3691 3301 3756 habebat,

1729 3810 1853 3869 quae
1883 3794 1986 3850 sub
2014 3795 2157 3847 lunae
2186 3806 2313 3846 cum
2342 3790 2457 3844 sole
2493 3788 2655 3858 287
2682 3786 2832 3841 coitu
2882 3785 3070 3841 furore
3119 3782 3304 3839 corri-

1731 3886 2011 3959 piebatur.
2049 3881 2276 3950 Quoties
2312 3880 2479 3951 igitur
2517 3878 2621 3932 hoc
2671 3875 2815 3929 malo
2869 3873 3195 3936 vexabatur,
3230 3869 3298 3923 ad

1729 3977 2119 4034 Bucoleontem
2179 3974 2309 4043 (loci
2361 3973 2467 4026 hoc
2516 3984 2714 4025 nomen
2765 3976 2869 4032 est,
2933 3980 2963 4020 a
3017 3963 3301 4020 collocatis

1731 4070 1805 4126 ibi
1847 4069 2002 4124 bovis
2031 4065 2321 4134 leonisque
2376 4063 2599 4128 statuis)
2641 4076 2698 4117 se
2744 4058 3104 4122 conferebat,
3139 4066 3196 4111 et
3231 4057 3298 4113 ad

1731 4164 2118 4232 imperatorem
2184 4155 2516 4212 contentiori
2565 4167 2701 4208 voce
2772 4149 3085 4206 clamabat:
3124 4166 3142 4199 ι
3191 4147 3300 4201 De.

1730 4252 1973 4318 scende,
2015 4248 2312 4313 descende,
2363 4257 2528 4319 atque
2566 4244 2761 4300 alienis
2791 4243 2945 4300 cede.
2996 4261 3011 4293 ι
3060 4240 3198 4296 Cum
3243 4238 3298 4291 id

1731 4346 1931 4415 saepius
1978 4341 2276 4404 accideret,
2313 4340 2615 4410 imperator
2650 4347 2798 4391 metu
2853 4334 3139 4405 perculsus
3179 4346 3295 4383 rem

1733 4446 1901 4492 totam
1925 4448 2051 4488 cum
2083 4432 2336 4486 familiari
2369 4430 2605 4501 quodam
2638 4444 2763 4495 suo,
2792 4426 2880 4481 cui
2922 4440 3120 4479 nomen
3155 4431 3305 4487 esset

96 4524 281 4602 Μιχαὴλ
316 4512 600 4607 πέμπεται
634 4534 770 4607 πρὸς
825 4534 925 4605 τῆς
970 4535 1047 4589 ἕω
1099 4512 1401 4607 στρατηγὸς
1432 4540 1460 4591 ὁ
1500 4512 1627 4608 Ἀρ-

1735 4525 2027 4590 Theodoti,
2088 4522 2483 4578 communicat.
2543 4519 2590 4574 ls
2644 4516 3059 4586 cum‘primum
3119 4512 3301 4583 puella

96 4619 264 4685 μένιος.
299 4622 429 4679 Εἶτα
471 4627 806 4697 μετέρχεται
836 4627 895 4681 τὸ
926 4627 1344 4697 στρατιωτικὸν,
1371 4629 1623 4700 ἀνταίρει

94 4709 210 4762 κατὰ
248 4713 484 4786 Μιχαὴλ.
528 4715 783 4785 Τρίχινον
818 4716 1007 4769 λοιπὸν
1052 4710 1207 4781 οὗτος
1237 4717 1502 4785 ἐνδύεται,
1533 4719 1627 4771 καὶ

93 4796 175 4864 τῆς
205 4801 469 4871 βασιλείας
503 4806 644 4861 ἑκὼν
678 4808 1058 4873 ὑπεξίσταται.

1733 4620 1879 4676 malo
1926 4633 1956 4672 a
2013 4616 2174 4686 genio
2238 4613 2637 4682 corriperetur,
2689 4609 2892 4680 quibus
2952 4622 3018 4661 ex
3082 4604 3304 4659 indiciis

1729 4711 1957 4787 agnosci
1997 4718 2184 4780 posset
2219 4704 2573 4777 imperatoris
2618 4716 2931 4766 succesmr,
2971 4700 3299 4766 interrogat.

1730 4802 2136 4864 Animadvertit
2186 4800 2295 4854 illis
2345 4796 2612 4867 expositis
2679 4792 2921 4849 Leonem
2978 4789 3301 4846 Armenium

94 4892 391 4966 signiﬁcari;
419 4901 516 4970 qui
538 4915 695 4956 exeo
725 4910 971 4972 tempore
996 4902 1099 4957 sibi
1132 4903 1441 4959 conciliatis
1471 4901 1812 4963 exercitibus
1870 4905 2061 4952 contra
2122 4890 2450 4947 Michaelum
2490 4902 2642 4943 arma
2683 4886 2873 4943 sumit.
2907 4885 2986 4947 Eo
3019 4883 3306 4955 Bangabes

91 4991 277 5057 cognito
307 5008 557 5062 asperam
588 5004 794 5049 vestem
830 4994 1027 5060 induit,
1055 5005 1113 5050 et
1149 4996 1381 5066 imperio
1426 5005 1624 5066 sponte
1663 5009 1763 5052 sua
1787 4990 1955 5048 cedit.

150 5085 337 5152 Κριτεί
390 5086 485 5140 οὖν
541 5090 681 5156 μετὰ
736 5089 831 5142 τὸν
889 5087 1164 5158 Ῥαγγαὸὲ
1242 5092 1270 5143 ὁ
1338 5089 1629 5158 Ἀρμένιος

92 5170 171 5242 ἔτη
221 5177 280 5240 ζ’,
322 5179 497 5249 μῆνας
550 5187 612 5235 ε’.
672 5181 785 5234 Καὶ
840 5180 1146 5250 τηνικαῦτα
1188 5180 1251 5234 τὸ
1316 5181 1475 5251 γένος
1540 5198 1630 5250 φι-

92 5261 317 5322 ἳονεικῶν
363 5271 615 5342 ἐκτρίψαι
649 5271 743 5326 τοῦ
792 5271 1035 5345 Μιχαὴλ,
1072 5273 1140 5326 τὰ
1192 5274 1485 5341 παιδογόνα
1529 5272 1625 5326 τοῦ

93 5352 259 5418 πιιδὺς
308 5358 471 5411 αὑτοῦ
517 5360 705 5430 μόρια,
818 5360 991 5430 ὄνομα
1046 5361 1313 5430 Νικήτας,
1350 5362 1625 5431 ἐκτέμνει,

95 5444 157 5511 μή
186 5462 305 5500 πἰτε
343 5450 616 5515 τεκνώσας
650 5451 927 5522 ἀμύνηται
954 5453 1142 5506 αὐτόν.
1179 5452 1272 5516 El;
1303 5451 1500 5523 ἄνδρας
1532 5448 1627 5506 οὖν

92 5532 114 5581 ὁ
150 5537 265 5600 mi;
313 5539 467 5603 οὗτος
505 5542 745 5613 ἔρχεται,
777 5542 873 5594 καὶ
919 5543 1017 5612 τῆς
1047 5545 1174 5607 νέας
1218 5545 1453 5612 ταυτησὶ
1492 5542 1627 5596 Ῥώ-

96 5636 189 5688 μης
232 5625 514 5697 ἀρχιερεὺς
562 5631 919 5700 χρηματίζει,
954 5631 1324 5703 μετακληθεὶς
1368 5634 1631 5699 Ἰγνάτιος

94 5712 141 5764 ὲν
186 5720 459 5781 μεταθέσει
505 5722 639 5789 βίου.
688 5724 747 5775 '0
792 5723 849 5775 δὲ
899 5723 1051 5775 Λέων
1108 5725 1252 5777 κατὰ
1298 5725 1406 5776 τῶν
1458 5725 1629 5791 ἁγίων

100 5804 299 5860 εἰκόνων
318 5809 610 5877 ἀλλίςεται.
653 5814 721 5877 ’11
746 5812 801 5877 δὲ
827 5814 971 5866 613130-
1003 5813 1250 5885 τοιαύτη·
1294 5814 1352 5869 Ὁ
1391 5833 1627 5888 προθρλ’

1807 5085 1922 5139 lloc
1978 5079 2141 5135 modo
2207 5087 2331 5147 post
2388 5073 2704 5145 Rsngabem
2746 5071 3039 5127 Armenius
3078 5070 3170 5125 hic
3218 5085 3307 5125 δι’-ε

1736 5185 1883 5247 ptem
1919 5187 2091 5227 annos
2143 5169 2385 5239 quinque
2433 5180 2648 5221 menses
2699 5180 2882 5219 rerum
2940 5164 3306 5247 potitus_est.

1734 5267 1874 5323 Ante
1897 5265 2081 5318 omnia
2103 5258 2345 5315 studiose
2362 5256 2511 5311 dedit
2531 5270 2752 5325 operam
2782 5264 2841 5310 ut
2858 5254 3107 5309 Michaeli
3134 5267 3314 5325 genus

1736 5354 2113 5411 cxscinderet.
2151 5352 2503 5419 Quapropter
2552 5348 2808 5418 genitalia
2862 5347 2957 5401 lilii
3011 5349 3153 5416 ejus,
3206 5343 3309 5413 qui

1730 5449 1937 5504 Nicetaa
1968 5459 2165 5499 nomen
2194 5441 2450 5501 habebat,
2470 5439 2733 5497 resecuit,
2774 5453 2843 5492 ne
2880 5438 3018 5491 forte
3046 5450 3302 5505 procrea-

1736 5541 1804 5596 tis
1834 5536 2131 5608 aliquando
2161 5534 2354 5588 liberis
2383 5531 2684 5586 vindictam
2717 5529 2785 5584 de
2820 5528 3007 5583 Leone
3038 5535 3302 5591 sumeret,

1732 5632 1782 5686 ls
1816 5644 1954 5701 puer
2000 5628 2093 5682 ubi
2126 5626 2342 5679 virilem
2380 5623 2447 5677 ad
2494 5631 2711 5677 aetatem
2750 5618 3111 5688 pervenisset,
3147 5615 3313 5671 urbis

1734 5726 1897 5791 hujus
1932 5723 2095 5777 Novae
2136 5720 2321 5774 Roma:
2356 5715 2599 5786 pontifex
2636 5722 2857 5767 creatus
2889 5721 2990 5772 est,
3026 5724 3147 5761 cum
3185 5708 3304 5775 ipsa

1734 5818 1857 5882 vita:
1913 5813 2216 5873 mutatione
2273 5809 2493 5873 diverso
2562 5806 2726 5861 etiam
2783 5819 2811 5858 a
2862 5802 3029 5885 priori
3084 5799 3309 5865 nomine
