3798 6230
479 432 583 492 535

1738 429 2161 491 MICHAELIS
2200 429 2458 490 GLYCA!

3594 426 3681 489 53G

480 548 684 597 ascito:
712 558 834 602 nam
854 560 947 613 pro
967 543 1151 598 Niceta
1167 544 1406 615 lgnatius
1422 545 2049 615 appellatusest.Secun-

2158 519 2308 613 τίκδς
2339 549 2548 610 ἐκεῖνος
2592 544 2820 615 τελευτᾷ
2857 540 3112 616 μοναχός.
3144 538 3454 610 Διοεέχεται
3489 537 3550 591 τδ
3586 539 3690 593 κελ-

479 636 607 688 duut
663 637 775 688 lucc
827 634 935 689 Leo
980 652 1040 690 se
1087 645 1276 691 contra
1326 654 1509 694 sacras
1559 638 1821 709 imagines
1863 648 2041 694 armat

481 724 791 793 huiusmodi
838 742 1002 796 causa
1052 729 1342 798 impulsus.
1378 729 1590 784 Mortuo
1631 730 1900 786 monacho
1946 731 2042 801 qui

481 818 661 870 futura
707 818 1121 887 prospiciebat,
1166 822 1219 874 in
1265 821 1387 891 ejus
1430 822 1564 876 cella
1617 821 1839 892 quidam
1900 822 2042 876 alius

482 908 786 964 tit-inachus
836 911 1125 975 successit,
1170 911 1263 980 qui
1303 910 1599 967 Sabbatius
1641 912 1950 967 dicebatur.
1990 913 2042 969 Is

484 996 649 1051 Leoni
684 1000 946 1067 persuasit
984 1010 1041 1055 ut
1072 1017 1256 1056 Sacras
1303 1002 1567 1072 imagines
1613 1018 1645 1057 e
1677 1004 1858 1057 medio
1887 1004 2046 1058 tolle-

484 1098 584 1143 ret.
617 1089 830 1160 Quippe
861 1090 972 1146 Leo
1001 1102 1332 1148 consecutus
1365 1093 1681 1164 imperium,
1717 1094 1812 1149 ubi
1845 1094 2044 1164 praedi-

482 1182 721 1233 ctionem
778 1181 928 1235 illius
983 1183 1233 1236 monachi
1282 1184 1348 1236 ad
1399 1184 1639 1237 animum
1701 1194 2039 1249 revocasset,

483 1270 732 1336 quaedam
766 1269 833 1323 ad
881 1271 1032 1324 illum
1071 1286 1295 1325 munera
1339 1271 1488 1327 mid‘t
1525 1271 1840 1328 declarandi
1871 1274 2041 1328 animi
2120 1266 2130 1276 ’

484 1362 620 1427 grati
665 1376 849 1416 causa.
886 1362 1023 1417 Cum
1055 1373 1236 1418 autem
1274 1363 1447 1434 ipsius
1477 1365 1601 1421 loco
1638 1366 1929 1423 Sabbslius
1960 1368 2045 1422 in-

484 1461 680 1506 ventus
728 1463 894 1518 esset,
950 1454 1272 1525 perscriptis
1320 1457 1411 1511 ille
1458 1456 1660 1513 litteris
1726 1458 2043 1528 imperatori

486 1553 753 1596 terrorem
789 1544 963 1614 injicit
1009 1556 1064 1600 et
1109 1547 1461 1602 amissionem
1511 1548 1730 1618 imperii
1780 1550 2040 1618 mittatur,

487 1634 539 1684 ui
582 1648 766 1687 sacras
799 1634 1065 1707 imagines
1094 1648 1389 1696 everteret.
1419 1640 1557 1694 Hinc
1601 1641 1691 1695 illa
1724 1642 2046 1697 simulacro-

487 1740 605 1777 rum
631 1725 827 1780 excidii
859 1726 1073 1783 flamma
1111 1731 1162 1783 in
1214 1731 1393 1786 Leone
1423 1747 1648 1787 accensa
1700 1742 1803 1787 est.
1837 1735 2042 1790 Eodem

486 1825 733 1883 tempore
750 1817 1084 1875 clarissimus
1104 1821 1193 1875 ille
1215 1821 1521 1890 patriarcha
1543 1823 2043 1892 Nicephorus,cum

485 1907 684 1961 adduci
731 1924 843 1963 non
889 1921 1075 1979 posset
1130 1922 1185 1965 ut
1238 1912 1539 1984 imaginum
1581 1916 2047 1985 oppugnatioitem
2079 1890 2123 1950 Β

489 1997 768 2064 probaret,
801 1999 978 2052 solum
1011 2002 1430 2071 verterejussus
1465 2015 1548 2059 est
1573 2020 1637 2060 ac
1665 2007 1717 2058 in
1750 2007 2052 2062 Prtecone-

488 2102 609 2139 sum
661 2085 1007 2155 deportatus,
1041 2104 1164 2143 cum
1200 2090 1425 2160 quidem
1481 2092 1534 2147 id
1569 2103 1895 2150 eventurum
1943 2096 2048 2152 sibi

490 2176 660 2231 multo
684 2189 814 2232 ante
847 2180 1215 2247 cognovisset,
1248 2197 1312 2236 ac
1335 2184 1568 2239 Leonem
1603 2185 1903 2242 Eeclesiam
1934 2203 2056 2260 per-

489 2266 861 2321 turbaturum.
907 2267 1040 2322 Nam
1091 2284 1216 2324 cum
1271 2270 1464 2329 beatus
1529 2275 1757 2333 antistes
1803 2277 2054 2335 diadema

490 2357 656 2426 capiti
709 2357 913 2413 Leonis
957 2359 1284 2429 imponeret,
1327 2364 1477 2418 visus
1523 2366 1629 2420 sibi
1669 2366 1849 2424 fuerat
1880 2371 2055 2441 spinis

489 2464 554 2502 ac
597 2449 814 2504 tribulis
862 2466 1083 2505 manum
1117 2455 1430 2524 compungi.
1461 2454 1598 2510 Cum
1626 2468 1808 2512 autem
1839 2460 2056 2531 navigio

490 2541 545 2595 in
595 2542 848 2597 exsilium
926 2544 1276 2613 aveheretur,
1320 2546 1463 2602 forte
1519 2558 1703 2605 rectus
1760 2550 2055 2621 aliquando

492 2629 675 2684 stabat
723 2640 778 2686 et
811 2633 1104 2701 quemde
1139 2634 1436 2692 salutabat.
1478 2635 1854 2709 interrogatus
1889 2641 2053 2711 quid-

490 2736 617 2773 nam
665 2720 770 2777 hoc
813 2722 920 2777 sibi
970 2724 1132 2778 vellet
1172 2741 1407 2794 quemve
1456 2727 1767 2786 salutaret:
1809 2749 1828 2782 ι
1875 2730 2058 2788 Theo-

490 2811 748 2881 phanem,
795 2813 996 2883 inquit,
1056 2815 1428 2872 confessorem
1460 2827 1517 2873 et
1552 2820 1679 2889 Agri
1710 2821 2053 2892 praefectum,

489 2892 584 2973 qui
617 2904 791 2959 cereis
818 2914 875 2960 et
904 2904 1087 2961 suﬂitu
1120 2922 1220 2962 nos
1247 2907 1475 2979 excipit.
1515 2927 1534 2961 ι
1561 2910 1699 2966 lline
1724 2910 1834 2967 Leo
1865 2928 2054 2970 secum
2102 2906 2107 2911 ’

486 3010 724 3073 expensa
751 2999 1005 3054 monachi
1039 2996 1413 3069 prtedictione,
1431 3002 1760 3059 Micltaelum
1779 3004 2052 3078 (Balbum)

493 3088 551 3142 in
598 3088 837 3145 vinculis
878 3089 1180 3148 detinebat.
1217 3093 1313 3148 Vel
1366 3094 1550 3164 potius
1582 3095 1700 3165 ipse
1728 3097 2052 3175 Michaelus,

489 3180 588 3250 qui
623 3180 789 3236 homo
821 3192 969 3239 esset
996 3183 1173 3239 audax
1204 3197 1258 3284 et
1281 3185 1595 3284 impudens.
1627 3189 1731 3244 hoc
1757 3190 1861 3246 sibi
1886 3191 2055 3262 288
2082 3224 2127 3284 α

494 3273 627 3333 mali
670 3275 1075 3342 arcessiverat;
1122 3275 1453 3347 tandemque
1501 3278 1782 3335 decretum
1826 3293 2053 3339 senatus

489 3363 829 3437 publicatum
876 3363 999 3428 fuit,
1054 3381 1165 3435 quo
1213 3366 1510 3424 Michaelus
1556 3360 1664 3442 igni
1717 3376 2052 3431 concremari

484 3454 809 3525 jubebatur.
840 3452 898 3510 ld
934 3457 1160 3515 omnino
1188 3460 1239 3515 ei
1272 3462 1642 3528 usuvenisset,
1671 3464 1717 3519 si
1748 3480 1857 3520 non
1883 3464 2056 3536 impe-

489 3547 664 3599 ratrix
728 3545 844 3618 ipsa
907 3547 1125 3604 facinus
1180 3548 1580 3620 impedivisset.
1618 3555 1755 3609 Nam
1809 3555 1897 3610 illa
1952 3572 2055 3627 pro

493 3636 760 3693 Michaelo
779 3639 1242 3709 deprecansinter
1266 3643 1371 3698 alia
1400 3644 1711 3714 proferebat
1733 3644 1789 3701 in
1813 3648 2054 3703 medium

492 3727 789 3785 instantem
825 3744 1193 3791 sacrosanctae
1246 3731 1452 3791 Christi
1506 3736 1822 3796 Nativitatis
1882 3740 2054 3796 diem.

489 3819 864 3879 Nihilominus
913 3823 1025 3880 Leo
1069 3840 1168 3896 per
1198 3825 1493 3895 insomnia,
1531 3844 1629 3900 per
1670 3830 1925 3897 oracula,
1958 3847 2058 3902 per

491 3908 600 3963 alia
626 3911 876 3980 quaedam
910 3915 1181 3985 ejusmodi
1225 3916 1451 3972 territus
1481 3917 1683 3972 caedem
1721 3919 1844 3988 ejus
1875 3930 2056 3975 matu-

493 4001 672 4055 rabat.
700 4002 784 4056 Ad
810 4018 965 4057 suam
996 4021 1216 4076 quoque
1245 4008 1538 4078 coniugem
1570 4010 1776 4066 dixisse
1806 4011 2061 4082 perhibe-

496 4102 615 4146 tur:
640 4091 787 4147 «Τυιι
816 4095 1035 4164 quidem
1063 4110 1230 4166 opera
1259 4096 1557 4155 Michaelus
1577 4102 1688 4171 jam
1715 4101 2013 4159 dimittitur
2039 4119 2054 4158 :

496 4197 687 4236 verum
718 4185 848 4253 quid
881 4190 1201 4241 secuturum
1236 4189 1328 4256 sit,
1371 4201 1427 4244 tu
1473 4192 1661 4262 tuique
1705 4195 1863 4251 liberi
1894 4201 2058 4269 paulo

495 4279 621 4340 post
658 4278 1020 4344 cognoscetis.
1056 4296 1075 4330 ι
1106 4279 1226 4333 Νοιι
1260 4297 1456 4351 magno
1483 4286 1744 4354 temporis
1773 4287 2058 4360 interjecto

495 4365 676 4434 spatio
729 4365 1028 4424 Michaelus
1057 4371 1284 4427 oraculo
1345 4373 1524 4431 fretus
1583 4380 1862 4447 monachi,
1890 4383 2060 4453 icujus

493 4459 830 4513 mentionem
860 4461 1150 4530 aliquoties
1184 4461 1439 4532 fecimus,
1465 4481 1559 4523 eas
1606 4469 1750 4538 ipsas
1802 4470 2055 4545 insidias,

2146 640 2260 696 λίον
2304 641 2472 696 αὑτοῦ
2520 640 2753 709 μοναχδς
2801 637 2979 699 ἀλλος,
3021 634 3318 695 Σαϐϐάτιος
3364 627 3688 700 τοῦνομα,δς

2147 738 2242 792 καὶ
2275 736 2451 790 πείθει
2478 736 2572 789 τὸν
2608 734 2815 788 Λέοντα
2858 734 2923 786 ὲκ
2957 731 3123 802 μέσου
3152 730 3380 798 ποιῆσαι
3407 727 3508 791 τὰς
3548 727 3691 796 ἁγίας

2147 827 2385 892 εἰκόνας.
2414 828 2475 881 '0
2512 825 2621 897 γάρ
2653 824 2808 879 Λέων
2834 824 2931 893 τῆς
2974 821 3253 892 βασιλείας
3275 820 3466 883 ὲπιϐἀς
3493 821 3587 874 καὶ
3606 818 3690 889 τῆς

2147 918 2244 973 τοῦ
2279 917 2515 990 μοναχᾳῦ
2542 916 2906 988 προρρήσεως
2939 912 3302 984 ἐπιμνησθεὶς
3332 913 3541 966 στέλλει
3571 913 3693 983 τάχα

2149 1010 2287 1081 πρὸς
2310 1009 2521 1081 ,ἐκεῖνόν
2550 1026 2702 1071 τινας
2741 1006 3011 1077 ἀμοιϐάς·
3038 1004 3285 1074 εὑρεθεὶς
3326 1005 3381 1058 δὲ
3424 1004 3453 1056 6
3502 1004 3693 1059 Σαϐϐά-

2150 1119 2264 1165 τιος
2291 1101 2447 1166 οὗτος
2487 1100 2860 1170 καταπλήττει
2902 1116 2963 1153 τε
2995 1098 3084 1153 διά
3104 1097 3347 1169 γραφῆς,
3371 1098 3465 1151 καὶ
3495 1096 3691 1150 ἔκπτω-

2153 1208 2238 1247 σιν
2271 1193 2371 1260 τῆς
2404 1191 2682 1262 βασιλείας
2714 1189 2932 1245 ἀπειλεῖ
2960 1192 3008 1244 εί
3048 1189 3124 1260 μὴ
3156 1190 3257 1252 τάς
3290 1189 3505 1251 είκόνας
3543 1187 3693 1251 αὐτάς

2150 1284 2598 1354 καταστρέψειεν.
2634 1282 2918 1338 Ἐντεῦθεν
2951 1284 2986 1355 ἡ
3020 1280 3122 1351 τῆς
3150 1279 3540 1350 είκονομαχίας
3572 1295 3691 1346 τινί)⁴

2151 1378 2285 1431 καῖά
2326 1374 2405 1445 τῷ
2460 1374 2691 1446 βασιλεῖ,
2725 1374 2917 1428 Λέοντι
2965 1371 3360 1426 ὑπανάπτεται.
3401 1368 3691 1439 Τηνικαῦτα

2154 1468 2251 1525 καὶ
2283 1470 2390 1521 ὁὲν
2426 1465 2800 1538 πατριάρχαις
2834 1464 3077 1532 ἀοίδιμος
3114 1462 3426 1530 Νικηφόρος
3476 1460 3554 1530 μὴ
3595 1477 3695 1513 πει-

2152 1556 2302 1617 σθεὶς
2333 1557 2400 1627 τῇ
2433 1551 2791 1622 είκονομαχίᾳ
2813 1550 3101 1605 συνθέσθαι
3133 1548 3409 1616 ὲξόριστος
3439 1550 3519 1612 είς
3559 1549 3693 1617 Προι-

2151 1644 2380 1714 κόνησον
2419 1641 2650 1710 γίνεται,
2688 1640 2785 1693 καὶ
2836 1639 2943 1708 πρὸ
2993 1636 3190 1691 πολλοῦ
3221 1635 3380 1690 τοῦτο
3417 1636 3592 1702 εἰδὼς,
3617 1637 3691 1689 καὶ

2150 1737 2232 1789 ὅτι
2267 1734 2493 1805 ταράξει
2530 1734 2628 1805 τὴν
2649 1730 2980 1802 Ἐκκλησίαν
3007 1732 3036 1784 6
3074 1728 3226 1784 Λέων
3250 1745 3265 1760 °
3314 1729 3466 1795 εδοξε
3498 1729 3601 1798 γάρ
3631 1727 3689 1797 τῷ

2154 1827 2453 1898 μακαρίτῃ,
2508 1825 2746 1897 ὁπηνίκα
2792 1823 2853 1877 τὸ
2908 1822 3144 1893 διάδημα
3207 1824 3275 1890 τῇ
3338 1820 3435 1874 τοῦ
3488 1821 3688 1883 Λέοντος

2151 1920 2324 1988 ἐπέϐη
2377 1918 2609 1989 κεφαλῇ,
2651 1914 2918 1977 ἀκάνθαις
2958 1915 3054 1969 καὶ
3102 1912 3375 1984 τριϐόλοις
3408 1913 3508 1982 τὴν
3556 1915 3688 1983 χεῖρα

2153 2011 2552 2081 περιπαρῆναι.
2580 2008 2751 2073 Οὗτος
2793 2003 2889 2062 οὖν
2926 2009 2955 2061 6
3003 2005 3277 2076 μακάριος
3328 2004 3417 2058 διά
3464 2003 3585 2073 νηὸς
3628 2005 3690 2068 είς

2149 2102 2253 2173 τὴν
2279 2100 2580 2172 ὑπερορίαν
2610 2097 2966 2167 στελλόμενος
3002 2093 3185 2165 ὄρθιος
3229 2094 3416 2147 ἵστατο
3450 2092 3543 2146 καὶ
3570 2092 3684 2159 Παίς

2150 2211 2275 2246 τινα
2319 2192 2412 2246 τὸν
2448 2188 2739 2261 ἀσπασμὸν
2784 2189 3042 2265 ἐποιεῖτο.
3073 2186 3184 2241 Καὶ
3227 2185 3283 2238 τί
3329 2185 3490 2238 τοῦτο
3514 2185 3684 2255 ἐρωτη-

2154 2284 2287 2350 θεὶς,
2324 2285 2418 2338 καὶ
2468 2283 2606 2354 πρὸς
2649 2283 2772 2336 τίνα
2816 2282 3056 2335 ποιεῖται
3101 2279 3194 2333 τὸν
3240 2277 3552 2347 ἀσπασμὸν,
3575 2274 3682 2342 πρὸς

2151 2376 2432 2445 Θεοφάνην
2468 2376 2559 2429 τὸν
2612 2373 2983 2444 όμολογητὴν,
3032 2371 3206 2436 ἔλεγε,
3257 2369 3350 2423 τὸν
3386 2368 3480 2422 τοῦ
3521 2367 3684 2436 ’Λγροῦ

2153 2468 2494 2539 καθηγητὴν,
2513 2467 2610 2522 ἅτε
2638 2467 2826 2536 κηροῖς
2847 2465 2940 2518 καὶ
2964 2463 3301 2534 θυμιάμασιν
3324 2462 3471 2532 ἡμᾶς
3514 2459 3682 2525 δεξιού·

2158 2577 2341 2631 μενον.
2371 2558 2496 2612 Ἐπὶ
2534 2556 2747 2619 τούτοις
2780 2559 2809 2610 6
2846 2557 3000 2610 Λέων
3037 2553 3138 2625 τὴν
3180 2551 3274 2606 τοῦ
3319 2551 3549 2622 μοναχοῦ
3587 2549 3682 2603 καθ’

2153 2651 2351 2707 ἑαυτὸν
2400 2649 2649 2721 στρέφων
2687 2648 2997 2722 πρόρρησιν
3039 2645 3260 2715 δέσμιον
3307 2639 3424 2713 εἶχε
3478 2642 3563 2695 τὸν
3601 2642 3681 2696 Μι-

2154 2737 2312 2810 χαὴλ,
2343 2738 2459 2806 εῐγε
2488 2736 2582 2792 καὶ
2628 2735 2830 2806 μᾶλλον
2857 2736 2887 2787 6
2909 2731 3151 2795 τοιοῦτος
3183 2732 3396 2803 θρασὺς
3428 2730 3518 2785 καὶ
3560 2728 3677 2783 ἀναί-

2156 2844 2382 2898 σχυντος
2408 2820 2499 2897 ἦν.
2537 2823 2653 2894 Ἐφ’
2696 2818 2741 2894 ᾧ
2769 2826 2865 2879 καὶ
2902 2822 3053 2894 παρὰ
3088 2825 3156 2894 τῇ
3210 2823 3499 2893 συγκλήτῳ
3532 2819 3677 2890 «iis»;

2153 2919 2363 2988 γίνεται
2392 2917 2563 2986 πυρὸς
2606 2914 2864 2985 γενέσθαι
2907 2913 2998 2967 τὸν
3043 2910 3259 2983 Μιχαὴλ
3311 2909 3666 2979 παρανάλωμα.

2160 3012 2227 3065 '0
2251 3010 2345 3064 καὶ
2381 3009 2635 3078 γενέσθαι
2659 3007 2896 3076 ἔφθασεν
2924 3005 3011 3070 ἂν,
3042 2997 3091 3057 εί
3128 3003 3205 3073 μή
3236 3018 3356 3064 πως
3387 3002 3424 3070 ἡ
3462 3000 3673 3053 δέσποινα

2154 3102 2216 3156 τὸ
2241 3099 2480 3156 τοιοῦτον
2518 3100 2816 3165 ἐκώλυσεν,
2855 3098 2937 3161 είς
2978 3092 3256 3166 μεσιτείαν
3298 3093 3443 3163 τάχα
3481 3087 3675 3160 προϐαλ-

2157 3195 2361 3266 λομένη
2410 3194 2509 3265 τὴν
2560 3192 2868 3247 ἐνεστῶσαν
2919 3188 3083 3257 ἁγίαν
3125 3184 3431 3258 τηνικαῦτα
3480 3177 3675 3251 Χριστοῦ

2156 3288 2432 3361 γέννησιν.
2473 3286 2532 3341 '0
2589 3285 2769 3356 μέντοι
2821 3284 2973 3338 Λέων
3008 3280 3116 3335 άπό
3164 3296 3225 3332 τε
3275 3274 3558 3345 ὀνειράτων
3606 3271 3679 3322 καὶ

2157 3376 2650 3451 χρησμῳδημάτων
2674 3372 2774 3429 καὶ
2810 3373 3020 3443 ἑτέρων
3043 3369 3306 3423 τοιούτων
3334 3364 3493 3420 τινών
3524 3362 3679 3451 Eupo-

2305 3448 2381 3522 ὣν
2436 3467 2536 3540 τὴν
2579 3467 2862 3537 ἀναίρεσιν
2891 3462 3102 3517 ἐκείνου
3149 3458 3545 3515 κατέσπευδενο
3576 3448 3683 3508 ἀλλὰ

2156 3557 2253 3611 καὶ
2290 3557 2439 3626 πρὸς
2463 3557 2561 3626 τὴν
2592 3555 2858 3626 ὁμόζυγον
2893 3550 3059 3609 αὐτοῦ
3096 3549 3304 3617 ἐλεγενο
3329 3564 3348 3599 ι
3397 3545 3455 3600 Ὃ
3479 3543 3566 3614 μὲν
3601 3542 3681 3595 lit-

2155 3649 2293 3723 χαὴλ
2320 3650 2420 3720 ἢδη
2459 3646 2682 3703 ἀνύεται
2717 3644 2805 3698 διὰ
2852 3643 2935 3710 σὲ,
2971 3642 3035 3696 σὺ
3083 3640 3139 3695 δὲ
3175 3641 3268 3694 καὶ⁵
3299 3639 3350 3693 oi
3381 3640 3442 3692 ὲκ
3477 3634 3558 3689 σοῦ

2157 3719 2353 3811 ἀλίγον
2399 3737 2733 3810 μαθήσεσθε.
2783 3753 2803 3787 ι
2849 3732 2925 3787 υύ
2971 3731 3106 3786 πολὺ
3145 3732 3208 3783 τὸ
3252 3731 3313 3793 έν
3362 3728 3524 3799 μέσῳ,
3558 3719 3679 3776 καὶὸ

2156 3829 2379 3901 Μιχαὴλ
2407 3831 2473 3900 τῇ
2519 3825 2614 3882 τοῦ
2673 3822 3081 3897 προρρηθέντος
3129 3818 3367 3890 μοναχοῦ
3425 3815 3681 3897 προρρήσει

2158 3921 2375 3994 θαρρῶν
2399 3917 2540 3973 κατὰ
2567 3917 2793 3978 Λέοντος
2819 3912 3020 3983 μελετᾷ
3044 3911 3144 3982 τὴν
3172 3908 3462 3978 ἐπιϐουλὴν
3485 3903 3675 3969 ταύτην,

2157 4016 2253 4069 καὶ
2282 4011 2358 4083 τῷ
2384 4009 2669 4080 κατέχοντι
2696 4006 2859 4061 αὑτὸν
2877 4002 3237 4072 ἀποκαλύψας
3273 3994 3679 4068 παππίᾳπαύτῃ
3770 4068 3771 4079 γ

2158 4123 2243 4160 τοι
2301 4103 2397 4159 καὶ
2455 4099 2649 4165 νυκτὸς
2707 4099 2986 4165 εἰσάγεται
3055 4113 3153 4149 συν
3208 4096 3324 4157 τοῖς
3367 4086 3679 4162 ψαλμῳδοῦσε

2159 4193 2497 4267 στρατιώτας
2547 4178 2829 4254 ἐνόπλους.
2861 4189 2972 4244 Καὶ
3011 4188 3040 4239 6
3087 4188 3185 4258 μὲν
3238 4185 3457 4255 Μιχαὴλ
3491 4184 3563 4241 είς
3609 4176 3679 4227 τὸν
3734 4194 3745 4211 ~

2163 4284 2437 4358 βασιλικὸν
2479 4283 2740 4349 ἀνάγεται
2779 4279 2991 4350 θρόνον,
3022 4274 3207 4347 δεσμῷ
3241 4275 3367 4337 τοὺς
3414 4270 3566 4331 πόδας
3605 4279 3682 4316 κα-

2158 4378 2450 4450 τεκόμενος
2494 4372 2729 4444 σιδηρῷ-
2766 4371 2859 4427 τὺν
2903 4371 3218 4435 δὲΛέοντα
3264 4367 3359 4420 καὶ
3406 4372 3681 4445 προσπεφνο

2159 4474 2296 4543 γότα
2321 4468 2397 4539 τῷ
2430 4467 2558 4537 θείῳ
2587 4465 2701 4538 ναῷ
2726 4463 2967 4535 ἀνηλεῶς
2997 4461 3249 4529 ἐκτέμνει
3276 4459 3390 4521 τοῖς
3415 4455 3598 4543 ξίφεσι.

494 4552 561 4605 de
588 4552 791 4621 quibus
826 4554 992 4608 locuti
1040 4571 1255 4624 sumus,
1304 4554 1474 4614 Leoni
1513 4561 1757 4627 struxit;
1804 4541 2084 4634 totamque
2123 4541 2241 4620 rent
2281 4560 2361 4615 illi
2410 4556 2672 4630 pateret?“
2715 4555 2808 4624 qui
2865 4566 2991 4608 eum
3066 4548 3304 4604 “muns
3363 4546 3676 4646 comma“

424 4694 433 4709 ,
498 4647 868 4705 custodiebat.
920 4650 1035 4707 lloc
1075 4652 1239 4708 modo
1281 4651 1482 4709 factum
1549 4663 1606 4708 ut
1670 4656 1970 4713 Michaelus
1996 4631 2433 4729 imperatorium
2490 4652 2546 4706 in
2608 4651 2807 4706 solium
2866 4647 3255 4709 collocaretur,
3310 4655 3437 4696 cum
3501 4631 3679 4707 quidem

496 4738 677 4794 adhuc
707 4744 1003 4811 compedes
1029 4755 1291 4818 gestaret,
1327 4746 1438 4803 Leo
1475 4748 1593 4805 sine
1621 4749 1732 4805 ulla
1759 4753 2244 4809 commiseratione
2310 4747 2508 4820 gladiis
2574 4741 2963 4833 configeretur,
3011 4740 3066 4794 in
3098 4739 3218 4808 ipsa
3267 4735 3453 4792 divina
3476 4729 3577 4785 ade
3598 4735 3681 4795 quo

494 4849 556 4891 se
591 4847 888 4905 receperat.

571 4925 741 4996 Igitur
760 4940 880 4997 post
904 4929 1138 4988 Leonem
1154 4931 1452 4991 Michaelus
1466 4946 1827 5007 cognomento
1843 4937 2053 5004 Balbus,

2239 4931 2449 5003 Κρατεῖ
2486 4928 2667 4981 τοίνυν
2699 4922 2838 4996 μετά
2883 4921 2977 4976 τὸν
3023 4921 3229 4974 Λέοντα
3267 4922 3295 4973 ό
3334 4918 3566 4989 Τραυλδς
3591 4914 3682 5007 lito

494 5018 764 5075 oriundus
788 5021 1037 5091 Amorio,
1082 5025 1251 5082 rebus
1292 5041 1466 5081 annos
1496 5036 1622 5082 octo
1661 5042 1786 5082 cum
1828 5028 2062 5099 imperio

498 5108 734 5176 prtefuit.
760 5111 892 5165 Erat
941 5112 1030 5168 ille
1069 5115 1294 5184 quidem
1345 5116 1573 5172 minime
1605 5117 1917 5189 religiosus,
1950 5134 2060 5174 non

497 5214 677 5260 tamen
709 5204 961 5260 homines
992 5208 1113 5276 pios
1139 5208 1204 5262 ad
1255 5209 1593 5279 impietatem
1634 5211 1885 5281 cogebat.
1913 5210 2063 5279 Qua-

468 5286 471 5289 ’
500 5305 723 5367 propter
759 5297 812 5351 id
850 5298 1115 5366 temporis
1148 5299 1252 5354 viri
1278 5303 1453 5356 sancti
1487 5303 1803 5357 carceribus
1845 5301 2065 5357 liberati

498 5374 650 5458 sunt,
676 5400 734 5449 et
771 5410 1001 5465 magnus
1034 5393 1125 5449 ille
1155 5394 1476 5453 Theodorus
1518 5398 1586 5453 ab
1618 5398 1813 5453 exsilio
1838 5413 2066 5453 revoca-

497 5494 606 5552 tus,
662 5500 828 5558 quem
880 5500 1064 5540 sacras
1115 5485 1381 5557 imagines
1431 5497 1869 5558 propugnantem
1918 5489 2064 5551 mul—

501 5588 666 5651 taque
724 5592 1042 5648 perpessum
1093 5578 1206 5635 Leo
1261 5580 1560 5636 Armenius
1612 5582 1790 5638 solum
1845 5590 2065 5637 vertere

500 5680 773 5742 coegerat.
812 5670 926 5725 lloe
959 5670 1224 5727 Mirhaelo
1252 5670 1560 5740 imperante
1581 5671 1820 5727 Thomas
1844 5672 2065 5742 quidam

509 5761 761 5815 maximis
810 5776 872 5818 ex
902 5761 1131 5819 Oriente
1182 5761 1441 5845 collectis,
1469 5762 1667 5832 copiis,
1722 5777 1824 5817 nec
1879 5765 2071 5832 paucis

515 5855 831 5912 triremibus
889 5856 1191 5926 instructis,
1243 5854 1507 5912 adversus
1561 5853 1804 5925 reginam
1854 5852 2072 5910 urbium

2165 5023 2306 5094 χαὴλ
2366 5021 2463 5091 ἔτη
2507 5024 2578 5089 η’,
2612 5018 2640 5069 6
2681 5016 2777 5068 καὶ
2814 5011 2873 5078 ἐξ
2926 5009 3186 5079 ’Λμορίου
3232 5007 3560 5078 ὁρμώμενος,
3587 5004 3683 5055 δυσ·

2169 5115 2332 5186 σεϐὴς
2387 5111 2485 5182 μὲν
2514 5108 2611 5171 ὢν,
2644 5107 2704 5161 ού
2758 5105 2866 5176 μὴν
2918 5104 2975 5157 δὲ
3023 5102 3117 5156 καὶ
3151 5100 3371 5155 ἀσεϐεῖν
3402 5096 3681 5186 ἀναγκάζων

2166 5181 2300 5267 ἰοὺς⁷
2336 5181 2602 5264 εύσεϐεἴς.
2632 5197 2753 5265 Ἐφ’
2792 5188 2837 5266 ᾧ
2892 5193 2987 5247 καὶ
3029 5194 3273 5247 ἀνίενται
3327 5187 3609 5258 τηνικαῦτα
3646 5181 3681 5234 οἱ

2167 5296 2336 5365 ἀγιοι,
2370 5297 2399 5348 ό
2456 5295 2628 5363 μέγας
2690 5306 2748 5342 τε
2809 5287 3087 5356 Θεόδωρος
3137 5282 3246 5338 ἀπὸ
3295 5285 3394 5353 τῆς
3434 5275 3683 5349 ὑπερορίας

2166 5389 2468 5458 ἀνάγεται·
2502 5383 2818 5457 προέφθασε
2857 5381 2967 5454 γάρ
3013 5378 3174 5433 αὐτὸν
3202 5376 3454 5447 έξορίσας
3474 5377 3500 5428 6
3529 5367 3685 5458 Ἀρμέ-

2168 5457 2403 5547 νιοςκαὶ
2445 5477 2617 5533 πολλὰ
2663 5474 2808 5529 κακά
2843 5473 3080 5542 ποιήσας
3126 5468 3224 5522 ἆτε
3257 5468 3370 5522 τῶν
3404 5465 3562 5535 ἁγίων
3580 5457 3686 5516 eisd-

2171 5590 2278 5630 νων
2342 5568 2818 5641 ύπερμαχόμενον.
2865 5563 3073 5617 Τούτου
3133 5561 3316 5632 μέντοι
3375 5554 3466 5611 τοῦ
3510 5547 3683 5641 Μιχαὴλ

2177 5635 2792 5738 βασιλεύοντοςνὸωμᾶς
2826 5673 2908 5719 τις
2942 5656 3101 5725 χεῖρα
3127 5653 3354 5722 βαρεῖαν
3387 5645 3616 5738 συλλέξας
3642 5635 3682 5701 ἐξ
3770 5704 3771 5711 η

2178 5733 2445 5823 ἀνατολῆς
2497 5770 2557 5809 τε
2610 5750 2703 5806 καὶ
2756 5748 2982 5810 δύσεως,
3019 5746 3268 5815 τριήρεις
3314 5758 3375 5795 τε
3423 5739 3518 5795 οὐκ
3541 5733 3681 5823 ἁλίης

2182 5816 2440 5921 ποιήσας,
2476 5845 2615 5901 κατά
2659 5844 2758 5914 τῆς
2800 5838 3070 5914 βασιλίδος
3107 5831 3461 5907 ἐκστρατεύει
3487 5827 3583 5883 τῶν
3614 5816 3681 5875 πάσ
