3798 6230
156 203 176 238 Κ

154 201 241 265 537
1368 191 1685 251 ANNALH

1816 190 2005 248 PARS
2053 192 2143 250 ιγ.

3259 183 3363 245 .538

143 322 261 367 λεων
314 308 554 378 Τοσαύμη
590 308 641 359 δὲ
671 305 899 376 δύναμις
926 300 993 373 ἦν
1031 303 1169 358 ὥστε
1208 304 1300 357 καὶ
1335 303 1431 373 τὴν
1476 302 1684 354 ἀπαιω-

1803 298 2201 364 θκνοιιὶιὶοιιρηι
2239 300 2499 368 suscepit.
2535 298 2740 353 Tantas
2788 304 2971 350 autem
3011 295 3161 350 vires
3194 295 3365 349 habe-

145 405 378 476 ρηθεῐπαν
405 404 463 454 ὲν
505 399 797 469 ἀκροπόλει
852 398 1045 451 ἅλυσιν
1095 396 1385 450 διακλάσαι
1428 394 1523 448 καὶ
1556 393 1693 461 πρὸς

145 497 429 565 Ιὶλαχέρνας
470 491 749 545 ἀπελθεῖν.
780 490 872 543 Ἑν
916 491 1060 552 ὅλοις
1093 489 1282 541 λοιπὸν
1336 486 1521 557 τρισὶν
1546 485 1695 535 ἔτεσι

141 588 201 638 τὰ
229 582 314 635 τοῦ
339 582 575 649 πολέμου
604 581 953 651 κεκρότηται.
990 575 1123 633 Εἶτα
1146 581 1174 631 6
1202 577 1405 645 Θωμᾶς
1436 575 1694 645 ἡττᾶται,

139 674 332 741 φεύγει,
374 676 452 733 εἰς
495 672 941 740 Ἀδριανούπολιν
979 671 1225 741 ἔρχεται.
1268 669 1474 737 Καιρὸν
1509 666 1697 718 ἱκανὸν

142 766 302 816 ἐκεῖσε
336 763 487 832 παρὰ
537 762 629 815 τοῦ
665 763 886 832 Μιχαὴλ
913 763 1096 831 κύκλῳ
1138 761 1461 829 τετήρηται.
1500 754 1696 824 Προδί-

140 857 254 907 δωσι
288 855 375 906 καὶ
417 854 589 918 ἄκων,
651 856 959 923 κρατεῖται,
1009 855 1201 923 χεῖρας
1245 852 1341 904 καὶ
1400 848 1566 909 πόδας
1614 846 1700 897 τέ-

148 960 343 1013 μνεται,
377 946 464 995 ἐπ’
518 945 639 997 ὄνου
676 940 953 1011 ³κὰθηται,
1000 944 1157 997 τοῦτο
1202 945 1297 996 καὶ
1332 942 1492 1012 μόνον
1523 939 1697 1005 λέγων

147 1056 162 1086 ι
196 1035 433 1105 Ἐλέησόν
463 1053 553 1105 με,
586 1036 801 1105 ἀληθῶς
836 1036 1077 1107 βασιλεῦ.
1104 1054 1123 1087 ι

200 1301 343 1355 Μετὰ
368 1300 423 1353 δὲ
447 1303 540 1353 τὸν
564 1302 785 1373 Μιχαὴλ
819 1301 1078 1371 Θεόφιλος
1099 1303 1127 1352 6
1154 1301 1267 1362 υἱὸς
1294 1300 1485 1363 αὑτοῦ,
1508 1300 1603 1371 ἔτη
1632 1300 1697 1369 ιβ’

143 1398 294 1465 μῆνας
328 1392 375 1460 γ’
380 1434 394 1449 .
450 1394 563 1448 Καὶ
609 1394 913 1464 τηνικαῦτα
953 1392 1188 1461 ἐκλογὴν
1242 1394 1481 1445 ποιεῖται
1525 1408 1695 1462 κορα-

141 1488 274 1551 σεων,
304 1480 375 1539 ὧν
410 1485 508 1555 μία
550 1488 701 1557 καὶὴ
736 1486 938 1549 Κασία,
976 1488 1041 1557 ἦν
1070 1486 1134 1556 δὴ
1167 1486 1259 1539 καὶ
1304 1485 1697 1554 ἀποπέμπεται

139 1579 212 1631 διὰ
246 1578 340 1648 τὴν
380 1578 567 1647 πλήρη
626 1578 892 1642 συνέσεως
945 1579 1241 1646 ἀπόκρισιν
1280 1577 1448 1646 αὐτῆς
1477 1594 1489 1608 ·
1527 1577 1696 1646 μῆλον

139 1670 230 1740 γὰρ
258 1670 597 1733 ἐπιδεδωκὼς
654 1670 791 1739 αὐτῇ
849 1670 924 1733 ὡς
977 1670 1232 1739 ἐρασθεὶς
1276 1668 1436 1738 δῆθεν
1481 1667 1573 1719 ἐπὶ
1620 1667 1698 1736 τῷ

140 1762 299 1817 κάλλει
335 1762 532 1829 αὐτῆς,
575 1763 670 1814 καὶ
700 1760 873 1815 εἰπὼν
924 1780 939 1812 ι
982 1763 1079 1816 Ἐκ
1118 1760 1375 1829 γυναικὸς
1424 1758 1595 1830 ἐρρύη
1631 1761 1700 1812 τὰ

140 1849 312 1914 mila;
344 1867 363 1899 ι
409 1850 652 1918 ἤκουσεν
715 1849 774 1914 ἑξ
822 1849 995 1920 αὐτῆς
1050 1851 1131 1903 ὅτι
1170 1851 1263 1902 καὶ
1298 1849 1405 1901 ἀπὸ
1433 1848 1697 1917 γυναικὸς

142 1942 349 2010 πηγάζει
399 1943 470 1994 τὰ
530 1943 838 2014 κρείττονα,
877 1943 993 2012 Ἐφ’
1048 1936 1091 2010 ᾧ
1122 1942 1215 1996 καὶ
1246 1943 1343 2011 τὴν
1372 1941 1701 2009 Παφλαγόνα

141 2030 391 2100 Θεοδώραν
439 2032 712 2101 ἠγάγετο.
744 2032 916 2095 Οὗτος
960 2032 1084 2084 καθ’
1116 2033 1356 2102 ἑκάστην
1424 2030 1701 2100 ἑϐδομάδα

142 2123 210 2176 διὰ
235 2124 329 2193 τῆς
361 2126 578 2194 ἀγορᾶς
607 2126 845 2195 ἔφιππος
879 2127 957 2189 εζς
986 2127 1078 2179 τὸν
1109 2126 1166 2178 ὲν
1198 2124 1534 2194 Βλαχέρναις
1568 2124 1697 2178 ναὸν

147 2217 422 2285 ἁπήρχετο·
456 2219 511 2270 εἰ
548 2220 658 2287 γὰρ
708 2218 804 2271 καὶ
860 2218 1029 2289 τιμὴν
1086 2219 1207 2280 ταῖς
1245 2218 1435 2284 ἁγίαις
1494 2217 1699 2270 εἰκόσιν

146 2308 219 2359 οὐκ
245 2308 447 2377 ἔνεμεν,
485 2310 627 2362 ἀλλὰ
652 2310 729 2377 τῷ
758 2311 971 2380 Σωτῆρι
999 2311 1093 2363 καὶ
1129 2312 1264 2379 αὐτῇ
1296 2313 1362 2379 τῇ
1395 2308 1697 2379 Θεομήτορι

144 2399 298 2451 πὲστιν
330 2401 550 2469 ἐτήρει,
588 2400 664 2463 ὡς
698 2400 905 2467 ἔλεγεν.
938 2398 1108 2462 Οὗτος
1168 2400 1263 2452 καὶ
1328 2399 1456 2469 περὶ
1499 2400 1609 2452 τῶν
1642 2401 1699 2450 ὲν

141 2491 196 2560 τῇ
228 2491 390 2560 ἀγορᾷ
423 2490 819 2558 προκειμένων
854 2488 1034 2543 ὠνίων
1064 2488 1275 2559 ἠρώτα,
1300 2490 1395 2541 καὶ
1421 2491 1470 2541 ει
1494 2489 1693 2542 πολλοῦ

143 2584 546 2652 ἐπιπράσκοντο,
588 2582 731 2635 κατὰ
763 2582 856 2635 τοῦ
900 2581 1145 2652 ἐπάρχου
1188 2580 1481 2651 ὠργίζετο.
1508 2581 1698 2652 Τούτῳ

142 2674 385 2745 προσῆλθε
416 2692 515 2738 τις
544 2675 685 2745 γυνὴ
721 2676 878 2745 παρὰ
912 2674 1005 2728 τοῦ
1053 2675 1157 2744 τῆς
1203 2673 1534 2745 Αὑγούστης
1570 2692 1731 2759 συγ-Ὢ

146 2766 280 2830 γόνου
336 2767 604 2836 Πετρωνᾶ
660 2765 1024 2835 ἀδικουμένη·
1063 2765 1271 2835 οἴκημα
1335 2766 1427 2818 καὶ
1477 2768 1587 2836 γάρ
1643 2784 1697 2820 τι

146 2854 337 2922 ὑψώσας
383 2856 634 2908 ἔϐλαπτε
674 2854 1025 2923 γειτονοῦσαν
1063 2856 1255 2926 αὐτὴν.
1316 2856 1375 2908 '0
1408 2854 1539 2923 γοῦν
1590 2856 1695 2910 Πε-

142 2948 326 3014 τρωνᾶς
350 2948 687 3018 ὲπεφωνήοη
733 2950 854 3016 μὲν,
889 2950 950 3001 οὐ
1008 2948 1355 3018 διωρθώσατο
1385 2948 1465 3001 δέ.
1502 2948 1619 3016 Ἐφ’
1651 2943 1694 3017 ᾧ
1724 2991 1766 3050 C

140 3038 379 3101 αἰκίζεται
408 3041 628 3101 δεινῶς,
660 3040 755 3092 καὶ
802 3039 896 3092 τοῦ
954 3040 1254 3110 οἰκήματος
1285 3041 1695 3109 ἀνατραπέντος

141 3131 167 3197 ἡ
200 3128 288 3200 ὕλη
320 3131 464 3182 πᾶσα
506 3133 572 3201 τῇ
608 3131 831 3198 γὺναικὶ
863 3130 1086 3207 δίδοται.
1120 3129 1315 3184 Ἢνίκα
1337 3130 1395 3184 δὲ
1425 3132 1518 3185 καὶ
1562 3149 1695 3201 προσ

139 3220 296 3290 κύψας
352 3223 411 3274 τὸ
464 3223 575 3291 τῆς
641 3223 931 3291 δεσποίνης
989 3220 1130 3275 οἶδεν
1185 3214 1425 3293 ἐγγομον
1485 3224 1694 3288 πλοῖον,

138 3312 479 3382 πυρίκαυστον
523 3316 737 3367 κελεύει
775 3316 1049 3383 γενέσθαι,
1083 3316 1258 3382 λέγων
1298 3334 1317 3367 ι
1354 3317 1594 3370 Βασιλέα
1624 3335 1693 3388 με

137 3405 215 3457 τοῦ
264 3408 393 3459 θεοῦ
451 3409 863 3471 ἁναδείξαντος,
930 3409 993 3461 σὺ
1063 3408 1274 3478 βιάζεις
1336 3410 1563 3480 ποιῆσαί
1627 3426 1693 3479 με

137 3500 433 3570 ναύκληρον.
509 3502 718 3565 ’Λλλως
788 3520 846 3555 τε
915 3506 964 3556 εἰ
1026 3504 1167 3569 μετὰ
1236 3502 1338 3572 τῆς
1405 3503 1695 3573 βασιλικῆς

136 3593 396 3662 εὐετηρίας
447 3596 549 3647 καὶ
605 3596 668 3647 τὰ
720 3596 776 3660 ἐξ
813 3595 1081 3665 ἐμπορίας
1119 3596 1333 3658 ἑαυτοῖς
1380 3600 1693 3664 περιποιεῖ-

137 3682 243 3735 σθαι
276 3686 610 3753 σπεύδομεν,
656 3688 820 3738 πόθεν
854 3687 921 3739 ἂν
956 3689 1024 3737 τὰ
1081 3686 1215 3754 πρὸς
1272 3686 1416 3756 ζωὴν
1466 3690 1513 3739 οἱ
1552 3687 1696 3739 ἰδιῶ-

134 3791 209 3828 ται
239 3778 581 3847 πορίζοιντο;
624 3796 642 3829 ι
680 3778 952 3831 Τοσοῦτον
982 3778 1037 3829 δὲ.
1075 3779 1505 3850 μεγαλοπρεπὴς
1542 3780 1696 3849 βασι-

134 3866 239 3931 λεὺς
269 3872 297 3922 6
331 3871 597 3940 Θεόφιλος
651 3867 717 3942 ἦν
769 3870 911 3923 ὥστε
940 3871 1031 3922 καὶ
1065 3871 1360 3939 Θαυμαστά
1384 3890 1505 3925 τινα
1539 3874 1693 3940 φιλο-

134 3961 485 4031 τεχνήσασοαι
542 3964 775 4031 ὄργανα.
811 3964 1038 4032 Πνεῦμα
1097 3964 1193 4017 καὶ
1247 3964 1356 4033 γὰρ
1396 3965 1607 4017 ἐκεῖθεν
1637 3969 1694 4019 ἐν

138 4058 336 4125 μηχανῇ
369 4074 479 4109 τινι
509 4057 971 4125 ἁναπεμπόμενον
995 4056 1261 4123 μελῳδίαν
1293 4057 1495 4127 ἀπήχει
1524 4075 1693 4125 τερπ-

134 4145 217 4213 νὴν
247 4148 337 4199 καὶ
382 4148 695 4202 εὐκέλαδον.
734 4147 893 4200 Ἀλλὰ
958 4149 1052 4201 καὶ
1096 4148 1276 4217 χρυσᾶ
1322 4149 1695 4201 κατεσκεύασε

132 4234 330 4306 δένδρα,
362 4240 419 4290 ὲν
451 4233 531 4301 οἷς
564 4239 899 4292 παντοδαποὶ
949 4239 1202 4309 στρουθοὶ
1262 4238 1565 4309 καθήμενοι
1596 4257 1693 4307 με-

131 4322 343 4397 λῷδημα
378 4331 629 4399 μελιτόεν
660 4330 896 4399 ἐξέχεον.

1802 385 1910 448 hat,
1950 396 2003 438 ut
2062 402 2381 455 suspensam
2432 404 2495 440 ex
2529 404 2653 442 arce
2702 400 2952 441 catenam
3004 387 3369 455 perfringeret

1798 490 1860 529 ac
1903 477 2231 530 Blachernas
2262 493 2434 545 usque.
2469 480 2849 533 contenderet.
2894 478 3083 547 Itaque
3111 478 3373 547 deinceps

1800 569 1929 620 totis
1957 568 2133 621 tribus
2158 570 2317 622 annis
2355 570 2557 623 bellum
2600 571 2831 638 geritur,
2863 585 2974 640 quo
3005 579 3197 623 exacto
3229 568 3374 623 Tho-

1799 674 1917 712 mas
1957 660 2218 725 vincitur,
2260 663 2312 715 in
2346 662 2527 733 fugam
2576 678 2633 716 se
2667 664 2908 733 coniicit,
2958 662 3371 730 AdrianOpolim

1799 754 2071 821 pervenit,
2126 770 2233 807 non
2283 754 2484 824 exiguo
2541 764 2785 823 tempore
2837 754 2958 807 istic
3000 753 3288 807 obsidione
3343 769 3371 805 ιι

1800 844 2064 898 Michaelo
2090 846 2348 915 cingitur,
2402 846 2469 900 ab
2522 846 2716 899 incolis
2753 846 2937 914 oppidi
2992 847 3233 911 deditur,
3286 847 3371 899 in-

1799 935 1946 987 vitus
1983 936 2035 987 in
2096 936 2269 989 hostis
2325 947 2648 1005 potestatem
2709 937 2880 999 venit,
2916 937 3168 990 manibus
3209 947 3373 1005 atque

1802 1025 2033 1095 pedibus
2061 1036 2369 1091 truncatur,
2405 1030 2559 1080 asino
2616 1027 2961 1081 contumelia:
3008 1042 3169 1080 causa
3199 1029 3374 1095 impo-

1802 1119 1973 1183 nitur,
2025 1118 2137 1172 hzec
2187 1126 2398 1172 tantum
2450 1119 2615 1172 verba
2672 1118 2959 1188 proferens
3009 1134 3076 1172 τι
3119 1118 3375 1172 Miserere

1801 1209 1930 1266 mei.
1968 1210 2059 1278 qui
2095 1225 2284 1279 reapse
2312 1211 2610 1279 imperator
2639 1227 2718 1265 es.
2760 1230 2778 1261 ι

1870 1300 2000 1354 Post
2053 1300 2377 1355 Michaelum
2424 1303 2763 1371 Theophilus
2810 1302 2954 1357 filius
3015 1305 3135 1374 ejus
3197 1318 3371 1356 annos

1799 1392 2091 1449 duodecim
2151 1409 2366 1448 menses
2418 1403 2526 1447 tres
2567 1394 2880 1461 imperavit.
2939 1396 3057 1449 Mox
3111 1396 3178 1449 ab
3239 1390 3377 1448 inito

1801 1485 2032 1554 imperio
2078 1485 2373 1539 delectum
2413 1487 2719 1555 puellarum
2780 1486 2969 1540 haberi
3021 1488 3199 1551 iussit,
3234 1488 3377 1539 inter

1801 1592 1939 1647 quas
1968 1576 2131 1630 etiam
2156 1576 2343 1631 Cassia
2371 1578 2699 1645 comparuit.
2732 1576 2864 1629 Eam
2893 1560 3117 1645 propter
3147 1594 3379 1645 reSpon-

1804 1685 1923 1724 sum
1959 1669 2265 1738 prudentia:
2294 1670 2512 1738 plenum
2548 1670 2764 1723 missam
2796 1670 2923 1723 fecit
2949 1685 3011 1723 ac
3042 1670 3376 1738 repudiavit.

1801 1763 1936 1817 Nam
1970 1779 2094 1816 eum
2151 1763 2201 1818 ei
2243 1763 2445 1816 malum
2495 1763 2835 1825 tradidisset,
2880 1763 2960 1817 uti
3016 1764 3108 1831 qui
3153 1773 3373 1833 proptr

1803 1857 2076 1926 insignem
2117 1856 2290 1924 ipsius
2340 1855 2808 1923 pulchritudinem
2856 1870 3043 1909 amore
3086 1866 3377 1922 correptus

1801 1958 1966 2010 esset,
2000 1949 2277 2017 simulque
2322 1947 2553 2001 dixisset
2595 1962 2611 2002 :
2646 1967 2662 1998 ι
2697 1947 2740 2000 Α
2778 1948 3007 2001 muliere
3062 1949 3201 2000 mala
3252 1964 3378 2015 pro-

1803 2049 2115 2106 manarunt,
2151 2058 2169 2091 ι
2214 2038 2455 2094 vicissim
2496 2039 2584 2092 illa
2639 2039 2923 2107 respondit
2959 2055 2972 2091 :
3019 2057 3037 2089 ι
3070 2041 3111 2092 Α
3147 2042 3378 2093 muliere

1800 2132 1943 2186 bona
1999 2144 2220 2200 quoque
2276 2130 2634 2198 proveniunt.
2671 2147 2690 2180 ι
2742 2130 2933 2198 Itaque
2980 2140 3189 2183 mutata
3245 2147 3374 2184 sen-

1803 2224 1977 2277 tentia
2006 2223 2358 2276 Theodoram
2390 2221 2813 2291 Paphlagoniam
2877 2221 3230 2275 matrimonio
3274 2222 3379 2274 sibi

1795 2316 1998 2385 junxit.
2037 2313 2287 2367 Habebat
2321 2313 2374 2366 in
2413 2328 2563 2366 more
2592 2313 2756 2381 289
2781 2312 3140 2382 Theophilus.
3178 2325 3233 2365 ut
3267 2317 3381 2366 sin-

1800 2406 1941 2475 gulis
1972 2404 2292 2472 septimana:
2324 2403 2521 2457 diebus
2551 2418 2649 2472 per
2695 2404 2874 2456 forum
2928 2420 3095 2472 eques
3148 2406 3201 2456 ia
3255 2405 3379 2457 Bla-

1800 2496 2087 2549 chernium
2147 2497 2409 2565 templum
2452 2495 2578 2548 iret.
2624 2495 2947 2563 Quanquam
3007 2496 3155 2548 enim
3209 2497 3383 2548 sacris

1802 2589 2140 2657 imaginibus
2187 2588 2451 2643 honorem
2490 2587 2699 2640 nullum
2748 2587 3055 2646 deferebat,
3112 2586 3148 2642 S
3186 2589 3379 2641 lvatori

1802 2689 1981 2735 tamen
2008 2696 2071 2735 ac
2098 2680 2342 2751 Dciparzc
2373 2679 2534 2733 [idem
2587 2679 2863 2741 servabat,
2903 2687 2960 2732 ut
2996 2679 3225 2746 ipsemet
3258 2697 3383 2749 pro-

1801 2772 2076 2826 ﬁtebatur.
2112 2773 2383 2826 Praeterea
2423 2773 2486 2825 de
2512 2787 2695 2826 rerum
2746 2773 2799 2825 in
2834 2772 2953 2825 foro
2990 2789 3185 2826 venum
3216 2788 3383 2840 expo-

1798 2864 2029 2918 sitarum
2072 2865 2264 2933 pretiis
2299 2866 2582 2932 inquirere
2616 2864 2851 2928 solebat,
2885 2874 2935 2917 et
2978 2866 3021 2917 si
3061 2881 3254 2933 magno
3288 2884 3380 2917 rus

1800 2955 1963 3008 vendi
2008 2955 2471 3023 deprehenderet,
2522 2957 2782 3023 pra-lecto
2831 2958 3212 3012 succensebat.
3267 2960 3375 3010 Ar.-

1798 3042 1936 3097 cidit
1976 3042 2272 3111 aliquando
2331 3055 2390 3095 ut
2421 3044 2621 3096 feunna
2663 3044 2911 3111 qua-dam
2959 3046 3137 3113 ipsum
3174 3062 3378 3100 conve-

1796 3133 1963 3197 niret,
2015 3133 2083 3187 ab
2142 3132 2400 3202 Augustae
2459 3136 2630 3187 fratre
2686 3135 2921 3187 l'etrona
2975 3150 3071 3202 per
3122 3137 3373 3205 iujuriam

1796 3227 1945 3280 laesa.
1975 3222 2109 3278 Nam
2145 3238 2270 3279 cum
2311 3225 2356 3278 is
2397 3224 2689 3278 zediticium
2739 3226 2793 3277 in
2850 3226 3019 3277 altum
3067 3226 3369 3285 eduxisset.

1796 3318 1995 3372 domus
2036 3317 2249 3380 vicimc,
2302 3332 2422 3383 qua:
2455 3317 2702 3370 mulieris
2734 3326 2874 3375 erat,
2924 3317 3226 3370 luminibus
3272 3319 3374 3371 ob-

1798 3416 2102 3463 struxerat.
2156 3407 2306 3462 llanc
2352 3408 2421 3461 ob
2473 3423 2696 3461 causam
2748 3408 3013 3461 Petronas
3049 3410 3373 3478 obju'gattts

1799 3502 1972 3557 nihilo
2023 3503 2194 3570 magis
2258 3502 2309 3554 id
2377 3501 2693 3570 corrigebat
2748 3500 2801 3553 in
2868 3515 2977 3569 quo
3042 3501 3373 3570 deliquerat.

1795 3595 1986 3664 Itaque
2044 3594 2194 3662 gravi
2250 3608 2378 3647 eum
2427 3593 2762 3646 contumelia
2818 3592 3118 3661 imperator
3165 3595 3374 3654 all’eeit,

1795 3688 2116 3754 :edinusquc
2155 3686 2387 3754 deiectis
2435 3700 2655 3738 onmem
2703 3685 2988 3738 materiem
3037 3685 3252 3737 mulieri
3290 3697 3373 3738 at-

1761 3849 1766 3855 .
1796 3780 2011 3833 tribuit.
2042 3780 2229 3833 Itidem
2260 3793 2382 3831 cum
2415 3792 2446 3830 e
2508 3776 2709 3844 palatio
2746 3787 3106 3845 prospectans
3137 3778 3375 3830 domina:

1797 3872 1980 3925 navim
2044 3879 2268 3940 portum
2338 3868 2641 3936 ingressam
2708 3867 2978 3931 vidisset,
3036 3878 3096 3921 ut
3146 3868 3255 3938 igni
3311 3888 3374 3923 ea

1796 3968 2253 4017 concremarctur
2282 3958 2591 4021 mandavit,
2632 3958 2951 4027 huiusmodi
2988 3959 3149 4011 verba
3200 3960 3370 4027 subjio

1796 4056 1951 4109 ciens
1980 4072 1992 4108 :
2028 4071 2047 4105 ι
2077 4053 2154 4105 Tu
2182 4067 2307 4105 cum
2342 4052 2733 4119 imperatorem
2766 4064 2853 4104 me
2880 4051 3019 4105 Deus
3048 4052 3370 4121 designa:it,

1797 4146 2121 4199 nauclerum
2149 4157 2273 4197 esse
2307 4140 2508 4211 coges?
2536 4140 2695 4206 Quod
2722 4140 2901 4199 si,nos
2944 4150 3141 4208 pneter
3179 4141 3374 4192 uberes

1797 4236 2015 4306 imperii
2049 4238 2262 4288 fructus
2285 4234 2451 4287 etiam
2510 4242 2843 4286 mercaturae
2875 4232 3247 4285 emolumenti
3283 4248 3374 4285 co-

1724 4328 2052 4385 Dnabiuiur
2110 4328 2462 4394 intercipere,
2514 4325 2789 4379 undenatn
2840 4325 3068 4392 privatae
3132 4325 3371 4378 fortuna-

133 4421 369 4480 homines
421 4426 491 4479 ad
542 4426 711 4479 vitam
768 4426 1150 4480 sustinendam
1202 4426 1308 4480 sibi
1363 4429 1670 4481 necessaria
1710 4423 2146 4495 comparabuut?
2186 4442 2203 4472 ι
2276 4420 2483 4475 ΡΓιΕιεΓ
2532 4421 2646 4473 haec
2719 4428 2826 4472 tam
2890 4420 3209 4487 magnificus
3250 4432 3371 4472 erat

132 4509 418 4585 imperator
493 4518 584 4574 hic
622 4518 983 4587 Theophilus,
1048 4529 1107 4573 ut
1156 4523 1319 4575 etiam
1407 4520 1755 4574 admirabilia
1797 4518 2045 4589 quaadam
2099 4518 2466 4571 instrumenta
2541 4514 2790 4567 studiose
2864 4514 3237 4579 excogitaret,
3300 4513 3369 4564 de

130 4614 320 4683 quibus
393 4616 647 4673 machina
728 4617 965 4685 quadam
1038 4616 1273 4671 emissus
1321 4616 1554 4687 Spiritus
1601 4616 1901 4686 jucundam
1976 4615 2332 4682 suavilerque
2411 4621 2758 4665 resonantem
2841 4610 3133 4663 iuclodiam
3182 4610 3367 4661 t‘iliz'tt.

132 4705 313 4763 itidem
368 4708 599 4762 arbores
648 4722 844 4762 aureas
896 4708 1145 4777 parabat,
1186 4708 1242 4761 in
1306 4707 1507 4777 quibus
1573 4706 1762 4762 omnis
1802 4705 2021 4777 generis
2076 4705 2304 4759 avicula:
2364 4702 2718 4759 considentes
2770 4702 3026 4756 melleum
3077 4703 3369 4769 quemdam

129 4811 339 4854 cantum
368 4800 745 4856 eﬂ'undebent.

205 4892 537 4963 ’Δνθρώπιόν
606 4910 659 4946 τι
710 4896 768 4947 ὲν
840 4893 1167 4963 ἀνακτόροις
1241 4897 1691 4966 περιεστρέφετο,

129 4986 456 5056 παρακοπὴν
512 4989 725 5057 φρενῶν
783 4988 927 5057 ἔχον,
998 4988 1255 5059 Δένδερις
1328 4988 1687 5057 καλούμενον.

130 5074 255 5129 ﬂori
280 5077 412 5147 γοῦν
449 5078 476 5128 6
515 5078 770 5147 βασιλεὺς
812 5080 1070 5148 ἐρωτήσει
1084 5099 1096 5140 έ
1130 5080 1263 5131 αὐτὸ
1320 5078 1485 5131 πόθεν
1538 5080 1687 5150 ἥκει,

130 5167 271 5237 παρὰ
326 5172 394 5240 τῇ
455 5172 645 5242 Μάννᾳ
712 5171 1050 5241 πορευθῆναι
1114 5172 1344 5239 ἔλεγεν·
1381 5171 1525 5225 οὕτω
1579 5173 1690 5239 γὰρ

130 5259 301 5314 ἐκάλει
328 5264 431 5331 τὴν
463 5264 767 5318 δέσποιναν.
816 5264 972 5318 Ἀλλὰ
1026 5264 1119 5317 καὶ
1171 5265 1314 5315 νινέα
1342 5265 1481 5318 καλὰ
1518 5265 1691 5315 διεὸε-

130 5348 336 5403 εαιοῦτο
371 5354 515 5423 ἔχειν
556 5356 748 5424 αὑτήν.
784 5354 1013 5417 Εἰκόνας
1066 5351 1158 5406 οὖν
1188 5356 1215 5406 6
1266 5353 1521 5423 βασιλεὺς
1555 5354 1686 5405 ὐπο-

120 5446 353 5509 τοπάσας
412 5448 560 5501 εἶναι
594 5448 663 5499 τὰ
701 5448 842 5500 νινὶα
875 5449 1019 5500 κατὰ.
1050 5447 1151 5516 τῆς
1208 5447 1473 5516 βασιλέδσς
1516 5446 1685 5514 ἐξώρ-

124 5550 290 5600 vtato.
359 5538 427 5591 Ἥ
496 5541 552 5593 δὲ
622 5541 801 5607 σοφῶς
866 5540 957 5593 τὸν
1017 5541 1190 5610 ἄνδρα
1248 5545 1687 5607 κατεσοφίσατο’

116 5620 162 5693 Ῐ;ι
201 5629 330 5684 Οοῦδὶ
360 5631 474 5705 γὰρ
530 5632 742 5695 εἰκόνας
806 5627 943 5684 εἶδεν
996 5636 1023 5685 6
1078 5633 1348 5703 Δένδερις,
1400 5649 1417 5680 ι
1482 5630 1691 5697 ἔλεγεν,

1863 4893 2135 4949 Caeterum
2178 4892 2229 4946 in
2269 4892 2392 4946 aula
2433 4891 2655 4960 quidam
2701 4889 3026 4943 versabatur
3072 4889 3373 4942 homuncio

1793 5001 1987 5056 parum
2018 4986 2217 5040 mentis
2252 4999 2498 5052 compos.
2537 4983 2671 5035 Eum
2709 4998 2833 5035 cum
2872 4982 3167 5050 aliquando
3204 4983 3374 5037 inter-

1794 5088 2042 5149 rogasset
2077 5080 2379 5147 imperator
2411 5076 2557 5130 unde
2595 5077 2845 5141 veniret,
2883 5091 2911 5128 a
2951 5074 3145 5128 Manna
3190 5089 3249 5127 se
3287 5076 3373 5127 di-

1799 5185 2045 5240 gressum
2096 5169 2421 5237 respondit:
2468 5169 2573 5223 hoc
2622 5169 2765 5222 enim
2814 5167 3040 5222 nomine
3089 5167 3368 5221 dominam

1796 5260 2125 5328 appellabat.
2162 5258 2363 5313 Deinde
2394 5257 2682 5313 aliirmavnt
2712 5259 2855 5312 illam
2888 5258 3161 5326 pcrbellas
3193 5272 3367 5326 pupas

1795 5354 2021 5407 habere.
2076 5352 2190 5417 Qua
2247 5367 2380 5406 voce
2440 5353 2739 5421 imperator
2779 5353 3008 5415 audita,
3050 5352 3361 5415 suspicans

1793 5459 1965 5514 pupas
1997 5460 2116 5497 esse
2151 5444 2417 5513 imagines
2439 5484 2453 5509 ,
2491 5455 2684 5499 contra
2719 5443 3122 5511 imperatrieem
3155 5451 3360 5491 excan-

1791 5540 1932 5591 duit.
1992 5537 2086 5591 llla
2143 5552 2272 5591 vero
2316 5534 2573 5592 maritum
2618 5538 2853 5590 solerter
2893 5532 3125 5599 decepit.
3174 5547 3193 5579 ι
3246 5527 3363 5579 Nm

1795 5630 1987 5694 enim,
2064 5632 2181 5696 ait,
2236 5630 2499 5699 imagines
2558 5628 2820 5683 Denderis
2887 5625 3019 5675 vidit
3080 5621 3223 5688 (hoc
3279 5618 3361 5671 itii
