3798 6230
113 211 198 279 541
1319 220 1739 285 ANNALIUM
1782 223 1977 285 PARS
2017 223 2119 285 IV.

3244 227 3349 292 54:2

109 333 201 400 ἄρα
239 329 388 401 καὶή
426 329 564 401 πρὸς
614 330 754 386 Θεὸν
792 332 989 403 γέγονε
1039 331 1248 404 δέησις.
1292 331 1488 390 Ἦνίκα
1533 335 1665 404 γοῦν

1792 353 1951 408 ngem
1995 351 2155 391 suum
2199 335 2254 390 in
2301 336 2612 406 paradisum
2657 335 2991 392 introdusit.
3049 337 3122 391 Ε.ι
3173 337 3241 394 de
3291 356 3350 393 re

106 425 422 494 ιφιλοφρόνει
446 424 670 489 αὐτοὺς,
702 427 1006 498 συμπαρῆν
1054 430 1149 481 καὶ
1180 429 1208 481 6
1243 429 1490 499 γραπτὸς
1531 429 1662 482 Θεο-

105 516 264 586 φάνης
313 515 566 581 Νικαίας.
613 518 832 588 Ταύτης
893 517 989 572 οὖν
1046 519 1464 591 ἑνατενιζούσης
1511 519 1664 591 αὐτῷ

103 609 272 664 καὶτὰ
294 607 567 679 στίγματα
594 609 984 684 θαυμαζοόσης
1014 612 1194 681 ἔλεγεν
1226 612 1322 665 «Τί
1351 629 1417 681 με
1455 611 1666 682 συχνῶς

102 701 250 772 ὁρᾷςς
305 699 437 754 Τότε
498 702 890 774 διαδικάσομαι
952 703 1083 775 περὶ
1127 707 1321 758 τούτου
1373 703 1449 776 τῷ
1508 705 1662 775 ἀνδρί

107 807 208 843 σου.
248 809 266 841 ι
333 789 436 844 Ἢν
495 791 561 862 δὴ
618 793 710 847 καὶ
773 794 944 850 πολλὰ
1001 794 1414 865 δυσχεράνασαν
1468 795 1660 848 τούτου

104 880 267 934 ῑνεκεν
297 882 325 934 6
357 882 708 954 πατριάρχης
737 883 1114 954 παρεμυθεῖτο
1147 879 1436 946 Μεθόδιος.

1769 443 1894 483 cum
1944 428 2152 483 certior
2196 428 2337 482 facta
2382 428 2614 493 fuisset,
2647 430 2886 502 benigne
2915 437 3141 485 sanctos
3182 431 3350 487 hosce

1775 516 1969 572 Patres
2015 517 2227 586 excepit
2255 558 2268 581 ,
2319 517 2414 587 qui
2461 516 2630 572 etiam
2677 533 2780 588 pro
2815 518 3132 588 Theophilo
3173 519 3348 576 Deum

1775 609 1984 678 precati
2033 619 2180 663 sunt.
2219 607 2356 664 Cum
2405 620 2588 665 autem
2643 611 2769 668 illos
2799 613 3118 682 exciperet,
3154 613 3349 669 aderat

1772 699 1916 753 inter
1970 700 2107 754 alios
2149 700 2518 770 Theophanes
2559 702 2814 757 Nicmnus
2859 701 3148 772 pontifex,
3193 704 3352 772 cujus

1771 790 1931 846 faciei
1967 801 2111 846 notae
2144 788 2426 860 impressas
2457 801 2635 847 erant.
2672 791 2724 848 ls
2756 794 3115 864 imperatrice
3148 794 3351 849 defixis

1773 883 1952 938 oculis
1975 899 2033 938 se
2066 884 2339 948 intuente,
2375 899 2438 938 ac
2470 893 2628 938 notas
2664 885 2960 956 impressas
2989 887 3304 940 admirante
3334 906 3348 939 :

112 975 276 1037 «Cur.
325 974 538 1044 inquit,
577 984 688 1032 tam
729 977 927 1032 crebro
973 992 1060 1032 me
1126 977 1370 1048 aspicis?
1404 977 1458 1031 in
1505 975 1678 1031 altera
1755 977 1867 1032 vita
1921 991 2046 1030 cum
2103 977 2306 1030 marito
2372 985 2465 1030 tuo
2515 977 2925 1047 disceptaturas
2975 993 3118 1032 sum.
3162 996 3180 1028 ι
3232 976 3352 1032 lloc

109 1072 314 1126 verbum
347 1069 759 1140 imperatricem
788 1071 1029 1142 graviter
1059 1070 1358 1128 admodum
1391 1069 1645 1142 pupugit,
1687 1085 1852 1139 quam
1904 1078 2084 1123 tamen
2127 1067 2329 1123 deinde
2399 1065 2710 1125 Methodius
2782 1069 3095 1140 patriarcha
3154 1085 3355 1124 cxmso-

107 1168 232 1222 latus
261 1174 363 1221 est.

167 1265 394 1318 Γίνωσκε
427 1264 509 1328 δὲ,
545 1266 823 1338 ἀγαπητὲ,
857 1269 941 1324 ὅτι
993 1269 1088 1323 hri.
1131 1271 1232 1342 τῆς
1265 1269 1360 1325 τοῦ
1400 1269 1665 1339 Θεοφίλου
1737 1321 1744 1332 ,

111 1355 359 1426 βασιλείας
394 1357 551 1411 Λέων
595 1361 625 1412 6
670 1359 964 1432 φιλόσοφος
1003 1356 1096 1434 ἦν,
1135 1363 1526 1434 κεκρυμμένος
1564 1361 1664 1433 μὲν

107 1448 185 1502 τοῦ
215 1447 424 1517 πρώτου
467 1449 566 1505 καὶ
594 1451 775 1523 πάντη
812 1453 1092 1519 ἄγνωστος
1139 1451 1238 1517 ὥν,
1263 1453 1441 1524 τούτῳ
1479 1453 1536 1506 δὲ
1566 1469 1660 1521 γε.

109 1537 253 1608 γοιιὼς
277 1538 354 1609 τῷ
381 1539 576 1611 τρόπῳ
605 1542 929 1614 κατάδηλος.
959 1543 1199 1608 Νεανίας
1232 1562 1316 1608 τις
1355 1561 1661 1616 γεωμετρι·
1693 1580 1741 1640 Β

108 1632 191 1716 si;
231 1632 540 1704 ἐπιστήμης
597 1633 865 1716 ἔμπειρος
915 1635 992 1690 ὣν
1040 1636 1391 1707 αἰχμάλωτος
1441 1639 1656 1705 ἄγεται.

107 1715 216 1772 Εἶτα
245 1722 388 1788 παρὰ
417 1720 516 1772 τοῦ
553 1715 886 1791 κατέχοντος
921 1723 1093 1777 αὐτὸν
1128 1725 1534 1796 Ἀρμεμοόμνη
1570 1723 1664 1795 ζή-

107 1826 250 1885 τησις
276 1811 487 1878 γίνεται
520 1814 920 1885 γεωμετρικῶν
949 1815 1350 1888 θεωρημάτων.
1380 1816 1658 1887 Παρίστα-

111 1918 183 1954 ται
207 1902 594 1970 καὶόνεανίας,
619 1905 721 1975 τὴν
747 1905 923 1960 αὑτοῦ
940 1907 1132 1976 σοφίαν
1159 1908 1423 1974 δείκνυσι,
1452 1909 1664 1980 θαυμά-

111 1995 252 2058 ζεται.
290 1994 598 2066 Ἐρωτᾶται
640 1997 688 2049 εί
721 1999 816 2051 καί
850 2016 995 2064 τινες
1023 2001 1202 2070 ἕτεροι
1237 2001 1471 2054 τοιοῦτοι
1511 2001 1664 2074 παρὰ

111 2091 162 2160 τῇ
202 2086 555 2163 βασιλευούσῃ
599 2091 975 2161 εὑρίσκονται.
1017 2093 1126 2146 Καὶ
1173 2095 1200 2146 6
1234 2091 1664 2164 Ἀρμεμούμνης

116 2174 268 2249 μαθὼν
295 2177 419 2250 περὶ
447 2181 542 2236 τοῦ
587 2184 758 2251 σοφοῦ
790 2184 1039 2251 Λέοντος,
1078 2185 1160 2250 τίς
1198 2203 1257 2238 τε
1287 2181 1354 2258 ἦν
1391 2187 1486 2240 καὶ
1515 2188 1663 2252 ὅπως

115 2275 168 2330 είς
198 2272 356 2343 ἄκρον
387 2274 657 2344 ἐληλάκει
701 2280 884 2345 πάσης
924 2277 1116 2348 σοφίας
1177 2279 1274 2332 καὶ
1328 2281 1661 2350 ἐπιστήμης,

113 2363 275 2434 γράφει
303 2367 434 2435 πρὸς
466 2368 572 2420 τὸν
602 2367 829 2437 βασιλέα
861 2369 1123 2439 Θεόφιλον
1150 2370 1224 2434 ὡς
1251 2371 1317 2424 ἂν
1359 2372 1660 2425 ἁποστελοῖ
1709 2438 1713 2443 η

109 2453 179 2506 τὸν
220 2455 498 2526 φιλόσοφον
533 2459 700 2532 ,πρὸς
752 2460 916 2513 αὐτόν
942 2473 958 2491 ⁸
1008 2462 1131 2516 ἀντὶ
1163 2462 1222 2515 δὲ
1273 2465 1465 2516 τούτου
1500 2463 1658 2535 δοθή-

111 2563 235 2601 σεται
263 2548 414 2621 χάρις
461 2552 704 2622 χρυσίου
755 2553 1088 2628 κεντηνάρια
1127 2561 1172 2626 ρ’
1200 2556 1295 2609 καὶ
1333 2557 1486 2626 φιλία
1537 2556 1666 2610 αἰὼ-

110 2657 219 2700 νιος.
244 2641 339 2693 Καὶ
382 2644 409 2695 6
466 2643 739 2712 Θεόφιλος
797 2644 1002 2698 ἄτοπον
1055 2649 1250 2718 κρίνας
1301 2651 1350 2702 εί
1407 2649 1507 2717 τὴν
1552 2649 1661 2702 τῶν

110 2727 256 2781 ὄντων
285 2731 497 2797 γνῶσιν,
539 2732 619 2786 δι’
663 2735 730 2803 ἣν
757 2733 817 2786 τὸ
856 2735 967 2789 τῶν
1006 2736 1295 2807 Ῥωμαίων
1338 2739 1493 2806 γένος
1540 2739 1679 2793 θαυ-’

117 2815 334 2881 μάζεται,
360 2821 588 2893 ἔκδοτον
619 2823 835 2894 πο.ήσει
871 2825 983 2888 τοῖς
1012 2826 1214 2893 ἔθνεσι,
1245 2829 1378 2897 πρὸς
1407 2831 1474 2882 τὰ
1508 2831 1664 2899 αίτη-

115 2902 252 2960 θέντα
277 2908 366 2961 οὐκ
409 2911 707 2964 ἐπένευσε.
745 2913 1082 2983 Γνωρίζεται
1128 2915 1223 2969 οὖν
1266 2917 1513 2970 ἐντεῦθεν
1539 2920 1568 2971 6
1599 2919 1666 2970 τὰ
1697 2948 1738 3004 c

114 2995 263 3050 πάντα
291 3005 608 3070 σοφώτατος
652 3004 825 3070 Λέων,
852 3006 1179 3070 διδάσκαλος
1225 3010 1662 3081 προχειρίζεται,

113 3090 380 3148 τελευταῖον
409 3097 486 3160 είς
522 3098 625 3150 τὸν
669 3101 769 3168 τῆς
814 3099 1215 3172 Θεσσαλονίκης
1248 3102 1438 3170 θρόνον
1469 3106 1667 3174 ἁνὰγε-
1703 3166 1708 3172 ,

115 3197 186 3232 ται
223 3185 361 3253 παρὰ
410 3187 764 3258 πατριάρχου
801 3187 1047 3242 Ἰωάννου
1107 3190 1202 3243 τοῦ
1253 3194 1517 3263 μεγάλου.
1546 3197 1668 3248 Τῶν

114 3271 460 3348 Εἰκονομᾶχων
510 3279 828 3349 τηνικαῦτα
895 3281 1337 3352 καθαιρεθέντων
1393 3289 1672 3360 συγκαθη-

117 3367 222 3436 ρέθη
257 3371 346 3422 καὶ
391 3372 581 3434 αὐτός.
617 3371 903 3444 Μεγίστην
957 3373 1014 3426 δὲ
1054 3375 1219 3447 τιμὴν
1270 3380 1421 3449 παρά
1456 3396 1519 3448 γε
1555 3384 1671 3444 τοῖς

117 3456 578 3518 Θεσσαλοιιικεῦσιν
635 3464 797 3535 ἔφερε
851 3466 946 3520 καὶ
998 3467 1066 3521 δι’
1115 3469 1252 3524 ἄλλα
1315 3472 1416 3541 μὲν
1474 3474 1667 3538 πολλὰ,

119 3552 324 3619 μάλιστα
370 3555 426 3608 δὲ
471 3557 546 3611 δι’
593 3558 660 3628 ἣν
712 3558 985 3628 ἐπήνεγκε
1019 3560 1113 3613 τοῦ
1154 3561 1319 3632 λιμοῦ
1363 3563 1539 3628 λύσιν,
1571 3566 1669 3636 τὴν

114 3643 204 3697 τῶν
249 3649 485 3721 ἀστέρων
542 3651 801 3722 ἐπιτολὴν
873 3655 1311 3725 διασκεψάμενος
1377 3659 1667 3722 κάκείνους

114 3735 380 3805 ἀναπείσας
405 3741 475 3796 τὰ
516 3746 818 3816 σπέρματα
853 3746 1162 3817 τηνικαῦτα
1201 3749 1556 3805 καταϐαλεῖν.
1653 3789 1672 3804 .

1848 1261 2007 1333 29],
2059 1259 2213 1316 Scito
2252 1270 2437 1315 autem
2460 1300 2475 1326 ,
2523 1257 2720 1315 dilecte
2752 1258 2826 1313 ﬁli
2851 1298 2864 1320 .
2898 1258 3209 1330 Theophila
3244 1260 3353 1316 im-

1769 1364 2001 1428 perante
2029 1354 2272 1408 Leonem
2304 1352 2694 1422 philos0phu.u
2724 1352 3027 1416 exstitisse,
3059 1353 3154 1422 qui
3187 1369 3350 1434 pror-

1769 1464 1864 1504 sus
1900 1457 2063 1502 antea
2096 1447 2353 1502 latitabat
2381 1456 2438 1500 et
2469 1445 2694 1516 ignotus
2721 1455 2839 1500 erat
2869 1463 2883 1500 :
2918 1446 3013 1500 sed
3046 1447 3154 1501 hoc
3186 1451 3350 1502 modo

1774 1551 1975 1592 nomen
2029 1534 2254 1605 aliquod
2308 1544 2394 1589 est
2449 1543 2812 1589 consecutus.
2871 1533 3106 1599 Quidam
3162 1536 3350 1592 adole-
3437 1561 3442 1566 -

1774 1644 1937 1685 secus
1965 1628 2320 1698 geometrica:
2351 1626 2602 1681 scientiae
2635 1627 2846 1696 peritus
2881 1627 2934 1680 in
2969 1627 3212 1681 hostium
3247 1645 3349 1696 po-

1775 1732 2033 1778 testatem
2065 1730 2316 1776 venerat.
2350 1720 2566 1775 Accidit
2599 1730 2782 1774 autem
2818 1731 2878 1775 ut
2906 1723 3355 1787 Armemumnes,

1770 1813 1864 1883 qui
1899 1827 2024 1867 eum
2055 1814 2333 1880 captivum
2370 1809 2645 1874 habebat,
2682 1810 2985 1879 aliquando
3018 1811 3086 1865 de
3125 1828 3350 1881 geome—

1772 1908 1930 1962 tricis
1961 1899 2323 1960 theorematis
2353 1904 2684 1973 disputaret.
2715 1902 2791 1958 lbi
2820 1905 3044 1976 juvenis
3079 1905 3169 1959 ille
3208 1921 3350 1975 prm—

1771 2015 1900 2055 sens
1930 1997 2167 2053 dotrinaz
2195 2012 2311 2052 sua:
2340 1996 2622 2065 specimen
2653 1996 2803 2060 edit,
2835 2005 2889 2050 et
2918 1996 3061 2066 apud
3095 1997 3354 2050 homines

1771 2091 2198 2148 admirationem
2232 2089 2318 2145 sui
2368 2089 2640 2144 concitat.
2685 2088 3056 2155 Quamobrem
3104 2089 3339 2142 interm-

1771 2192 1936 2255 gatur
1963 2198 2032 2236 an
2063 2181 2154 2236 alii
2190 2196 2413 2252 quoque
2447 2181 2608 2250 Cpoli
2639 2182 2990 2250 reperiantur
3019 2181 3116 2250 qui
3164 2191 3341 2235 artem

1774 2275 1915 2329 hanc
1956 2282 2198 2328 teneant.
2233 2272 2370 2328 Cum
2411 2272 2786 2341 respondente
2819 2272 3023 2342 juvene
3056 2272 3352 2342 cognovis-

1773 2376 1858 2422 set
1885 2369 2305 2419 Armcmumnes
2331 2364 2402 2419 de
2433 2364 2618 2418 Leone
2647 2365 2769 2418 viro
2801 2365 3038 2434 sapienti
3071 2380 3135 2419 ac
3162 2364 3356 2428 docto,

1774 2454 2029 2524 quisnam
2066 2453 2247 2519 foret,
2283 2461 2337 2508 et
2369 2454 2516 2523 quod
2554 2467 2826 2508 Summam
2863 2454 3044 2508 otnnis
3079 2454 3351 2508 doctrinze

1783 2554 2161 2624 scientiaeque
2216 2552 2471 2623 peritiam
2531 2563 2861 2606 censet-ntus
2917 2565 3097 2614 esset,
3151 2552 3359 2606 litteris

1774 2645 1839 2698 ad
1880 2645 2272 2713 imperatorem
2311 2641 2682 2711 Theophilum
2715 2642 2859 2696 datis
2903 2643 3039 2711 petit
3086 2653 3144 2695 ut
3189 2641 3255 2696 ad
3289 2659 3349 2696 se

1774 2736 2016 2792 Leonem
2066 2739 2287 2800 mittat,
2335 2753 2434 2805 pro
2480 2752 2591 2805 quo
2644 2736 2967 2790 dei-larandi
3015 2736 3184 2792 animi
3218 2736 3360 2806 grati

1774 2845 1945 2883 causa
1979 2829 2216 2883 vicissim
2247 2829 2297 2883 ei
2327 2828 2561 2882 daturus
2589 2828 2663 2881 sit
2689 2837 2913 2882 centum
2943 2829 3064 2882 auri
3095 2839 3361 2882 centena-

1773 2921 1886 2976 rios
1924 2931 2300 2990 aeternamque
2339 2934 2534 2990 pacem
2579 2934 2971 2976 concessurus.
3017 2920 3362 2991 Theophilus

1775 3024 1997 3078 autem,
2028 3013 2128 3084 qui
2161 3013 2460 3068 absurdum
2495 3011 2759 3082 quiddam
2794 3028 2850 3068 se
2880 3014 3157 3069 facturum
3190 3016 3364 3072 duce.-

1776 3113 1899 3170 ret,
1943 3104 1991 3159 si
2039 3119 2226 3160 rerum
2270 3105 2678 3174 cognitionem,
2722 3115 2948 3174 propter
2985 3121 3150 3174 quam
3201 3108 3361 3159 natio

1779 3197 2158 3252 Romanorum
2206 3195 2260 3249 in
2304 3196 2675 3252 admiratione
2723 3197 2827 3260 sit,
2875 3196 3093 3266 pepulis
3140 3200 3360 3252 exteris

1781 3288 2079 3358 proderet,
2107 3288 2401 3358 postulatis
2425 3291 2836 3343 Armemumna:
2878 3287 3135 3342 assentiri
3165 3289 3362 3342 induit.

1781 3379 1860 3434 Ex
1887 3393 1955 3434 eo
1986 3386 2236 3446 tempore
2266 3378 2380 3434 Leo
2407 3379 2768 3435 doctissimus
2797 3381 2854 3435 in
2883 3381 3159 3435 universis
3185 3379 3354 3433 disci-

1783 3473 1955 3544 plinis
2001 3472 2314 3528 clarescere
2357 3474 2544 3542 ccepit.
2598 3471 2848 3542 Cumque
2890 3473 3132 3527 doctoris
3160 3488 3386 3537 munus

1779 3563 2100 3635 aliquandiu
2127 3565 2177 3620 ei
2211 3565 2531 3619 mandatum
2560 3564 2775 3628 fuisset,
2805 3565 3025 3619 tandem
3051 3580 3218 3634 opera
3246 3581 3364 3618 ma-

1777 3658 1870 3728 gni
1902 3658 2228 3728 patriarcha:
2265 3659 2495 3714 Joannis
2523 3659 2592 3712 ad
2626 3657 3121 3715 Thessalonicense
3161 3659 3302 3714 seliu
3330 3681 3364 3710 τι

1779 3761 2013 3808 evectus
2062 3761 2167 3806 est.
2228 3752 2364 3806 Inde
2414 3767 2541 3806 cum
2591 3761 3001 3822 oppugnatores
3054 3752 3359 3820 imagnnm

115 3823 216 3882 luco
260 3843 637 3903 moverentur,
720 3836 891 3892 etiam
937 3837 1056 3908 ipse
1123 3841 1264 3896 solio
1311 3858 1415 3898 suo
1463 3843 1712 3916 dejectus
1787 3853 1892 3900 est.
1943 3844 2103 3915 Apud
2155 3843 2678 3899 Thessalonicenses
2735 3844 2790 3897 in
2847 3843 3059 3898 honore
3114 3843 3366 3897 maximo

115 3921 202 3977 fuit
245 3943 367 3983 cum
421 3931 562 3986 alias
611 3931 799 4002 plures
848 3933 920 3990 ob
972 3951 1214 4005 causas,
1260 3947 1376 3993 tum
1427 3941 1663 3995 maxime
1703 3950 1999 4011 propterea
2043 3939 2191 4010 quod
2227 3953 2324 3994 eos
2391 3954 2626 3993 annonae
2696 3939 2928 4008 penuria
2982 3938 3356 3996 sublevasset.

112 4017 327 4076 siderum
367 4027 740 4095 quorumdam
783 4036 912 4084 ortu
961 4031 1354 4088 considerato:
1400 4042 1755 4103 persuaserat
1792 4035 1941 4090 enim
2013 4032 2148 4104 ipsis
2216 4043 2276 4088 ut
2316 4030 2560 4087 indicato
2598 4033 2667 4085 ab
2707 4044 2767 4086 se
2839 4039 3088 4100 tempore
3145 4029 3363 4086 semina

113 4119 251 4169 terra:
279 4117 592 4174 crederent.

179 4208 234 4262 '0
266 4214 450 4283 μέντοι
502 4215 766 4285 Θεόφιλος
820 4219 1072 4290 γαμϐρὸν
1115 4217 1264 4292 εῖχεν
1321 4221 1589 4288 Ἀλέξιον,
1617 4220 1666 4275 οἳ

1855 4217 1938 4273 Ad
1974 4216 2347 4287 Theophilum
2389 4227 2446 4269 ut
2479 4215 2808 4279 redeamus,
2847 4214 3088 4270 habebat
3119 4217 3165 4272 is
3196 4233 3368 4287 gene-

113 4303 321 4376 Μωσηλὲ
363 4311 424 4363 τὸ
481 4311 813 4380 ἐπώνυμονο
853 4315 949 4366 καὶ
990 4316 1253 4387 Μανουήλ
1287 4335 1372 4380 τις
1423 4320 1482 4372 ὲν
1530 4318 1666 4387 αὑτᾷ

1785 4327 1904 4367 rum
1963 4309 2258 4374 Alesiam,
2315 4319 2684 4378 cognomento
2741 4309 3018 4364 Moselem.
3078 4310 3364 4366 Praeterea.

114 4399 588 4468 παραδυναστεύων
617 4400 709 4478 ἦν.
753 4406 989 4474 Ὁμοίως
1022 4411 1118 4462 καὶ
1147 4409 1425 4478 Θεόφοὸός
1473 4426 1578 4473 τις,
1610 4409 1666 4464 ὃν

1785 4402 2068 4457 lianuelus
2103 4401 2330 4472 quidam
2378 4401 2523 4471 apud
2559 4401 2739 4470 ipsum
2778 4403 3074 4469 potestatis
3119 4403 3359 4472 imperm

113 4489 166 4561 δὴ
204 4497 292 4550 καὶ
334 4497 554 4570 θανάτῳ
611 4500 1102 4573 καθυποὸληθῆναι
1153 4504 1394 4570 κελεύει,
1431 4505 1507 4576 μή
1540 4521 1673 4556 ποτε

114 4582 355 4658 νεώτερόν
387 4608 443 4644 τι
480 4591 831 4664 είργάσηται.
867 4595 1218 4666 Ἀφαιρεῖται
1247 4596 1342 4650 οὖν
1387 4600 1420 4668 ἡ
1456 4596 1674 4654 ἐκείνου

112 4679 302 4750 κεφαλὴ
331 4682 428 4734 καὶ
457 4681 536 4753 τῷ
566 4682 815 4754 Θεοφίλῳ
857 4689 1223 4757 προσάγεται.
1265 4689 1388 4742 Τῶν
1421 4685 1519 4744 οὖν
1548 4706 1673 4760 τριο

110 4768 204 4837 χῶν
228 4773 396 4849 αὐτῆς
414 4775 691 4848 ἁψάμενος
719 4776 850 4851 ἔφη·
883 4799 902 4832 ι
929 4778 1056 4834 Οὓτ’
1078 4779 1192 4850 ἐγὼ
1220 4779 1506 4851 Θεόφιλος,
1548 4781 1674 4836 οὔτε

113 4863 171 4916 σὺ
211 4863 500 4935 Θεόφοΰος.
559 4889 578 4923 ι
612 4869 740 4924 Ἐπὶ
794 4872 1008 4936 τούτοις
1065 4871 1159 4927 οὖν
1213 4874 1545 4946 ἐξηρεύξατο
1573 4876 1674 4946 τὴν

112 4951 272 5026 ψυχὴν
300 4957 619 5031 δυσεντερίῳ
643 4960 912 5034 πρότερον
943 4961 1230 5034 συσχεοείς
1249 4976 1265 4992 ⁸
1294 4962 1355 5017 τὸ
1381 4962 1439 5017 δὲ
1463 4967 1674 5044 ἐαύτης

113 5047 269 5128 αῐτιον
303 5050 667 5124 ψυχροποσία.
1003 5047 1016 5058 ’

173 5225 321 5281 Μετὰ
350 5227 408 5282 δὲ
439 5231 628 5286 τοῦτον
659 5233 859 5304 κρατεῖ
894 5233 1117 5306 Μιχαὴλ
1163 5236 1192 5290 6
1246 5234 1524 5308 μεθυστὴς
1574 5236 1672 5290 σίσν

109 5319 170 5386 τῇ
197 5327 360 5391 μητρὶ
395 5325 561 5378 αὑτοῦ
592 5327 846 5400 Θεοδώρᾳ
872 5327 968 5399 ἔτη
1003 5327 1087 5393 ιδ’,
1112 5330 1208 5382 καὶ
1243 5329 1407 5399 μόνος
1441 5329 1537 5398 ἔτη
1576 5329 1668 5386 ια’.

111 5409 340 5481 Κατάγει
379 5415 438 5468 δὲ
469 5420 634 5490 αὐτὴν
661 5423 756 5475 καὶ
789 5422 1074 5494 ἀποκείρει
1097 5438 1112 5455 ο
1173 5423 1333 5492 μόνος
1370 5423 1480 5494 γὰρ
1511 5423 1670 5494 ἤθελε

113 5501 354 5574 σκῆπτρα
406 5509 475 5562 τὰ
539 5512 829 5583 Ῥωμαίων
889 5515 1113 5577 ἰθύνειν,
1147 5515 1196 5567 εί
1254 5519 1347 5568 καὶ
1406 5517 1484 5586 μὴ
1534 5517 1672 5586 πρὸς

112 5587 263 5644 καλὸν
295 5594 568 5651 ἀπέϐλεπε
594 5601 662 5652 τὰ
696 5601 931 5656 ἐκείνου.
965 5603 1029 5656 Τί
1081 5605 1190 5673 γὰρ
1225 5603 1326 5656 οὐκ
1377 5604 1532 5672 ἔλεγε
1561 5623 1576 5670 ;
1604 5605 1672 5658 Τί

113 5674 610 5776 δδέῦκ-έπραῖτῆ
647 5691 916 5757 Πολλάκις
966 5694 1058 5750 καὶ
1096 5695 1232 5766 μηδὲ
1272 5711 1418 5759 τινος
1478 5695 1672 5767 χρείας

1778 4495 1937 4551 toria:
1973 4496 2256 4564 particeps
2284 4504 2403 4548 erat
2425 4532 2440 4557 ,
2471 4495 2714 4561 itemque
2739 4492 3116 4563 Theophobus
3141 4535 3156 4558 ,
3182 4511 3353 4564 quem

1778 4596 1956 4644 morte
1986 4587 2124 4642 allici
2159 4587 2361 4657 jussit,
2399 4603 2466 4641 ne
2509 4584 2740 4655 quando
2784 4601 2872 4640 res
2917 4601 3090 4642 novas
3134 4588 3361 4641 molin-

1779 4688 1870 4734 tur
1898 4695 1912 4744 ;
1945 4689 2140 4750 estque
2167 4687 2332 4745 caput
2362 4678 2412 4733 ei
2451 4679 2746 4748 praecisum
2784 4687 2839 4733 et
2874 4680 2939 4732 ad
2973 4679 3351 4749 Theophilum

1777 4771 2031 4826 allatum.
2065 4771 2236 4842 Cujus
2267 4771 2358 4825 ille
2394 4770 2644 4826 crinibus
2677 4773 2989 4826 attrectatis
3018 4789 3031 4825 :
3062 4790 3080 4823 ι
3106 4773 3218 4828 Nec
3250 4793 3360 4845 ego

1776 4879 1896 4918 sum
1945 4865 2316 4934 Theophilus,
2365 4863 2580 4933 inquit,
2642 4878 2744 4917 nec
2799 4871 2856 4917 tu
2904 4863 3293 4933 ΤΙιοονιιοΙηιε.
3334 4887 3356 4919 ι

1775 4955 1932 5011 llaud
1966 4957 2138 5011 multo
2167 4965 2292 5026 post
2321 4957 2562 5010 animum
2589 4955 2898 5021 exhalavit,
2929 4972 3053 5010 cum
3087 4959 3249 5027 prius
3272 4962 3352 5014 in.

1778 5049 2112 5103 testinorum
2166 5047 2360 5102 morbo
2410 5047 2756 5114 laborasset,
2809 5061 2975 5120 quem
3032 5066 3099 5104 ex
3155 5053 3359 5110 haustu

1775 5140 1992 5211 frigidae
2023 5156 2177 5210 aqua:
2208 5140 2314 5196 sibi
2347 5141 2730 5196 arcessiverat.
2891 5127 2894 5132 ’

1845 5231 2156 5303 Theophila
2189 5233 2497 5298 exstincto,
2534 5233 2836 5292 Michaelus
2873 5251 2999 5292 cum
3059 5233 3354 5289 Ἤκουον..

1775 5337 1951 5382 matre
1984 5328 2046 5380 14
2081 5326 2243 5381 annis
2273 5325 2594 5396 imperavit,
2634 5343 2869 5400 eamque
2896 5329 3120 5384 tandem
3153 5327 3223 5379 ab
3253 5326 3358 5378 im-

1776 5418 1914 5488 perii
1963 5416 2354 5488 gubernaculis
2400 5419 2636 5475 removit
2673 5429 2728 5476 et
2774 5422 2950 5488 rasit,
2994 5419 3142 5490 quod
3191 5421 3348 5472 solus

1779 5510 2079 5565 Bonnanam
2117 5528 2231 5565 rem
2267 5512 2540 5581 publicant
2573 5511 2965 5566 administrare
3002 5511 3186 5564 vellet.
3225 5510 3348 5563 Non
3387 5501 3394 5509 ’

1778 5614 1958 5658 tmnen
1990 5605 2056 5658 ad
2089 5604 2378 5659 utilitatem
2417 5604 2691 5674 publicam
2724 5619 2787 5657 ea
2815 5619 2938 5672 qua:
2968 5601 3194 5672 gerebat
3224 5616 3352 5667 spe-

1777 5698 2020 5752 ctabaut.
2065 5697 2207 5763 Quid
2240 5698 2387 5751 enim
2421 5713 2530 5752 non
2562 5697 2652 5751 ille
2685 5695 2869 5751 dicere
2893 5735 2908 5760 ,
2941 5693 3071 5763 quid
3107 5708 3215 5748 non
3248 5712 3353 5744 au-
