3798 6230
474 154 578 220 543

468 364 633 420 sitate
697 366 904 434 absque
966 362 1320 430 custodibus,
1372 361 1666 430 praesidio,
1729 365 2029 419 satellitum

466 454 762 519 comitatu,
801 456 855 507 in
889 454 1051 523 292
1086 453 1203 524 ipsa
1232 467 1290 507 se
1320 454 1482 508 trivia
1509 454 1849 509 conferebat.
1890 452 2033 522 Quid

465 546 635 601 multa
665 544 896 614 proferri
933 559 1068 610 Opus
1101 543 1225 599 est?
1252 542 1386 597 Cum
1416 543 1664 613 quotidie
1697 543 2033 600 deteriorem

462 632 530 688 ad
567 633 733 687 vitam
765 632 1171 701 prolaberetur,
1202 632 1421 686 tandem
1455 632 1539 686 vir
1568 633 2034 691 sceleratissimus

464 726 726 780 adversus
759 725 874 795 ipsa
908 740 1127 796 quoque
1164 723 1426 797 mysteria
1462 722 1667 779 furiose
1701 724 2033 780 debacchari

460 818 649 887 empit.
686 817 821 872 Nam
856 818 911 872 in
944 831 1209 872 craterem
1243 816 1416 871 indito
1456 817 1632 887 sinapi
1674 818 2034 876 acerbissimo

465 911 755 983 mysticum
787 909 915 964 inde
947 924 1160 964 sacrum
1192 911 1485 979 peragebat
1506 949 1520 974 ,
1553 908 1750 964 ludens
1785 910 1953 965 miser
1980 911 2032 965 in

465 1005 537 1059 iis
571 1018 694 1073 qua}
730 1001 892 1056 ludos
930 1001 1113 1055 nullos
1153 1003 1486 1067 admittunt,
1531 1011 1585 1056 et
1625 1002 1809 1056 ridens
1852 1002 2037 1057 infelix

464 1097 519 1150 in
548 1095 772 1149 minime
802 1094 1073 1148 ridiculis.
1100 1092 1426 1148 Tradiderat
1450 1093 1499 1147 ei
1536 1092 1826 1149 Theodora
1862 1105 2038 1149 mater

378 1244 385 1251 ,
459 1188 582 1242 auri
615 1203 721 1242 uxc
747 1185 1126 1247 centenarios,
1158 1184 1369 1253 argenti
1398 1183 1462 1237 ad
1501 1185 1603 1238 tria
1634 1184 1824 1238 millia.
1858 1183 1932 1239 Ex
1969 1184 2035 1239 iis

460 1280 757 1335 Michaclus
792 1278 1031 1331 moriens
1073 1277 1176 1329 tria
1232 1283 1440 1328 tantttnt
1493 1275 1748 1345 reliquit,
1803 1276 2036 1345 imperio

457 1385 582 1442 post
606 1372 993 1426 discessionem
1023 1383 1086 1421 ex
1114 1367 1235 1420 aula
1258 1366 1560 1420 'l’heodorae
1590 1367 1748 1421 annis
1778 1366 2034 1421 undecim

455 1462 681 1532 potitus.
717 1461 860 1517 Solis
892 1459 1390 1528 compotatiouibus
1424 1470 1479 1513 et
1513 1457 1855 1513 circensibus
1889 1457 2035 1514 ludis

455 1569 679 1623 operam
736 1551 937 1618 dabat,
990 1552 1192 1620 quibus
1241 1567 1371 1605 sane
1421 1549 1749 1619 spectaculis
1783 1557 1889 1603 tam
1930 1549 2035 1603 im-

1745 162 2025 227 MICHAF

2134 170 2167 228 S
2206 169 2463 255 GLYCzE
2530 188 2535 194 ·
2817 248 2829 259 ,
3570 188 3653 255 ω

467 289 564 327 sus
589 281 676 327 est
706 270 929 327 facere?
962 272 1350 343 Stipenumero
1382 269 1527 325 nulla
1564 281 1793 343 urgente
1835 289 2025 329 neces-

2135 283 2593 353 κατεπειγούσης,
2636 284 2805 356 χωρὶς
2840 285 3095 357 φυλάκων
3137 291 3234 347 καὶ
3283 299 3533 367 φρουρᾶς,
3558 304 3636 357 ἅτε

2137 369 2610 464 δορυφορούντων.
2651 378 2746 432 ἐπὶ
2793 382 2987 449 μέσων.
3022 384 3229 449 ἐκεῖνος
3259 390 3478 458 τριόδων
3508 401 3663 464 παρὼ-

2136 460 2280 516 δευε.
2321 463 2429 516 Καὶ
2461 463 2514 517 τί
2556 467 2662 539 χρὴ
2703 468 2876 525 πολλὰ
2904 472 3125 540 λέγεινς
3174 476 3269 543 ἐπὶ
3320 479 3527 546 χείρονα
3563 460 3663 538 καθ’

2139 545 2375 639 ἑκάστην
2410 556 2737 621 προκόπτων
2769 554 2932 627 ζωὴν,
2965 560 3057 612 καὶ
3083 561 3204 615 κατ’
3236 545 3423 618 αὐτῶν
3443 567 3665 641 ἐλύττηεε

2137 637 2270 691 τῶν
2294 644 2611 713 μυπηρῖων
2660 649 2688 700 6
2743 648 3024 713 κάκιστος.
3067 651 3253 707 Βαλὼν
3300 656 3404 728 γὰρ
3449 661 3520 722 εἰς
3554 637 3664 733 κραι-

2137 732 2279 802 τῆρα
2338 734 2667 804 δριμύτατον
2738 740 2929 812 σίνηπι
2989 743 3088 815 τὴν
3143 747 3433 814 ἁγιστείαν
3483 732 3666 809 ἐκεῖθεν

2139 825 2314 880 ἐτέλει
2340 829 2435 897 τὴν
2471 833 2762 904 μυστικὴν,
2788 837 2999 902 παίζων
3024 841 3052 892 6
3081 841 3248 905 τάλας
3271 844 3328 895 ἐν
3354 845 3415 898 οὐ
3453 855 3667 917 παικτοῖς

2138 918 2235 971 καὶ
2272 918 2446 987 γελῶν
2508 922 2565 975 ἐν
2618 925 2945 991 ἀγελάστοις
2997 931 3024 982 6
3080 928 3340 1005 δείλαιος.
3406 932 3463 987 Ἦ
3513 939 3667 1005 μέντοι

2139 1010 2391 1082 Θεοδώρα
2430 1015 2781 1101 παραδίδωσι
2812 1020 2948 1086 πρὸς
3004 1022 3170 1076 αὑτὸν
3218 1026 3421 1094 χρυσοῦ
3449 1035 3667 1098 κεντηνά-

2143 1113 2235 1168 ρια
2264 1105 2318 1164 ς’
2359 1102 2452 1154 καὶ
2479 1103 2747 1173 ἀργυρίου
2801 1105 2932 1160 ὡσεὶ
2960 1114 3046 1180 ,γ’.
3085 1108 3226 1163 Ἀλλ’
3258 1113 3286 1165 6
3318 1113 3528 1189 Μιχαὴλ
3567 1120 3665 1188 τρια

2138 1191 2233 1244 καὶ
2271 1193 2406 1261 μόνα
2451 1195 2722 1250 τελευτῶν
2763 1201 2964 1269 ἀφῆκε,
3002 1203 3287 1273 κρατήσας
3328 1206 3422 1276 ἔτη
3467 1214 3529 1261 ια’
3554 1217 3662 1276 μετὰ

2136 1277 2236 1351 τὴν
2265 1280 2548 1352 Θεοδώρας
2583 1285 2893 1349 διάζευξινσ
2930 1289 3059 1358 περὶ
3107 1291 3216 1358 γὰρ
3257 1292 3424 1361 μέθας
3466 1297 3552 1349 καὶ
3584 1299 3662 1350 ξπ-

2137 1373 2441 1444 ποδρομῐας
2498 1376 2789 1447 κατήγετο.
2846 1376 3115 1434 Τοσοῦτον
3183 1382 3240 1434 δὲ
3292 1384 3400 1438 τῶν
3449 1387 3661 1441 τοιούτων

2138 1457 2379 1529 ἐξείχετο
2414 1461 2658 1531 θεάτρων
2691 1466 2766 1528 ὡς
2817 1467 2982 1530 αὐτὸς
3029 1469 3128 1539 μὲν
3172 1470 3361 1542 φορεῖν
3390 1472 3448 1528 rb
3476 1474 3655 1530 Bévsm

2139 1554 2232 1604 καὶ
2270 1554 2620 1623 ἱππηλατεῖν,
2652 1559 2679 1610 6
2710 1557 2765 1610 δὲ
2817 1559 3109 1634 λογοοέτης
3161 1563 3222 1616 τὸ
3271 1562 3551 1635 Πράσινον.
3578 1572 3658 1624 Καί

456 1660 621 1712 pense
646 1642 1025 1697 delectabatur
1053 1650 1110 1694 ut
1139 1641 1367 1710 ipsemet
1395 1640 1736 1694 extrinsecus
1769 1638 2025 1692 amictum

2139 1662 2269 1699 ποτε
2325 1648 2459 1716 γοῦν
2510 1649 2603 1702 τοῦ
2645 1651 2873 1705 ἱππικοῦ
2929 1654 3222 1721 ἐνστάντος
3273 1658 3482 1725 ἀγῶνος
3526 1663 3652 1715 ὀπτοῦ

459 1736 728 1790 Venetum
765 1744 989 1804 gestans
1021 1749 1197 1803 equos
1237 1734 1503 1804 agitaret,
1566 1731 1843 1801 logotheta
1894 1732 2027 1786 Pra-

451 1827 797 1883 sino'hahitu
833 1826 1050 1881 induto.
1090 1824 1305 1880 Accidit
1343 1823 1641 1894 aliquando
1686 1831 1744 1891 ut
1781 1822 2031 1892 equestri

453 1921 757 1976 certamine
819 1918 932 1990 jam
996 1918 1319 1974 imminente
1379 1915 1792 1987 protonmarius
1851 1916 2033 1971 dromi

454 2012 730 2069 accedens
761 2012 971 2066 diceret
1002 2011 1058 2065 in
1090 2008 1406 2079 Melangeis,
1429 2023 1548 2077 qure
1576 2007 1841 2077 Melagina
1871 2009 2032 2078 vulgo

455 2111 868 2174 nuncupantur,
915 2102 1222 2157 Saracenos
1257 2101 1471 2153 adesse.
1507 2098 1648 2152 Tum
1690 2099 2029 2167 imperator:

460 2217 479 2251 ι
505 2196 654 2251 Tene
687 2210 843 2260 vero,
895 2194 1112 2263 inquit,
1166 2191 1444 2246 hominem
1476 2190 1894 2245 stolidissimum
1930 2204 2031 2243 au-

452 2288 588 2345 dere
617 2287 750 2342 mihi
783 2285 874 2341 tali
902 2294 1169 2355 occupato
1197 2284 1520 2349 certamine,
1555 2297 1619 2338 ac
1645 2282 1697 2337 in
1727 2282 1833 2337 hoe
1858 2298 2030 2336 unum

454 2380 799 2437 incnmbenti
832 2388 893 2433 ut
924 2379 981 2433 in
1017 2378 1208 2432 lteram
1240 2386 1452 2447 partem
1481 2375 1720 2430 medium
1750 2384 1990 2430 avertam
2011 2415 2027 2440 ,

454 2476 524 2530 de
554 2474 954 2530 Saracenorum
988 2472 1219 2526 incursu
1249 2470 1503 2525 nuntium
1529 2469 1770 2525 all‘erre?
1797 2489 1816 2522 ρ
1846 2470 2031 2523 Rebus

456 2564 624 2635 igitur
673 2560 992 2634 huiusmodi
1035 2560 1331 2616 Michaelus
1377 2570 1681 2629 occupatus
1726 2560 2030 2630 imperato-

454 2658 609 2723 rios,
663 2670 766 2710 ceu
802 2653 1079 2719 diximus,
1127 2653 1416 2707 thesauros
1455 2652 1837 2708 exhauriebat.
1889 2651 2028 2707 Nam

2137 1731 2340 1801 δρόμου
2377 1738 2815 1809 πρωτονοτάριος
2858 1741 3147 1809 ἐφίσταται
3188 1743 3364 1813 λέγων
3397 1746 3475 1800 ὅτι
3504 1751 3553 1800 ὲν
3575 1753 3655 1814 τοῖς

2137 1819 2530 1889 Μελαγγείοις,
2570 1823 2730 1878 ἅτινα
2774 1826 3068 1896 Μελάγυνα
3114 1833 3398 1899 ἰδιωτικῶς
3432 1834 3653 1903 λέγονται,

2132 1910 2443 1982 Σαρακηνοὶ
2465 1916 2827 1985 προσέϐαλον·
2854 1920 2946 1974 καὶ
2970 1925 2997 1976 6
3023 1922 3301 1993 βασιλεὺς,
3325 1946 3343 1978 ι
3366 1928 3454 1982 Ἐν
3477 1931 3656 2000 τοιούτῳ

2138 2019 2251 2072 μοι,
2288 2022 2307 2055 ι
2337 2004 2463 2076 ἔφη,
2512 2010 2738 2078 «ἀγῶνι,
2776 2012 2870 2065 καὶ
2903 2013 2993 2067 τὸν
3041 2017 3205 2084 μέσον
3237 2017 3512 2089 εὐώνυμον
3531 1996 3653 2075 κατι-

2137 2092 2339 2161 στῆσαι
2390 2093 2697 2164 σπεύδοντι,
2730 2098 2914 2166 αὐτὸς,
2944 2102 3161 2170 μάταιε,
3198 2105 3329 2175 περὶ
3370 2107 3652 2181 Σαρακηνῶν

2136 2184 2442 2256 ἐπιδρομῆς
2496 2189 2761 2257 ἀγγελίαν
2808 2192 3033 2260 ἐπάγεις
3083 2211 3205 2265 μοις
3247 2215 3267 2248 ι
3305 2198 3564 2264 Τοιούτοις
3587 2198 3650 2257 οὖν

2134 2278 2164 2329 6
2189 2278 2410 2347 Μιχαὴλ
2442 2279 2896 2352 ὲνασχολούμενος
2918 2285 3044 2348 τοὺς
3071 2287 3385 2357 βασιλικοὺς
3412 2291 3650 2358 ἐκένωσεν,

2130 2367 2207 2432 ὡς
2233 2372 2473 2441 εἴρηται,
2511 2371 2824 2446 θησαυρούς
2847 2392 2862 2407 ⁸
2896 2377 2991 2431 καὶ
3017 2378 3217 2445 αὐτοὺς
3253 2382 3362 2452 γὰρ
3398 2383 3517 2446 τοὺς
3543 2385 3648 2455 ἡνιό-

2133 2484 2244 2536 χων
2299 2465 2498 2530 παῖδας
2548 2467 2614 2519 ἐκ
2662 2468 2764 2540 τῆς
2819 2470 2971 2540 ἱερᾶς
3027 2472 3422 2544 κολυμϐήθρας
3467 2475 3649 2544 ἀναλαμ-

2133 2554 2435 2630 ϐανόμενος
2475 2560 2646 2615 ἐδίδου
2696 2563 2913 2634 ἑκάστῳ
2956 2564 3138 2620 αὐτῶν
3178 2568 3284 2621 ἀνά
3338 2569 3548 2639 χρυσίου
3591 2569 3645 2623 λί-

2133 2666 2270 2723 τρας
2307 2657 2374 2722 ρ’.

453 2753 675 2819 (ιυοιῖθε
729 2750 976 2820 ipsorum
1017 2746 1185 2803 etiam
1225 2748 1541 2819 aurigarum
1585 2745 1728 2803 ﬁlios
1761 2762 1827 2801 ex
1866 2761 2026 2803 sacro
2066 2745 2220 2803 fonte
2287 2748 2664 2819 suscipiebat,
2701 2749 2934 2820 singulis
2995 2753 3115 2808 auri
3153 2753 3323 2811 libras
3360 2769 3557 2814 centum
3580 2758 3645 2815 do-

459 2847 647 2901 nabat.

524 2939 680 2994 Licet
724 2939 856 2993 hinc
893 2937 1092 3005 etiam,
1126 2943 1187 2991 ιιι
1221 2935 1541 2990 omittamus
1586 2935 1729 3002 alia,
1779 2923 2025 2991 Michaeli

2205 2932 2351 3004 Πρὸς
2406 2935 2519 2999 τοῖς
2573 2934 2756 3000 ἄλλοις
2808 2938 2906 2992 καὶ
2961 2938 3120 2994 τοῦτο
3173 2940 3275 3013 τὴν
3336 2941 3434 2996 τοῦ
3485 2944 3640 3016 Μιχαὴλ

448 3030 764 3088 vecordiam
798 3046 1115 3098 agnoscere.
1149 3030 1194 3084 Α
1229 3016 1401 3085 Tarso
1451 3027 1518 3084 ad
1554 3028 1817 3099 palatium
1855 3043 2026 3099 usque

448 3127 621 3182 certis
660 3127 715 3179 in
752 3125 888 3180 locis
927 3124 1084 3194 ign‘es
1124 3120 1385 3176 succendi
1426 3130 1869 3182 consueverant.
1904 3120 2030 3190 qui-

449 3221 554 3273 bus
585 3218 708 3273 aliis
735 3217 873 3272 alios
900 3213 1306 3283 excipientibus
1334 3210 1733 3266 Saracenorum
1763 3210 2025 3264 incursus

447 3305 945 3362 denuntiabantur.
975 3304 1112 3357 Cum
1144 3302 1308 3371 igitur
1335 3300 1635 3370 aliquando
1664 3315 1863 3355 currus
1896 3315 2028 3370 age-

450 3409 644 3454 rentur
683 3398 751 3452 ad
792 3396 979 3451 eximii
1018 3396 1276 3466 martyris
1317 3392 1606 3447 Mamantis
1643 3391 1817 3447 aedem
1845 3433 1858 3457 ,
1901 3409 2025 3460 qua:

446 3495 502 3548 in
561 3493 733 3553 διειιο
786 3498 907 3554 est,
968 3484 1271 3556 habituque
1306 3485 1514 3540 Veneto
1562 3483 1862 3554 imperator
1909 3482 2026 3553 ipse

446 3595 677 3640 ornatus
715 3588 905 3639 esset.
949 3579 1166 3648 signum
1216 3575 1490 3629 adventus
1548 3573 1764 3628 hostilis
1812 3573 2025 3628 editum

448 3684 534 3731 est
572 3688 670 3745 per
699 3673 879 3743 ignem
914 3669 980 3725 de
1014 3669 1212 3724 Pharo.
1248 3668 1377 3733 Qua.-
1417 3680 1503 3719 I'CS
1533 3664 1868 3734 permolesta
1898 3680 2023 3720 cum

451 3764 773 3837 imperatori
810 3761 1124 3823 accideret,
1165 3759 1319 3829 ignes
1356 3758 1480 3812 illos
1514 3753 1838 3812 'admirabili
1888 3771 2024 3811 eon-

452 3858 583 3914 silio
632 3855 973 3926 excogitatas
1025 3852 1286 3916 sustulit,
1336 3867 1404 3905 ne
1459 3848 1721 3918 deinceps
1773 3862 2016 3918 unquam

450 3967 550 4023 per
606 3947 880 4019 ejusmodi
944 3945 1169 4000 nuntios
1228 3944 1426 3997 animis
1491 3953 1703 3997 terrore
1758 3941 2027 4012 perculsis

447 4044 727 4100 theatrum
768 4048 1111 4111 spectatores
1141 4038 1482 4092 desererent.

523 4137 667 4189 Idem
708 4133 1010 4187 Michaclus
1057 4145 1184 4184 cum
1233 4129 1374 4183 forte
1428 4127 1676 4197 pecuniis
1715 4126 2023 4197 indigeret,

449 4228 616 4283 etiam
652 4226 906 4296 platanos
939 4224 1059 4279 illas
1088 4237 1321 4286 aut-cas,
1355 4222 1527 4276 factas
1555 4237 1583 4273 a
1625 4221 1807 4274 Leone
1840 4220 2021 4290 philo-

445 4322 650 4389 Sttplto,
685 4317 751 4371 tle
781 4330 891 4386 quo
918 4329 1083 4384 supra
1115 4313 1284 4367 locuti
1311 4326 1504 4366 sumus
1528 4350 1543 4374 ,
1574 4310 1627 4364 in
1661 4309 1867 4379 quibus
1901 4310 2022 4363 avi-

449 4414 587 4469 culte
623 4415 880 4469 sedentes
916 4423 1014 4480 per
1064 4407 1378 4462 machinam
1431 4403 1725 4475 quamdam
1774 4402 2025 4458 cantilla—

449 4504 614 4568 baut,
667 4503 911 4571 itemque
959 4499 1148 4553 leones
1194 4512 1428 4558 aureos,
1479 4495 1574 4564 qui
1626 4504 1679 4548 et
1732 4494 1839 4569 ipsi
1886 4509 2016 4547 tum

449 4597 730 4650 hominum
763 4592 1130 4649 admiratione
1166 4591 1402 4643 maxima
1440 4601 1836 4655 nonnunquam
1870 4588 2023 4654 rugi-

448 4698 562 4741 tum
611 4688 879 4752 edebant,
927 4700 1090 4755 opera
1135 4692 1285 4738 certe
1327 4681 1590 4751 pneclara
1631 4692 1690 4734 et
1737 4694 1903 4732 unam
1945 4679 2019 4732 ub

2130 3025 2464 3097 ἀϐελτηρίαν
2519 3029 2875 3100 παρίστησιν.
2925 3030 3059 3085 Ἀπὸ
3115 3034 3335 3107 Ταρσοῦ
3391 3039 3533 3108 μέχρι
3576 3039 3644 3093 καὶ

2129 3120 2294 3174 αὑτοῦ
2354 3118 2447 3173 τοῦ
2502 3119 2769 3174 παλατίου
2820 3122 3061 3194 φρυκτοὶ
3106 3123 3251 3179 κατά
3302 3143 3456 3190 τινας
3497 3129 3643 3191 τόπους

2130 3213 2492 3282 ἀνεφλὲγοντο
2556 3214 2697 3269 κατὰ
2752 3214 2995 3298 διάδοσιν
3048 3217 3148 3285 τὰς
3208 3218 3317 3271 τῶν
3372 3221 3644 3292 Σαρακηνξυν

2130 3302 2434 3374 ἐπιδρομὰς
2495 3304 2929 3373 προμηνύοντες.
3003 3304 3310 3378 Ἠνιοχείας
3372 3308 3461 3362 οὖν
3513 3308 3647 3362 τελου-

2133 3393 2302 3464 μένης
2334 3395 2477 3449 κατά
2511 3412 2573 3463 γε
2596 3394 2690 3448 τὸν
2719 3396 2778 3449 ὲν
2809 3396 2886 3468 τῷ
2918 3398 3088 3467 στενῷ
3134 3399 3227 3451 τοῦ
3275 3401 3647 3469 μεγαλομὰρῖιιο

2133 3503 2226 3556 ρος
2251 3488 2377 3540 ναὸν
2403 3487 2721 3556 Μάμαντος,
2747 3491 2841 3541 καὶ
2866 3491 2928 3542 τὸ
2962 3490 3188 3543 Βένετον
3218 3491 3553 3564 ἐνδεδυμένον
3578 3491 3643 3544 τοῦ

2131 3576 2398 3647 βασιλέως
2423 3578 2612 3645 αὐτοῦ,
2651 3581 2882 3649 ἀγγελία
2915 3580 3143 3651 γέγονεν
3170 3582 3281 3636 άπὸ
3324 3600 3391 3651 γε
3425 3584 3508 3638 τοῦ
3544 3585 3643 3637 κατὰ

2129 3667 2220 3719 τὸν
2251 3667 2431 3738 Φάρον
2482 3668 2747 3737 φρυκτοῦ.
2785 3668 2937 3740 Ἀνὶᾳ
2980 3668 3115 3737 γοῦν
3154 3670 3247 3723 ἐπὶ
3289 3671 3464 3742 τούτῳ
3506 3686 3644 3739 συσχε-

2128 3759 2245 3823 θεὶς
2274 3761 2302 3813 6
2337 3760 2592 3829 βασιλεὺς
2644 3761 2708 3814 ἐκ
2767 3761 2935 3830 μέσον
2985 3764 3132 3816 ποιεῖ
3176 3764 3301 3827 τοὺς
3357 3760 3643 3834 θαυμαστοὺς

2128 3852 2368 3916 ἐκείνους
2399 3854 2702 3923 φρυκτοὺς,
2736 3854 2812 3915 ὡς
2864 3857 3063 3925 μηκέτι
3096 3857 3377 3921 τοιαύταις
3418 3855 3643 3925 ἀγγελίας

2128 3946 2178 3997 οἱ
2206 3942 2395 4016 θεαταὶ
2420 3945 2813 4018 δειλαινόμενοι
2837 3949 2898 4003 τὸ
2932 3948 3154 4023 ῦέατρον
3181 3952 3535 4008 καταλύωσιν,

2201 4128 2372 4193 Οὗτος
2423 4133 2451 4183 6
2500 4131 2721 4202 Μιχαὴλ
2767 4133 3066 4204 χρημάτων
3123 4135 3411 4204 ἀπορήσας
3457 4135 3538 4189 καὶ
3575 4132 3645 4191 τὰς

2128 4223 2338 4292 χρυσᾶς
2389 4224 2602 4285 ὲκείνας
2664 4224 2986 4288 πλατάνους,
3038 4225 3108 4289 ἃς
3169 4227 3198 4277 ὁ
3256 4230 3532 4295 φιλόσοφος
3575 4244 3645 4277 xx

2130 4315 2431 4366 τεσκεύασε
2462 4315 2632 4381 Λέων,
2667 4316 2742 4378 ὡς
2773 4317 2980 4369 ἄνωθεν
3031 4317 3263 4387 ἔφημεν,
3293 4322 3349 4372 ὲν
3386 4315 3639 4387 αἷς¹στρου·

2132 4405 2217 4457 0οὶ
2244 4404 2545 4474 καθήμενοι
2597 4406 2684 4459 διὰ
2731 4407 2983 4477 μηχανῆς
3017 4408 3326 4472 ἐκελάδουν,
3352 4409 3583 4470 ὡσαύτως
3604 4406 3641 4456 δὲ

2130 4500 2226 4548 καὶ
2257 4500 2383 4559 τοὺς
2410 4499 2700 4562 λέονταςβ.
2726 4504 2863 4569 πρὸς
2891 4499 3156 4568 ἔκπληξιν
3186 4501 3294 4553 τῶν
3323 4502 3484 4555 ἐθνῶν
3506 4514 3635 4567 μέθην

2130 4589 2362 4656 χάιιηται
2392 4591 2507 4657 (καὶ
2533 4589 2681 4643 οὗτοι
2711 4592 2818 4662 γὰρ
2865 4594 3015 4644 ἐστιν
3046 4593 3136 4645 ὅτε
3169 4593 3500 4663 βρυχώμενοι
3526 4589 3625 4641 seu

2132 4682 2411 4751 μαζον-εο),
2451 4684 2767 4752 κατακόιξμας
2801 4684 3102 4738 ἀνάλωσεν.

445 4795 664 4833 causata
705 4779 880 4842 facta,
924 4786 984 4831 ut
1023 4788 1224 4831 exterae
1288 4758 1545 4829 nationes
1616 4769 1685 4824 ad
1746 4783 1938 4823 eorum
2007 4782 2366 4841 censpcctum
2443 4774 2938 4844 obstupescereut,
2978 4776 3217 4832 minutas
3256 4776 3312 4832 in
3351 4784 3519 4845 partes
3548 4784 3622 4824 con

445 4870 585 4925 cidit
616 4877 671 4924 et
703 4885 898 4923 aurum
927 4868 1210 4938 expendit.

515 4967 662 5030 Quas
693 4963 765 5017 ob
799 4978 889 5016 res
917 4961 1210 5016 Theodora
1243 4957 1563 5012 hliehaelum
1601 4955 1812 5010 crebris
1839 4955 2029 5010 admo-

448 5056 756 5113 nitionibus
802 5054 1075 5122 castigans
1119 5062 1170 5107 et
1220 5052 1484 5107 erudiens
1534 5062 1566 5104 e
1602 5050 1753 5120 regia
1804 5050 2024 5104 tandem

450 5150 764 5222 expellitur.
803 5147 1016 5201 Etenim
1047 5144 1299 5200 Michaeli
1330 5143 1636 5198 avunculus
1658 5183 1673 5208 ,
1705 5143 1793 5197 cui
1832 5143 2022 5197 Barda:

448 5258 649 5300 nomen
685 5248 803 5296 erat
827 5281 840 5301 ,
876 5238 1024 5293 nulla
1056 5252 1167 5290 non
1202 5235 1613 5290 machinatione
1650 5250 1784 5289 usus
1814 5244 1869 5289 et
1902 5250 2022 5288 ont-

448 5336 612 5389 nibus
658 5332 937 5387 hominem
990 5326 1169 5381 modis
1216 5339 1543 5395 aggressus,
1592 5335 1652 5380 ut
1694 5325 2015 5395 imperatrix

444 5429 670 5499 quidem
717 5425 877 5495 longe
918 5437 947 5476 a
995 5421 1142 5490 regia
1184 5419 1609 5472 submoveretur
1635 5418 1821 5473 etl‘ecit
1849 5457 1863 5482 ,
1900 5419 2017 5488 ipse

446 5535 582 5572 tero
609 5518 793 5572 thsar
823 5517 891 5571 ab
926 5516 1262 5583 imperatore
1294 5510 1698 5582 designaretur.
1733 5515 1923 5581 Itaque
1949 5512 2018 5565 ab

448 5612 543 5665 ille
585 5620 830 5679 tempore
870 5617 1070 5667 cuncta
1108 5607 1186 5660 sic
1214 5619 1411 5675 agere,
1445 5605 1604 5674 quad
1640 5603 1803 5674 293
1835 5606 1878 5658 si
1915 5604 2016 5657 im-

2211 4960 2334 5012 Ὲπὶ
2383 4959 2596 5025 τούτοις
2632 4961 2725 5015 οὖν
2774 4963 2807 5038 ﬁ
2849 4961 3105 5040 Θεοδῲρα
3158 4962 3327 5017 πολλὰ
3357 4955 3616 5032 παραινοΰσ

2124 5046 2216 5097 τὸν
2244 5048 2463 5120 Μιχαὴλ
2493 5050 2602 5102 τῶν
2628 5050 2923 5120 βασιλείων
2958 5052 3240 5117 ἐκπτωτος
3262 5053 3463 5122 γίνεται
3481 5067 3493 5081 '
3519 5051 3638 5118 ὁγὰρ

2129 5139 2194 5192 ἐκ
2230 5143 2436 5213 μητρὸς
2466 5144 2613 5215 αὐτῷ
2646 5145 2811 5208 Οεῑος,
2845 5139 2889 5213 ᾧ
2917 5146 3130 5216 Βάρδας
3160 5147 3354 5216 ὄνομα.
3385 5147 3543 5200 πάντα
3569 5156 3637 5191 xa-

2128 5231 2237 5285 λων
2270 5236 2502 5304 κινήσας
2535 5240 2629 5289 καὶ
2681 5239 2945 5303 παντοίως
2977 5238 3226 5292 ὑπελθὼν
3256 5239 3431 5301 αὐτὸν,
3459 5240 3544 5303 τὴν
3564 5247 3636 5299 μεν

2128 5325 2453 5396 βασίλισσαν
2501 5331 2690 5401 πηίρρω
2742 5331 2998 5399 γενέσθαι
3030 5331 3137 5384 τῶν
3169 5331 3450 5401 βασιλείων
3476 5326 3635 5379 οἰκονοί

2131 5420 2245 5488 μετ,
2295 5420 2490 5473 ἑαυτὸν
2537 5422 2593 5475 δὲ
2649 5422 3100 5494 προχειρισοῆναι
3155 5425 3419 5492 Καίσαρα.
3454 5417 3632 5473 Ἐκτοτε

2126 5506 2221 5564 οὖν
2251 5511 2430 5563 πάντα
2461 5502 2630 5563 ποιῶν
2663 5513 2737 5573 ὼς
2781 5514 3018 5579 ἀντάναξ
3048 5514 3109 5565 οὐ
3144 5514 3364 5567 διέλιπε.
3399 5512 3520 5579 Πρθις
3543 5502 3632 5557 70'3-

2126 5622 2240 5668 τοις
2293 5605 2351 5658 δὲ
2403 5606 2500 5657 καὶ
2561 5607 2912 5675 παρανομίλν
2946 5608 3166 5677 inﬂuat,
3194 5607 3306 5659 υἱοῦ
3334 5603 3533 5673 γνησίου
3558 5612 3631 5663 γι-
