3798 6230
183 321 266 382 ε.εο
1378 308 1778 377 ANNAUUM
1818 314 2008 377 PARS
2044 317 2139 379 IV.

3251 322 3353 383 550

184 434 343 505 καξτῷ
372 432 485 502 Θεῷ
518 434 747 504 χάριτας
779 437 1072 505 ὡμολόγει,
1100 438 1215 505 εἴγε
1238 436 1491 505 κατὰτὴν
1537 434 1698 488 αὐτοῦ

1805 434 2029 489 affectos
2057 436 2239 506 aliquo
2264 435 2425 491 modo
2458 437 2709 509 impediri
2744 452 2853 509 quo
2880 440 3059 495 minus
3085 440 3149 496 ad
3176 444 3353 511 ipsmu

181 525 426 601 βασιλείαν
460 525 734 583 οὐκ,ἔστιν
768 527 795 579 ὁ
829 525 1204 597 ἀδικούμενος.

1808 527 2151 592 accederent,
2178 527 2437 581 satellites
2466 544 2561 597 per
2593 529 2779 583 orbem
2809 531 3103 596 dimisisse,
3138 535 3230 603 qui
3263 535 3357 589 ubi

177 618 354 678 reversi
411 619 669 684 fuissent,
730 634 908 691 neque
960 635 1018 676 se
1077 636 1409 690 quemquam
1453 619 1727 675 invenisse
1766 614 2009 674 dicerent
2038 620 2129 688 qui
2183 621 2533 690 querelarum
2564 619 2770 692 aliquid
2812 622 3061 688 haberet,
3094 641 3204 694 ρι’εὲ
3228 642 3359 696 gau-

173 718 522 786 diolacrymas
547 715 776 782 fudisse,
808 718 1027 787 Deoqne
1064 718 1267 788 gratias
1319 719 1497 789 egisse
1542 715 1687 787 quod
1726 730 1786 770 se
1823 717 2125 786 imperante
2191 716 2480 772 accidisset
2516 728 2577 772 ut
2639 733 2799 774 nemo
2827 734 2885 774 se
2931 722 3127 792 injuste
3158 730 3357 777 tracta-

172 823 264 867 tum
290 820 715 878 oppressumque
747 810 976 865 diceret.

236 904 289 952 '0
320 900 397 961 είς
424 898 641 963 ἀδοξίαν
685 899 791 953 ἀπὸ
831 900 987 972 δὺξης
1049 902 1366 973 περιπεσὼν
1430 914 1697 971 παραμυ-

174 996 275 1056 θίας
301 991 644 1052 ἀπολαυέτω,
679 989 777 1061 τὴν
810 992 924 1044 ἄνω
988 993 1081 1045 καὶ
1146 994 1297 1047 κάτω
1353 992 1529 1061 φορὰν
1586 990 1699 1044 τῶν

174 1087 255 1153 τῆς
280 1083 481 1153 ἀμάξης
519 1084 732 1152 τροχῶν
802 1088 1117 1155 συστρέφων
1169 1087 1291 1141 καθ’
1330 1088 1523 1141 ἑαυτόν
1553 1102 1564 1113 ·
1598 1084 1700 1154 τῆς

175 1178 268 1247 γὰρ
321 1177 548 1229 ἀστάτου
613 1192 722 1228 των
777 1176 1077 1246 ἀνθρώπων
1131 1178 1479 1248 εὐδαιμονίας
1538 1177 1700 1231 εἰκὼν

173 1268 293 1337 αὕτη
324 1267 436 1320 ἐστὶ
498 1270 807 1338 προφανής.
852 1271 1064 1324 Ὀποῖον
1106 1271 1169 1341 δὴ
1214 1272 1380 1326 πάλαι
1428 1270 1697 1341 πεποίηκε

176 1362 253 1413 καὶ
288 1360 316 1411 ὁ
348 1359 627 1423 σουλδάνος
685 1364 893 1424 ἐκεῖνος
945 1363 971 1416 6
1032 1363 1327 1434 βάρϐαρος.
1378 1357 1546 1428 Οὗτος
1590 1367 1699 1433 γὰρ

175 1454 262 1506 ὑπὸ
287 1451 375 1504 τοῦ
409 1452 509 1521 τῆς
554 1455 838 1523 Φραγγίας
894 1456 1152 1525 ἄρχοντος
1205 1458 1560 1526 κατασχεθεὶς
1606 1459 1700 1509 καὶ

171 1545 344 1596 διετίαν
391 1545 447 1596 ὲν
501 1549 564 1613 τῇ
599 1549 815 1618 φρουρᾷ
861 1548 1093 1617 ποιήσας
1144 1551 1241 1603 οὐκ
1276 1548 1431 1617 ὣψθη
1466 1550 1701 1615 γελάσας

175 1638 300 1691 ποτέ.
352 1635 499 1691 Μετὰ
545 1638 601 1689 δὲ
656 1639 828 1692 ταῦτα
877 1641 1101 1707 γελάσαι
1156 1640 1344 1694 τοῦτον
1379 1644 1404 1695 δ
1453 1644 1703 1713 Φρὰγγος

174 1724 482 1793 μεμαθηκὼς
526 1727 704 1797 ἐρωτᾷ
734 1728 834 1799 τὴν
863 1728 1063 1783 αἰτίαν.
1104 1730 1286 1794 Κα“ιός
1329 1732 1479 1799 ἔλεγε
1511 1731 1702 1802 τροχὸν

175 1817 284 1868 ἰδεῖν
311 1816 523 1884 ἀμάξης
555 1821 681 1872 ποτὲ
716 1820 827 1873 ἅνω
892 1823 1024 1873 ποτὲ
1061 1822 1118 1874 δὲ
1176 1825 1331 1891 κάτω
1380 1826 1702 1893 φερόμενον,

170 1906 245 1960 καὶ
265 1906 432 1974 τούτῳ
450 1908 518 1959 τὰ
533 1908 651 1961 κατ’
674 1908 835 1962 αὐτὸν
856 1910 1195 1979 παρεικάσας
1214 1911 1382 1967 τὸτοῦ
1407 1913 1521 1983 βίου
1542 1914 1704 1982 γελά-

169 2014 242 2049 σαι
274 1996 576 2067 ἀνώμαλον.
608 1996 696 2067 Τῷ
722 2000 957 2071 Φράγγῳ
988 2001 1173 2055 λοιπὸν
1214 2003 1457 2073 ᾠκείωτο
1496 2005 1702 2070 ἔκτοτε,

168 2089 245 2142 καὶ
282 2086 586 2158 σύμϐουλος
640 2084 707 2159 ἧν
757 2091 952 2160 ἐκείνῳ
1000 2092 1089 2144 διὰ
1138 2092 1237 2163 τὴν
1275 2093 1440 2148 αὐτοῦ
1468 2094 1704 2151 σύνεσιν.

1875 893 2141 949 Cmterum
2178 896 2221 949 si
2249 896 2371 965 quis
2419 906 2505 951 cst
2555 898 2647 968 qui
2694 914 2758 953 ex
2798 900 3000 970 ingenti
3049 904 3220 973 gloria
3259 921 3357 976 per

1799 996 1985 1040 'casum
2016 986 2251 1057 aliquem
2302 988 2589 1043 adversum
2638 990 2707 1045 ad
2744 993 3113 1048 conditionem
3156 999 3356 1052 obscu-

1799 1093 1913 1132 ram
1943 1079 2470 1151 ignominiosamque
2502 1084 2776 1151 pervenit,
2806 1084 2852 1138 is
2882 1100 3003 1139 cum
3033 1088 3214 1142 animo
3261 1108 3359 1143 suo

1798 1170 2144 1241 perpendens
2167 1186 2276 1240 quo
2307 1182 2465 1241 pacto
2501 1186 2633 1227 rotae
2685 1175 2907 1230 curules
2952 1193 3167 1232 sursum
3200 1158 3363 1235 deor-

1798 1278 2029 1333 sumque
2066 1262 2333 1327 ferantur,
2384 1264 2442 1317 se
2489 1265 2665 1331 ipsum
2716 1267 3053 1321 consoletur.
3107 1268 3241 1323 Nam
3295 1286 3361 1325 ea

1798 1357 2064 1412 volutatio
2103 1371 2361 1425 perquam
2393 1356 2591 1409 illustri
2629 1355 2869 1411 declarat
2906 1359 3141 1430 imagine
3195 1380 3359 1431 quam

1804 1448 2076 1503 instabilis
2109 1448 2180 1501 sit
2205 1447 2444 1500 humana
2478 1447 2731 1501 felicitas.
2790 1448 2903 1502 Tali
2940 1462 3085 1505 certe
3109 1458 3363 1522 superio-

1799 1544 1953 1598 ribus
1982 1543 2132 1596 hisce
2167 1540 2505 1606 temporibus
2538 1541 2790 1610 exemplo
2822 1542 3088 1598 barbarus
3126 1546 3215 1601 ille
3243 1550 3359 1601 sul-

1800 1637 1977 1690 danus
2005 1633 2299 1702 aliquando
2322 1641 2406 1686 est
2428 1648 2587 1686 usus.
2637 1632 2770 1691 Nam
2801 1650 2922 1688 cum
2958 1653 2983 1689 a
3018 1637 3358 1693 Francorum

1802 1728 2051 1799 principe
2083 1725 2332 1795 captivus
2366 1723 2725 1786 detineretur,
2761 1734 3048 1797 totumque
3075 1727 3360 1785 biennium

1803 1822 1857 1875 in
1894 1818 2128 1873 vinculis
2156 1817 2451 1886 exegisset,
2480 1832 2759 1883 nunquam
2792 1833 2916 1871 eum
2944 1819 3214 1874 ridentem
3260 1824 3363 1877 all-

1804 1913 1928 1984 quis
1960 1912 2270 1981 conspexit.
2303 1909 2540 1965 Tandem
2576 1910 2818 1965 Francus
2855 1911 3134 1967 intellecto
3182 1916 3366 1970 sulda-

1805 2018 1934 2061 num
1974 2004 2191 2063 risisse,
2220 2002 2288 2056 de
2315 2002 2552 2071 ipsemet
2595 2003 2741 2056 risus
2780 2003 2926 2057 illius
2958 2019 3177 2060 causam
3211 2024 3365 2076 qua?-

1806 2098 1897 2152 rit.
1928 2095 2066 2150 Tum
2092 2094 2183 2150 ille
2208 2109 2265 2147 se
2291 2093 2517 2163 plaustri
2552 2103 2723 2148 rotam
2748 2094 3009 2149 intuitum
3046 2098 3363 2164 respondet,

162 2193 260 2246 quae
286 2178 449 2234 modo
474 2196 691 2237 sursum
726 2181 884 2236 modo
910 2181 1165 2238 deorsum
1191 2183 1446 2242 ferretur.
1476 2187 1538 2240 Ei
1568 2202 1627 2242 se
1660 2204 1817 2245 casus
1842 2204 1970 2244 suos
1994 2182 2521 2251 accommodantem,
2554 2201 2660 2239 non
2693 2188 2934 2256 potuisse
2966 2204 3073 2244 non
3110 2191 3362 2262 inzequa-

163 2266 279 2326 biles
308 2289 494 2328 rerum
554 2274 915 2329 humanarum
952 2275 1100 2332 vices
1120 2276 1323 2332 ridere.
1365 2277 1485 2343 Quo
1514 2280 1684 2334 verbo
1716 2288 1895 2336 motus
1922 2281 2166 2335 Francus
2191 2277 2478 2333 suldanum
2510 2278 2577 2333 ab
2615 2293 2681 2333 eo
2717 2286 2960 2350 tempore
3000 2297 3152 2336 suam
3191 2286 3243 2339 in
3278 2285 3363 2339 fa-

167 2365 511 2423 mihsritatem
541 2367 1162 2442 admisit,.hominisque
1185 2371 1528 2441 prudentiam
1547 2374 1847 2430 admiratus
1881 2389 2006 2429 eum
2033 2374 2088 2427 in
2113 2372 2550 2427 consiliariorum
2577 2386 2800 2427 suorum
2838 2388 3125 2428 numerum
3157 2377 3364 2444 retulit,

230 2458 282 2512 '0
301 2459 577 2521 όασίλειος
600 2458 657 2511 δὲ
690 2460 831 2530 μετὰ
870 2461 930 2514 τὸ
988 2464 1260 2534 κρατῆσαι
1292 2463 1434 2516 κατὰ
1494 2466 1695 2537 Συρίας

1870 2466 2008 2521 Cum
2038 2464 2278 2535 primum
2320 2472 2501 2517 autem
2530 2462 2767 2518 Basilius
2793 2463 3088 2534 imperium
3116 2469 3364 2537 occepis-

166 2549 397 2620 ῶρμησε·
443 2553 543 2607 καὶ
599 2553 1063 2624 Γερμανικόπολιν
1112 2555 1169 2610 δέ
1222 2573 1346 2611 τινα
1395 2557 1697 2628 λεγομένην

169 2641 347 2697 ’Δδατα
374 2642 705 2715 πολιορκῶν,
740 2648 834 2699 καὶ
871 2646 1078 2716 ταύτην
1114 2647 1261 2715 ορῶν
1331 2648 1431 2718 τῆς
1480 2651 1699 2720 πολιορ-

169 2732 273 2795 κίας
330 2736 704 2805 ὀλιγωροῦσαν
754 2737 857 2808 ἔφη
889 2754 904 2769 ο
951 2756 972 2791 ι
1031 2738 1144 2806 Ἐφ’
1215 2739 1323 2807 ὅτῳ
1378 2741 1700 2803 πεποιθότες

168 2826 458 2896 ἀμερίμνως
489 2828 666 2893 οὕτως
702 2830 920 2899 ἕχουσι;
974 2848 993 2882 ι
1057 2831 1241 2901 Γέρων
1272 2832 1330 2888 δέ
1373 2849 1457 2896 τις
1491 2832 1700 2886 ἐκεῖθεν

165 2918 474 2989 ἀπεκρίνατο
500 2939 518 2956 ο
564 2941 583 2973 ι
620 2923 694 2977 Οὐ
718 2922 871 2993 παρὰ
908 2924 1025 2991 σοῦ,
1068 2918 1113 2978 ὦ
1158 2924 1405 2994 βασιλεῦ,
1456 2929 1492 2995 ἡ
1549 2925 1701 2988 πόλις

163 3010 297 3080 ἡμῶν
322 3012 527 3066 ἁλῶναι
559 3013 677 3065 νυνὶ
712 3014 1021 3083 πέπρωται,
1058 3013 1211 3083 παρὰ
1239 3013 1296 3065 δέ
1329 3029 1422 3066 του
1453 3015 1561 3066 τῶν
1594 3014 1702 3068 σῶν

1796 2568 1902 2623 set,
1962 2558 2016 2612 in
2068 2556 2281 2627 Syriam
2326 2556 2734 2625 expeditionem
2784 2556 3065 2624 suscepit;
3126 2573 3366 2628 cumque

1795 2645 2059 2717 oppidum
2086 2644 2359 2714 quoddam
2393 2643 2911 2712 Germanicopolim,
2939 2643 3084 2714 quod
3121 2646 3231 2699 alio
3267 2662 3367 2701 no-

1796 2739 1945 2794 mine
1988 2737 2157 2790 Adata
2193 2745 2628 2804 nuncuparetur,
2663 2735 2946 2790 obsidione
2985 2737 3255 2807 cingeret,
3301 2754 3367 2792 ac

1799 2829 2049 2884 homines
2095 2827 2349 2881 obsessos
2404 2827 2754 2897 imperatoris
2822 2835 3077 2882 conatum
3130 2826 3369 2884 ﬂoccifa-

1801 2937 1925 2977 cere
1954 2920 2183 2982 videret,
2214 2920 2383 2989 qumri
2420 2920 2585 2990 jussit
2628 2935 2867 2989 quonam
2929 2920 3183 2989 presidio
3233 2921 3362 2975 freti

1813 3025 1920 3068 tam
1950 3025 2141 3068 secure
2170 3012 2452 3082 degerent.
2496 3011 2633 3065 Tum
2683 3011 2907 3081 quidam
2962 3028 3027 3065 ex
3070 3012 3365 3081 oppidanis

159 3090 196 3164 ᾧ
225 3101 623 3166 Κωνσταντῖνος
647 3103 839 3172 ὄνομα.
877 3123 894 3154 ι
935 3104 1040 3157 Καὶ
1070 3104 1127 3166 ὃς
1160 3102 1441 3167 ὑποδείξας
1463 3103 1554 3156 τὸν
1592 3102 1698 3155 υἱὸν

1804 3118 1992 3168 senex,
2022 3100 2420 3172 «Nequaquam,
2438 3120 2454 3153 ι
2479 3101 2575 3166 ait,
2602 3103 2683 3155 «in
2702 3101 2821 3154 fatis
2836 3113 2945 3164 est,
2968 3100 3281 3171 imperator,
3306 3112 3366 3156 ut

158 3190 305 3245 αὑτοῦ
362 3196 803 3261 κωνσταντῖνον,
843 3194 1075 3266 ἧκουσεν
1129 3195 1204 3258 ὡς
1260 3196 1371 3246 Οὐκ
1427 3194 1573 3248 ἔστιν
1611 3194 1704 3246 αὑ-

154 3282 251 3347 τὸς,
281 3285 387 3337 ἀλλ’
427 3287 626 3355 ἕτερός
672 3304 757 3348 τις
814 3285 955 3355 μετὰ
1005 3286 1195 3356 χρόνον
1241 3286 1433 3356 συχνὸν
1481 3288 1544 3340 ὲκ
1598 3284 1692 3338 σοῦ

157 3376 366 3445 ἀναφύς.
414 3380 529 3431 Καὶ
571 3380 600 3432 ὀ
649 3378 925 3441 Βασίλειος
980 3379 1067 3432 ἵνα
1095 3378 1193 3448 τὴν
1246 3378 1550 3450 πρόρῤησιν
1584 3377 1699 3446 διη-

161 3469 498 3537 μαρτημένην
539 3469 757 3540 ἐλέγξῃ,
808 3471 901 3522 ἐπὶ
950 3470 1111 3522 πλέον
1130 3472 1198 3539 τῇ
1230 3468 1515 3540 πολιορκίᾳ
1538 3483 1703 3536 προσο

160 3558 337 3615 ἔκειτο.
406 3562 576 3616 ’Λλλὰ
632 3562 798 3633 μηδὲν
847 3562 1050 3626 ἀνύσας
1114 3561 1267 3625 κενὸς
1314 3561 1522 3615 ἐκεῖθεν
1572 3562 1701 3615 ὺπέ-

158 3654 388 3720 στρεψεν.

1805 3196 1903 3249 abs
1934 3202 1986 3248 te
2011 3203 2256 3248 nostrum
2295 3193 2400 3247 hoc
2449 3193 2711 3263 oppidum
2740 3192 2911 3263 296'
2934 3192 3180 3261 capiatur
3207 3210 3221 3244 :
3256 3193 3351 3246 sed

1807 3283 1861 3339 in
1888 3285 2118 3357 alicujus
2147 3295 2388 3350 tuorum,
2447 3286 2537 3355 qui
2573 3284 2913 3340 ConStantini
2962 3300 3157 3338 nomen
3193 3283 3365 3339 habe-

1805 3376 1904 3442 bit,
1939 3386 2264 3448 potestatem
2302 3377 2597 3446 aliquando
2630 3379 2870 3431 veniet.»
2910 3378 2979 3433 iis
3025 3377 3233 3432 auditis
3266 3377 3367 3430 im-

1802 3480 2054 3539 peratore
2086 3468 2254 3523 filium
2280 3485 2439 3524 suum
2463 3468 2884 3525 Constantinum
2919 3471 3051 3541 ipsis
3082 3485 3365 3537 cammon-

1800 3570 2008 3614 strante
2044 3576 2366 3632 responsum
2411 3571 2495 3616 est
2518 3578 2625 3616 non
2658 3562 2801 3617 hunc
2851 3560 3273 3616 Constantinum
3304 3561 3362 3614 il-

1797 3651 1909 3706 lum
1943 3669 2087 3718 esse,
2119 3655 2213 3708 sed
2245 3654 2408 3709 alium
2459 3656 2749 3717 quemdam
2809 3670 2874 3709 ex
2935 3656 3105 3725 ipsius
3129 3653 3365 3722 posteris

155 3743 246 3798 hoc
270 3748 512 3813 nomine,
553 3749 738 3804 multis
780 3751 941 3805 annis
993 3749 1485 3813 intercedentibus,
1523 3748 1877 3803 exstiturum.
1939 3748 2055 3803 Hoc
2118 3749 2438 3802 vaticinium
2499 3748 2731 3802 Basilius
2760 3758 2818 3800 ut
2869 3746 3064 3802 falsum
3120 3746 3365 3800 irritum-

152 3850 244 3903 que
272 3838 597 3908 declararet,
638 3842 840 3911 majore
900 3842 1085 3896 studio
1119 3858 1280 3911 quam
1340 3843 1497 3912 prius
1553 3840 1800 3897 intentus
1830 3841 2227 3911 oppugnationi
2287 3848 2425 3895 erat.
2492 3840 2686 3896 Verum
2750 3840 2951 3895 infecta
3029 3855 3087 3893 re
3154 3853 3363 3907 suaque

151 3948 235 3999 spe
260 3936 558 3993 frustratus
592 3938 927 3993 obsidionem
954 3937 1137 3993 solvit.

208 4025 369 4093 Οὗτος
417 4033 443 4083 ὁ
472 4030 776 4095 Βασίλειος,
812 4034 895 4086 ὅτι
917 4032 1138 4102 Μιχαὴλ
1168 4032 1342 4087 ἀνεῖλε
1389 4032 1480 4085 τὸν
1515 4031 1698 4086 Μεθυ-

1872 4023 2139 4091 Quoniam
2182 4037 2311 4078 vero
2342 4022 2570 4078 Basilius
2614 4016 2935 4076 Michaelum
2983 4021 3135 4077 illum
3165 4022 3365 4080 Temu-

152 4124 291 4188 στὴν,
322 4119 432 4177 οἷον
493 4124 914 4192 ἐξιλασκόμενος
945 4123 1035 4177 τὸν
1082 4124 1235 4189 Θεὸν,
1286 4122 1555 4193 πολλαχοῦ
1597 4123 1697 4191 τῆς

150 4214 341 4278 πόλεως
366 4216 444 4286 τῷ
480 4218 913 4287 ἁρχιστρατήγῳ
963 4216 1183 4287 Μιχαὴλ
1230 4216 1397 4280 ναοὺς
1444 4216 1697 4284 ἐδείματο

147 4308 203 4358 ἐκ
228 4308 439 4378 καινῆς,
474 4305 555 4363 ὧν
581 4303 660 4370 εἷς
713 4310 809 4362 καὶ
856 4312 888 4379 ἡ
935 4310 993 4362 ὲν
1031 4307 1385 4378 τῷ-παλατίῳ
1429 4306 1695 4375 λεγομένη

146 4394 269 4453 Nic.
294 4401 583 4471 Ἐδείματο
631 4402 691 4454 δὲ
722 4403 825 4455 κᾶν
858 4400 934 4470 τῷ
984 4402 1135 4472 φόρῳ
1178 4400 1303 4453 ναὸν
1355 4397 1442 4452 ἐπ’
1474 4396 1698 4468 ὀνόμασι

144 4492 551 4560 τῆςρΘεοτόκου,
592 4494 668 4556 ὡς
719 4492 784 4546 ἂν
830 4492 1003 4563 ἔχοιεν
1054 4493 1105 4545 οι
1177 4490 1695 4562 πραγματευόμενοι

147 4576 286 4636 οἷκον
328 4587 667 4657 προσευχῆς.
707 4584 881 4639 Πολλὰ
908 4585 1005 4653 μὲν
1026 4582 1242 4638 οὖνκαὶ
1276 4584 1413 4639 ἄλλα
1446 4597 1700 4647 καινουρ-

147 4669 313 4738 γῆσας
348 4674 376 4723 ὁ
401 4673 684 4734 Βασίλειος
709 4673 804 4725 καὶ
837 4670 1160 4741 κινστέρναν
1192 4670 1515 4739 ἀπεκάθηρέ
1552 4682 1693 4733 τινα,

144 4758 205 4822 ἣν
230 4757 257 4807 δ
301 4757 565 4828 βασιλεὺς
603 4760 919 4828 Ἡράκλειος
986 4760 1259 4829 ἀπέχωσε,
1310 4758 1487 4822 κῆπον
1524 4757 1696 4825 αὐτὴν

144 4850 370 4919 ποιήσας
430 4850 700 4921 λαχάνων.
761 4851 930 4904 Τοῦτο
962 4851 1019 4904 δὲ
1074 4849 1294 4920 ἐποίησε
1349 4849 1445 4902 καὶ
1491 4850 1549 4901 ἐν
1578 4850 1694 4909 ταῖς

141 4938 325 5005 οὔσαις
354 4944 515 5006 ἐντὸς
546 4946 641 4997 τοῦ
673 4943 957 5007 παλατίου,
993 4944 1061 5012 τῇ
1113 4958 1169 4994 τε
1209 4944 1346 5011 πρὸς
1392 4941 1492 5010 τῆς
1544 4940 1695 4993 Mav—

145 5032 340 5102 ναύρας
366 5034 462 5085 καὶ
496 5037 564 5103 τῇ
604 5035 803 5104 μεταξῦ
869 5031 1250 5086 ’ἰουστινιανοῦ
1284 5033 1379 5084 καὶ
1420 5030 1514 5085 τοῦ
1548 5032 1697 5084 Λαυ-

144 5124 333 5179 σακοῦ.
405 5127 465 5177 ’0
494 5128 608 5195 γὰρ
677 5127 999 5195 Ἡράκλειος
1068 5125 1219 5194 παρὰ
1274 5122 1546 5191 Στεφάνου
1600 5120 1695 5173 τοῦ

141 5216 425 5286 φιλοσόφου
479 5220 581 5288 τὴν
637 5220 848 5286 γένεσιν
904 5216 1069 5271 αὑτοῦ
1130 5216 1697 5288 πολυπραγμονήσανε-

139 5324 224 5370 τος
254 5310 445 5377 μαθὼν
466 5310 542 5374 ὠς
567 5310 627 5375 ἐξ
658 5310 844 5373 ὓδατος
867 5310 1030 5364 αὐτὸν
1054 5312 1265 5380 ἀνάγκη
1293 5306 1571 5376 τελευτᾷν,
1596 5305 1694 5367 τὰς

1800 4118 2009 4173 lentum
2052 4117 2426 4180 interfecerat,
2454 4114 2703 4185 plaCandi
2738 4114 2831 4167 Dei
2864 4129 3029 4169 causa
3058 4114 3243 4169 multis
3265 4132 3362 4185 per

1800 4209 1991 4262 urbem
2022 4207 2157 4262 locis
2195 4221 2365 4260 novas
2413 4204 2557 4259 aades
2606 4203 2873 4258 Michaelo
2906 4204 3139 4274 principi
3172 4207 3362 4275 copia-

1801 4314 1922 4352 rum
1957 4299 2260 4354 cceleStium
2290 4296 2415 4351 duci
2450 4297 2738 4351 exstruxit.
2804 4296 2882 4349 Ex
2932 4297 2999 4351 iis
3032 4312 3138 4350 una
3188 4310 3273 4351 est
3304 4298 3359 4351 in

1800 4389 2023 4458 palatio,
2082 4403 2245 4459 quam
2299 4388 2503 4443 Novam
2561 4388 2857 4456 appellant.
2913 4388 3103 4443 Itidem
3141 4390 3193 4443 in
3236 4388 3359 4444 foro

1803 4481 2064 4550 templum
2130 4481 2336 4535 nomini
2371 4480 2613 4549 Deiparze
2663 4480 2905 4535 dicatum
2980 4481 3249 4544 condidit,
3302 4493 3362 4535 ut

1798 4574 1943 4627 aedes
1972 4573 2097 4628 istic
2120 4574 2301 4643 aliqua
2327 4572 2467 4626 foret
2492 4572 2545 4625 in
2568 4588 2675 4641 qua
2709 4582 3041 4626 mercatores
3066 4586 3361 4641 precaren-

1802 4674 1911 4717 tur.
1945 4664 2215 4720 Praaterca
2256 4666 2522 4733 reparatis
2557 4664 2981 4733 instauratisquc
3018 4664 3361 4733 multis'opr-

1802 4753 1958 4808 ribus
1983 4755 2147 4809 etiam
2177 4755 2469 4823 quamdam
2507 4756 2800 4809 cisternam
2827 4755 3169 4825 expurgavit,
3196 4770 3360 4825 quam

1800 4843 2085 4900 Heraclius
2124 4846 2421 4917 imperator
2440 4848 2605 4901 humo
2638 4847 2846 4916 ingesta
2871 4847 3189 4917 0ppleverat
3214 4847 3362 4917 ejus-

1798 4949 1907 5003 que
1933 4936 2053 4991 loco
2094 4937 2313 4991 hortum
2343 4938 2554 4993 olerum
2585 4938 2861 4992 eﬂ‘eeerat.
2922 4938 3069 4992 Idem
3106 4938 3361 5007 praestitit

1800 5025 1854 5078 in
1890 5026 1958 5081 iis
1994 5029 2244 5083 cisternis
2282 5047 2401 5099 qua:
2428 5039 2557 5084 sunt
2587 5032 2727 5084 intra
2761 5030 3045 5099 palatium,
3106 5040 3161 5083 et
3209 5029 3261 5082 in
3297 5046 3359 5082 ea

1799 5134 1922 5185 qum
1950 5132 2031 5173 cst
2060 5121 2125 5173 ad
2160 5120 2492 5185 Mannuram,
2526 5132 2579 5175 et
2611 5122 2664 5175 in
2700 5122 2803 5175 alia
2843 5137 2965 5190 qua:
3024 5125 3166 5174 inter
3192 5121 3362 5173 Justi-

1800 5207 2060 5262 niaueum
2094 5224 2157 5262 ac
2185 5208 2488 5264 Lausacum
2548 5212 2651 5264 sita
2683 5221 2785 5264 est.
2844 5209 2976 5276 Nam
3014 5224 3137 5261 cum
3188 5208 3358 5259 llera—

1800 5297 1943 5353 clins
1997 5315 2062 5353 ex
2122 5298 2406 5370 Stephano
2467 5286 2816 5370 philosopho,
2869 5299 2961 5370 qui
3018 5297 3355 5351 nativitatem

142 5397 242 5448 τῶν
289 5399 653 5469 κινστερνῶν,
683 5402 757 5462 ὡς
777 5401 1011 5470 εἴρηται,
1045 5399 1387 5470 προσχώσεις
1412 5395 1691 5461 ἐποίησεν.

1804 5394 1922 5463 ejus
1960 5394 2179 5448 curiose
2207 5405 2583 5464 perscrutatus
2611 5398 2808 5461 fuerat,
2869 5411 2962 5463 per
3023 5405 3217 5459 aquam
3252 5387 3356 5441 sibi

139 5494 477 5547 moliendum
505 5509 630 5548 esse
653 5495 1017 5563 cognovisset,
1047 5496 1336 5559 cisternas,
1360 5499 1419 5545 ut
1438 5487 1693 5551 diximus,
1720 5500 1924 5553 passim
1957 5487 2326 5544 obstruxerat.

217 5584 278 5637 ’0
306 5588 493 5655 μέντοι
534 5585 631 5639 τοῦ
668 5587 929 5656 βασιλέως
971 5589 1085 5649 υίδς
1141 5586 1552 5645 Κωνσταντῖνος
1606 5598 1696 5633 voc

142 5678 305 5742 σήσας
341 5678 609 5731 ἀπέθανε.
643 5680 749 5731 Καὶ
780 5680 807 5732 ὁ
861 5681 1219 5750 αὐτοκράτωρ
1252 5680 1343 5732 τὸν
1379 5674 1544 5729 αὑτοῦ
1601 5676 1695 5727 θά-

148 5781 299 5817 νιτον
325 5764 385 5818 οὗ
408 5766 593 5836 ςέρων
630 5768 806 5836 ἐζήτει
840 5767 1015 5831 ζῶντα
1058 5770 1244 5822 τοῦτον
1295 5761 1702 5834 ἐμφανισθῆναι

1866 5579 2183 5648 Secundum
2214 5584 2328 5637 inec
2356 5584 2540 5637 evenit
2590 5594 2649 5636 ut
2680 5582 3075 5637 Constantinus
3128 5583 3361 5649 impera-

1795 5676 1931 5727 toris
1965 5674 2147 5728 Basilii
2184 5675 2327 5728 filius
2351 5677 2543 5729 morbo
2573 5685 2857 5743 correptus
2910 5673 3127 5725 tandem
3178 5688 3361 5725 more-

1815 5777 1989 5820 retur.
2026 5767 2150 5822 Eam
2186 5769 2283 5822 filii
2314 5778 2543 5844 mortem
2580 5781 2703 5821 cum
2738 5768 3031 5835 imperator
3068 5763 3356 5817 admodum:
