3798 6230
466 242 575 316 ³531

1727 246 2037 311 llliCllAEl

2136 283 2140 305 .
2179 250 2431 313 cuca;
3112 260 3135 277 κ
3273 208 3277 211 ⁷
3548 250 3624 311 552

478 384 623 437 aegro
688 362 1001 436 dolentique
1054 364 1219 419 ferret
1265 363 1469 428 animo,
1530 363 2035 434 percnpii-hateum

2142 364 2311 435 αὐτῷ.
2338 362 2585 432 Μοναχδς
2625 361 2681 414 δέ
2712 378 2794 424 τις
2837 356 3118 429 Εὖχαῖτῶν
3150 358 3419 429 πρόεδρος,
3525 362 3626 414 Σαι-

480 460 583 518 sibi
618 461 735 514 viva
768 461 948 526 specie
977 454 1184 513 offerri.
1222 456 1358 511 Tum
1408 472 1539 511 vero
1581 457 1881 511 monachus
1915 456 2037 526 qni-

479 550 1051 613 dam,Euc‘ha1|ahitn
1099 565 1317 621 praeses,
1360 549 1449 605 cui
1488 564 1792 620 cognomen
1845 547 2037 602 Santa—

479 647 669 702 barcni
706 654 843 712 erat,
904 643 1223 715 imperatori
1291 642 1462 699 ﬁlium
1510 643 1619 698 vita
1665 642 1908 697 functum
1964 641 2035 697 ita

478 740 935 794 c-o‘nnnonstrasse
959 737 1136 791 fertur
1170 753 1230 791 ac
1281 736 1324 790 si
1379 735 1536 789 vivus
1565 733 1832 804 quispiam
1874 732 2035 788 foret.

479 830 677 885 Elii-cit
709 829 853 883 enim
921 839 979 883 ut
1026 828 1209 896 Specie
1274 826 1594 898 imaginaria
1644 824 2037 881 Constantinus

478 936 649 988 eques
679 922 814 989 patri
838 917 1075 988 quadarn
1113 918 1166 971 in
1214 916 1350 971 silva
1386 917 1603 971 obviam
1658 917 1844 980 ﬁeret;
1874 930 2034 985 quem

480 1012 571 1065 tibi
605 1011 754 1065 visus
792 1010 894 1064 sibi
925 1009 1121 1064 fuisset
1156 1009 1454 1079 imperator
1507 1019 1561 1061 et
1618 1008 1934 1077 complexus
1980 1015 2037 1062 ct

479 1104 758 1159 osculatus
786 1110 953 1165 esset,
984 1115 1107 1155 mox
1146 1107 1573 1154 evanescentem
1599 1115 1663 1151 ex
1695 1099 1873 1177 oculis
1898 1098 2034 1152 ami-

478 1198 566 1252 sit.
602 1195 735 1251 Hinc
763 1196 1062 1264 imperator
1094 1208 1340 1263 magnam
1373 1191 1440 1245 de
1466 1191 1570 1244 hoc
1606 1191 1871 1244 monacho
1902 1204 2035 1242 con-

479 1289 626 1356 cepit
658 1287 1027 1357 epionioncm,
1087 1300 1212 1339 cum
1264 1283 1481 1338 interim
1518 1282 1655 1337 alter
1682 1282 1911 1336 ﬁliorum
1928 1279 2037 1335 Leo

479 1379 836 1451 philosophus
858 1391 984 1431 eum
1021 1373 1325 1430 veneﬁcum
1355 1374 1696 1445 appellaret,
1747 1389 1775 1428 a
1808 1389 1918 1443 quo
1941 1388 2037 1443 per

480 1473 809 1542 imposturas
842 1468 1140 1538 imperator
1178 1466 1545 1536 deciperetur.
1599 1465 1673 1520 Ea
1717 1465 1878 1519 verba
1909 1480 2033 1519 cum

477 1563 717 1617 animum
793 1558 1151 1615 Santabareni
1223 1558 1650 1621 vulnerassent,
1721 1555 2034 1626 huiusmodi

477 1655 734 1727 quiddam
767 1651 1116 1723 excogitavit.
1153 1650 1358 1707 Auctor
1399 1650 1569 1705 Leoni
1607 1648 1731 1713 fuit,
1786 1650 2034 1719 adeoque

2136 454 2441 524 ταόαρηνδς
2467 453 2528 504 τὸ
2564 453 2872 521 ἐπώνυμον,
2914 452 3085 516 δεῖξαι
3128 450 3338 517 λέγεται
3372 451 3627 520 τῷβασιλεί

2137 544 2439 615 τεθνηκότα
2480 543 2593 596 υίὺν
2623 541 2788 596 αὐτοῦ
2840 541 3092 612 καθάπερ
3118 539 3290 606 ζῶντά
3335 529 3627 596 τιναίκατὰ

2137 641 2244 709 γὰρ
2269 637 2477 709 λόχμην
2514 637 2638 691 τινὰ
2668 636 2758 690 τὸν
2796 637 3210 693 Κωνσταντῖνον.
3233 636 3458 705 ἔφιππον
3478 655 3629 690 συναν-

2136 730 2393 800 τῆσαιτῷ
2429 730 2602 799 πατρὶ
2650 728 2814 783 αὑτοῦ
2851 730 2991 782 κατά
3050 729 3346 797 φαντασίαν
3405 729 3630 799 ἐποίησεν,

2136 810 2181 884 ᾧ
2209 817 2272 887 δὴ
2306 818 2400 868 καὶ⁸
2432 815 2842 889 περιπλακῆναι
2865 812 3026 878 δόξας
3057 817 3083 867 6
3106 813 3359 884 βασιλεὺς
3388 816 3475 868 καὶ
3498 832 3630 867 κατα-

2127 909 2372 979 ’φιλήσας
2402 907 2588 960 οὐκέτι
2618 907 2809 959 τοῦτον
2847 906 3017 976 ἑώρα.
3063 904 3173 958 Καὶ
3208 905 3239 958 6
3294 903 3387 973 μὲν
3430 903 3632 973 βασιλεὺς

2141 1001 2391 1073 μεγάλως
2428 1018 2493 1054 πε
2504 1002 2560 1072 ρὶ
2587 1000 2679 1054 τὸν
2715 999 2951 1071 μοναχὸν
2975 999 3330 1068 ὲφαντάζετο,
3352 1000 3385 1049 ’ὁ
3411 998 3461 1050 δὲ
3485 997 3629 1064 ἕτερος

2122 1086 2251 1155 ὐίὸς
2281 1092 2446 1145 αὐτοῦ
2477 1091 2629 1145 Λέων
2657 1093 2685 1143 6
2712 1092 3003 1160 φιλόσοφος
3036 1087 3327 1159 φαρμακὸν
3379 1086 3538 1139 ἐκάλει
3560 1085 3628 1137 τὸν

2141 1185 2377 1255 μοναχὸν
2404 1185 2498 1237 καὶ
2536 1185 2831 1238 ἀπατῶντα
2873 1183 2964 1236 τὸν
2995 1180 3392 1252 αὐτοκράτορα.
3445 1178 3629 1245 Πληγεὶς

2128 1272 2227 1330 ὀὖν
2254 1279 2348 1329 ἐπὶ
2381 1275 2591 1339 τούτοις
2614 1276 2711 1346 τὴν
2747 1274 2928 1344 ψυχὴν
2954 1276 2981 1326 6
3014 1270 3423 1340 Σανταὸαρηνὸς
3445 1267 3628 1321 τοιοῦτον

2137 1386 2193 1423 τι
2221 1371 2538 1423 ἐπινοεῖται.
2570 1368 2754 1421 Πείθει
2787 1368 2880 1420 τὸν
2915 1366 3142 1427 Λέοντα,
3199 1364 3295 1415 καὶ
3330 1356 3534 1430 ξιφίδιον
3570 1361 3628 1411 ἑν-

2135 1463 2225 1525 τδς
2250 1461 2344 1516 τοῦ
2376 1460 2724 1531 ὑποδήματος
2762 1460 2949 1530 φέρειν
2982 1454 3392 1527 παρασκευάζει
3440 1452 3627 1521 ὁπηνίκα

2139 1553 2215 1624 τῷ
2247 1553 2414 1621 ’πατρὶ⁸
2456 1551 2808 1620 συνθηρεύων
2834 1545 2923 1620 ἦν.
2959 1547 3094 1602 Οὐδὲ
3124 1547 3236 1617 γὰρ
3268 1544 3360 1597 τὸν
3385 1543 3517 1595 δόλον
3543 1543 3628 1593 ἐνὸ-

2137 1662 2292 1715 ησεν.
2333 1644 2451 1713 Ἐφ’
2489 1636 2533 1712 ᾧ
2561 1643 2656 1696 καὶ
2709 1640 2995 1719 ὲπίδκουλον
3054 1637 3448 1709 προσαγγέλλει
3490 1634 3627 1688 αὐτόν.

481 1745 774 1817 persuasit,
803 1752 863 1799 ut
887 1759 1012 1799 cum
1047 1751 1204 1815 patre
1262 1755 1564 1797 venaturus
1613 1757 1796 1797 secum
1828 1741 2036 1812 gladio-

2140 1738 2431 1806 Δισμεῖται
2479 1736 2692 1799 λοιπὸν,
2742 1734 2835 1787 καὶ
2874 1736 2932 1786 ὲν
2971 1732 3054 1786 ἑνὶ
3105 1732 3218 1784 τῶν
3262 1728 3533 1800 βασιλικῶν
3555 1743 3626 1778 κα-

483 1840 591 1894 Ium
613 1838 715 1893 sub
751 1845 900 1893 veste
931 1828 1186 1908 gestaret.
1221 1833 1356 1889 Eum
1392 1834 1502 1890 Leo
1553 1834 1736 1889 dolum
1793 1850 1898 1888 non
1956 1833 2041 1887 in-

444 1928 447 1931 ’
484 1932 782 2001 telligebat.
825 1930 1171 2000 Quapropter
1223 1943 1253 1983 a
1284 1927 1664 1983 Santabareno
1709 1926 1777 1983 ad
1829 1936 2037 1997 patrem

484 2028 631 2080 velut
660 2023 944 2078 insidiator
971 2021 1234 2085 defertur,
1287 2037 1410 2075 mox
1468 2021 1705 2076 vinculis
1763 2020 2039 2075 constrin-

2145 1830 2459 1883 τακ).είεται
2490 1829 2772 1898 θαλάμων,
2801 1828 2898 1881 καὶ
2925 1828 2996 1880 τὰ
3024 1826 3119 1879 τοῦ
3149 1825 3385 1895 κράτους
3436 1821 3629 1889 ἀφαιρεῖ-

2136 1937 2227 1974 ται
2262 1921 2591 1990 παράσημα.
2610 1918 2764 1974 Μετὰ
2795 1919 2853 1973 δὲ
2879 1919 3051 1973 ταῦτα
3087 1915 3393 1989 συμπόσιον
3420 1912 3627 1983 parasti”

2137 2017 2194 2068 ἐν
2224 2015 2368 2068 τέλει
2421 2016 2656 2066 ποιεῖται
2683 2012 2946 2084 ὁκρατῶν
2975 2012 3117 2065 κατά
3168 2010 3269 2080 τὴν
3296 2007 3627 2060 παλαιάνσυνο

484 2116 652 2183 gitur,
681 2112 918 2181 quodam
955 2111 1008 2164 in
1052 2108 1294 2164 thalamo
1329 2109 1475 2182 regio
1504 2109 1885 2173 concluditur;
1944 2107 2037 2161 im-

2138 2107 2349 2178 ήθειαν.
2375 2105 2651 2169 Ψιττακδς
2696 2100 2787 2160 οὖν
2833 2106 3010 2158 ἐκεῖσε
3062 2099 3476 2175 ἀπῃωρημένος,
3517 2097 3625 2158 Λέονς

480 2203 750 2272 peratoria
809 2194 982 2272 signa
1029 2200 1078 2255 ei
1137 2201 1477 2255 adimuntur.
1539 2199 1851 2254 Secundum
1923 2199 2039 2253 bam

482 2297 736 2350 usuvenit
780 2303 837 2347 ut
892 2307 990 2361 pro
1041 2307 1190 2346 more
1245 2292 1415 2345 veteri
1444 2292 1753 2345 convivium
1807 2291 2040 2361 impera—

484 2401 568 2441 tor
607 2400 728 2440 eum
773 2384 1179 2455 magiStratibus
1229 2384 1554 2437 celebraret.
1609 2382 1688 2437 lbi
1740 2397 2037 2454 suspensus

480 2479 701 2551 quidam
727 2475 886 2546 297
924 2474 1209 2545 psittacus,
1256 2473 1571 2543 frequenter
1599 2472 1799 2529 Leonis
1836 2491 2035 2531 nomen

482 2570 772 2638 repetitum
792 2567 1177 2638 ingeminabat.
1222 2564 1432 2636 Quippe
1453 2566 1837 2623 consuefactus
1860 2568 2038 2622 fuerat

482 2673 541 2717 ut
572 2677 757 2716 vocem
792 2659 1072 2731 cujusdam
1114 2656 1348 2713 Leonem
1380 2642 1719 2728 deplorantis
1769 2660 2037 2716 imitando

479 2754 830 2823 exprimeret.
889 2750 1002 2805 llac
1059 2758 1245 2820 patres
1294 2750 1591 2819 conscripti
1634 2747 1922 2804 occasione
1948 2764 2037 2804 ar-

481 2859 630 2915 repta
673 2859 770 2914 pro
812 2842 993 2897 Leone
1035 2843 1176 2911 apud
1232 2843 1618 2910 imperatorem
1668 2841 2036 2911 deprecantur

2146 2201 2303 2264 Δέον,
2336 2198 2464 2252 ὲδδα
2488 2198 2687 2252 πυκνάο
2717 2196 3044 2268 ὀδυρομένου
3106 2194 3204 2247 καὶ
3255 2193 3360 2261 γάρ
3408 2205 3529 2247 τινος
3568 2186 3626 2238 τὴν

2150 2290 2358 2344 Λέοντα
2392 2289 2491 2360 την
2543 2289 2723 2358 φωνὴν
2779 2287 3108 2357 ἐμιμήσατο.
3164 2282 3440 2354 ’Λφορμῆς
3480 2274 3628 2330 οὖνέν-

2141 2383 2330 2437 τεῦθεν
2358 2384 2687 2454 δραξάμενοι
2724 2381 2934 2435 δέονται
2991 2378 3085 2433 τοῦ
3135 2377 3399 2444 βασιλέως
3429 2370 3624 2443 περὶτοῦ

2143 2476 2396 2539 Λέοντος,
2433 2475 2682 2542 λέγοντες
2720 2474 2794 2537 ὡς
2818 2477 2898 2535 είς
2928 2471 3276 2540 κατηγορίαν
3332 2467 3475 2538 ἡμῶν
3519 2466 3623 2517 Ean:

2135 2569 2285 2622 τουτὶ
2310 2567 2371 2620 τὸ
2401 2568 2562 2632 ζῶον,
2614 2567 2774 2635 είπερ
2822 2565 2953 2618 αὐτὸ
3003 2565 3103 2631 μὲν
3144 2580 3241 2617 τον
3272 2565 3459 2615 οἰκεῖον
3484 2563 3623 2612 ἀνεκα-

2134 2659 2278 2713 λεῖτο
2317 2660 2604 2730 δεσπότην,
2634 2672 2638 2676 ·
2668 2657 2831 2730 ἡμεῖς
2886 2656 2942 2710 δὲ
2991 2659 3218 2727 άμνημο
3251 2654 3418 2724 οὖμεν
3457 2652 3530 2705 ἐπὶ
3567 2665 3622 2700 τι·

2143 2753 2333 2806 σοῦτον
2369 2752 2558 2806 αὑτοῦ.
2589 2752 2776 2823 Ταότῃ
2813 2767 2897 2805 τοι
2958 2751 3056 2804 καὶ
3105 2750 3210 2803 οὐκ
3258 2749 3618 2816 ἀποτυγχάνουσι

2132 2844 2228 2899 τοῦ
2252 2845 2477 2899 σκοποῦ.
2820 2840 2825 2845 ’

474 2914 926 2993 etintercedunt.
963 2932 1194 2987 Aiebant
1241 2931 1386 2985 enim
1437 2931 1539 2984 hoc
1600 2928 1775 2999 ipsum
1818 2932 2019 2986 animal
2058 2934 2439 3004 negligentiam
2489 2950 2643 2990 suam
2681 2934 2858 2991 videri
2911 2914 3192 3000 accusare,
3247 2932 3391 3006 quod
3432 2934 3519 2988 heri
3552 2930 3607 2984 sui

480 3041 677 3081 nomen
709 3026 869 3082 teties
894 3024 1233 3088 inclamaret,
1265 3024 1423 3093 cujus
1477 3023 1582 3095 ipsi
1615 3034 1722 3079 tam
1784 3025 1944 3095 longo
1992 3026 2101 3096 jam
2139 3036 2385 3098 tempore
2423 3030 2757 3084 mentionem
2785 3030 2989 3084 nullam
3018 3030 3300 3086 fecissent.
3323 3030 3477 3095 Quam
3501 3026 3619 3079 inter-

470 3124 778 3193 cessionem
812 3119 1107 3189 imperator
1131 3133 1253 3175 cum
1285 3117 1604 3182 audivisset,
1636 3117 1747 3172 voti
1776 3132 1870 3172 eos
1905 3118 1986 3173 sui
2019 3131 2297 3193 compotes
2326 3123 2475 3179 fecit.
3118 3116 3121 3119 “

537 3215 811 3270 Ὸωῑοτυιιι
841 3211 946 3266 hoc
983 3212 1105 3266 loco
1155 3209 1319 3265 velim
1371 3209 1796 3272 animadvertas,
1837 3210 2036 3266 dilecte

2210 3216 2451 3286 Πρᾶσεχε
2486 3216 2563 3280 δὲ,
2607 3216 2882 3287 ἀγαπητὲ,
2933 3216 3016 3270 δτι
3063 3215 3426 3285 διαφωνοῦσιν
3451 3210 3620 3265 ἐνταῦθα

479 3307 574 3367 ﬁli.
604 3305 899 3376 scriptores
929 3301 1212 3357 annalium
1255 3302 1397 3355 inter
1424 3315 1484 3355 se
1536 3300 1851 3356 dissentire.
1901 3301 2037 3356 Nam

2142 3308 2276 3376 πρὸς
2315 3306 2577 3378 ἀλλήλους
2611 3309 2660 3360 oi
2697 3307 3080 3378 χρονογράφοι.
3128 3307 3191 3360 '0
3230 3308 3337 3377 γὰρ
3391 3303 3623 3370 Σκυλίτζης

444 3386 740 3470 ⁷ἶῆιιξιίιιεε
765 3397 929 3451 tradit
951 3394 1275 3477 Michaelum
1309 3394 1694 3464 imperatorem
1727 3393 1915 3449 sobole
1947 3409 2037 3448 na-

2142 3399 2306 3467 φησῖν
2332 3398 2414 3451 ὅτι
2451 3399 2616 3469 γονῆς
2652 3400 2851 3470 ἠπόρει
2877 3399 3116 3469 φυσικῆς
3145 3402 3174 3452 6
3200 3399 3415 3470 Μιχαὴλ
3440 3412 3455 3427 ⁸
3487 3398 3527 3450 οἱ
3552 3396 3626 3462 γὰρ

469 3489 637 3544 turali
665 3489 929 3544 caruisse.
957 3487 1060 3554 Qui
1096 3489 1243 3542 enim
1285 3487 1539 3541 ebrietati
1570 3497 1838 3558 perpetuo
1866 3486 2038 3542 dediti

481 3590 629 3639 sunt.
681 3579 1141 3650 quemadmodum
1197 3579 1490 3650 perhibent
1543 3577 1793 3633 homines
1844 3578 2034 3632 harum

481 3690 664 3728 rerum
698 3672 881 3743 periti,
916 3686 1258 3744 nequaquam
1294 3687 1479 3726 semen
1511 3671 1575 3725 ad
1618 3686 1812 3725 arcana
1857 3672 2037 3727 Vene-

472 3769 555 3821 ris
595 3764 848 3821 idoneum
887 3766 1112 3820 habent.
1168 3765 1283 3819 Hoc
1338 3763 1381 3818 si
1418 3779 1604 3818 verum
1638 3772 1740 3823 est.
1784 3762 1874 3832 qni
1904 3779 2037 3818 con-

481 3870 801 3913 sentaneum
828 3858 1157 3927 putabimus,
1192 3856 1336 3926 quod
1388 3856 1542 3910 aiunt
1573 3854 1762 3924 aliqui,
1800 3854 2035 3909 Leonem

474 3948 728 4002 Michaeli
764 3946 934 4002 fmsse
958 3947 1170 4001 ﬁlium?
1228 3946 1468 4001 Zonaras
1501 3947 1720 4016 quidem
1755 3946 2039 4001 memoria:

481 4038 725 4108 prodidit
768 4037 1010 4092 Leonem
1069 4052 1260 4107 reapse
1307 4037 1555 4091 Miehacli
1600 4037 1784 4092 ﬁlium
1848 4037 2036 4106 fuisse,

474 4129 762 4181 hominum
797 4136 979 4180 autem
1010 4128 1271 4197 Opinione
1326 4127 1536 4182 Basilii.
1589 4129 1799 4198 Quippe
1845 4130 2038 4186 Leonis

479 4229 670 4281 mater,
704 4218 791 4273 cui
819 4232 1019 4275 nomen
1059 4231 1179 4274 erat
1201 4220 1467 4287 Endocia,
1499 4220 1705 4290 lngeris
1736 4219 1872 4280 ﬁlia.
1911 4237 2034 4276 eum

471 4309 631 4379 prius
666 4324 864 4363 arcano
897 4311 1191 4367 concubitu
1238 4327 1361 4366 cum
1413 4296 1742 4383 imperatore
1775 4311 2038 4367 Michaelo

477 4406 874 4470 consucvisset,
904 4408 1189 4475 prazgnans
1216 4404 1417 4461 Basilio
1472 4416 1704 4476 nuptum
1738 4405 1874 4459 data
1930 4415 2035 4471 est,

473 4510 639 4565 quem
670 4493 805 4550 adeo
832 4495 935 4551 sibi
963 4494 1287 4552 familiarem
1337 4498 1633 4552 Michaelus
1687 4498 1913 4561 fecerat,
1978 4508 2037 4552 ut

2092 3532 2093 3535 η
2142 3490 2335 3560 μέθαις
2366 3491 2454 3544 ἀεὶ
2492 3492 2961 3561 ἑνασχο).ούμενοι,
3000 3492 3144 3546 καθά
3176 3507 3344 3561 φάτιν
3370 3492 3415 3544 οἱ
3457 3489 3625 3558 περὶτὰ

2136 3581 2361 3635 τοιαῦτα
2410 3582 2592 3648 δεινοὶ,
2620 3584 2840 3653 γόνιμον
2876 3583 3142 3655 οὖμενουν
3176 3587 3362 3657 έχουσι
3385 3584 3437 3637 τὸ
3460 3582 3621 3647 σπέρμα

2138 3677 2275 3744 πρός
2304 3690 2368 3742 γε
2402 3674 2468 3727 τὰ
2514 3678 2614 3743 τῆς
2654 3675 2971 3748 Ἀφροδίτης
2996 3679 3302 3749 μυστήρια.
3350 3678 3405 3730 Ei
3429 3675 3478 3730 δὲ
3494 3672 3623 3730 τοῦτον

2139 3765 2256 3828 πῶς
2287 3766 2471 3819 λοιπὸν
2496 3767 2524 3819 6
2559 3767 2710 3820 Λέων
2776 3768 2888 3833 υίὸς
2940 3769 3031 3821 τοῦ
3089 3769 3349 3841 Μιχαηλ;
3384 3768 3438 3820 '0
3479 3767 3526 3819 δὲ
3548 3765 3623 3817 Ζω-

2138 3861 2305 3931 ναρᾶς
2342 3876 2505 3930 φησιν
2533 3861 2614 3912 ὅτι
2648 3863 2711 3931 τῇ
2769 3862 2866 3932 μὲν
2913 3861 3144 3933 ἀληθείᾳ
3183 3864 3299 3921 υίὸς
3343 3858 3430 3915 τοῦ
3461 3852 3624 3928 Μιχαὴλ

2136 3945 2222 4020 ἦν,
2265 3951 2358 4004 τοῦ
2398 3951 2680 4005 Βασιλείου
2702 3952 2757 4004 δὲ
2785 3951 2864 4022 τῷ
2895 3953 3075 4007 δοκεῖν
3099 3967 3115 3983 '
3144 3954 3178 4022 ἡ
3216 3954 3324 4025 γὰρ
3377 3952 3538 4021 μήτηρ
3561 3944 3624 3999 τοῦ

2137 4044 2364 4107 Λέοντος
2417 4044 2672 4114 (Εὑδοκία
2701 4045 2756 4099 δὲ
2790 4041 2857 4118 ἦν
2903 4046 3063 4119 αὕτη,
3112 4047 3207 4100 τοῦ
3241 4048 3483 4116 Ἴγκηρος
3511 4037 3628 4106 euri-

2136 4136 2261 4204 τηρ)
2290 4137 2734 4207 συμφθειρομένη
2767 4139 3033 4210 πρότερον
3086 4139 3162 4208 τῷ
3192 4140 3426 4209 Μιχαὴλ,
3480 4136 3626 4202 ἔγκυος

2140 4226 2218 4296 τῷ
2248 4225 2517 4297 Βισιλείφ
2563 4228 2698 4297 παρ’
2771 4228 2938 4282 αὐτοῦ
3000 4230 3411 4298 συνεζεύγνυτο.
3474 4219 3626 4278 Τοσοῦ·

2137 4333 2228 4370 τον
2277 4321 2387 4393 γὰρ
2451 4318 2615 4373 αὐτὸν
2665 4322 2693 4373 6
2747 4319 2969 4390 Μιχαὴλ
3025 4321 3344 4393 ᾠκειώσατο
3396 4319 3518 4373 ὥστε
3560 4314 3625 4366 καὶ

2136 4408 2372 4480 διάδημα
2406 4410 2736 4481 περιθεῖναι,
2774 4413 2876 4483 τὴν
2907 4413 3166 4485 ἀφορμὴν
3219 4417 3283 4467 ἐκ
3313 4410 3405 4466 τοῦ
3448 4406 3625 4479 θρασέος

2142 4500 2307 4554 ἵππου
2358 4500 2558 4567 λαϐὼν,
2611 4496 2654 4571 ᾧ
2714 4503 2893 4567 οὐδεὶς
2956 4505 3211 4576 ἐπιϐῆναι
3266 4505 3475 4574 ἐτόλμα.
3523 4499 3625 4551 Θαυ-

476 4590 640 4658 etiqm
673 4588 836 4657 capiti
859 4588 979 4660 ejus
1009 4587 1259 4643 diadema
1292 4589 1602 4660 imponeret
1637 4606 1734 4660 per
1784 4583 2030 4661 occasio-

2144 4592 2344 4662 μαστὸς
2399 4594 2510 4665 γὰρ
2556 4589 2626 4663 ἦν
2658 4594 2940 4659 Βασίλειος
2992 4571 3135 4654 κατά
3166 4614 3231 4666 γε
3281 4571 3411 4659 εἶδος
3439 4594 3521 4645 καὶ
3540 4585 3626 4639 τόλ-

476 4694 603 4731 nem
632 4681 756 4747 equi
791 4681 990 4735 ferocis
1022 4696 1051 4735 a
1092 4679 1293 4736 Basilio
1341 4680 1559 4746 domiti,
1584 4697 1747 4752 quem
1775 4696 2036 4736 conscen-

2143 4701 2272 4754 μαν.

476 4773 607 4825 dere
641 4771 823 4827 nullus
870 4773 1098 4827 aliorum
1141 4775 1564 4830 audebat:erat
1611 4775 1758 4829 enim
1795 4773 2029 4830 Basilius
2067 4777 2373 4839 admirabili
2446 4780 2635 4837 formze
2681 4790 2971 4838 venustate
3040 4784 3371 4854 audaciaque
3420 4769 3621 4848 singulari

477 4864 758 4934 praeditus.

547 4956 762 5011 Accidit
788 4965 974 5011 autem
1002 4958 1298 5029 aliquando
1362 4970 1422 5015 ut
1449 4959 1538 5027 hic
1578 4961 1693 5030 ipse
1743 4960 2038 5031 imperator
2110 4950 2117 4953 Α

478 5047 712 5102 Basilius
734 5050 788 5102 in
819 5049 1105 5104 venatione
1137 5052 1369 5119 quadam
1401 5053 1619 5107 obvium
1669 5053 1897 5108 haberet
1954 5055 2037 5107 in-

476 5139 614 5209 signi
654 5139 979 5208 proceritate
1007 5156 1256 5195 cervum.
1310 5142 1392 5221 lbi
1424 5158 1549 5198 cum
1590 5146 1808 5198 manum
1858 5160 2036 5198 arma-

479 5242 586 5285 tam
618 5231 795 5300 gladio
824 5242 1011 5289 contra
1043 5231 1214 5285 feram
1245 5237 1579 5299 sustulisset,
1606 5252 1803 5290 cervus
1831 5236 2034 5292 restitit

475 5333 530 5376 et
565 5323 945 5391 insequentem
986 5319 1314 5394 propulsare
1351 5329 1615 5383 cornibus
1663 5340 1896 5384 conatus
1925 5338 2063 5406 εει.³

478 5416 592 5469 lloc
621 5416 783 5468 modo
813 5406 1027 5470 factum
1072 5426 1132 5471 ut
1175 5420 1409 5487 quodam
1442 5436 1711 5475 cornuum
1767 5436 1920 5493 ramo
1974 5420 2029 5475 in

476 5521 667 5559 zonam
700 5507 1050 5575 imperatoris
1087 5508 1287 5575 deﬁxo,
1316 5513 1429 5581 ipse
1469 5514 1738 5569 cornibus
1776 5508 2031 5569 sublimis

477 5596 761 5650 ailhmrens
787 5614 815 5652 a
842 5615 1003 5655 cervo
1029 5603 1410 5674 ahripcretur;
1465 5606 1743 5672 vitmnqne
1780 5605 2029 5660 fortassis

476 5687 771 5754 amisisset,
826 5692 878 5746 ni
913 5692 1135 5763 quidam
1194 5695 1370 5762 ipsum
1420 5694 1652 5749 dissectu
1690 5696 1868 5764 gladio
1894 5712 2029 5749 zona

2226 4962 2285 5016 ’0
2348 4963 2603 5033 βασιλεὺς
2654 4981 2809 5029 ουτος
2869 4964 3149 5029 Βασίλειός
3197 4982 3324 5019 ποτε
3369 4955 3622 5030 κυνηγετῶν

2140 5054 2429 5125 εὐμεγέθει
2482 5056 2799 5127 ἐντυγχάνει
2846 5057 3052 5126 ἐλάφῳ.
3113 5055 3303 5110 Ἦνίκα
3342 5054 3460 5124 γοῦν
3504 5050 3620 5120 χεῖρα

2140 5148 2345 5221 ξιφήρη
2371 5150 2511 5203 κατὰ
2541 5149 2638 5219 τῆς
2660 5149 2859 5218 ἐλάφου
2891 5144 3046 5220 ἦρεν,
3077 5148 3306 5218 ἀντέστη
3333 5148 3389 5199 τὺ
3415 5143 3529 5208 ζῶον
3549 5136 3617 5190 καὶ

2134 5243 2247 5305 τοῖς
2278 5243 2511 5313 κέρασιν
2541 5243 2790 5312 ἠμύνατο
2834 5242 2924 5295 τὸν
2961 5243 3242 5297 διώκοντα.
3279 5240 3381 5295 Καὶ
3428 5238 3486 5306 τῇ
3511 5232 3619 5297 ζάλνῦ

2134 5328 2190 5382 δὲ
2224 5328 2317 5382 τοῦ
2350 5328 2615 5400 βασιλέως
2663 5330 3008 5400 ἐμπαρέντος
3063 5330 3211 5394 τινὸς
3261 5330 3363 5382 τῶν
3391 5332 3619 5395 παραφυο·

2140 5422 2320 5492 μένων
2379 5424 2631 5492 κεράτων
2694 5421 2970 5492 μετέωρος
3027 5420 3234 5486 ἐκεῖνος
3282 5424 3386 5484 τοῖς
3438 5419 3613 5485 κέρασιν

2136 5516 2386 5586 ἐφέρετο·
2421 5517 2516 5569 καὶ
2553 5517 2690 5587 τάχα
2710 5517 2775 5571 ἂν
2798 5517 3063 5587 ἧνάλωτον
3094 5518 3143 5570 εί
3186 5517 3256 5589 μή
3287 5534 3366 5581 τις
3408 5511 3529 5580 ξίφει
3551 5518 3615 5556 τε.

2139 5607 2256 5678 μὼν
2286 5607 2383 5678 τὴν
2405 5608 2583 5678 ζώνην
2608 5608 2767 5661 αὐτὸν
2790 5608 3111 5663 διεσώσατο.
3163 5604 3231 5680 ’ῼ
3256 5608 3318 5679 δὴ
3345 5608 3427 5660 καὶ
3448 5603 3614 5661 σῶστρίι

2138 5698 2277 5752 καλὰ
2310 5699 2540 5753 δέδωκεν
2570 5700 2598 5751 6
2630 5699 2723 5753 ὑπ’
2781 5700 2991 5755 ἐκείνου
3019 5702 3229 5766 σωθεὶς,
3265 5701 3357 5756 τὴν
3379 5697 3464 5759 τῆς
3486 5703 3612 5758 κεῖν
