3798 6230
149 369 236 428 553
1333 372 1728 433 ANNALIU)!
1775 375 1962 434 PARS
2002 378 2094 437 iV.

3217 378 3318 439 55$

161 480 238 542 λῆς
266 477 500 546 ἐκτομὴν,
526 474 695 544 λέγων
725 478 803 531 ὅτι
857 481 995 536 κατὰ
1038 483 1298 556 βασιλέως
1347 486 1498 557 ξίφος
1535 492 1656 558 ἐ.γὺ-

1769 499 2060 546 servasset.
2133 492 2192 545 Ei
2244 493 2438 546 deinde
2497 494 2750 562 prteclara
2800 492 3007 547 scilicet
3045 507 3075 547 a
3107 502 3320 546 servato

159 584 356 638 μνωσεν.

220 839 330 890 Ἐπὶ
357 837 553 900 τούτοις
597 836 689 893 οὖν
722 845 748 896 ὁ
783 844 925 909 θεῖος
979 845 1242 916 Ἰγνάτιος
1293 852 1397 905 τῶν
1430 845 1527 907 ὦδε
1569 875 1664 910 αε-

154 931 395 983 οίςταται.
439 931 496 982 Ὀ
526 931 711 1000 μέντοι
737 936 942 999 Φώτιος
978 938 1066 992 ἀεὶ
1096 941 1266 1011 διψῶν
1307 943 1398 996 τοῦ
1451 945 1660 1016 θρῦνου,

153 1021 228 1072 καὶ
268 1021 550 1073 σπουδεύων
579 1025 963 1092 ἐπιτεύξασθαι
995 1030 1154 1083 πάλιν
1179 1031 1279 1102 τῆς
1314 1035 1660 1106 Ἐκκλησίας,

151 1111 321 1162 τοιόνδε
341 1126 389 1161 τι
421 1111 756 1183 βαθύτροπον
803 1120 895 1171 καὶ
951 1120 1164 1175 σκολιὸν
1218 1128 1494 1195 τεχνᾶται.
1541 1129 1662 1182 Τῶν

148 1201 171 1251 ὁ
199 1201 395 1270 ομὰτων
425 1203 518 1265 τὰς
549 1206 721 1275 ἀρχὰς
755 1209 1128 1280 ἁπολαμῦἀνει
1177 1216 1347 1288 μόνας
1378 1221 1472 1272 τοῦ
1512 1223 1665 1291 βασι-

149 1291 279 1352 λέως,
310 1294 410 1344 τῶν
433 1293 582 1359 υἱῶν,
631 1297 764 1350 ἀλλὰ
802 1302 1015 1371 καὶτῆς
1074 1306 1408 1375 Δύγούστας,
1460 1316 1552 1365 καὶ
1603 1315 1662 1368 τὺ

147 1381 323 1444 Βεκλᾶς
371 1385 665 1455 συντίθησι.
731 1389 833 1444 Καὶ
905 1391 1060 1447 τοῦτο
1127 1401 1431 1467 σαφηνίσας
1483 1405 1660 1470 ἔδοξεν

146 1473 262 1526 εἶναι
290 1473 494 1543 βασιλέϊ
528 1479 703 1546 μέγας
735 1481 826 1533 ἐπὶ
862 1483 1045 1555 σοφίᾳ,
1099 1491 1192 1539 καὶ
1248 1493 1410 1547 πάλιν
1440 1497 1533 1549 τὸν
1565 1516 1662 1551 πο-

145 1560 342 1652 λύζηλον
377 1566 813 1634 κατακληροῦται
845 1572 1052 1641 θρόνον.
1102 1577 1213 1630 Καὶ
1250 1583 1375 1651 περὶ
1415 1584 1512 1652 μὲν
1542 1589 1662 1640 τού-

143 1668 232 1701 των
253 1650 442 1715 οὕτως’
477 1657 525 1707 οἱ
579 1653 634 1708 δὲ
670 1656 861 1713 Ῥωσοὶ
893 1662 983 1713 ἐπὶ
1024 1665 1212 1718 τούτου
1260 1650 1354 1721 τοῦ
1396 1650 1662 1740 βασιλέως

145 1744 209 1804 είς
241 1745 329 1810 τὴν
366 1744 582 1814 ἀπλανῆ
627 1747 928 1817 θρησκείαν
956 1749 1140 1823 ἦλθον.
1197 1759 1511 1829 Τηνικαῦτα
1563 1768 1658 1820 καὶ

144 1834 369 1926 ἀρχιερέα
438 1834 719 1906 δέχονται,
787 1843 1112 1912 θεοσημείας
1165 1851 1428 1921 πρότερον
1501 1872 1656 1926 γεγο-

144 1925 286 2020 νυίας.
341 1927 410 1979 Τὺ
437 1930 544 1998 γὰρ
577 1930 726 1998 ἅγιον
759 1932 1097 2003 Εὐαγγέλιον
1145 1945 1276 2010 πυρὶ
1335 1946 1434 2013 μὲν
1484 1925 1660 2020 παρα-

144 2015 333 2084 δίδοται,
368 2020 426 2072 οὐ
471 2025 837 2079 κατακαίεται
875 2028 951 2081 δέ.
1004 2031 1153 2084 Μετὰ
1209 2035 1381 2090 ταῦτα
1414 2015 1660 2116 διαρροίᾳ

146 2111 259 2179 νόσῳ
322 2113 607 2182 συσχεθεὶς
679 2121 707 2171 ὁ
767 2120 1049 2186 Βασίλειος
1103 2129 1324 2200 τελευτᾷ
1388 2133 1476 2187 τὸν
1504 2111 1657 2204 Ϋβίοντ,

144 2202 212 2252 τιν
237 2204 341 2258 υἱὸν
371 2205 536 2259 αὑτοῦ
587 2209 790 2264 Λέοντα
842 2213 932 2267 τὸν
985 2217 1148 2286 σοφὸν
1197 2219 1435 2293 διάδοχον
1491 2202 1659 2281 κατα-

144 2307 301 2344 ιιπινν.

195 2463 383 2556 Κρατετ
424 2466 514 2520 οὖν
546 2471 578 2522 ὁ
624 2470 774 2524 Λέων
817 2475 958 2542 μετὰ
991 2476 1083 2530 τὸν
1115 2479 1282 2532 αὐτοῦ
1315 2483 1526 2554 πατέρα
1560 2486 1656 2556 ἔτη

140 2559 232 2616 κς.
259 2555 424 2611 Θέλων
473 2556 578 2613 οὖν
627 2563 934 2632 ἀμύνασθαι
970 2569 1062 2621 τὸν
1096 2572 1507 2646 Σανταϐαρηνὸν
1535 2555 1659 2648 βουέ

135 2645 316 2701 λεὺεται
376 2653 652 2724 πρότερον
698 2658 789 2710 τὸν
823 2658 1025 2714 Φὼτιον
1084 2665 1353 2731 καθελεῖν,
1412 2672 1665 2740 οἰόμενος·

140 2737 272 2791 αὐτὸν
301 2743 542 2810 μεγάλως
603 2749 1017 2817 προστήσασθαι
1050 2754 1142 2806 τοῦ
1192 2737 1610 2829 Σανταὸαρηνοῦ
1639 2779 1653 2794 ⁸

141 2832 270 2900 λόγος
301 2839 392 2910 γὰρ
421 2843 657 2915 ἐφέρετο
679 2846 752 2910 ὡς
782 2851 808 2900 ὁ
839 2850 1039 2912 sane;
1080 2869 1186 2905 τινι
1234 2853 1342 2904 τῶν
1375 2857 1537 2909 αὑτοῦ
1561 2859 1658 2931 τὴν

137 2925 373 2994 βασιλεῐαν
407 2939 858 3008 μνηστευόμενος
893 2943 1284 3012 κοινολογεῖται
1329 2947 1406 3016 τῷ
1455 2951 1658 3003 Σαντα-

135 3019 320 3094 διρηνῷ
348 3031 466 3100 περὶ
496 3029 706 3084 τούτου
736 3037 830 3100 καὶ
865 3034 1038 3099 οὕτως
1063 3039 1154 3088 τον
1187 3039 1337 3092 δόλον
1381 3044 1523 3095 κατὰ
1563 3045 1655 3096 τοῦ

1770 577 2095 653 imperatore
2120 585 2240 637 data
2269 595 2398 638 sunt
2419 585 2852 640 eonservationis
2897 584 3117 654 praemia
3152 603 3164 638 :
3195 599 3318 637 nam

1767 682 1931 741 caput
1962 673 2168 728 homini
2199 675 2421 744 praecidi
2442 676 2625 746 jussit,
2651 677 2808 731 allata
2838 691 3022 741 causa,
3051 675 3195 748 quod
3221 674 3319 727 ad—

1766 780 1955 818 versus
1986 766 2371 833 imperatorem
2399 767 2636 837 gladium
2667 767 2950 823 nudasset.

1841 854 1935 910 llis
1968 859 2302 925 temporibus
2336 857 2560 912 divinus
2604 859 2692 912 ille
2737 859 2978 927 lgnatius
3025 858 3188 915 hasce
3235 873 3321 911 res

1767 949 1966 1004 inferas
2003 949 2243 1018 reliquit.
2275 949 2409 1004 Cum
2438 959 2619 1004 autem
2660 950 2888 1005 Photius
2919 959 3179 1018 perpetuo
3199 948 3320 1002 solii

1765 1041 2119 1108 recuperandi
2155 1041 2428 1094 desiderio
2460 1050 2756 1104 teneretur,
2783 1039 3187 1108 Ecclesiamque
3237 1055 3322 1092 re-

1764 1144 2025 1198 cuperare
2056 1143 2369 1191 conaretur,
2404 1131 2716 1203 hujusmodi
2741 1114 2999 1200 quiddam
3018 1130 3084 1186 ab
3109 1129 3323 1184 occulta

1764 1220 2065 1290 profectum
2150 1224 2386 1276 versutia
2466 1223 2789 1292 vafritieque
2849 1221 3320 1299 comminiscitur.

1763 1310 1972 1366 Primas
2015 1312 2081 1367 de
2134 1314 2595 1384 appellationibus
2640 1315 2987 1382 imperatoris
3015 1353 3028 1375 ,
3085 1313 3319 1368 filim-nm

1763 1402 2122 1474 Angustteque
2174 1405 2382 1459 litteras
2435 1406 2624 1470 sumit,
2695 1406 2930 1473 indeque
2980 1421 3141 1460 suum
3188 1407 3319 1460 illud

1763 1494 1947 1550 Beclas
1985 1495 2294 1564 componit;
2323 1511 2433 1565 quo
2471 1496 2749 1550 declarato
2780 1495 2933 1549 visus
2961 1505 3043 1550 est
3083 1497 3321 1564 impera-

1764 1585 1865 1638 tori
1897 1587 1976 1639 vir
2007 1587 2253 1656 apprime
2283 1587 2500 1654 sapiens
2525 1603 2665 1640 esse.
2717 1585 2828 1640 llac
2860 1587 3072 1640 ratione
3119 1586 3317 1640 solium

1763 1677 1893 1731 illud
1923 1680 2436 1733 excellentissimum
2465 1680 2628 1748 298
2651 1681 2873 1748 ret-epit.
2904 1680 2978 1744 Ac
2998 1679 3066 1732 de
3097 1679 3178 1732 his
3202 1680 3323 1747 qui-

1763 1771 1881 1824 dem
1917 1770 2175 1823 hactenus
2204 1770 2407 1824 dictum
2462 1780 2604 1824 esto.
2664 1770 2778 1824 Sub
2831 1770 2934 1824 hoc
2989 1769 3321 1840 imperatore

1761 1860 1917 1916 Rossi
1944 1859 2007 1912 ad
2041 1860 2354 1930 religionem
2394 1861 2599 1915 erroris
2639 1871 2922 1930 expertem
2969 1869 3322 1915 accesserunt

1760 1964 1814 2008 et
1846 1953 2152 2023 pontificem
2185 1963 2536 2021 acceperunt,
2605 1970 2727 2010 cum
2766 1955 3009 2008 divinum
3044 1952 3319 2021 quoddam

1759 2043 2064 2114 prodigium
2099 2045 2481 2098 antecessisset
2514 2063 2529 2098 :
2561 2061 2685 2102 nam
2715 2053 3121 2100 sacrosanctum
3149 2043 3321 2098 Evan-

1759 2133 1956 2201 gelium
1984 2135 2036 2186 iu
2073 2133 2250 2203 ignem
2307 2136 2615 2205 conjectum
2668 2137 2908 2190 cremari
2950 2151 3058 2190 non
3115 2137 3315 2204 potnit.

1759 2225 1996 2280 Tandem
2033 2226 2261 2280 Basilius
2293 2243 2358 2281 ex
2393 2228 2495 2281 alvi
2524 2228 2793 2296 profluvio
2821 2228 2984 2282 vitam
3016 2226 3178 2292 finiit,
3208 2229 3320 2281 filio

1759 2315 1961 2382 Leone,
1998 2318 2113 2372 viro
2142 2321 2385 2388 sapiente
2425 2336 2487 2374 ac
2509 2319 2690 2385 docto,
2740 2333 3061 2376 successore
3106 2328 3231 2389 post
3260 2335 3318 2374 se

1761 2406 1973 2462 relicto.

1831 2494 2020 2566 Itaque
2071 2497 2202 2559 Leo,
2255 2507 2406 2566 patre
2462 2499 2624 2554 rebus
2658 2499 2914 2554 humanis
2939 2506 3214 2567 exempto,
3249 2496 3320 2549 26

1762 2593 1919 2646 annis
1947 2593 2249 2662 imperavit.
2277 2593 2412 2648 Cum
2445 2593 2880 2649 Sautabarcnum
2910 2583 3098 2647 ulcisci
3135 2592 3318 2656 vellet,

1759 2685 1911 2753 prius
1974 2685 2041 2739 de
2097 2685 2289 2739 Photio
2337 2686 2454 2740 loco
2516 2686 2786 2740 movendo
2834 2686 3124 2739 consiliutn
3173 2684 3318 2749 iniit,

1757 2780 1900 2848 quod
1935 2779 2083 2831 illum
2118 2777 2472 2834 Santabareui
2506 2777 2871 2846 patrocinium
2918 2776 3164 2832 studiose
3193 2791 3320 2830 sus-

1757 2880 2045 2941 cepturum
2102 2881 2341 2940 putaret.
2377 2870 2511 2922 Nam
2549 2884 2737 2924 rumor
2768 2869 2976 2923 diditus
3007 2879 3145 2924 erat.
3179 2869 3323 2942 Pho-

1759 2962 1892 3012 tium
1922 2959 2135 3013 cuidam
2158 2975 2380 3013 suorum
2405 2959 2693 3027 imperium
2717 2969 2928 3012 tantum
2955 2974 3063 3012 non
3085 2957 3322 3027 despon-

1758 3037 1973 3106 dentem
2003 3051 2103 3106 hac
2133 3052 2246 3120 ipsa
2275 3051 2340 3106 de
2369 3066 2532 3105 causa
2594 3065 2718 3106 cum
2757 3050 3134 3107 Santabareno
3179 3066 3316 3105 con-

130 3117 316 3184 Αέῡντος
347 3126 646 3194 ῥάπτουσι.
684 3129 792 3181 Καὶ
825 3133 1013 3202 πρῶτα
1045 3136 1146 3202 μὲν
1183 3135 1472 3206 ὑπερόριον
1495 3140 1656 3193 αὑτὸν

1762 3145 1878 3200 silia
1947 3143 2407 3209 communicasse,
2467 3149 2771 3212 contraque
2806 3141 3046 3202 Leonem
3107 3142 3316 3210 aliquid

130 3211 150 3259 ὁ
190 3214 320 3264 Λέων
347 3221 504 3282 ποιεῖ,
563 3215 669 3273 εἶθ’
712 3221 884 3285 οὕτως
923 3225 1146 3288 αίκίσας
1189 3230 1315 3292 τοὺς
1347 3231 1656 3300 ὀφθαλμοὺς

135 3300 270 3352 αὖτοῦ
318 3305 592 3360 ἐκκόπτει.
659 3311 813 3362 Κατὰ
843 3311 1030 3365 τοῦτον
1089 3316 1274 3384 μέντοι
1334 3319 1424 3368 τὸν
1461 3319 1654 3386 καιρὸν

135 3393 324 3458 ἴέῖονεν
350 3400 496 3468 ἡλίου
531 3400 778 3472 ἔκλειψις
827 3407 953 3476 περὶ
1003 3405 1153 3476 ὥραν
1203 3408 1390 3474 ἕκτην,
1441 3410 1516 3473 ὡς
1564 3413 1656 3464 καὶ

133 3482 277 3550 ἆῑῖρι
312 3491 558 3560 φανῆναι,
601 3495 815 3565 ἀνέμων
849 3515 906 3550 τε
973 3499 1122 3568 βιαία
1174 3504 1331 3568 πνοὴ,
1381 3507 1656 3574 ἀστραπαὶ

132 3577 206 3624 καὶ
236 3577 443 3648 βρονταὶ
469 3585 792 3653 φρικώδεις,
831 3606 1067 3658 σκηπτοι
1098 3595 1422 3661 καυσώδεις,
1459 3595 1547 3667 ὑφ’
1581 3595 1656 3652 ὢν

131 3667 287 3736 ἄνδρες
322 3675 457 3729 ἑπτὰ
491 3681 636 3732 κατά
665 3696 727 3746 γε
779 3681 870 3734 τὸν
926 3683 1088 3753 φόρον
1140 3687 1542 3758 ὲνεκρώθησαν.
1595 3689 1655 3744 ’0

132 3765 285 3826 μέντοι
315 3770 463 3824 Λέων
492 3773 791 3844 ἀνεγείρας
817 3777 943 3828 ναὸν
983 3763 1071 3830 ἐπ⁵
1111 3779 1337 3848 ὀνόματι
1369 3782 1463 3836 τοῦ
1498 3781 1652 3852 ἁγίου

128 3852 370 3924 Λαζάρου,
432 3865 800 3932 μετακομίζει
851 3867 907 3917 ἐν
973 3868 1124 3938 αὐτῷ
1171 3871 1231 3923 τὸ
1263 3871 1358 3923 τοῦ
1407 3873 1564 3937 ἁγίου
1596 3891 1655 3927 τε

125 3942 344 4014 λεί-ξεινον
371 3955 464 4006 καὶ
522 3955 624 4020 τῆς
681 3957 1051 4047 Λξαγδαληνῆς
1093 3963 1332 4032 Μαρίας.
1385 3966 1657 4036 Συνήθους

129 4041 460 4108 πρνεὶλεύσεως
486 4041 782 4118 γενομένης
817 4051 958 4105 κατὰ
1005 4052 1104 4124 τὴν
1132 4055 1342 4125 ἡμέραν
1370 4056 1468 4124 τῆς
1525 4057 1658 4111 Πεν-

122 4138 360 4206 ττ,κοστῆς
412 4143 469 4191 ἐν
502 4141 582 4210 τῷ
633 4143 789 4207 ἁγίου
821 4144 1046 4197 Μωκίου
1075 4146 1212 4216 ναῷ,
1274 4149 1478 4218 ἐπῆλθε
1520 4151 1658 4220 μετὰ

123 4227 314 4291 προόδου
349 4233 438 4283 καὶ
468 4234 620 4286 Λέων
652 4235 679 4286 ὁ
709 4235 961 4302 βασιλεύς
983 4254 997 4268 ·
1028 4238 1086 4290 ὲν
1110 4239 1166 4291 δὲ
1192 4239 1267 4309 τῷ
1299 4241 1512 4309 μέλλειν
1539 4245 1654 4299 εἰσ-

117 4315 292 4370 οδῖὺειν
335 4323 426 4376 καὶ
480 4323 712 4393 πλησίον
779 4326 1032 4392 γενέσθαι
1087 4327 1196 4381 τῶν
1255 4330 1426 4398 ἁγίων
1475 4332 1656 4401 θυρῶν

119 4406 373 4476 ἄν’]ρωπὸς
406 4430 488 4476 τις
528 4415 593 4466 ἐκ
643 4415 736 4466 τοῦ
768 4414 1022 4484 ἇμὸωνος
1052 4419 1451 4492 ὲκπεπηδηκὼς
1477 4425 1658 4499 ῥάϐδῳ

119 4500 285 4573 βαρείᾳ
307 4510 396 4560 καὶ
448 4509 648 4579 ἰσχυρᾷ
678 4510 814 4562 κατὰ
845 4511 1086 4581 κεφαλῆς
1116 4514 1278 4568 αὑτὸν
1311 4515 1526 4583 ἔπαισε,
1557 4519 1653 4572 καὶ

117 4591 428 4652 ἐθανάτωσεν
458 4599 524 4653 ἂν
555 4601 716 4655 αὐτὸν
742 4603 961 4671 αὐτίκα,
1021 4607 1070 4658 εἰ
1106 4605 1182 4677 μὴ
1236 4607 1299 4661 τὸ
1344 4610 1515 4681 ἄκρον
1553 4611 1655 4683 τῆς

116 4684 288 4752 ῥάϐδου
338 4691 415 4760 τῷ
444 4693 837 4763 ἁπῃωρημένῳ
872 4695 1050 4766 λύχνῳ
1102 4699 1200 4768 τῆς
1239 4701 1498 4770 ἡμισείας
1523 4704 1646 4761 ἀναει-

114 4778 260 4847 σχέθη
285 4784 474 4851 φορᾶς.
517 4784 769 4853 Αἵματος
800 4783 894 4838 οὖν
923 4787 1152 4858 σφοδροῦ
1188 4790 1286 4862 τῆς
1321 4793 1532 4855 ἐκείνου
1563 4810 1656 4848 κε-

113 4869 263 4939 φαλῆς
291 4876 772 4946 καταρῥεύσαντος
819 4879 964 4950 φυγὴ
1013 4880 1245 4954 κατέσχε
1302 4885 1426 4948 τοὺς
1463 4885 1655 4958 ἄρχον-

111 4973 212 5030 τας,
254 4963 388 5017 Ὀδὲ
453 4966 547 5018 τὸν
611 4966 839 5036 βασιλέα
892 4969 1104 5039 πλήξας
1159 4972 1521 5046 κατασχεθεὶς
1562 4976 1656 5030 καὶ

109 5051 286 5116 πολλὰς
316 5055 589 5124 βασάνους
616 5058 941 5127 ὑπομείνας,
981 5059 1056 5120 ὡς
1093 5061 1295 5132 μηδένα
1340 5061 1528 5132 ἔλεγεν
1574 5061 1655 5119 εῖ-

109 5155 183 5193 ναι
215 5143 309 5213 τῆς
367 5147 587 5215 τόλμης·
641 5150 853 5218 ἐκείνης
919 5151 1282 5220 συμμέτοχον,
1327 5153 1437 5211 κᾶν
1484 5157 1512 5208 ὁ
1558 5154 1654 5209 τοῦ

111 5229 352 5298 βασιλέως
421 5239 656 5308 ἁδελφὸς
723 5241 1078 5310 Ἀλέξανδρος
1165 5245 1242 5314 μὴ
1325 5247 1655 5317 παρατυχὼν

115 5321 272 5376 ἐκεῖσε
301 5327 387 5379 διὰ
432 5328 496 5381 τὸ
549 5331 691 5399 νόσῳ
761 5333 1088 5404 συσχεθῆναι
1148 5335 1404 5392 ὑπόνοιαν
1463 5338 1652 5405 ἔδωκε,

113 5417 258 5476 πόδας
291 5420 424 5487 ὁμοῦ
459 5423 554 5473 καὶ
582 5424 772 5492 χεῖρας
816 5425 1020 5484 ἐκεῖνος
1052 5428 1402 5497 ἐκτέμνεται,
1445 5431 1540 5486 καὶ
1586 5434 1652 5502 τῇ

109 5505 192 5557 τοῦ
223 5509 442 5565 ἱππικοῦ
483 5513 762 5594 Σφενδὸνη
805 5516 976 5583 πυρὸς
1011 5517 1173 5588 ἔργον
1229 5521 1463 5595 γίνεται,
1523 5524 1653 5594 Σχο-

109 5595 248 5654 λάζει
285 5607 589 5672 τηνικαῦτα
620 5607 714 5659 καὶ
739 5609 772 5678 ὴ
801 5607 1025 5680 τοιαύτη
1069 5611 1413 5680 προέλευσις,
1469 5617 1572 5668 κᾶν
1623 5617 1651 5670 ὁ

113 5690 406 5760 σοφώτατος
442 5699 681 5768 μοναχὸς
721 5700 944 5767 Μάρκος
987 5703 1082 5756 καὶ
1135 5704 1232 5770 τῆς
1277 5705 1532 5775 τοιαύτης
1563 5725 1657 5775 μο-

111 5779 194 5847 νῆς
216 5784 518 5857 οἰκονόμος,
550 5791 578 5842 ὁ
621 5791 714 5843 καὶ
741 5790 799 5842 τὸ
850 5789 1172 5862 τετραῲδιον
1223 5792 1514 5861 πληρώσας
1554 5799 1651 5849 τοῦ

1759 3236 1965 3290 fraudis
1991 3235 2160 3291 fuisse
2181 3235 2572 3291 machinatum.
2605 3235 2913 3305 lgitureum
2947 3235 3056 3290 Leo
3081 3236 3316 3306 primum

1758 3329 1810 3384 in
1842 3331 2091 3384 exsiliunt
2123 3330 2254 3401 agit,
2289 3328 2488 3384 deinde
2522 3329 2874 3384 contumeliis
2893 3327 3147 3383 affectum
3172 3329 3314 3393 aliis,

1760 3422 1973 3476 tandem
2005 3422 2180 3476 oculis
2205 3422 2420 3492 spoliat.
2452 3421 2668 3476 Exstitit
2697 3421 2766 3475 iis
2799 3421 3141 3491 temporibus
3166 3429 3316 3477 tanta

1758 3515 1888 3568 solis
1927 3515 2029 3568 sub
2061 3515 2249 3569 horam
2281 3514 2387 3570 dici
2417 3523 2624 3569 sextam
2654 3515 2896 3585 eclipsis,
2932 3525 2992 3569 ut
3017 3516 3132 3586 ip<a
3152 3515 3317 3570 etiam

1757 3606 1934 3660 sidera
1986 3607 2458 3675 conspicerentur.
2529 3606 2878 3662 Accedebant
2934 3607 3317 3662 violentissimi

1757 3707 2044 3750 ventorum
2077 3696 2258 3763 flatus,
2318 3696 2533 3767 fulgura
2593 3697 2942 3764 touitruaque
2993 3698 3148 3750 valde
3185 3697 3352 3750 hor-'

1759 3789 1946 3849 renda,
1988 3799 2042 3841 et
2071 3789 2315 3842 ardentia
2351 3788 2603 3850 fulmina,
2639 3787 2843 3858 quibus
2874 3787 2928 3839 in
2965 3787 3084 3841 foro
3109 3799 3339 3856 septem“

1757 3879 1860 3933 viri
1888 3879 2312 3932 suntcxstincti.
2369 3879 2636 3932 Caeterum
2691 3877 2824 3940 Leo,
2872 3891 2998 3934 cum
3055 3875 3333 3943 templum.

1756 3970 2111 4025 exstruxisset
2140 3971 2192 4022 in
2218 3969 2478 4023 honorem
2507 3967 2748 4024 nominis
2769 3967 2940 4028 sancti
2971 3965 3185 4030 Lazari,
3209 3977 3317 4020 tam

1757 4064 1930 4132 ipsius
1954 4078 2115 4130 quam
2148 4061 2326 4116 Mariae
2365 4061 2696 4130 Magdalenze
2742 4060 2998 4130 reliquias
3028 4073 3111 4118 eo
3141 4068 3321 4123 trans-

1761 4153 1905 4209 tulit.
1934 4154 2036 4210 Ubi
2069 4152 2263 4207 deiudc
2292 4154 2348 4206 in
2405 4153 2521 4222 ipso
2552 4151 2641 4206 die
2683 4151 3147 4221 quinquagesimae
3195 4163 3323 4219 pro»

1758 4262 1942 4302 cessus
1972 4247 2040 4301 de
2067 4261 2217 4300 more
2255 4245 2513 4314 publicus
2565 4243 2951 4302 institueretur
3021 4242 3088 4296 ad
3141 4241 3315 4296 sancti

1757 4342 1916 4396 Mocii
1944 4339 2154 4402 fanum,
2185 4341 2349 4393 etiam
2394 4340 2509 4408 ipse
2545 4339 2844 4407 imperator
2867 4353 2970 4397 una
3007 4353 3130 4399 cum
3159 4345 3320 4400 cane:

1760 4432 1836 4487 ris
1862 4431 2168 4486 incedebat.
2222 4431 2470 4500 Cumque
2524 4431 2799 4500 templum
2835 4418 3082 4500 jamjam,
3145 4429 3336 4488 sacris

1678 4506 1934 4595 I)januis
1963 4523 2197 4586 vicinus,
2229 4521 2438 4591 ingredi
2476 4523 2661 4585 vellet,
2704 4521 2926 4590 quidam
2967 4537 3032 4574 ex
3082 4521 3317 4583 amboue

1757 4614 1872 4669 sive
1897 4623 2150 4682 suggesto
2180 4611 2470 4681 prosiliens
2489 4611 2742 4680 gravioac
2769 4611 2947 4668 valida
2977 4612 3128 4673 clava
3154 4622 3318 4680 caput

1755 4705 1872 4776 ejus
1901 4704 2250 4769 verberavit;
2288 4702 2538 4772 adeoque
2570 4703 2754 4762 subito
2788 4703 2976 4771 ipsum,
3011 4702 3318 4764 interfecis-

1757 4805 1862 4860 set,
1897 4798 1950 4852 ni
1982 4812 2107 4868 pars
2128 4805 2371 4852 extrema
2407 4796 2574 4854 clava:
2609 4796 2665 4855 in
2694 4795 3320 4863 susncnsumcandela.

1757 4888 1918 4944 brum
1953 4889 2185 4958 impacta
2213 4888 2299 4948 vel
2327 4886 2608 4942 dimidiam
2635 4888 2869 4956 impetus
2891 4886 3006 4950 vim
3023 4887 3316 4942 amisisset.

1756 4981 1894 5035 Tum
1926 4981 1991 5037 de
2021 4981 2222 5036 Leonis
2247 4981 2426 5049 capite
2454 4978 2727 5049 profluere
2767 4977 2992 5048 sanguis
3012 5033 3015 5037 ,
3038 4979 3315 5048 cepiosus,

1754 5084 1811 5130 et
1839 5075 1940 5129 viri
1978 5075 2256 5144 principes
2297 5075 2352 5131 in
2385 5073 2725 5142 fuganrsese
2755 5071 3055 5143 conjicere.
3101 5069 3204 5137 Qui
3231 5086 3320 5125 ce-

1755 5165 1966 5221 ciderat
1989 5166 2402 5235 imperatorem,
2429 5155 2635 5232 captus
2689 5172 2811 5226 est,
2855 5162 3154 5233 multisque
3206 5172 3319 5236 tor-

1757 5256 1957 5311 mentis
1985 5256 2292 5326 subjectus,
2346 5270 2488 5315 cutn.
2523 5253 2784 5317 facinoris
2834 5253 2980 5309 illius
3013 5255 3224 5310 nullum
3258 5268 3318 5307 se

1757 5345 1957 5399 habere
1980 5346 2188 5399 socium
2242 5344 2633 5412 profiteretur,
2671 5358 2984 5414 quanquam
3017 5342 3186 5396 frater
3218 5342 3320 5395 im-

1755 5437 2022 5504 peratoris
2050 5434 2389 5498 Alexander,
2429 5433 2524 5511 qui
2553 5433 2653 5491 sub
2698 5433 2874 5487 morbi
2908 5441 3170 5502 praetextu
3203 5446 3314 5486 non

1755 5527 1962 5589 aderat,
2024 5525 2316 5598 quamdam
2355 5523 2423 5581 de
2481 5539 2541 5580 se
2596 5524 2959 5595 suspicionem
3025 5521 3313 5594 praeberet,

1757 5615 1982 5669 tandem
2028 5616 2278 5670 manibus
2339 5631 2403 5672 ac.
2440 5615 2675 5686 pedibus
2731 5613 3030 5684 amputatis
3067 5613 3122 5666 in
3177 5612 3314 5666 circi

1758 5707 1944 5765 Funda
1977 5717 2274 5766 crematur.
2329 5707 2406 5762 Eo
2442 5716 2687 5776 tempore
2715 5704 2880 5757 desiit
2929 5713 2985 5757 et
3018 5717 3314 5771 processus

1758 5798 1880 5863 iste,
1908 5813 2214 5869 quanquam
2244 5798 2345 5853 hoc
2373 5796 2593 5851 nomine
2638 5792 3019 5848 sanctissimus
3053 5792 3141 5846 ille
3171 5791 3313 5848 him
