3798 6230
123 275 210 336 E69

1301 260 1701 322 ANNALIUM
1750 259 1939 320 PARS
1977 259 2082 322 ιν.

3207 261 3312 324 δῖα

123 393 227 440 idem
282 382 450 452 Ιωσὴφ
498 381 681 434 πίπτει
731 379 879 449 παρὰ
920 377 1044 444 τοὺς
1075 378 1240 441 πόδας
1271 376 1437 432 αὑτοῦ
1471 379 1650 448 λέγων

1773 376 1900 432 lium
1926 393 2054 445 erga
2093 377 2457 448 imperatores
2491 378 2594 434 sibi
2631 377 2700 434 ab
2728 377 2832 435 hoc
2866 377 3118 435 instituto
3161 397 3319 433 revo-

117 479 178 539 ὡς
205 475 295 527 οὑκ
328 475 387 528 ἄν
418 489 539 526 ποτε
576 472 886 526 πιστεύσειὲ
927 489 1033 524 τινι
1064 473 1184 524 κατ’
1215 470 1378 523 αὑτοῦ
1411 469 1643 542 λέγοντι.

122 569 336 634 ’ίεζξεισιν
369 561 457 618 οῦν
501 566 708 619 ἐκεῖθεν
739 568 766 621 6
792 567 1011 631 Φωκᾶς.
1065 567 1175 618 Καὶ
1224 564 1528 633 τηνικαῦτα
1557 566 1649 618 τὸν

127 659 307 729 Ἰωσὴφ
341 659 636 729 μετάμελος
677 649 1062 728 ,ἑσχηκεν,’ὃτι
1110 657 1172 709 τὸ
1224 657 1446 728 θήραμα
1499 659 1648 736 ἐντος

117 754 238 820 ἔχων
297 750 506 816 ἀρκύων
563 750 833 804 ἀπώλεσε.
879 751 1086 818 Γράφει
1144 748 1328 800 λοιπὸν
1386 749 1519 819 πρὸς
1559 749 1649 802 τὸν

119 843 396 912 Ἰζιμισχῆν
421 843 693 910 Ίωςὶννην,
727 843 1029 912 στρατηγὸν
1059 841 1358 910 τηνικαῦτα
1391 844 1497 894 τῶν
1524 843 1650 894 ἁνα-

119 935 270 990 τολῶν
323 935 664 1006 ὑπάρχοντα,
716 935 883 1002 ἄνδρα
939 934 1160 1005 θυμώδη
1199 935 1290 986 καὶ
1326 935 1651 1005 δραστήριον

121 1031 202 1083 καὶ
231 1031 358 1098 μετὰ
385 1028 469 1079 τὸν
503 1029 700 1080 Φωκᾶν
751 1028 808 1078 ὲν
854 1029 1176 1095 στρατηγοῖς
1229 1027 1648 1096 ἐπισημότατον.

129 1120 337 1189 ὐμοίως
372 1119 421 1172 δὲ
457 1119 550 1172 καὶ
574 1122 710 1186 πρός
741 1117 958 1188 ἐτέρους
986 1115 1247 1187 ἔγραψεν,
1282 1116 1356 1177 ὡς
1389 1117 1506 1182 εἴγε
1538 1116 1652 1169 δια-

121 1212 393 1274 ναστάντες
451 1211 538 1263 τὸν
593 1210 788 1262 Φωκᾶν
846 1208 1244 1277 καθαιρήσουσι
1293 1207 1385 1260 καὶ
1424 1206 1653 1276 μοναχὸν

120 1302 466 1372 ἀποκείρουσι,
507 1300 598 1352 τὸν
633 1299 732 1368 μὲν
763 1300 1016 1365 Ἰωάννην
1045 1297 1362 1366 δομέστικον
1394 1297 1491 1366 τῆς
1520 1298 1655 1351 ἁνα-

121 1395 280 1460 τολῆς,
336 1393 362 1444 6
414 1391 468 1444 δὲ
527 1387 684 1453 αζθίς
729 1407 847 1442 τινα
900 1389 1258 1458 προδαλεῖται
1299 1389 1396 1456 τῆς
1427 1387 1652 1449 δύσεως.

132 1486 270 1538 Ἀλλὰ
302 1485 499 1547 πάντες
530 1483 678 1536 οὗτοι
709 1482 970 1552 axe-cutio;
1017 1482 1230 1551 ἔχοντες
1272 1482 1405 1550 πρὸς
1440 1481 1529 1534 τὸν
1561 1480 1655 1532 Νι-

122 1578 335 1647 κηφόρον
389 1575 830 1630 ὑποδεικνύουσιν
874 1572 1023 1643 αῦτῷ
1075 1573 1142 1625 τὰ
1193 1577 1499 1642 γραμματα
1562 1571 1657 1624 καὶ

126 1667 446 1736 διεγερθῆναι
480 1668 613 1734 πρὸς
649 1666 820 1734 ἀλκὴν
851 1663 1256 1716 ἀναπείθουσιν.
1297 1664 1521 1714 Ἕκτοτε
1549 1661 1658 1713 λοι-

1750 479 1874 524 cato
1905 471 2053 525 aliud
2096 471 2377 527 suasisset.
2421 472 2647 543 Briugas
2680 473 2805 541 (hoc
2834 473 3076 544 Joscpho
3113 491 3332 546 cogno-_

1751 577 1875 616 men
1911 564 2049 632 erat)
2103 563 2194 617 ubi
2226 563 2598 632 Nicephorum
2631 565 2734 618 hoc
2764 566 2927 619 modo
2959 567 3213 624 indutum
3240 574 3321 624 vi-

1750 655 1942 719 disset,
1974 654 2038 708 ad
2069 655 2236 724 pedes
2265 655 2439 724 ipsius
2464 655 2785 723 provolutus
2817 673 3094 729 nunquam
3123 676 3180 714 se
3205 665 3327 718 cui-

1751 761 1914 816 quam
1944 746 2122 816 ipsum
2155 745 2446 800 accusandi
2481 746 2639 800 tidem
2676 747 2992 805 habiturum
3016 753 3170 810 dixit.
3210 755 3322 812 llae

1754 836 1963 891 ratiOne
1997 838 2180 891 salvus
2211 836 2336 890 inde
2382 834 2591 889 Pbocas
2627 834 2906 904 digressus
2938 851 3021 894 est
3043 882 3056 904 ,
3089 858 3323 913 moxque

1752 928 2048 998 Josepbum
2080 927 2206 982 facti
2241 930 2325 982 sui
2375 928 2641 996 paenitere
2679 929 2867 996 ccepit.
2900 933 3045 998 quod
3085 936 3321 1002 praedam

1755 1018 1809 1072 in
1849 1019 1961 1088 ipsa
1993 1019 2226 1073 delatam
2281 1018 2420 1072 retia
2467 1027 2574 1072 tam
2628 1021 2969 1089 negligenter
3025 1024 3322 1079 amisisset.

1753 1108 2097 1179 Quapropter
2119 1109 2185 1162 ad
2213 1105 2479 1163 Joannem
2502 1109 2835 1165 Zimischem
2863 1112 3107 1166 Orientis
3131 1115 3324 1168 ducem

1753 1203 1808 1256 id
1845 1201 2127 1270 temporis,
2153 1200 2428 1255 hominem
2457 1203 2764 1256 animosum
2796 1219 2859 1258 ac
2883 1204 3050 1259 rebus
3073 1207 3328 1275 gerendis

1755 1295 2012 1350 idoneum
2041 1307 2272 1365 postque
2297 1295 2534 1349 Phocam
2573 1295 2718 1349 inter
2749 1295 2918 1352 duces
2949 1309 3176 1354 Caeteros
3207 1299 3331 1353 illu-

1756 1390 2084 1443 strissimum
2111 1427 2126 1452 ,
2160 1397 2215 1440 et
2263 1386 2330 1439 ad
2376 1386 2514 1441 alios
2560 1385 2746 1441 itidem
2786 1390 3104 1457 perscriptis
3135 1390 3334 1443 litteris

1757 1482 2000 1535 futurum
2034 1480 2234 1535 indicat
2263 1490 2322 1533 ut
2354 1479 2399 1533 si
2431 1479 2773 1534 discessione
2794 1496 2822 1534 a
2850 1481 3160 1550 Nicephoro
3194 1482 3332 1536 facta

1758 1590 1881 1628 eum
1918 1573 2035 1628 loco
2083 1589 2182 1627 suo
2232 1572 2536 1640 dejicerent
2566 1572 2802 1642 vitaeque
2841 1573 3104 1627 solitaria:
3146 1590 3328 1626 rasum

1760 1665 2116 1729 addicerent,
2153 1664 2459 1719 Zimisches
2494 1681 2693 1720 munus
2747 1665 3035 1720 domestici
3085 1666 3326 1721 Orientis

125 1762 208 1812 πὺν
237 1760 338 1810 ὑπὸ
371 1759 478 1810 τῶν
524 1759 620 1826 τῆς
651 1756 915 1824 ἀνατολῆς
947 1755 1376 1826 στρατευμάτων
1404 1755 1659 1808 ἁπάντων

1773 1756 2062 1825 acciperet,
2090 1771 2364 1825 quemque
2401 1755 2562 1811 vellet
2602 1756 2739 1825 ipse,
2771 1756 3130 1810 domesticum
3171 1756 3333 1811 Occi-

125 1853 628 1924 παρακεκινημένων
659 1851 764 1904 ὑπὸ
804 1849 897 1903 τοῦ
929 1849 1202 1918 ἰ’ζιμισχῆ
1247 1845 1501 1916 βασιλεὺς
1534 1850 1664 1901 ἀνα-

124 1945 383 2015 γορεύεται
428 1945 457 1996 6
483 1943 698 2008 Φωκᾶς,
734 1941 909 2013 ἔρωτα
948 1941 1009 2010 δὴ
1046 1941 1140 1993 καὶ
1184 1940 1349 1992 πάλαι
1382 1941 1477 2008 τῆς
1509 1937 1663 2004 βασι-

124 2038 250 2101 λείας
303 2037 442 2108 ἔχων
507 2036 741 2106 μάλιστα
795 2034 892 2106 τῆς
967 2033 1284 2104 βασιλίσσης
1334 2027 1660 2098 Θεοφανοῦς.

128 2131 359 2198 Ἔρχεται
389 2125 485 2180 οὖν
513 2125 686 2188 οὕτως
713 2124 853 2196 ἔχων
885 2124 1018 2194 πρὸς
1066 2122 1434 2194 Χρυσόπολιν,
1475 2121 1662 2173 κὰκεῖο

127 2219 204 2270 θεν
224 2215 636 2286 διαπεραιοῦται
671 2215 805 2283 πρὸς
836 2215 895 2266 τὸ
917 2213 1209 2282 Ἐὁδομον,
1236 2211 1328 2265 καὶ
1361 2211 1499 2280 μετὰ
1533 2225 1666 2261 παν-

124 2313 199 2372 τὸς
226 2309 311 2362 τοῦ
342 2309 473 2361 λαοῦ
505 2308 592 2360 διὰ
639 2307 736 2376 τῆς
769 2305 994 2375 Χρυσῆς
1029 2308 1238 2375 πόρτης
1274 2303 1409 2373 προς
1445 2301 1539 2372 τὴν
1571 2302 1663 2352 ὲκ-

127 2400 327 2470 κλησίαν
358 2400 693 2468 εἰσέρχεται,
733 2397 826 2449 καὶ
880 2397 1031 2466 παρὰ
1067 2394 1162 2448 τοῦ
1218 2393 1554 2446 Πολυεύκτου
1590 2391 1665 2462 τῷ

130 2493 390 2563 διαδήματι
428 2494 707 2560 στέφεται,
736 2490 827 2541 καὶ
861 2491 1052 2559 κρατεῖ
1086 2488 1182 2556 ἔτη
1230 2493 1304 2550 ς’.
1338 2487 1449 2555 Τὴν
1483 2486 1665 2554 μέντοι

131 2583 355 2651 Θεοιέανὼ
382 2583 577 2659 πρῶτα
614 2583 712 2648 μὲν
744 2580 852 2632 τῶν
879 2579 1174 2649 βασιλικῶν
1220 2579 1450 2643 κατάγει
1496 2579 1524 2629 6
1555 2579 1668 2630 Φω-

130 2681 212 2739 κᾶς
260 2679 345 2729 καὶ
391 2676 670 2747 ἐξόριστον
703 2675 940 2742 τίθησιν,
974 2672 1162 2742 ὥσπερ
1188 2671 1250 2735 δὴ
1282 2673 1379 2724 καὶ
1421 2672 1514 2724 τὸν
1556 2671 1666 2724 Ἰω-

132 2766 244 2834 σὴφ,
272 2769 355 2819 τὴν
382 2767 444 2818 δὲ
486 2765 698 2834 πατέρα
733 2763 897 2816 αὑτοῦ
937 2761 1338 2832 προχειρίζεται
1389 2761 1666 2832 Καίσαρα.

133 2857 266 2908 Μετά
291 2858 340 2910 δὲ
368 2859 549 2910 ταῦτα
585 2857 645 2907 τὸ
680 2857 1023 2923 προσωπεῖον
1051 2856 1142 2904 καὶ
1174 2853 1272 2922 τὴν
1301 2856 1504 2923 σκηνὴν
1531 2855 1670 2906 ἁπο-

134 2950 334 3016 θέμενος
387 2951 589 3015 ἄγεται
657 2947 885 3014 νόμιμον
945 2946 1179 3012 γυναῖκα
1236 2945 1334 3010 τὴν
1387 2945 1668 3011 Θεοφανώ.

130 3040 241 3090 τότε
270 3041 326 3108 δὴ
355 3040 451 3091 καὶ
494 3035 673 3106 κρεῶν
700 3035 1063 3100 ἀπεγεύσατο,
1101 3033 1362 3102 πρότερον
1396 3023 1679 3100 ἀπεχόμε-’

131 3147 203 3193 νος
232 3131 624 3198 κρεωδαισέας-,
658 3127 716 3192 ἐξ
757 3130 878 3180 ὅτου
924 3126 1123 3192 Βάρδος
1157 3127 1184 3176 6
1219 3126 1280 3176 ἐκ
1334 3125 1432 3193 τῆς
1475 3125 1672 3195 προτέ-

127 3237 211 3287 ρας
259 3219 418 3272 αὑτοῦ
479 3218 722 3286 γαμετῆς
755 3215 1072 3284 ἁποτεχθεὶς
1123 3215 1256 3276 υίὸς,
1304 3213 1673 3284 ἱππαζόμενος

127 3315 175 3362 ἐν
209 3313 280 3382 τῷ
309 3314 403 3364 πεό
429 3329 477 3378 ῳ
515 3311 610 3363 καὶ
644 3310 721 3376 τῷ
769 3308 950 3376 οἰκείῳ
984 3307 1337 3375 προσπαίζων
1370 3307 1568 3375 ἀνεψιῴ
1600 3310 1674 3375 τῷ

130 3405 322 3474 Hisdem
352 3443 367 3467 ,
403 3406 547 3474 μετὰ
599 3403 818 3471 δῦρατος
856 3399 1072 3468 βληθεὶς
1120 3400 1387 3459 ἁκουσξως
1421 3403 1671 3468 τεθνηκε.

127 3497 218 3550 Τοῦ
247 3504 418 3568 γάμου
473 3496 529 3547 δὲ
573 3494 920 3554 τελεσθέντος
950 3496 1006 3543 ὲν
1045 3496 1112 3562 τῇ
1148 3499 1289 3544 κατα
1331 3491 1388 3542 τὸ
1418 3493 1676 3544 παλατιον

126 3607 209 3658 νεα
238 3588 526 3661 ἐκκλησίᾳ,
576 3587 808 3655 ἐπείπερ
841 3584 1066 3653 ἔμελλεν
1095 3586 1296 3645 εἷσοδο,
1343 3587 1399 3636 ὲν
1454 3585 1529 3652 τῷ
1581 3585 1676 3636 θυ-

128 3686 407 3752 σιαστηρέῳ
439 3679 720 3746 γενέσθαι,
771 3678 869 3746 τῆς
924 3677 1103 3746 χειρὸς
1157 3680 1402 3746 κατέχων
1453 3677 1611 3728 αὑτὸν
1646 3679 1673 3727 6

128 3773 451 3834 Πολύευκτος
520 3771 616 3822 καὶ
687 3773 805 3832 ταῖς
858 3769 1026 3839 ἱεραῖς
1079 3767 1353 3837 ἐγκύρσας
1403 3768 1675 3836 κ;γκῖι;σιν

123 3866 301 3916 εἴσεισι
358 3867 461 3934 μὲν
513 3865 719 3922 ἐκεῖνος
785 3863 862 3922 είς
917 3865 983 3911 τα
1045 3862 1234 3924 ἄδυτα,
1277 3863 1364 3911 τὸν
1397 3861 1450 3910 δὲ
1483 3861 1676 3911 Φωκᾶν

123 3958 329 4010 ὄπισθεν
363 3957 562 4020 ἐξωθεῖ
598 3952 840 4006 ἐπειπὼν
877 3956 958 4005 ὅτι
1005 3953 1116 4004 Οὐκ
1160 3952 1332 4015 ἒξεστί
1382 3969 1460 4004 σοι
1503 3954 1678 4004 εἰσελ-

125 4051 244 4111 θεῖν,
272 4051 317 4101 εί
343 4051 421 4119 μὴ
456 4051 709 4116 ἐπιτίμια
754 4045 882 4117 δέξῃ
914 4045 1465 4115 δευτερογαμοῦντος.
1505 4045 1677 4098 Διεδξ-

122 4141 228 4193 ὃοτο
257 4143 310 4194 δὲ
344 4143 440 4194 καὶ
475 4142 626 4208 λόγος
663 4138 996 4208 ἁπανταχοῦ,
1031 4139 1088 4200 ὃς
1143 4142 1203 4190 οὐ
1256 4138 1468 4208 μικρῶς
1500 4139 1679 4192 Grnd-

124 4232 258 4302 ραξει
289 4234 388 4304 τὴν
422 4232 772 4300 Ἐκκλησίαν,
807 4232 1000 4301 ὅτιπερ
1031 4232 1058 4283 6
1091 4231 1401 4300 Νικηφόρος
1453 4233 1557 4283 ἀπὸ
1582 4233 1676 4284 τοῦ

123 4327 266 4392 ἁγίου
296 4329 676 4396 βαπτίσματος
710 4324 966 4393 ἀνάδοχος
1018 4324 1238 4390 ἐγένετο
1273 4326 1379 4375 τὼν
1422 4325 1518 4393 τῆς
1550 4325 1677 4376 Θεο-

1770 1847 1949 1902 dentis
1976 1849 2355 1902 constitueret.
2389 1848 2581 1902 Verum
2615 1847 2667 1900 hi
2697 1863 2888 1902 omnes
2911 1864 3039 1918 erga
3065 1847 3336 1917 Nicepho-

1770 1955 1888 1993 rum
1917 1939 2182 1993 benevole
2227 1938 2408 1993 affecti
2445 1939 2654 1994 litteras
2685 1941 2734 1994 ei
2785 1937 3004 2010 Joscphi
3052 1956 3335 1995 common-

1771 2039 1948 2086 strant
1979 2068 1996 2094 ,
2032 2039 2200 2102 utque
2224 2045 2280 2086 se
2311 2030 2377 2084 ad
2412 2030 2784 2086 defensionem
2815 2033 2997 2087 animo
3031 2033 3155 2088 forti
3189 2049 3337 2090 cum-

1770 2131 1927 2194 paret
1950 2123 2262 2178 hortantur.
2295 2123 2409 2178 Hoc
2451 2123 2610 2178 modo
2635 2139 2733 2194 per
2783 2123 3022 2179 Orientis
3061 2127 3336 2182 exercitus

1771 2215 1984 2272 Phocas
2013 2217 2312 2286 imperator
2355 2218 2722 2282 renuntiatur,
2771 2217 3103 2288 jampridem
3145 2235 3334 2274 amore

1771 2315 1881 2360 tam
1937 2306 2150 2376 imperii
2178 2321 2340 2375 quam
2373 2306 2797 2375 TbeOphanonis
2842 2309 3204 2378 impcratricis
3237 2327 3335 2378 po-

1775 2398 1977 2454 tiunda:
2004 2399 2255 2469 flagrans.
2285 2398 2490 2454 Deinde
2519 2414 2645 2455 cum
2674 2403 2851 2470 copiis
2875 2403 3252 2473 Chrysopolim
3278 2419 3336 2458 se

1773 2488 2022 2552 confert,
2067 2488 2392 2559 Ctirysopoli
2445 2503 2638 2546 versus
2709 2491 3046 2545 Hebdomum
3107 2493 3331 2560 trajicit.

1775 2590 1829 2635 ct
1873 2579 2129 2634 universo
2168 2595 2294 2634 cum
2342 2580 2542 2650 p0pulo
2590 2596 2688 2650 per
2727 2582 2960 2637 Auream
3006 2593 3217 2651 portae:
3265 2584 3333 2637 ad

1773 2672 2060 2726 ecclesiam
2086 2672 2282 2742 pergit,
2307 2671 2494 2741 ibique
2526 2687 2556 2726 a
2578 2673 2872 2743 Polyeucto
2889 2675 3192 2739 diademate
3214 2675 3335 2730 cin-

1775 2765 1941 2836 gitur.
1987 2765 2224 2832 lmperio
2264 2780 2359 2820 sex
2392 2765 2556 2821 annis
2584 2766 2822 2835 praefuit.
2855 2769 3016 2822 initio
3049 2769 3341 2840 Thcopha-

1777 2873 1975 2912 nonem
2007 2859 2234 2928 ejectam
2259 2873 2289 2913 e
2319 2858 2464 2927 regia
2493 2859 2672 2913 solum
2702 2870 2914 2916 vertere
2931 2862 3117 2931 jussit,
3149 2865 3338 2918 eadem

1778 2965 1939 3019 paena
1986 2949 2226 3018 Josepho
2271 2950 2540 3015 multato;
2598 2951 2869 3020 simulque
2922 2963 3128 3021 patrem
3180 2971 3340 3008 suum

1777 3041 2041 3096 Caesarem
2079 3040 2308 3096 creavit.
2357 3041 2559 3096 Deinde
2589 3041 2736 3095 larva
2783 3057 3056 3112 sccnaque
3088 3047 3341 3114 deposita

1779 3133 2241 3202 Theophanonem
2277 3133 2519 3202 legitimo
2562 3133 2666 3188 sibi
2699 3135 3050 3190 matrimonio
3099 3139 3342 3206 copulat,

1775 3234 1832 3280 et
1861 3225 2120 3280 carnibus
2149 3239 2365 3279 rursum
2394 3225 2651 3288 vescitur,
2688 3241 2717 3278 a
2743 3227 2946 3295 quibus
2976 3227 3340 3289 abstinuerat,

1775 3333 1841 3372 ex
1874 3333 1983 3388 quo
2016 3317 2215 3372 Bardas
2247 3318 2418 3387 ipsius
2449 3333 2515 3370 ex
2545 3318 2772 3388 conjuge
2801 3319 2982 3386 priore
3015 3319 3176 3382 ﬁlius,
3209 3337 3345 3390 quo-

1776 3409 1899 3462 dam
1941 3409 1994 3463 in
2046 3425 2238 3478 campo
2281 3410 2628 3480 equestribus
2669 3411 2915 3466 intentus
2951 3413 3232 3466 exercitiis
3287 3424 3340 3466 ct

1777 3518 1899 3556 cum
1933 3518 2029 3556 suo
2065 3503 2394 3556 consobrino
2427 3504 2638 3567 Plcusa,
2669 3503 2883 3565 ludens,
2931 3504 3083 3559 hasta
3123 3506 3265 3560 ictus
3307 3523 3338 3560 ιι

1779 3595 1994 3648 nolente
2024 3596 2282 3662 perierat.
2321 3594 2559 3649 Peractis
2593 3596 2808 3672 nuptiis,
2832 3596 2882 3648 in
2918 3612 3059 3648 novo
3089 3598 3154 3650 ad
3189 3599 3344 3665 pit..-

1780 3685 1913 3738 tium
1949 3685 2110 3756 306
2142 3685 2364 3754 templo,
2411 3702 2535 3740 cum
2581 3687 2636 3740 in
2680 3689 3054 3742 sanctuarium
3088 3703 3229 3744 esset
3259 3692 3343 3743 in-

1780 3776 2054 3836 trandunt,
2100 3793 2264 3830 manu
2299 3777 2532 3831 Phocam
2564 3787 2755 3833 tenens
2794 3779 3140 3847 Polyeuctus,
3178 3789 3236 3833 ut
3273 3786 3342 3833 ad

1779 3884 1962 3922 sacros
2009 3870 2283 3923 cancellos
2335 3880 2663 3933 accesserat,
2711 3870 2826 3938 ipse
2875 3873 2930 3924 in
2983 3871 3202 3942 adytum
3257 3873 3342 3925 in-

1781 3961 1954 4023 troiit,
1994 3961 2319 4031 repulsoque
2351 3961 2680 4032 imperatore
2734 3963 2872 4016 dixit
2919 3978 3030 4017 non
3070 3965 3345 4018 intromis-

1779 4065 1897 4106 sum
1935 4050 2002 4104 iri
2053 4053 2204 4120 prius
2241 4067 2404 4121 quam
2445 4067 2634 4120 ptenas
2667 4053 3113 4121 progredientum
3147 4053 3214 4108 ad
3260 4070 3350 4109 se-

1779 4141 1985 4195 cundas
2011 4143 2228 4212 nup‘tias
2261 4144 2478 4199 luisset.
2510 4144 2781 4198 Praeterea
2831 4145 3039 4200 diditus
3073 4155 3198 4213 erat.
3223 4164 3349 4216 pas-

1780 4234 1883 4288 sim
1915 4249 2127 4300 rumor,
2163 4235 2254 4304 qui
2293 4251 2402 4314 nqn
2429 4236 2654 4305 exiguas
2681 4237 2732 4290 in
2762 4236 3006 4292 Ecclesia
3044 4239 3230 4293 turbas
3255 4238 3346 4296 de-

1737 4374 1743 4380 .
1781 4326 1898 4389 dit,
1933 4341 2100 4380 unum
2135 4326 2390 4380 videlicet
2415 4342 2481 4382 ex
2508 4327 2934 4398 Theophanonis
2962 4329 3148 4383 liberis
3182 4330 3371 4384 fuiss:.

123 4418 306 4484 φανοῦς
353 4420 475 4481 ἑνὸς
529 4418 765 4470 παιδίου.
812 4415 976 4468 Ταῦτ’
1006 4416 1111 4484 ἄρα
1143 4417 1236 4466 καὶ
1262 4417 1289 4467 ὁ
1329 4419 1667 4486 πατριάρχης

1780 4437 1809 4474 a
1836 4421 2144 4489 Nicephoro
2184 4421 2252 4474 de
2282 4435 2437 4474 sacro
2483 4420 2757 4489 baptismo
2799 4430 3139 4490 susceptum.
3169 4423 3348 4490 Atque

122 4511 204 4561 ἐπὶ
253 4511 417 4561 πλέον
472 4510 770 4562 ἀνέτεινεν.
822 4505 944 4559 Ἔτι
994 4507 1050 4559 δὲ
1110 4506 1544 4576 ἀναδαὶλὸμειον
1583 4510 1676 4560 τὸν

125 4602 454 4654 Πολύευκτον
493 4601 825 4669 κοινωνῆσαι
859 4599 934 4668 τῷ
969 4598 1180 4669 βασιλεῖ
1216 4603 1243 4651 6
1272 4601 1485 4669 Καῖσαρ
1511 4602 1679 4669 ἐπλη-

124 4695 439 4764 ροφόρησεν.
479 4695 640 4748 Ἀλλὰ
670 4695 764 4746 καὶ
806 4693 1094 4754 Στυλιανδς
1123 4693 1149 4746 6
1182 4697 1553 4761 πρωτοπαττᾶς
1585 4696 1676 4748 τοῦ

125 4784 350 4848 μεγάλου
401 4783 686 4845 παλατὶου,
747 4778 841 4848 ἀφ’
893 4775 953 4833 οὗ
1002 4780 1094 4832 καὶ
1139 4781 1340 4847 μᾶλλον
1380 4784 1410 4852 ἡ
1457 4784 1676 4852 τοιαύτη

121 4880 266 4943 φήμη
302 4877 572 4946 κατέσχεν
613 4875 876 4939 ἅπαντας,
909 4873 976 4926 δι’
999 4874 1180 4944 ὅρκων
1223 4874 1539 4926 ἐϐεϐαιοῦτο
1574 4891 1680 4942 μη·-

118 4963 200 5015 δὲν
228 4984 282 5018 τι
319 4968 564 5020 τοιοῦτον
603 4967 974 5034 ἐπισυμϐῆναι
1027 4966 1104 5036 τῷ
1137 4966 1336 5035 ⁸Φωκξί.
1394 4967 1453 5016 'U
1491 4969 1677 5035 μέντοι

121 5057 493 5122 Πολύευκτος,
531 5059 736 5128 καίπερ
791 5059 1044 5125 φανερῶς
1104 5057 1472 5129 ἐπιορκοῦντα
1525 5056 1678 5118 εἰδὼς

119 5149 203 5200 τὸν
249 5151 564 5216 Στυλιανὸν,
601 5153 663 5205 τὸ
710 5150 811 5220 τῆς
849 5149 1167 5212 συντεκνίας
1198 5150 1446 5218 ἔγκλημα
1481 5166 1680 5214 συγκε-

119 5243 358 5314 χώρηκε,
393 5245 490 5298 καὶ
546 5246 574 5297 6
621 5244 791 5298 πάλαι
837 5236 1188 5312 ἐνιστάμενος
1247 5242 1678 5311 δευτερογαμέας

121 5339 366 5407 ἐπιτίμια
396 5339 568 5391 θεῖναι
599 5340 693 5390 καὶ
736 5335 796 5390 τὸ
831 5335 972 5406 μέγα
1015 5333 1172 5387 τοῦτο
1221 5335 1467 5405 παρῆκεν
1503 5334 1680 5403 ἁμάρ-

121 5444 286 5500 τημαο

201 5609 258 5664 '0
309 5613 494 5681 μέντοι
529 5613 722 5674 direxti;
783 5610 879 5665 καὶ
930 5609 1226 5682 βασιλεύων
1286 5609 1425 5662 κατᾶ
1482 5607 1678 5678 Συρίας

120 5698 280 5774 ὁρμᾷ.
307 5709 405 5760 καὶ
451 5707 627 5768 πόλεις
663 5705 860 5769 πολλὰς
907 5705 1292 5774 καταστρέψας
1329 5703 1534 5755 ἐκεῖθεν
1578 5703 1678 5753 ὑπ-

1779 4510 1894 4564 haec
1920 4510 2037 4579 ipsa
2063 4525 2170 4577 non
2205 4509 2492 4564 dubitabat
2522 4509 2857 4578 amplificare
2882 4512 3216 4580 patriarcha.
3248 4513 3352 4570 vc-

1779 4600 2459 4670 rumCmsarl’olyeuctum
2487 4602 2942 4670 tergiversantem
2969 4610 3025 4655 et
3047 4617 3136 4657 res
3163 4619 3352 4658 sacras

1777 4710 1900 4748 cum
1945 4693 2275 4763 imperatore
2311 4707 2633 4747 communes
2660 4691 2864 4746 habere
2905 4705 3253 4760 recusantem
3280 4695 3352 4748 de

1779 4799 1838 4838 re
1861 4793 1976 4838 tota
2003 4784 2301 4838 certiorem
2331 4783 2592 4837 reddidit.
2622 4781 2904 4853 Stylianus
2929 4800 3145 4853 quoque
3174 4790 3349 4855 magni

1778 4877 1963 4948 palatii
2005 4891 2140 4946 papa
2179 4875 2459 4946 princeps,
2491 4891 2522 4929 a
2564 4891 2673 4944 quo
2700 4889 2987 4930 emanasse
3017 4893 3208 4931 rumor
3245 4879 3351 4931 iste

1780 4969 2057 5023 ferebatur
2073 4969 2138 5021 ad
2166 4982 2375 5028 omnes,
2395 4965 2754 5036 jurejurando
2782 4967 3028 5034 praastito
3059 4969 3351 5021 conlirma-

1777 5059 1872 5114 bat
1900 5059 2032 5111 nihil
2059 5059 2324 5129 ejusmodi
2349 5059 2584 5112 Phocam
2604 5056 2820 5114 fecisse.
2844 5057 3171 5129 Polyeuctus
3191 5074 3346 5128 ergo,

1779 5166 2093 5221 quanquam
2125 5151 2370 5220 pejerare
2411 5149 2717 5221 Stylianum
2753 5161 2907 5206 certo
2947 5165 3012 5205 ac
3057 5151 3350 5204 manifesto

1780 5244 1964 5308 sciret,
2003 5242 2476 5312 compaternitatis
2524 5244 2840 5312 imperatori
2885 5243 3102 5312 culpam
3135 5242 3343 5297 condo-

1780 5335 1960 5400 navit;
1997 5343 2053 5388 et
2093 5332 2188 5402 qui
2225 5342 2351 5387 ante
2388 5333 2616 5405 urgebat
2645 5343 2703 5389 ut
2731 5335 2801 5391 ob
2827 5336 3097 5390 secundas
3131 5337 3348 5404 nuptias

1779 5427 1828 5482 ei
1859 5443 2016 5497 paena
2047 5425 2406 5495 inlligeretur,
2448 5426 2616 5482 etiam
2648 5444 2905 5500 magnum
2953 5429 3058 5484 hoc
3086 5427 3344 5482 delictum

1781 5516 2110 5587 impunitum
2163 5518 2410 5586 reliquit.

1855 5609 2211 5678 Posteaquam
2255 5609 2320 5663 ad
2369 5610 2660 5680 imperium
2708 5611 2918 5665 Phocas
2965 5607 3343 5677 pervenisset,

1782 5701 2186 5770 expeditionem
2216 5701 2268 5756 in
2319 5702 2528 5772 Syriam
2567 5703 2833 5764 instituit;
2871 5713 3102 5768 eumque
3141 5703 3339 5753 multas
