3798 6230
298 351 313 362 η
349 325 458 383 ,δέη
1611 307 2028 386 MlCllAELIS
2069 307 2331 367 GLYCE
3471 313 3559 375 SN

353 436 420 486 cit
451 448 466 494 ;
505 442 740 498 cumque
777 427 888 496 jam
926 423 1296 479 l‘bilnmiliutu
1332 437 1506 491 usque
1553 421 1922 490 pervenisset,

2047 436 2202 472 ιαται.
2247 416 2607 486 ⁹Υ;;οστρέφει
2641 418 2775 486 πρὸς
2825 417 3178 488 Ἀντιόχειαν,
3232 418 3326 470 τοῦ
3361 421 3562 489 caput}

353 524 514 592 legati
560 521 819 574 Berrlima
853 517 1003 571 missi
1041 526 1414 579 accesserunt,
1446 514 1540 584 qui
1589 522 1837 583 peterent
1867 520 1940 593 ut‘

2047 511 2295 582 ιοιλιακῷ
2323 511 2676 582 συσχεθέντος
2708 512 2980 583 νοσήματι
3008 512 3103 566 καὶ
3127 511 3206 580 τῷ
3239 511 3376 578 δίψει
3406 530 3564 564 κακω-

303 645 308 650 -
351 629 544 668 eorum
583 613 958 673 misereretur,
991 618 1310 678 paratorum
1341 607 1411 662 ad
1433 606 1778 662 subeundam
1814 619 1930 660 ser-

353 709 579 760 vitutem
646 702 932 771 pristinam
1003 699 1316 768 tributaque
1368 696 1682 768 pendenda.
1722 696 1926 752 Verum

351 797 653 862 Romanus,
687 794 832 864 quod
867 793 1049 848 nobile
1083 792 1296 847 facinus
1327 789 1546 860 aliquod
1579 789 1635 844 in
1659 789 1761 842 hac
1798 803 1930 842 con-

2029 606 2233 668 θέντος.
2271 606 2638 662 Ἐπιτίθενται
2667 607 2762 661 καὶ
2781 602 2938 669 αὖθις
2968 607 3152 670 αὐτοῖς
3181 607 3232 658 οἱ
3267 606 3565 674 Σαρακηνοὶ,

2034 698 2134 751 καὶ⁵
2161 695 2422 785 τοσοῦτον
2447 699 2647 769 φθόρον
2675 699 2941 769 ἐποίησαν
2962 700 3098 750 ὥστε
3123 698 3222 751 καὶ
3251 697 3338 749 τὸν
3368 697 3565 765 βασιλέα

2036 787 2189 858 μόλις
2219 788 2577 858 διασωθῆναι.

353 902 434 947 tra
477 891 690 962 Syriam
736 888 1084 958 expeditione
1134 888 1478 959 superiorum
1524 887 1917 954 imperatorum
1958 883 2212 953 exemplo
2241 883 2506 953 cogitaret
2563 884 2750 950 edere,
2797 899 2907 939 non
2967 882 3224 938 admissis
3269 882 3450 952 legatis
3486 883 3570 937 adu

351 1001 546 1040 versus
597 999 693 1039 eos
723 992 868 1037 recta
919 983 1181 1052 perrexit,
1212 996 1337 1036 cum
1366 979 1590 1049 quidem
1651 989 1837 1031 secum
1891 990 2236 1046 nequaquam
2298 977 2645 1046 expcndisset
2675 992 2829 1047 aqua:
2863 977 2973 1032 illis
2999 977 3053 1030 in
3083 975 3224 1031 locis
3274 976 3568 1045 penuriam,

352 1076 609 1146 quodque
661 1075 920 1130 Saraceni
980 1073 1373 1145 propemodum
1424 1073 1615 1126 aestivo
1669 1076 1919 1139 tempore
1956 1067 2140 1125 minus
2181 1068 2420 1124 inhiberi
2463 1084 2524 1125 se
2569 1070 2866 1139 patiantur,
2897 1069 3230 1138 corporibus
3267 1074 3473 1122 utentes
3511 1068 3566 1120 ad

355 1172 710 1244 perferendos
735 1169 942 1226 calores
999 1170 1339 1226 assuefactis.
1374 1168 1563 1236 Itaque
1603 1175 1798 1221 manus
1864 1179 1991 1220 cum
2030 1165 2114 1220 eis
2159 1167 2420 1231 conserit,
2475 1175 2735 1235 tantaque
2789 1175 2969 1236 strage
3023 1164 3258 1220 creditur
3305 1164 3571 1233 imperator

355 1275 556 1335 quanta
604 1266 690 1320 vix
725 1264 957 1318 dicendo
993 1263 1164 1333 possit
1203 1261 1428 1330 exponi.
1470 1260 1705 1328 Accepta
1759 1257 1913 1313 clade
1947 1257 2294 1312 Antiochiam
2351 1258 2667 1322 revertitur,
2703 1257 2948 1313 exercitu
2982 1258 3227 1328 graviter
3253 1271 3324 1312 ex
3382 1257 3567 1311 intesti-

355 1376 552 1415 norum
581 1359 773 1414 morbo
807 1358 1090 1412 laborante
1153 1369 1218 1408 ac
1284 1352 1376 1408 siti
1411 1352 1610 1406 misere
1645 1359 1860 1405 vexato.
1881 1347 1990 1404 Nec
2023 1348 2111 1404 his
2127 1351 2370 1405 contenti
2389 1350 3158 1406 SaraceniRomanositerum
3185 1349 3568 1419 aggrediuntur,

357 1464 617 1522 tantaque
661 1453 810 1508 caede
847 1457 1160 1519 grassantur
1187 1447 1243 1500 in
1275 1461 1371 1501 eos
1414 1454 1474 1499 ut
1507 1445 1805 1515 imperator
1839 1446 1956 1514 ipse
1986 1448 2079 1503 vix
2107 1446 2291 1500 salvus
2321 1443 2599 1500 evaderet.

424 1548 744 1604 Secundum
816 1547 936 1600 haec
985 1545 1270 1599 Romanus
1310 1549 1552 1612 emptam
1615 1541 1936 1596 Triaeonta-

360 1637 528 1707 phylli
561 1636 784 1690 domum
817 1635 871 1688 in
915 1631 1337 1696 monasterium,
1371 1630 1461 1685 cui
1493 1645 1534 1684 a
1570 1629 1800 1698 Deipara
1830 1644 1933 1684 no-

2123 1545 2183 1596 Ό
2226 1543 2282 1596 δὲ
2311 1541 2564 1612 βασιλεὺς
2593 1541 2684 1594 τὸν
2739 1537 2894 1595 οἷκον
2943 1541 3039 1594 τοῦ
3087 1539 3569 1625 Τριακονταφὺλλον

2039 1629 2453 1705 ἐξωνησάμενος
2512 1636 2589 1697 εις
2643 1635 3013 1704 μοναστήριον
3064 1634 3460 1699 μετεσκεύασεν
3499 1636 3570 1686 ἐπ’

353 1745 483 1782 men
509 1727 770 1792 inditum,
798 1722 1199 1788 commutavit;
1231 1729 1396 1790 atque
1422 1719 1526 1776 sub
1547 1720 1653 1776 hoc
1665 1729 1931 1790 praetextu

2047 1728 2262 1797 Βνόματι
2289 1726 2388 1796 τῆς
2411 1725 2700 1791 Θεοτόκου,
2727 1724 3023 1795 συντρίψας
3043 1727 3108 1794 τῇ
3136 1727 3408 1794 προφάσει
3428 1726 3568 1795 ταύτῃ

350 1833 467 1873 non
495 1828 688 1887 parum
726 1816 979 1891 subditos
1016 1812 1206 1868 afﬂixit
1234 1824 1293 1868 et
1327 1813 1542 1868 vexavit
1568 1851 1585 1878 ,
1637 1812 1926 1867 materiem

2047 1819 2096 1872 τδ
2127 1818 2368 1887 ὑπήκοον
2404 1822 2499 1870 καὶ
2528 1815 2789 1879 κακώσας
2819 1816 2879 1870 ὲν
2907 1817 3029 1875 ταῖς
3065 1814 3174 1866 τῶν
3200 1813 3342 1866 ὑλῶν
3372 1831 3568 1881 μετακο-

356 1909 672 1967 convehere
713 1919 959 1965 coaetos.
1011 1909 1280 1964 Praeterea
1313 1906 1696 1962 columnarum
1727 1904 1931 1974 Magna:

313 2004 604 2059 ecclesiae
654 2018 720 2057 ac
768 2001 1196 2057 Blacbernarum
1254 1997 1436 2068 capita
1487 1997 1775 2069 splendide
1837 2010 1929 2050 ar-

349 2103 522 2165 gento
550 2104 607 2150 et
633 2108 778 2149 auro
807 2094 1119 2148 exornavit.
1423 2071 1459 2112 ⁶’

428 2186 592 2243 Venit
649 2185 718 2240 ad
777 2185 1169 2255 imperatorem
1204 2184 1512 2240 Romanum
1553 2180 1766 2252 magnis
1805 2194 1928 2235 cum

360 2275 687 2331 muneribus
743 2275 910 2330 etiam
967 2275 1138 2329 Amer
1193 2273 1493 2343 Chalepita:
1528 2271 1708 2337 filius,
1741 2287 1929 2342 pacem

361 2346 616 2421 renovari
653 2375 868 2436 petens,
895 2365 1168 2436 simulque
1201 2365 1561 2436 pristinorum
1597 2362 1931 2418 tributorum

360 2458 792 2528 persolutionem
857 2456 1208 2526 promittens.
1263 2455 1406 2528 Ejus
1446 2456 1526 2511 rei
1571 2454 1933 2510 conficiundze

362 2562 527 2603 causa
541 2546 984 2618 Theopbylactus
1009 2546 1484 2617 protospatharius
1511 2555 1596 2601 est
1629 2544 1930 2615 ablegatus,

360 2637 718 2694 Atheniensis
748 2638 944 2708 patria,
975 2639 1070 2708 qui
1119 2637 1300 2693 foedus
1350 2637 1520 2693 ictum
1566 2637 1930 2692 confirmavit.

362 2723 572 2778 Eodem
641 2732 893 2793 tempore
949 2727 1096 2779 circa
1150 2726 1445 2780 secundam
1502 2727 1680 2780 noctis
1741 2725 1932 2780 horam

363 2817 614 2886 traiectio
663 2815 862 2872 sideris
907 2831 938 2871 a
979 2816 1208 2872 meridie
1261 2832 1458 2872 versus
1509 2817 1935 2888 septemtriones

363 2907 587 2974 accidit,
610 2921 724 2978 quo
751 2909 916 2964 tellus
951 2909 1210 2964 universa
1231 2909 1336 2964 fuit
1379 2910 1719 2965 collustrata.
1746 2909 1936 2979 Neque

329 3016 565 3070 .tnagno
593 3001 856 3070 temporis
909 3001 1199 3070 interiecto
1259 3002 1458 3070 spatio,
1499 3017 1621 3071 qua:
1676 3003 1937 3057 Romanis

2041 1911 2244 1981 μιδαῖς.
2280 1907 2756 1978 Καταλαμπρύνει
2799 1907 2856 1960 δὲ
2899 1907 2994 1958 καὶ
3035 1905 3102 1958 τὰ
3136 1905 3464 1974 κιονάκρανα
3492 1909 3570 1972 τῆς

2039 2002 2283 2070 μεγάλης
2312 1998 2636 2069 Ἐκκλησίας
2664 1999 2757 2051 καὶ
2788 1997 2894 2051 τῶν
2918 1995 3241 2068 Βλαχερνῶν
3272 1996 3478 2067 ἀργύρῳ
3496 2001 3567 2048 καὶ

2036 2092 2243 2163 χρυσῷ-

2106 2183 2262 2238 Max-5t
2303 2183 2360 2236 δὲ
2397 2182 2572 2236 ταῦτα
2608 2178 2738 2252 ἦλθε
2774 2178 2910 2251 πρδς
2940 2181 3032 2234 τὸν
3074 2179 3303 2250 βασιλέα
3329 2179 3567 2249 Ῥωμανδν

2042 2275 2179 2344 μετὰ
2214 2273 2402 2344 δώρων
2441 2273 2651 2326 πολλῶν
2689 2273 2717 2325 6
2764 2271 2859 2325 τοῦ
2909 2273 3219 2325 Χαλεπίτου
3255 2273 3370 2334 υἱὸς
3403 2272 3565 2339 'Apsp,

2039 2363 2268 2429 ἐξαιτῶν
2329 2363 2628 2414 ἀνανεῶσαι
2663 2361 2762 2433 τὴν
2792 2362 3020 2432 εἰρήνην
3053 2362 3147 2415 καὶ
3197 2363 3326 2423 τοὺς
3374 2361 3566 2431 πρόσθεν

2038 2455 2299 2525 παρέχειν
2336 2457 2557 2522 φόρους.
2610 2455 2718 2506 Καὶ
2772 2453 2837 2521 δὴ
2888 2453 3170 2506 στέλλεται
3232 2453 3566 2519 Θεοερύλακτος

2038 2546 2532 2618 πρωτοσπαθάριος
2553 2549 2582 2599 ό
2603 2545 2916 2615 ’Δ.θηνατος,
2950 2546 3045 2599 καὶ
3079 2545 3180 2610 τὰς
3215 2546 3440 2606 σπονδὰς
3474 2545 3563 2597 ἐδε-

2041 2639 2266 2692 σαίωσε.
2305 2639 2440 2692 Κατ’
2473 2639 2648 2691 ἐκεῖνο
2672 2638 2730 2691 δὲ
2758 2637 2954 2708 καιροῦ
2990 2639 3130 2708 περὶ
3153 2638 3414 2710 δευτέραν
3447 2636 3560 2706 ὥραν

2039 2734 2138 2800 τῆς
2170 2733 2364 2793 νυκτὸς
2393 2731 2552 2800 χύσις
2595 2730 2808 2798 ἐγένετο
2848 2730 3074 2800 ἀστέρος
3106 2731 3217 2783 ἀπὸ
3261 2729 3560 2800 μεσημσρέας

2044 2824 2182 2892 πρὸς
2217 2823 2420 2892 ἄρκτον
2449 2824 2629 2876 πᾶσαν
2659 2821 2757 2894 τὴν
2783 2823 2886 2892 γῆν
2913 2823 3439 2894 περιαστράψαντος.
3477 2821 3557 2888 Ἐφ’

2040 2909 2086 2984 ᾧ
2111 2915 2206 2968 καὶ
2242 2915 2378 2984 μετὰ
2414 2915 2608 2985 μικρὸν
2637 2913 2990 2983 ἀγγέλλονται
3018 2914 3084 2968 τά
3121 2917 3458 2985 κατασχόντα
3490 2912 3554 2980 τὴν

2053 3007 2343 3078 Ῥωμαίων
2385 3007 2730 3076 ἀτυχήματα,
2751 3003 2986 3076 ’Ἄραϐες
3025 3005 3342 3078 ληϊσάμενοι
3374 3005 3461 3074 τὴν
3478 3004 3560 3056 Ms-

363 3091 713 3147 calamitates
745 3091 1098 3160 adversaeque
1144 3107 1233 3146 res
1265 3087 1644 3164 contigissent,
1693 3094 1930 3164 impera-

2047 3097 2395 3170 σοποταμίαν
2449 3100 2578 3168 ἄχρι
2613 3097 2977 3166 ⁴Μελιτηνῆς,
3030 3099 3373 3163 Πατζινάκαι
3409 3099 3454 3152 δὲ
3485 3087 3558 3150 ’τὸν

354 3181 471 3236 tori
519 3179 838 3236 nuntiatum
898 3181 1021 3236 fuit.
1057 3180 1265 3237 Arabes
1303 3183 1448 3237 enim
1489 3183 1934 3252 Mesopotamiam

367 3275 685 3348 depopulati
733 3287 865 3332 sunt
927 3277 995 3331 ad
1046 3279 1218 3347 ipsam
1268 3292 1446 3347 usque
1506 3279 1848 3346 Melitenam;
1883 3289 1940 3335 et

373 3367 674 3423 l‘atzinaeaa
703 3367 933 3438 trajecta
976 3366 1116 3420 Istro
1147 3367 1373 3438 Mysiam
1419 3367 1775 3422 inclementer
1815 3382 1939 3422 om-

361 3458 505 3512 nino
563 3465 895 3511 tractarunt.
942 3457 1117 3510 Allata
1171 3471 1389 3526 quoque
1426 3465 1557 3511 tunc
1602 3466 1686 3512 est
1724 3457 1938 3512 Domini

373 3545 546 3600 nostri
583 3544 713 3599 Jesu
742 3544 949 3601 Christi
981 3546 1231 3614 epistola,
1266 3545 1429 3618 314
1458 3562 1621 3601 manu
1654 3548 1942 3617 ipsiusmet

369 3637 575 3707 scripta
610 3646 676 3695 .et
721 3638 788 3692 ad
815 3635 1118 3709 'Augarum
1162 3637 1274 3692 lori
1317 3639 1603 3709 cujusdam
1657 3626 1940 3694 dominum

367 3725 562 3782 missa.
588 3727 727 3783 Erat
747 3736 929 3783 autem
959 3729 1260 3799 imperator
1285 3728 1375 3782 hic
1415 3729 1668 3802 inprimis
1696 3729 1938 3783 omnium

373 3818 644 3872 bonorum
679 3833 917 3886 operum
953 3818 1256 3872 studiosus.
1315 3816 1568 3872 Edificia
1609 3819 1943 3889 pauperibus

371 3908 582 3963 alendis
613 3909 912 3974 destinata,
946 3925 1068 3979 quae
1089 3924 1119 3964 a
1152 3918 1312 3964 terra:
1352 3919 1504 3966 motu
1531 3925 1791 3966 auceussa
1820 3925 1941 3981 gra-

374 4002 628 4080 viterque
673 4001 812 4057 laesa
848 4001 1064 4055 fuerant
1090 4039 1105 4063 ,
1136 4016 1364 4070 prorsus
1415 4001 1767 4058 instauravit.
1794 4001 1939 4057 Tan.

374 4091 501 4146 dem
552 4091 748 4146 morbo
776 4092 934 4146 lento
979 4091 1304 4161 corripitur,
1340 4107 1452 4160 quo
1487 4091 1725 4147 durante
1762 4093 1942 4163 capilli

372 4181 575 4252 capitis
605 4181 726 4251 ejus
754 4191 809 4235 et
835 4179 1024 4236 barbae
1057 4180 1431 4248 deﬂuxerunt,
1453 4183 1680 4253 petitus,
1712 4185 1792 4238 uti
1825 4185 1946 4254 qui-

378 4273 505 4329 dem
528 4273 831 4337 ferebatur,
857 4286 1067 4328 veneno
1097 4274 1164 4327 ab
1194 4272 1428 4340 Joanne,
1456 4275 1550 4344 qui
1579 4286 1692 4330 tum
1711 4277 1948 4347 pupillo-

378 4381 499 4422 rum
531 4365 739 4420 alumni
767 4380 998 4420 munere
1028 4364 1381 4433 fungebatur.
1412 4367 1546 4422 Nam
1575 4367 1818 4424 Joannes
1851 4370 1947 4424 ille

2045 3192 2264 3262 Ἵστρον
2302 3191 2589 3254 διαϐάντες
2627 3190 2722 3244 καὶ
2747 3188 2850 3262 τὴν
2879 3186 3095 3244 Μυσίαν
3138 3193 3330 3254 κακῶς
3356 3189 3562 3258 διαθέμε-

2041 3301 2145 3340 νοι.
2201 3284 2516 3354 Τηνικαῦτα
2545 3282 2604 3338 δὲ
2645 3284 2739 3338 καὶ
2784 3285 2816 3354 ὴ
2871 3284 3180 3354 ἰδιόγραφος
3226 3283 3463 3352 ἐπιστολὴ
3488 3281 3560 3335 τοῦ

2048 3376 2323 3430 Δεσπότου
2365 3375 2523 3446 ἡμῶν
2567 3374 2741 3445 Ἰησοῦ
2783 3375 3040 3446 Χριστοῦ,
3086 3379 3117 3447 ἡ
3174 3380 3313 3446 πρδς
3357 3373 3563 3444 Δῦγαρον

2043 3465 2354 3533 πεμφθεῖσα
2379 3463 2472 3516 τὸν
2497 3463 2804 3531 τοπάρχην,
2838 3463 3036 3534 ἐστάλη
3072 3463 3212 3534 πρὸς
3239 3465 3331 3517 τὸν
3360 3461 3560 3533 βασιλέα.

2041 3546 2210 3614 Οὗτος
2255 3552 2352 3622 μὲν
2397 3550 2490 3603 οὖν
2531 3553 2560 3603 ὁ
2605 3535 2856 3620 βασιλεὺς
2887 3552 3103 3606 πάντων
3151 3553 3456 3622 ἐπεμελεῖτο
3479 3549 3563 3601 τῶν

2043 3643 2284 3711 ἀγαθῶν,
2315 3643 2384 3696 τὰ
2415 3642 2519 3695 ὑπὸ
2546 3642 2774 3713 σεισμοῦ
2805 3643 2991 3706 κακῶς
3031 3643 3272 3696 παθόντα
3301 3656 3561 3712 πτωχοτροη

2044 3734 2172 3801 φεῑα
2207 3731 2561 3785 παντάπασιν
2613 3731 3032 3800 ἀνανεούμενος.
3068 3727 3203 3786 Εἶτα
3242 3732 3380 3800 νόσῳ
3409 3727 3564 3800 χρονία

2044 3825 2298 3895 βάλλεται
2348 3824 2442 3875 καὶ
2476 3823 2794 3894 τριχορρυεῐ
2843 3823 3006 3891 γένυν
3046 3839 3105 3876 τε
3138 3824 3234 3876 καὶ
3280 3824 3372 3892 τὴν
3395 3821 3557 3890 κόμην.

2045 3915 2462 3988 κατεργασθεὶς,
2523 3915 2597 3980 ὥς
2641 3933 2828 3986 φασιν,
2865 3918 2970 3970 ὑπὸ
3008 3918 3258 3972 Ἰωάννου
3307 3917 3392 3971 τοῦ
3439 3930 3558 3983 τηνι-

2045 4011 2219 4067 καῦτα
2245 4011 2673 4081 όρφανοτρόφου.
2706 4005 2871 4074 Οὗτος
2908 4011 3016 4082 γάρ
3038 4011 3329 4083 όἹωὰννης
3365 4009 3447 4064 καὶ
3479 4005 3558 4073 πρὸ

2043 4104 2144 4172 τῆς
2171 4102 2447 4173 βασιλείας
2475 4103 2740 4172 ὑπηρέτει
2767 4104 2846 4172 τῷ
2875 4102 3164 4176 Ῥωμανῷ.
3187 4102 3368 4176 Ταύτῃ
3397 4117 3469 4153 τοι
3489 4098 3561 4151 καὶ

2043 4193 2139 4247 τοῦ
2195 4192 2433 4262 κράτους
2497 4190 2788 4253 ἐπιϐάντος
2851 4190 3018 4243 αὐτοῦ
3090 4191 3329 4260 μεγάλην
3377 4188 3562 4252 δύναμιν

2046 4283 2222 4353 ἔσχεν.
2255 4279 2438 4344 Ἦσαν
2475 4281 2532 4334 δὲ
2586 4281 2663 4349 τῷ
2710 4281 2932 4352 Ἰωάννῃ
2988 4282 3084 4336 καὶ
3131 4283 3309 4356 ἕτεροι
3359 4277 3560 4344 ἀδελφοὶ,

2047 4374 2286 4444 Μιχαὴλ,
2309 4375 2355 4427 Ν
2363 4375 2577 4443 ικήτας,
2602 4374 3010 4437 Κωνσταντῖνος
3032 4376 3127 4428 καὶ
3156 4375 3434 4444 Γεὼργιος.
3449 4365 3561 4421 Ἀλλ’

377 4458 506 4528 quia
527 4459 681 4529 prius
709 4459 878 4514 etiam
913 4472 1076 4527 quam
1117 4457 1396 4513 Romanus
1420 4458 1652 4530 imperio
1677 4460 1940 4529 potiretur

2050 4467 2078 4517 ό
2115 4463 2213 4533 μὲν
2257 4465 2661 4526 Κωνσταντῖνος
2693 4463 2789 4516 καὶ
2818 4463 3093 4534 Γεώργιος
3122 4464 3220 4516 σὺν
3267 4463 3343 4533 τῷ
3379 4459 3557 4524 Ἰωάννῃ

378 4552 630 4607 minister
672 4552 850 4622 ipsius
883 4551 1101 4614 fuerat,
1138 4565 1390 4620 magnam
1427 4551 1572 4622 apud
1598 4566 1724 4606 eum
1754 4563 1946 4622 poten-

378 4641 507 4695 tiam
537 4649 591 4695 et
628 4640 1016 4695 auctoritatem
1071 4637 1345 4702 habebat,
1389 4651 1456 4691 ex
1511 4651 1622 4707 quo
1672 4639 1946 4706 imperare

380 4739 652 4801 coeperat.
710 4733 878 4786 Erant
927 4732 1004 4786 illi
1061 4729 1262 4785 fratres
1294 4729 1524 4797 aliquot,
1557 4727 1816 4784 nimirum
1852 4728 1948 4780 Mi-

380 4823 626 4890 chaelus,
650 4822 891 4887 Nicetas,
922 4821 1317 4878 Constantinus
1361 4829 1417 4876 et
1445 4818 1734 4890 Georgius.
1774 4821 1846 4874 lix
1882 4821 1949 4875 iis

381 4914 781 4969 Constantinus
841 4927 906 4966 ac
934 4910 1205 4984 Georgius
1248 4911 1464 4976 itidem,
1503 4917 1565 4964 ut
1591 4917 1644 4964 et
1669 4909 1906 4968 Joannes
1929 4948 1946 4972 ,

379 5003 602 5060 castrati
633 5003 1045 5059 circulatoriam
1070 5014 1246 5060 artem
1275 5002 1626 5080 exercebant.
1653 4999 1762 5056 Sed
1792 4999 1948 5054 dein-

377 5112 511 5168 ceps
546 5110 745 5150 omnes
802 5094 857 5148 in
907 5093 1336 5149 familiaritatem
1394 5092 1738 5164 imperatoris
1782 5107 1948 5161 opera

379 5188 615 5252 Joannis
670 5185 857 5240 fratris
907 5193 1305 5254 pervenerunt.
1344 5185 1482 5238 Cum
1513 5193 1696 5239 autem
1729 5183 1838 5237 Zoe
1871 5183 1953 5237 vi-

381 5282 542 5336 deret
581 5278 893 5333 ananum
933 5288 992 5330 se
1023 5290 1122 5343 pro
1157 5274 1380 5328 homine
1409 5283 1558 5328 casto
1588 5289 1800 5345 gerere,
1833 5288 1951 5326 mo-

387 5373 529 5426 leste
565 5367 809 5423 studium
849 5365 953 5438 hoc
1005 5364 1152 5418 illius
1195 5362 1617 5434 institutumque
1653 5364 1863 5431 ferens,
1893 5373 1953 5418 ut

381 5477 506 5532 qua:
530 5458 751 5514 carneis
785 5455 1094 5526 pruritibus
1122 5454 1503 5523 incalesceret,
1535 5457 1590 5510 in
1627 5457 1949 5512 Michaelum

376 5548 608 5606 Joannis
640 5546 888 5613 fratrem,
911 5547 980 5604 de
1008 5559 1120 5617 quo
1149 5544 1408 5608 dixnnus,
1446 5563 1556 5602 non
1587 5550 1705 5602 sine
1747 5550 1952 5604 amoris

375 5636 676 5692 affectione
724 5639 913 5694 oculos
967 5635 1248 5706 conjicwe
1301 5639 1506 5707 ccepit,
1538 5640 1682 5706 quod
1732 5650 1878 5693 esset
1908 5642 1951 5694 is

369 5729 511 5783 facie
582 5727 962 5784 venusdssima
1018 5722 1330 5797 praeditus;
1381 5741 1620 5795 cumque
1659 5731 1950 5782 clandesti.

2047 4555 2294 4624 εὐνοῦχοι
2321 4555 2478 4616 ὅντες
2498 4553 2804 4626 ἀγυρτικὴν
2831 4554 3103 4626 μετῄεσαν
3125 4554 3338 4626 τέχνην,
3361 4550 3476 4604 ἀλλά
3493 4547 3558 4600 διὰ

2048 4647 2141 4700 τοῦ
2169 4649 2415 4701 Ἰωάννου
2469 4647 2669 4708 πάντες
2699 4642 2845 4699 οὗτοι
2876 4645 2952 4716 τῷ
2996 4645 3206 4712 βασιλεῖ
3233 4635 3558 4716 ᾠκειώῡησαιλ.

2059 4740 2124 4790 'l!
2159 4722 2343 4808 μέντοι
2373 4737 2494 4807 Ζωὴ
2535 4736 2626 4789 τὸν
2662 4736 2947 4803 Ῥωμανὸν
2995 4735 3180 4802 ὁρῶσα
3235 4728 3558 4802 βίοκὺπερχέ-

2053 4846 2214 4898 μενον
2256 4829 2530 4897 σώφρονα,
2576 4828 2670 4880 καὶ
2719 4827 3151 4897 ἀπαρεσκομὲνη
3199 4827 3273 4896 τῷ
3321 4823 3555 4892 πράγματι

2032 4916 2389 4984 ,σφαδασμοίς
2423 4915 2516 4968 ἀτε
2558 4916 2838 4982 σαρκικοῖς
2863 4915 3384 4983 ὑποθερμαινομένη,
3409 4913 3558 4977 ἐρωτι-

2052 5006 2145 5060 XLV
2183 5007 2340 5076 ἐνορᾷ
2381 5006 2516 5075 πρὸς
2546 5005 2637 5057 τὸν
2674 5003 3038 5073 διαληφθέντα
3067 5005 3304 5074 Μιχαὴλ,
3339 4993 3557 5067 εὑπρεπέ·

2054 5114 2247 5150 στατον
2268 5097 2366 5166 τὴν
2397 5096 2518 5165 ὄψιν
2541 5098 2876 5166 ὑπάρχοντα,
2907 5097 3002 5148 καὶ
3027 5095 3086 5147 οὗ
3099 5113 3168 5147 τω
3192 5094 3422 5166 κρυφίως
3444 5081 3556 5149 αὑτῷ

2055 5190 2412 5259 ὲπεμίγνυτο.
2453 5189 2570 5256 Ἐφ’
2695 5188 2790 5240 καὶ
2838 5188 3239 5256 κατεργάζεται
3283 5189 3308 5238 ὁ
3355 5179 3554 5252 βασιλεὺς

2053 5276 2149 5330 ἆτε
2180 5275 2279 5344 τῆς
2307 5273 2582 5344 βασιλίδος
2611 5277 2701 5327 τὸν
2741 5273 2951 5343 Μιχαὴλ
2975 5279 3054 5334 εἰς
3078 5273 3164 5324 τὸν
3195 5268 3444 5341 βασιλικὸν
3465 5261 3557 5330 09’?-

2035 5385 2145 5425 ’νον
2186 5365 2523 5436 σπευδούσης
2570 5368 2884 5435 ἀναγαγεῖν.
2919 5365 3333 5436 Βραδυοανάτοις
3355 5360 3404 5413 δὲ
3445 5370 3531 5423 si.”

2041 5460 2253 5530 ’μάκοις
2293 5455 2712 5527 κατεργασθεὶς,
2754 5457 2850 5510 καὶ
2899 5457 3094 5526 χρόνον
3140 5456 3322 5524 συχνὸν
3356 5451 3555 5515 κείμενος

2055 5550 2398 5620 κλινοπετὴς,
2433 5549 2528 5619 ὅλη
2555 5550 2702 5619 ψυχῇ
2731 5548 3049 5600 ἐπεκαλεῖτο
3071 5548 3162 5611 τὸν
3193 5547 3418 5599 Θάνατον.
3439 5535 3551 5587 Κατὰ

2053 5644 2108 5696 δέ
2151 5657 2212 5709 γε
2250 5641 2348 5709 τὴν
2388 5641 2634 5708 μεγάλην
2681 5640 2944 5708 πέμπτην
2993 5641 3089 5699 τὰς
3139 5639 3297 5706 ῥόγας
3325 5631 3421 5684 τῶν
3457 5636 3534 5685 συγ

2055 5730 2329 5801 κληςικῶν
2364 5734 2758 5800 ποιησάμενος,
2807 5731 2902 5781 καὶ
2941 5728 3280 5798 ὲπτΟυμήσας
3318 5714 3548 5775 λούσασθαι
