3798 6230
233 282 328 344 i8“)
1124 314 1125 319 κ
1472 293 1872 355 ANNALIUM
1910 296 2098 354 PARS
2145 260 2240 356 ni

3333 299 3453 362 ἒξῦ·

230 394 359 448 κατὰ
395 394 451 448 τὸ
476 394 532 447 ιν
565 393 642 465 τῷ
675 399 899 467 μεγάλῳ
928 400 1174 472 παλατίῳ
1208 402 1508 473 βαλανεῖον,
1537 408 1628 459 καὶ
1660 410 1765 460 εἶσι

1876 425 2002 463 nam
2031 425 2154 464 cum
2179 425 2246 465 eo
2272 412 2728 467 consuetudinem
2757 411 3061 478 habuisset,
3091 424 3313 482 operam
3344 414 3441 467 de-

226 491 383 543 ελθὼν
428 489 658 559 οἰκτρῶς
691 491 1056 561 ἀποπνίγεται
1105 495 1207 549 ὑπὸ
1236 498 1343 552 τῶν
1376 500 1505 569 περὶ
1533 498 1623 552 τὸν
1664 500 1773 553 Mt-

227 580 355 649 χσὴλ
386 582 441 630 ὲν
462 582 522 649 τῇ
560 581 918 655 κολυμϐήθρᾳ
952 584 1048 637 τοῦ
1083 585 1330 655 λουτροῦ.
1382 574 1534 645 εἰσεά
1565 588 1773 659 ταύτην

230 671 321 739 μὲν
345 670 434 723 οὖν
455 671 548 740 τὴν
574 672 743 726 νύκτα
786 674 1056 745 μηνύεται
1100 680 1127 731 6
1161 678 1502 749 πατριάρχης
1535 679 1773 745 Ἀλέξιος

224 760 322 813 ὑπὸ
344 760 436 811 τοῦ
467 761 729 829 βασιλέως
757 765 919 835 δῆθεν
946 767 1250 838 Ῥωμανοῦ.
1284 770 1426 823 Ἀλλ’
1447 771 1474 822 6
1504 772 1775 840 πατριάρ-

223 869 314 921 χης
338 853 503 906 ἐλθὼν
530 856 693 907 αὖτ’,ν
734 857 834 925 μὲν
866 858 1111 927 εὑρίσκει
1147 861 1360 930 νεκρὸν,
1408 862 1439 928 ή
1477 860 1529 912 δὲ
1562 860 1773 929 βασιλὶς

218 946 327 1015 Zeti;
356 946 410 997 ὲν
450 946 525 1015 τῷ
564 950 1021 1019 χρυσοτρικλινίῳ
1056 950 1436 1019 προκαθίσασα
1467 951 1649 1018 ἐξάγει
1681 953 1771 1006 τὸν

217 1036 437 1105 Μιχαὴλ,
469 1040 560 1091 καὶ
600 1041 1005 1108 καταναγκαζει
1039 1043 1130 1094 τὸν
1168 1043 1513 1113 πατριάρχην
1552 1042 1763 1112 ἱερολο-

215 1130 370 1197 γῆσαι
409 1128 595 1183 τοῦτον
623 1132 781 1202 αὐτῇ.
816 1133 874 1186 Ὀ
898 1133 955 1184 δὲ
1002 1134 1347 1204 πατριάρχης
1379 1136 1469 1187 ἐπὶ
1512 1135 1590 1205 τῷ
1622 1135 1764 1204 πρά-

216 1237 376 1288 γματι
410 1223 707 1291 ἐκπλαγεὶς
737 1224 833 1295 τὴν
868 1226 1190 1295 ἱερολογίαν,
1221 1228 1294 1291 ὠς
1327 1228 1497 1291 εἰκὸς,
1533 1229 1770 1281 ὲνεδοία·

214 1312 315 1375 ξεν.
347 1314 534 1365 Ἔνθεν
570 1333 655 1369 τοι
692 1318 786 1369 καὶ
820 1319 847 1370 ὁ
887 1317 1140 1388 Ἰωάννης
1174 1320 1271 1371 σὺν
1326 1322 1391 1389 τῇ
1434 1320 1554 1390 Ζωῇ
1592 1319 1632 1371 ν’
1670 1319 1771 1388 μὲν

212 1404 403 1472 χρυσοῦ
425 1404 611 1476 λίτρας
631 1406 709 1477 τῷ
730 1410 1069 1481 πατριάρχῃ,
1096 1407 1140 1461 ν’
1166 1410 1222 1463 δὲ
1252 1410 1452 1479 ὁμοίως
1483 1411 1559 1478 τῷ
1582 1411 1769 1479 κὶήρῳ

211 1495 414 1558 ἐπιδοὺς
460 1497 645 1551 ἔπεισε
685 1501 988 1570 ίερολογίας
1039 1502 1271 1566 ἀξιῶσαι
1322 1504 1539 1565 αὐτούς.
1590 1505 1695 1555 Καὶ
1739 1505 1770 1556 6

213 1587 303 1652 μὲν
340 1587 617 1658 Ῥωμανδς
651 1592 707 1645 ὲν
736 1594 803 1663 τῇ
833 1593 926 1645 ὑπ’
953 1593 1121 1647 αὐτοῦ
1152 1597 1545 1666 ντωργηθείσῃ
1572 1596 1769 1664 ἐκκλη-

210 1677 293 1747 σία
319 1680 587 1734 θάπτεται
611 1683 708 1749 τῆς
745 1683 969 1751 περιϐλὲ
984 1703 1137 1739 πτου.
1726 1668 1733 1676 ⁸

1875 502 2037 557 ditut
2061 504 2358 573 imperator
2396 519 2424 560 e
2454 506 2637 560 medio
2684 506 2988 571 tolleretur,
3027 506 3081 560 in
3112 505 3217 561 hoc
3262 506 3438 561 solum

1876 592 2107 658 intenta,
2139 603 2197 649 ut
2220 594 2543 655 Michaelum
2565 596 2632 650 ad
2668 596 3075 667 imperatoriam
3117 598 3439 667 dignitatem

1874 686 2155 741 creberet.
2195 687 2477 741 Romanus
2508 688 2733 743 venenis
2782 688 2992 743 lentum
3039 689 3266 743 exitium
3303 688 3440 743 ασε-

1874 774 2127 831 rentibus
2149 777 2575 843 confectus,1ibi
2594 779 2855 834 diuturno
2885 790 3131 851 tempore
3151 782 3205 836 in
3233 780 3439 837 lectulo

1874 865 2229 922 decubuisset
2259 876 2445 934 ,/toto
2476 878 2702 939 pectore
2754 871 3223 941 nihilexpetebat
3289 873 3441 928 aliud

1873 973 2037 1028 quam
2063 970 2122 1014 ut
2145 959 2251 1014 hac
2277 960 2389 1016 vita
2416 961 2757 1032 fungeretur.
2777 962 3023 1033 Denique
3040 980 3231 1035 magna
3244 966 3440 1036 quinta

1873 1051 2011 1107 feria
2043 1052 2357 1109 distributis
2386 1052 2441 1106 in
2474 1063 2660 1124 patres
2689 1054 3029 1125 conscriptos
3079 1058 3401 1132 muneribus
3422 1097 3438 1122 ,

1872 1159 2010 1213 quas
2070 1158 2229 1214 rogas
2278 1155 2507 1207 vocant,
2540 1160 2665 1202 eum
2703 1148 2882 1218 magni
2932 1147 3122 1202 Palatii
3181 1149 3451 1205 balneum,

1870 1234 2085 1289 lavandi
2125 1250 2290 1291 causa
2319 1235 2596 1307 ingressus
2648 1238 2876 1305 fuisset,
2920 1254 2951 1293 a
2983 1240 3232 1295 Michaeli
3275 1242 3452 1296 sociis

1872 1325 1926 1379 in
1960 1325 2142 1380 balnei
2196 1326 2353 1382 labro
2408 1327 2802 1384 miserabiliter
2853 1329 3176 1385 suil‘ocatur.
3240 1329 3451 1385 Eadem.

1871 1426 2034 1471 nocte
2083 1417 2310 1472 Alexius
2338 1419 2648 1489 patriarcha
2688 1420 2919 1474 Romani
2955 1421 3301 1489 imperatoris
3346 1437 3442 1477 IIO?

1872 1511 2018 1565 mine
2063 1511 2118 1565 in
2151 1512 2353 1581 regiam
2394 1512 2714 1578 arcessitur,
2746 1529 2908 1582 quam
2960 1514 3241 1584 ingressus
3265 1515 3440 1584 impe—

1872 1611 2107 1657 ratorem
2137 1603 2466 1658 exstinCtum
2502 1604 2747 1669 invenit;
2777 1604 2885 1659 Zoe
2936 1598 3067 1661 vero
3122 1605 3451 1674 imperatrix.

1872 1692 1925 1745 in
1956 1706 2123 1747 aureo
2172 1693 2409 1749 triclinio
2462 1695 2658 1750 sedens
2706 1696 3029 1751 Michaelum
3065 1695 3348 1764 producit,
3383 1705 3441 1750 et
3525 1719 3529 1723 ’

209 1770 566 1834 patriarcbam
622 1774 792 1846 adigit
844 1784 905 1830 ut
956 1794 1080 1831 eum
1137 1779 1244 1835 sibi
1291 1782 1548 1834 maritum
1591 1782 1766 1837 sacris
1800 1784 2059 1854 precibus
2116 1786 2402 1858 conceptis
2435 1788 2709 1859 iungeret.
2783 1788 3099 1844 Patriarcha
3162 1788 3241 1844 rei
3281 1788 3437 1843 novi-

208 1873 305 1918 tate
341 1867 653 1933 perculsus,
685 1884 944 1923 saerasne
976 1887 1169 1940 preces
1231 1873 1350 1929 illas
1404 1875 1484 1929 eis
1552 1875 1946 1946 impertiretur,
1976 1895 2084 1933 non
2125 1879 2225 1935 abs
2257 1894 2315 1935 re
2381 1878 2690 1936 dubitabat.
2736 1881 3080 1952 Quapropter
3110 1880 3349 1936 Joannes
3381 1886 3436 1932 et

204 1956 304 2011 Zoe
334 1960 734 2031 quinquaginta
768 1965 927 2020 libris
967 1967 1086 2019 auri
1143 1967 1467 2036 patriarchae
1539 1968 1880 2039 totidemque
1914 1972 2062 2026 clero
2125 1971 2343 2027 donatis
2414 1966 2808 2043 persuaserunt
2858 1972 3063 2027 homini
3122 1982 3181 2027 ut
3242 1973 3430 2027 matri-

107 2084 143 2132 .⁸
206 2053 437 2107 monium
486 2054 731 2120 ipsorum
790 2072 1163 2115 consecraret.
1204 2062 1481 2117 Romanus
1516 2065 1569 2119 in
1607 2063 1858 2119 dedicata
1891 2066 1958 2120 ab
1980 2082 2037 2121 se
2062 2067 2474 2136 spectatissima:
2503 2068 2735 2123 ecclesia
2761 2067 3049 2137 sepelitur.

266 2146 466 2215 Κρατεῖ
500 2147 559 2199 δὲ
586 2151 613 2201 6
652 2150 872 2220 Μιχαὴλ
906 2153 1002 2203 συν
1037 2154 1102 2222 τῇ
1137 2154 1253 2222 Ζωῇ
1293 2155 1386 2225 ἔτη
1438 2156 1503 2220 ζ’.
1546 2157 1687 2209 Ἀλλ’
1721 2158 1754 2226 ἡ

1934 2159 2065 2229 Ejus
2091 2160 2221 2219 loco.
2242 2160 2536 2216 Michaelus
2575 2160 2845 2229 imperare
2876 2159 3043 2228 coepit
3058 2176 3180 2214 cum
3207 2161 3439 2231 conjuge

198 2237 311 2305 Ζωὴ
356 2238 494 2307 αὕτη
534 2239 831 2304 ἐλπίζουσα
883 2242 963 2312 τῷ
1007 2244 1227 2313 Μιχαὴλ
1275 2247 1395 2299 ἀντὶ
1443 2248 1631 2301 δούλου
1677 2267 1768 2302 κε-

200 2326 422 2395 χρῆσθαι
481 2330 705 2398 ἀστοχει
762 2332 856 2384 τοῦ
918 2334 1147 2389 σκοποῦ.
1218 2333 1277 2390 Ὀ
1329 2336 1436 2406 γάρ
1516 2336 1767 2407 Ἰωάννης

198 2417 521 2487 δραστήριος
553 2420 649 2485 ὢν,
683 2424 777 2476 καὶ
810 2424 999 2487 δεδιὼς
1036 2428 1161 2495 περὶ
1188 2427 1277 2478 το]
1304 2428 1535 2495 ἀδελφοῦ
1574 2427 1765 2494 αὐτοῦ,

202 2511 400 2571 πάντας
461 2512 565 2578 μὲν
617 2514 745 2575 τοὺς
791 2517 1092 2585 προσόντας
1146 2519 1285 2588 αὖτῇ
1323 2520 1766 2591 θαλαμηπόλους,

202 2603 284 2650 νειὶ
319 2601 424 2670 μὴν
454 2606 556 2658 καὶ
588 2606 686 2668 τάς
716 2609 1059 2673 οίκειοτάτας
1092 2609 1482 2677 θεραπαινίδας
1510 2614 1566 2679 ἐξ
1597 2613 1767 2683 αὐτῆς

200 2691 441 2761 ἀποσπᾷ,
473 2696 576 2747 καὶ
623 2697 744 2749 οὐδὲ
782 2699 841 2749 τὸ
872 2700 1034 2768 τυχὸν
1071 2702 1207 2771 παρ’
1250 2703 1417 2773 αὐτῆς
1462 2705 1767 2773 ἐνεργεῖται

202 2783 244 2833 εἰ
275 2784 345 2853 μή
381 2802 443 2853 γε
469 2789 615 2839 κατὰ
650 2782 876 2858 γνώμην
910 2793 1185 2846 Ἰωάννου.
1210 2786 1378 2856 Οὗτος
1412 2794 1512 2864 μὲν
1539 2791 1633 2847 οὖν
1672 2799 1799 2860 καὶ,

198 2876 251 2926 τδι
278 2876 518 2946 ὑπήκοον
551 2878 822 2949 ἐξημέρου
866 2887 1136 2946 παντοὶως
1179 2886 1273 2937 καὶ
1305 2884 1482 2938 πάντα
1522 2904 1769 2957 μετεχει-

200 2966 388 3035 ρίζετο.
428 2973 559 3024 ὀτι
589 2972 645 3024 δὲ
672 2975 737 3025 τὰ
764 2978 1023 3042 γεγονότα
1053 2977 1156 3028 οὐκ
1181 2978 1385 3046 ἀρεστὰ
1413 2973 1482 3049 ἦν
1517 2978 1593 3047 τῷ
1625 2981 1765 3050 Θεῷ,

200 3059 459 3115 δέδεικται
505 3064 601 3115 καὶ
635 3064 697 3116 ἐκ
731 3066 1036 3136 προοιμίων
1068 3068 1249 3120 αὐτῶν
1272 3085 1286 3102 ο
1342 3070 1484 3125 κατά
1530 3072 1640 3143 γάρ
1669 3072 1767 3142 τὴν

200 3151 428 3223 ια’ὦραν
456 3156 563 3226 τῆς
592 3157 751 3225 ἁγίας
779 3160 1025 3230 μεγάλης
1063 3163 1347 3233 Κυριακῆς
1378 3165 1589 3234 χάλαζα
1636 3184 1767 3223 κατο

197 3246 389 3316 ηνέχθη
437 3249 716 3320 ἀφόρητος
763 3252 1138 3320 καιγενναία,
1184 3254 1260 3319 ὡς
1305 3258 1658 3327 συντριϐῆναι
1690 3257 1768 3329 μὴ

200 3342 328 3407 μόνα
385 3346 453 3398 τὰ
486 3344 707 3413 δένδρα,
737 3345 807 3399 τά
858 3364 918 3398 τε
978 3348 1235 3419 κάρπιμα
1279 3350 1375 3405 καὶ
1417 3350 1486 3403 τὰ
1520 3353 1765 3421 ἄκαρπα,

1870 2247 1977 2302 Zoe
2008 2249 2167 2303 annis
2217 2258 2449 2319 septem,
2483 2265 2604 2320 quae
2634 2266 2758 2305 cum
2793 2265 2849 2304 se
2885 2250 3149 2305 Michaelo
3184 2253 3439 2322 mancipii

1869 2340 1991 2393 loco
2020 2351 2265 2409 speraret
2297 2356 2541 2404 usuram,
2576 2342 2825 2397 instituto
2856 2357 2917 2396 ac
2936 2359 3029 2412 spe
3056 2357 3153 2398 sua
3179 2342 3451 2401 frustrata.

1870 2433 2237 2488 cst.Joaunes
2265 2432 2410 2486 enim
2452 2431 2695 2487 Michaeli
2720 2432 2907 2496 frater,
2941 2434 3022 2486 vlr
3056 2433 3356 2488 industrius
3383 2445 3440 2488 et

1870 2534 2055 2573 rerum
2086 2520 2448 2590 gerendarum
2473 2522 2702 2590 peritus,
2737 2522 2832 2592 qui
2860 2522 3042 2576 fratris
3068 2523 3436 2578 incolumitati

1868 2612 2030 2683 315
2086 2622 2377 2678 metueret,
2406 2629 2597 2669 omnes
2619 2614 2742 2669 Zoa:
2772 2614 3140 2669 cubicularios
3176 2632 3278 2669 una
3311 2632 3436 2671 cum

1868 2706 2205 2776 ancillisipsi
2230 2707 2463 2761 maxime
2499 2706 2861 2763 familiaribus
2892 2708 2962 2762 ab
2991 2723 3053 2762 ea
3086 2709 3337 2773 removit,
3372 2726 3439 2763 ne

1870 2797 2161 2854 minimum
2194 2800 2415 2869 quidem
2453 2800 2659 2869 aliquid
2700 2800 2836 2854 citra
2886 2802 3220 2856 voluntatem
3257 2812 3312 2856 et
3352 2818 3441 2854 ar-

1869 2888 2097 2943 bitrium
2138 2903 2299 2942 suum
2330 2888 2398 2943 ab
2423 2903 2486 2943 ea
2518 2888 2631 2957 geri
2662 2888 3003 2957 permittens.
3044 2889 3190 2943 Idem
3246 2890 3441 2949 subdi-

1872 2988 2052 3032 torum
2081 2979 2295 3033 animos
2325 2980 2495 3034 variis
2521 2979 2699 3034 modis
2741 2980 2936 3034 blande
2973 2981 3254 3036 tractando
3281 2982 3461 3037 fratri

1869 3070 2247 3135 conciliabat,
2297 3082 2353 3124 et
2396 3071 2641 3124 omnium
2698 3070 3230 3130 administrationem
3279 3073 3329 3126 in
3381 3090 3442 3129 se
3512 3106 3518 3111 ο

1869 3160 2226 3229 suscipiebat.
2258 3162 2378 3215 Non
2412 3170 2592 3215 tamen
2622 3177 2685 3216 ea
2719 3176 2839 3230 qua:
2875 3162 2927 3215 iu
2960 3162 3264 3216 Romanum
3292 3178 3444 3216 com-

1869 3249 2037 3305 missa
2078 3250 2317 3314 fut-rant,
2352 3262 2502 3321 grata
2540 3251 2654 3306 Deo
2708 3251 2897 3314 fuisse,
2955 3251 3023 3306 de
3077 3252 3209 3321 ipsis
3266 3253 3442 3317 iniﬂis

1870 3342 2088 3412 imperii
2124 3341 2372 3401 Michaeli
2408 3343 2575 3397 certis
2602 3344 2935 3412 argumentis
2970 3343 3149 3413 colligi
3203 3355 3437 3414 poterat.

198 3434 325 3487 ma
348 3435 412 3506 δὴ
438 3436 540 3490 καὶ
572 3438 753 3500 οίκίας
783 3442 1117 3520 καταπεσεῖν
1149 3441 1239 3493 καὶ
1279 3440 1460 3504 ναούς.
1494 3441 1689 3510 Γέγονε
1710 3440 1765 3493 δὲ

1874 3433 2009 3487 Nam
2052 3433 2184 3487 hora
2227 3434 2517 3489 undecima
2556 3445 2916 3489 sacrosancta:
2966 3451 3171 3507 magna:
3199 3432 3440 3492 Domini-

199 3529 285 3578 καὶ
333 3528 492 3597 χύσις
542 3530 769 3600 ἀστέρος
833 3518 975 3585 κατὰ
1010 3532 1110 3603 τὴν
1164 3534 1297 3602 μετὰ
1328 3534 1388 3587 τὸ
1430 3534 1618 3607 Πάσχα
1650 3536 1763 3588 Κυ-

198 3619 408 3689 ριακὴν,
447 3622 579 3690 περὶ
611 3622 762 3690 ὥραν
788 3624 977 3693 τρίτην
1014 3625 1112 3693 τῆς
1136 3622 1349 3690 νυκτὸς,
1387 3628 1449 3695 τῇ
1482 3624 1760 3697 ὑπερϐολῇ

197 3711 287 3779 τῆς
312 3712 703 3784 λαμπρότητος
727 3717 854 3779 τους
888 3716 1123 3789 ἀστέρας
1154 3716 1357 3780 πάντας
1381 3716 1763 3787 ἀποκαλύψαν-

127 3788 146 3807 ⁶
197 3817 279 3861 τος
310 3800 383 3864 ὡς
437 3804 536 3855 καὶ
573 3802 722 3872 ἣλιον
750 3788 1028 3864 ἀνατεῖλαι
1074 3804 1248 3859 δοκεῖν
1270 3822 1284 3837 ’
1318 3808 1346 3858 6
1374 3806 1554 3875 μέντοι
1608 3804 1763 3874 βασι-

194 3888 312 3953 λεὺς
346 3890 558 3962 ἐλήφθη
586 3894 868 3966 δαιμονίῳ,
898 3896 925 3953 ὃ
957 3898 1053 3949 καὶ
1076 3895 1528 3966 σεμνολογοῦντες
1553 3897 1602 3948 οἱ
1634 3897 1763 3965 περὶ

194 3980 375 4034 τοῦτον
407 3984 643 4052 μανικὸν
688 3987 999 4039 ἀπεκάλουν
1039 3980 1276 4059 νόσημα.
1316 3989 1425 4042 Καὶ
1464 3986 1765 4058 παρέμεινε

193 4064 255 4122 τδ
282 4073 531 4127 τοιοῦτον
558 4074 685 4147 ἄχρι
710 4077 899 4140 τέλους
927 4070 1027 4146 τῆς
1063 4078 1230 4131 αὐτοῦ
1255 4078 1462 4149 βιοτῆς.

1873 3538 1949 3577 ea:
1977 3524 2244 3593 grandine
2277 3533 2385 3579 tant
2420 3520 2752 3579 intolerabili
2785 3525 2943 3593 pluit,
2978 3537 3036 3579 ut
3067 3542 3176 3580 non
3213 3528 3440 3582 arbores

1873 3622 2083 3691 tantum
2120 3615 2398 3681 frugifera:
2444 3615 2769 3683 sterilesque
2816 3616 3315 3688 confringercntur,
3344 3617 3439 3671 sed

1871 3708 2067 3761 domus
2132 3709 2297 3762 etiam
2370 3723 2493 3762 cum
2554 3709 2773 3778 templis
2831 3710 3054 3780 dejecta:
3095 3720 3438 3765 corruerent.

1870 3799 2142 3853 Praeterea
2177 3800 2374 3854 sideris
2392 3800 2662 3871 trajectio,
2699 3801 2980 3856 Dominica
3011 3811 3130 3871 post
3158 3803 3439 3857 Paschatis

1869 3891 2095 3955 festum,
2130 3890 2263 3944 hora
2300 3891 2457 3945 tertia
2502 3893 2677 3946 noetis
2707 3892 2940 3957 accidit;
2976 3909 3098 3946 cum
3130 3893 3351 3962 quidem
3387 3894 3441 3947 id

1864 3982 2016 4038 sidus
2044 3983 2408 4053 amplitudine
2459 3982 2687 4052 fulgoris
2730 3982 2815 4036 sui
2846 3993 3172 4038 cunctorum
3205 3984 3437 4038 aliorum

1865 4075 2113 4131 siderum
2152 4074 2453 4130 luminibus
2482 4074 2726 4129 ofﬁceret
2757 4090 2819 4129 ac
2853 4075 2934 4130 sol
2965 4075 3080 4145 ipse
3114 4075 3247 4130 oriri
3287 4074 3441 4129 vidc-

193 4176 358 4220 retur.
396 4167 591 4221 Itidem
625 4168 923 4237 imperator
956 4172 1098 4225 malo
1129 4184 1416 4242 correptus
1482 4180 1566 4227 cst
1608 4170 1790 4245 genio,
1831 4185 1996 4239 quam
2046 4185 2159 4223 rem
2223 4167 2522 4222 familiares
2569 4166 2744 4237 Ipsius
2818 4166 3130 4223 honestiore
3172 4167 3439 4223 vocabulo

194 4270 440 4333 tegentes
483 4266 753 4327 insaniam
805 4270 1099 4337 quamdam
1136 4270 1304 4322 animi
1370 4268 1661 4323 vocabant.
1730 4264 1921 4337 Neque
1980 4267 2185 4321 malum
2223 4264 2331 4319 hoc
2394 4263 2571 4337 ipsum
2638 4272 2765 4321 ante
2816 4262 2979 4318 finem
3039 4263 3159 4319 \itze
3212 4263 3438 4317 missum

190 4354 335 4414 [ιουὶι.

257 4444 393 4503 Κατ’
424 4446 605 4504 ἐκεῖνο
647 4447 714 4515 δὴ
746 4447 938 4518 καιροῦ
986 4451 1079 4500 καὶ
1110 4449 1352 4501 τοιοῦτόν
1385 4468 1438 4503 τι
1480 4450 1675 4521 συνέὅη
1708 4451 1767 4502 ὲν

189 4534 264 4605 τῷ
283 4536 486 4607 θέματι
513 4536 621 4596 τῶν
644 4537 991 4608 Θρακησίων.
1018 4539 1321 4607 Βαράγγων
1349 4540 1766 4612 διεσπαρμένων

191 4629 424 4692 γυναῖκά
454 4646 536 4690 τις
583 4629 857 4701 ἐγχωρίαν
890 4630 1066 4698 εὑρὼν
1095 4624 1181 4682 ἐπ’
1212 4633 1450 4701 ἐρημίας
1500 4634 1766 4703 ἐπειρᾶτο

193 4717 291 4787 τῆς
332 4720 699 4790 σωφροσύνης
732 4722 924 4789 αὐτῆς,
967 4722 1039 4785 ὡς
1070 4722 1124 4774 δὲ
1153 4725 1252 4774 οὐκ
1284 4723 1489 4787 ἔπειθε,
1524 4725 1614 4777 καὶ
1640 4723 1766 4799 βίαν

189 4809 285 4883 ἤδη
335 4812 567 4881 ἐπῆγεν.
606 4813 669 4865 Ἦ
721 4813 777 4865 δὲ
823 4815 915 4865 τὸν
971 4815 1242 4883 ἀκινάκην
1289 4817 1613 4884 σπασαμένη
1670 4814 1762 4867 τοῦ

189 4903 379 4977 ἀνδρὸς
414 4904 568 4956 παίει
612 4909 755 4959 κατὰ
794 4906 1021 4979 καρδίαν
1064 4907 1155 4961 τὸν
1195 4908 1504 4978 Βάραγγτ.ν,
1552 4911 1644 4968 καὶ
1672 4907 1762 4960 εὖ·-

189 4994 285 5057 θὺς
314 4996 555 5066 ἀναιρεῖ.
590 4998 696 5050 Τοῦ
726 4997 779 5049 δὲ
812 5000 976 5069 ἔργου
1021 4998 1357 5062 διαδοθέντος
1403 5003 1459 5052 ὲν
1498 5003 1563 5071 τῇ
1606 5018 1763 5071 περι-

190 5087 372 5158 χώρῳ,
400 5089 885 5159 συναθροισθέντες
912 5094 959 5144 οἱ
994 5093 1271 5161 Βάραγγοι
1304 5094 1400 5163 τήν
1434 5111 1491 5146 τε
1522 5098 1758 5165 γυναῖκα

191 5178 521 5246 στεφανοῦσι
565 5180 662 5234 καὶ
709 5181 808 5251 τὴν
854 5179 1075 5234 ἃπασαν
1125 5184 1318 5236 οὐσίαν
1373 5183 1470 5235 τοῦ
1540 5184 1762 5255 βιαστοῆ

191 5266 363 5339 ταύτῃ
388 5268 619 5337 διδόασι,
650 5270 904 5323 κάκεῖνον
936 5270 1143 5336 ᾶταςον
1176 5273 1451 5340 ῥίπτουσι.

256 5445 393 5497 Τότε
431 5445 498 5516 δὴ
532 5449 627 5500 καὶ
662 5448 888 5517 σεισμοῦ
934 5450 1235 5519 γενομένου
1279 5449 1464 5513 κακῶς
1492 5450 1659 5513 ἔπαθε
1696 5453 1764 5505 τὰ

198 5535 573 5608 Ἰεροσόλυμα,
607 5542 951 5611 τεθνηκότων
984 5543 1287 5612 ἀνθρώπων
1316 5544 1527 5596 πολλῶν
1560 5547 1617 5596 ἐν
1650 5547 1765 5608 τοῖς

194 5628 301 5683 τῶν
329 5631 640 5700 ἐκκλησιῶν
676 5635 770 5687 καὶ
815 5636 1002 5693 οἰκιῶν
1037 5636 1428 5703 συμπτιῑλμισι,
1476 5638 1764 5706 σειομένης

194 5722 288 5793 τῆς
325 5724 427 5795 γῆς
490 5726 643 5798 ἄχρις
678 5728 900 5799 ἡμερῶν
947 5735 1018 5798 μ’.
1079 5729 1168 5801 Τῷ
1214 5730 1267 5783 δέ
1308 5748 1364 5797 γε
1406 5732 1766 5802 Σεπτεμϐρίῳ

1944 4445 2159 4503 Accidit
2213 4461 2280 4501 eo
2332 4446 2634 4525 imperante
2683 4445 3076 4509 Thraceusium
3130 4447 3186 4503 in
3233 4448 3440 4502 finibus

1871 4537 2188 4611 hujusmodi
2224 4537 2515 4608 quiddam.
2558 4538 2831 4609 Dispersis
2859 4553 2963 4619 per
2982 4538 3127 4592 illam
3162 4538 3438 4623 regionem

1870 4632 1928 4688 in
1968 4630 2199 4685 hiberna
2232 4628 2514 4701 Barangis,
2549 4629 2687 4685 forte
2723 4629 2944 4699 quidam
2977 4629 3265 4689 mulierem
3297 4630 3441 4685 indi-

1799 4764 1845 4820 υ
1873 4736 2069 4790 genam
2098 4719 2152 4774 in
2187 4718 2488 4775 solitudine
2524 4729 2718 4777 nactus
2746 4719 2796 4774 ei
2827 4730 3077 4788 stuprum
3116 4718 3325 4776 inferre
3351 4736 3445 4777 00'.-

1874 4827 2035 4870 natus
2062 4825 2168 4870 est.
2216 4813 2291 4868 Ea
2329 4829 2459 4868 vero
2509 4813 2798 4882 ipsiustnet
2837 4813 3053 4873 acinace
3098 4822 3352 4882 correpto
3389 4806 3455 4867 iu

1873 4923 1969 4963 cor.
1998 4906 2305 4976 Barangum
2359 4905 2483 4961 ferit
2514 4919 2578 4959 ac
2604 4904 2788 4964 Statim
2829 4903 3113 4967 interficit.
3171 4903 3327 4969 Quod
3367 4904 3445 4958 fa-

1872 5008 2021 5054 ctum
2058 4997 2150 5053 ubi
2179 5012 2273 5067 per
2304 4996 2560 5051 viciniam
2584 4995 2938 5061 innotuisset,
2961 4996 3181 5055 coivere
3212 4996 3440 5067 Barangi

1865 5090 2074 5156 caeteri,
2103 5090 2429 5159 mulierique
2451 5088 3033 5145 coronattefacultates
3056 5090 3200 5144 illius
3223 5103 3435 5156 omnes,

1863 5185 1960 5254 qui
2002 5182 2284 5253 pudicitia:
2340 5180 2513 5248 ipsius
2553 5179 2751 5235 aﬂ‘erre
2801 5181 2909 5235 vim
2944 5180 3231 5246 voluerat,
3268 5180 3439 5233 dona-

1864 5286 2021 5339 runt,
2071 5272 2341 5331 cadavere
2378 5273 2569 5337 militis
2623 5274 2764 5332 citra
2823 5276 3118 5344 sepultura:
3173 5273 3434 5326 honorem

1863 5368 2095 5437 ahjeeto.

1940 5458 2097 5511 'l‘unc
2122 5468 2179 5511 et
2224 5454 2595 5528 llicrosolyma
2631 5468 2792 5521 terrae
2822 5467 2972 5510 motu
3006 5454 3199 5506 misere
3241 5451 3437 5505 amicta

1870 5549 2013 5612 fuit,
2047 5544 2192 5617 quod
2253 5547 2307 5600 in
2370 5548 2502 5617 ipsis
2540 5547 2865 5616 templorum
2900 5545 3211 5609 aediumque
3262 5543 3438 5597 ruinis

1874 5626 2067 5709 ingens
2123 5639 2406 5692 hominum
2467 5638 2760 5693 multitudo
2814 5634 3236 5706 opprimeretur,
3292 5640 3436 5686 terra

1871 5732 2016 5788 diem
2055 5732 2118 5786 ad
2180 5730 2657 5802 quadragesimum
2724 5741 2894 5796 usque
2954 5736 3231 5779 succussa.
3278 5720 3438 5779 Anno
