3798 6230
305 228 424 290 ἲδῧ

1554 232 1953 292 ANNALIUM
1995 234 2181 292 PARS
2225 237 2318 297 ιν.

3453 233 3573 296 59οι

304 342 495 413 Ζωήν.
536 341 685 413 Αὕτη
712 342 767 395 δὲ
815 341 1244 415 διαλογισαμένη
1285 346 1357 409 ὡς
1389 346 1485 398 οὐκ
1518 347 1581 399 ἄν
1628 364 1758 398 ποτε
1816 348 1883 400 τὰ

2016 346 2171 401 ediit.
2207 346 2280 401 Ea
2322 362 2451 404 vero
2476 362 2597 404 cum
2617 349 3008 407 deliberatione
3032 361 3216 403 secum
3240 346 3423 402 habita
3447 362 3556 401 non

303 434 473 488 κοινὰ
505 434 779 503 διεξάγειν
835 435 969 506 μόνη
1033 438 1272 499 δύναιτο,
1323 438 1413 491 τὸν
1472 439 1567 490 τοῦ
1616 438 1881 509 βασιλέως

1991 453 2151 508 posse
2171 453 2230 493 se
2254 439 2424 493 solam
2456 438 2837 494 administrare
2868 455 2980 494 rem
3013 438 3287 509 publicam
3310 436 3564 492 animad-

307 524 538 594 Μιχαὴλ
560 514 868 596 ’ὁμώνυμον
906 526 1148 592 ἀνεψιὸν,
1187 530 1437 598 Καίσαρα
1462 529 1611 592 ὄντα,
1637 530 1772 598 πρὸς
1826 531 1883 583 δὲ

2013 537 2249 595 'erteret,
2281 529 2620 598 imperatoris
2648 530 2890 585 Michaeli
2921 530 3297 601 cognominem
3328 537 3380 583 et
3412 541 3567 581 soro-

312 616 413 669 καὶ
459 616 788 687 δραστήριον
839 612 979 672 εἶναι
1013 620 1297 686 δοκοῦντα,
1350 623 1665 691 εἰσποιητὸν
1714 639 1883 693 προσο

1994 620 2071 675 ris
2100 621 2271 675 lilium
2299 656 2314 687 ,
2350 626 2442 691 qui
2480 622 2659 677 Caesar
2682 624 2995 691 designatus
3020 630 3139 677 erat
3167 629 3223 676 et
3254 618 3565 674 industrius

312 708 592 778 )ap6dvu
618 706 758 773 υίδν,
791 712 887 766 καὶ
912 713 1133 779 βασιλέα
1164 713 1350 766 τοῦτον
1375 714 1723 783 ἀναγορεύει,
1750 733 1886 786 κρα-

2013 728 2259 783 iptnsque
2288 714 2447 769 rebus
2469 714 2725 785 gerendis
2762 730 2883 771 esse
2911 716 3215 780 videbatur,
3244 714 3565 783 adeptatum
3672 706 3675 707 ⁷

310 801 561 868 τήσαντα
585 801 639 854 δὲ
666 802 798 855 ὡσεὶ
841 803 1019 873 μῆνας
1074 804 1136 869 δ’,
1167 805 1351 876 ὅρκοις
1399 806 1666 876 πρότερον
1719 807 1886 861 αὑτὸν

313 893 783 964 καταδεσμήσασα
839 896 913 959 ὡς
958 898 1156 965 κυρίαν
1226 899 1369 969 ἔχειν
1408 900 1581 971 αὐτὴν
1630 902 1725 954 καὶ
1781 919 1891 973 μηέ

315 984 457 1054 τέρα
489 984 581 1037 καὶ
631 985 705 1054 μὴ
727 986 1163 1055 παρεμποδίζειν
1205 987 1292 1057 ἐφ’
1327 982 1408 1051 οἷς
1465 988 1531 1042 ἂν
1583 991 1677 1043 καὶ
1740 990 1891 1054 ὃπως

313 1074 752 1145 διαπράττεσθαι
814 1076 1082 1144 βούλοιτο.
1144 1078 1259 1132 Καὶ
1317 1078 1481 1132 αὐτὸν
1515 1078 1570 1133 δὲ
1625 1080 1890 1149 πρότερον

316 1167 727 1237 ὀρνςανοτρόφον
758 1168 1001 1222 ἐκποδὼν
1035 1171 1353 1241 ἐποιήσατο,
1410 1172 1506 1225 καὶ
1540 1172 1890 1226 Κωνσταντῖ-

319 1279 418 1314 νον
444 1263 704 1323 ὡσαύτως
748 1263 840 1315 τὸν
872 1264 1194 1332 δομέστικον
1216 1267 1326 1320 τῶν
1372 1266 1579 1336 σχολῶν
1600 1269 1697 1338 τῆς
1717 1269 1892 1339 ἀρχῆς

317 1354 691 1425 ἀπεστέρησε.
733 1356 867 1407 Κατ’
909 1357 1078 1427 αὐτὴν
1112 1357 1212 1428 τὴν
1271 1357 1422 1428 ὥραν
1478 1360 1599 1413 καθ’
1654 1361 1719 1431 ἣν
1768 1364 1893 1416 άνεν

318 1445 469 1498 δεῖτο
504 1445 590 1512 τῷ
618 1444 933 1516 διαΐήματί
969 1451 995 1503 ό
1041 1451 1283 1523 Μιχαὴλ,
1323 1452 1583 1507 σκοτώσει
1627 1455 1720 1507 καὶ
1757 1454 1894 1523 ἰλίγεμ

319 1553 411 1603 γῳ
449 1536 674 1605 ληφθεὶς
705 1539 874 1604 ἐγγὺς
908 1534 1037 1611 ἦλθέ
1068 1558 1171 1595 που
1223 1546 1431 1611 πεσεῖν,
1473 1546 1627 1616 μόλις
1672 1546 1728 1599 δὲ
1763 1548 1894 1601 ἀναη

322 1628 578 1682 καλεῖται
650 1629 843 1699 μύροις
907 1633 1002 1686 καὶ
1062 1634 1348 1704 άρώμασι.
1407 1638 1519 1691 Καὶ
1582 1638 1641 1702 ὃς
1693 1640 1891 1695 αὐτίκα

322 1713 562 1785 δωρεαῖς
598 1727 969 1791 περιποιεῖται
1023 1700 1122 1794 τὴν
1150 1700 1473 1797 σύγκλητον.
1527 1700 1898 1800 Μεταπέμπε-
1928 1700 1972 1755 Β

326 1829 427 1865 ται
453 1812 507 1865 δὲ
532 1813 627 1880 τῆς
663 1815 882 1885 ἐξορίας
912 1818 1007 1870 καὶ
1040 1819 1452 1875 Κωνσταντῖνον
1510 1822 1602 1875 τὸν
1648 1824 1900 1893 δομέστι-

326 1922 451 1970 κον,
522 1906 615 1960 καὶ
668 1906 807 1959 οὕτω
866 1906 1024 1974 δῆθεν
1077 1911 1134 1962 ὲν
1190 1910 1393 1983 βεϐαίῳ
1455 1911 1613 1977 δόξας
1676 1915 1899 1970 ἑστάναι

325 1996 620 2064 παρευθὺς
651 1994 859 2054 πίπτει.
890 1998 1190 2070 Γράμμασι
1231 2002 1339 2073 γὰρ
1369 2003 1463 2056 τοῦ
1488 2004 1900 2076 ὀρφανοτρόφου

212 2112 221 2115 ’
326 2086 438 2144 καὶ
467 2087 682 2157 βουλαῖς
709 2089 801 2157 τοῦ
827 2088 1170 2157 δομεστίκου,
1208 2092 1474 2160 λεγόντων
1503 2095 1578 2164 μὴ
1619 2096 1901 2151 πιστεύειν

322 2183 399 2249 τῇ
432 2180 690 2249 βασιλίδι,
724 2181 799 2244 ὡς
829 2183 894 2236 ἂν
930 2182 1003 2252 μὴ
1037 2184 1198 2238 πάθοι
1259 2187 1359 2240 ὅσα
1417 2188 1480 2258 δὴ
1535 2192 1631 2243 καὶ
1679 2191 1902 2261 Μιχαὴλ

325 2271 436 2327 καὶ
473 2267 753 2339 Ῥωμανδς
784 2273 1061 2342 γοητείαις
1109 2274 1203 2329 ἆτε
1233 2278 1360 2343 παρ’
1400 2279 1577 2349 αὐτῆς
1610 2296 1901 2351 ,κατεργα-

329 2358 579 2424 σθέντες,
639 2361 970 2432 διεγείρεται
1033 2366 1127 2419 καὶ
1182 2367 1473 2439 ἐπιϐουλὴν
1554 2371 1675 2423 κατ’
1731 2374 1907 2441 αὐτῆς

330 2450 564 2521 μελετᾷ.
601 2453 785 2504 Θέλων
816 2454 871 2505 δὲ
902 2456 996 2508 καὶ
1036 2456 1129 2509 τὸν
1159 2456 1285 2511 λαὸν
1333 2459 1481 2523 ἰδεῖν,
1537 2461 1697 2532 εἴπερ
1729 2464 1903 2517 εύνοῖφ

329 2545 453 2606 κῶς
499 2545 634 2614 πρὸς
665 2546 828 2598 αὑτὸν
887 2547 1177 2614 διάκειται,
1213 2551 1306 2603 καὶ
1337 2552 1514 2615 οὕτως
1545 2554 1903 2625 ἐπιχειρῆσαι

328 2636 408 2706 τῇ
438 2634 723 2707 ἐπιϐουλῇ,
752 2638 967 2692 κελεύει
1009 2640 1263 2705 γενέσθαι
1314 2643 1657 2710 προέλευσιν.
1712 2648 1826 2717 Ἐφ’
1868 2642 1904 2724 ᾗ

332 2726 442 2779 καὶ
506 2727 717 2791 πάντας
770 2727 893 2781 ἰδὼν
944 2728 1020 2791 ὡς
1072 2732 1122 2784 εί
1169 2733 1395 2786 δυνατὸν
1442 2736 1537 2788 καὶ
1578 2735 1675 2798 τὰς
1728 2737 1906 2808 ψυχὰς

333 2820 594 2889 προϊέναι
653 2822 813 2896 χάριν
876 2822 1043 2891 τιμῆς
1101 2821 1266 2877 αὐτοῦ
1342 2824 1439 2878 καὶ⁸
1499 2826 1939 2897 λαμπρότητος,⁴

331 2906 574 2965 ἅπτεται
617 2912 716 2981 τῆς
754 2913 1069 2983 ἐπιϐουλῆς.
1120 2915 1333 2978 Νυκτὸς
1383 2915 1476 2971 οὖν
1524 2922 1785 2991 κατασπᾷ
1815 2920 1906 2974 τοῦ

1994 803 2098 857 sibi
2128 804 2394 873 adjungit,
2421 822 2484 860 ac
2526 804 2692 859 ﬁlium
2726 806 3222 875 imperatoremque
3256 802 3563 860 renuntiari

1994 904 2169 949 curat.
2200 895 2420 950 Prwl‘uit
2454 896 2615 949 rebus
2635 908 2847 949 menses
2870 894 2936 948 ad
2964 904 3217 963 quatuor.
3241 894 3577 961 Priusquam.

1996 984 2226 1054 imperio
2255 987 2547 1051 p0tirctur,
2572 987 2681 1047 Zoe
2711 986 3068 1041 sacramentis
3087 1001 3213 1039 eum
3248 983 3613 1073 obstrinxit”

1996 1086 2056 1130 ut
2086 1075 2443 1147 polliceretur
2479 1091 2541 1132 se
2580 1077 2702 1132 loco
2729 1076 2968 1133 dominae
2998 1090 3061 1131 ac
3091 1077 3290 1133 matris,
3319 1090 3437 1128 eam
3470 1074 3569 1127 ba-

1998 1167 2390 1235 biturum,!nec
2432 1168 2538 1222 ulla
2575 1184 2633 1223 re
2690 1168 2934 1224 futurum
2984 1168 3380 1236 impedimento
3430 1176 3573 1234 quoq

2001 1259 2183 1313 minus
2226 1260 2318 1318 illa
2356 1276 2479 1330 quae
2513 1260 2697 1325 vellet,
2735 1260 2894 1329 317
2921 1274 3138 1329 quoque
3166 1267 3325 1327 pacto
3361 1256 3572 1311 collibie

1999 1360 2116 1407 tum
2150 1359 2320 1419 esset,
2355 1352 2540 1405 omnia
2579 1361 2816 1421 gereret.
2875 1352 3143 1405 Praeterea
3177 1350 3442 1407 Joannem
3474 1363 3575 1416 pu-

2000 1444 2255 1514 pillorum
2280 1443 2562 1497 alumnum
2593 1443 2662 1497 ab
2695 1442 3308 1501 administrationemox
3324 1439 3392 1495 ab
3418 1438 3591 1495 initio,

2003 1536 2272 1600 removit,
2297 1534 2656 1590 Constantino
2683 1550 2899 1605 quoque
2933 1534 3236 1593 domestico
3264 1531 3576 1588 scholarum

2004 1625 2326 1693 magistratu
2354 1624 2636 1695 abrogato.
2668 1622 2970 1691 Michaelus
2992 1638 3057 1678 ea
3093 1624 3227 1692 ipsa,
3255 1636 3363 1691 qua
3386 1621 3575 1679 diade-

2001 1723 2145 1775 mate
2204 1713 2549 1785 cingebatur,
2613 1715 2747 1770 hora
2805 1715 3087 1770 oculorum
3132 1715 3454 1785 oaligatione
3511 1730 3577 1771 ac

2001 1807 2269 1877 vertigine
2297 1815 2590 1876 correptus
2615 1823 2807 1877 parum
2835 1794 3012 1862 abfuit
3036 1808 3168 1877 quin
3191 1807 3575 1870 collaberetur,

2000 1897 2202 1966 vixque
2236 1896 2454 1951 tandem
2502 1898 2796 1966 unguentis
2851 1908 2908 1953 et
2960 1898 3296 1957 aromatibus
3340 1902 3578 1953 reiectus

2001 1997 2105 2042 est.
2137 1989 2349 2045 Corona
2384 1988 2590 2057 potitus
2620 2004 2744 2043 mox
2774 1987 3158 2058 largitionibus
3183 1988 3287 2042 sibi
3326 1997 3575 2043 senatum

2002 2077 2283 2137 conciliat.
2315 2078 2567 2149 Cumque
2616 2079 3034 2141 Constantinum
3086 2080 3445 2139 domesticum
3508 2081 3578 2136 ab

2005 2172 2207 2226 exsilio
2241 2182 2590 2237 revocasset,
2641 2187 2812 2242 seque
2860 2174 2971 2243 jam
3006 2173 3060 2228 in
3113 2182 3229 2228 tuto
3275 2173 3578 2228 consistere

2004 2268 2249 2330 putaret,
2300 2263 2486 2322 subito
2540 2264 2776 2321 corruit.
2818 2264 3122 2355 Persuasus
3155 2265 3579 2349 enint‘Joannis

2005 2354 2341 2424 pupillorum
2376 2355 2599 2409 alumni
2638 2356 2839 2410 litteris
2876 2367 2930 2410 et
2960 2356 3245 2411 domestici
3301 2356 3577 2419 consiliis,

2009 2446 2105 2519 qui
2156 2446 2408 2500 dicerent
2443 2445 2601 2501 fidem
2636 2447 2974 2517 imperatrici
3000 2462 3109 2502 non
3141 2438 3468 2512 habendam,
3511 2463 3584 2501 ne

2008 2538 2375 2593 usuvenirent
2402 2539 2593 2594 eadem
2627 2540 2728 2610 ipsi
2752 2555 2872 2609 quae
2899 2539 3197 2595 Michaelus
3220 2548 3277 2594 et
3305 2540 3584 2594 Romanus

2007 2627 2253 2696 perpessi
2299 2626 2568 2693 fuissent,
2616 2643 2755 2698 quos
2800 2628 2890 2684 illa
2920 2628 3203 2685 veneﬁciis
3251 2630 3582 2691 sustulisset.

2009 2715 2240 2769 excitari
2289 2730 2348 2770 se
2403 2726 2594 2771 contra
2626 2717 2771 2771 illam
2805 2732 2997 2787 passus
3026 2727 3144 2781 est,
3182 2728 3255 2787 ut
3288 2718 3407 2787 ejus
3455 2718 3585 2772 vita

2012 2806 2369 2861 insidiaretur
2402 2824 2415 2860 :
2452 2818 2686 2878 cumque
2720 2810 2907 2878 pepuli
2932 2825 3146 2878 quoque
3180 2819 3389 2864 tentare
3413 2810 3579 2867 vellet

2014 2896 2248 2961 animos,
2286 2905 2346 2951 ut
2376 2911 2736 2968 cognosceret
2778 2915 2845 2953 an
2878 2900 3023 2954 illius
3053 2902 3235 2969 aliqua
3270 2902 3410 2955 foret
3438 2902 3492 2955 iu
3523 2915 3584 2955 se

332 3000 536 3072 θρόνου
554 3003 649 3056 καὶ
671 2972 913 3073 ῖ-ξορίζει
945 2972 1115 3077 αύτὴν
1153 3006 1234 3070 είς
1269 2972 1595 3079 Πρίγκιπον,
1634 2972 1904 3077 κελεύσας

2013 2988 2423 3057 benevolentia,
2455 3006 2561 3060 qua
2590 2998 2872 3061 perspecta
2913 3002 3125 3046 struere
3152 3000 3404 3061 pergeret
3447 2993 3585 3047 insi-

332 3094 456 3154 τοῖς
478 3093 879 3164 άποκομίζουσι
910 3097 1003 3149 καὶ
1034 3098 1134 3161 τὰς
1166 3098 1361 3169 τρίχας
1412 3101 1577 3170 αὐτῆς
1611 3103 1904 3174 ἀποκεῖραι

332 3184 602 3255 καὶπρὸς
635 3187 796 3241 αὑτὸν
832 3189 1002 3251 αὐτάς
1034 3190 1285 3257 ἀγαγεῖν.
1322 3190 1539 3246 Γίνεται
1582 3194 1776 3259 ταῦτα,
1812 3196 1907 3249 καὶ

334 3276 596 3345 ἀναφορὰ
629 3276 717 3329 διὰ
748 3277 840 3329 τοῦ
897 3280 1137 3350 ἐπάρχου
1191 3280 1267 3351 τῷ
1323 3282 1437 3353 λαῷ
1474 3278 1906 3353 ἀναγινώσκεται

336 3369 407 3421 ὲν
467 3366 545 3436 τῷ
589 3367 682 3422 τοῦ
729 3368 1145 3424 Κωνσταντίνου
1193 3365 1407 3441 φόρῳ,”
1444 3375 1775 3445 περιέχουσα
1826 3378 1908 3431 ὅτι

341 3456 685 3528 Κακόνουςή
716 3458 839 3527 Ζωὴ
873 3460 1000 3529 περὶ
1045 3461 1145 3531 τὴν
1173 3461 1453 3532 βασιλείαν
1490 3482 1590 3535 μου
1614 3466 1911 3536 εὑρεθεῖσα

336 3548 648 3617 ἑξορίζεται
700 3550 830 3621 παρ’
875 3552 1048 3620 ἐμοῦ·
1103 3554 1260 3624 ὑμεῖς
1307 3555 1365 3607 δὲ
1418 3554 1577 3624 εἴπερ
1654 3557 1913 3622 εὐνοϊκῶς

336 3640 623 3699 διάκεισθε
668 3645 804 3712 πρός
857 3662 945 3712 με,
980 3645 1184 3714 μᾶλλον
1239 3647 1506 3723 ἀξιωθῆτε
1554 3648 1753 3718 τιμῶν.
1801 3650 1915 3704 Καὶ

336 3735 694 3806 παραχρῆμα
779 3737 934 3808 φωνὴ
1012 3737 1337 3802 ἐξακούεται
1416 3740 1561 3796 οὕτω
1631 3743 1909 3811 λέγουσα”

342 3847 366 3880 ε
430 3828 621 3895 Ἡμεῖς
656 3833 1047 3899 σταυροπάτην
1079 3832 1414 3900 Καλαφάτην
1451 3832 1680 3901 βασιλέα
1710 3835 1771 3888 ού
1826 3834 1914 3887 θέ-

334 3916 536 3987 λομεν,
594 3920 727 3973 ἀλλὰ
778 3920 877 3990 τὴν
929 3920 1263 3991 κληρονόμον
1337 3923 1432 3974 καὶ
1488 3925 1700 3994 μητέρα
1758 3926 1919 3995 ἡμῶν

336 4008 529 4077 Ζωήν.
573 4026 593 4061 ι
643 4009 805 4061 Ἀλλά
838 4010 930 4062 καὶ
962 4008 1120 4063 τοῦτο
1152 4010 1289 4079 πρὸς
1317 4011 1432 4074 τοῖς
1478 4012 1659 4077 ἄλλοις
1705 4014 1875 4069 ἐϐόων
1896 4032 1912 4045 ’

347 4117 371 4152 ε
426 4099 791 4169 Ἀνασκαφείη
825 4102 891 4153 τά
927 4102 1063 4154 ὀστᾶ
1105 4101 1198 4155 τοῦ
1226 4103 1582 4171 Καλαφάτου.
1622 4124 1640 4157 ι
1676 4107 1786 4159 Καὶ
1819 4109 1916 4160 λα-

339 4188 536 4253 ϐόντες
588 4190 655 4243 τά
715 4192 1099 4261 παρατυχόντα
1137 4192 1269 4257 ξύλα
1316 4196 1469 4264 παρὰ
1518 4194 1613 4248 τοῦ
1667 4197 1917 4267 ἐπάρχου

1984 3080 2151 3151 dias,
2192 3096 2510 3151 processum
2553 3082 2831 3152 publicum
2889 3083 3103 3137 institui
3139 3083 3332 3154 jubet,
3380 3085 3433 3142 in
3476 3100 3586 3154 quo

2011 3188 2138 3230 cum
2166 3189 2288 3230 eam
2320 3176 2376 3229 in
2426 3175 2685 3231 omnibus
2728 3175 3067 3230 alacritatem
3104 3185 3385 3240 cerneret,
3440 3186 3497 3228 ut
3538 3176 3585 3230 si

2015 3262 2133 3316 fieri
2186 3271 2390 3331 posset,
2428 3263 2594 3317 etiam
2653 3264 2864 3323 animas
2923 3279 2987 3318 ac
3046 3264 3214 3323 vitam
3268 3279 3370 3333 pro
3412 3264 3587 3330 ipsius

2013 3354 2224 3413 hon’ore
2256 3355 2633 3427 dignitateque
2673 3355 3072 3427 profundercnt
3102 3395 3116 3421 ,
3177 3355 3243 3409 ad
3281 3356 3587 3411 moliendas

2020 3446 2247 3502 insidias
2309 3462 2430 3502 sese
2492 3458 2793 3518 comparat.
2831 3448 3020 3517 Itaque
3058 3456 3222 3503 noctu
3276 3448 3413 3503 solio
3439 3448 3590 3517 deje-

2015 3544 2158 3590 ctam
2194 3536 2511 3609 principum
2552 3538 2771 3608 ablegat
2826 3538 2921 3593 ubi
2965 3539 3261 3607 exsularct,
3322 3538 3590 3609 imperato

2017 3625 2441 3698 deportantibus
2474 3637 2535 3685 ut
2563 3631 2787 3700 capillos
2810 3630 2859 3684 ei
2890 3630 3149 3685 raderent
3178 3640 3232 3686 et
3265 3630 3486 3693 eosdem
3521 3632 3591 3687 ad

2019 3734 2079 3775 se
2117 3720 2417 3777 deferrent.
2446 3720 2543 3779 His
2577 3722 2650 3777 ita
2678 3724 2866 3792 gestis,
2908 3725 3198 3792 praefectus
3233 3726 3390 3782 urbis
3441 3734 3594 3781 acto—

2018 3827 2141 3866 rum
2194 3814 2518 3869 relationem
2573 3829 2637 3870 ac
2688 3814 2953 3884 populum
2997 3815 3065 3869 de
3119 3816 3323 3885 scripto
3372 3818 3595 3873 nomine

2018 3902 2369 3970 imperatoris
2404 3905 2456 3958 in
2485 3902 2831 3960 Constantini
2885 3904 3006 3959 loro
3041 3905 3227 3962 verbis
3277 3905 3594 3975 hujusmodi

2019 3994 2215 4048 recitat
2249 4013 2263 4050 :
2307 4013 2326 4048 ι
2363 3995 2532 4064 Zoen,
2574 3997 2722 4067 quod
2752 4011 2870 4051 eam
2907 3997 3142 4067 imperio
3175 3986 3298 4053 meo
3326 3998 3596 4055 malitiose

2020 4086 2333 4141 insidiatam
2390 4103 2511 4145 esse
2562 4088 3085 4158 deprehenderem',
3136 4088 3313 4144 solum
3374 4098 3597 4145 vertere

2014 4180 2178 4250 jussi.
2202 4179 2333 4246 Vos,
2373 4180 2649 4251 siquidem
2683 4180 2739 4234 in
2773 4180 3157 4237 benevolentia
3190 4196 3319 4251 erga
3350 4196 3437 4239 me
3474 4197 3597 4251 per-

340 4280 859 4350 φὲρονταισκαὶὸς
916 4286 1061 4354 φυγῇ
1120 4284 1477 4355 χρησάμενος
1533 4286 1688 4355 μόλις
1726 4289 1908 4342 διεσώ-

2022 4270 2277 4326 stiteritis
2299 4309 2314 4334 ,
2345 4272 2584 4328 honores
2613 4273 3057 4344 consequemini.
3102 4292 3120 4325 ι
3157 4272 3295 4327 Tum
3338 4288 3464 4330 vero
3492 4288 3598 4331 vox

338 4374 495 4437 ζετο.
542 4373 597 4426 'U
627 4375 681 4426 δὲ
712 4375 841 4439 λαὸς
866 4378 943 4437 εἰς
975 4378 1071 4448 τὴν
1102 4378 1404 4447 ἐκκλησίαν
1436 4377 1766 4433 καταλαϐὼν
1790 4380 1912 4433 ἐδυ-

344 4468 560 4535 σφήμει
586 4469 677 4521 καὶ
718 4469 863 4537 μάλα
916 4471 1009 4522 τὸν
1061 4470 1308 4540 βασιλέα,
1353 4472 1670 4526 ἀνεκαλεῖτο
1724 4472 1915 4544 δὲτὴν

342 4560 507 4629 Ζωὴν
542 4562 637 4632 ὅλῃ
668 4563 835 4633 ψυχῇ.
868 4564 1021 4617 Μετὰ
1047 4563 1106 4617 δὲ
1150 4563 1325 4617 ταῦτα
1378 4564 1514 4637 πρὸς
1547 4565 1608 4617 τὸ
1653 4565 1916 4623 παλάτιον

341 4642 633 4721 ἔρχονται,
667 4657 1001 4723 καταγαγεῖν
1033 4657 1125 4708 τὸν
1169 4654 1399 4724 βασιλέα
1443 4656 1779 4725 βουλόμενοι.
1820 4660 1917 4721 Ὃς

344 4747 452 4803 καὶ
490 4746 742 4814 «sonaci;
764 4747 939 4816 ἤγαγε
989 4745 1087 4817 τὴν
1134 4747 1309 4815 Ζωὴν,
1358 4749 1453 4801 καὶ
1506 4748 1783 4811 ἀποδύσας
1820 4749 1923 4802 αὖ·

344 4837 458 4907 τὴν
487 4838 555 4891 τὰ
591 4837 862 4907 μοναχικά
900 4838 1202 4908 βασιλικοῖς
1233 4838 1509 4909 ὲκόσμησε
1567 4837 1932 4909 περιὸλήμα-τ.

348 4944 465 4982 σιν.
501 4927 616 4980 Εἶθ’
656 4927 831 4991 οὕτως
880 4927 958 4997 τῷ
989 4927 1105 4999 λαῷ
1163 4930 1560 5000 δημηγορήσας
1617 4931 1710 4983 καὶ
1751 4931 1920 5001 μηδὲν

346 5020 558 5082 ἀνύσας
590 5019 805 5089 (ὕϐρεσι
836 5020 945 5088 γὰρ
976 5020 1175 5089 μᾶλλον
1198 5020 1460 5073 ὲπλύνετο
1494 5021 1589 5075 καὶ⁵
1618 5020 1788 5084 λίθοις
1822 5022 1920 5079 καὶ

347 5108 534 5175 τόξοις
589 5107 888 5175 ὲῦάλλετο),
943 5107 1086 5173 ἔγνω
1137 5108 1245 5160 δεῖν
1290 5110 1347 5160 ἐν
1388 5109 1455 5176 τῇ
1491 5112 1623 5178 μονῇ
1668 5110 1923 5168 Στουδίου

348 5198 639 5255 ἀπελθεῖν.
683 5199 741 5250 '0
772 5199 826 5251 δὲ
859 5198 1180 5266 δομέστικος
1214 5197 1313 5250 οὐκ
1347 5198 1558 5267 ἀφῆκεν
1574 5197 1761 5263 αὑτὸν,
1787 5198 1924 5263 ἀλλά

350 5290 623 5360 γενναίως
657 5291 973 5359 ἀντιστῆναι
1005 5278 1311 5361 παρέπεισε
1355 5289 1503 5358 καὶῆ
1558 5289 1922 5360 ὑπερισχῦσαι

350 5386 393 5452 ἢ
419 5383 713 5452 βασιλικῶς
749 5381 1069 5436 ἀποθανεῖν.
1114 5379 1527 5447 Ἐτοιμάζονται
1558 5380 1633 5443 ὡς
1659 5375 1805 5450 εἶχον
1830 5381 1923 5434 δυ-

349 5475 598 5543 νάμεως.
641 5471 818 5544 Τριχῇ
838 5472 929 5526 οὖν
955 5474 1003 5525 οἱ
1034 5472 1128 5525 τοῦ
1175 5472 1350 5541 δήμου
1402 5473 1790 5542 διαιρεθέντες,
1818 5472 1924 5525 ὥσ-

353 5583 470 5633 περ
500 5564 566 5634 δὴ
597 5557 690 5616 καὶ
712 5565 760 5616 οἱ
784 5564 915 5632 περὶ
952 5563 1043 5616 τὸν
1090 5562 1332 5631 Μιχαὴλ,
1367 5563 1487 5615 κατ’
1517 5561 1757 5630 ἀλλήλων
1791 5561 1925 5629 ἐχώ-

355 5674 514 5743 ρουν.
553 5655 744 5723 Ἔνθεν
780 5672 861 5707 τοι
903 5657 995 5715 καῖ
1032 5657 1094 5713 ἐκ
1137 5653 1229 5706 τοῦ
1261 5653 1433 5720 δήμου
1470 5654 1653 5703 πίπτει
1678 5650 1801 5714 λαὸς
1824 5652 1925 5717 οὐκ

2022 4364 2272 4432 quaedam
2335 4363 2655 4432 huiusmodi
2711 4364 2896 4421 subito
2956 4363 3214 4420 exaudita
3264 4372 3350 4419 est
3382 4381 3396 4418 :
3429 4382 3449 4417 ι
3487 4365 3613 4427 Nos

2023 4454 2464 4523 proculcatorem
2498 4456 2679 4511 crucis
2699 4455 3052 4527 Calapbatem
3084 4457 3472 4535 imperatorem
3501 4457 3599 4512 ha-

2023 4545 2152 4601 bere
2184 4547 2462 4613 nolumus,
2490 4549 2584 4606 sed
2617 4549 2763 4604 Zoen
2797 4559 3029 4609 matrem
3064 4557 3304 4612 nostram
3332 4558 3389 4604 et
3427 4549 3600 4619 impes

2023 4635 2091 4689 rii
2142 4637 2444 4704 luere-dem.
2510 4657 2528 4691 ι
2604 4639 2909 4696 Clamatum
2975 4641 3142 4698 etiam
3218 4642 3361 4699 inter
3428 4643 3593 4698 alia:

2029 4744 2048 4789 ι
2088 4728 2412 4786 Evertantur
2438 4747 2562 4812 ossa
2590 4732 2923 4806 Calapbatae.
2946 4751 2967 4787 ι
3003 4734 3133 4798 Mox
3156 4735 3424 4805 correptis
3452 4735 3597 4791 saxis

2024 4830 2081 4877 et
2134 4822 2425 4891 quibusvis
2455 4824 2622 4895 lignis
2655 4823 2977 4895 pra-fectum
3028 4826 3186 4882 urbis
3219 4835 3453 4897 petunt;
3500 4827 3595 4897 qui

2026 4924 2247 4985 arrepta
2298 4914 2420 4987 luga
2453 4919 2542 4979 vix
2579 4917 2739 4977 saluti
2771 4932 2885 4979 sua;
2911 4918 3200 4975 consulere
3229 4919 3429 4990 potuit.
3466 4920 3597 4975 ludo

2028 5016 2298 5076 occupato
2347 5009 2549 5077 templo
2601 5010 2871 5065 conviciis
2920 5011 3152 5080 populus
3209 5011 3593 5082 imperatorem

2028 5098 2360 5165 gravissimis
2387 5099 2793 5168 proscindebat,
2830 5110 3055 5172 totoque
3083 5102 3452 5179 animistutlio
3475 5102 3598 5157 Zoae

2030 5203 2231 5243 nomen
2271 5188 2626 5248 inclamabat.
2665 5189 2840 5262 thue
2891 5192 3250 5248 deturbarent
3306 5193 3598 5263 imperato-

2032 5296 2172 5346 rem,
2205 5282 2271 5340 ad
2306 5283 2566 5352 palatium
2598 5286 3025 5349 contendebant.
3057 5287 3108 5344 Is
3140 5301 3270 5340 vero
3297 5294 3445 5339 metu
3474 5299 3597 5353 pcr-

2029 5364 2216 5426 culsu's
2271 5373 2417 5433 Zoen
2481 5373 2536 5438 in
2574 5375 2762 5445 populi
2810 5387 3167 5445 conspectum
3213 5372 3498 5426 adductam
3544 5380 3599 5426 et

2032 5466 2340 5521 monastico
2376 5466 2569 5531 habitu
2617 5476 2835 5521 exulam
2870 5465 3222 5536 imperatorio
3256 5478 3441 5516 rursus
3464 5465 3598 5517 ami-

2030 5568 2120 5620 ctu
2154 5558 2463 5612 exornavit.
2491 5558 2694 5613 Deinde
2713 5560 2776 5612 ad
2803 5558 3064 5627 pnpllllllll
3092 5553 3355 5610 concione
3388 5553 3593 5619 halitu,

2033 5667 2166 5715 runt
2219 5648 2352 5713 nihil
2412 5650 2737 5715 qlitititiisset
2790 5646 3161 5727 {Inagiswﬂill'
3227 5658 3386 5707 ιιυείιι
3439 5655 3593 5705 iusim
