3798 6230
457 281 560 340 Its-3

1724 275 2141 334 MlCllAELlS
2180 276 2439 334 GLYCE
3555 273 3633 333 630

457 393 568 460 puli
607 392 819 444 animos
852 389 1070 456 ineptus
1097 397 1236 440 crat.
1269 385 1386 468 Sub
1425 384 1641 440 initium
1676 386 1891 456 imperii
1924 386 2022 440 Mi-

2127 386 2458 455 ἁξιωμάτων
2495 385 2588 439 καὶ
2637 385 2746 438 τῶν
2797 387 3040 453 συνήθων
3087 380 3305 451 δωρεῶν
3371 380 3514 446 περὶ
3566 381 3635 432 τοῦ

453 485 628 538 chaeii
655 497 908 551 proceres
938 480 1257 544 orientales,
1288 463 1570 548 iniquibus
1595 489 1751 532 crant
1779 478 2017 532 Isaacius

452 574 783 632 Comnenus,
815 573 1080 640 dignitate
1119 572 1398 639 magister,
1429 570 1682 625 Cataealo
1719 569 2018 624 Ambustus

450 674 508 719 et
550 666 663 727 alii,
697 681 792 731 pro
829 681 980 719 more
1032 667 1212 732 prisco
1259 666 1646 734 imperatorem
1680 665 1918 722 adibant.
1959 671 2020 716 ut

456 754 524 808 ab
561 755 676 822 ipso
710 755 969 821 honores,
1008 756 1298 824 dignitates
1341 765 1710 824 consuetaque
1744 754 2018 824 congiaria

452 847 832 914 impetrarent.
920 848 1026 900 Eos
1079 849 1377 915 impetator
1435 847 1618 916 petius
1671 844 2021 899 contumeliis

449 929 674 984 aﬁ‘ectos
731 948 892 999 quam
958 943 1182 987 ornatos
1235 933 1305 987 ab
1359 949 1419 989 se
1476 949 1767 988 munerum
1817 947 2022 986 vacuos

451 1021 682 1075 dimisit.
748 1021 1090 1092 QuaprOpter
1140 1028 1194 1078 in
1249 1041 1445 1095 magno
1497 1026 1592 1080 Dei
1659 1026 1862 1094 templo
1917 1024 2022 1078 sub

454 1112 816 1182 jurisjurandi
847 1114 1109 1182 religione
1133 1116 1257 1170 data
1288 1125 1343 1170 et
1371 1123 1592 1186 accepta
1617 1115 1742 1182 ﬁde,
1776 1129 2022 1170 commu-

455 1208 624 1272 nique
663 1221 932 1260 consensu
967 1193 1449 1276 et‘suﬁ‘ragatione
1473 1207 1754 1262 Comncno
1789 1208 2024 1276 impera-

458 1304 574 1345 tore
604 1293 908 1362 designato,
937 1295 1158 1349 domum
1191 1299 1419 1365 quisque.
1443 1313 1594 1350 suam
1628 1299 2020 1355 discesserunt.

457 1383 548 1436 liis
577 1385 736 1437 rebus
767 1385 1003 1454 cognitis
1032 1387 1332 1455 imperator
1364 1388 1613 1442 maximis
1641 1388 2022 1458 largitionibus

454 1475 559 1526 sibi
595 1475 796 1528 civium
853 1475 1066 1531 animos
1117 1477 1359 1546 itemque
1391 1479 1736 1547 gravissimis
1773 1496 2026 1535 exsecra-

455 1564 697 1618 tionibus
729 1566 1042 1636 obstringit,
1097 1577 1154 1621 ut
1186 1584 1296 1622 uno
1326 1583 1596 1623 consensu
1634 1571 2026 1640 pollicerentur

456 1673 739 1727 nunquam
782 1675 841 1714 se
898 1660 1240 1715 Comnenum
1291 1662 1660 1724 admissuros,
1701 1665 1818 1733 ipso
1861 1665 2024 1718 etiam

2127 478 2396 546 βασιλέως
2426 481 2634 548 τυχεῖν.
2705 477 2846 530 Ἀλλ’
2889 477 3085 536 αὐτοὺς
3143 474 3336 533 κενοὺς
3384 472 3635 541 ἐκπέμπει,

2126 569 2335 630 πλύνας
2373 569 2574 638 μᾶλλον
2611 569 2834 639 ὕϐρεσιν
2864 566 3081 630 αύτούς.
3125 564 3242 633 Ἐφ’
3297 558 3342 632 ᾧ
3375 562 3542 626 δόντες
3567 567 3638 616 καὶ

2125 657 2382 718 λαϐόντες
2413 658 2605 725 ὅρκους
2631 657 2688 708 ὲν
2718 658 2781 724 τῇ
2811 654 2901 707 τοῦ
2933 653 3065 706 Θεοῦ
3122 651 3389 723 ἐκκλησία
3418 651 3504 702 καὶ
3533 669 3641 718 soa-

2127 747 2478 815 φωνήσαντες
2535 745 2626 797 τὸν
2691 745 2972 813 Κ-ομνηνὸν
3031 743 3396 809 ἀναγορεῦσαι
3458 741 3643 809 sane;

2125 840 2307 892 οἴκαδε
2344 837 2614 907 ἀπῄεσαν.
2650 837 2748 887 Διὰ
2771 836 2899 903 γοῦν
2917 835 3086 888 ταῦτα
3115 838 3142 887 6
3171 832 3425 904 βασιλεὺς
3455 831 3644 898 δωρεαῖς

2130 928 2418 997 μεγίσταις
2446 927 2573 988 τοὺς
2606 925 2827 986 πολίτας
2855 925 3097 991 ὲμπεδοί,
3124 924 3216 976 καὶ
3238 924 3402 990 ἀραῖς
3436 919 3644 988 βάρεξατς

2128 1019 2552 1089 συμφωνοῦντας
2597 1019 2674 1088 μὴ
2718 1016 3119 1087 προσδέξασθαι
3149 1014 3540 1072 τὸνίσαὰκιον,
3592 1015 3642 1081 τῇ

2129 1112 2292 1183 βουλῇ
2320 1113 2493 1184 ταύτῃ
2520 1114 2619 1167 acati.
2674 1113 2936 1183 ὁμολογίᾳ
2995 1113 3091 1165 καὶ
3152 1109 3321 1178 αὐτῆς
3382 1107 3646 1174 συγκλήτου

2129 1204 2582 1274 κατατιθεμένης·
2609 1207 2675 1274 τῇ
2712 1205 2816 1272 γὰρ
2873 1202 3090 1271 ἐξουσία
3121 1199 3533 1269 πειθαρχοῦντες
3573 1200 3646 1248 καὶ

2127 1296 2493 1367 γραμματείῳ
2550 1296 2728 1350 ταῦτα
2794 1297 3122 1366 βεϐαιοῦσιν.
3180 1293 3322 1345 Ἀλλ’
3401 1293 3476 1352 εἰς
3521 1291 3644 1344 οὐδὲν

2129 1388 2305 1455 ὤνησε
2340 1386 2554 1441 ταῦτα’
2586 1386 2679 1440 τοῦ
2723 1387 2832 1457 γὰρ
2875 1386 3148 1441 Ἰσαακίου
3193 1383 3527 1450 ἐπιθεμένου,
3571 1383 3644 1432 καὶ

2128 1479 2223 1532 τοῦ
2249 1479 2591 1550 πατριάρχου
2628 1479 3132 1549 συμϐουλεύσαντος
3150 1477 3315 1547 δῆθεν
3336 1476 3412 1544 τῷ
3450 1473 3643 1542 βασιλεῖ,

2129 1571 2294 1632 αὐτὸς
2349 1571 2446 1639 μὲν
2475 1570 2900 1640 ὲξίσταται.τῆς
2949 1570 3250 1640 βασιλείας,
3293 1566 3646 1634 ἀναγορεύεται

2099 1693 2103 1698 -
2130 1665 2186 1716 δὲ
2211 1666 2238 1716 6
2265 1663 2514 1734 βασιλεὺς
2553 1663 2839 1731 Ῥωμαίων
2866 1666 2893 1716 6
2940 1663 3222 1732 Κομνηνὺς
3260 1659 3536 1722 Ἰσαάκιος,
3574 1657 3648 1708 καὶ

456 1761 651 1804 senatu
707 1752 996 1806 consilium
1053 1753 1158 1807 hoc
1218 1753 1646 1822 unanimemque
1693 1769 2022 1809 consensum

2127 1758 2318 1824 κρατεί
2339 1755 2433 1824 ἐτη
2468 1753 2532 1824 β’.

453 1845 814 1914 approbante,
864 1863 927 1902 ac
981 1849 1188 1917 scripto
1236 1865 1349 1903 rem
1421 1859 1588 1905 totam
1648 1851 2030 1912 conﬁrmante,
2071 1851 2218 1921 quod
2293 1851 2585 1921 imperium
2651 1849 3180 1919 Michaeli'propter
3223 1850 3345 1920 ejus
3391 1843 3647 1917 potentiam

454 1941 768 1994 detrectare
816 1956 926 1996 non
976 1941 1266 1996 auderent.
1321 1942 1523 1995 Verum
1571 1943 1707 1997 nihil
1777 1943 1892 1998 haec
1927 1943 2222 2012 profuere;
2271 1959 2394 1998 cum
2456 1944 2603 1998 enim
2637 1943 2830 1998 urbem
2863 1942 3106 1997 lsaacius
3165 1940 3470 2004 invaderet,
3504 1937 3646 2006 impe-

458 2041 608 2084 rator
673 2031 864 2086 audito
909 2033 1140 2087 consilio
1187 2033 1514 2101 patriarchas
1569 2032 1801 2102 imperio
1857 2044 2052 2102 sponte
2129 2050 2226 2088 sua
2280 2035 2478 2100 cessit;
2533 2049 2643 2098 quo
2701 2034 2845 2089 facto
2894 2033 3210 2088 Comnenus
3263 2033 3549 2100 imperator
3583 2036 3649 2084 est

457 2123 826 2176 renuntiatus.
876 2122 927 2178 ls
974 2123 1191 2178 duobus
1241 2124 1400 2177 annis
1450 2140 1562 2178 rem
1623 2125 1895 2194 publicam
1943 2126 2370 2182 administravit.

525 2220 772 2284 Cumque
801 2226 1128 2272 consecutus
1176 2220 1468 2288 imperium
1516 2236 1582 2273 eo
1623 2219 1817 2274 fuisset
1860 2223 2020 2273 modo

457 2323 567 2372 quia
591 2307 850 2372 diximus,
877 2310 1055 2362 omnia
1086 2309 1392 2363 fortitudini
1420 2326 1533 2371 sua:
1561 2321 1783 2378 accepta
1813 2311 2019 2377 retulit,

457 2397 833 2466 continuoque
861 2414 919 2453 se
954 2401 1307 2468 imperatorio
1342 2402 1652 2455 numistnati
1683 2403 1760 2456 sic
1793 2403 2020 2472 insculpi

459 2488 674 2542 curavit
705 2496 762 2541 ut
795 2506 980 2543 ensem
1012 2501 1440 2555 manu'tcneret,
1484 2509 1823 2562 nequaquam
1852 2497 2024 2547 totius

463 2578 538 2632 rei
587 2579 756 2648 gloria
789 2581 899 2634 Deo
944 2582 1202 2650 ascripta.
1239 2584 1604 2637 Patriareham
1652 2600 1756 2638 una
1798 2599 1922 2638 cum
1958 2583 2028 2638 iis

458 2687 599 2737 quos
657 2673 1087 2743 conSpirationis
1139 2679 1315 2731 socios
1367 2676 1672 2740 habtterat,
1729 2677 2023 2746 plurimum

460 2761 620 2830 323
644 2763 979 2829 honorabat;
1009 2765 1103 2819 sed
1138 2767 1416 2834 paullatim
1446 2768 1658 2833 parcior
1685 2781 1808 2820 esse
1835 2766 2024 2835 cmpit,

457 2863 516 2907 et
581 2853 890 2923 superﬂuos
952 2857 1153 2910 aedium
1217 2858 1487 2926 religiosis
1537 2857 2026 2912 exercitationibus

457 2944 855 3000 destinatarum
908 2947 1116 3002 reditus
1157 2949 1424 3017 praecidit,
1461 2949 1662 3002 relictis
1703 2958 1910 3003 tantum
1959 2949 2028 3003 iis

458 3051 580 3106 quae
610 3037 795 3092 usibus
823 3038 1104 3092 hominum
1133 3040 1345 3094 illorum
1377 3040 1716 3106 suﬁieerent;
1747 3056 1856 3109 quo
1886 3041 2029 3095 facto
2053 3023 2097 3088 (ἶ

458 3130 689 3184 docebat
717 3145 812 3184 eos
844 3131 1006 3184 vitam
1046 3130 1263 3200 inopem
1299 3132 1561 3202 agendam
1599 3147 1740 3196 esse,
1777 3148 1885 3186 non
1925 3132 2024 3186 de-

458 3221 600 3276 liciis
656 3221 994 3277 aiﬁuentem.
1068 3221 1340 3297 Caeterum
1397 3224 1706 3292 patriarcha
1764 3224 2023 3277 nimirum

457 3331 586 3384 erga
613 3315 995 3383 imperatorem
1019 3316 1302 3370 conﬁdens
1319 3326 1376 3370 et
1403 3317 1599 3380 audax,
1625 3331 2022 3386 nonnunquam

461 3405 612 3458 illum
646 3405 712 3459 ad
749 3407 1024 3474 postulata
1051 3407 1298 3475 quaedam
1333 3406 1612 3476 aliquanto
1645 3405 1866 3460 duriora
1895 3423 2026 3476 gra-

459 3498 720 3566 vioraque
775 3513 968 3567 parum
1023 3499 1322 3568 propitium
1376 3507 1432 3553 ct
1487 3498 1705 3553 facilem
1761 3499 2020 3555 habebat.

459 3590 803 3661 Quapmpter
828 3605 952 3644 eum
983 3589 1164 3658 pinnis
1185 3589 1321 3644 diris
1350 3589 1606 3661 subjecit,
1632 3590 1834 3645 additis
1856 3593 2022 3646 etiam

461 3680 1002 3746 comminationibus,
1043 3681 1160 3735 haec
1198 3681 1358 3750 vulgo
1400 3681 1601 3752 jactata
1633 3683 1799 3738 verba
1847 3683 2025 3752 profe-

461 3787 589 3826 rens
622 3789 636 3825 :
678 3790 696 3823 ι
728 3772 841 3842 Ego
869 3783 944 3836 te,
987 3771 1168 3838 fume,
1190 3772 1433 3836 condidi,
1459 3789 1561 3843 ego
1589 3782 1641 3827 te
1665 3773 1969 3830 destruam.
2000 3795 2018 3826 ι

458 3861 617 3930 Cepit
666 3863 834 3916 etiam
863 3862 1153 3917 consilium
1204 3863 1468 3918 induendi
1518 3865 1720 3918 tinctos
1767 3866 2025 3920 coccineo

458 3955 644 4008 colore
689 3957 924 4018 calceos,
959 3970 1082 4010 cum
1123 3955 1329 4010 diceret
1375 3955 1448 4010 ita
1485 3957 1771 4026 pontiﬁces
1813 3959 2026 4027 priscos

459 4043 710 4098 factitare
755 4043 970 4109 solitos,
1001 4043 1249 4111 adeoque
1293 4043 1646 4100 conﬁrmaret
1696 4045 1840 4100 idem
1883 4047 2024 4116 juris

461 4137 514 4190 in
564 4135 894 4203 usurpandis
949 4135 1059 4188 illis
1104 4135 1206 4189 sibi
1257 4136 1571 4204 pontiﬁcem
1624 4137 1750 4192 novi
1807 4151 2026 4207 quoque

458 4225 749 4280 sacerdotii
782 4240 892 4278 non
922 4225 1022 4279 abs
1070 4241 1128 4280 re
1159 4225 1439 4280 vindicare.
1471 4242 1631 4296 posse
1659 4243 1674 4280 :
1708 4227 1842 4281 nihil
1878 4228 2022 4281 enim

458 4331 578 4369 esse
615 4315 953 4370 discriminis
983 4315 1125 4370 inter
1149 4331 1374 4386 regnum
1398 4325 1454 4370 ct
1481 4317 1844 4372 sacerdotium
1873 4319 2023 4372 vole-

460 4407 571 4460 bat.
607 4407 729 4460 Haec
760 4406 848 4461 ubi
879 4407 1225 4475 cognovisset
1256 4405 1575 4475 imperator,
1607 4405 1788 4473 potius
1815 4406 2021 4476 aliquid

458 4499 510 4550 in
545 4497 698 4552 illum
744 4496 1016 4578 agendum
1058 4511 1222 4565 quam
1256 4497 1678 4564 exspectandum
1709 4495 1779 4549 ab
1817 4512 1884 4551 eo
1913 4505 2022 4551 sta-

459 4599 639 4667 tuens,
674 4589 948 4642 hominem
974 4588 1170 4643 exsilio
1205 4587 1432 4652 multat;
1465 4587 1708 4655 dumque
1738 4586 2056 4642 moliretur'

458 4683 686 4748 :Ltzpiius
717 4690 775 4733 ut
800 4683 938 4760 solio
985 4696 1212 4750 prorsus
1243 4681 1654 4741 deturbaretur,
1686 4680 1828 4734 diem
1862 4695 2022 4734 suum

463 4771 770 4835 patriarcha
805 4774 976 4848 obiit._
999 4773 1346 4843 Quapropter
1377 4774 1676 4841 imperator
1706 4772 2025 4843 paenitentia

458 4864 652 4922 ductos
679 4864 975 4919 honorifice
1001 4865 1152 4919 illum
1181 4867 1234 4919 in
1261 4865 1452 4919 urbem
1479 4866 1758 4935 deportari
1781 4868 2024 4930 curavit;

459 4971 582 5007 eum
628 4955 849 5024 quidem
901 4958 1143 5012 universi
1198 4959 1550 5012 vehementer
1601 4957 1671 5011 ob
1718 4957 2026 5026 prodigium

458 5047 732 5112 quoddam
778 5047 1258 5116 obstupescerent.
1305 5048 1438 5102 Nam
1481 5047 1671 5102 dextra
1705 5046 2028 5116 patriarchae

2193 2221 2386 2290 Τούτῳ
2421 2221 2518 2287 μὲν
2567 2216 2662 2272 οὖν
2697 2219 2774 2288 τῷ
2821 2221 3008 2288 τρόπῳ
3041 2217 3140 2288 τὴν
3171 2216 3452 2287 βασιλείαν
3477 2217 3645 2280 ἀναζω-

2125 2314 2383 2382 σάμενος,
2414 2313 2508 2364 καὶ
2552 2314 2615 2380 τῇ
2649 2311 2846 2364 ἑαυτοῦ
2893 2310 3113 2380 ἀνδρείᾳ
3141 2309 3208 2362 τὰ
3246 2309 3427 2363 πάντα
3470 2308 3646 2375 λογισά-

2127 2419 2306 2470 μενος,
2344 2401 2542 2454 αὐτίκα
2576 2400 2653 2470 τῷ
2686 2401 2946 2470 βασιλικῷ
2993 2401 3291 2469 νομίσματι
3329 2399 3644 2466 σπαθηφᾶρος

2124 2495 2564 2566 διαχαράττεται,
2605 2494 2678 2564 μὴ
2713 2491 2792 2562 τῷ
2840 2491 2957 2558 Θεῴ
2984 2491 3044 2544 τὸ
3083 2491 3192 2543 πᾶν
3223 2491 3542 2561 ἐπιγράψας.
3570 2491 3650 2542 Τὶν

2128 2589 2471 2658 πατριάρχην
2499 2587 2567 2639 τὰ
2593 2587 2826 2656 μέγιστα
2853 2585 2987 2654 τιμᾷ
3009 2585 3100 2635 καὶ
3125 2584 3253 2645 τοὺς
3284 2581 3646 2649 συναραμένους

2128 2679 2296 2748 αὐτῷ.
2340 2678 2498 2731 Ἀλλὰ
2543 2675 2831 2745 φειδωλίας
2882 2675 3235 2750 κατάρχεται,
3269 2673 3338 2726 τὰ
3369 2673 3473 2725 τῶν
3516 2689 3644 2738 φρον-

2126 2772 2419 2842 τιστηρίων
2448 2770 2678 2840 περιττὰ
2716 2768 3038 2826 ἀποκόπτει,
3077 2767 3215 2835 μόνα
3242 2768 3312 2820 τὰ
3346 2765 3644 2834 ἐπαρχοῦντι

2127 2864 2339 2925 τούτοις
2384 2865 2562 2930 ἀφεὶς,
2614 2859 3007 2930 ἀκτημοσύνην
3061 2859 3222 2926 δῆθεν
3289 2858 3487 2918 αὐτοὺς
3538 2855 3647 2908 ἐκδι-

2126 2960 2364 3021 δάσκων,
2402 2957 2500 3010 καὶ
2533 2957 2605 3025 μὴ
2636 2954 2750 3023 βίον
2793 2952 3194 3020 εὐλακεσμένον
3226 2953 3348 3019 ζῇν.
3405 2951 3461 3002 Ὀ
3494 2949 3542 3002 δὲ
3568 2965 3648 2998 1:1-

2129 3050 2394 3120 τριάρχης
2449 3049 2542 3102 ἐπὶ
2580 3047 2660 3116 τῷ
2704 3046 2918 3116 βασιλεῖ
2963 3025 3030 3097 τᾶ
3074 3044 3302 3095 πλεῖστα
3343 3042 3546 3112 Θαρρὧ
3575 3041 3648 3091 οὑκ

2127 3139 2275 3210 εῖχεν
2311 3141 2562 3208 ἐπικλινῆ
2593 3141 2709 3202 ταῖς
2737 3137 2900 3191 αὖτοῦ
2923 3139 3072 3190 ἐστιν
3101 3139 3188 3190 ὅτε
3220 3137 3469 3204 αἱτήσεσι
3497 3149 3647 3198 φορτι-

2127 3235 2248 3294 καῖς
2283 3233 2376 3285 an
2415 3231 2674 3293 πολλάκις
2714 3227 2939 3292 οὓσαις’
2971 3225 3170 3280 οὐκοῦν
3221 3225 3518 3293 ἐπιτιμίοις
3543 3224 3650 3273 ἀπο-

2125 3322 2406 3391 τροπαίοις
2440 3321 2734 3376 ὕποϐἁλλει
2779 3321 2967 3381 αὐτὸν,
2997 3319 3086 3372 ναὶ
3129 3314 3236 3387 μὴν
3267 3318 3368 3370 καὶ
3414 3314 3648 3374 ἀπειλαῖς,

2125 3413 2184 3464 τὸ
2215 3408 2906 3482 δημοκοπούμενον.τοῦτο
2949 3411 3145 3478 λέγων,
3182 3406 3358 3476 (Ἐγώ
3392 3424 3449 3460 σε
3480 3407 3650 3463 ἔκτισε.

2126 3508 2363 3578 φοῦρνεο
2419 3506 2530 3574 ἐγώ
2576 3519 2636 3558 σε
2686 3506 2779 3558 καὶ
2840 3502 3152 3558 καταλύσω.
3201 3519 3219 3552 ι
3269 3498 3578 3552 Βουλεύεται
3609 3496 3652 3546 δὲ

2125 3600 2445 3669 κοκκοϐαφῆ
2472 3597 2786 3668 περιϐαλεῖν
2816 3596 3031 3655 πέδιλα,
3059 3594 3157 3662 τῆς
3198 3592 3436 3655 παλαιᾶς
3467 3589 3653 3660 lepori-

2125 3707 2222 3760 νης
2251 3690 2475 3760 φάσκων
2515 3684 2653 3742 εἶναι
2680 3689 2741 3740 τὸ
2777 3687 3018 3740 τοιοῦτον
3050 3685 3191 3748 ἔθος,
3214 3685 3310 3736 καὶ
3339 3684 3453 3738 δεῖν
3481 3683 3651 3745 τούτοις

2126 3782 2227 3834 κάν
2257 3783 2322 3848 τῇ
2358 3781 2453 3848 νέᾳ
2476 3779 2774 3848 κεχρῆσθαι
2803 3777 2894 3833 τὸν
2925 3776 3187 3846 ἀρχιερέα
3212 3791 3228 3806 ο
3254 3775 3549 3841 ἱερωσύνης
3573 3775 3653 3840 γὰρ

2126 3870 2222 3924 καὶ
2269 3865 2546 3938 βασιλείας
2584 3868 2644 3919 τὸ
2686 3865 2941 3933 διαφέρον
2991 3863 3167 3916 οὐδέν.
3201 3863 3393 3915 Ταῦτα
3448 3863 3653 3931 patiam)

2127 3957 2401 4028 βασιλεὺς,
2427 3956 2520 4008 καὶ
2562 3955 2682 4007 δέον
2730 3953 2922 4021 κρίνας
2953 3952 3152 4020 δρᾶσαι
3175 3953 3391 4019 μᾶλλον
3416 3953 3448 4022 ἦ
3475 3953 3651 4009 παθεῖν,

2125 4051 2356 4121 ἐξορίζει
2382 4047 2475 4100 τὸν
2502 4047 2872 4117 πατριάρχην.
2915 4045 3074 4098 Ἀλλὶ
3101 4047 3192 4097 καὶ
3219 4045 3320 4114 τὴν
3358 4045 3517 4097 αὐτοῦ
3553 4043 3654 4095 καθ-

2130 4143 2344 4213 αίρεσιν
2394 4139 2724 4209 μελετῶντος
2759 4137 2967 4189 ἐκείνου
2997 4139 3025 4190 6
3058 4139 3411 4208 πατριάρχης
3438 4137 3648 4204 τελευτᾷ.

2125 4232 2313 4304 Ταύτῃ
2369 4247 2452 4282 τοι
2503 4230 2594 4281 καὶ
2650 4227 2911 4298 μετανοίᾳ
2955 4227 3306 4297 χρησάμενος
3359 4227 3389 4280 6
3444 4227 3654 4297 βασιλεὺς

2127 4324 2358 4392 ἐντίμως
2393 4319 2653 4387 ἐπανάγει
2701 4319 2888 4383 αὑτὸν,
2920 4318 3142 4371 πάντων
3170 4319 3547 4384 ἐκπλαγέντων
3584 4318 3656 4367 ἐπὶ

2123 4409 2202 4480 τῷ
2241 4405 2612 4478 συμϐεϐηκότι
2637 4406 2758 4459 τότε
2791 4403 3030 4473 θαύματι
3057 4419 3072 4434 ο
3110 4404 3142 4474 ἡ
3174 4401 3284 4473 γὰρ
3311 4403 3406 4456 τοῦ
3432 4402 3657 4470 πατριὰρ·

2128 4519 2225 4571 χον
2285 4489 2434 4564 δεξιᾶ
2481 4497 2603 4567 χεὶρ
2663 4497 3028 4567 σταυροειδῶς
3094 4494 3548 4564 σχηματισθεῖσα,
3597 4492 3654 4552 ὡς

2129 4596 2296 4664 ἡνίκα
2343 4593 2440 4662 τὴν
2498 4590 2725 4660 εἰρήνην
2771 4585 3038 4655 ἐπεφώνει
3085 4586 3164 4656 τῷ
3212 4586 3354 4654 λαῷ,
3390 4587 3655 4656 μεμένηκεν

2127 4686 2417 4755 ἄτρεπτος,
2485 4683 2559 4750 μὴ
2613 4679 3068 4734 συναλλοιωίὶεῖσα
3137 4681 3204 4748 τῇ
3278 4679 3533 4749 νεκρώσει
3581 4674 3655 4725 τοῦ

2129 4772 2402 4840 σώματος.
2440 4769 2853 4838 Προχειρίζεται
2902 4766 2958 4819 δὲ
2993 4764 3109 4818 ἀντ’
3142 4764 3309 4819 αὑτοῦ
3353 4765 3657 4832 πατριάρχης

2131 4863 2540 4921 Κωνσταντίνος
2588 4857 2852 4928 πρόεδρος
2880 4859 2906 4908 ὁ
2940 4855 3256 4928 Λειχούδης,
3285 4853 3658 4925 πρωτοϐεστιά-

2132 4968 2246 5021 ριος
2287 4949 2359 5002 ὢν
2387 4965 2401 4980 ο
2439 4943 2499 5002 οὗ
2547 4949 2646 5017 τῆς
2705 4943 3086 5017 μεγαλοδώρου
3131 4945 3314 5015 χειρὸς
3366 4944 3459 4998 καὶ
3499 4941 3656 5000 ἱκανῆς

2133 5043 2393 5114 προνοίας
2418 5041 2591 5104 οὐδεὶς
2627 5040 2729 5104 ἐξω
2764 5037 3065 5109 μεμένηκε.

462 5159 652 5196 manus
693 5141 872 5197 crucis
921 5142 977 5197 in
1026 5144 1246 5196 modum
1293 5145 1372 5199 sic
1418 5144 1776 5206 conformata,
1839 5151 1897 5196 ut
1937 5156 2059 5195 esse
2134 5141 2340 5195 solebat
2392 5138 2444 5193 id
2495 5137 2758 5206 temporis
2786 5150 2898 5205 quo
2933 5149 3120 5204 pacem
3153 5133 3360 5202 populo
3389 5133 3520 5187 clara
3553 5140 3660 5181 voce

460 5235 837 5300 denuntiabat,
876 5235 1177 5300 immobilis
1219 5236 1437 5302 mansit,
1486 5252 1583 5304 per
1633 5244 1864 5289 mortem
1931 5234 2179 5304 corporis
2244 5232 2472 5287 minime
2521 5239 2754 5283 mutata.
2821 5227 3096 5283 Suﬂectus
3135 5234 3221 5280 est
3290 5226 3346 5280 in
3375 5226 3488 5295 ejus
3513 5224 3659 5275 locum

461 5332 603 5383 alios
633 5329 963 5398 patriarcha.
999 5327 1262 5381 nimirum
1303 5328 1694 5383 Constantinus
1733 5343 1928 5396 praeses
1967 5337 2022 5382 ct
2064 5325 2535 5397 protovestiarius,
2603 5329 2968 5391 cognomento
3035 5316 3347 5382 Lichudes;
3379 5316 3522 5384 cujus
3550 5313 3662 5365 libe-

462 5427 628 5477 ralem
660 5438 723 5475 ac
751 5420 1064 5474 tnnniﬁcam
1093 5437 1310 5474 manum
1346 5421 1713 5490 solertemque
1742 5419 2142 5490 providentiam
2182 5434 2340 5472 nemo
2373 5433 2479 5471 non
2513 5425 2774 5484 expertus
2805 5412 2927 5467 fuit.

533 5512 846 5566 Secundino
886 5513 999 5564 haee
1028 5511 1272 5580 Ungrica:
1303 5513 1822 5580 [’atziiiaearutiique
1856 5511 2022 5563 natio-

2207 5511 2362 5564 Μετᾶ
2390 5509 2447 5561 δὲ
2477 5506 2650 5559 ταῦτα
2694 5503 3030 5570 ταράσσεται
3069 5501 3126 5552 τὸ
3158 5498 3476 5569 Ούγγρικόν.
3505 5495 3660 5558 '85:};-

460 5619 558 5657 ἰνδ
594 5599 783 5652 turbas
809 5600 1032 5663 dedere,
1061 5609 1251 5655 contra
1285 5617 1419 5671 quas
1453 5617 1673 5670 egresso
1705 5616 1826 5653 eum
1855 5601 2022 5669 copiis

2137 5619 2292 5673 χεται
2347 5601 2471 5654 κατ’
2531 5598 2713 5652 αὐτῶν
2769 5598 2797 5648 ὀ
2849 5593 3124 5663 βασιλεὺς,
3187 5593 3281 5644 καὶ
3351 5591 3531 5648 πάντες
3564 5583 3660 5673 *μὲν

458 5695 552 5756 ἑξεῖ,
580 5701 813 5750 ctuti-ire,
876 5695 1190 5764 .tzmtisquc
1244 5711 1428 5764 pacein
1467 5691 1868 5762 Mitt'ti‘titibus,
1904 5707 2022 5764 pars

2142 5688 2475 5748 σ-τένῖονται,
2512 5688 2672 5756 μέρος
2705 5683 2759 5737 δέ
2790 5700 2836 5733 τι
2875 5679 3272 5742 ιιατζινακικδν
3301 5680 3479 5748 χεῖρας
3503 5675 3657 5726 δοῦναι
