3798 6230
191 322 282 385 θθθ

1382 287 1786 356 ANNALtUit
1835 293 2022 351 mus
2065 281 2156 351 IV.

3287 287 3392 347 60

192 431 348 486 ἀκοῦω
388 424 462 476 ὅτι
511 422 603 473 καὶ
646 420 674 471 ὁ
707 418 972 488 ὖμὲτερος
1025 411 1259 484 Χριστὸς
1305 414 1531 481 εἰρήνην
1565 427 1724 478 νομο-

1831 414 2024 460 statem
2073 406 2240 468 venit,
2273 415 2324 459 et
2368 405 2584 460 vinctus
2636 405 2701 460 ad
2754 405 3033 460 sultanum'
3074 402 3392 455 deducitur.

189 521 314 574 θετεῖ
342 517 426 567 καί
455 511 767 581 ἀμνηστίαν
796 508 1006 569 κακῶν,
1037 506 1174 560 ἀλλὰ
1217 505 1309 557 καὶ
1343 502 1720 571 ὑπερηφάνοις

186 605 626 664 ἁντικαθίσταται.
653 603 694 651 ⁸»
737 598 891 654 Μετὰ
917 596 1175 651 δὲταῦτα
1217 593 1450 658 σπονδὴν
1494 589 1721 657 ποιησὰ-

187 715 317 768 μενοι
353 696 439 746 καὶ
469 691 744 751 συνθήκας
783 685 1066 758 εἰρηνικὰς
1108 685 1403 754 διηνεκεῖς,
1440 683 1532 734 καὶ
1564 683 1722 741 κῆδος

183 789 386 848 inieci;
425 786 580 837 παισὶ
627 781 1049 850 συστησάμενοι,
1087 776 1391 830 διίστανται
1426 772 1520 826 ἀπ’
1561 772 1723 840 ἀλλή-

183 885 275 936 λων
326 881 414 930 σὺν
464 877 632 944 πολλῇ
701 873 1009 942 περιπλοκῇ
1079 871 1172 921 καὶ
1232 866 1510 935 εὐκτηρίῳ
1557 867 1720 933 τιμῇ.

192 971 558 1038 Ἑπανέρχεται
604 968 632 1018 ὁ
683 964 956 1035 βασιλεύς.
987 964 1201 1015 Γίνεται
1255 960 1414 1012 τοῦτο
1466 958 1560 1010 καὶ
1611 959 1724 1018 τοῖς

171 1060 412 1121 ἐνταῦθα,
459 1058 684 1127 Ἰωάννῃ
731 1072 790 1107 τε
845 1055 923 1123 τῷ
975 1053 1218 1119 Καίσαρι
1254 1049 1490 1110 miri;
1533 1045 1723 1098 τούτου

178 1158 295 1216 υἱοῖς
341 1154 430 1204 καὶ
481 1153 596 1211 τοῖς
651 1147 885 1209 λοιποῖς,
915 1148 1027 1197 ὅσοι
1092 1144 1163 1194 τὰ
1210 1142 1348 1195 αύτᾶι
1385 1140 1719 1209 ἐφρόνησαν.

178 1247 275 1298 Καὶ
299 1239 590 1311 τηνικαῦτα
624 1239 845 1306 μὲν-τὴν
877 1235 1126 1304 βασιλίδα
1156 1234 1249 1286 καὶ
1285 1232 1362 1302 μὴ
1387 1231 1723 1300 βουλομένην

172 1335 444 1403 ὑπερόριον
489 1333 766 1394 τίθενται,
821 1330 1212 1399 ἀποκείραντες
1272 1326 1468 1393 αὐτὴν,
1517 1323 1611 1375 τὸν
1665 1321 1726 1374 δὲ

174 1426 370 1495 Μιχαὴλ
400 1423 824 1494 ἀναγορεύουσιν
858 1420 1256 1489 αὐτοκράτορα.
1287 1405 1484 1469 Ἔνθεν
1516 1431 1599 1468 τοι
1629 1414 1726 1465 καὶ

175 1519 458 1585 γράφουσιν
511 1512 825 1582 ἅπαντακοῦ
877 1511 968 1564 τὸν
1010 1508 1269 1578 Διογένην
1315 1503 1611 1559 ἐπανιόντα
1647 1503 1725 1572 μὴ

173 1605 533 1670 ὑποδέξασθαι.
565 1604 816 1673 Ίιρξατο
833 1602 888 1653 δὲ
916 1601 1013 1669 τῆς
1037 1598 1295 1666 τοιαύτης
1331 1595 1726 1664 ἀποκηρύξεως

171 1701 197 1750 ὁ
226 1699 515 1766 ύπέρτιμος
561 1693 777 1764 πρῶτον
808 1691 1040 1752 Ψελ-λός.
1073 1689 1258 1742 Ταῦτα
1286 1687 1344 1740 δὲ
1390 1687 1418 1737 ὁ
1468 1685 1726 1753 Διογένης

174 1788 366 1856 μαθὼν,
399 1786 496 1837 καὶ
528 1784 609 1836 ὅτι
638 1781 833 1844 κοινῶς
871 1779 1347 1848 ἀποκεκήρυκται,
1383 1774 1646 1846 φρούριόν
1670 1790 1724 1824 τι

172 1876 438 1947 κατασχὼν
513 1877 700 1928 ὲκεῖσέ
759 1873 987 1926 Δόκειαν
1061 1870 1358 1940 λεγόμενον
1423 1881 1727 1937 στρατοπε.-

170 1964 327 2017 δεύειν
359 1963 583 2033 ἤρξατο.
625 1961 822 2015 Ἀλ).⁹ηὸ
851 1963 1068 2029 Καῖσαρ
1099 1960 1192 2012 τὸν
1229 1957 1571 2028 βραχύτατον
1606 1955 1722 2009 υίδν

169 2057 298 2110 κατὰ
347 2057 633 2124 Διογένους
692 2055 991 2123 ἐκπέμπει.
1062 2051 1403 2105 Συνάπτεται
1464 2051 1724 2120 πόλεμος.

170 2149 335 2215 thera;
369 2152 396 2202 ὁ
449 2148 712 2215 Διογένης
764 2146 992 2215 οἴχεται.
1033 2144 1227 2198 Ἔνθεν
1278 2143 1532 2198 κάκεῖθεν
1566 2159 1727 2212 περι-

165 2240 359 2294 νοστῶν
385 2240 526 2310 πρὸς
561 2239 813 2293 Κιλικίαν
853 2237 1240 2308 παραγίνεται.
1293 2235 1659 2305 ’Υποστρέφει
1697 2236 1728 2286 ὁ

171 2333 565 2393 Κωνσιαντί.-ο;
613 2333 704 2383 ἐπὶ
750 2329 982 2390 τούτοις.
1040 2329 1330 2381 Στέλλεται
1386 2327 1507 2380 ἀντ’
1561 2324 1726 2379 αὐτο]

167 2426 296 2478 κατὰ.
339 2426 626 2491 Διογένους
655 2423 687 2473 ὁ
729 2421 822 2474 τοῦ
873 2421 1154 2490 Καίσαρος
1198 2419 1313 2482 υίὸς
1365 2418 1726 2486 Ἀνδρόνικος,

166 2519 434 2588 πολιορκεῖ
467 2517 560 2570 τὸν
592 2517 842 2581 ’Λεανον,
879 2516 1142 2587 συνθῆκαι
1173 2514 1438 2583 γίνονται.
1474 2513 1584 2566 Καὶ
1616 2511 1730 2565 κεί-

168 2630 308 2682 ρεται
349 2613 448 2682 τὴν
495 2611 660 2680 τρίχα
697 2612 726 2662 ὁ
759 2609 1037 2678 Διογένης,
1065 2605 1234 2678 ἕξεισί
1262 2623 1321 2658 τε
1365 2603 1459 2658 τοῦ
1491 2604 1747 2675 κάστρου·

168 2703 588 2774 μιλανειμονῶν.
615 2701 810 2755 Λαόὼν
840 2701 896 2754 δὲ
935 2699 1052 2770 μεθ’
1087 2699 1284 2752 ἑαυτὸν
1315 2699 1407 2752 τὸν
1439 2700 1671 2766 Διογένη
1701 2699 1730 2750 ὁ

171 2798 512 2868 Ἀνδρόνικος
543 2796 732 2850 νόστου
764 2796 1046 2865 μέμνηται
1077 2793 1216 2864 (9|),
1240 2792 1418 2845 ἕλκων
1467 2791 1630 2844 αὐτὸν
1673 2793 1729 2843 ὲν

165 2890 362 2942 εὐτελεῖ
396 2888 685 2957 ὑποζυγίῳ
733 2888 821 2940 διὰ
852 2886 960 2938 τῶν
1002 2886 1196 2955 χωρῶν
1240 2884 1464 2938 ἐκείνων
1502 2878 1588 2947 αἷς
1621 2884 1730 2936 ἰσό-

161 2983 272 3044 θεος
324 2981 681 3052 ὲγνωρίζετο.
739 2979 950 3049 Μέχρις
1011 2976 1106 3031 οὖν
1165 2975 1260 3030 τοῦ
1316 2975 1731 3047 Κοτυαίου-τὴν

159 3077 463 3146 ὁδοιπορίαν
525 3075 796 3144 ὀδυνηρὰν
855 3074 1224 3142 ποιησάμενος
1271 3069 1360 3143 (ἦν
1409 3070 1521 3140 γὰρ
1570 3087 1730 3140 νοση-
1759 3082 1802 3144 C

157 3169 438 3238 λευόμενος
493 3171 559 3221 ἐκ
613 3165 894 3220 κοιλιακοῢ
945 3168 1007 3218 ἐκ
1067 3165 1295 3217 κωνείου
1357 3162 1728 3232 προποθέντος

159 3262 318 3331 αὐτῷ)
342 3265 527 3316 ἐκεῖσε
561 3261 882 3328 κατεσχέίὶη,
908 3257 1014 3321 ἕως
1047 3248 1107 3308 οὗ
1135 3255 1193 3307 τὸ
1237 3257 1490 3327 ποιητέον
1533 3255 1726 3325 ὁρισθῇ

156 3345 243 3407 ἐπί
297 3356 475 3424 αὑτῷ.
529 3352 954 3422 Καταλαμὸἁνει
1007 3352 1040 3420 ἡ
1098 3350 1395 3417 ἀπόφασις.
1455 3351 1565 3403 Καὶ
1621 3349 1730 3402 τῶν

157 3450 458 3518 ἀρχιερέων
503 3447 611 3500 τῶν
656 3445 749 3497 ἐπὶ
793 3444 872 3512 τῷ
917 3443 1134 3512 δοθῆναι
1188 3443 1343 3508 λόγον
1385 3441 1730 3510 συμπαθείας

151 3539 424 3611 ἐπαρῆξαι
455 3541 536 3610 μὴ
555 3537 890 3607 δυνηθέντων
914 3535 1192 3605 (ὠμησταὶ
1217 3534 1326 3603 γὰρ
1356 3534 1452 3585 καὶ
1500 3534 1730 3599 atq-isi;

153 3633 334 3718 ἄνδρες
378 3631 722 3702 ἀφήρπαξαν
774 3629 954 3698 αὑτὸν)
987 3627 1300 3695 ὀφθαλμοὺς
1346 3625 1724 3700 ὲξορύσσεται.

152 3716 456 3793 Προαχθεὶς
521 3724 580 3774 ὲν
638 3719 919 3787 ὑποζυγίῳ
963 3720 1124 3788 μέχρι
1185 3719 1282 3788 τῆς
1335 3716 1723 3787 Προποντίδος.

149 3817 238 3868 καὶ
269 3817 369 3886 τὴν
406 3814 658 3884 κεφαλὴν
687 3813 823 3882 ἔχων
861 3811 1199 3880 ὲξῳδηκυῖαν
1243 3810 1339 3863 καὶ
1372 3811 1497 3872 τοὺς
1524 3809 1725 3876 ὀφθαλ-

150 3911 278 3976 μοὺς
311 3908 516 3978 ὥσπερ
558 3907 716 3977 σῶμα
770 3908 1028 3975 σεσηπὸς,
1080 3903 1376 3958 κάντεῦθεν
1431 3903 1732 3968 σκωλήκων

146 3999 238 4050 καὶ
266 3985 546 4058 δυσωδίας
571 3995 855 4063 πλησθεὶς,
888 3991 1200 4054 ὲπωδύνως””
1217 3992 1589 4058 καταστρέφει
1641 3987 1731 4039 τὸν

145 4091 278 4160 βίον,
319 4096 388 4164 τῇ
429 4073 588 4162 νήσῳ
631 4090 828 4161 Πρώτῃ
870 4089 962 4141 τὸν
1015 4088 1143 4157 χοῦν
1192 4086 1559 4154 ἀποθέμενος,
1603 4083 1734 4136 ἔνθα

142 4187 259 4237 νέον
287 4189 507 4248 ἐκεῖνος
537 4185 790 4252 ἐδείματο
828 4181 1270 4252 φροντιστήριον.

1827 496 1920 550 ille
1975 513 2106 550 vero
2162 497 2301 550 solio
2361 513 2461 550 suo
2495 498 2776 559 desiliens.
2831 512 2929 566 pro
2983 510 3136 550 more
3187 496 3396 548 caltata

1827 587 2082 656 Diogenis
2134 588 2368 651 cervice,
2432 604 2554 642 mox
2610 604 2735 642 eum
2796 589 2864 644 de
2917 599 3062 644 terra
3109 588 3294 658 erigit,
3341 596 3399 642 et.

1826 689 2076 733 amanter
2102 682 2467 749 complexus;
2514 699 2532 732 ι
2574 681 2926 746 Formidinis,
2962 681 3161 750 inquit,
3194 695 3397 749 expers

1824 781 1967 835 esto,
2005 773 2320 841 imperator.
2376 772 2491 828 Non
2543 774 2692 826 enim
2745 775 2964 843 corpori
3007 775 3247 844 vitaeque
3291 784 3436 828 tuze'

1827 866 2132 933 periculum
2164 866 2331 918 ullum
2363 867 2664 928 creabitur,
2699 867 2793 919 sed
2827 880 2894 919 ex
2932 866 3198 934 dignitate
3225 869 3398 937 maje-

1824 956 1987 1010 statis
2047 964 2152 1009 tua:
2215 957 2676 1023 praestantissimae
2728 971 2758 1010 a
2811 956 2972 1012 nobis
3030 957 3396 1011 honorabere.

1825 1048 1961 1102 Nam
1995 1049 2223 1101 stultum
2263 1050 2518 1117 equidem
2551 1066 2673 1106 esse
2713 1050 2954 1105 arbitror
3001 1065 3127 1104 eum
3159 1051 3253 1118 qui
3291 1053 3402 1104 tor-

1829 1149 1974 1192 tun:e
2004 1156 2161 1194 casus
2191 1142 2516 1210 improvisos
2543 1158 2729 1197 secum
2759 1144 2875 1211 ipse
2909 1158 3015 1196 non
3045 1137 3402 1210 cxpenditiac

1829 1241 2134 1284 reveretur.
2173 1251 2192 1283 ι
2236 1233 2330 1286 llis
2370 1235 2534 1289 dictis
2568 1236 2691 1288 solii
2730 1235 2839 1299 sui,
2879 1251 3080 1289 mensae
3107 1236 3403 1305 gIOIi-Bqtlc

1829 1323 2150 1392 participem
2208 1324 2503 1394 Diogenem
2543 1327 2691 1391 facit,
2739 1343 2978 1396 eumque
3027 1328 3095 1382 ad
3143 1337 3402 1381 octavum

1830 1434 2000 1487 usque
2044 1419 2188 1472 diem
2244 1419 2388 1487 apud
2446 1434 2505 1473 se
2564 1429 2836 1473 retentum
2876 1421 3027 1474 varie
3079 1432 3294 1474 recreat
3347 1430 3406 1474 et

1828 1511 2157 1564 consolatur.
2188 1511 2439 1580 Cumque
2466 1513 2714 1565 sultanus
2742 1512 3131 1582 imperatorem
3169 1503 3403 1568 interro-

1827 1610 1982 1670 garet
2011 1603 2304 1672 aliquando
2334 1622 2347 1658 :
2393 1621 2412 1654 ι
2445 1603 2608 1670 Quid,
2644 1604 2896 1670 obsecro,
2932 1603 3179 1660 facturus
3210 1606 3277 1660 de
3314 1621 3402 1658 me

1829 1692 2032 1759 fueras,
2085 1693 2130 1747 si
2174 1695 2256 1746 me
2297 1705 2445 1748 tuam
2485 1696 2538 1752 in
2593 1705 2916 1766 potestatem
2970 1699 3255 1752 redactum
3303 1700 3405 1754 ha-

1832 1781 2083 1836 buisses?
2118 1800 2137 1833 ι
2163 1783 2480 1851 'lmperator
2527 1785 2645 1840 sine
2691 1785 2818 1840 fuco
2867 1795 2924 1842 et
2963 1788 3279 1844 adulatione
3313 1807 3404 1845 re-

1829 1873 2092 1942 Spondit:
2157 1893 2195 1926 ‹·
2230 1876 2411 1930 Multis
2449 1878 2702 1947 equidem
2761 1878 2945 1950 ﬂagris
2992 1896 3194 1950 corpus
3248 1892 3402 1935 tuum

1831 1965 2172 2020 cecidissem.
2214 1986 2232 2018 ι
2291 1968 2372 2022 Ad
2423 1985 2544 2038 quae
2587 1969 2827 2026 vicissim
2879 1974 3180 2027 sultanus:
3231 1994 3247 2024 ι
3290 1974 3404 2044 Ego

1832 2072 1981 2123 vero,
2002 2058 2198 2128 inquit,
2219 2061 2480 2115 swvitiam
2505 2063 2848 2133 rigoremque
2875 2073 3026 2119 tuum
3054 2081 3406 2136 nequaquam

1832 2150 2107 2205 imitabor.
2129 2153 2267 2218 Quin
2292 2154 2456 2208 etiam
2482 2156 2646 2209 audio
2670 2157 2950 2212 Christum
2970 2159 3127 2232 illum
3156 2171 3406 2214 vestrum

1834 2257 2018 2310 pacem
2077 2243 2222 2297 inter
2273 2245 2523 2302 homines
2572 2257 2629 2302 et
2687 2249 3022 2303 oblivionem
3074 2249 3407 2318 injuriarnm

1832 2335 2048 2390 sancire
2105 2351 2169 2390 ac
2227 2339 2551 2407 prmcipere,
2615 2341 2984 2411 superbisque
3048 2343 3326 2396 resistere.
3383 2363 3403 2392 ο

1833 2424 2149 2480 Secundum
2203 2429 2316 2482 ha-c
2364 2430 2665 2484 leaderibus
2719 2431 2892 2496 initis,
2955 2447 3088 2502 pace
3140 2442 3410 2501 perpetua

1835 2516 2153 2582 constituta,
2197 2517 2341 2572 inter
2365 2518 2536 2573 libros
2569 2520 2832 2575 afﬁnitate
2861 2530 3169 2587 contracta,
3200 2522 3411 2576 disces-

1836 2603 2250 2672 sum‘utrinque
2282 2625 2389 2663 non
2422 2611 2540 2666 sine
2591 2613 2780 2667 multis
2807 2613 3184 2682 complexibus
3218 2622 3273 2668 et
3308 2615 3410 2666 Ιιο-

1836 2698 1988 2752 noris
2017 2698 2374 2764 exhibitione,
2407 2718 2513 2772 qua
2545 2705 2682 2758 alter
2705 2706 2860 2760 alteri
2889 2706 3224 2761 faustissima
3255 2723 3411 2776 qua:-

1835 2802 1941 2854 que
1992 2785 2329 2855 precaretur.
2369 2790 2482 2845 lloc
2533 2802 2692 2860 parte
2727 2797 3025 2849 revertitur
3072 2797 3215 2850 intra
3269 2797 3411 2852 lines

1837 2877 2108 2931 [tertianos
2161 2880 2480 2948 imperator:
2537 2884 2664 2947 Quae
2719 2901 2804 2940 res
2857 2887 2952 2940 ubi
3000 2889 3238 2956 primum
3296 2889 3408 2944 illis

1837 2966 2166 3022 innotuissct
2203 2971 2295 3038 qui
2324 2970 2434 3038 jam
2475 2973 2541 3025 ad
2595 2974 2785 3028 urbem
2821 2987 3109 3044 venerant,
3141 2979 3406 3034 nimirum

1835 3057 2029 3112 Joanni
2060 3059 2257 3114 Caesari
2288 3063 2515 3132 ejusque
2560 3066 2707 3131 tiliis,
2758 3081 2822 3122 ac
2877 3069 3106 3138 reliquis
3147 3072 3408 3126 omnibus

1834 3161 2101 3221 quotquot
2134 3152 2278 3208 inter
2310 3170 2369 3208 sc
2405 3157 2881 3226 conspiraret-ant,
2922 3175 3048 3216 mox
3089 3161 3406 3232 imperatri-

1833 3258 1950 3296 cem
1981 3244 2202 3299 invitam
2233 3247 2434 3302 radunt
2466 3259 2518 3302 et
2557 3251 2606 3301 in
2640 3252 2890 3306 exsilium
2923 3263 3110 3324 agunt,
3138 3255 3406 3312 Michaelo

1831 3337 1952 3406 ejus
1973 3337 2086 3391 {ilio
2112 3339 2442 3408 imperatore
2471 3352 2677 3396 creato.
2704 3344 2905 3398 Deinde
2929 3346 3127 3416 quovis
3159 3349 3404 3403 locorum

1832 3427 2047 3500 litteras
2081 3433 2322 3499 mittunt,
2361 3434 2538 3502 iisque
2572 3435 2833 3489 mandant
2863 3452 2931 3491 ne
2966 3438 3090 3508 quis
3128 3448 3409 3496 reverten-

1832 3529 1943 3574 tem
1998 3521 2288 3593 Diogenem
2337 3528 2654 3594 exciperet,
2711 3529 2871 3599 cujus
2939 3534 3408 3590 exauctorationis

1836 3613 2048 3681 primus
2074 3625 2267 3670 auctor
2299 3616 2400 3672 fuit
2431 3619 2802 3686 Psellus.Quae
2831 3636 2955 3675 cum
2983 3622 3197 3690 tierent,
3229 3627 3407 3698 impe-

1836 3712 1985 3756 rator
2025 3707 2248 3758 castello
2277 3706 2509 3775 quodam
2541 3722 2827 3776 occupato,
2876 3712 2967 3766 cui
2999 3715 3174 3768 Docea
3206 3732 3408 3772 nomen

1835 3805 2001 3861 esset,
2029 3798 2223 3851 metari
2247 3809 2424 3852 castra
2445 3810 2704 3870 cmperat.
2732 3802 2813 3857 Ad
2835 3819 2958 3857 eum
2981 3807 3406 3875 opprimendum

1834 3888 2017 3943 Ciesar
2043 3879 2213 3944 tilium
2248 3906 2407 3945 suum
2432 3903 2564 3948 natu
2595 3893 2880 3949 minimum
2911 3911 3038 3950 cum
3063 3899 3236 3968 copiis
3263 3900 3413 3954 able-

1835 3985 1999 4053 gavit.
2032 3984 2298 4040 Conserto
2344 3988 2554 4056 priclio,
2604 3987 2730 4059 fuga
2777 3991 2938 4044 saluti
2984 4007 3096 4047 sua:
3136 3995 3408 4064 Diogenes

1835 4079 2094 4141 consulit,
2131 4086 2186 4133 et
2226 4080 2356 4135 hinc
2401 4081 2529 4135 inde
2575 4094 2800 4154 vagatus
2851 4084 3014 4155 329
3063 4086 3117 4139 in
3151 4085 3405 4143 Ciliciam

1837 4172 2108 4239 pervenit.
2147 4174 2360 4226 Interea
2397 4174 2793 4229 Constantinus
2825 4178 2896 4230 ad
2947 4180 3137 4233 urbem
3182 4183 3413 4234 reverti»

141 4293 249 4347 tur,
275 4266 518 4353 ejusque
563 4281 686 4334 loco
730 4280 876 4334 lilius
919 4278 1056 4332 alter
1102 4275 1337 4332 Cmsaris
1382 4274 1732 4339 Andronicus
1767 4271 2133 4341 persequendi
2171 4271 2426 4341 Diogenis
2496 4289 2658 4329 causa
2695 4266 2952 4330 mittiiur.
2995 4277 3047 4331 is
3108 4294 3233 4333 cum
3262 4281 3409 4332 Aala-

141 4392 264 4429 nam
338 4375 652 4438 obsideret,
707 4375 775 4427 de
828 4387 960 4441 pace
1012 4378 1303 4424 tractatum
1356 4378 1462 4435 est,
1528 4378 1584 4422 et
1645 4378 1799 4421 tonso
1837 4363 2034 4436 capillo
2058 4364 2327 4434 Diogenes
2361 4382 2391 4419 e
2423 4377 2602 4421 castro
2653 4369 2800 4437 pulla
2839 4382 2985 4424 veste
3021 4376 3256 4427 amictus
3284 4390 3410 4442 pro-

139 4467 259 4522 diit.
342 4469 492 4521 Eum
566 4465 915 4519 Andronicus
999 4478 1186 4518 secum
1226 4461 1466 4525 reduxit,
1509 4460 1715 4529 vilique
1749 4461 1999 4530 jumento
2060 4459 2376 4526 impositum
2433 4475 2530 4527 per
2580 4476 2642 4514 ea
2696 4463 2812 4515 loca
2869 4464 3034 4515 traxit
3094 4469 3146 4516 in
3205 4467 3408 4534 quibus

141 4544 301 4616 antea
326 4579 432 4620 ceu
465 4563 582 4615 Deo
611 4577 698 4631 pai
738 4561 993 4629 cognitus
1022 4558 1353 4626 habitusque
1385 4558 1582 4610 fuerat.
1609 4556 1723 4609 lloc
1765 4555 1928 4609 modo
1959 4571 2082 4609 cum
2114 4555 2399 4625 Cotyaium
2443 4573 2617 4625 usque
2658 4572 2768 4610 non
2837 4559 2955 4612 sine
2983 4592 2995 4601 -
3025 4561 3280 4614 maximis
3309 4563 3408 4615 do-

138 4651 353 4706 loribus
387 4657 546 4720 (nam
577 4651 965 4705 intestinorum
1033 4649 1224 4703 morbo
1260 4649 1564 4711 laborabat,
1632 4661 1795 4714 quem
1836 4663 1866 4701 e
1916 4649 2205 4716 propinata
2261 4649 2444 4702 cicuta
2505 4649 2855 4718 conceperan
2917 4649 3134 4704 delatus
3192 4654 3405 4718 fuisset,

141 4748 415 4817 tantiSper
462 4747 542 4812 ibi
573 4747 826 4802 detentus
852 4754 958 4809 est,
1013 4745 1190 4803 donec
1229 4744 1284 4796 in
1317 4745 1452 4798 urbe
1491 4743 1623 4813 quid
1689 4743 1759 4798 de
1802 4743 1920 4812 ipso
1979 4743 2295 4798 faciundum
2343 4753 2488 4799 esset
2552 4744 2964 4801 decerneretur.
2999 4746 3100 4802 Ubi
3151 4749 3312 4804 latam
3354 4753 3408 4805 in

138 4839 320 4906 ipsum
347 4840 691 4895 sententiam
715 4839 1065 4894 Andronicus
1089 4843 1418 4907 accepisset,
1481 4854 1582 4893 nec
1641 4853 1799 4906 Opem
1839 4849 1894 4892 et
1940 4840 2226 4908 pontiﬁces
2283 4840 2425 4892 ferre
2474 4840 2805 4907 potuissent,
2858 4852 2918 4895 ut
2971 4842 3410 4900 misericordiam

140 4931 478 5001 impetraret
505 4934 552 5003 (a
581 4933 901 4987 crudelibus
930 4933 1078 4986 enim
1109 4933 1376 5000 saevisque
1409 4931 1726 4987 hominibus
1764 4931 2187 5001 abripiebatur),
2223 4934 2399 4986 oculis
2464 4933 2680 4987 ell‘ossis
2744 4945 3068 4989 excaicatur.
3105 4935 3312 4991 Deinde
3339 4940 3409 4991 ad

137 5029 552 5097 Propontidem
580 5030 826 5100 jumento
863 5038 1071 5095 vectus,
1107 5043 1229 5082 cuiu
1261 5038 1426 5096 caput
1487 5045 1518 5081 e
1582 5037 1796 5081 tumore
1834 5039 2156 5097 corruptum
2205 5031 2450 5094 haberet,
2499 5021 2784 5099 oculisque
2834 5047 2958 5085 cum
3016 5042 3132 5087 toto
3175 5051 3406 5104 corpore

203 5233 317 5300 (91)
357 5230 471 5285 Uhi
528 5232 829 5287 Andronici
873 5233 928 5285 in
974 5233 1270 5302 Diogenem
1308 5235 1600 5288 barbarum
1651 5250 1715 5288 ac

133 5304 367 5355 crudele
414 5303 638 5355 facinus
680 5314 958 5362 narratur,
1001 5314 1212 5357 vacant
1257 5305 1495 5371 codices,
1527 5309 1553 5358 ὁ
1595 5307 1714 5357 Ἀν-

131 5373 389 5439 δρόνικος
424 5372 554 5432 νόου
593 5376 865 5441 μέμνηται
917 5374 1078 5428 habet
1124 5373 1207 5437 Ε..
1240 5376 1300 5426 οὺ
1336 5377 1493 5427 νόσου
1536 5376 1717 5428 Leun-

132 5444 352 5494 clavius
405 5460 419 5495 :
462 5442 546 5494 sic
598 5457 742 5494 enim
791 5442 1179 5512 interpretatus
1213 5455 1333 5509 est,
1370 5447 1518 5498 nulla
1551 5447 1716 5498 morbi

131 5528 234 5583 (μευ
285 5513 582 5564 laborabat
630 5513 838 5564 ratione
885 5513 1102 5578 lmbita,‘
1154 5523 1210 5567 at
1259 5516 1608 5583 Augustanns
1655 5532 1720 5569 ac

131 5582 447 5636 Davaricu's
508 5583 770 5634 exhibent
829 5583 1015 5634 νόστου
1054 5586 1212 5653 longe
1251 5582 1453 5652 aptius.
1488 5588 1719 5653 ideoque

129 5666 212 5724 sic
262 5655 651 5720 concupienda
698 5653 832 5724 loci,
861 5653 1009 5705 illius
1050 5668 1272 5707 vei-sio:
1311 5658 1585 5724 Diogenem
1612 5659 1720 5708 An-

124 5722 387 5775 dronirus
425 5738 606 5773 secum
643 5723 880 5787 abduxit,
907 5723 1352 5792 viliquejanmtto
1388 5722 1718 5794 impusiimli,

383 5816 672 5874 PATROL.
712 5817 827 5875 GR.
870 5815 1130 5879 (ILi'iil.

1821 5233 2064 5288 acerbam
2113 5234 2175 5286 de
2208 5235 2375 5286 resiitu
2409 5235 2724 5288 mentionem
2750 5235 3016 5304 injicicns,
3049 5252 3141 5304 per
3174 5253 3234 5288 ea
3285 5237 3402 5288 loca

1822 5305 2032 5366 traxit,
2071 5305 2125 5356 in
2178 5306 2364 5372 quibus
2430 5314 2590 5358 antea
2653 5316 2706 5358 ιιι
2765 5307 2904 5358 Deus
2981 5306 3287 5359 habebatur.
3333 5305 3402 5358 Et.

1821 5389 1956 5426 vero
2016 5382 2202 5428 nostra
2260 5379 2372 5428 haec
2436 5377 2707 5429 sententia
2777 5378 3023 5427 lirmatur
3074 5376 3400 5428 auctoritrte

1821 5442 2048 5496 Joannis
2094 5445 2460 5512 Curopalatm,
2514 5461 2582 5504 ex
2611 5461 2720 5512 quo
2753 5462 2848 5498 sua
2885 5443 3029 5497 haud
3076 5445 3241 5496 dubie
3279 5459 3402 5494 tuu-

1826 5525 2012 5567 tuatus
2043 5523 2128 5566 cst
2155 5528 2343 5568 IIOSlel'
2372 5515 2567 5584 Glycas
2617 5533 2628 5568 :
2663 5517 2871 5568 Νόστου
2919 5514 2973 5564 δὲ
3001 5514 3163 5574 εὐθὺς
3195 5513 3399 5584 μιμνή-

1825 5600 2014 5634 σκεται
2058 5587 2086 5635 ὀ
2147 5582 2505 5652 Ἀνδρόνικος,
2545 5589 2638 5640 καὶ
2680 5587 2746 5637 τὰ
2792 5586 2936 5654 ἑξῆς,
2962 5585 3142 5634 statim
3199 5582 3397 5635 reditus

1829 5655 2139 5708 mentionem
2172 5656 2295 5723 [erit
2330 5656 2676 5720 Andronicus,
2712 5666 2806 5709 etc.

2981 5819 3061 5877 20
