3798 6230
191 376 285 441 δᾳι

1401 376 1806 436 ANNALIUM
1846 377 2039 436 PARS
2074 376 2147 436 ΗΔ

3299 370 3403 431 (‘22

186 490 271 542 ἐπὶ
305 491 369 559 τῇ
419 488 607 561 πρώτῃ
652 487 881 556 θυγατρι
926 489 1017 541 καὶ
1060 488 1136 557 τῷ
1180 484 1464 555 ὲττάὖτῆς
1508 488 1730 557 κηδεστῇ

1849 505 1967 543 rum
1998 490 2046 543 ei
2082 487 2473 556 permittebat,
2509 490 2810 556 prmsertim
2858 502 2981 539 cum
3016 485 3125 554 jam
3172 482 3402 551 pedibus

188 581 449 651 Βρυεννίῳ
484 580 770 645 ἐκέκτητο.
810 580 993 650 Ταύτῃ
1030 598 1112 633 τοι
1148 581 1238 632 καὶ
1271 580 1331 633 τὸ
1369 581 1732 648 συγκλητικὸν

184 672 319 725 ἅπαν
348 673 441 725 καὶ
471 672 532 724 τὸ
564 671 637 744 μὴ
666 672 908 726 τοιοῦτον
939 672 1257 741 ἐπιτηδείως
1288 674 1316 725 6
1349 673 1600 743 Ἰωάννης
1634 690 1733 743 με-

182 767 419 833 τήρχετο.

1842 595 1981 647 niger
2017 578 2067 631 in
2126 578 2267 631 lecto
2302 578 2676 632 dcetnnberct.
2718 578 2843 630 Erat
2867 586 3047 630 autem
3082 572 3402 642 impcratrix

1842 670 2027 723 animo
2052 685 2176 738 erga
2208 669 2471 722 Joannem
2519 669 2684 721 lilium
2733 652 2801 719 et,
2830 668 3212 735 imperatorem
3258 662 3400 715 dasi-

1842 771 2062 832 gnatum
2098 760 2345 814 nonnihil
2381 760 2582 822 alieno,
2610 768 2665 812 et
2708 773 2923 812 omnem
2964 756 3400 811 benevolentiam

184 856 232 911 in
258 856 416 911 ﬁliam
450 866 579 911 natu
612 859 869 929 majorem
902 862 1129 930 ejusque
1164 862 1442 925 maritum,
1508 874 1766 930 generum
1811 874 1971 913 suum
2047 854 2401 925 Bryennium,
2452 852 2823 907 transtulerat.
2877 851 3025 909 lianc
3066 852 3134 904 ob
3182 865 3398 907 causam

182 947 407 1004 Joannes
454 959 703 1005 senatum
749 954 1054 1008 etordines
1087 961 1314 1009 caeteros
1365 952 1611 1008 studiose
1657 951 1891 1007 colebat.

208 1174 213 1177 .
246 1116 334 1181 Εἷς
375 1119 560 1188 μέντοι
594 1122 702 1173 τῶν
738 1121 875 1192 πρῦς
915 1123 1057 1193 ἑῴαν
1088 1123 1396 1178 διαϐάντων
1427 1109 1674 1178 Λατίνων
1708 1123 1735 1174 ό

183 1208 497 1277 Βιιμοῦνδος
534 1210 809 1280 συνθήκας
845 1215 984 1280 μετὰ
1014 1210 1107 1265 τοῦ
1144 1212 1471 1282 κρατοῦντος
1506 1214 1736 1282 ποιήσας

183 1302 340 1371 μυρία
367 1321 425 1355 τε
460 1306 716 1374 χρήματα
748 1305 930 1359 λασὼν
951 1345 964 1369 ,
998 1306 1092 1359 καὶ
1122 1309 1187 1376 τῇ
1224 1304 1526 1374 Ἀντιοχείᾳ
1560 1320 1732 1373 προα-

180 1394 376 1457 6αλὼν,
404 1398 469 1466 τῇ
504 1398 791 1469 πολιορκίᾳ
817 1416 876 1451 τε
905 1398 1109 1467 ταύτην
1139 1396 1276 1449 ἑλὼν
1307 1396 1417 1449 τῶν
1448 1395 1733 1464 συνθηκῶν

180 1485 583 1540 ἐπιλανθάνεται
605 1525 625 1549 ,
655 1490 751 1541 καὶ
791 1490 950 1558 χεῖρα
996 1487 1211 1557 μᾶλλον.
1234 1486 1380 1557 αἴρει
1418 1485 1560 1539 κατὰ
1596 1486 1729 1538 Ῥω-

183 1579 365 1646 μαῖων.
394 1580 622 1634 Μέλλων
647 1580 703 1633 δὲ
731 1580 867 1649 πρὸς
894 1581 1134 1650 ἑσπέραν
1161 1580 1415 1649 ἔρχεσθαι
1444 1579 1537 1631 καὶ
1567 1580 1733 1648 μήπω

180 1669 479 1740 κατασχεθῇ
510 1671 791 1739 πτοηθεὶς,
824 1672 1055 1726 θάνατον
1086 1673 1281 1726 ἑαυτοῦ
1313 1670 1728 1740 καταψεύδεται,

180 1761 272 1813 κᾶν
304 1761 529 1832 ὓστερον
567 1763 852 1816 σπένδεται
888 1764 964 1833 τῷ
1008 1764 1235 1833 βασιλεῖ.
1272 1762 1429 1817 Μετὰ
1467 1763 1523 1829 δὲ
1557 1761 1730 1815 ταῦτα

178 1854 313 1904 νοσεῖ
356 1854 385 1906 6
431 1856 655 1923 κρατῶν
696 1856 957 1909 τοσοῦτον
991 1856 1069 1921 ὡς
1110 1856 1483 1913 ἐκλελοιπέναι
1529 1840 1725 1908 δοκεῖνι

1912 1121 2186 1176 Creterum
2209 1136 2349 1177 unus
2380 1137 2444 1176 ex
2478 1120 2543 1177 iis
2566 1120 2772 1175 Latinis
2797 1120 2887 1189 qui
2920 1132 3110 1173 versus
3133 1118 3402 1172 orientem

1838 1212 2066 1283 profecti
2109 1213 2345 1274 fuerant,
2380 1214 2467 1268 cui
2505 1212 2797 1268 Baimundi
2846 1226 3049 1264 nomen
3086 1218 3252 1271 esset»,
3297 1209 3426 1261 icto.

1837 1319 1963 1359 cum
2014 1305 2340 1372 imperatore
2387 1303 2593 1358 ledere
2622 1304 2986 1370 maximisque
3025 1300 3276 1369 pecuniis
3314 1315 3405 1352 ao.-

1835 1397 2010 1464 ceptis
2043 1395 2388 1450 Antiochiam
2421 1397 2639 1451 nomine
2668 1396 3015 1464 imperatoris
3043 1393 3270 1447 adortus
3290 1400 3400 1454 est;

1836 1501 2007 1554 quam
2033 1487 2122 1541 ubi
2160 1502 2255 1555 per
2287 1487 2392 1541 vim
2436 1495 2799 1556 expugnatam
2844 1487 3101 1553 cepisset,
3142 1484 3401 1537 initorum

1837 1578 2106 1633 foederum
2147 1580 2351 1635 oblitus
2405 1581 2679 1634 Romanos
2706 1582 2850 1642 ipsos
2879 1576 3134 1631 invadere
3165 1592 3269 1629 non
3307 1576 3403 1627 du-

1837 1670 2055 1725 bitavit.
2107 1672 2313 1727 Deinde
2359 1687 2559 1727 versus
2598 1671 2939 1727 occidentem
2993 1670 3234 1722 facturus
3274 1666 3399 1727 iter,

1836 1763 1983 1831 quod
2016 1772 2306 1817 vereretur
2352 1779 2419 1817 ne
2452 1763 2651 1818 alicubi
2683 1778 2712 1817 a
2740 1760 3000 1817 Romanis
3046 1757 3403 1826 intercipere-

1834 1860 1949 1915 tnr,
1986 1854 2124 1909 falso
2151 1855 2218 1911 de
2254 1865 2427 1909 morte
2454 1870 2553 1909 sua
2592 1869 2811 1908 rumore
2843 1851 3034 1917 didito,
3069 1849 3213 1919 quod
3253 1849 3402 1902 vole-

178 1943 603 2014 Προσκομίζετιιι
648 1948 796 2015 αὐτῷ
838 1948 903 2003 τὸ
939 1948 1039 2005 τοῦ
1075 1948 1327 2017 Σωτῆρας
1368 1946 1528 2017 ἡμῶν
1572 1944 1730 2001 ἐκτά-

1835 1938 1927 1994 bat
1955 1942 2285 2010 assequitur.
2308 1941 2413 1997 Sed
2446 1954 2631 2015 tamen
2658 1940 2855 1995 deinde
2880 1956 3070 1995 rursus
3092 1940 3146 1993 in
3172 1938 3398 2008 gratiam

180 2052 337 2104 πωμα
369 2036 464 2089 τοῦ
507 2038 650 2091 κατὰ
686 2038 783 2109 τὴν
817 2038 1040 2109 Χαλκῆν
1073 2039 1518 2108 άνεστηλωμένου
1541 2076 1556 2101 ,
1590 2038 1729 2105 ὅπερ

175 2119 237 2192 ἦν
278 2126 331 2176 ὲν
373 2126 569 2196 πέπλῳ
613 2128 717 2178 τινὶ
760 2128 867 2195 πρὸ
908 2128 1005 2197 τῆς
1051 2128 1258 2191 εἰκόνος
1302 2126 1725 2199 άπῃωρημᾱνον.

186 2216 546 2285 Ὕφαπλοῦται
592 2222 655 2289 τῇ
701 2220 885 2291 κλίνη,
931 2221 1023 2273 καὶ
1068 2223 1103 2274 ό
1138 2221 1373 2290 κάμνων.
1402 2222 1725 2290 άνέρῤωται.

186 2309 299 2361 Ἐπὶ
337 2308 510 2379 today
553 2309 719 2379 φόϐος
745 2311 984 2364 ὗποσείει
1019 2312 1080 2364 οὐ
1115 2312 1273 2380 μόνον
1308 2311 1375 2365 τὸ
1409 2310 1738 2380 δημοτικὸν,

173 2396 297 2451 ἀλλά
338 2399 429 2451 καὶ
469 2400 671 2462 αὐτοὺς
706 2402 831 2465 τοὺς
871 2402 927 2454 ὲν
960 2401 1103 2454 τέλει
1128 2416 1144 2433 ⁸
1180 2400 1339 2473 φημη
1382 2401 1488 2471 γάρ
1530 2399 1725 2463 αὑτοὺί

173 2489 498 2559 κατεκράτει
524 2488 596 2551 ὡς
625 2491 653 2542 6
686 2493 899 2558 κρατῶν
926 2492 1046 2543 κατ’
1071 2493 1247 2545 ἐκεῖνο
1270 2496 1330 2544 τὸ
1361 2492 1503 2561 μέγα
1530 2491 1729 2561 τεθνή-

174 2578 312 2642 ξεται
356 2582 662 2637 Σὰεΰατον.
701 2584 840 2635 Ἀλλ’
868 2585 912 2655 ἠ,
945 2584 1171 2654 τοιαύτη
1216 2586 1372 2654 φήμη
1416 2586 1511 2637 καὶ
1557 2583 1726 2655 αὐτὴν

172 2676 263 2741 τὴν
288 2673 378 2727 τοῦ
408 2675 682 2745 βασιλέως
715 2680 994 2730 κατέσεισε
1023 2676 1222 2746 ψυχήν.
1251 2676 1466 2746 Ψευδὴς
1495 2676 1551 2729 δὲ
1578 2678 1729 2745 ὅμως

170 2764 436 2834 ἠλέγχετο.
473 2768 543 2820 ’0
578 2767 677 2836 μὲν
715 2764 806 2821 οὖν
845 2768 1098 2838 βασιλεὺς
1140 2768 1327 2823 ἔκτοτε
1368 2769 1497 2838 περὶ
1535 2768 1728 2822 Φιλιπ-

173 2859 361 2912 ποὺπο)
375 2879 421 2913 ιν
452 2861 725 2930 διέτριὸεν
758 2861 856 2932 ἔαρ
884 2862 1004 2915 ὅλον
1036 2863 1128 2914 καὶ
1158 2862 1334 2931 θέρος.
1367 2862 1439 2915 Τὸ
1467 2862 1523 2915 δὲ
1556 2863 1728 2915 αἴτιον

170 2950 202 3019 ἡ
232 2955 361 3020 μετὰ
387 2954 499 3004 τῶν
528 2953 841 3023 Μανιχαίων
867 2952 1122 3016 διάλεξις,
1150 2952 1241 3015 οὓς
1268 2953 1662 3016 Παυλικιάνους
1692 2954 1726 3023 ή

171 3043 411 3113 δημώδης
444 3045 708 3114 ὀνομάζει
740 3045 913 3116 φωνή.
946 3046 1084 3098 Πολὺ
1116 3044 1173 3096 δὲ
1204 3045 1264 3097 τὸ
1297 3047 1452 3114 γένος
1481 3044 1638 3097 τοῦτο
1671 3047 1730 3096 ὲν

171 3137 231 3204 τῇ
264 3136 410 3207 χώρᾳ
440 3137 622 3209 ταύτῃ
656 3137 1023 3207 κατῴκισται,
1055 3138 1146 3192 τοῦ
1184 3137 1445 3206 βασιλέως
1480 3138 1728 3194 Ἰωάννου

172 3227 258 3280 τοῦ
291 3229 569 3299 Τζιμισχῆ
611 3234 675 3282 ἐκ
707 3231 805 3307 τῆς
840 3230 980 3301 ἑῴας
1016 3231 1426 3299 καταγαγόντος
1460 3230 1590 3284 αὐτὸ
1623 3232 1728 3286 κάν

1831 2046 1954 2085 eum
1992 2032 2319 2103 imperatore
2353 2034 2533 2088 rediit.
2571 2034 2622 2088 ls
2654 2047 2780 2088 vero
2812 2032 3111 2087 secundum
3146 2029 3259 2083 inre
3289 2038 3399 2082 tam

1828 2125 1976 2192 gravi
2003 2118 2291 2194 correptus
2312 2134 2397 2180 est
2425 2126 2637 2188 morbo,
2665 2135 2724 2179 ut
2745 2125 2927 2178 animo
2956 2122 3170 2178 defecto
3192 2122 3401 2175 exstin-

1828 2226 1950 2271 etus
1979 2232 2097 2271 esse
2132 2217 2427 2273 videretur.
2449 2217 2608 2287 335
2638 2216 2980 2286 Quapropter
3014 2214 3078 2268 ad
3111 2214 3285 2284 ipsum
3319 2212 3417 2265 al-.

1828 2307 1939 2362 lato
1967 2316 2051 2362 est
2080 2307 2284 2379 efﬁgies
2305 2307 2809 2373 Servatorisjnostri
2834 2310 2899 2364 ad
2923 2308 3179 2363 Cbaleem
3205 2304 3398 2368 erecti,

1827 2414 1949 2469 quae
2002 2400 2055 2454 in
2094 2402 2253 2471 peplo
2289 2401 2525 2471 quodam
2567 2410 2693 2456 ante
2746 2401 3036 2471 imaginem
3074 2399 3246 2469 ipsam
3277 2412 3404 2453 sus.-

1828 2506 1996 2561 pcnsa
2049 2492 2405 2561 conspicitur.
2446 2492 2571 2547 Haec
2600 2507 2726 2545 cum
2758 2491 2813 2545 in
2844 2490 3157 2561 aegrotantis
3194 2488 3411 2543 lectum

1825 2600 2068 2654 expansa
2098 2584 2285 2639 fuisset
2310 2624 2325 2649 ,
2367 2585 2515 2640 vires
2541 2584 2768 2640 omnino
2800 2582 3165 2652 recuperavit.
3196 2580 3272 2635 Ea
3310 2595 3401 2634 res

1828 2692 1936 2730 non
1969 2676 2129 2731 modo
2164 2677 2404 2745 plebem,
2450 2677 2543 2732 sed
2583 2678 2728 2745 ipsos
2755 2677 2920 2731 etiam
2949 2688 3205 2743 proceres
3234 2680 3400 2741 atque

1828 2769 2180 2839 magistratus
2217 2780 2364 2824 metu
2393 2769 2630 2839 quodam
2666 2768 2920 2838 perculit.
2946 2766 3081 2821 Nam
3108 2766 3270 2835 vulgo
3302 2781 3400 2823 ru:

1829 2875 1950 2915 mor
1983 2860 2268 2914 obtinebat
2315 2860 2559 2914 futurum
2592 2871 2649 2913 ut
2678 2860 2973 2929 imperator
3008 2859 3100 2913 illo
3138 2858 3253 2926 ipso
3281 2872 3401 2911 ma-

1829 2969 1937 3025 gno
1962 2951 2202 3007 Sabbato
2240 2946 2450 3007 natura:
2479 2952 2727 3006 debitum
2762 2951 3121 3020 persolveret;
3152 2949 3245 3019 qui
3276 2952 3402 3019 qui-

1829 3045 1953 3099 dem
1999 3044 2063 3098 ad
2094 3045 2481 3113 imperatorem
2516 3043 2731 3099 delatus
2762 3058 3092 3112 nonparum
3125 3043 3243 3112 ejus
3282 3024 3402 3095 ani;

1828 3151 1978 3193 mum
2010 3139 2367 3199 cruciavcrat,
2415 3151 2724 3206 quanquam
2775 3145 3007 3190 eventus
3036 3136 3151 3202 ipse
3201 3134 3415 3189 falsum.

1828 3228 1997 3284 fuisse
2029 3229 2237 3284 docuit.
2270 3228 2352 3283 Ab
2406 3228 2511 3283 hoc
2550 3227 2742 3299 morbo
2786 3228 2935 3297 juxta
2974 3224 3411 3295 PhilippOpolim.

172 3320 333 3392 ταύτῃ
378 3323 865 3390 ὲγκατοικίσαντος
894 3338 906 3351 ·
960 3320 1042 3385 οἷς
1088 3322 1154 3393 δὴ
1202 3324 1291 3376 καὶ
1342 3322 1727 3392 διαλεγόμενος

1835 3337 2062 3376 vernum
2094 3322 2454 3391 :estivumque
2490 3331 2705 3388 tempus
2738 3318 2919 3388 exegit
2953 3318 3273 3387 imperator,
3328 3320 3398 3371 ob

172 3412 388 3475 πολλοὺς
419 3414 557 3484 πρὸς
582 3416 681 3484 τὴν
707 3412 985 3481 ὀρθὸδοξον
1013 3413 1190 3466 πίστιν
1218 3413 1545 3485 μετήνεγκε.
1590 3412 1726 3466 Κατ’

170 3500 331 3554 ἐκεῖνο
358 3503 450 3555 καὶ
481 3501 669 3554 πολλοὶ
701 3503 986 3570 γεγόνασιν
1019 3503 1364 3573 ὲμπρησμοί.
1396 3502 1551 3555 Κατὰ
1583 3502 1639 3556 δὲ
1670 3502 1729 3554 τὺ

171 3594 263 3665 ἔαρ
298 3596 563 3649 ἔπνευσεν
603 3594 802 3664 ἄνεμος
836 3593 1085 3647 τοσοῦτον
1122 3594 1297 3664 βιαῖος
1337 3593 1411 3657 ὡς
1456 3594 1548 3646 καὶ
1594 3592 1729 3646 ἄλλα

173 3686 263 3752 μὲν
294 3688 571 3758 συμϐῆναι
606 3686 986 3756 συμπτώματα
1007 3726 1021 3750 ,
1055 3688 1383 3738 καταπεσεῖν
1413 3685 1468 3738 δὲ
1504 3685 1594 3739 καὶ
1628 3686 1727 3756 τὴν

168 3779 222 3830 ὲν
261 3778 335 3849 τῷ
381 3780 531 3834 κατὰ
572 3779 630 3831 τὸ
675 3777 959 3831 πλακωτὺν
1004 3778 1142 3830 κίονι
1188 3777 1479 3847 ἱδρυμένην
1528 3777 1727 3847 στλήην

171 3869 258 3922 καὶ
294 3856 526 3931 πολλοὺς
558 3870 664 3923 τῶν
696 3870 875 3922 ἐκεῖσε
911 3869 1327 3939 παρατυχόντων
1356 3871 1569 3923 ἀνελεῖν
1589 3885 1603 3899 ⁶
1636 3869 1728 3922 καὶ

168 3960 364 4033 ὄμϐρον
389 3963 446 4016 δὲ
480 3963 733 4035 ῥαγδαῖον
763 3963 820 4014 ὲν
848 3964 913 4032 τῇ
950 3962 1139 4035 μνήμῃ
1168 3962 1275 4016 τῶν
1300 3963 1471 4029 ἁγίων
1498 3962 1729 4016 ἀποστό-

170 4052 270 4107 λων
302 4056 559 4111 τοσοῦτον
595 4056 1014 4127 καταρραγῆναι
1047 4056 1120 4118 ὡς
1155 4056 1249 4108 καὶ
1281 4055 1455 4118 οἰκίας
1487 4073 1731 4110 καταπεευ

171 4148 278 4201 σεῖν
302 4148 394 4199 ἀνθ
406 4145 625 4217 ρώπους
649 4163 707 4198 τε
735 4146 827 4198 καὶ
853 4146 966 4208 ζῶα
993 4145 1379 4214 ἀποπνιγῆναι.
1410 4145 1501 4198 Ἐν
1524 4144 1733 4208 τούτοις

171 4238 463 4309 ἐπιδρομὴν
497 4238 755 4305 Τούρκων
790 4237 932 4290 κατὰ
969 4238 1278 4305 Ῥωμαίων.
1324 4235 1383 4289 ’0
1418 4236 1473 4289 δὲ
1507 4236 1731 4308 κρατῶν

174 4331 245 4397 μὴ
284 4330 486 4401 ἰσχύων
515 4329 583 4382 δι’
608 4329 800 4382 ἑαυτοῦ
823 4329 1240 4396 ἐκστρατεῦσαι,
1278 4327 1372 4381 ἆτε
1407 4328 1732 4399 κλινοπετὴς

168 4419 270 4485 ὣν,
305 4424 537 4496 στρατὸν
567 4424 842 4490 ἐκπέμπει
872 4418 931 4474 οὗ
962 4422 1202 4490 ἀρχηγὸς
1234 4423 1262 4473 6
1295 4420 1595 4491 Καμύτζης
1626 4421 1730 4472 Εὑ-

171 4509 379 4575 «iam;
397 4553 414 4578 ,
436 4512 506 4587 76;
535 4511 598 4582 δὴ
629 4514 721 4565 καὶ
750 4510 1212 4587 προσϐαλὼντοῖς
1240 4511 1503 4581 Τοὺρκοις
1530 4511 1730 4580 αἰχμά-

168 4601 329 4668 λωτος
376 4586 574 4673 ἄγεται
623 4604 719 4656 καὶ
765 4603 856 4656 τὸν
899 4586 1128 4669 στρατδν
1170 4602 1485 4658 ἀπόλλυσιν.
1531 4604 1730 4657 Οὐκέτι

170 4696 254 4750 οὖν
296 4699 547 4766 ἀνέχεται
591 4699 619 4750 6
666 4698 907 4765 κρατῶν,
950 4696 1066 4750 ἀλλ’
1089 4696 1268 4749 ἐκεῖσε
1319 4695 1730 4765 καταλαμϐάνει

170 4791 259 4842 καὶ
288 4792 412 4855 τοὺς
444 4792 725 4861 Τοὺρκους
756 4790 890 4843 ὡσεὶ
923 4790 1127 4843 καπνὸν
1156 4789 1384 4844 διαλύει.
1419 4791 1530 4843 Καὶ
1561 4792 1610 4843 οἱ
1641 4789 1730 4842 τὸν

170 4881 465 4954 Καμύτζην
496 4883 817 4953 κατέχοντες
850 4882 1143 4952 αὐτόμολοι
1183 4884 1279 4935 σὺν
1309 4881 1458 4951 αὐτῷ
1497 4880 1731 4950 προσὲρο

170 4993 352 5047 χονται
380 4979 458 5047 τῷ
497 4976 725 5047 βασιλεῖ.
753 4976 909 5047 Μετὰ
939 4975 1112 5030 ταῦτα
1148 4978 1176 5029 6
1204 4973 1311 5028 τῶν
1343 4973 1604 5044 Τοὺρκων
1631 4973 1732 5043 ἄρ-

170 5085 276 5137 χων
318 5070 601 5127 σπένδεται
640 5068 717 5138 τῷ
756 5067 1006 5139 βασιλεῖ,
1049 5067 1145 5121 καὶ
1186 5069 1214 5120 6
1258 5065 1382 5118 καθ’
1414 5065 1509 5119 ἕνα
1551 5065 1732 5119 οἴκαδε

169 5159 404 5214 ἄπεισιν.
441 5161 594 5215 Ἐπεὶ
622 5160 680 5213 δὲ
714 5156 854 5230 μετὰ
881 5158 1055 5214 ταῦτα
1083 5158 1150 5212 τὰ
1177 5158 1274 5229 τῆς
1304 5156 1459 5210 νόσου
1490 5156 1689 5227 ηὔξανε
1709 5195 1727 5225 ,

170 5257 319 5325 κοινῇ
370 5252 566 5327 γνώμῃ
606 5252 715 5306 τῶν
764 5251 962 5322 ἰατρῶν
1010 5251 1224 5322 σίδηρον
1270 5252 1414 5305 κατά
1457 5251 1730 5321 στομάχου

171 5347 465 5417 φλογόεντα
498 5347 734 5417 δέχεται.
770 5345 924 5398 Ἐπεὶ
958 5345 1016 5399 δὲ
1051 5348 1078 5398 6
1111 5345 1219 5416 ἀὴρ
1254 5345 1283 5398 6
1318 5346 1377 5397 ὲν
1410 5341 1735 5413 ἀνακτόροις

170 5440 273 5511 ἀὴρ
302 5442 403 5494 οὐκ
434 5440 696 5513 εὔκρατος
727 5438 926 5502 ἐδόκει,
962 5439 1056 5492 άτε
1086 5436 1303 5490 νοτιὼτε
1316 5452 1404 5506 ρος
1431 5434 1528 5496 ὢν,
1560 5435 1639 5495 εἰς
1666 5433 1736 5486 τά

170 5534 271 5587 τῶν
296 5534 607 5603 Μαγγάνων
638 5532 1068 5599 άποκεκόμισται
1098 5528 1390 5599 ἀνάκτορα,
1415 5525 1506 5580 τοῦ
1538 5525 1734 5596 χρεὼν,

167 5629 242 5692 ὡς
286 5628 454 5693 ἔοικε,
499 5628 887 5689 καθέλκοντοςο
935 5626 995 5678 τὸ
1038 5626 1170 5695 γάρ,
1202 5643 1219 5676 ι
1246 5623 1335 5679 Ἐν
1378 5621 1735 5685 ἁκεσωδὺνοις

172 5723 415 5773 πεσεῖται
453 5741 469 5773 ι
508 5722 633 5791 περὶ
669 5719 834 5772 αὐτοῦ
875 5718 1185 5787 γεγράφθαι
1226 5715 1387 5784 φασὶν
1418 5715 1467 5766 οἱ
1506 5714 1632 5782 περὶ
1668 5714 1735 5765 τά

173 5813 392 5867 τοιαῦτα
436 5813 615 5870 δεινοί.
662 5813 897 5883 Θνήσκει
947 5807 1037 5864 οὖν
1084 5811 1283 5876 ἐκεῖσε,
1315 5809 1411 5878 τῆς
1459 5805 1735 5877 βασιλείας

1832 3429 1993 3467 unam
2028 3413 2169 3467 hanc
2199 3428 2418 3467 causam
2444 3452 2461 3477 ,
2495 3411 2640 3481 quod
2670 3427 2791 3465 cum
2827 3410 3136 3465 Manichazis
3164 3410 3230 3463 de
3267 3410 3399 3464 reli-

1830 3507 1991 3578 gione
2027 3506 2345 3569 dissereret,
2369 3521 2507 3575 quos
2530 3506 2722 3573 vulgus
2752 3503 3031 3557 hominum
3057 3503 3401 3557 l’aulieianos

1829 3599 2081 3669 appellat.
2118 3597 2193 3652 Ea
2223 3598 2371 3653 natio
2401 3611 2531 3651 sane
2565 3597 2839 3666 perampla
2886 3595 2941 3649 in
2985 3595 3136 3651 hisee
3197 3594 3402 3653 ﬁnibus

1830 3693 2132 3756 habitabat,
2168 3707 2233 3745 ex
2266 3690 2488 3744 Oriente
2522 3704 2616 3757 per
2643 3688 2909 3743 Joannem
2931 3687 3261 3742 Zimi~chem
3294 3686 3406 3740 huc

1832 3788 2091 3857 translata
2132 3785 2273 3839 etin
2328 3782 2572 3836 colonias
2623 3781 2779 3850 quasi
2829 3780 3091 3848 quasdam
3142 3779 3401 3833 deducta.

1826 3878 1964 3934 Cum
2003 3878 2088 3931 his
2115 3892 2243 3945 ergo
2277 3874 2561 3942 disputans
2596 3872 2836 3933 Alexius,
2867 3872 3070 3926 multos
3097 3872 3162 3925 ad
3198 3880 3401 3925 rectam

1830 3972 1898 4026 de
1952 3970 2215 4040 religione
2268 3967 2597 4022 sententiam
2634 3965 2947 4019 revocabat.
2982 3964 3252 4018 Exstitere
3285 3972 3397 4018 tum

1829 4063 2136 4133 frequentia
2173 4060 2372 4130 passim
2406 4060 2680 4114 incendia.
2725 4059 2971 4127 Cumque
3008 4073 3106 4111 ver
3137 4058 3404 4127 appetiis:

1831 4162 1936 4219 set,
1972 4164 2078 4209 tam
2117 4153 2473 4207 vehementes
2502 4160 2791 4205 ventorum
2840 4149 3002 4203 ﬂatus
3028 4148 3204 4203 exorti
3239 4160 3399 4209 sunt,

1830 4256 1891 4302 ut
1920 4246 2061 4300 inter
2091 4246 2326 4300 aliorum
2360 4257 2589 4312 operum
2619 4256 2782 4298 casus
2812 4251 2975 4307 atque
3025 4240 3211 4293 ruinas
3237 4240 3411 4293 etiam.

1830 4346 2009 4394 statua
2042 4335 2314 4389 columnae
2367 4333 2621 4403 imposita
2676 4332 2729 4385 in
2782 4328 2904 4385 fore
2936 4331 3177 4394 Placoto,
3212 4332 3291 4385 sic
3334 4333 3403 4385 ab

1830 4428 2224 4485 inerustatione
2249 4427 2418 4489 dicto,
2454 4424 2677 4491 delapsa
2698 4422 2899 4476 multos
2927 4422 3051 4476 istic
3083 4422 3224 4475 forte
3260 4436 3398 4488 prae-

1831 4532 2012 4579 sentes
2041 4518 2393 4589 opprimeret.
2433 4518 2700 4570 Praeterea
2752 4513 2958 4567 litteris
3006 4511 3287 4581 proditum
3320 4521 3406 4566 est

1763 4638 1806 4694 ο
1836 4631 1903 4670 ex
1931 4627 2057 4669 aere
2095 4622 2200 4666 tam
2243 4610 2604 4678 impetuosum
2648 4605 2876 4659 imbrem
2909 4604 3018 4668 die,
3049 4619 3156 4673 quo
3183 4613 3402 4659 sancto,

1839 4724 1963 4767 rum
1997 4706 2364 4777 apostolorum
2399 4701 2545 4756 Petri
2585 4707 2641 4755 et
2676 4698 2827 4752 Pauli
2870 4698 3135 4755 memoria
3162 4698 3405 4753 celebra-

1840 4810 1952 4866 tur,
1993 4799 2265 4868 orupisse,
2296 4804 2357 4850 ut
2380 4792 2608 4849 aedilicia
2639 4800 3120 4861 prosternerentur
3148 4800 3204 4847 ct
3236 4791 3288 4845 in
3321 4793 3404 4847 eis

1837 4891 2098 4949 mortales
2135 4903 2238 4943 una
2266 4902 2389 4941 cum
2420 4883 2793 4937 animantibus
2818 4881 2974 4951 aquis
3006 4883 3401 4945 obruerentur,

1840 4984 2054 5040 Secutae
2087 4989 2214 5036 sunt
2238 4979 2543 5035 Turcorum
2572 4974 2624 5028 in
2663 4972 2974 5044 provincias
3005 4974 3282 5030 Romanas
3306 4990 3405 5030 ex-

1840 5074 2125 5130 cursiones
2148 5113 2162 5138 ,
2207 5079 2396 5125 contra
2428 5081 2567 5137 quos
2595 5065 2896 5134 imperator
2927 5079 3053 5119 cum
3081 5066 3279 5120 ducere
3310 5080 3405 5123 eo-

1834 5166 1960 5236 pias
1987 5163 2183 5219 afﬁxus
2226 5162 2371 5216 lecto
2405 5173 2514 5214 non
2564 5163 2767 5227 posset,
2803 5156 3148 5211 Eustathium
3190 5156 3406 5228 Camyt-

1838 5272 1954 5312 zem
1994 5254 2327 5311 exercitibus
2351 5251 2673 5323 praefectum
2708 5249 2968 5304 adversus
3001 5265 3094 5304 eos
3130 5248 3313 5302 mittit.
3355 5248 3404 5302 ls

1836 5358 2087 5405 conserta
2113 5363 2238 5401 eum
2271 5345 2468 5402 Turcis
2492 5360 2654 5399 manu
2686 5358 2795 5399 non
2829 5343 3014 5413 copias
3043 5340 3205 5396 modo
3234 5354 3401 5394 caesas

1838 5440 2059 5504 amittit,
2093 5453 2286 5493 verum
2314 5437 2478 5492 etiam
2508 5435 2576 5491 ab
2618 5436 2779 5493 hoste
2807 5432 3055 5503 captivus
3088 5429 3399 5484 abducitur.

1838 5532 1921 5587 Eo
1943 5546 2069 5587 casu
2102 5530 2400 5599 imperator
2432 5527 2653 5599 cognito
2687 5525 2861 5582 teneri
2892 5539 3000 5579 non
3041 5520 3235 5592 potuit,
3268 5520 3401 5590 quin

1841 5623 1955 5691 ipse
2007 5619 2071 5673 ad
2123 5635 2195 5677 ea
2220 5621 2340 5676 loca
2389 5620 2848 5689 proﬁcisceretur.
2901 5613 3018 5679 Quo
3058 5612 3198 5667 facto
3232 5610 3404 5668 instar

1839 5713 1973 5767 fumi
2015 5712 2221 5765 Turcos
2255 5710 2558 5780 dissipavit,
2590 5718 2740 5762 tanto
2769 5707 2849 5759 eis
2879 5714 3086 5757 terrore
3120 5702 3319 5774 injecto
3347 5713 3402 5756 ut

1820 5806 2000 5863 etiam
2037 5804 2072 5860 ii
2105 5804 2195 5875 qui
2223 5803 2532 5874 Caniytzem
2559 5798 2831 5870 captivum
2859 5783 3175 5871 detinebant
3210 5806 3403 5864 sponte
