3798 6230
446 299 556 366 623
1512 306 1933 369 MICHAELIS
1973 310 2235 374 GLYCJE
2268 310 2671 376 ANNALlUM
3523 306 3599 376 ϐὶᾶ

430 427 527 466 sua
561 427 685 467 cum
728 413 845 481 ipso
875 412 940 466 ad
986 412 1371 480 imperatorem
1401 417 1726 473 accederent
1785 417 1996 473 Secun-

2103 421 2345 490 διάδοχον
2386 423 2703 476 καταλιπὼν
2744 421 2837 475 τὶν
2877 421 2994 475 υἱὸν
3031 421 3192 476 αὐτοῦ
3237 422 3322 477 τὸν
3360 425 3601 495 Κωμνηνὲν

430 506 559 559 dum
596 506 710 559 haec
743 505 996 574 princeps
1023 504 1329 562 Turcorum
1362 506 1541 565 fmdus
1584 526 1709 564 eum
1757 511 1991 581 impera-

2108 514 2363 582 Ἰωάννην
2396 512 2531 585 (98).

432 610 552 655 tore
580 597 901 668 feriit;quo
951 600 1087 685 inito
1120 600 1342 658 domum
1379 605 1637 675 utrinque
1701 605 2029 663 discessum.
2067 607 2204 663 Cum
2226 618 2410 663 autem
2479 610 2707 667 morbus
2732 609 3081 681 imperatoris
3104 611 3157 665 in
3182 609 3301 664 dies
3326 608 3604 681 ingravesce-

428 701 534 758 ret,
559 692 626 747 de
652 693 928 748 communi
961 696 1298 751 medicorum
1327 698 1598 755 sententia
1628 699 1868 756 candens
1902 698 2109 756 ferrum
2135 702 2258 771 ejus
2288 703 2572 758 stomacho
2611 704 2940 773 impressum
3005 713 3111 759 est.
3173 702 3241 757 Et
3299 701 3418 769 quia
3455 718 3603 771 parum

429 793 766 853 temperatus
843 802 940 842 aer
1009 790 1173 859 regiae
1201 790 1507 858 videretur,
1560 800 1618 846 ut
1659 793 1757 862 qui
1824 803 1972 849 esset
2017 796 2311 850 australior
2342 797 2660 866 'aliquanto,
2711 797 2768 851 in
2821 795 3216 866 Manganorum
3265 795 3502 865 palatium
3530 796 3603 850 fuit

427 880 771 982 deportatus,
802 880 914 982 fato
945 884 1121 951 illum,
1152 902 1250 943 ceu
1277 888 1428 944 credi
1456 905 1553 960 par
1577 900 1689 976 est,
1744 906 1811 946 eo
1868 892 2241 961 pertrahente.
2275 892 2407 947 Nam
2471 892 2637 965 vulgo
2666 892 2930 962 iactatum
2960 890 3095 947 illud
3125 909 3139 946 :
3179 910 3198 944 ι
3240 888 3300 945 ιη
3334 890 3607 982 Acespdynis

428 970 611 1038 cadet,
643 991 664 1026 ι
709 975 777 1029 de
822 975 939 1046 ipso
973 979 1337 1048 perscriptum
1377 995 1497 1035 esse
1531 970 1822 1050 perhibent
1847 1025 1861 1048 ,
1894 982 1987 1052 qui
2029 983 2325 1053 plurimum
2390 983 2662 1056 ejusmodi
2695 984 2934 1039 oraculis
2964 981 3393 1051 interpretandis
3445 970 3602 1037 v'alent.

428 1064 561 1121 Istic
588 1080 722 1139 ergo
752 1067 895 1125 diem
924 1071 977 1124 in
1027 1072 1191 1126 terris
1233 1087 1572 1142 supremum,
1616 1072 1826 1129 Joanne
1850 1071 2133 1129 Comneno
2160 1072 2274 1131 ﬁlio
2301 1087 2621 1131 successore
2654 1073 2871 1145 imperii
2910 1073 3124 1139 relicto,
3159 1070 3373 1127 clausit.

504 1217 952 1293 (98)_Cla_usx_tla_m
1009 1218 1154 1273 hanc
1178 1232 1317 1293 post
1356 1223 1448 1275 τὸν
1489 1225 1779 1293 Κομνηνδν
1816 1227 2001 1280 Ἰωάν-

2114 1227 2361 1293 signibus
2415 1226 2595 1281 εΕΩΣ
2668 1223 2793 1278 {ME
2845 1225 2933 1280 ΤΟ
2992 1226 3218 1281 ΠΕΡΑΣ
3289 1226 3423 1280 ΤΗΣ
3461 1228 3610 1284 ΚΑΤΑ

433 1308 531 1360 νην
569 1288 771 1361 adjecit
807 1290 847 1343 F
870 1288 1324 1350 litterisrubrica
1366 1293 1544 1346 instar
1579 1288 1875 1351 titulorum
1909 1299 1994 1353 in-

2103 1296 2420 1354 ΧΡΟΝΙΚΑ
2469 1295 2867 1355 ΔΙΗΓΗΣΕΩΣι

1264 1442 1742 1511 ΜιεΠΑΕιις
1776 1446 2070 1511 6ιῖσῶ
2104 1448 2563 1513 ANNALIUM
2589 1451 2848 1516 FINIS.

439 1640 672 1658 -‘—-—-——

832 1704 2155 1986 GLYCANORUM
2291 1700 3289 1988 ANNALIUM

1618 2073 2465 2168 CONTINUATIO

707 2267 759 2328 Α
792 2264 1109 2327 JOANNE
1139 2263 1533 2327 COMNENO
1575 2265 1831 2337 USQUE
1873 2266 1985 2328 AD
2014 2222 2325 2330 napum!
2368 2269 2801 2332 manum
2848 2230 3401 2349 EVERSIONEM,

1380 2430 1764 2499 avaram
1804 2429 2141 2498 JOANNE
2170 2417 2292 2496 ‘LE
2303 2432 2572 2498 UNCLA
2586 2436 2746 2499 r10.

1419 1649 3587 1686 mw

1411 1668 1769 1686 *ψ

589 2603 719 2674 Qua
747 2594 1192 2679 superioribus
1236 2597 1500 2677 adjecta,
1542 2617 1773 2680 corpus
1818 2584 2145 2681 integrum.
2178 2601 2873 2696 Historia-Byzantines
2917 2602 3216 2668 Lectores
3255 2597 3528 2667 habent.’

499 2876 665 2951 336
687 2876 875 2934 Alexio
913 2878 1243 2949 imperatore
1271 2880 1525 2951 spiritum
1557 2882 1863 2937 extremum
1897 2881 1996 2936 du-
2027 2888 2070 2943 Α
2101 2878 2368 2940 sidentem
2424 2878 2594 2944 leoni.
2652 2898 2812 2953 quem
2837 2876 3063 2937 auribus
3134 2876 3467 2937 habenarum
3523 2882 3614 2936 vice'

429 2981 611 3037 cente,
630 2971 869 3026 Joannes
887 2971 1153 3026 maximus
1180 2960 1311 3028 natu
1338 2971 1814 3045 lilius,adjuvante
1833 2974 1998 3029 fratre
2100 2966 2497 3040 moderaretur,
2543 2985 2666 3027 cum
2720 2972 2923 3042 alioqui
2979 2972 3116 3027 nihil
3159 2974 3389 3030 haberet
3433 2974 3492 3028 ad
3536 2974 3609 3027 do-

429 3060 657 3130 lsaacio,
686 3062 1154 3130 Sebastoeratore,
1188 3066 1411 3119 conscio
1450 3074 1624 3134 patre,
1657 3079 1758 3118 ceu
1787 3062 2002 3117 fereba-

428 3165 541 3224 tur,
569 3151 741 3212 invita
794 3164 990 3221 matre,
1047 3166 1169 3226 qua}
1197 3156 1528 3228 Bryennium
1564 3172 1827 3227 generum
1873 3172 1997 3211 cum

428 3249 589 3306 Anna
601 3248 891 3305 Cmsarissa
913 3250 1019 3304 filia
1043 3248 1326 3303 maluisset
1346 3242 1580 3319 imperio
1603 3249 1790 3319 potiri,
1809 3256 2001 3305 nactus

424 3341 691 3397 annulum
717 3348 1029 3410 paternum,
1065 3339 1260 3410 partim
1293 3354 1360 3394 eo
1409 3340 1730 3395 custodibus
1756 3349 1996 3405 ostenso,

427 3433 628 3504 parti'm
660 3435 738 3498 ,vi
776 3433 948 3503 portis
1001 3449 1032 3486 e
1088 3431 1406 3486 cardinile
1464 3433 1681 3499 emeris,
1735 3447 1999 3501 magnum

426 3524 692 3597 palatium
733 3524 1007 3593 ingressus
1031 3533 1134 3585 est,
1202 3537 1368 3592 seque
1417 3523 1744 3593 imperatore
1792 3538 2002 3577 nuncu-

342 3679 354 3690 .
431 3623 582 3685 pato,
621 3614 1011 3684 rempublicam
1029 3614 1414 3671 administrare
1444 3614 1633 3684 cmpit.
1663 3612 1999 3670 Conflrmato

429 3708 684 3778 imperio,
715 3709 988 3778 prmcipue
1023 3718 1378 3777 cognatorum
1410 3723 1574 3777 opera
1618 3709 1676 3763 in
1723 3706 1998 3777 guberna-

429 3803 579 3857 tione
613 3789 870 3857 utebatur
910 3798 1140 3856 .l‘oannis
1171 3800 1438 3856 Comueni
1496 3800 1851 3867 aecubitoris,
1905 3801 2000 3870 qui

427 3892 735 3967 arrogantia
760 3910 857 3950 sua
887 3905 1060 3950 semet
1093 3899 1203 3949 cito
1230 3895 1449 3965 deiecit.
1503 3902 1559 3949 et
1589 3893 1835 3963 Gregorii
1894 3890 1999 3945 Ta-

427 3986 644 4049 ronitua,
680 3984 1075 4052 viri'mO’desti,
1100 3996 1362 4054 praeterea
1399 3982 1647 4054 Gregorii
1703 3983 1997 4049 Cantateri,

426 4074 663 4128 obscuro
720 4072 831 4125 nati
872 4086 1090 4141 genere,
1156 4085 1221 4126 ac
1261 4071 1487 4125 Joannis
1535 4070 1751 4125 Axuchi
1802 4070 1997 4137 Perszr,

429 4180 593 4234 quem
621 4162 853 4217 mirifice
884 4161 1146 4231 diligebat
1186 4160 1257 4216 ob
1286 4162 1740 4217 consuetudinem
1783 4162 2000 4217 diutur-

428 4269 577 4318 nam,
624 4265 679 4310 et
718 4254 929 4309 honore
973 4254 1154 4323 magni
1186 4253 1472 4309 domestici
1521 4255 1772 4310 ornabat.
1838 4253 2041 4310 Anno!

429 4346 608 4416 primo
634 4345 870 4401 necdum
933 4354 1128 4401 exacto
1153 4344 1425 4400 concitata
1460 4344 1564 4400 fuit
1595 4346 1863 4402 adversus
1890 4348 1995 4401 im-

426 4449 735 4512 peratorem
760 4437 978 4499 seditio,
998 4437 1156 4508 cujus
1185 4448 1344 4493 erant
1373 4438 1651 4509 principes
1689 4439 1997 4511 Bryennius

427 4542 485 4587 et
512 4533 667 4586 Anna
704 4529 1017 4586 Cmsarissa.
1073 4529 1277 4585 Verum
1332 4545 1397 4587 ea
1432 4540 1644 4585 mature
1689 4533 1864 4597 sepita
1889 4540 1993 4598 est,

429 4623 761 4691 imperatore
792 4624 1084 4679 seditiosos
1114 4623 1430 4679 humaniter
1457 4623 1783 4694 castigantc.

499 4715 628 4769 Post
657 4716 772 4770 haec
800 4715 997 4805 Turcis
1051 4717 1105 4770 in
1161 4716 1393 4787 Phrygia
1434 4716 1613 4779 victis,
1669 4714 1996 4772 Laodiceam

431 4815 804 4874 recuperatam
851 4801 1093 4864 muniit:
1131 4811 1412 4879 alteraque
1461 4801 1714 4880 suSCepta
1771 4812 1997 4881 expedi-

432 4898 600 4961 tione,
636 4898 862 4952 solerter
893 4899 1139 4969 pellectis
1165 4901 1230 4954 ad
1274 4900 1602 4956 insidiarum
1653 4901 1769 4955 loca
1802 4898 1993 4972 praesi-

430 4991 723 5054 diariis,et
761 4990 829 5044 ab
878 4992 1015 5047 urbe
1079 4993 1414 5059 interclusis,
1471 4992 1783 5063 Sozopolim
1831 4995 1994 5063 cepit,

430 5097 556 5139 cum
591 5081 713 5136 aliis
767 5082 953 5144 multis
1001 5083 1220 5154 oppidis
1267 5085 1513 5156 locisque
1575 5081 1825 5150 munitis,
1877 5100 1998 5157 quae

430 5174 597 5229 Turci
648 5174 909 5229 Romanis
961 5175 1299 5231 ademerant.
1362 5175 1592 5246 Scythas
1641 5178 1803 5232 etiam
1860 5193 1998 5249 quos

429 5270 752 5327 Patzinacas
785 5280 1004 5330 vocant.
1031 5269 1238 5339 ingenti
1292 5271 1480 5339 prmlio
1532 5272 1686 5335 vicit,
1749 5272 1996 5340 itemque

428 5362 702 5419 Triballos
723 5370 778 5417 et
805 5360 1047 5425 Servios,
1092 5376 1231 5430 quos
1262 5361 1314 5414 in
1348 5371 1671 5432 potestatem
1740 5363 1995 5418 redactos

429 5472 626 5527 magna
657 5471 725 5509 ex
750 5463 908 5524 parte
940 5452 995 5506 in
1049 5451 1523 5508 Nicomediensem
1583 5455 1720 5511 Asiae.
1773 5456 1996 5525 provin-

2100 3063 2352 3119 niand'am
2412 3065 2649 3119 bclluatn
2704 3065 3198 3121 accommodatum.
3257 3067 3371 3122 Hoc
3412 3069 3513 3121 viso
3560 3066 3610 3120 si-

2086 3155 2481 3227 gnificabatur,
2507 3172 2633 3211 eum
2662 3156 2824 3212 titulo
2848 3166 3008 3212 tenus
3036 3158 3249 3229 absque
3277 3174 3335 3213 re
3367 3159 3607 3230 potiturum

2102 3248 2353 3318 imperio,
2380 3248 2524 3320 quod
2543 3249 2707 3304 etiam
2737 3264 2861 3304 mox
2887 3250 3194 3306 amissurus
3217 3264 3382 3315 esset,
3409 3253 3474 3305 uti
3501 3251 3611 3305 dein-

2101 3355 2231 3408 ceps
2259 3339 2479 3397 accidit.
2504 3339 2679 3396 Gessit
2704 3341 2869 3396 etiam
2901 3342 3134 3398 feliciter
3157 3344 3423 3399 adversus
3441 3341 3613 3397 Hunnos

2102 3431 2307 3487 bellum
2362 3431 2622 3497 Joannes,
2661 3434 2754 3503 qui
2818 3434 2953 3489 lines
3006 3435 3290 3491 Romanos
3336 3437 3612 3495 invaserant.

2102 3530 2367 3594 praetexta
2401 3538 2567 3578 causa
2606 3523 2965 3593 spoliatorum
3011 3536 3381 3582 mercatorum
3420 3541 3614 3587 suorum.

2102 3632 2225 3671 cum
2253 3618 2463 3671 occulta
2488 3625 2544 3671 et
2575 3618 2757 3672 verior
2781 3629 2949 3683 esset,
2994 3618 3051 3672 in
3098 3614 3614 3688 Almuzen'Stephani

2103 3708 2246 3778 regis
2271 3706 2594 3763 llunnorum
2628 3707 2851 3763 fratrem
2908 3710 3197 3781 profugum
3260 3713 3515 3768 declarata
3540 3709 3615 3763 lut-

2103 3800 2358 3855 manitas.
2406 3801 2466 3854 ln
2504 3801 2608 3855 hac
2639 3802 2995 3871 expeditione
3056 3804 3293 3859 multum
3315 3806 3383 3861 ab
3434 3820 3495 3860 eo
3518 3803 3617 3857 fines

2104 3892 2319 3960 imperii
2349 3908 2542 3947 versus
2572 3892 2918 3948 occidentem
2958 3895 3155 3965 prolati
3177 3907 3334 3951 sunt.

2174 3978 2345 4038 Victis
2370 3984 2500 4039 hinc
2515 3984 2933 4051 Persarmeniis,
2958 3996 3014 4041 et
3030 3997 3299 4057 occupata
3324 3988 3617 4047 Castamonc.

2105 4093 2229 4134 cum
2267 4075 2546 4148 triumpho
2575 4077 3106 4146 ConStantinopolim
3147 4080 3322 4150 pedes
3348 4088 3430 4135 est
3455 4079 3619 4147 ingres-

2105 4184 2221 4232 sus,
2245 4162 2509 4241 quadriga
2566 4169 2885 4241 triumphali
2934 4186 3285 4241 nequaquam
3345 4181 3616 4227 conscensa.

2101 4262 2192 4317 sed
2222 4260 2459 4331 imagine
2496 4256 2738 4330 Deiparw
2782 4262 2837 4316 in
2876 4261 3025 4316 illam
3061 4263 3352 4328 collocata,
3386 4263 3469 4318 cui
3505 4259 3619 4315 velut

2100 4350 2319 4420 imperii
2358 4346 2580 4421 collega:
2628 4349 2888 4411 victorias
2937 4360 3196 4421 acceptas
3254 4351 3481 4407 ferebat.
3529 4348 3617 4402 Mox

2098 4456 2352 4497 reversus
2388 4442 2442 4495 in
2471 4440 2778 4510 Orientem,
2806 4440 3189 4497 Castamonem
3238 4460 3270 4498 a
3317 4437 3617 4499 Tanismanio

2099 4540 2401 4603 receptam,
2457 4518 2761 4602 Gangram,
2836 4531 3107 4599 Adanam,
3160 4534 3416 4599 Tarsum,
3466 4533 3617 4591 Butam

2100 4626 2528 4681 munitissimum
2554 4620 3225 4691 castellunx,Anabarzam
3259 4628 3310 4682 vi
3343 4631 3615 4697 expurgant:

2099 4730 2157 4775 et
2175 4719 2523 4790 leeSyriam
2549 4718 2847 4790 ingressus,
2864 4717 3090 4775 Antioch
3100 4719 3163 4775 iac
3183 4734 3350 4791 quam
3368 4713 3618 4774 honorifice

2101 4811 2467 4883 agllaimundo
2500 4811 2752 4880 princ'pe
2775 4811 3092 4881 suscipitur,
3120 4826 3183 4866 ac
3209 4812 3387 4867 fmdus
3411 4821 3504 4865 tam
3522 4818 3615 4859 cum

2101 4902 2432 4966 Raimundo,
2477 4918 2640 4971 quam
2691 4897 3031 4972 Tripolitano
3080 4903 3282 4957 comite
3340 4902 3474 4956 ferit.
3515 4896 3615 4953 lude

2099 5002 2398 5066 penetrans
2428 4993 2494 5047 ad
2517 4990 2876 5062 Euphratem,
2912 4992 3096 5048 Pizam
3134 4993 3382 5063 aliasque
3426 4984 3615 5044 nonnul-

2100 5083 2182 5141 las
2209 5083 2549 5141 munitiones
2582 5093 2833 5153 occupat.
2874 5082 3006 5139 Nec.
3038 5084 3212 5139 multo
3237 5092 3360 5155 post
3412 5079 3613 5137 Alerium

2100 5178 2552 5249 primogenitum,
2588 5193 2750 5247 quem
2778 5176 2845 5230 ad
2885 5176 3100 5247 imperii
3133 5176 3446 5232 societatem
3478 5167 3613 5226 admi-

2101 5280 2269 5337 serat,
2297 5280 2350 5326 et
2371 5270 2747 5326 Andronicum
2780 5268 2850 5324 ab
2872 5284 2936 5324 eo
2962 5267 3268 5338 proximum
3295 5282 3437 5321 mors
3468 5262 3612 5317 abstu-

2100 5364 2163 5419 lit
2184 5382 2197 5421 :
2222 5362 2304 5418 eis
2337 5378 2445 5418 non
2473 5361 2580 5417 ‘diu
2612 5370 2890 5433 superstes
2912 5360 3035 5426 fuit,
3065 5361 3231 5415 laesus
3274 5360 3329 5414 in
3371 5353 3607 5412 venatione

2100 5471 2200 5527 per
2230 5456 2482 5527 sagittam
2527 5470 2681 5511 suam
2708 5467 2925 5508 veneno
2962 5452 3242 5516 infectam,
3283 5465 3436 5522 quam
3461 5464 3488 5503 e
3507 5444 3608 5515 phn-

426 5550 570 5603 ciam
608 5543 911 5599 transtulit.
972 5542 1138 5597 Filios
1184 5544 1378 5603 habuit
1427 5556 1699 5618 quatuor,-
1724 5548 1992 5614 Alexium,
2021 5558 2065 5621 ς
2102 5560 2245 5603 retra
2283 5548 2566 5603 solitarius
2600 5562 2733 5617 aper
2762 5554 3098 5601 excusserat.
3142 5542 3486 5600 Moribundus
3512 5550 3605 5591 ara-

423 5626 825 5701 And'ronicum,
876 5633 1159 5703 lsaacium,
1207 5638 1534 5695 Manuclcm.
1591 5641 1838 5696 Alexium
1871 5653 1997 5711 post

426 5727 835 5788 coronationem
911 5724 1096 5784 videre
1143 5746 1241 5803 per
1305 5732 1553 5815 quietem
1618 5732 1768 5787 visus
1790 5741 1875 5787 est
1910 5731 1992 5786 in-

2103 5641 2250 5697 tione
2283 5642 2349 5696 ad
2385 5656 2514 5697 suos
2541 5640 2752 5707 habita,
2783 5640 3089 5695 Manuclem
3124 5638 3351 5694 ex'liliis
3392 5641 3505 5689 natu
3528 5624 3603 5680 mi-

2100 5732 2330 5801 nimum,
2369 5731 2460 5804 qui
2496 5743 2608 5787 tum
2641 5730 2780 5787 forte
2814 5730 3023 5799 aderat,
3048 5727 3256 5785 lsaacio
3292 5721 3468 5798 majori
3497 5730 3597 5790 pm.“
