3798 6230
103 317 197 386 69.5-
1435 324 1649 386 CONTI

1756 328 1970 391 MTIO.
2199 367 2204 372 -
3217 331 3319 392 636

104 438 230 499 tulit,
255 442 309 487 et
335 433 714 503 imperatorem
742 432 1069 503 designavit.
1101 433 1219 500 Quo
1245 436 1474 490 consilio
1507 453 1641 490 eun-
1667 439 1715 498 Α
1749 440 2118 508 recuperavit,
2150 451 2201 494 ct
2229 439 2492 497 Michai-le
2526 443 2830 511 Pal.rologo
2862 441 3322 513 copiisailversus

100 541 288 584 ciorum
318 523 588 595 sntl‘ragiis
639 526 964 596 approbato,
1007 528 1175 581 vitam
1228 527 1369 581 hanc
1395 529 1639 598 reliquit,
1750 529 1965 604 Siculos
2027 529 2306 599 prchccto,
2358 532 2424 586 de
2469 532 2676 588 Serviis
2735 533 3112 604 llungarisque
3149 537 3322 586 victo-

101 617 292 688 iniperii
318 617 574 674 vicesimo
607 625 806 686 quarto
843 633 990 672 anno
1019 633 1184 696 supra
1214 634 1462 672 mensem
1496 630 1644 673 octa-
1748 621 1884 674 riam
1916 637 2046 675 sane
2073 622 2336 676 illustrem
2371 635 2700 678 consecutus
2735 634 2839 679 est.
2875 627 3179 694 Palteologo
3213 642 3320 677 non

99 724 209 762 vum
238 716 441 762 exacto.
903 753 906 756 .
1749 715 1926 766 multo
1955 723 2079 782 post
2113 713 2437 781 abrogatum
2472 715 2784 784 imperium,
2831 720 3094 786 missique
3128 728 3319 771 contra

1749 803 1962 860 Siculos
1989 805 2211 859 Alexius
2238 806 2568 864 Connienus.
2608 807 2861 875 Bryeunii
2887 808 3116 862 Caesaris
3148 809 3320 868 (ilius,

1749 914 1873 952 cum
1904 896 2108 952 Joanne
2144 897 2307 960 Daca»,
2341 899 2580 965 itemque
2609 899 2768 968 337
2791 900 3180 953 Constantinus
3211 902 3324 953 An—

1750 991 1934 1056 gelus,
1966 989 2017 1042 in
2041 1000 2360 1058 potestatem
2386 991 2624 1044 hostium
2650 991 3187 1045 venerunt.Tandem
3208 994 3324 1045 sine

1750 1079 1930 1131 fructu
1963 1080 2104 1133 bello
2144 1079 2546 1144 administrato,
2594 1095 2695 1148 pax
2738 1081 2999 1150 utrinque
3033 1081 3172 1134 facta
3219 1092 3324 1134 est.

1748 1169 1883 1222 Cum
1918 1179 2098 1224 autem
2121 1169 2378 1225 Alcmana
2415 1171 2680 1226 Manuelis
2718 1187 2857 1226 uxor
2883 1187 2912 1226 e
2951 1171 3090 1226 vivis
3133 1187 3327 1225 exces-

1751 1259 1932 1323 sisset,
1960 1276 2121 1328 quam
2150 1261 2368 1329 quidem
2398 1271 2666 1316 mortuam
2690 1261 3326 1332 illelongejacerbissime

1750 1350 1908 1411 luxit.
1957 1352 2308 1421 procreanda:
2344 1353 2548 1407 soboiis
2579 1354 2834 1408 mascula:
2863 1370 3047 1418 causa,
3080 1355 3325 1407 Peteliini

1751 1443 2053 1497 Antiochia:
2099 1443 2164 1497 ad
2199 1444 2457 1499 Orontem
2494 1445 2612 1499 sita:
2642 1445 2923 1515 principis,
2970 1462 3033 1499 ex
3065 1446 3324 1500 occiden-

1755 1536 1846 1588 tali
1876 1529 2084 1588 familia
2117 1537 2254 1600 nati,
2299 1536 2464 1589 tiliam
2526 1553 2750 1590 uxorem
2801 1537 2978 1590 duxit.
3027 1537 3176 1591 Inter
3222 1539 3326 1590 alia

1753 1640 1873 1694 qua:
1933 1625 2259 1694 gessit‘hoc
2318 1641 2538 1696 quoque
2607 1627 2937 1690 celebratur,
2994 1627 3139 1697 quod
3201 1643 3325 1681 cum

1752 1715 1990 1779 Chliara,
2029 1717 2346 1786 Pergamus,
2398 1719 2818 1789 Adramyttium,
2853 1718 3018 1774 urbes
3069 1720 3208 1773 Asize
3230 1719 3327 1772 Mi-

1755 1807 1928 1871 noris,
1957 1823 2256 1876 earumque
2288 1808 2424 1863 ﬁnes
2451 1825 2480 1862 a
2517 1809 2712 1864 Turcis
2759 1810 3006 1879 undique
3062 1812 3328 1880 gravissi-

1753 1898 1858 1951 mis
1906 1899 2355 1968 p0pnlationibus
2381 1910 2730 1960 vexarentur,
2767 1901 3169 1956 munitionibus
3229 1919 3328 1956 ex—

1754 1989 1999 2053 Structis,
2026 2005 2161 2059 quas
2192 1990 2339 2044 Nova
2365 1990 2555 2046 Castra
2617 1993 2978 2061 nuncupavit,
3012 2010 3200 2048 earum
3239 2011 3329 2052 see-

1753 2081 1975 2135 curitati
2012 2081 2374 2138 consuluerit.

1825 2171 2092 2244 Deinceps
2124 2186 2274 2230 moto
2304 2176 2448 2230 bello
2489 2186 2675 2232 contra
2705 2178 2961 2242 "uanos,
3011 2179 3186 2233 alliuis
3243 2181 3328 2234 Sui

1755 2263 2041 2332 Stephani,
2073 2265 2215 2319 Jazae
2237 2268 2379 2337 regis
2405 2284 2595 2322 eorum
2635 2268 2823 2324 fratris
2867 2272 3110 2336 nomine,
3163 2288 3327 2339 quem

1756 2372 1924 2428 regno
1956 2341 2078 2428 post
2103 2356 2245 2412 Jazze
2279 2370 2510 2414 mortem
2547 2360 2750 2429 praefici
2781 2364 2967 2427 vellet,
3019 2380 3144 2418 eum
3173 2365 3331 2418 initio

1755 2465 1950 2518 parum
2005 2450 2230 2503 omnino
2271 2467 2358 2505 res
2420 2453 2744 2507 succederet
2779 2471 2793 2509 :
2828 2453 3046 2508 tandem
3114 2454 3332 2525 Andr":

1757 2541 1879 2594 nico
1913 2539 2361 2611 Contostephano
2394 2558 2519 2596 cum
2578 2545 2756 2614 magni
2794 2544 2950 2598 ducis
2987 2541 3165 2598 titulo
3196 2562 3336 2614 [πειν-

1757 2632 2030 2704 clarisque
2068 2635 2240 2702 copiis
2267 2635 2533 2689 adversus
2587 2636 2711 2690 illos
2765 2638 2955 2698 misso.
2993 2637 3195 2708 ingenti
3257 2641 3336 2690 vi-

1757 2724 1932 2778 ctoria
1967 2726 2175 2792 potitus
2213 2735 2298 2780 est
2333 2743 2345 2778 :
2405 2741 2529 2780 cum
2579 2726 2803 2795 quidem
2871 2729 3214 2796 imperatoris
3251 2729 3333 2782 in-

1752 2815 1935 2886 jussu,
1967 2819 2058 2884 qui
2093 2817 2162 2871 ob
2188 2819 2430 2872 siderum
2469 2820 2709 2888 positum
2738 2820 2901 2888 paulo
2954 2819 3335 2877 inclementio-

162 2907 264 2965 lloe
299 2921 550 2979 tempore
591 2922 842 2982 suscepta
869 2919 952 2966 est
1002 2912 1070 2965 ab
1104 2909 1392 2966 Alemanis
1418 2910 1654 2965 Conradi
1759 2923 1898 2968 rem,
1943 2909 2097 2962 aliud
2153 2911 2461 2978 exspectari
2533 2927 2725 2981 pugme
2779 2923 3002 2979 tempus
3064 2915 3332 2976 voluerat,

102 3001 305 3056 Cesaris
322 3005 551 3072 Augusti
579 3003 834 3072 auspiciis
861 3003 913 3056 in
943 3001 1285 3056 Palu-stiriam
1316 3015 1457 3054 nova
1486 3016 1652 3070 expeo
1760 3015 1980 3052 manum
2015 3014 2139 3052 cum
2180 3000 2439 3069 Dionysio
2468 2999 2631 3063 duce,
2669 3001 2786 3053 viro
2819 3002 2888 3053 l'oi
2908 3002 2943 3053 ti
2971 3016 3036 3054 ac
3081 3012 3332 3064 strenuo,

105 3092 240 3156 ditio,
266 3111 421 3164 quam
449 3094 667 3150 Manuel
698 3093 920 3148 minime
945 3094 1164 3162 quidem
1193 3094 1370 3162 palam
1396 3092 1658 3162 impedie-
1684 3123 1726 3176 ρ
1760 3090 2154 3144 conseruisset.
2193 3089 2262 3144 Ut
2301 3100 2484 3144 autem
2533 3089 2658 3144 felix
2695 3090 2812 3145 ha-e
2839 3091 3121 3160 expeditio
3189 3095 3332 3146 (ion-

105 3185 306 3247 hat,scd
328 3189 576 3242 occultas
607 3199 785 3242 tamen
809 3187 1056 3240 struehat
1085 3186 1362 3240 Alemanis
1401 3185 1651 3240 insidias.
1763 3183 2064 3251 tosti-pham
2103 3181 2225 3245 fuit,
2266 3183 2338 3235 ita
2369 3198 2558 3250 parum
2590 3182 2815 3236 omnino
2844 3183 3111 3236 successit
3136 3183 3332 3244 altera.

106 3273 326 3331 Fuerunt
353 3278 532 3331 iuliae
554 3278 901 3346 expeditione
931 3278 1174 3331 virorum
1201 3279 1431 3332 comites
1483 3279 1652 3332 etiam
1713 3300 1718 3306 -
1759 3292 1880 3344 qua:
1913 3286 2102 3329 contra
2135 3275 2411 3328 sultanuzn
2476 3273 2718 3345 (Egypti,
2756 3276 2945 3329 eodem
2987 3275 3147 3337 duce,
3207 3292 3332 3343 rege

105 3364 296 3421 femina:
361 3369 616 3437 quasdam
674 3369 912 3438 ingentis
992 3368 1184 3431 animi,
1255 3384 1376 3438 quae
1433 3380 1658 3423 armata:
1762 3365 2335 3438 ilierosnlyuiorumet
2372 3366 2535 3436 Cypri
2573 3367 2830 3435 Amcrigo
2865 3366 3039 3431 socio,
3080 3377 3332 3436 suscepta

103 3457 380 3514 insidentes
401 3461 568 3530 equis
627 3463 964 3515 Amazonum
1020 3462 1259 3530 speciem
1320 3462 1658 3530 prabebant.
1759 3470 1842 3514 est
1882 3476 2038 3515 :non
2073 3459 2206 3513 illud
2253 3459 2476 3528 quidem
2533 3459 2838 3512 Andronici
2894 3459 3072 3528 culpa,
3120 3460 3214 3513 sed
3265 3459 3334 3512 ob

103 3550 190 3606 llic
213 3555 338 3608 mihi
366 3556 517 3618 vide,
557 3571 720 3625 quam
750 3554 1014 3623 ﬂagitiose
1055 3553 1272 3608 Manuel
1319 3565 1508 3609 contra
1561 3556 1658 3608 da~
1762 3549 2045 3620 perﬁdiam
2082 3553 2223 3621 regis
2251 3552 2514 3621 Amerigi,
2551 3551 2644 3620 qui
2671 3552 2838 3606 etiam
2858 3561 3036 3606 astute
3063 3551 3335 3620 impediit,

105 3653 197 3697 tam
233 3633 389 3701 ﬁdem
427 3664 554 3703 sese
620 3648 876 3719 gesserit.
932 3647 991 3702 In
1033 3647 1170 3701 locis
1219 3647 1544 3716 opportunis
1603 3658 1658 3702 et
1759 3644 2059 3710 quominus
2112 3643 2386 3697 Tamiathi
2426 3641 2524 3715 [ιιι.
2563 3641 2867 3715 Damialae.]
2898 3643 2963 3696 ad
3022 3656 3333 3696 ex:remum

102 3739 248 3792 arctis
277 3740 1652 3810 insidiascollocabat,qua:multosiuterimehant;
1763 3737 1966 3788 redacti
1989 3735 2194 3789 deditio
2250 3734 2424 3788 ﬁeret.
2476 3734 2850 3789 Consimiliter
2896 3735 3098 3788 infelici
3137 3735 3324 3788 cousi—

103 3822 281 3888 passim
331 3823 514 3893 portis
573 3823 692 3893 ipSo
753 3834 1031 3878 annuente
1065 3824 1294 3889 clausis,
1326 3825 1502 3878 forum
1533 3825 1659 3878 Ale-
1761 3829 1834 3882 lio
1871 3829 2085 3882 Manuel
2143 3829 2256 3894 ipse
2286 3827 2504 3880 sultano
2530 3826 2699 3880 lcouii
2742 3826 2944 3880 bellum
2982 3825 3134 3887 fecit,
3161 3841 3336 3893 quan-

103 3917 259 3970 manis
319 3917 702 3987 denegabatur
741 3937 754 3970 :
787 3915 1010 3972 funibus
1068 3917 1136 3971 de
1198 3932 1356 3971 muro
1415 3918 1658 3985 pecunia:
1762 3937 1925 3991 quam
1961 3922 2007 3974 is
2037 3919 2339 3974 exstitisset
2373 3919 2426 3972 in
2482 3919 2874 3986 imperatorem
2932 3917 3091 3988 longe
3131 3916 3333 3982 'iugra-

101 4009 421 4065 τιῑιτῖιῧῦηάεὲ
457 4025 627 4064 causa
653 4011 927 4071 demiSSiS.
971 4026 1031 4064 Ca
1057 4020 1234 4080 capta,
1269 4020 1533 4081 quantum
1573 4008 1659 4064 vel
1765 4014 2032 4075 tissimus,
2059 4027 2088 4066 a
2111 4027 2219 4082 quo
2247 4028 2341 4080 pcr
2374 4027 2503 4064 suos
2527 4010 2733 4064 ditione
2755 4009 3042 4079 spoliatus,
3078 4009 3300 4062 humani
3321 4034 3333 4045 -

101 4102 240 4168 panis
303 4105 388 4158 vel
444 4105 680 4158 aliarum
751 4119 934 4157 rerum
1012 4104 1260 4166 libebat,
1365 4102 1651 4171 prarbeba-
1765 4117 1848 4160 ter
1880 4114 2166 4174 exceptus,
2202 4114 2256 4157 et
2304 4103 2662 4172 amplissimis
2727 4102 3049 4155 muneribus
3099 4101 3334 4153 donatus

105 4200 225 4244 lur:
271 4209 676 4262 nonnunquam
731 4201 958 4246 auro.ct
1008 4201 1240 4262 argento
1287 4201 1544 4256 attracto,
1587 4193 1655 4246 de
1763 4199 1964 4264 fuerat,
1995 4197 2160 4267 inque
2197 4197 2489 4266 pristinum
2523 4196 2814 4265 imperium
2847 4195 3150 4249 restitutus.
3169 4192 3334 4247 Czcsa:

103 4281 260 4337 muris
305 4293 487 4338 semet
546 4283 785 4352 improbi
839 4283 1098 4336 mortales
1145 4283 1544 4343 subducebant,
1594 4274 1656 4335 ac
1764 4295 1894 4344 sunt
1931 4271 1939 4280 ’
1971 4290 2215 4357 insignes
2274 4275 2582 4364 huebello
2641 4288 3017 4341 Romanorum
3059 4286 3334 4357 av'l‘urcis

102 4373 222 4427 nihil
285 4376 516 4430 omnino
553 4385 894 4431 commeatus
944 4375 1189 4430 vicissim
1241 4375 1652 4429 demittebant:
1763 4381 1958 4451 copim,
1996 4363 2325 4449 quibusdam
2378 4380 2438 4434 ίη
2471 4378 2726 4432 faucibus
2785 4394 2907 4448 qua;
2953 4376 3168 4431 (nisum
3229 4376 3347 4446 Zy-_

101 4463 306 4530 quidam
339 4467 532 4520 farinae
560 4467 770 4521 calcem
824 4467 1142 4532 miscentes,
1193 4467 1375 4521 cibum
1446 4467 1660 4536 pestife-
1697 4471 1736 4522 Ῐ)
1764 4475 1927 4528 uram
2004 4483 2436 4542 nuncupantur:
2478 4472 2776 4540 imperator
2835 4469 2952 4540 ipse
3027 4469 3331 4523 fortissime

102 4569 209 4609 rum
261 4558 580 4613 ellieiebaut
620 4576 635 4612 :
674 4559 1030 4628 imperatoris
1085 4559 1240 4628 jussu
1305 4559 1373 4613 de
1430 4574 1656 4628 argento
1765 4565 2054 4629 dimicans,
2095 4573 2208 4618 toto
2234 4578 2466 4631 corpore
2507 4561 2832 4615 vulneribus
2862 4560 3077 4621 aﬂ‘ecto,
3129 4559 3216 4613 vix
3245 4559 3330 4612 iu-

101 4646 310 4704 minime
347 4651 526 4719 probo
568 4665 698 4704 cusa
735 4661 949 4704 moneta
1007 4661 1114 4714 est,
1171 4667 1292 4720 quae
1353 4651 1649 4706 venditoris

1765 4656 1999 4712 columis
2037 4657 2227 4710 evasit.
2260 4655 2366 4710 Sed
2420 4664 2599 4709 tamen
2635 4655 2850 4724 egregia
2895 4653 3072 4707 virtus
3102 4653 3334 4707 Joannis

100 4734 288 4804 aliquid
321 4754 388 4792 cx
421 4739 743 4793 Alcmanico
807 4740 1058 4793 exercilu
1122 4739 1659 4808 dareturzdeuiquc
1766 4749 2002 4802 Batatzae
2033 4763 2144 4801 non
2200 4749 2375 4802 multo
2405 4756 2529 4817 post
2580 4747 2842 4800 damnum
2891 4747 2994 4801 hoc
3048 4747 3335 4816 insigniter

102 4823 286 4881 litteris
309 4828 376 4882 ad
410 4829 627 4884 Tureos
653 4831 834 4885 missis
894 4831 1107 4884 Manucl
1145 4831 1404 4907 hortatus
1424 4845 1528 4892 est.
1602 4841 1660 4884 ut
1766 4839 2067 4892 resarcivit.
2107 4838 2243 4892 Cum
2274 4839 2421 4893 enim
2463 4838 2725 4906 Atapatus
2753 4836 2953 4890 sullani
2999 4837 3156 4905 jussu
3208 4851 3332 4889 cum

101 4913 288 4971 bellum
318 4921 608 4974 Alcmanis
634 4921 894 4976 facerent.
929 4923 1081 4989 Quod
1116 4923 1191 4976 illi
1215 4939 1338 4976 Cttm
1365 4933 1658 4984 tentarent,
1766 4934 1993 4989 delectis
2035 4933 2341 4987 Tur-corum
2432 4931 2624 5001 viginti
2674 4931 2940 4991 millibus,
2995 4930 3332 4998 ctamplius.

101 5008 161 5059 ad
191 5009 522 5066 Maeandrum
555 5029 584 5066 a
608 5012 884 5074 Conrado,
911 5013 1097 5068 divi-ia
1146 5015 1382 5084 quadam
1443 5018 1495 5070 vi
1553 5015 1658 5068 ﬂu-
1766 5027 1818 5079 in
1853 5027 1988 5080 ﬁnes
2028 5005 2303 5079 Romanos
2326 5024 2394 5077 ad
2424 5024 2603 5093 ipsum
2647 5037 2821 5091 llSquc
2855 5036 3006 5076 mare
3053 5033 3336 5089 grassatus

102 5099 236 5154 \‘inm
269 5105 598 5174 trajiciente,
653 5115 800 5159 tanta
833 5107 1073 5175 ipsorum
1114 5107 1261 5161 edita
1309 5118 1519 5177 strages
1550 5118 1656 5168 est.
1767 5118 2079 5171 immaniter
2112 5116 2322 5178 fuisset,
2347 5116 2572 5184 jamque
2615 5115 2948 5168 M:eandrum
2999 5115 3224 5168 ﬂuvium
3259 5117 3339 5168 in-

101 5191 234 5246 utde
260 5209 528 5250 caesorum
561 5197 782 5252 ossibus
809 5198 1032 5252 excitati
1082 5199 1260 5253 crebri
1315 5200 1522 5269 altique
1577 5211 1660 5253 tu-
1767 5208 1917 5263 [inim
1949 5217 2186 5263 onustus
2230 5207 2410 5276 prmda
2439 5207 2691 5276 trajicere
2717 5217 3012 5262 conaretur
3044 5225 3056 5260 :
3093 5208 3338 5261 Batatzcs
3385 5275 3394 5282 I

103 5284 246 5349 muli,
271 5287 502 5342 collium
562 5289 739 5343 instar
787 5301 1164 5360 assurgerent,
1218 5292 1310 5361 qui
1365 5293 1658 5362 ~hodieque
1765 5299 1956 5353 divisis
1979 5299 2266 5362 c0piis,ac
2299 5298 2497 5367 partim
2544 5298 2596 5350 in
2653 5298 2872 5351 insidiis
2921 5297 3150 5360 abditis,
3215 5311 3336 5363 par—

103 5387 214 5428 cum
263 5379 626 5436 admiratione
691 5384 1095 5439 transeuntium
1172 5395 1526 5454 spectantur.
1581 5385 1659 5439 Eo
1767 5393 1862 5445 tim
1900 5392 1951 5444 in
2000 5390 2321 5443 ulteriorem
2364 5389 2542 5443 amnis
2574 5389 2750 5458 ripam
2787 5389 3234 5456 evaderejussis,
3267 5402 3334 5438 eo

104 5467 280 5530 Ρπιειῖο
309 5477 417 5523 lam
442 5471 676 5528 feliciter
703 5486 961 5544 pugnate,
992 5476 1128 5530 citra
1181 5478 1504 5547 cujusquam
1563 5479 1662 5530 iut-
1767 5483 1872 5537 loci
1906 5481 2116 5551 redegit
2143 5482 2350 5544 hostes,
2402 5491 2462 5535 ut
2492 5483 2724 5550 Atapato
2785 5479 3094 5541 interfecto,
3157 5492 3220 5529 ex
3257 5485 3338 5528 tot

106 5554 470 5621 pedimentum
504 5562 763 5632 deinceps
797 5565 1046 5619 Aletnaui
1084 5576 1212 5619 sunt
1239 5568 1535 5635 progressi.
1767 5574 2012 5627 millibus
2040 5573 2264 5626 omnino
2302 5572 2459 5642 pauci
2491 5573 2556 5624 ad
2583 5588 2712 5625 suos
2745 5569 2875 5622 salvi
2904 5574 3331 5619 reverterentur.

165 5643 542 5706 Gcsstabillo
569 5660 816 5722 tempore
840 5654 1040 5708 bellum
1082 5656 1296 5710 Manucl
1341 5671 1531 5712 contra
1572 5676 1661 5711 re-
1765 5659 1877 5715 Hoc
1911 5661 2053 5714 facto
2074 5662 2446 5714 Ruinanorum
2486 5661 2654 5714 erecti
2691 5667 2818 5714 sunt
2845 5656 3035 5720 animi,
3082 5643 3142 5709 ac
3175 5643 3336 5710 vicis-

107 5748 215 5804 gem
246 5739 445 5796 Sicilia:
475 5742 790 5814 liogerium,
825 5745 1166 5817 ablatamun
1209 5748 1311 5804 sibi
1362 5748 1656 5817 Corcyram
1768 5755 1867 5809 sim
1896 5754 2256 5811 Barbarorum
2289 5753 2579 5812 insolentia
2622 5765 2887 5809 repressu-

1677 5851 1706 5862 ο

161 848 424 904 Successit
462 849 513 903 ei
541 849 777 913 Manuel,
811 852 902 920 qui
934 863 1061 904 mox
1091 867 1121 905 e
1145 851 1341 906 castris
1369 851 1420 906 in
1453 851 1644 906 urbem

99 941 361 1002 Much-uin
417 955 674 1008 magnum
706 939 1070 994 domesticum
1124 942 1420 1009 ablegavit,
1455 951 1514 994 ut
1560 957 1647 995 res

100 1032 210 1085 istic
261 1031 648 1095 constitueret,
702 1042 1086 1102 occupatoque
1147 1033 1352 1101 palatio
1423 1033 1646 1087 fratrem

100 1123 335 1178 Isaacium
372 1133 609 1192 paternae
664 1127 855 1180 mortis
895 1127 1076 1180 adhuc
1114 1127 1364 1197 ignarum
1421 1141 1648 1181 coerce-

99 1223 184 1278 ret,
231 1213 446 1281 nequid
475 1213 869 1268 illettrrbarum
906 1232 1004 1269 ceu
1060 1226 1190 1269 natu
1238 1217 1414 1284 major
1468 1215 1644 1270 daret.

101 1305 356 1375 Egregiam
409 1305 463 1358 in
509 1321 576 1360 eo
608 1307 825 1360 navavit
856 1322 1077 1375 operam
1105 1307 1390 1375 Axuchus,
1445 1307 1648 1361 lsaacio

100 1397 145 1450 in
172 1396 579 1452 Pantocratoris
611 1399 1009 1478 mquasterium
1036 1372 1276 1452 incluso.
1322 1399 1440 1453 Non
1465 1399 1560 1452 abs
1591 1413 1648 1451 re

99 1497 259 1542 autem
291 1499 442 1555 pater
489 1489 566 1544 illi
627 1489 928 1544 Manuelem
986 1492 1324 1560 praetulerat.
1395 1491 1526 1545 Nam
1594 1499 1650 1542 et

102 1581 370 1634 iracundus
391 1589 534 1644 erat,
577 1591 632 1636 et
653 1583 720 1636 ad
747 1584 1018 1652 supplicia
1046 1583 1194 1638 leves
1223 1584 1294 1638 oh
1318 1585 1512 1638 causas
1531 1584 1647 1636 exi-

99 1673 256 1742 genda
285 1689 493 1742 pronus
530 1687 544 1728 :
585 1674 687 1730 hac
735 1677 850 1745 ipsa
889 1671 1190 1730 atrocitate
1236 1691 1360 1730 cum
1413 1675 1645 1729 naturali

98 1764 310 1834 quodam
345 1781 548 1835 pavore
581 1767 896 1836 conjuncta.
941 1766 1092 1822 Uxor
1119 1767 1356 1822 Manueli
1421 1768 1654 1836 impera-
1685 1787 1726 1843 Β

101 1856 189 1908 tori
219 1856 483 1918 Alc-mana
507 1856 633 1918 fuit,
684 1872 750 1911 ex
794 1858 993 1912 illustri
1023 1859 1344 1928 principum
1396 1854 1599 1913 familia
1631 1876 1645 1912 :

99 1961 328 2016 quianon
359 1955 465 2000 tam
499 1948 730 2002 formam
781 1952 1051 2018 corporis,
1083 1965 1246 2019 quam
1302 1951 1472 2004 animi
1533 1952 1652 2020 pul-

100 2021 450 2094 chritudinem
481 2041 735 2096 curabat.
798 2043 990 2113 Itaque
1065 2043 1207 2096 fucis
1234 2052 1291 2096 et
1356 2043 1651 2097 adscitiliis

101 2132 413 2186 ornamentis
464 2133 794 2203 repudiatis,
859 2135 1208 2204 naturalique
1262 2136 1466 2188 rubore
1525 2151 1653 2188 con-

101 2231 252 2288 tenta,
319 2224 594 2278 virtutum
667 2226 941 2294 elegantia
1003 2227 1272 2296 fulgebat.
1341 2226 1650 2280 constantia

102 2320 445 2387 gravitateque
485 2319 752 2388 gentilitia
805 2319 1054 2388 praedita.
1119 2320 1184 2373 Εἰ-
1216 2319 1428 2373 Maaucl
1465 2319 1654 2388 conju-

101 2411 162 2480 gii
189 2410 338 2464 [idem
369 2426 479 2465 non
509 2411 783 2477 servabat,
837 2413 1001 2466 etiam
1063 2413 1242 2481 neptis
1283 2413 1489 2468 incesta
1525 2427 1656 2464 con-

103 2504 368 2560 suetudine
420 2519 553 2558 cum
591 2503 888 2574 ignominia
919 2505 1183 2574 singulari
1223 2506 1481 2559 abutens.
1535 2504 1653 2558 Ca:-

105 2597 331 2665 teroquin
363 2597 431 2650 ab
461 2597 626 2650 initio
651 2581 948 2651 munificus
994 2607 1134 2660 erat,
1201 2599 1272 2651 ob
1335 2597 1652 2651 comitatem

103 2687 234 2740 aditu
263 2689 453 2753 facilis,
499 2689 684 2742 animo
717 2689 930 2743 lraudis
982 2698 1206 2758 experte
1240 2706 1254 2742 :
1289 2704 1410 2758 quze
1471 2699 1656 2743 tamen

101 2781 308 2836 virtutes
343 2781 394 2835 in
424 2781 550 2851 ipso
582 2791 856 2850 perpetua:
891 2798 999 2835 non
1027 2782 1385 2835 exstiterunt.
