3798 6230
3073 229 3192 239 N..._.

463 289 566 355 627
1545 287 1966 354 MICHAELIS
1997 289 2255 353 GLYCA!
2295 292 2693 387 ANNALIUM
3571 294 3648 356 ts

534 403 698 473 338
761 399 898 458 Cum
934 409 1114 458 autem
1175 403 1415 459 studiose
1447 405 1658 460 Manuel
1713 421 1897 460 secum
1953 418 2044 474 po—
2072 408 2120 466 Λ
2147 404 2255 460 llac
2293 406 2561 474 impulsus
2595 404 2885 460 occasione
2921 388 3292 466 Andronicus,
3331 409 3391 456 ct‘
3417 401 3521 471 ipse
3568 406 3646 461 lla-

464 497 688 549 tentiam
720 497 1000 550 nationum
1040 497 1480 562 occidentalium,
1513 515 1634 568 qua:
1669 499 1780 568 regi
1815 498 2032 551 Alema-
2138 497 2317 550 nuclis
2339 497 2598 565 patruelis
2656 496 2804 560 (nam
2835 495 3029 549 eodem
3105 501 3253 562 patre
3291 493 3486 554 Alexio,
3517 493 3643 548 Joan-

465 602 659 639 norum
710 587 997 654 parebant,
1028 588 1386 657 expcndisset
1417 607 1430 644 :
1466 590 1678 644 veritus
1714 605 1778 642 ne
1820 589 1895 642 illi
1927 587 2032 641 ali-
2137 605 2232 644 nes
2262 589 2522 644 Manuclis
2585 599 2639 643 et
2665 582 2901 643 l'saacius
2935 586 3349 641 Sebastocrater
3398 583 3643 642 Andronici

461 676 684 745 quamlo
779 693 936 730 suum
1011 679 1304 748 imperium
1391 680 1764 747 admirentur,
1847 681 2056 736 Roma
2137 689 2313 749 pater,
2348 680 2460 734 nati
2501 680 2706 746 erant),
2751 679 2913 732 homo
2950 679 3104 746 longe
3144 674 3462 729 veterrimus
3491 678 3648 744 pariter

463 769 665 822 veteris
701 769 898 837 Papam
932 778 1122 824 contra
1163 771 1502 826 Fridericum
1543 788 1724 842 regem
1780 772 2030 826 concita-
2067 779 2079 786 ’
2131 779 2188 828 et
2212 771 2646 831 crudelissimus,
2671 769 2772 824 sub
2807 777 3000 822 asuno-
3032 775 3318 836 prmtextu,
3362 767 3506 835 quasi
3545 783 3648 821 rea:-

461 857 559 922 vit,
583 859 908 926 hortatusut
937 860 1082 929 quod
1122 862 1364 930 pontifici
1398 862 2050 932 debereturimperium,-
2136 863 2409 932 publicam
2445 870 2500 916 et
2543 862 2929 930 imperatorem
2954 859 3232 914 vindicare
3256 858 3419 912 vehet
3460 859 3520 912 ab
3543 859 3646 912 insi-

463 951 716 1020 usurpari
749 952 816 1005 ab
849 953 1165 1008 Alemanico
1201 954 1448 1022 principe
1492 969 1833 1023 nequaquam
1881 967 2037 1023 pate-
2133 957 2240 1011 diis
2282 955 2666 1026 protosebasti,
2693 969 2724 1007 ο
2757 952 3150 1024 Paphlagonia,
3211 967 3321 1020 quo
3367 951 3648 1019 ablegatus:

463 1051 642 1094 retur.
681 1041 881 1096 Eodem
911 1052 1070 1111 pacto
1095 1044 1355 1106 Venetos,
1406 1045 1747 1109 Geuuenscs,
1783 1045 2030 1113 Pisanos,
2135 1047 2381 1102 Mattuele
2422 1047 2635 1110 fuerat,
2674 1047 2898 1116 propius
2946 1046 3010 1099 ad
3069 1047 3266 1098 urbem
3316 1042 3530 1102 accedit,
3580 1043 3646 1094 ad-

461 1133 862 1196 Anconitanos,
900 1145 953 1188 et
990 1135 1235 1204 reliquos
1259 1137 1427 1190 maris
1456 1138 1672 1191 accol-as
1704 1138 1808 1191 sibi
1849 1137 2036 1193 conci-
2128 1140 2450 1210 junct‘isqate
2473 1139 2576 1193 sibi
2602 1138 2737 1193 vlris
2761 1138 2825 1191 'm'
2843 1135 3318 1190 administratione
3338 1132 3644 1202 principibs,

463 1222 650 1284 Iiabat,
709 1236 1053 1280 sacramento
1130 1227 1499 1291 devinciebat,
1579 1229 1760 1283 omnis
1815 1231 2032 1298 generis
2137 1231 2503 1287 rcdactumin
2554 1237 2880 1298 potestatem
2934 1227 3371 1298 protosebastum
3427 1233 3646 1287 exterat;

461 1315 656 1370 ollieiis
697 1317 996 1380 alliciebat,
1054 1317 1106 1370 in
1147 1319 1280 1372 urbe
1332 1319 1569 1389 denique
1617 1321 2033 1391 perhumaniter
2147 1321 2364 1394 imperii
2390 1297 2833 1391 procurationem
2869 1320 2923 1373 in
2967 1334 3025 1374 se
3067 1317 3358 1379 transfert;
3419 1314 3646 1368 Centone-

462 1407 791 1475 cxcipicbat.
850 1407 1096 1477 Cumque
1161 1406 1649 1465 Mediolanensium
1695 1413 1886 1466 urbem
1961 1427 2025 1467 ac
2139 1414 2380 1484 plianum
2419 1429 2541 1466 eum
2568 1421 2806 1482 quatuor
2836 1413 2986 1478 ﬁliis,
3024 1408 3642 1472 Basilium,Camaterum,

462 1499 795 1555 munitiones
839 1515 1059 1556 eversas
1089 1520 1117 1557 a
1153 1502 1431 1560 Friderico
1496 1508 1818 1575 accepisset,
1872 1523 2029 1578 opem
2134 1517 2191 1560 et
2223 1507 2357 1560 alios
2389 1505 2630 1560 illustres
2656 1505 2801 1559 viros
2829 1506 3010 1559 oculis
3051 1503 3255 1573 spoliat
3281 1519 3295 1566 ;
3327 1510 3542 1555 matrem
3572 1500 3645 1551 im-

462 1603 526 1641 ac
550 1590 808 1658 pecunias
837 1592 903 1646 iis
929 1595 1185 1662 praebuit,
1253 1597 1457 1664 quibus
1516 1614 1701 1652 muros
1762 1601 2036 1655 iustaura-
2137 1597 2406 1666 peraturis
2434 1603 2612 1659 necat,
2640 1596 3157 1660 confictocrimine,
3225 1592 3384 1662 quasi
3438 1607 3493 1645 ea
3542 1589 3643 1644 Bch:

463 1690 607 1733 rent.
637 1681 1027 1738 Montisfcrrati
1064 1687 1302 1756 denique
1361 1689 1464 1742 sibi
1507 1689 1872 1744 Marchionem
1933 1693 2029 1745 ad-
2140 1690 2252 1754 regi
2308 1687 2714 1758 Ilungaroru-m,
2745 1703 2984 1756 quocum
3034 1695 3199 1754 nupta
3275 1700 3429 1740 soror
3461 1684 3642 1751 impera-

460 1772 657 1840 junxit,
688 1774 806 1844 ejus
837 1775 944 1829 filio
978 1777 1196 1841 Marias,
1239 1779 1346 1832 filia
1384 1795 1480 1834 sua
1516 1780 1569 1833 in
1618 1782 1960 1836 matrimonio

2141 1775 2290 1830 tricis
2331 1787 2468 1840 erat,
2523 1777 2754 1845 prodere
2817 1777 3180 1831 Branizobam
3227 1787 3287 1830 et
3337 1773 3641 1843 Belligradum

460 1878 739 1920 concessa.
781 1867 899 1932 Quo
933 1869 1132 1922 factum
1174 1880 1277 1936 est,
1321 1879 1378 1923 ut
1424 1886 1548 1924 eum
1581 1871 1906 1928 Fridericus
1944 1889 2034 1928 ar-
2146 1869 2437 1924 voluisset.
2480 1869 2870 1938 Imperatorem
2923 1884 2984 1925 se
3045 1868 3362 1944 renuntiat,_
3391 1880 3644 1934 coronaque

459 1957 812 2027 chiepiscopo
847 1959 1187 2030 Moguntino,
1218 1961 1544 2015 eaucellario
1575 1978 1697 2029 suo,
1739 1963 1790 2016 in
1820 1962 2030 2019 Italiam
2133 1962 2394 2027 redimit;
2425 1978 2491 2018 ac
2530 1963 2747 2016 tandem
2801 1971 3134 2017 consecutus
3170 1962 3223 2016 id
3282 1961 3428 2032 quod
3476 1960 3642 2030 jamdu-

461 2049 652 2111 misso,
687 2049 844 2119 Papo
881 2051 1044 2106 urbes
1083 2051 1300 2106 Italicas
1352 2052 1622 2107 adimeret
1655 2071 1669 2107 :
1717 2055 2032 2110 Montisfer-
2133 2056 2262 2109 dum
2295 2055 2606 2110 animo-“sibi
2630 2054 3428 2124 destinaverat,imperatorem
3449 2051 3644 2122 Alesiam

461 2143 721 2205 ratensis,
752 2143 1018 2198 Manuclis
1047 2144 1434 2214 largitionibus
1485 2146 1775 2214 impulsus.
1817 2147 2031 2203 Conra-
2131 2146 2332 2214 capitis
2363 2160 2459 2213 per
2513 2159 2780 2199 summam
2835 2143 3090 2213 iniuriam
3151 2143 3487 2206 damnatum,
3524 2153 3647 2194 arcus

460 2231 594 2284 dum
638 2232 806 2286 tilium
832 2249 956 2287 cum
991 2236 1168 2303 copiis
1198 2237 1250 2288 in
1301 2236 1681 2304 Moguntinum
1734 2237 2030 2308 ablegaret,
2133 2252 2304 2290 nervo
2331 2234 2858 2305 strangularijubet.
2900 2233 3333 2304 Ejusinterfecti
3370 2233 3504 2288 latus
3545 2231 3644 2300 pede

461 2338 491 2375 a
527 2337 637 2391 quo
665 2326 968 2394 proﬂigatis
997 2327 1295 2391 Alemanis,
1327 2329 1493 2382 etiam
1521 2329 1637 2399 ipse
1663 2330 2033 2401 ,Moguntinus
2135 2329 2341 2392 tundit,
2377 2345 2442 2384 ac
2467 2339 2760 2396 parentum
2778 2328 2951 2398 ipsius
3002 2327 3244 2383 alterum
3301 2335 3364 2380 ut
3420 2325 3642 2396 periurum

459 2411 604 2467 inter
632 2415 768 2467 alios
795 2426 984 2483 captus
1014 2424 1117 2470 est.
2133 2427 2187 2476 cl.
2223 2420 2508 2494 in-jurium,
2547 2421 2773 2475 alteram
2805 2428 2863 2473 ut
2898 2418 3100 2488 vulgati
3157 2417 3410 2487 corporis
3461 2415 3628 2470 mulier

531 2504 666 2557 Cum
703 2515 886 2560 autem
917 2507 1128 2562 Manuel
1201 2517 1504 2565 sectatores
1569 2510 1696 2565 vita:
1750 2511 2030 2580 solitariae,
2131 2510 2311 2564 colam
2341 2497 2735 2566 contumeliose
2795 2500 3116 2565 insectatur.
3161 2508 3307 2563 Hinc
3363 2507 3582 2562 avulsa
3621 2522 3645 2558 τ

458 2605 681 2666 propter
707 2599 1082 2667 possessiones
1110 2609 1177 2655 et.
1195 2602 1471 2658 mundana
1524 2605 1761 2674 negotia,
1825 2621 2023 2675 parum
2131 2618 2365 2673 corpore
2411 2616 2577 2674 caput
2609 2604 2794 2672 aliqua
2832 2601 3117 2674 abjicitur,
3162 2611 3398 2656 truncus
3446 2598 3495 2653 in
3534 2612 3644 2652 mare

459 2689 711 2757 religioni
744 2690 1036 2760 cultuique
1071 2692 1258 2747 divino
1297 2694 1516 2750 deditos
1555 2696 1770 2751 videret
1804 2713 1818 2762 ;
1850 2697 2032 2755 nullas
2133 2697 2359 2766 plumbo
2389 2696 2750 2764 demergitur.

458 2777 538 2832 eis
566 2780 772 2845 vineas,
816 2781 995 2836 nullos
1017 2797 1196 2852 agros,
1236 2785 1411 2839 nullas
1464 2785 1838 2852 possessiones
1889 2787 2031 2841 assio
2205 2787 2405 2842 Fuerat
2435 2805 2463 2842 a
2495 2789 2676 2860 prima
2695 2797 2852 2844 a-t‘ate
2878 2786 3229 2842 Andronicus
3255 2784 3482 2856 insignis
3521 2782 3641 2837 scele-

457 2871 678 2938 gnavit,
715 2872 806 2926 sed
857 2887 922 2927 ex
954 2873 1087 2927 fisco
1117 2884 1328 2928 tantum
1359 2877 1521 2945 pendi
1550 2877 1733 2948 jussit,
1764 2888 2027 2946 quantum
2136 2896 2256 2933 rum
2285 2879 2504 2943 artifes,
2553 2881 2859 2950 multasque
2912 2879 3214 2934 facinorum
3265 2893 3482 2932 suorum
3523 2890 3640 2928 causa

463 2962 530 3014 ad
561 2963 764 3017 vietum
793 2965 1113 3034 cultumque
1138 2969 1390 3037 corporis
1421 2969 1554 3022 satis
1582 2978 1748 3026 esset.
1801 2970 2030 3025 Videtur
2131 2987 2424 3042 perpessus
2452 2988 2723 3027 :erumnas
2752 2981 2891 3028 erat.
2921 2971 3057 3026 Nam
3093 2971 3253 3026 initio
3285 2967 3640 3038 conspiratione

459 3053 722 3108 nimirum
755 3056 1116 3125 cupiditatem
1151 3059 1498 3113 immodicam
1536 3061 1794 3115 struendi“
1832 3077 2026 3116 mona-
2055 3091 2098 3148 ο
2130 3079 2253 3119 cum
2284 3064 2554 3132 llungaris
2582 3063 2766 3130 facta,
2831 3049 3135 3118 Mannelcm
3186 3061 3422 3131 imperio
3462 3059 3640 3126 dejicere

458 3147 624 3201 steria
667 3149 1027 3218 improbasse,
1053 3165 1116 3205 ac
1141 3153 1379 3221 posteris
1431 3155 1740 3223 exemplum
1797 3156 2028 3224 prodere
2071 3147 2084 3148 ί
2132 3164 2363 3210 conatus
2423 3164 2509 3210 est
2543 3172 2557 3208 :
2589 3171 2822 3226 quarum
2889 3155 3216 3210 insidiarum
3266 3152 3550 3214 convictus,
3601 3148 3643 3202 in

459 3239 722 3304 voluisse,
757 3257 866 3310 quo
894 3252 1054 3310 pacto
1075 3244 1275 3312 templa
1319 3245 1634 3312 condenda,
1696 3255 1750 3300 et
1779 3263 1898 3316 quae
1933 3249 2032 3301 ho-
2130 3248 2314 3318 palalii
2359 3249 2660 3303 custodiam
2683 3248 2842 3302 datus
2887 3257 2989 3302 est.
3018 3246 3263 3302 Accessit
3297 3255 3355 3300 et
3400 3245 3494 3299 alia
3510 3242 3640 3310 captio

457 3331 699 3386 minibus
729 3329 996 3402 ejusmOdi
1030 3335 1168 3388 ratio
1213 3337 1431 3390 vivendi
1477 3337 1550 3392 sit
1599 3340 2028 3407 prtescribeuda.
2132 3336 2319 3391 Vitalis
2375 3337 2539 3408 huius
2609 3354 2792 3393 caUSa-
2848 3337 3061 3406 Qnippe
3112 3335 3352 3390 Manlii!“
3405 3344 3504 3389 "es
3529 3333 3639 3386 ῖυετε

459 3420 690 3479 Tantum
721 3434 903 3479 autem
941 3426 1116 3480 abfuit
1145 3437 1204 3481 ut
1231 3435 1421 3482 eorum
1481 3429 1790 3484 institutum
1833 3432 2031 3500 proba-
2132 3427 2359 3493 fratres,
2389 3429 2633 3494 Alexius,
2695 3429 3040 3484 Andronicus
3093 3428 3433 3490 etlsaacius,
3461 3440 3638 3496 quorum

456 3527 562 3582 ret,
595 3519 685 3586 qui
713 3518 1010 3573 solitariam
1036 3519 1198 3573 vitam
1219 3521 1468 3591 professi,
1491 3524 1758 3592 ctopibus
1778 3524 2027 3590 amount,
2131 3518 2238 3573 duo
2273 3521 2484 3588 priores
2510 3529 2636 3574 ante
2669 3535 2879 3590 patrem
2927 3521 3212 3577 obierunt.
3280 3520 3362 3574 Ex
3392 3520 3455 3574 iis
3480 3514 3640 3570 Αηάτοο

457 3619 514 3662 et
542 3607 891 3662 multitudine
925 3604 1181 3662 curarum
1208 3614 1380 3680 magis
1412 3611 1818 3677 distrahuntur,
1857 3627 2026 3681 quam
2131 3611 2287 3665 nicus
2319 3620 2427 3666 tres
2466 3611 2607 3666 filias
2654 3612 2916 3682 suscepit,
2953 3611 3197 3677 Mariam,
3222 3609 3567 3672 Theodoram,
3605 3613 3643 3657 et

456 3701 516 3763 ii,
549 3701 640 3770 qui
684 3701 847 3772 hujus
883 3703 1006 3755 vita:
1039 3702 1254 3757 deliciis
1285 3716 1646 3774 occupantur,
1683 3714 1740 3758 ut
1791 3705 2032 3758 sanctio-
2130 3701 2455 3757 Eudociam.
2484 3703 2723 3757 Eudocia
2781 3703 2978 3757 tnarito
3007 3702 3272 3757 defuncto
3321 3700 3514 3756 nefaria
3552 3711 3644 3752 con-

456 3809 580 3849 nem
612 3794 906 3865 Nicephori
955 3795 1174 3861 Phoeze,
1220 3797 1504 3851 fortissimi
1555 3808 1607 3851 et
1661 3798 2028 3852 cordatissimi
2131 3778 2424 3850 suetudine
2447 3795 2744 3851 Andronici
2777 3811 2885 3850 non
2908 3795 3067 3858 clam,
3094 3793 3192 3848 sed
3216 3792 3396 3864 palam
3440 3804 3525 3844 usa
3565 3796 3640 3841 est.

455 3887 826 3955 imperatoris,
855 3888 1133 3948 abolitam.
1173 3887 1242 3942 de
1279 3905 1382 3942 non
1416 3889 1681 3959 augendis
1739 3898 2018 3943 monaste-
2130 3888 2361 3956 Quoties
2390 3898 2573 3944 autem
2601 3887 3108 3957 reprehendebatur
3138 3887 3211 3942 ob
3277 3886 3534 3940 incestum
3568 3879 3647 3931 Au-

453 3981 664 4032 riorum
715 3979 1044 4043 latifundiis,
1089 3980 1246 4049 quasi
1327 3981 1673 4050 postliminio
1736 3981 2026 4036 revocarit.
2130 3981 2418 4045 dronicus,
2453 3980 2597 4036 hanc
2632 3979 3008 4034 defensionem
3063 3993 3164 4048 per
3231 3977 3421 4048 jocum
3466 3983 3643 4038 usurpe-

453 4070 704 4126 Mortuus
731 4081 810 4126 est
846 4071 1089 4134 tandem,
1134 4088 1327 4141 parum
1374 4074 1692 4127 constitutis
1727 4075 2024 4128 ordinatis-
2132 4072 2224 4127 bat
2259 4092 2270 4126 :
2305 4074 2484 4126 Sulch
2520 4071 2769 4126 subditos
2803 4070 3119 4139 principum
3171 4084 3358 4123 mures
3387 4063 3643 4124 imitari,“

455 4177 565 4230 que
601 4161 763 4215 rebus
793 4163 1030 4231 imperii,
1059 4177 1184 4216 cum
1209 4163 1498 4232 astrologis
1532 4164 1692 4218 fidem
1727 4165 2037 4251 habuisset,
2129 4183 2325 4237 aquam
2359 4183 2426 4221 ex
2452 4167 2642 4221 eodem
2675 4165 2826 4226 fonte
2856 4165 3107 4232 petitam,
3147 4161 3404 4217 eumdem
3447 4169 3641 4224 saporem

456 4255 551 4323 qui
587 4255 859 4308 victurum
897 4253 1078 4309 adhuc
1105 4255 1523 4324 quatuordecim
1556 4271 1730 4310 annos
1764 4245 2036 4325 praedixe:
2134 4261 2362 4315 referre.
2429 4259 2644 4326 Quibus
2705 4257 2892 4312 verbis
2949 4257 3341 4323 imperatorem
3397 4245 3640 4305 Manuelem

455 4355 599 4402 rant.
625 4346 922 4424 Properavit
951 4362 1123 4401 annos
1159 4347 1248 4409 '58,
1294 4347 1468 4401 tribus
1526 4347 1811 4402 mensibus
1869 4348 2024 4401 dem-
2132 4351 2559 4423 perstringebat,
2590 4349 2682 4421 qui
2720 4365 2844 4404 cum
2887 4346 3074 4400 fratris
3134 4344 3243 4398 filia
3278 4360 3390 4399 rem
3441 4337 3641 4395 habebat.

367 4447 372 4451 “
453 4441 599 4510 ptis:
633 4439 699 4494 ad
737 4439 882 4510 quod
917 4438 1415 4510 irnperiLSpatiutu,
1440 4448 1716 4494 vetustum
1739 4440 2024 4494 oraculum
2060 4444 2102 4499 Ι)
2132 4447 2173 4500 li
2215 4445 2356 4500 sales
2389 4443 2757 4513 maximopere
2791 4439 3096 4515 planueletu
3128 4436 3458 4507 pungebant,
3481 4441 3528 4486 et
3555 4443 3642 4481 ntu-

452 4534 701 4590 alludcre
726 4532 947 4588 videtur
977 4550 990 4587 ε
2130 4538 2289 4595 lieris
2311 4545 2570 4607 ceguatos
2601 4534 2655 4588 in
2683 4531 3057 4588 Andronicum
3095 4526 3475 4584 incendebant.
3501 4522 3641 4588 Itaque

699 4626 794 4680 Tui
821 4625 1106 4697 prehende:
1138 4631 1187 4677 te
1233 4632 1503 4703 postrema
1559 4624 1837 4684 nominis“
2130 4634 2450 4698 compactos
2479 4634 2564 4680 est
2593 4625 2647 4678 in
2689 4622 2927 4689 vincula,
2986 4635 3086 4676 ceu
3147 4619 3386 4674 diximus
3418 4635 3436 4672 ι
3457 4622 3640 4679 cumque

451 4718 586 4773 Nam
631 4718 691 4774 in
733 4719 922 4774 Gratoo
947 4719 1222 4773 Manneiis
1253 4719 1478 4775 nomine
1503 4727 1785 4788 postrema
1813 4717 2022 4790 syllaba
2131 4719 2225 4774 diu
2262 4720 2497 4788 quadam
2528 4718 2584 4772 in
2613 4716 2754 4772 turri
2783 4715 3067 4785 jac-uisset,
3105 4709 3484 4766 animadvertit
3532 4715 3639 4758 mea.

455 4821 665 4865 tantum
688 4825 977 4865 numerum
1000 4809 1384 4879 complectitur
1418 4809 1523 4880 (l).
2129 4821 2245 4866 tum
2277 4811 2333 4866 in
2355 4827 2418 4868 ea
2449 4809 2743 4881 quemdam
2775 4808 3220 4868 subterraneum,
3248 4804 3300 4857 in
3334 4815 3485 4882 quem
3512 4800 3638 4851 semel

523 4903 868 4956 Successitei
906 4904 1140 4958 natusin
1172 4919 1412 4975 purpura
1437 4903 1878 4965 ﬁlius,riiini'rum
1904 4907 2029 4962 Ale-
2123 4907 2298 4974 abdit,
2343 4905 2631 4960 obstructo
2697 4911 2908 4956 meatus
2962 4898 3254 4954 foramine.
3303 4895 3440 4952 Cum
3487 4883 3636 4946 deinde

453 4996 578 5050 aius
605 4997 940 5061 Comi-lenus,
993 4996 1150 5066 cujus
1210 4995 1446 5065 pueritia
1502 4996 1812 5065 reipublica:
1838 4999 2026 5067 perni-
2121 5013 2405 5057 carcerem
2432 4995 2662 5068 ingressi
2686 4993 2946 5050 custodes
2977 4991 3259 5046 hominem
3305 4997 3554 5055 nusquam
3574 4991 3638 5031 re-

453 5091 602 5144 ciosa
632 5088 988 5144 fuit.Alexius
1012 5089 1157 5142 enim
1175 5089 1515 5154 Conmenus,
1535 5091 1944 5160 protosebastus
1973 5100 2029 5146 et
2127 5090 2390 5159 perirent,
2417 5088 2782 5156 omnibusque
2805 5083 2909 5139 viis
2933 5074 3250 5154 perquisitis
3268 5077 3424 5151 339
3445 5083 3638 5140 εοηιιπε·

450 5179 925 5252 protovestiarius,
953 5179 1153 5233 mortui
1190 5180 1456 5236 Manuelis
1487 5181 1751 5251 patruelis
1793 5183 2032 5252 impera-
2129 5182 2430 5237 bendinon.
2449 5188 2654 5252 posset;
2678 5193 2813 5233 uxor
2830 5177 3024 5247 ejusin
3047 5185 3326 5238 turrem,e
3348 5185 3446 5242 qua
3460 5164 3636 5223 ωετίιιιε

452 5277 590 5330 trice
643 5273 750 5328 sibi
807 5272 1120 5337 conciliata,
1172 5288 1442 5326 summam
1497 5273 1554 5328 in
1623 5273 2024 5344 gubernatione
2125 5273 2372 5327 evasisse
2412 5272 2741 5344 putabatur,
2779 5279 3044 5338 tanquam
3072 5267 3212 5337 fugae
3249 5263 3418 5335 ipsius
3445 5252 3632 5315 conscia.

451 5366 754 5436 potentiam
785 5363 854 5418 ad
879 5379 938 5418 se
961 5362 1256 5429 transtulit,
1292 5363 1623 5433 imperatore
1681 5381 1780 5434 per
1805 5373 2023 5420 atatem
2128 5366 2445 5436 conjicitur.
2476 5363 2830 5420 Andronicus
2864 5376 2894 5416 e
2919 5374 3157 5415 caverna
3181 5373 3243 5413 se
3272 5353 3567 5428 proripiens,
3593 5349 3633 5396 εί

447 5456 521 5511 ad
553 5454 929 5510 sustinendam
961 5453 1230 5525 ejusmodi
1284 5451 1484 5508 molem
1527 5469 1753 5524 prorsus
1809 5455 2023 5524 inepto,
2130 5457 2420 5514 mulierem
2452 5457 2739 5527 inopinato
2768 5460 3068 5523 conspectu
3100 5450 3348 5506 territam
3395 5446 3630 5502 allocutus.

444 5565 620 5621 'seqttc
645 5560 856 5606 tantum
888 5550 1276 5608 venationibus
1303 5560 1361 5608 et
1399 5552 1835 5622 equitationibus
1868 5553 2024 5608 oble-
2131 5568 2198 5606 ex
2217 5566 2283 5605 eo
2308 5560 2550 5619 tempore
2585 5547 2678 5604 diu
2710 5562 2834 5618 eum
2865 5560 2926 5600 ea
2964 5543 3100 5598 vixit
3133 5543 3201 5596 'iu
3251 5553 3480 5600 carcere,
3511 5532 3634 5632 {orm

339 5636 350 5649 “
440 5653 657 5711 tctante,
698 5661 822 5700 cum
857 5646 1022 5702 etiam
1072 5661 1236 5716 prave
1276 5645 1620 5716 caclcroquin
1672 5645 2023 5702 educaretur.
2133 5659 2371 5715 nemque
2402 5643 2569 5699 tilium
2599 5642 2799 5698 ibidem
2825 5649 2998 5696 mater
3044 5638 3316 5708 concepit,
3350 5625 3629 5704 qucmdein-

430 5823 441 5834 _
516 5761 600 5833 (ι)
629 5762 659 5815 λ
692 5772 744 5820 ct
774 5781 809 5835 η
838 5763 1132 5820 conficio-nt
1162 5760 1253 5819 38.
1369 5733 1385 5754 ί

3471 5866 3498 5888 ι.
