3798 6230
109 322 201 391 639~

1409 306 1932 405 ΕΟΝΤΙΝΙΙΑΤῙΟ

2134 270 2152 278 -ν
2228 256 2470 284 I'r\"A-‘-

3202 326 3311 388 630

108 454 218 509 ceps
249 445 394 509 pater
440 436 652 506 imperii
708 440 1018 494 consortem
1066 436 1214 491 fecit.
1247 436 1488 490 Tandem
1535 438 1644 489 cla-
1678 444 1715 498 Α
1749 438 1906 507 cujus
1938 451 2183 491 sororem
2224 438 2435 493 Manuel
2483 440 2786 509 imperator
2837 450 2944 491 non
2980 435 3053 490 ita
3093 437 3306 502 pridem

108 527 251 588 bitur,
279 526 586 581 custodibus
637 538 861 597 propter
918 526 1200 580 mulierem
1256 524 1413 578 factis
1471 524 1641 589 negii~

107 617 433 691 genti'oribus.
459 617 563 673 Sed
613 633 808 674 rursus
854 634 883 672 a
935 617 1108 672 milite
1152 615 1388 686 quodam
1448 613 1639 669 Nicaea:

106 720 292 781 captus,
320 710 372 764 in
398 708 703 765 cusmdiam
736 710 921 779 priore
971 708 1334 767 acerbiorem.
1402 706 1639 776 duplici-

104 806 192 859 bus
221 803 402 858 ferreis
432 803 795 873 compedibus
814 813 1099 865 oneratus,
1136 801 1451 870 conjicitur.

161 894 261 948 lloc
297 894 455 948 etiam
494 907 717 948 carcere
759 902 938 948 semet
975 894 1222 964 eripuit,
1258 902 1313 948 et
1352 894 1592 947 Galizam
1616 929 1634 957 ,

104 1000 207 1052 ane
260 984 533 1051 toparcbia
588 985 889 1037 Bessorum
944 992 1065 1047 est,
1122 984 1337 1037 ratione
1393 983 1633 1051 quadam

104 1074 382 1144 hujusmodi
422 1076 693 1143 pervenit.
738 1075 988 1130 Morbum
1024 1074 1205 1144 fingit,
1245 1090 1310 1129 ac
1338 1089 1510 1143 puero
1542 1089 1635 1142 pe—

101 1168 317 1236 regrino,
357 1166 513 1233 cujus
549 1178 715 1237 opera
759 1170 819 1222 in‘
854 1168 1102 1237 corporis
1150 1167 1478 1222 ministeriis
1514 1177 1636 1221 ute-

104 1259 263 1319 batur,
304 1259 550 1320 mandat,
594 1267 655 1311 ut
696 1259 881 1313 claves
922 1258 1091 1312 turris
1131 1254 1271 1312 clam
1311 1268 1629 1328 surreptas.

99 1349 339 1403 militibus
370 1348 439 1402 ob
472 1348 764 1419 largiorem
793 1359 980 1423 potum
1012 1349 1434 1404 meridiantibus
1461 1390 1475 1413 ,
1506 1365 1632 1404 cera

98 1439 355 1507 exprimat.
389 1437 609 1491 illarum
643 1438 876 1492 clavium
910 1440 1223 1508 exemplum
1257 1438 1491 1493 hianueli
1523 1440 1633 1493 Διη-

101 1528 285 1582 dronici
330 1529 434 1582 filio
469 1529 731 1592 traditur,
770 1538 827 1582 ut
858 1531 1266 1598 quamprimum
1299 1530 1438 1583 tales
1466 1531 1633 1585 fabri-

102 1629 355 1685 carcntur,
394 1630 449 1673 et
488 1621 544 1674 in
577 1621 867 1691 amphoras
888 1661 904 1686 ,
941 1623 1145 1692 quibus
1177 1634 1338 1692 potus
1371 1623 1436 1678 ad
1470 1640 1633 1695 prau-

99 1711 231 1765 dium
262 1710 521 1772 ferretur.
549 1713 728 1781 linteos
760 1714 942 1780 funes,
976 1714 1205 1786 gfomos,
1242 1725 1299 1769 et
1331 1716 1415 1770 fila
1447 1717 1629 1771 tenuia

98 1803 385 1872 conjiceret.
427 1803 510 1856 Ita
546 1803 782 1857 claustra
824 1812 989 1857 noctu
1038 1806 1387 1875 aperiuntur,
1426 1816 1481 1860 et
1512 1807 1627 1859 An-
1658 1800 1705 1860 B

96 1893 322 1947 dronicus
345 1906 599 1962 egressus
622 1894 677 1950 in
706 1893 877 1949 denso
925 1898 985 1949 ct’
1006 1896 1127 1950 alto'
1142 1896 1332 1966 palatii
1361 1898 1633 1967 gramine,

96 2000 188 2054 quo
218 1984 362 2040 adire
400 2000 574 2041 nemo
618 1987 870 2049 solebat,
908 1986 974 2040 ad
1019 1990 1237 2042 tertium
1274 2002 1447 2058 usque
1486 1989 1630 2043 diem

97 2077 358 2133 delitescit.
392 2078 528 2133 inde
564 2079 791 2134 funibus
822 2094 921 2149 per
951 2079 1152 2134 mtenia
1186 2095 1244 2134 se
1281 2079 1541 2139 demittit,
1576 2087 1633 2132 et

96 2167 141 2221 in
168 2170 457 2223 naviculam
498 2171 743 2240 conjicit.
773 2170 1164 2241 Deprehensus
1200 2185 1233 2223 a
1266 2170 1632 2240 speculatori-

99 2259 217 2324 bus,
246 2260 429 2315 famuli
467 2258 764 2327 personani
802 2262 1062 2329 simulat,
1094 2278 1162 2317 ex
1190 2262 1471 2317 diuturnis
1510 2264 1631 2317 vin-

96 2354 213 2407 culis
238 2354 397 2423 elapsi
423 2370 443 2408 :'
470 2354 540 2409 de
570 2354 846 2410 industria
874 2355 1106 2409 barbare
1136 2355 1383 2426 loquitur
1407 2373 1419 2408 :
1445 2355 1635 2411 (ἔπειτα

96 2445 247 2499 multa
273 2459 329 2499 se
361 2459 485 2499 nun
512 2447 728 2514 assequi
770 2445 945 2515 fingit.
986 2445 1290 2500 Intervenit
1317 2455 1372 2501 ct
1397 2445 1635 2517 Chryso-

96 2537 234 2604 polus
268 2546 429 2591 nauta
462 2537 689 2606 quidam
729 2552 797 2593 ex
830 2539 1180 2613 composito,
1224 2539 1475 2608 datisque
1516 2555 1632 2592 qu-

96 2628 291 2681 ncribns
320 2628 583 2699 impetrat
619 2645 649 2684 a
684 2630 1126 2699 speculatoribus
1146 2672 1161 2697 ,
1193 2643 1251 2685 ut
1280 2630 1632 2685 Andronicus

95 2728 318 2788 tanquam
350 2735 550 2776 servus
581 2721 845 2792 fugitivus
880 2722 984 2777 sibi
1018 2721 1365 2777 redderetur.
1397 2722 1479 2777 lla
1505 2737 1632 2775 suas

95 2810 219 2864 ardes
264 2811 579 2882 ingressus,
628 2813 994 2884 compedibus
1044 2815 1280 2877 solutis,
1324 2829 1469 2884 equo
1500 2829 1633 2867 con-

94 2915 293 2966 scenso,
326 2903 664 2959 Anchialum
701 2916 847 2960 recta
880 2906 1077 2975 pergit.
1127 2905 1246 2971 Quo
1288 2921 1414 2959 enm
1454 2906 1634 2959 venis-

95 3002 197 3054 set,
252 3008 281 3048 a
310 2989 529 3063 Pupace
578 2996 843 3050 familia-ri
877 2998 1080 3051 viatico
1124 3004 1346 3066 sumpto
1415 2996 1626 3066 vimque

95 3085 299 3142 ducibus
317 3127 333 3151 ,
360 3087 607 3142 Galizam
638 3088 1032 3158 proficiscitur.

148 3176 253 3230 Jam
285 3188 428 3233 metu
462 3194 524 3233 se
560 3179 852 3234 liberatum
890 3189 1090 3250 putans
1112 3221 1126 3245 ,
1157 3195 1188 3235 a
1219 3172 1443 3235 Vlacbis
1476 3179 1551 3251 [Ιι.
1574 3190 1624 3234 e‘.

94 3265 367 3339 Valachis]
401 3269 503 3338 qui
542 3269 726 3339 fugam
758 3271 876 3340 ejus
908 3286 976 3326 cx
1028 3270 1173 3325 fama
1227 3280 1628 3341 cognoverant,

97 3370 267 3427 captus
289 3362 352 3416 ad
386 3363 782 3433 imperatorem
810 3364 1118 3420 reducitur.
1148 3365 1349 3420 Verum
1377 3364 1465 3419 hic
1492 3381 1632 3434 quo-

92 3462 180 3520 quc
208 3454 471 3510 industria
500 3455 763 3525 singulari
802 3471 1000 3511 rursus
1047 3456 1305 3512 elabitur.
1360 3457 1629 3513 Simulato

89 3546 212 3598 enim
238 3548 444 3603 ventris
474 3547 765 3617 profluvio,
792 3549 1111 3619 frequenter
1136 3565 1204 3604 ex
1228 3564 1371 3620 equo
1402 3551 1632 3606 descen-

90 3634 191 3699 dit,
220 3647 271 3691 et
298 3638 403 3694 alvi
432 3638 738 3710 purgandae
766 3655 931 3695 eausa
959 3641 1186 3695 secedit.
1221 3640 1337 3696 Hoc
1366 3642 1497 3696 dum
1531 3657 1631 3696 no-

91 3737 171 3780 ctu
198 3729 545 3800 interdiuque
580 3730 778 3799 saepius
806 3731 969 3795 facit,
1003 3732 1257 3788 custodes
1285 3733 1387 3788 hac
1420 3734 1632 3789 ratione

90 3817 310 3889 decipit:
339 3820 650 3891 scipionem
673 3861 688 3885 ,
724 3822 812 3877 cui
837 3822 988 3878 velut
1020 3838 1163 3894 aeger
1189 3824 1544 3890 innitebatur,
1575 3825 1630 3879 in

89 3910 311 3966 tenebris
362 3911 523 3966 humi
572 3912 803 3984 defigit,
852 3914 1138 3986 chlamyde
1181 3917 1381 3979 vestit,
1426 3917 1629 3985 pileum

87 4001 341 4072 imponit,
376 4004 455 4060 ut
486 4005 769 4061 hominem
813 4006 1031 4062 inﬂexis
1073 4007 1309 4078 genibus
1344 4004 1628 4063 cacantem

84 4104 508 4162 raptresentaret.
551 4096 610 4151 Id
642 4098 1002 4153 simulacrum
1048 4099 1397 4155 intuentibus
1436 4108 1629 4155 custo-

83 4182 257 4251 dibus,
301 4188 422 4257 ipse
474 4187 707 4244 densum
755 4190 1049 4261 quemdam
1101 4192 1303 4245 saltum
1346 4191 1633 4261 ingressus

84 4279 297 4348 aufugit.
328 4280 430 4334 Vix
465 4280 695 4335 tandem
720 4281 798 4337 illi
830 4281 957 4337 dolo
989 4283 1291 4350 intellecto,
1321 4282 1627 4338 confectam

83 4364 211 4421 viam
244 4380 538 4437 repcttmt,
571 4371 761 4427 eadem
796 4382 851 4426 et
891 4373 1081 4443 ipsum
1110 4374 1299 4444 fugere
1343 4375 1625 4429 arbitrati.

1655 3140 1701 3202 C

1749 530 2004 584 duxerat.
2050 528 2161 583 iiac
2190 528 2330 583 fama
2365 530 2665 597 imperator
2690 522 2956 583 attonitus
2981 567 2996 587 .
3036 520 3308 580 Andronii-

1740 637 1864 676 cum
1908 620 1979 674 ob
2024 620 2266 674 incestos
2311 635 2526 674 amores
2567 619 2867 687 puniturus
2910 625 3048 671 erat.
3095 616 3144 670 ls
3175 631 3304 669 vere

1739 712 2013 769 Manuelis
2052 713 2231 767 minas
2264 712 2506 774 veritus,
2545 709 2922 777 Hierosolyma
2961 723 3019 761 se
3050 706 3256 760 confert
3286 721 3307 766 ς

1738 816 1793 861 et
1838 816 1897 859 ut
1941 806 2104 859 homo
2148 802 2663 864 luxuriosissimns,
2717 799 3062 853 Theodoram
3111 797 3305 853 isaacii

1735 899 2191 954 sebastocratoris
2242 894 2403 952 filiam
2452 898 2718 957 incestat,
2775 890 3024 949 Balduini
3081 894 3297 954 Franci.

1736 990 1832 1060 qui
1868 990 2170 1046 Palmstina:
2201 1004 2378 1056 nuper
2412 988 2740 1056 imperaret,
2774 984 3019 1038 viduam.

1806 1084 1991 1138 Altera
2024 1082 2129 1137 hac
2160 1082 2318 1151 plaga
2344 1077 2559 1135 Manuel
2595 1084 2820 1147 accepta
2844 1118 2860 1141 ,
2887 1075 3051 1128 missa
3083 1074 3151 1127 ad
3178 1074 3298 1127 Coe-

1733 1174 1950 1244 lesyrizc
1984 1173 2275 1242 toparchas
2308 1185 2475 1225 aurea
2508 1170 2655 1223 bulla
2678 1210 2693 1233 ,
2734 1166 2958 1221 mandat
2992 1174 3055 1219 ut
3083 1165 3300 1217 Andro-

1733 1266 1916 1320 nicum
1938 1304 1952 1329 ,
1984 1264 2261 1318 hominem
2290 1264 2561 1317 incestum
2586 1272 2641 1315 et
2670 1259 3019 1319 seditiosum,
3056 1257 3300 1325 capiant,

1732 1355 1963 1425 visuque
1994 1356 2234 1425 privent.
2265 1354 2354 1409 Eae
2387 1354 2583 1407 litterae
2619 1344 2920 1405 Theodorus
2963 1342 3296 1404 redduntur.

1732 1448 1934 1517 quibus
1972 1448 2068 1502 illa
2102 1442 2296 1509 le'ctis,
2338 1446 2585 1505 chartam
2628 1442 2955 1497 Andronico
3001 1440 3189 1494 tradit.
3248 1437 3303 1489 Is-

1734 1540 1967 1609 cognitis
1999 1537 2217 1593 insidiis
2250 1536 2613 1595 Theodoram;
2640 1534 2832 1588 fraude
2873 1532 3163 1602 pellectam
3187 1572 3202 1595 ,
3238 1540 3298 1581 ut

1733 1646 1793 1687 se
1854 1646 1959 1684 non
2012 1628 2174 1699 longe
2234 1629 2617 1691 comitaretur,
2680 1640 2777 1683 seu
2827 1625 3139 1685 volentem,
3199 1636 3295 1675 seu

1735 1720 1960 1776 invitam
2018 1735 2203 1775 secum
2245 1719 2486 1775 abducit.
2529 1716 2901 1772 Cum-varias
2945 1714 3198 1783 regiones
3241 1721 3299 1764 et

1734 1813 1948 1883 regulos
1986 1812 2224 1876 adisset,
2269 1812 2485 1866 tandem
2527 1811 2593 1864 ad
2635 1809 2955 1868 sultanum',
2994 1807 3086 1875 qui
3137 1804 3300 1858 Colo-

1734 1905 1919 1969 niam,
1956 1902 2217 1957 Chaldam
2255 1913 2311 1957 et
2347 1903 2585 1957 finitima
2614 1903 2733 1955 loca
2773 1900 3031 1961 tenebat.
3066 1898 3297 1952 diverti-

1733 2005 1863 2051 tur:
1903 1994 2088 2065 ibique
2121 2006 2247 2051 cum
2282 1994 2597 2058 Theodora,
2629 2002 2687 2049 et:
2718 1993 2936 2049 duobus
2970 2008 3039 2047 ex
3077 2006 3142 2046 ea
3171 2005 3299 2045 sus-

1732 2087 1907 2157 ceptis
1957 2085 2185 2151 liberis,
2249 2086 2440 2140 Alexio
2477 2094 2532 2140 et
2571 2086 2763 2148 irene,
2800 2100 2863 2140 ac
2899 2078 3113 2140 Joanne
3160 2096 3294 2150 pro-

1733 2187 1917 2235 creato
1944 2194 2010 2233 cx
2038 2174 2269 2248 conjuge
2302 2178 2542 2246 legitima
2561 2218 2577 2242 ,
2605 2185 2995 2234 commoratur.
3025 2174 3204 2229 donec
3228 2172 3304 2226 ad3

1731 2270 2034 2326 Manuclem
2066 2270 2450 2339 imperatorem
2482 2267 2665 2322 rediit.
2697 2260 2749 2321 1’s
2777 2265 2924 2320 enim
2952 2257 3306 2318 Theodoram

1733 2374 1927 2430 capere
1952 2359 2181 2424 studuit,
2211 2350 2465 2426 illiusque
2493 2357 2604 2411 voti
2633 2372 2731 2426 per
2763 2350 3124 2423 Trapezuntis
3146 2352 3301 2420 prin—

1732 2452 1921 2521 cipem
1963 2445 2336 2522 Nicephorum
2390 2443 2752 2518 Palmologum
2805 2461 3029 2515 compos
3084 2444 3296 2506 factus,

1731 2546 1896 2616 paulo
1954 2554 2081 2614 post
2139 2544 2316 2613 ipsum
2364 2543 2528 2598 etiam
2579 2540 2953 2596 Andronicum
2992 2535 3300 2591 Theodorus

1735 2653 1924 2693 amore
1980 2647 2236 2706 tanquam
2279 2650 2403 2691 esca
2452 2636 2733 2697 illectum,
2778 2641 2835 2688 et
2874 2645 2982 2687 non
3033 2628 3300 2684 mediocri

1730 2730 2053 2796 liberorum,
2074 2746 2212 2800 quos
2237 2730 2325 2785 illa
2350 2729 2399 2783 ei
2426 2730 2732 2797 pepererat,
2754 2722 3032 2780 desiderio
3061 2721 3301 2787 flagran—

1734 2831 1842 2877 tem
1878 2823 2124 2877 attraxit.
2166 2822 2347 2875 Missis
2375 2816 2520 2873 cnim
2558 2818 2624 2871 ad
2658 2818 3047 2885 imperatorem
3081 2811 3296 2881 legatis,

1732 2910 2059 2966 delictorum
2097 2910 2314 2965 veniam
2354 2919 2410 2964 et
2448 2906 2609 2962 fidem
2649 2905 2920 2975 publicam
2956 2901 3295 2972 postulavit;

1731 3011 1783 3056 et
1812 3010 2043 3070 utraque
2068 3012 2128 3055 re
2160 3000 2467 3069 impetrata,
2510 3013 2620 3051 non
2656 2996 2827 3049 multo
2857 3003 2980 3064 post
3014 2993 3068 3046 in
3103 2992 3301 3045 urbem

1733 3103 2115 3149 reversuscst.
2145 3091 2276 3146 inde
2308 3091 2573 3145 CEnaeum
2602 3088 2904 3157 ablegatur,
2940 3095 3005 3139 ut‘
3036 3084 3161 3139 istic
3195 3084 3296 3135 bu--
3359 3077 3371 3088 ’

1733 3186 1973 3247 bitaret,
2016 3193 2073 3239 et
2119 3199 2185 3238 ex
2226 3182 2543 3253 longinquis
2584 3178 2868 3234 erroribus
2898 3192 2957 3231 se
2989 3185 3291 3230 recrearet.

1732 3275 1811 3331 Eo
1838 3276 1960 3331 loco
1990 3273 2225 3345 degens,
2264 3288 2386 3328 cum
2438 3270 2703 3325 Manuelis
2738 3277 3007 3331 mortem,
3055 3264 3301 3333 palatina

1731 3368 1992 3433 dissidia',
2030 3368 2184 3422 lusus
2213 3373 2269 3420 et
2303 3362 2674 3434 eq'uitationes
2704 3359 2913 3422 Alexii,
2950 3356 3295 3416 audivisset,

1732 3459 1808 3515 ad
1844 3458 2037 3514 urbem
2086 3470 2343 3512 reversus
2387 3470 2452 3509 ea
2496 3452 2809 3523 designavit
2849 3449 3128 3513 facinora,
3166 3461 3297 3515 quas

1730 3565 1894 3619 supra
1927 3555 2358 3605 commemorata
2392 3555 2561 3610 sunt,
2591 3543 2923 3612 tandemque
2960 3541 3122 3595 malis
3155 3539 3299 3593 arti—

1732 3641 1837 3696 bus
1874 3640 2164 3711 imperium
2200 3639 2253 3693 in
2290 3653 2349 3694 se
2384 3636 2695 3699 transtulit,
2736 3636 2925 3690 A‘lexio
2966 3642 3254 3704 perempto
3277 3672 3293 3693 ,

1730 3733 1828 3802 qui
1857 3747 2060 3786 annum
2091 3729 2268 3784 mtatis
2298 3728 2571 3783 decimum
2603 3728 2857 3797 quintum
2890 3725 3134 3780 nondum
3166 3740 3300 3779 exea

1730 3829 1909 3895 gerat,
1946 3822 2357 3890 trienniumque
2393 3826 2741 3889 regnaverat.

1804 3918 1907 3971 lsta
1934 3929 2068 3970 vero
2096 3913 2242 3969 crede
2274 3921 2585 3982 perpetrata
2604 3952 2619 3977 ,
2647 3925 2901 3981 sponsam
2934 3908 3293 3979 imperatoris

1730 4008 1902 4065 Alexii
1939 4008 2180 4071 Annam,
2216 3999 2554 4060 Francorum
2596 4003 2742 4074 regis
2778 4002 2978 4067 filiam,
3009 4000 3295 4065 matrimo-

1732 4102 1824 4156 nio
1862 4100 1963 4155 sibi
2002 4098 2213 4169 jungit,
2260 4096 2399 4150 nihil
2454 4096 2727 4150 reveritus
2757 4110 2925 4150 senex
2958 4093 3183 4148 effictus
3221 4108 3290 4145 ac

1730 4194 1959 4259 vietus,
1986 4206 2210 4246 uxorem
2243 4189 2451 4246 sobrini
2484 4187 2990 4251 adolescentulam,
3041 4185 3286 4239 nonduin

1733 4300 1906 4339 annos
1935 4298 1989 4338 χι
2032 4294 2219 4337 natam
2266 4298 2363 4352 per
2414 4281 2566 4335 nefas
2616 4280 2896 4348 amplecti.
2938 4277 3143 4332 Deinde
3198 4277 3298 4329 Nin

1734 4391 2064 4445 casam,quze
2090 4373 2641 4442 mortuoimpcratori
2678 4371 2838 4425 fidem
2874 4376 3141 4431 servarat,
3167 4370 3299 4421 totis

82 4457 263 4514 Verum
311 4461 356 4516 is
398 4462 512 4517 alio
543 4478 769 4532 prorsus
816 4465 1017 4535 itinere
1060 4464 1302 4520 Galizam
1348 4468 1618 4538 pervenit.
1649 4471 1711 4533 Β·
1728 4467 1939 4522 viribus
1969 4471 2268 4534 Oppugnat.
2299 4458 2470 4517 Erant
2504 4463 2559 4517 in
2588 4478 2652 4517 ea
2683 4462 2787 4516 viri
2818 4460 3119 4529 principes,
3148 4458 3291 4512 lsaa-

83 4546 149 4602 lbi
187 4552 609 4619 perhumaniter
656 4568 687 4606 a
729 4553 983 4623 praefecto
1026 4556 1327 4624 excipitur,
1358 4570 1518 4626 quem
1555 4557 1628 4610 ita

80 4640 173 4695 sibi
196 4643 471 4709 devincit,
499 4653 567 4701 ut,
590 4654 647 4700 et
678 4646 736 4699 in
764 4654 966 4700 venatu
995 4646 1045 4701 ei
1078 4646 1333 4712 adesset,
1364 4657 1420 4703 et
1453 4650 1507 4704 in
1542 4665 1631 4704 se—

83 4742 201 4786 natu
235 4736 547 4801 assideret,
582 4735 891 4808 eodemque
926 4746 1073 4793 tecto
1100 4748 1158 4794 et
1184 4740 1310 4794 cibo
1354 4750 1626 4796 uteretur.
1708 4754 1719 4765 ί

143 4820 288 4882 lianc
314 4829 582 4898 patruelis
609 4828 792 4900 fugam
819 4838 876 4885 et
900 4831 1155 4886 exsilium
1186 4832 1497 4902 ignominiae
1523 4833 1627 4889 sibi

77 4929 186 4971 esse
213 4921 714 4990 ratus-imperator,
740 4936 803 4977 ac
837 4923 1139 4993 longiorem
1166 4924 1289 4993 eius
1317 4925 1627 4981 absentiam

78 5012 618 5077 suspectam'habens
654 5015 815 5082 (nam
838 5014 1113 5085 ingentem
1148 5017 1454 5084 equitatum
1491 5018 1626 5088 Scy-

82 5097 276 5155 thicum
302 5118 503 5173 cogere
537 5088 839 5169 ferebatut’,
872 5117 932 5160 ut
963 5107 1337 5162 Romanorum
1373 5108 1507 5165 fines
1542 5111 1625 5164 iu—

79 5194 381 5265 cnrsaret),
443 5196 811 5252 revocandum
852 5197 1227 5253 Andronicum
1259 5203 1492 5256 censuit.
1524 5201 1626 5256 ita-

80 5294 176 5347 qne
222 5284 329 5339 fide
376 5285 501 5340 data
541 5295 598 5341 et
638 5297 896 5357 accepta,
944 5287 1227 5343 hominem
1270 5291 1528 5348 arcessit.
1574 5298 1628 5343 et

75 5369 267 5429 Cilicia:
293 5376 555 5446 praeficit,
585 5379 798 5449 adjecto
825 5377 988 5450 Cypri
1020 5379 1243 5444 tributo,
1278 5380 1344 5435 ad
1374 5393 1627 5450 sumptus

76 5459 280 5520 facilius
324 5468 668 5525 tolerandos.
710 5471 790 5525 Eo
829 5470 1131 5539 profectus,
1175 5472 1471 5526 infeliciter
1510 5489 1623 5528 rem

76 5565 254 5611 contra
283 5556 550 5619 Tor‘uscm
600 5562 925 5618 Armenium
960 5564 1135 5634 gerit,
1168 5564 1368 5635 przcliis
1413 5566 1624 5635 aliquot

77 5644 263 5702 victus.
301 5650 437 5707 Inde
465 5655 720 5724 sepositis
752 5654 967 5710 bellicis
996 5657 1455 5726 occupationibus
1480 5697 1495 5721 ,
1542 5669 1624 5711 to-

86 5744 166 5793 tus
203 5754 390 5800 arnore
434 5742 699 5818 Philippa!
740 5745 1130 5816 inflammatur,
1180 5747 1621 5823 Pctebinidilizcj,

1732 4560 1853 4615 cius
1906 4556 2180 4627 Angelus,
2230 4554 2324 4625 qui
2372 4569 2564 4610 everso
2621 4553 2942 4609 Andronico
3003 4550 3294 4619 imperium

1731 4652 2051 4724 occupavit,
2084 4661 2139 4707 et
2167 4646 2490 4705 Theodorus
2520 4649 2974 4710 Cantacuzenus,
3006 4660 3133 4699 cum
3172 4659 3289 4696 ma-

1728 4762 1835 4818 gna
1864 4761 2024 4800 manu
2060 4745 2295 4798 militum
2327 4740 2646 4798 Andronico
2677 4739 3002 4793 infestorum
3022 4775 3038 4799 ,
3067 4744 3124 4790 et
3150 4734 3295 4788 Tur-
3381 4762 3389 4771 -

1731 4851 1919 4889 corum
1958 4829 2120 4905 340
2151 4848 2369 4903 quoque
2413 4829 2694 4886 nonnullis
2725 4826 2921 4896 copiis.
2946 4825 3084 4881 Cum
3112 4834 3293 4879 autem

1732 4927 2021 4982 interfecto
2065 4927 2472 4989 Cantaeuzeno,
2519 4922 2687 4977 animi
2739 4920 3085 4975 Nicmnorum
3142 4919 3295 4973 fracti
3325 4980 3337 4992 κ

1729 5026 1948 5080 essent,
1979 5026 2206 5070 auctore
2231 5014 2459 5069 Nicolao
2486 5012 2744 5082 pontifice
2774 5026 2874 5081 pax
2906 5010 3052 5064 facta
3084 5018 3203 5070 est,
3241 5019 3298 5062 et

1730 5110 1861 5163 urbs
1892 5108 2095 5163 dedita.
2130 5107 2395 5161 Isaacium
2428 5104 2786 5159 Andronicus
2820 5117 2928 5157 non
2960 5102 3293 5156 incolumem

1729 5202 1893 5257 modo
1930 5201 2201 5267 servavit,
2251 5200 2345 5255 sed
2389 5198 2556 5255 etiam
2602 5198 2787 5252 divina
2818 5197 3054 5267 quadam
3100 5196 3297 5264 impel-

1728 5295 1873 5349 lente
1902 5292 2247 5364 providentia
2276 5290 2643 5355 collaudavit,
2673 5288 2821 5360 quod
2849 5288 3295 5361 maledicentiam

1728 5380 2092 5439 cantacuzcni
2138 5398 2242 5437 non
2289 5382 2489 5437 fuisset
2523 5382 2791 5435 imitatus.
2834 5379 3063 5433 Prusam
3096 5385 3151 5429 et
3188 5373 3296 5428 Lo-

1731 5475 1953 5545 padium
1984 5474 2049 5529 de
2080 5475 2264 5529 causis
2293 5472 2489 5529 iisdem
2520 5473 2812 5535 obsessas,
2848 5483 2945 5537 per
2975 5466 3085 5519 vim
3113 5464 3302 5532 cepilr

1688 5558 1693 5565 ’
1728 5582 1793 5621 ac
1820 5565 2211 5621 immanissime
2244 5566 2298 5621 in
2326 5578 2545 5620 omnem
2572 5570 2785 5618 atatem
2811 5570 3113 5626 sexumque
3140 5570 3303 5624 gras-r

1729 5668 1882 5715 satus
1915 5665 2023 5712 est.

1801 5750 1931 5809 Post
1960 5750 2107 5819 haec,
2138 5750 2374 5824 Cyprum
2408 5748 2630 5823 quidam
2663 5743 2937 5812 lsaacius,
2972 5740 3295 5799 lsaaciLse‘v

1732 5852 1795 5877 ,κ
