3798 6230
424 271 519 336 ϐ’ἶι

1466 263 1884 330 MlCllAELlS
1914 268 2170 336 GLYCE
2208 268 2622 333 'ANNALIUM

3528 274 3612 336 6T2

424 378 819 439 hastocratnris
842 386 896 432 et.
921 376 1105 431 iratris
1129 375 1398 431 Manuclis
1423 376 1777 448 imperatoris
1799 395 1861 433 ex
1890 378 1995 432 tilia
2027 389 2068 444 Α
2101 383 2219 435 suis
2248 383 2497 436 Alexium
2524 383 2761 436 Branatn
2795 380 2990 435 ducent
3018 379 3263 450 prmlicit.
3292 380 3340 435 Is
3370 380 3496 435 bello
3516 385 3617 440 feli-

426 470 633 542 hcpos,
666 470 902 524 avertit:
937 468 1181 538 itemque
1211 468 1529 524 Comnenus
1566 471 1819 531 Alexius.
1851 471 1993 540 ejus-

426 566 550 619 dem
598 563 862 618 Hanuel‘s
891 577 957 615 cx
990 563 1160 616 fratre
1193 577 1363 631 nepos
1384 598 1398 625 ,
1432 579 1614 631 regem
1646 565 1844 618 Siciliae
1887 563 1998 618 Gu-

429 656 680 709 lielmum
733 654 1017 712 incitavit.
1067 666 1123 707 ut
1161 654 1522 724 Dyrrachium
1561 664 1612 709 et
1652 655 1997 710 Thessaloni-

433 761 556 798 cam
589 752 885 812 Occuparet
914 761 926 796 :
965 744 1168 812 quibus
1203 760 1334 800 sane
1370 747 1544 814 captis
1567 788 1580 809 ,
1620 747 1812 815 ingens
1844 763 1872 800 a
1910 748 1998 802 Si-

425 838 566 895 culis
594 848 678 890 est
708 836 949 889 exercita
981 836 1301 890 crudelitas.
1338 836 1478 889 Hinc
1520 847 1576 891 et
1621 836 1992 905 Epidamnus;

425 938 483 982 et
512 927 883 995 Amphipolis,
917 934 969 993 et
1000 925 1371 995 Mosynopolis
1398 927 1450 979 in
1486 925 1727 979 hostium
1761 934 1999 994 potesta-

430 1025 540 1071 tem
565 1027 837 1072 venerunt
866 1035 878 1069 :
914 1016 1229 1071 Andronico
1260 1032 1356 1085 per
1387 1017 1698 1070 vecordiam
1725 1028 1779 1071 et
1812 1019 1997 1071 luxum

430 1109 548 1163 suis
580 1122 688 1161 non
732 1117 1118 1163 suceurrente.
1159 1108 1319 1162 llisce
1365 1108 1522 1162 malis
1569 1109 1623 1161 in
1668 1109 1791 1163 dies
1836 1124 2000 1179 auge-

350 1256 359 1261 ,
429 1201 747 1261 scenzibus,
778 1201 846 1254 de
877 1215 1198 1254 successore
1228 1200 1502 1255 sollicitus
1531 1215 1654 1255 esse
1687 1194 1857 1269 ccepit
1892 1202 2001 1254 An-

431 1290 709 1345 dronicus.
755 1289 1121 1355 Quamobrem
1154 1290 1375 1358 cognito
1411 1305 1508 1360 per
1541 1299 1689 1344 artes
1725 1290 2002 1360 improbas

430 1378 816 1437 successurum
841 1383 945 1437 sibi
979 1383 1269 1452 quemdam
1293 1421 1309 1446 ,
1340 1383 1429 1438 cui
1462 1397 1657 1436 nomen
1686 1391 1833 1437 esset
1856 1383 2003 1437 Isaa-

430 1476 518 1530 cio
540 1515 554 1538 ,
586 1476 811 1545 putabat
836 1478 955 1545 ipse
983 1475 1381 1551 quidemlillum
1410 1475 1674 1529 lsaacium
1700 1475 1951 1529 denotari
1983 1517 1998 1539 ,

429 1568 522 1637 qui
568 1568 667 1639 (ut
692 1568 898 1622 dictum
944 1569 1062 1638 est)
1122 1567 1359 1639 Cyprum
1408 1577 1812 1637 occupaverat:
1850 1566 2004 1622 fami-

428 1659 600 1714 liares
630 1675 763 1713 vero
795 1659 1059 1713 Isaacium
1094 1660 1365 1731 Angelum
1405 1661 1755 1724 metuebant,
1788 1659 2001 1713 A‘ndro—

430 1754 558 1807 nico
591 1768 815 1820 prorsus
846 1752 1195 1807 adversante.
1231 1753 1581 1822 Quapropter
1610 1753 1844 1806 consilio
1875 1766 2002 1821 pro—
2034 1723 2074 1782 Β

432 1845 557 1914 prio
588 1845 904 1916 Stephanus
945 1845 1619 1915 Ilagiochristorihorltes,
1670 1844 2003 1899 immanissi-

434 1954 563 1991 mus
607 1936 912 1993 Andronici
960 1939 1247 1993 scelerum'
1279 1937 1624 2007 administer,
1671 1936 1737 1992 ad
1790 1936 2005 1992 interfl-

433 2031 690 2084 ciendum
744 2030 1014 2086 lsaacium
1062 2026 1237 2086 semet
1279 2031 1553 2102 accingit:
1598 2030 1691 2100 qui
1740 2040 2001 2100 tanquam

433 2123 486 2178 in
544 2138 602 2178 re
630 2123 988 2194 sdesperata,
1050 2123 1393 2193 Stephanum
1453 2130 1848 2186 antevertens,
1903 2135 2005 2176 sua

433 2233 601 2271 manu
651 2219 894 2273 conﬁcit.
947 2218 1154 2272 Deinde
1200 2217 1268 2271 ad
1310 2218 1554 2287 Magnam
1602 2215 1895 2270 ecclesiam
1947 2228 2007 2269 se

434 2309 745 2377 recipiens,
799 2308 986 2378 populi
1035 2307 1365 2363 conﬂuentis
1410 2321 1575 2383 opem
1622 2305 1904 2374 implorat.
1955 2302 2008 2360 Is

436 2417 569 2454 vero
602 2402 774 2471 magis
804 2416 868 2456 ac
901 2402 1073 2463 magis
1100 2410 1277 2455 semet
1305 2413 1558 2461 armans,
1590 2398 1861 2452 lsaacium
1895 2397 2010 2450 An-

438 2494 620 2562 gelum
653 2495 1041 2561 imperatorem
1080 2492 1417 2562 proclamat,
1445 2499 1499 2546 et
1524 2490 1593 2555 ad
1625 2489 1885 2560 palatium
1915 2488 2010 2543 dc-

435 2585 608 2638 ducit.
653 2583 784 2639 Inde
826 2583 977 2637 missi
1023 2583 1327 2646 satellites,
1374 2581 1466 2651 qui
1518 2580 1895 2634 Andronicum
1928 2577 2009 2630 fu-

436 2679 676 2748 gientem
702 2670 1554 2748 persequerentur.‘Pervencrat
1581 2673 1671 2726 ille
1698 2686 1822 2725 cum
1853 2672 2007 2725 Anna

435 2772 701 2842 conjuge,
738 2784 803 2823 ac
833 2776 1021 2822 scorto
1045 2767 1288 2836 ‘quodam
1327 2764 1532 2820 Chelen
1556 2804 1570 2828 ,
1603 2763 1668 2817 ad
1704 2763 2008 2833 Tauroscy-

440 2865 562 2917 thas
608 2862 759 2916 illinc
791 2862 1145 2929 trajctcturus.
1177 2858 1281 2913 Sed
1322 2857 1551 2911 marinis
1586 2854 2010 2923 tempestatibus

439 2955 769 3024 alioqnoti‘es
796 2953 855 3007 in
876 2954 1031 3015 littus
1063 2952 1292 3022 ejectus,
1317 2964 1346 3004 a
1374 2950 1824 3020 persecutoribus
1855 2963 2009 3003 com-

439 3047 750 3116 prehensus
777 3055 885 3099 est.
1154 3050 1156 3054 ’

503 3140 583 3194 Ad
618 3139 882 3193 Isaacium
915 3138 1218 3207 perducto.
1240 3143 1374 3205 .Post
1406 3135 1585 3189 varias
1616 3132 2010 3198 contumelias,

433 3233 625 3287 dextra
669 3230 1007 3301 praeciditur.
1052 3230 1182 3283 Post
1222 3229 1429 3297 aliquot
1472 3226 1594 3281 dies
1643 3227 1816 3279 altero
1848 3226 2019 3278 oculo

434 3326 638 3381 cil‘osso
668 3364 681 3385 ,
732 3322 987 3377 scabiosa
1038 3321 1251 3375 camelo
1303 3318 1630 3393 impositus,
1687 3333 1784 3387 per
1832 3317 2010 3371 forum

438 3416 709 3486 triumphi
766 3415 950 3484 specie
997 3413 1329 3468 traducitur.
1381 3412 1524 3465 Tum
1572 3426 1701 3465 vero
1750 3409 2007 3465 nonnulli

438 3510 623 3563 clavas
651 3508 704 3560 in
737 3516 903 3576 caput
932 3507 1051 3577 ejus
1079 3506 1422 3575 impingere;
1453 3503 1542 3556 alii
1572 3511 1818 3557 stercore
1848 3517 2014 3556 nares

438 3603 561 3671 ejus
601 3598 849 3661 ftetlare;
880 3598 973 3652 alii
1005 3596 1265 3666 spongias
1309 3592 1677 3649 excrementis
1720 3592 2012 3647 hominum

440 3692 829 3760 pecudumque
876 3688 1114 3758 repletas
1161 3687 1215 3741 in
1264 3687 1463 3741 faciem
1507 3685 1627 3755 ejus
1658 3684 2013 3754 exprimere;

439 3783 532 3838 alii
563 3781 746 3837 verbis
773 3781 1048 3836 obscaenis
1091 3789 1347 3850 parentes
1374 3778 1546 3843 ipsius
1574 3779 1830 3832 insectari
1855 3798 1868 3833 :
1898 3778 2020 3848 qui-

439 3876 567 3929 dam
625 3872 868 3928 verubus
915 3872 1088 3927 latera
1139 3886 1426 3942 pungere;
1478 3883 1722 3924 scortum
1777 3870 2017 3939 denique

440 3967 720 4038 quoddam
770 3966 1063 4035 impudens
1110 3965 1275 4018 ollam
1332 3963 1568 4018 ferventi
1625 3956 1767 4033 aqua
1797 3964 2019 4033 plenam

441 4064 498 4117 in
530 4060 725 4114 [aciem
754 4060 872 4128 ejus
897 4056 1109 4112 effudit.
1144 4055 1259 4110 lloc
1289 4055 1450 4110 modo
1479 4056 1750 4111 deductus
1784 4058 1838 4110 in
1868 4057 2022 4111 thea-

443 4163 588 4208 trum
609 4193 623 4214 .
661 4150 896 4223 pedibus
924 4150 1054 4204 fune
1083 4150 1355 4219 colligatis
1384 4148 1762 4218 Suspenditur.
1792 4149 2019 4203 Interim

445 4247 562 4315 ipse
595 4242 904 4308 clamabat,
938 4242 1192 4307 Domine,
1226 4241 1523 4305 miserere;
1560 4241 1730 4307 item,
1765 4241 1905 4308 Quid
1934 4258 2024 4295 ca-

443 4338 647 4392 lamum
687 4334 987 4391 contritum
1034 4333 1383 4403 inl‘ringitis?
1425 4333 1538 4388 Nec
1577 4334 1758 4388 adhuc
1793 4343 2023 4389 conten-

2099 473 2237 526 citer
2272 473 2691 534 administrate,
2731 484 2929 542 prteter
2960 488 3110 540 spem
3157 473 3401 525 omniuut
3440 473 3618 532 Siculos

2098 565 2278 627 delet,
2312 567 2582 636 urbesque
2613 574 2800 634 captas
2827 574 3140 635 recuperat.
3184 564 3403 618 Periere
3443 564 3622 620 Siculo-

2099 670 2221 709 rum
2250 655 2301 707 in
2331 654 2475 709 bello
2503 669 2668 719 supra
2698 653 2913 721 l0,000,
2942 654 2996 709 in
3021 654 3336 709 carceribus
3361 662 3522 709 autem
3543 655 3623 710 fri-

2100 760 2229 814 gore
2261 758 2323 799 ac
2360 746 2501 800 fame
2532 745 2600 800 ad
2634 754 2872 823 quatuor
2898 745 3092 800 millia.
3121 743 3299 798 Duces
3326 746 3480 798 etiam
3504 747 3624 815 capti

2100 843 2258 899 sunt,
2305 834 2614 892 Riehardus
2663 847 2719 892 et
2761 837 3101 898 Balduinus,
3146 852 3256 890 una
3300 850 3423 890 cum
3467 836 3623 891 Alexio

2101 925 2403 993 Comneno,
2427 928 2552 984 belli
2583 937 2805 983 auctore
2824 971 2838 992 ,
2866 930 2951 984 cui
2982 945 3106 984 mox
3133 928 3281 984 oculi
3309 938 3433 983 sunt
3452 928 3623 983 effossi.

2103 1021 2415 1078 Secundum
2457 1023 2576 1077 hate
2619 1022 2916 1078 infeliciter
2958 1033 3166 1078 tentata
3208 1021 3455 1094 Cyprus,
3482 1032 3627 1077 etsc-

2105 1115 2214 1169 euti
2241 1124 2421 1169 motus
2455 1114 2788 1170 Vlacborum
2814 1115 3056 1170 nationis
3086 1132 3102 1168 :
3134 1115 3401 1168 adversus
3422 1106 3542 1183 quos
3562 1114 3629 1168 ni»

2105 1205 2182 1260 hil
2216 1213 2361 1260 recte
2385 1215 2599 1277 gestum
2634 1222 2663 1259 a
2696 1198 2908 1263 Joanne
2933 1215 3135 1276 patruo
3163 1205 3517 1274 imperatoris.
3545 1222 3631 1261 nec

2103 1313 2132 1353 a
2162 1299 2371 1353 Joanne
2402 1298 2807 1355 Cantacuzeno.
2836 1281 3043 1353 Missus
3069 1307 3254 1352 autem
3294 1297 3360 1350 ad
3391 1295 3633 1351 debellan-

2103 1387 2204 1443 dos
2233 1403 2326 1443 eos
2366 1390 2592 1444 Alexius
2641 1388 2880 1453 Branas-,
2926 1378 3160 1458 imperio
3191 1387 3449 1443 allectato
3469 1428 3483 1452 ,
3511 1386 3630 1442 Cou-

2084 1464 2517 1550 .stantinopol'im
2550 1496 2806 1536 reversus
2834 1480 3072 1536 obsedit.
3107 1480 3311 1535 Verum
3349 1494 3454 1533 non
3482 1480 3627 1532 multo

2104 1576 2258 1645 post,
2286 1574 2445 1630 irrito
2473 1582 2673 1629 conatu
2701 1614 2725 1639 ,,
2744 1589 2915 1645 caesus
2938 1584 3021 1628 est
3048 1589 3147 1643 per
3184 1572 3488 1635 Cotlradum
3522 1572 3633 1626 alar-

2105 1666 2361 1720 chionem
2392 1662 2951 1720 Moutisl‘erratensem
2982 1685 2997 1720 :
3029 1646 3127 1720 cu’r
3143 1663 3380 1720 Caesaris
3405 1664 3631 1718 honorem

2106 1755 2409 1827 imperator
2449 1757 2756 1822 detulerat,
2803 1757 2921 1812 viro
2963 1757 3123 1812 valde
3173 1765 3401 1811 strenuo
3424 1767 3475 1811 et
3499 1755 3631 1819 forti,

2107 1848 2366 1904 maximis
2408 1847 2798 1918 largitionibus
2837 1863 2903 1903 ex
2942 1848 3097 1902 Italia
3137 1846 3633 1915 Constantinopolim

2107 1950 2350 2006 evocato,
2378 1947 2436 1993 ut
2466 1939 2812 1996 Theoderam
2839 1933 3195 2010 imperatoris
3209 1953 3453 1994 sororem
3477 1937 3631 1991 matri-

2108 2032 2294 2087 monio
2327 2033 2433 2088 sibi
2464 2032 2740 2105 jungeret.
2776 2032 3038 2102 Ejusdem
3070 2046 3238 2102 supra
3269 2045 3485 2101 quoque
3512 2028 3632 2083 facta

2107 2135 2193 2181 est
2220 2126 2447 2192 mentio,
2478 2126 2625 2196 quod
2651 2125 3027 2197 Moguntinum
3056 2125 3242 2195 prazlio
3271 2123 3469 2178 vietum
3498 2135 3635 2190 cepe-

2108 2218 2201 2273 rit.
2234 2217 2464 2274 Mortem
2487 2218 2626 2273 obiit
2654 2219 3028 2283 immaturam,
3060 2233 3157 2285 per
3186 2215 3438 2271 fraudem
3467 2231 3496 2269 a
3518 2213 3637 2268 Cha-

2108 2309 2193 2364 sio
2242 2311 2476 2381 quodam
2525 2311 2742 2366 occisus
2774 2311 2837 2364 in
2860 2309 3180 2376 Palaestina,
3226 2306 3634 2378 ubi,praeclarum

2108 2400 2329 2456 virtutis
2355 2410 2411 2457 et
2456 2402 2761 2472 prudentiae
2790 2400 3102 2472 specimen,
3125 2402 3292 2471 loppe
3316 2400 3496 2471 (quam
3520 2410 3637 2452 nunc

2110 2493 2371 2549 Accoﬁen
2400 2493 2637 2562 vocant)
2662 2504 2719 2550 et
2753 2494 2875 2549 aliis
2907 2494 3125 2564 Oppidis
3156 2492 3512 2563 expugnatis.
3542 2504 3634 2543 ma-

2111 2600 2218 2654 gno
2273 2600 2398 2639 cum
2465 2596 2674 2640 terrore
2709 2584 3101 2640 Saracenorum
3134 2583 3409 2638 ediderat.
3436 2582 3640 2636 Durant:

2113 2679 2296 2733 adhuc
2346 2677 2490 2734 bello
2530 2686 2721 2734 contra
2753 2678 3033 2744 Vlacbos,
3091 2675 3416 2731 Theodorus
3463 2674 3638 2742 Maugu-

2114 2772 2250 2842 phas
2277 2812 2292 2836 ,
2350 2785 2512 2841 quem
2560 2769 3040 2826 Morotheodorum
3074 2768 3340 2838 deinceps
3370 2774 3639 2824 vocarunt.

2114 2871 2378 2931 occupata
2426 2861 2605 2931 patria
2638 2878 2736 2917 sua
2765 2860 3138 2930 Philadelphia
3166 2902 3180 2925 ,
3231 2859 3449 2913 frustra
3497 2858 3639 2925 impe~

2115 2948 2258 3009 rium
2312 2951 2608 3019 aﬂ'ectavit,
2660 2953 2714 3008 in
2763 2964 3060 3024 perpetuus
3110 2966 3370 3007 carceres
3419 2950 3638 3018 deinceps

2038 3074 2084 3135 α
2117 3045 2384 3101 inclusus.

2188 3136 2504 3193 Friderieus
2540 3153 2759 3208 quoque
2806 3154 2900 3194 rex
2943 3137 3336 3192 Alemauorum
3386 3134 3646 3207 expeditioa

2113 3247 2240 3285 nem
2275 3231 2521 3301 suscepit
2543 3270 2557 3293 ,
2603 3232 2669 3286 ad
2720 3231 3061 3301 eripiendam
3092 3229 3392 3285 Saracenis
3419 3227 3645 3298 Egyptiis

2114 3320 2477 3376 Palaestinam.
2524 3320 2636 3376 [loc
2680 3321 2803 3391 ejus
2851 3322 2952 3375 iter
3001 3321 3243 3375 lsaacius
3288 3331 3475 3375 contra
3519 3318 3645 3372 [idem

2116 3412 2299 3470 datam
2339 3415 2605 3484 impedire
2643 3412 2950 3469 conabatur
2971 3455 2984 3479 ,
3019 3412 3111 3467 sed
3144 3427 3273 3468 cum
3305 3412 3441 3466 nihil
3471 3411 3647 3465 allicere

2115 3525 2175 3564 se
2208 3510 2459 3573 videret,
2515 3509 2733 3563 tandem
2778 3508 3024 3562 “liberum
3074 3507 3356 3561 Alemanis
3401 3505 3644 3559 transitum

2117 3601 2409 3657 concessit.
2437 3599 2647 3653 Enituit
2673 3609 2786 3654 tum
2808 3606 2932 3668 erga
2958 3597 3281 3666 peregrinos
3306 3594 3526 3665 insignis
3548 3592 3650 3645 Lau-

2117 3694 2427 3751 dicensium
2479 3693 2852 3763 hospitalitas.
2922 3693 3272 3760 Quapropter
3330 3689 3398 3743 iis
3444 3683 3647 3740 Alemad

2120 3785 2453 3847 faustissima
2488 3798 2720 3854 qumque
2754 3791 2883 3837 sunt
2912 3798 2941 3835 a
2991 3781 3101 3835 Deo
3142 3779 3378 3849 precati,
3412 3789 3473 3834 et
3497 3775 3648 3832 Fride-

2122 3875 2268 3928 ricus
2297 3873 2415 3942 ipse
2462 3871 2718 3937 manibus
2766 3869 3052 3938 oculisque
3101 3866 3333 3921 sublatis
3364 3867 3417 3921 in
3451 3866 3649 3926 cedunt,

2125 3966 2360 4037 genibus
2385 3964 2537 4019 humi
2572 3964 2748 4029 ﬂexis,
2784 3961 3001 4027 oravit,
3032 3969 3092 4015 ut
3120 3959 3385 4031 quidquid
3415 3958 3531 4014 vitae
3557 3971 3650 4026 pro-

2122 4060 2343 4122 desset,
2394 4052 2663 4128 quidquid
2717 4053 2917 4109 animis
2960 4052 3189 4108 salutem
3228 4050 3484 4115 aﬂ‘erret,
3516 4066 3541 4102 a
3573 4047 3651 4098 Deo

2122 4151 2497 4222 gubernatore
2541 4136 2706 4217 hujus
2754 4145 3133 4201 universitatis
3182 4142 3550 4212 impetrarent.
3578 4136 3653 4192 Ad-

2129 4245 2269 4315 jecit
2298 4242 2402 4298 hoc
2425 4258 2669 4317 quoque,
2690 4239 2734 4295 si
2759 4240 2977 4307 reliqua:
3002 4235 3299 4308 provincia:
3323 4235 3649 4288 Romanorum

2129 4349 2237 4391 tam
2275 4335 2512 4405 benigne
2545 4332 2749 4386 Christi
2782 4329 2938 4401 34],
2978 4328 3180 4382 milites
3222 4326 3574 4400 excepissent,
3611 4333 3653 4373 se

445 4441 534 4487 tus
558 4441 679 4484 erat
712 4428 856 4498 vulgi
894 4427 1069 4491 furor,
1103 4428 1421 4482 Andronico
1455 4443 1747 4497 su5pcnso.
1778 4427 2021 4499 Nam‘las
2048 4429 2100 4490 D
2128 4427 2240 4482 illis
2273 4435 2329 4481 et
2356 4441 2489 4495 opes
2517 4439 2705 4480 secum
2752 4424 2942 4477 allatas
2970 4420 3325 4491 perlubcnter
3353 4418 3515 4473 fuisse
3539 4415 3653 4469 datu-

442 4531 627 4578 cerata
654 4520 923 4588 tunicula,
952 4518 1133 4574 virilia
1160 4520 1278 4589 ejus
1306 4529 1497 4574 vexata
1530 4530 1692 4585 sunt;
1720 4528 1776 4573 et
1798 4518 2022 4590 quidam

445 4617 666 4683 longum
714 4629 906 4669 ensem
941 4627 1043 4681 per
1073 4612 1261 4667 fauces
1293 4613 1413 4683 ejus
1447 4612 1515 4666 ad
1554 4614 1818 4668 intestina
1852 4626 2023 4683 usque

447 4706 685 4777 trajecit.
721 4706 838 4761 Duo
867 4721 1086 4777 quoque
1117 4703 1302 4759 Latini
1331 4706 1553 4776 generis
1576 4749 1589 4771 ,
1627 4721 1791 4761 enses
1822 4705 2020 4760 amba-

448 4801 551 4855 bus
601 4800 857 4855 manibus
899 4801 953 4855 in
992 4810 1147 4855 nates
1180 4801 1298 4871 ejus
1332 4800 1643 4870 adegct’uut
1667 4839 1682 4863 ,
1720 4809 1779 4853 ιιι
1809 4801 2028 4869 pericu-

446 4896 562 4950 lum
594 4893 870 4957 lacerent,
899 4903 1019 4949 uter
1042 4905 1190 4950 esset
1216 4895 1453 4949 aeutior.
1481 4895 1612 4949 PoSt
1646 4902 1724 4949 tot
1751 4909 2027 4949 ternmnas

447 5002 592 5059 :egre
616 4987 782 5041 vitam
833 4985 1053 5054 abrupit
1077 5029 1091 5054 ,
1119 4988 1342 5043 dextera
1371 5004 1494 5043 Cum
1523 4988 1714 5042 dolore
1745 4988 1812 5042 ad
1845 5003 1906 5042 os
1937 4987 2032 5042 ad-

451 5088 597 5134 mota
626 5097 640 5134 :
674 5086 733 5133 ut
764 5078 923 5132 multi
955 5087 1251 5147 putarent,
1286 5099 1411 5135 eutn
1440 5082 1676 5135 calidum
1710 5096 1771 5135 ex
1804 5097 1866 5134 ea
1900 5096 2028 5134 san-

451 5171 674 5240 guinem
707 5168 779 5222 ob
811 5176 1090 5221 recentem
1135 5169 1346 5238 plagam
1393 5168 1574 5223 adhuc
1616 5168 1991 5222 destillantem
2014 5205 2030 5230 ,

452 5274 740 5330 exsurgere.
772 5255 1069 5325 Imperavit
1100 5272 1275 5311 annos
1304 5257 1443 5312 dttos
1465 5301 1480 5325 ,
1519 5276 1644 5313 cum
1698 5267 1858 5312 antea
1906 5273 2034 5328 quo-

454 5367 565 5422 que
610 5364 793 5420 rerum
839 5347 1045 5418 potitus
1093 5357 1242 5400 esset
1293 5348 1459 5402 tttiius
1505 5349 1633 5402 anni
1668 5349 1883 5419 spatio,
1914 5349 2035 5402 sine

459 5457 707 5514 purpura
743 5451 802 5496 et
828 5437 1165 5514 diademate.
1200 5438 1327 5493 Post
1357 5440 1474 5509 ejus
1510 5424 1741 5494 mortem
1773 5441 1869 5495 lilii
1902 5455 2037 5513 quo:

458 5512 602 5606 q-iei,
636 5512 878 5589 Joannes
918 5542 975 5588 et
1005 5528 1225 5587 Manucl
1251 5573 1265 5595 ,
1302 5532 1486 5604 caecati
1521 5533 1826 5601 perierunt.

536 5630 678 5684 llinc
716 5628 960 5699 lsaavcius
998 5629 1057 5697 in
1103 5625 1479 5699 proﬂigandos
1506 5625 1724 5681 Siculos
1753 5626 1998 5683 intentus
2021 5670 2036 5692 ,

465 5724 556 5797 qui
581 5724 692 5799 jam
722 5722 1198 5796 Constantinopoli
1232 5722 1394 5779 etiam
1428 5720 1825 5789 imminebant,
1864 5721 2041 5794 cupiis

2124 4536 2238 4584 ros,
2271 4527 2579 4574 commeatu
2614 4525 2803 4588 pacate
2837 4522 3085 4583 accepto,
3134 4521 3190 4567 et
3241 4511 3383 4565 lines
3430 4511 3655 4565 Romanus

2121 4612 2450 4683 jampridem
2486 4611 2656 4665 fuisse
2696 4608 3048 4669 transituros,
3093 4606 3263 4661 hastis
3296 4604 3498 4658 nullius
3535 4596 3652 4654 Chri-

2126 4705 2288 4759 stiani
2321 4704 2586 4775 sanguine
2622 4701 3029 4757 contaminatis.
3058 4697 3195 4752 Cum
3243 4705 3428 4751 autem
3460 4689 3652 4749 Frideri-

2130 4810 2230 4851 cus
2263 4797 2550 4866 ingressus
2582 4810 2770 4865 agrum
2800 4790 3102 4848 lconiensis
3130 4789 3355 4851 sultani,
3384 4791 3475 4856 qui
3500 4795 3547 4839 et
3571 4783 3653 4850 ipse

2131 4897 2382 4960 pacatum
2409 4887 2459 4941 ei
2488 4887 2778 4941 transitum
2807 4890 3176 4939 concesserat.
3203 4888 3399 4934 contra
3430 4877 3569 4931 [idem
3589 4873 3653 4924 da-

2131 4991 2241 5036 tam
2280 4980 2579 5035 violaretur
2602 5021 2615 5045 ,
2654 4978 2870 5035 duobus
2911 4975 3112 5046 pratiiis
3146 4973 3394 5031 Turcos,
3426 4970 3492 5024 ad
3520 4964 3654 5022 Philo-

2133 5074 2356 5128 melium
2383 5084 2437 5127 et
2465 5071 2864 5141 Cingularium,
2898 5071 2977 5122 sic
3008 5065 3346 5137 prostravit,
3374 5073 3433 5117 ut
3468 5072 3523 5117 et
3548 5057 3653 5113 cele-

2134 5167 2252 5221 bris
2284 5174 2338 5219 ct
2369 5163 2739 5218 formidabilis
2773 5160 2914 5230 apud
2951 5157 3247 5213 orientales
3290 5156 3533 5210 nationes
3559 5162 3654 5203 eva-

2136 5257 2291 5312 deret
2324 5275 2337 5309 :
2370 5254 2671 5327 prtesertim
2701 5265 3055 5322 posteaquam
3089 5264 3198 5303 non
3247 5247 3412 5316 longo
3448 5236 3652 5308 temporis

2139 5349 2429 5420 iutcrjecm
2480 5347 2660 5417 spatio
2712 5342 3137 5400 tonsimililibus
3193 5339 3419 5393 eosdem
3462 5332 3653 5390 cladibus

2080 5508 2084 5513 ,
2129 5442 2283 5515 apud
2319 5442 2498 5511 ipsum
2543 5438 2793 5494 Iconium
2844 5435 3140 5495 affecisset.
3189 5430 3350 5500 quod‘
3388 5430 3437 5484 ei
3477 5443 3531 5483 se
3565 5433 3650 5515 tuo!

2140 5511 2372 5590 dedidit.
2422 5532 2567 5589 Urbe
2619 5530 2776 5600 potiti
2831 5525 3099 5587 Aletnani,
3161 5523 3323 5578 tectis
3382 5511 3650 5575 suburbanis

2143 5618 2411 5687 contenti,
2439 5634 2495 5678 et
2520 5631 2830 5678 commeatu
2860 5620 3050 5675 saltent
3090 5615 3301 5678 ablato,
3333 5614 3464 5669 citra
3496 5600 3651 5665 maleﬁ-

2146 5720 2290 5775 cium
2340 5716 2736 5773 disccsserunt.
2781 5712 2918 5769 llinc
2965 5709 3032 5766 ab
3080 5707 3365 5764 Armeniis
3410 5698 3647 5761 honoriﬁce
3696 5722 3711 5748 .
