3798 6230
79 300 166 367 633

1384 297 1565 356 CON’I
1585 297 1924 360 lNUATiU.

3197 297 3298 359 6"4

80 420 354 478 susceptus,
392 409 732 465 Antiochiam
770 406 852 464 ire
893 410 947 464 in
1008 412 1190 464 animo
1231 411 1492 475 habebat,
1529 428 1621 463 au-
1651 421 1693 472 Α
1726 427 1832 463 non
1867 411 2128 479 expertis,
2181 420 2235 465 et
2286 412 2620 466 imminentis
2661 412 2856 476 ruinae,
2897 423 3160 482 nemque
3198 414 3297 466 ho-

79 512 305 574 gcseenlc
350 502 524 556 indies
556 503 658 556 viri
702 503 892 572 gloria,
931 515 987 557 et
1035 503 1256 557 nomine
1315 505 1608 564 illustrato,

85 606 178 646 tum
205 593 269 646 ob
300 593 664 662 prudentiain,
700 603 810 647 tum
847 607 1070 664 propter
1103 596 1367 648 invictum
1398 596 1611 648 exerci-

80 695 196 746 tum,
223 683 292 735 ita
325 691 382 735 ut
409 684 587 736 nullus
620 680 792 737 hostis
825 700 949 737 eum
979 699 1045 737 eo
1073 685 1326 752 congredi
1359 685 1610 738 auderet.

80 776 192 828 Cum
229 782 403 826 autem
439 773 504 826 ad
537 773 760 826 fluvium
787 775 1076 843 quemdam
1110 777 1463 844 pervenisset,
1489 791 1616 828 vor-

79 867 252 919 ticibus
287 879 547 933 aquarum
579 865 918 920 suffocatur:
948 867 1031 920 vir
1060 867 1289 921 honesta
1323 877 1378 920 et
1417 883 1614 936 perpe-

80 971 154 1013 tua
181 958 428 1030 memoria
472 958 666 1027 dignus
691 998 706 1023 ,
743 970 798 1012 et
826 960 1030 1028 judicio
1061 959 1392 1029 prudentum
1425 958 1509 1011 vel
1559 949 1612 1010 in

81 1049 155 1102 tali
181 1050 320 1103 obitu
355 1049 502 1111 felix,
547 1065 654 1102 non
692 1064 760 1103 eo
819 1059 1052 1113 tantum,
1088 1050 1233 1118 quod
1261 1050 1428 1102 nobili
1459 1057 1614 1102 ortus

79 1154 251 1209 genere
274 1181 288 1204 ,
330 1141 536 1192 avitum
591 1140 882 1210 imperium
917 1141 970 1195 in
1007 1141 1206 1195 multas
1233 1149 1420 1210 gentes
1471 1139 1615 1193 obti-

78 1228 197 1292 nuit,
254 1227 343 1281 sed
377 1228 449 1282 ob
481 1228 612 1282 illud
648 1231 851 1298 potius,
891 1232 1036 1300 quod
1081 1232 1221 1284 ultra
1268 1245 1458 1286 omnes
1489 1246 1613 1284 om-

77 1319 204 1371 nium
231 1321 468 1387 gentium
503 1317 948 1373 Christianarum
978 1321 1257 1389 principes
1284 1321 1488 1375 Christi
1516 1320 1616 1374 de-

77 1412 249 1466 siderio
272 1411 524 1480 ﬂagrans,
577 1411 779 1479 patria,
825 1411 1038 1467 deliciis
1083 1412 1267 1481 regiis,
1304 1411 1612 1480 tranquilli-

77 1513 185 1564 tate,
221 1500 370 1554 beata
415 1500 562 1554 domi
595 1501 942 1569 superbaque
971 1516 1094 1556 cum
1125 1502 1466 1556 charissimis
1504 1502 1614 1556 vita

74 1593 326 1661 despectis,
357 1606 482 1645 cum
509 1590 840 1670 Christianis
865 1592 1163 1648 PalaeStinze
1194 1594 1387 1648 incolis
1417 1607 1615 1648 aerum-

75 1698 152 1736 nus
169 1683 386 1737 tolerare
418 1683 636 1737 maluit.
662 1685 821 1738 Patre
846 1692 1084 1747 mortuo,
1117 1683 1261 1738 illius
1285 1684 1610 1739 Laodiceam

1715 503 1873 556 stilis.
1907 503 2034 556 Post
2067 503 2181 556 ha-c
2215 503 2515 570 imperator
2548 505 2735 572 Angeli
2771 516 3154 573 cpguomento,
3185 505 3300 558 sive

1717 603 1777 646 ut
1812 593 2104 647 humiliore
2130 633 2145 660 ,
2192 595 2308 646 sive
2350 605 2407 647 ut
2437 594 2706 648 abolendo
2739 611 2864 648 cum
2894 596 3086 659 fratre,
3128 611 3296 663 repu-

1715 687 1895 749 diato,
1931 687 2242 740 Cornnenus
2292 687 2553 755 appellari
2603 687 2794 740 voluit.
2848 687 2979 742 Tota
3031 689 3153 758 ejus
3183 689 3295 742 vita

1718 773 1899 827 mollis
1943 773 2084 838 fuit,
2137 784 2192 828 et
2227 786 2492 843 perpetuo
2554 791 2741 830 socors
2771 777 3070 844 ingenium.
3099 777 3294 832 Omnia

1717 863 1786 919 de
1821 865 2184 934 iinperatricis
2221 865 2491 918 sententia
2523 867 2636 919 fere
2666 866 3017 934 gerebantur,
3054 870 3213 938 cujus
3238 880 3296 922 et

1709 955 1891 1016 virilis
1936 966 2053 1010 erat
2099 957 2336 1022 animus,
2365 966 2420 1010 et
2450 957 2794 1026 providentia
2830 957 3144 1027 singularis,
3197 960 3294 1012 sed

1716 1047 1994 1116 impudica
2045 1047 2205 1114 plane
2238 1048 2372 1108 vita,
2405 1063 2527 1116 quae
2575 1063 2709 1101 sane
2758 1046 2983 1101 infamia
3036 1048 3292 1100 maritum

1716 1153 1934 1206 quoque
1960 1137 2378 1192 dehonestabat.

1792 1227 1906 1281 Hoc
1938 1237 2181 1297 tempore
2209 1227 2722 1281 rex-Alemanorum
2757 1226 3101 1296 Ammcrigus
3125 1224 3298 1296 [lien-

1719 1318 1916 1388 ricus].
1944 1318 2209 1373 Friderici
2236 1319 2400 1381 tilius,
2428 1329 2655 1387 paterno
2676 1319 2985 1388 principatu
3013 1329 3294 1387 suscrpto,

1720 1411 1907 1465 Sicilia
1931 1420 1986 1464 et
2009 1409 2159 1464 Italia
2203 1409 2466 1475 subactis,
2496 1411 2714 1465 Graecos
2747 1410 3090 1474 lacessebat;
3125 1426 3300 1479 quan-

1717 1517 1882 1571 quam
1909 1502 1977 1555 ab
2005 1501 2326 1558 adversario
2355 1517 2478 1569 suo,
2503 1517 2642 1571 papa
2661 1502 2847 1556 Romae
2871 1503 3091 1568 veteris,
3113 1502 3186 1556 ab
3207 1504 3299 1557 in-

1717 1592 1851 1646 stitu
1866 1601 1918 1645 to
1941 1593 2336 1647 retraheretur.
2366 1592 2686 1648 Postulabat
2702 1602 2884 1648 autem
2905 1593 3007 1647 sibi
3034 1609 3132 1663 per
3148 1595 3296 1664 lega-

1720 1693 1807 1738 tos
1835 1683 2052 1737 restimi
2071 1683 2348 1738 Romanas
2373 1685 2684 1754 provincias
2709 1685 2776 1738 ab
2802 1685 3107 1753 Epidamno
3125 1684 3299 1740 Thes-
3326 1732 3327 1735 η

77 1777 118 1827 in
164 1773 446 1843 leesyria
474 1813 489 1836 ,
521 1773 782 1843 Berytum
812 1814 827 1838 ,
853 1773 1108 1842 aliasque
1142 1774 1394 1828 civitates
1431 1773 1604 1844 Syriae
1640 1773 1684 1830 B
1713 1776 2016 1830 salonicam
2039 1791 2235 1841 usque,
2258 1786 2516 1846 tanquam
2545 1777 2672 1831 belli
2699 1777 2824 1846 jure
2853 1791 3075 1843 nupera
3095 1775 3300 1831 Sicilia:

75 1866 278 1936 subegit,
310 1879 370 1918 ac
400 1864 652 1932 pluribus
681 1880 780 1934 pro
805 1863 1007 1919 Christi
1060 1865 1282 1920 nomine
1311 1864 1610 1920 'laboribus

77 1956 344 2021 exhaustis,
376 1964 686 2010 extremum
713 1953 780 2007 ad
804 1955 1102 2020 Acconem,
1121 1970 1280 2024 quam
1302 1955 1610 2017 obsidebat,
1651 2028 1656 2034 η

75 2051 179 2103 vita:
205 2049 340 2103 diem
373 2047 595 2102 clausit.
632 2046 919 2101 Exercitus
949 2047 1193 2115 reliquus
1225 2047 1460 2102 navibus
1481 2062 1610 2103 suo-

78 2157 175 2195 rum
201 2141 317 2211 Tyri
346 2139 688 2203 conscensis,
722 2137 1014 2194 incolumis
1041 2139 1108 2193 ad
1134 2153 1262 2194 suos
1287 2140 1469 2195 rediit.

129 2232 224 2284 Nec
254 2230 500 2283 Alemani
549 2229 818 2284 duntaxat
881 2229 986 2284 hoc
1033 2239 1278 2299 tempore
1325 2229 1612 2284 Saracenis

75 2322 149 2390 qui
176 2321 507 2375 Palaestinam
531 2323 900 2389 occuparent,
957 2335 1107 2374 arma
1147 2321 1472 2384 intulerunt,
1511 2321 1609 2375 sed

75 2415 209 2467 etiam
241 2413 573 2468 Francorum
594 2413 1012 2483 Anglorumque
1043 2427 1198 2480 reges
1229 2413 1440 2482 magnis
1473 2414 1614 2467 clas-

76 2505 202 2568 sibus
233 2503 427 2574 Tyrum
475 2505 828 2573 appulerunt.
863 2503 1114 2572 Cumque
1162 2503 1468 2559 Saracenos
1515 2520 1613 2560 nec

79 2596 158 2664 ipsi
193 2596 318 2650 urbe
347 2605 536 2649 sancta
563 2595 769 2665 pellere
794 2603 1044 2664 possent,
1078 2594 1302 2649 infectis
1330 2597 1497 2650 rebus
1517 2595 1616 2649 do-

78 2704 200 2741 mum
232 2696 595 2744 reverterunt.
627 2688 686 2742 ln
713 2687 910 2741 itinere
943 2696 1122 2740 tamen
1147 2688 1349 2757 Anglus
1373 2686 1612 2757 Cyprum

75 2780 346 2848 occupavit,
371 2789 537 2848 capto
562 2779 770 2834 lsaacio
797 2779 1077 2834 Comneno
1117 2765 1369 2849 tyranno,
1410 2779 1479 2833 de
1507 2795 1615 2847 quo

75 2888 212 2940 supra
242 2872 474 2926 diximus
515 2887 528 2926 :
565 2871 910 2940 insulamque
957 2879 1053 2939 pro
1086 2886 1184 2924 sua
1215 2871 1612 2940 Hierosolymi-

76 2973 180 3015 lano
206 2964 308 3032 regi
344 2964 592 3027 donavit,
632 2972 688 3016 ut
744 2963 821 3016 ibi
866 2962 1069 3016 amisso
1123 2978 1288 3032 regno
1320 2963 1612 3016 habitaret.

73 3053 305 3109 Czcterum
343 3073 448 3110 non
482 3055 696 3110 crebra:
728 3063 939 3108 tantum
973 3053 1275 3108 seditiones
1313 3055 1613 3108 multorum

1716 1882 1845 1936 rege
1883 1866 2168 1928 subactas,
2199 1865 2291 1921 cui
2323 1882 2470 1920 nunc
2497 1866 2612 1936 ipse
2642 1866 3022 1921 successisset.
3046 1865 3301 1920 Addebat

1714 1954 1954 2009 offensas
1978 1963 2259 2022 .paternas,
2308 1954 2455 2022 quod
2489 1954 2790 2022 imperator
2838 1953 3053 2009 hlanuel
3100 1967 3297 2023 papam

1715 2045 1903 2100 Romae
1938 2046 2141 2100 veteris
2171 2058 2356 2100 cont—ra
2379 2045 2723 2100 Friderieum
2763 2047 3098 2102 concitasset
3123 2055 3180 2100 et
3211 2061 3297 2098 ar-

1716 2145 1941 2190 masset.
1975 2136 2166 2205 Itaque
2196 2137 2598 2202 denuntiabat,
2649 2136 2912 2190 Romanis
2965 2146 3062 2190 aut
3099 2149 3294 2204 pacem

1718 2225 1954 2278 maxima
2009 2225 2244 2291 pecunia
2294 2222 2693 2288 redimendam,
2733 2232 2828 2277 aut
2871 2223 3074 2278 bellum
3110 2222 3298 2278 statim

1718 2314 2084 2370 tolerandum.
2109 2312 2447 2378 Quae-autem
2470 2313 2702 2382 pecunia
2729 2314 2880 2382 pacis
2900 2312 3122 2368 nomine
3147 2329 3294 2383 quo-

1721 2406 1899 2460 tannis
1923 2405 2088 2474 pendi
2113 2405 2363 2472 deberet,
2387 2404 2505 2458 auri
2537 2405 2874 2458 centenariis
2895 2405 3296 2474 quinquaginta

1697 2497 1986 2566 principio
2015 2497 2284 2560 aestimata
2311 2536 2326 2561 ,
2377 2503 2720 2565 postremum
2747 2496 2814 2548 ad
2849 2496 3199 2550 centenarias
3233 2495 3300 2549 16

1718 2588 1936 2644 redacta
1959 2596 2046 2642 est
2070 2605 2084 2640 :
2111 2602 2250 2656 quos
2292 2596 2352 2642 ut
2384 2587 2610 2641 Alexius
2632 2587 2965 2651 exsolveret,
2999 2588 3302 2656 imperato-

1718 2694 1842 2733 rum
1871 2679 2138 2748 sepulcris
2173 2679 2443 2748 spoliatis,
2481 2679 2551 2732 ad
2588 2678 2653 2731 70
2700 2679 3051 2734 ceutenarios
3081 2678 3297 2748 argenti

1717 2778 1772 2825 et
1821 2771 1948 2824 'auri
1977 2771 2228 2826 nonnihil
2265 2771 2518 2833 corrasit.
2543 2771 2744 2826 Verum
2775 2780 2900 2825 ante
2931 2787 3092 2840 quam
3127 2785 3298 2840 pecu-
3346 2778 3356 2844 ξ

1695 2861 1811 2915 -nia
1847 2861 2183 2926 mitteretur,
2213 2860 2515 2916 Alemania:
2547 2877 2642 2916 rex
2669 2871 2880 2917 naturae
2901 2861 3146 2916 debitum
3178 2877 3302 2931 per-

1716 2952 1900 3019 solvit,
1942 2966 2065 3006 cum
2131 2952 2459 3022 gravissime
2488 2953 2542 3006 in
2569 2951 2809 3017 Siculos,
2835 2953 2928 3022 qui
2971 2953 3298 3008 seditionem

1723 3043 2083 3107 concitarant,
2169 3040 2668 3095 animadvertisset.
2737 3040 3015 3096 Factionis
3070 3042 3298 3111 quidem

73 3145 147 3211 qui
198 3146 523 3202 aﬂ‘cetabant
555 3145 870 3215 imperium,
914 3144 1180 3198 lsaacium
1227 3144 1602 3198 exercebant:

1750 3127 2022 3196 rincipem
2062 3136 2120 3181 et
2152 3128 2636 3200 regem-delectum
2698 3143 2898 3183 corona
2954 3117 3302 3199 jussit-ahe-

73 3238 150 3291 SCtI
177 3239 327 3292 etiam
365 3239 702 3294 Vlachorum
733 3237 884 3292 natio
919 3251 1228 3307 progressa,
1261 3235 1502 3290 munitas
1526 3251 1615 3289 ur-

73 3328 153 3381 bes
174 3329 475 3385 invadebat.
504 3331 828 3385 Anchialum
858 3330 1004 3382 cnim
1037 3329 1346 3392 vastabant,
1379 3318 1616 3382 Varnam

73 3419 400 3486 subigebant,
449 3423 789 3477 Triaditzam
829 3421 943 3474 sive
985 3419 1265 3474 Sardicam
1315 3417 1613 3480 delebant,

71 3506 290 3579 Stumpio
315 3513 460 3568 cives
495 3513 806 3583 ejiciebant.
842 3511 1084 3564 Tandem
1143 3512 1196 3563 in
1247 3509 1607 3579 expeditione

70 3612 230 3656 contra
261 3602 514 3671 Vlacbos,
542 3604 830 3674 magnifico
860 3617 986 3656 cum
1009 3609 1277 3671 apparatu
1313 3609 1570 3670 suscepta
1597 3640 1611 3664 ,

70 3708 169 3746 cum
199 3696 467 3750 venationi
523 3704 671 3752 esset
720 3697 967 3759 intentus
1029 3692 1290 3757 lsaacius,
1326 3693 1392 3746 ab
1425 3690 1614 3746 Alexio

70 3785 228 3850 fratre,
254 3787 317 3840 de
345 3803 454 3856 quo
493 3803 599 3840 non
629 3795 844 3840 tantum
877 3785 1014 3839 nihil
1047 3784 1173 3838 mali
1206 3783 1612 3853 suspicabatur,

69 3879 145 3932 sed
164 3881 315 3934 etiam
333 3894 606 3934 summam
626 3879 727 3933 sibi
750 3878 1076 3933 charitatem
1099 3875 1614 3943 observantiamque

70 3971 413 4036 pollicebatur,
473 3981 530 4026 et.
588 3971 762 4026 oculis
813 3977 870 4024 et
914 3969 1147 4038 imperio
1197 3967 1462 4037 spoliatus
1507 3975 1612 4020 est.

69 4060 330 4130 Imperavit
371 4079 566 4120 annos-
596 4061 650 4126 9,
683 4075 899 4117 menses
933 4059 999 4128 8,
1049 4058 1302 4114 nondum
1342 4072 1517 4112 annos
1547 4058 1614 4112 40

69 4168 98 4204 ιι
124 4163 225 4219 tus,
255 4171 374 4210 eum
405 4170 639 4226 regnum
675 4153 974 4207 amitteret.

125 4247 330 4302 Alexius
369 4247 674 4317 imperator
706 4245 760 4299 in
789 4244 986 4298 castris
1017 4243 1364 4312 designatus,
1400 4240 1609 4296 omisso

70 4349 236 4393 contra
264 4341 496 4394 Vlachos
527 4336 693 4401 bello,
720 4334 1254 4404 Constantinopglim
1299 4334 1470 4388 redit:
1514 4333 1609 4394 ubi

1707 3233 1824 3274 'nea
1861 3221 2132 3285 redimiri,
2165 3236 2286 3290 quae
2315 3235 2441 3275 cum
2477 3219 2708 3275 haberet
2737 3230 2975 3290 quatuor
3003 3219 3298 3284 foramina,

1716 3327 1816 3381 per
1835 3326 1897 3365 ea
1925 3313 2150 3367 totidem
2181 3314 2352 3368 clavis
2382 3312 2547 3382 capiti
2570 3314 2689 3383 ejus
2708 3320 2794 3368 est
2817 3311 2993 3366 allixa.
3017 3311 3171 3377 Quod
3200 3313 3292 3366 nbi

1716 3402 1921 3456 factum
1973 3402 2167 3458 fuisset
2203 3422 2218 3457 :
2250 3405 2448 3468 Habes,
2486 3402 2563 3456 ait
2610 3403 2986 3468 Ammericus,
3031 3415 3293 3457 coronam

1708 3509 1880 3563 quam
1903 3505 2134 3549 venatus
2160 3510 2219 3550 es
2241 3513 2254 3560 ;
2279 3510 2440 3549 nemo
2469 3494 2566 3549 tibi
2594 3494 2736 3548 hanc
2759 3494 2987 3548 invidet.
3009 3493 3175 3564 342
3198 3494 3296 3548 lllc

1716 3600 1848 3640 vero
1876 3602 2001 3640 mox
2032 3586 2223 3641 oborta
2250 3586 2540 3656 vertigine,
2574 3586 2722 3640 humi
2761 3585 3071 3656 prolapsus,
3111 3587 3299 3654 exspi-

1717 3681 1880 3733 ravit.
1910 3679 2081 3748 Capta
2113 3678 2302 3732 Sicilia
2329 3715 2346 3741 ,
2382 3691 2507 3732 cum
2537 3677 2751 3731 caeteris
2782 3676 2942 3749 Irene
2975 3676 3164 3731 lsaacii
3193 3677 3299 3731 im-

1716 3772 1990 3841 peratoris
2022 3770 2132 3824 ﬁlia
2159 3769 2372 3838 captiva
2403 3777 2487 3823 est
2515 3767 2774 3832 abducta,
2802 3776 2857 3821 et
2882 3767 3154 3835 desponsa
3183 3768 3297 3822 fra-

1717 3863 1789 3918 tri
1828 3863 1975 3933 regis
1994 3861 2291 3917 Alemanize
2312 3861 2586 3929 Philippo,
2609 3859 2812 3914 amisso
2835 3859 3019 3927 priore
3040 3859 3296 3927 conjuge,

1716 3957 1810 4027 qui
1850 3967 1990 4025 post
2022 3957 2238 4011 obitum
2283 3953 2556 4009 Tancredi
2611 3953 2784 4024 patris
2823 3951 3029 4008 Siciliae
3066 3966 3294 4022 regnum

1715 4050 2050 4110 obtinuerat.

1787 4144 2001 4198 Secutae
2039 4149 2165 4196 sunt
2201 4139 2464 4209 deinceps
2509 4137 2851 4208 gravissima:
2896 4135 3297 4192 Constantino-

1712 4235 1854 4304 polis
1889 4231 2092 4287 clades.
2117 4231 2252 4285 Nam
2301 4229 2540 4284 lsaacius
2567 4230 2781 4299 pridem
2833 4228 3139 4296 imperator
3169 4243 3296 4283 cum

1715 4326 1922 4381 Latinis
1967 4339 2164 4379 arcana
2207 4323 2438 4378 consilia
2482 4321 2550 4376 de
2600 4321 2935 4376 ulciscendis
2983 4320 3200 4389 injuriis
3242 4333 3299 4375 et

71 4446 175 4484 cum
197 4430 553 4502 inauguratus
569 4439 736 4492 esset,
759 4427 1034 4498 quoddam
1061 4403 1415 4480 memorabile
1446 4424 1624 4480 conti-
1653 4432 1700 4491 ι)
1727 4417 2022 4473 evertendo
2049 4416 2218 4470 fratre
2242 4413 2432 4468 Alexio
2460 4412 2802 4477 conferebat,
2834 4409 3034 4464 litteris
3077 4409 3144 4463 ad
3186 4403 3313 4464 Ire?

71 4520 152 4589 git.
177 4522 395 4592 Temple
421 4523 572 4578 enim
599 4536 871 4591 egressus,
897 4535 1024 4574 eum
1046 4533 1449 4574 conscensurus
1473 4525 1618 4572 esset

69 4629 246 4682 equum
272 4615 566 4670 Arabicum
590 4655 605 4680 ,
639 4627 909 4668 sessorem
943 4612 1036 4667 ille
1071 4627 1181 4666 non
1217 4610 1391 4664 voluit
1421 4610 1618 4663 admit-

71 4714 188 4770 tere,
214 4709 304 4761 scd
351 4709 523 4762 oculis
551 4695 817 4774 sanguine
860 4703 1104 4768 suffusis,
1141 4704 1365 4756 auribus
1390 4704 1613 4764 erectis,

68 4799 236 4853 crebro
263 4801 438 4854 solum
474 4799 719 4867 pulsans,
749 4806 804 4860 et
833 4795 1207 4851 anterioribus
1241 4793 1460 4864 ungulis
1488 4808 1613 4846 cum

67 4887 260 4945 fmuitu
289 4891 540 4955 sublatis,
573 4889 842 4944 indicium
873 4887 1124 4958 praebuit,
1161 4887 1318 4954 quasi
1363 4884 1614 4938 Alcxium

68 4986 200 5048 tergo
226 4984 470 5050 recipere
502 4979 921 5049 dedignaretur.
953 4963 1054 5032 Ubi
1083 4992 1214 5031 vero
1257 4986 1379 5044 post
1413 4975 1615 5029 multos

67 5085 369 5140 poppysmos
407 5083 464 5126 et
519 5071 752 5126 cervicis
786 5068 1130 5140 palpationes
1181 5068 1424 5137 placatus
1449 5106 1462 5128 ,
1494 5082 1616 5120 cre-

66 5158 176 5216 bros
199 5162 314 5217 illos
340 5177 504 5234 gyros
527 5173 583 5218 ct
615 5162 1022 5216 calcitrationes
1055 5161 1361 5214 omissuros
1386 5160 1612 5214 videba-

68 5261 160 5316 tur,
208 5256 503 5324 imperator
552 5256 607 5309 in
663 5270 788 5324 eum
842 5253 1035 5319 insilit,
1086 5262 1140 5306 et
1193 5253 1437 5306 habenas
1490 5265 1616 5319 pre-

66 5342 254 5402 hendit.
284 5347 653 5402 Nihilominus
703 5346 792 5399 ille
840 5344 1056 5413 ferocit,
1087 5359 1190 5397 nec
1221 5343 1375 5412 prius
1403 5343 1614 5411 impor-

68 5445 181 5491 tune
201 5441 396 5495 saltare
428 5439 670 5503 desistit,
704 5454 868 5508 quam
897 5447 1167 5506 gemmata
1199 5452 1403 5491 corona
1432 5436 1614 5504 capite

68 5525 390 5597 imperatoris
406 5547 658 5597 excussa,
687 5540 741 5586 et
763 5547 827 5586 ex
861 5539 1016 5599 parte
1048 5530 1407 5593 comminuta,
1434 5528 1612 5595 ipsum

69 5636 267 5690 quoque
299 5625 603 5694 dejecisset.
651 5625 771 5678 Alio
815 5638 958 5691 equo
999 5622 1253 5682 adducto,
1306 5621 1472 5673 fracta
1523 5635 1616 5673 co-

71 5722 188 5764 tona
215 5710 608 5784 inauSpicatunt
646 5730 805 5769 omen
843 5711 955 5768 viéa
1002 5722 1097 5782 cst.
1129 5711 1342 5780 imperii
1382 5709 1612 5764 cladium

1719 4528 1842 4566 nem
1879 4511 2041 4564 filiam
2070 4508 2272 4572 missis,
2305 4505 2547 4575 Philippi
2580 4505 2968 4560 Alemanorutn
2999 4504 3143 4570 regis
3167 4515 3298 4554 con-

1715 4605 1923 4674 jugem,
1947 4603 2148 4671 quibus
2182 4613 2304 4654 eam
2332 4598 2400 4652 ad
2433 4613 2593 4667 opem
2622 4596 2723 4650 sibi
2757 4595 3040 4649 ferendam
3069 4591 3298 4663 instiga-

1721 4695 1836 4758 bat,
1879 4702 2044 4762 atque
2091 4689 2220 4745 inde
2261 4689 2480 4743 litteras
2527 4686 2870 4756 recipiebat,
2907 4683 3111 4753 quibus
3160 4683 3292 4752 quid

1718 4787 1990 4856 agendum
2036 4792 2219 4848 esset,
2257 4782 2604 4837 monebatur.
2641 4779 2849 4833 Deinde
2887 4777 3030 4830 filius
3077 4791 3298 4845 quoque

1719 4881 1892 4950 ipsius
1923 4877 2164 4940 Alcxius,
2194 4873 2441 4929 custodia
2470 4872 2703 4925 eductus
2727 4909 2740 4931 ,
2787 4869 2964 4922 libere
2991 4880 3102 4935 quo
3137 4863 3299 4923 libuit

1718 4973 2041 5027 ambulavit.
2070 4969 2417 5038 Quapropter
2447 4966 2515 5020 de
2547 4962 2779 5018 consilio
2821 4971 3076 5030 paterno,
3109 4955 3297 5010 Pisani

1719 5060 2005 5133 cujusdam
2035 5076 2159 5128 ope,
2195 5057 2497 5128 perductus
2534 5053 2588 5107 in
2617 5051 2882 5114 Siciliam,
2931 5046 3107 5103 sorori
3153 5045 3300 5099 indi-

1719 5167 1876 5208 catur
1909 5167 1923 5205 :
1955 5167 2074 5218 quae
2094 5151 2246 5220 justo
2273 5146 2532 5216 praesidio
2558 5145 2749 5208 misso,
2773 5143 2996 5195 fratrem
3023 5137 3295 5206 amplexa,

1717 5244 1976 5298 maritum
2031 5240 2339 5308 Philippum
2391 5246 2530 5304 erat,
2586 5244 2646 5291 ut
2676 5234 2817 5305 patri
2857 5247 2957 5288 suo
3002 5243 3101 5299 pro
3152 5225 3298 5281 virili

1719 5352 1876 5405 opem
1928 5335 2087 5397 ferat,
2139 5343 2194 5387 et
2241 5332 2466 5385 fratrem
2511 5343 2731 5400 quoque
2756 5328 2931 5398 juvet,
2961 5320 3207 5378 exsulem
3241 5326 3299 5372 et

1717 5439 2017 5484 extorrem.

1789 5518 2121 5573 Acciderunt
2151 5525 2202 5570 et
2234 5514 2338 5568 alia
2374 5514 2539 5567 mala.
2569 5512 2705 5566 Nam
2735 5525 2858 5565 cum
2893 5500 3114 5560 Venetis
3145 5513 3296 5552 mer-

1717 5612 1994 5667 catoribus
2023 5626 2086 5664 ex
2130 5609 2357 5662 avaritia
2411 5606 2787 5660 ministrorum
2840 5591 3297 5689 imperatoriset

1719 5715 2071 5777 cognatorum
2101 5705 2476 5761 adimerentur
2504 5700 2675 5768 prisca
2708 5693 2952 5765 dumdum
2987 5681 3296 5752 ιπῖνίιεεξίι»
