3798 6230
96 307 185 373 ο3τ
1418 294 1960 356 CUN'I‘INUATIO.

3206 293 3315 355 638

99 412 241 478 niori,
303 400 620 478 espon‘tlent.
675 398 733 457 is
780 401 1042 483 deinceps
1074 408 1292 455 mortuo
1330 404 1495 469 patri,
1540 404 1638 469 qui
1665 393 1713 461 ’Λ
1744 403 2016 467 Tertium,
2050 410 2108 456 nt
2133 401 2213 455 illi
2246 401 2589 472 principatus
2618 401 2672 454 in
2705 400 2964 455 omnibus
2985 398 3315 454 deferretur.

98 508 155 561 35
180 501 327 557 annis
351 498 612 568 regnavit,
638 496 693 550 in
735 495 967 564 imperio
1002 494 1266 548 suffectus
1297 504 1416 547 est:
1450 508 1631 563 neque

98 598 175 648 diu
205 607 373 647 rerum
402 589 640 658 potitus,
680 588 892 641 Joanne
938 586 1073 646 filio,
1112 601 1208 639 sex
1260 600 1435 645 annos
1478 595 1631 650 nato,

97 684 287 740 luet-ede
319 680 526 745 relicto,
560 678 777 732 vivendi
806 678 967 731 tinem
1006 677 1153 730 fecit.

153 773 430 829 ilichaelus
476 777 660 824 autem
721 766 1092 838 Palieologus,
1143 767 1236 836 qui
1304 765 1633 839 jamdudum

95 866 233 919 etiam
269 862 388 916 vivo
414 860 707 914 Theodoro
740 874 828 913 res
854 875 1023 912 novas
1055 860 1279 913 inclitus
1330 859 1528 922 fuerat,
1577 859 1634 913 in

96 972 143 1008 se
166 968 334 1006 rerum
368 966 578 1005 summa
600 951 895 1014 translata,
922 949 1193 1004 Joannem
1219 949 1392 1004 oculis
1417 948 1637 1018 spoliat.

99 1044 426 1113 ltecuperavit
455 1043 600 1096 idem
625 1041 1182 1110 Constantinopolim,
1214 1042 1303 1095 cui
1334 1051 1446 1094 tum
1475 1056 1640 1109 quar-

99 1144 171 1187 tus
207 1147 266 1187 ex
320 1131 568 1186 Flandris
621 1131 920 1199 imperator
962 1140 1252 1200 praeerat,
1333 1130 1639 1186 Balduinus

96 1223 364 1286 secundus,
402 1223 628 1277 lioberti
655 1225 767 1295 jam
801 1224 1004 1277 mortui
1042 1225 1230 1279 frater.
1289 1224 1479 1294 Itaque
1511 1240 1639 1279 rur-

96 1331 174 1368 sus
200 1314 402 1383 imperii
434 1314 608 1367 forma
643 1314 891 1382 quaedam
914 1330 1009 1383 per
1039 1314 1361 1369 Michaclum
1388 1327 1472 1370 est
1504 1331 1641 1370 con-

96 1407 280 1468 stituta,
316 1404 524 1458 Latinis
555 1420 785 1474 prorsus
819 1420 887 1459 ex
930 1405 1244 1460 Graecorum
1276 1407 1484 1462 ditione
1518 1410 1643 1477 pul-

95 1502 176 1562 sis,
196 1508 380 1566 praeter
418 1499 587 1553 exiles
622 1498 901 1568 reliquias,
939 1498 992 1552 in
1043 1498 1423 1568 Peloponneso
1460 1499 1643 1555 adhuc

84 1592 352 1645 haerentes.
389 1588 637 1660 Cumque
657 1605 767 1643 non
803 1598 978 1644 tutum
1002 1628 1016 1652 ,
1052 1605 1154 1644 nec
1180 1590 1297 1658 paci
1332 1604 1643 1644 accommm

96 1682 254 1734 datum
305 1695 420 1735 esse
457 1680 743 1735 videretur
785 1678 1073 1742 Miclmelo,
1133 1679 1349 1733 turbam
1382 1678 1673 1751 opificum.

1748 493 1885 547 Huic
1918 493 2228 548 concordia:
2260 494 2529 562 principio
2558 492 3314 563 Byzantiniadvt-rsabantur,

1743 585 1839 639 sed
1874 585 2146 653 paulatim
2193 585 2383 639 mitius
2412 601 2658 649 sensere,
2695 596 2884 654 postea
2918 600 3086 653 quam
3119 584 3316 639 Joanni

1736 676 1888 732 ‘Beco
1937 676 2356 747 Chartophylaci
2407 677 2638 730 fuissent
2706 677 2933 731 exhibiti
2992 676 3322 746 Blcmmyda:

1745 771 2039 840 Nicepliori
2093 771 2241 833 libri,
2290 770 2385 840 qui
2436 772 2504 824 de
2551 771 2747 825 iisdem
2799 772 3064 826 adversus
3091 772 3323 826 Latinos

1736 862 2136 916 controversiis
2181 863 2391 923 Joanne
2444 863 2588 916 Duca
2650 862 2961 931 imperante
3014 864 3319 931 consultus,

1748 952 1917 1005 multa
1936 953 2259 1022 scripserat.
2301 952 2412 1007 Hoc
2443 953 2608 1007 modo
2636 954 2867 1018 factum,
2895 966 2961 1008 ut
2984 955 3182 1018 Becus,
3217 958 3315 1025 qui

1752 1040 1956 1094 dudum
1988 1042 2253 1095 acerrime
2277 1040 2486 1096 Latinis
2508 1041 2928 1108 adversabatur,
2956 1052 3160 1097 mutata
3193 1060 3321 1097 sen-

1738 1131 1943 1195 tentia,
1969 1132 2258 1185 victoriam
2298 1131 2503 1186 faceret
2533 1132 2845 1202 ambiguam
2872 1172 2887 1197 ,
2926 1133 3325 1203 patriarchico-

1751 1236 1859 1291 que
1893 1222 2033 1277 solio
2063 1238 2390 1289 conscenso,
2414 1223 2479 1277 ad
2510 1222 2760 1278 intimam
2800 1224 3153 1294 imperatoris
3181 1226 3322 1279 ami-
3408 1249 3412 1253 -

1749 1314 1935 1368 citiam
1962 1314 2372 1369 admitteretur.

1818 1403 2047 1457 Mortuo
2087 1415 2267 1458 autem
2322 1404 2615 1469 ﬂichaelo,
2672 1404 3020 1459 Andronicus
3072 1405 3218 1460 ﬁlius
3272 1408 3326 1461 in

1750 1493 1986 1563 imperio
2016 1497 2322 1551 successit:
2370 1512 2478 1565 quo
2506 1507 2801 1566 regnante,
2832 1496 3136 1551 Turcornm
3172 1499 3329 1567 prin-

1738 1585 1923 1653 »cipes,
1973 1585 2282 1641 Carmanus
2328 1587 2635 1652 Alisurius,
2673 1586 3013 1650 Sarchanes,
3048 1589 3324 1656 Calames,

1752 1677 2010 1741 Cerasus,
2037 1677 2231 1732 Atman
2262 1678 2376 1748 (qui
2402 1687 2462 1734 et
2495 1682 2816 1747 OiOIIIaIHJS)
2856 1680 3178 1749 Amuriique
3205 1682 3322 1747 filii,

98 1782 142 1824 et
165 1781 543 1837 mercatorum,
569 1787 633 1825 ex
673 1770 896 1825 Venetis
921 1770 1238 1840 Pisanisque
1273 1779 1641 1836 constantem,
1675 1742 1720 1800 Β
1750 1769 2066 1838 provincias
2107 1770 2378 1825 Asiaticas
2432 1771 2637 1825 ϐωμία
2693 1772 3001 1841 ademptas,
3062 1774 3207 1826 inter
3263 1789 3324 1828 se

96 1880 196 1931 qua:
221 1862 381 1931 pulsis
427 1862 646 1918 Latinis
676 1876 1038 1927 remanserat,
1094 1863 1235 1916 intra
1296 1862 1484 1916 urbem
1535 1878 1642 1917 una

95 1970 198 2007 cum
241 1953 662 2018 Genuensibus,
725 1955 1006 2023 perpetuis
1057 1954 1301 2023 ipsorum
1366 1954 1642 2020 hostibus,

97 2048 307 2113 degere,
355 2044 603 2100 Calatam
652 2045 1057 2099 Genuensibus
1112 2045 1428 2115 assignavit,
1480 2060 1513 2099 e
1562 2060 1645 2099 re-

95 2133 232 2201 gione
264 2134 444 2199 sitam,
482 2134 746 2188 mercium
778 2134 1123 2189 immunitate
1162 2150 1446 2201 concessa,
1477 2150 1640 2204 quam

95 2237 231 2280 antea
259 2241 475 2297 quoque
510 2227 871 2295 promiserat,
938 2225 1073 2280 urbe
1118 2226 1357 2280 nondum
1408 2228 1639 2296 potitus,

96 2314 133 2366 si
159 2331 247 2383 per
287 2331 379 2369 eos
431 2316 489 2370 in
547 2317 633 2369 illa
671 2316 1042 2385 recuperanda
1080 2317 1395 2386 juvaretur.
1460 2316 1643 2371 Mitte-

86 2396 270 2459 bantur
304 2406 388 2461 his
437 2407 795 2477 magistratus
849 2406 1012 2460 domo
1058 2407 1228 2461 certis
1279 2409 1638 2477 temporibus,

95 2496 174 2563 qui
204 2498 299 2567 jus
345 2497 619 2560 dicerent,
672 2498 901 2567 suisque
948 2508 1266 2566 praaessent.
1324 2501 1402 2553 Ac
1449 2499 1639 2554 Veneti

82 2585 290 2654 quidem
321 2602 481 2641 suum
518 2586 864 2657 appellabant
898 2586 1139 2639 Balivum
1164 2590 1637 2656 sivecuratorem,

96 2676 252 2730 Pisoni
282 2679 585 2742 consulem,
618 2676 939 2732 Genuenses
962 2678 1327 2733 Potestatem.

154 2768 434 2824 Balduinus
482 2769 720 2825 Flander
752 2810 768 2836 ,
824 2770 1074 2839 periculo
1136 2770 1641 2839 Constantinopoli.

1740 1861 1928 1928 partiti
1959 1867 2108 1915 sunt.
2139 1860 2420 1915 Adversus
2454 1861 2555 1917 hos
2574 1862 2830 1923 arcessiti
2864 1873 3086 1917 suntex
3122 1863 3322 1933 Hispa-

1745 1953 1835 2008 nia
1884 1952 2128 2007 Catelani
2187 1952 2462 2008 Ronzerio
2519 1954 2696 2018 duce,
2755 1953 2969 2022 magnis
3026 1952 3357 2034 promissis_

1745 2045 2006 2113 praemiis,
2035 2044 2081 2098 si
2120 2044 2333 2100 Turcos
2357 2044 2726 2099 aCraecorum
2762 2047 2963 2101 finibus
2978 2058 3320 2121 avet-tergm.

1734 2133 1879 2188 Cum
1912 2144 2098 2204 autem
2124 2150 2193 2189 ore
2234 2146 2440 2190 contra
2469 2135 2679 2190 Turcos
2729 2137 2964 2192 feliciter
3010 2150 3181 2208 gesta,
3212 2155 3320 2193 non

1743 2237 2169 2282 nutriera‘rentur
2198 2230 2279 2283 eis
2305 2222 2603 2297 stipendia,
2635 2229 2702 2282 de
2724 2230 2928 2298 quibus
2951 2242 3320 2286 convenerat:

1743 2318 2027 2374 conversis
2050 2319 2102 2372 in
2132 2319 2282 2389 ipsos
2304 2320 2528 2375 Graecos
2557 2322 2749 2386 armis,
2768 2321 2935 2393 3M
2952 2323 3131 2377 Asiam
3152 2325 3324 2393 depo-

1741 2412 1936 2480 pulati,
1957 2412 2229 2465 rursusin
2256 2412 2527 2480 Europam
2547 2413 2902 2480 trajecerant.
2927 2414 3175 2483 Cumque
3194 2416 3345 2468 Cal-t

1743 2502 1935 2572 linpoli
1970 2513 2263 2572 occupata,
2288 2503 2632 2558 Benzerium
2665 2505 2897 2561 Caesaris
2926 2506 3138 2560 honore
3170 2508 3325 2575 prius

1740 2596 1808 2649 ab
1858 2596 2198 2664 imperatore
2242 2607 2518 2657 ornatum,
2580 2596 2648 2650 ad
2692 2599 3013 2665 posmlauda
3046 2598 3324 2667 stipendia

1740 2703 1836 2739 sua
1864 2686 2233 2751 Orestiadem,
2271 2688 2362 2740 ubi
2393 2688 2689 2743 Michaelus
2711 2689 3005 2745 Andronici
3036 2690 3185 2743 titius
3225 2690 3328 2743 im-

1737 2784 1959 2842 perator
1985 2775 2302 2843 designatus
2323 2777 2386 2830 id
2412 2777 2677 2845 temporis
2696 2758 2910 2846 agebat,
2940 2778 3319 2846 ablegassent:

84 2870 204 2915 atauo
228 2861 489 2917 liberatus
519 2871 575 2916 et
595 2862 833 2931 elapsus,
868 2860 1160 2915 inltaliam
1195 2877 1319 2915 cum
1350 2861 1640 2928 pervenis-
1732 2871 1889 2940 jussu
1916 2865 2173 2919 Michaeli
2202 2866 2510 2921 Romerius
2554 2867 2621 2920 ad
2674 2867 2853 2933 ipsam
2882 2868 3084 2934 regiam
3114 2867 3323 2923 Graecis

84 2962 195 3017 set,
231 2968 346 3007 cum
377 2968 505 3022 rege
537 2952 898 3021 Neapolitano
927 2952 1146 3017 Carolo,
1175 2951 1454 3005 Gallorum
1494 2952 1640 3021 regis

1740 2970 1773 3009 a
1814 2954 2080 3009 militibus
2128 2964 2215 3008 est
2258 2954 2648 3023 interemptus.
2680 2954 2795 3020 Qua
2850 2957 2996 3010 Caede
3048 2961 3321 3024 nuntiata,

94 3045 261 3110 fratre,
312 3045 402 3113 qui
449 3042 823 3098 Conradinum
874 3041 1114 3097 Saevum
1173 3043 1478 3113 legitimum
1521 3044 1639 3115 ejus
1669 3059 1714 3121 ρ
1744 3043 1987 3099 Catelani
2029 3058 2149 3097 sese
2198 3043 2346 3097 bello
2378 3059 2591 3112 parare,
2622 3044 2939 3099 (irascoan
2999 3045 3141 3098 bona
3188 3047 3325 3099 diri-

82 3134 340 3189 fluercdem
415 3136 569 3204 regni
638 3134 971 3199 trucidarat,
1036 3133 1356 3188 afﬁnitatem
1417 3134 1638 3203 junxit,

95 3227 218 3279 illius
263 3226 367 3280 tilia
401 3226 516 3280 lilio
553 3242 651 3280 suo
682 3226 976 3294 desponsa,
1009 3217 1237 3295 Sperans
1271 3225 1392 3295 ejus
1434 3225 1641 3294 opibus

89 3333 142 3370 se
158 3317 670 3385 Constantinopolim
701 3325 1174 3385 recuperaturum.
1234 3313 1337 3369 Sed
1370 3330 1435 3370 ea
1473 3316 1636 3385 cupi-

92 3409 213 3462 ditas
234 3420 389 3480 atque
421 3418 651 3463 conatus
675 3409 861 3461 irritus
887 3409 1110 3461 omnino
1148 3407 1269 3461 fuit.
1330 3407 1638 3478 lmperante

84 3500 389 3571 .Palaeologo,
421 3501 495 3555 25
519 3500 604 3556 die
625 3498 772 3565 Maii,
809 3500 934 3552 anni
966 3498 1125 3563 6775,
1155 3500 1258 3553 sub
1287 3499 1480 3553 horam
1509 3510 1640 3554 ante

95 3594 350 3649 meridiem
383 3596 625 3655 tertiam.
664 3595 795 3648 luna
825 3596 994 3648 solem
1046 3594 1379 3660 obscuravit,
1429 3594 1642 3663 fuitque

86 3694 191 3739 tota
219 3687 437 3756 eclipsis
465 3697 804 3757 punctorum
840 3685 955 3739 fere
993 3684 1077 3738 19..
1116 3684 1302 3739 Tantm
1330 3694 1511 3739 autem
1542 3684 1644 3739 sub

82 3779 197 3845 ejus
221 3778 459 3833 medium
492 3788 624 3831 ortm
654 3787 788 3836 sunt
829 3777 1092 3843 tenebrar,
1122 3785 1181 3829 ut
1234 3777 1420 3831 multae
1474 3776 1644 3832 stella:

92 3879 435 3936 apparerent:
490 3884 610 3938 quae
653 3867 915 3922 nimirum
961 3865 1223 3921 maximas
1270 3866 1645 3921 Romanorum

93 3957 427 4021 calamitates,
463 3975 495 4013 a
545 3958 740 4013 Turcis
789 3943 1162 4023 imminentes,
1214 3954 1661 4026 portendebant.

86 4047 386 4102 Secundum
424 4057 539 4103 haec
576 4050 886 4117 imperator
918 4046 1235 4100 Andronico
1286 4045 1397 4099 lilio
1429 4047 1643 4102 Annam

86 4137 405 4192 Pannoniam
445 4138 772 4208 despondet,
821 4138 1094 4205 simulque
1128 4137 1305 4206 ipsum
1338 4136 1645 4207 insignibus

84 4225 288 4296 imperii
316 4236 506 4291 ornat,
538 4210 673 4280 cum
711 4225 1061 4295 promisisset
1104 4224 1230 4278 dato
1258 4226 1640 4296 jurejurando,

84 4333 141 4371 se
177 4320 259 4387 pie
288 4328 677 4374 veneraturum
711 4316 1030 4382 Ecclesiam,
1072 4327 1127 4369 et
1148 4316 1434 4386 privilegia
1473 4316 1644 4386 ipsius

1742 3149 1901 3205 apere,
1942 3134 2231 3189 Thraciam
2268 3134 2577 3203 pervagari,
2604 3134 2928 3188 Michaelum
2964 3144 3153 3203 aperto
3186 3150 3323 3203 pra:-

1724 3226 1822 3301 lio
1855 3226 1922 3280 ad
1976 3225 2185 3294 Apr-um
2222 3223 2433 3293 (oppidi
2487 3224 2591 3277 hoc
2630 3225 2686 3279 in
2718 3224 2950 3278 Thracia
2980 3240 3177 3278 nomen
3214 3224 3321 3292 est)

1745 3326 2015 3383 sternere,
2047 3316 2276 3370 victoria
2316 3315 2436 3371 freti
2471 3315 2839 3369 Macedoniam
2877 3315 3177 3391 invadere,
3222 3329 3320 3369 su-

1745 3408 2059 3478 peratisque
2102 3408 2392 3464 utentibus
2434 3416 2497 3461 ret
2543 3407 2907 3473 convallibus,
2963 3422 3085 3476 quae
3114 3407 3323 3476 Tempe

1746 3512 2153 3569 nuncupantur,
2194 3501 2248 3555 in
2274 3500 2612 3556 Thessaliam
2649 3500 2881 3553 inruere.
2937 3498 3075 3553 Cum
3136 3508 3319 3552 autem

1748 3592 1978 3647 minime
2000 3592 2355 3647 lacessendos
2385 3590 2633 3645 Thessali
2660 3589 2950 3644 Catelanos
2989 3599 3319 3656 statuerent,

1746 3684 1889 3739 datis
1924 3684 2176 3754 pecuniis
2205 3694 2261 3739 et
2290 3685 2388 3739 viae
2418 3683 2655 3738 ducibus
2684 3681 3008 3753 impetrant,
3045 3694 3104 3736 ut
3130 3699 3319 3738 eorum

1746 3778 1949 3834 ﬁnibus
1983 3778 2365 3833 excederent.“
2682 3800 2684 3803 τ
2894 3770 2897 3772 ’

1814 3869 1984 3938 Igitur
2022 3869 2077 3923 in
2100 3866 2371 3922 Boeotiam
2415 3865 2604 3930 delati,
2632 3865 2702 3919 ab
2729 3864 3064 3921 Athenarum
3107 3865 3321 3920 Theba-

1747 3976 1978 4031 rumque
2011 3961 2152 4016 duce
2190 3960 2479 4015 transitum
2511 3973 2609 4028 per
2630 3959 2754 4027 ejus
2783 3957 2917 4012 fines
2946 3966 3196 4026 pacatum
3220 3974 3322 4027 pe-

1749 4061 1891 4108 tunt.
1920 4053 2017 4109 Ille
2046 4068 2169 4107 cum
2202 4052 2352 4105 fastu
2400 4061 2459 4106 et
2488 4049 2673 4105 derisu
2702 4048 2984 4103 Catelanis
3014 4064 3323 4118 eorumque

1748 4144 2040 4215 postulatis
2066 4144 2297 4215 Spretis,
2324 4158 2427 4212 per
2454 4152 2784 4197 autumnum
2820 4152 2874 4196 et
2908 4140 3145 4195 hiemem
3176 4142 3321 4196 vires

1749 4251 1877 4291 suas
1911 4235 1977 4291 ad
2006 4251 2101 4290 ver
2133 4250 2306 4304 usque
2351 4234 2583 4303 colligit.
2650 4233 2837 4302 Itaque
2873 4231 3122 4287 Catelani
3170 4232 3321 4286 veris

1750 4326 1905 4382 initio
1934 4342 2043 4381 non
2074 4326 2265 4396 procul
2292 4341 2326 4379 a
2355 4325 2591 4394 Cephise
2616 4325 2847 4379 ﬂumine
2871 4324 3068 4378 castris
3098 4324 3317 4394 positis,

92 4407 335 4464 inviolata
388 4417 883 4473 conservaturum,
935 4407 1078 4476 patri
1125 4412 1307 4460 autem
1361 4421 1644 4477 nunquam
1676 4394 1723 4450 Ῑ)
1751 4422 1965 4475 nouem
1998 4394 2446 4488 opperiebantur.
2496 4417 3127 4486 Eranteorumrequ'ues
3156 4415 3316 4479 3500,

92 4501 490 4556 insidiaturum.

152 4591 278 4646 Cum
314 4602 498 4648 autem
538 4590 772 4646 Carolus
803 4604 901 4643 rex
930 4588 1188 4658 Neapolis
1223 4602 1449 4657 magnos
1481 4600 1645 4655 appa-

92 4698 228 4739 ratus
268 4685 474 4739 faceret
519 4684 573 4737 in
604 4682 833 4753 gratiam
872 4678 1129 4733 Balduini
1166 4676 1407 4742 Flandri,
1442 4676 1646 4731 Palzeo-

91 4776 232 4846 logus
272 4775 577 4831 domestica
615 4774 668 4827 in
723 4774 877 4826 illum
917 4770 1060 4825 bella
1095 4770 1411 4834 commovit,
1449 4782 1644 4837 magna

92 4869 308 4936 pecunia
342 4868 614 4933 finitimis,
645 4865 832 4920 Siculo
880 4879 1007 4931 rege
1061 4854 1124 4916 ac
1154 4861 1397 4924 Venetis,
1430 4860 1499 4914 ad
1535 4859 1647 4913 bel-

93 4963 193 5016 lum
226 4964 299 5017 illi
334 4961 650 5016 faciendum
684 4959 997 5015 concitatis.
1033 4957 1305 5012 Prasterea
1336 4957 1541 5027 legatos
1576 4955 1644 5009 ad

93 5071 269 5123 papam
306 5055 499 5119 mittit,
549 5052 616 5107 de
649 5051 888 5106 ineunda
940 5051 1143 5105 veteris
1176 5058 1230 5104 et
1270 5065 1424 5103 nova:
1457 5049 1646 5102 Romae.

94 5144 446 5203 Ecclestarum
479 5146 801 5211 concordia,
837 5143 1001 5198 modo
1029 5143 1077 5197 is
1123 5142 1306 5197 Caroli
1336 5142 1644 5211 expeditio-

94 5255 206 5293 nem
246 5249 542 5294 averteret.
594 5237 661 5291 Et
688 5236 965 5306 legatione
990 5250 1020 5288 a
1055 5250 1192 5305 papa
1227 5233 1461 5303 benigne
1489 5232 1647 5288 audi-

96 5337 157 5393 ta,
187 5330 495 5385 concordia:
520 5330 761 5384 rationes
790 5328 939 5381 inita:
966 5338 1115 5387 sunt,
1156 5326 1312 5395 cujus
1346 5325 1461 5379 hazc
1491 5324 1646 5378 fuere

94 5422 290 5489 capita:
331 5421 684 5486 Primum,ut
734 5419 789 5473 in
842 5433 1122 5472 sacrorum
1168 5414 1509 5469 voluminum
1548 5415 1648 5486 hy-

92 5514 316 5567 mnodiis
364 5528 521 5583 papa:
587 5526 714 5567 cum
777 5520 1015 5580 quatuor
1058 5508 1386 5579 patriarchis
1442 5511 1646 5563 mentio

95 5601 258 5658 fieret.
298 5604 574 5668 Alterum,
606 5611 666 5657 ut
692 5602 885 5656 liceret
915 5601 1089 5655 cuivis
1124 5601 1352 5653 Ruinam
1380 5609 1644 5663 veterem,

95 5708 207 5753 qua:
252 5695 405 5751 curia
454 5695 625 5765 major
679 5703 742 5751 et,
785 5692 1080 5765 perfectior
1127 5700 1293 5762 esset,
1347 5690 1644 5762 appellare.

1746 4512 1996 4582 peditum
2022 4509 2185 4564 4000.
2208 4510 2359 4563 .Duni
2386 4508 2630 4563 hostium
2654 4512 2949 4563 adventum
2978 4517 3315 4577 exspectant,

1746 4618 1960 4658 omnem
1997 4601 2145 4655 illam
2183 4608 2385 4654 terram
2415 4608 2595 4661 arant,
2647 4598 2737 4651 ubi
2780 4612 3021 4667 pugnare
3063 4597 3320 4650 decreve-

1747 4701 1912 4761 rant;
1946 4691 2143 4748 deinde
2166 4689 2405 4745 obducto
2428 4689 2593 4751 vallo,
2613 4696 2672 4743 et
2692 4688 2843 4742 actis
2872 4687 3098 4741 nurnine
3131 4686 3323 4765 fossis,

1749 4792 1916 4839 totam
1947 4781 2229 4852 planitiem
2284 4781 2365 4837 sic
2417 4780 2670 4849 irrigant,
2716 4786 2777 4831 ut
2816 4784 3118 4846 stagnaret.
3178 4776 3320 4831 Vere

1748 4875 1931 4931 medio
1963 4874 2204 4945 regionis
2236 4872 2497 4943 princeps
2522 4886 2644 4925 cum
2673 4870 2887 4939 magnis
2911 4862 3085 4937 copiis
3100 4866 3317 4933 aderat,

1748 4971 1997 5036 equitum
2031 4966 2207 5031 6400,
2244 4964 2494 5035 peditum
2530 4962 2766 5031 amplius
2800 4959 2939 5015 8000
2969 4961 3197 5013 ducens.
3253 4957 3321 5013 Et

1722 5070 1865 5114 erat
1897 5058 2070 5128 ipsius
2100 5057 2287 5126 opinio
2314 5055 2733 5125 arrogantiaque
2763 5054 2923 5123 longe
2954 5054 3149 5122 major.
3182 5051 3322 5121 Spe-

1748 5153 1906 5206 rabat
1933 5151 2102 5215 enim,
2152 5163 2214 5203 se
2239 5147 2517 5204 Catelanis
2552 5148 2737 5213 victis,
2775 5147 2962 5201 omnia
2991 5145 3318 5217 Byzantium

1749 5258 1922 5311 usque
1973 5256 2127 5296 suam
2174 5240 2230 5295 in
2261 5247 2590 5309 potestatem
2633 5239 3013 5293 redacturum.
3069 5238 3318 5305 Cumque

1748 5332 2035 5401 planitiem
2078 5332 2229 5386 inter
2256 5346 2385 5387 suos
2416 5340 2470 5385 et
2502 5332 2687 5387 hostes
2712 5331 3091 5400 interjectam,
3135 5327 3318 5379 multo

1748 5423 1994 5494 gramine
2024 5424 2289 5479 virentem
2338 5424 2739 5493 conspexisset,
2793 5422 2934 5476 nihil
2972 5433 3161 5475 eorum
3190 5432 3316 5485 quae

1748 5522 1868 5566 acta
1906 5521 2082 5575 erant,
2116 5515 2439 5587 suspicatus,
2495 5529 2618 5567 eum
2645 5511 2925 5582 equitibus
2968 5508 3025 5562 in
3062 5521 3159 5561 eos
3201 5506 3315 5559 fer-

1751 5613 1859 5669 tur,
1884 5615 2036 5658 extra
2058 5620 2308 5675 campum
2341 5606 2393 5659 in
2421 5605 2701 5674 procinctu
2728 5611 2958 5657 stantes.
3000 5598 3104 5653 Sed
3129 5598 3319 5666 prius-

1752 5711 1918 5762 quam
1971 5698 2136 5753 Attici
2198 5696 2430 5754 mcdiam
2477 5696 2543 5752 ad
2597 5694 2885 5767 planitiem
2937 5688 3315 5762 pervenirent,
