3798 6230
445 301 550 364 639

1497 298 1918 361 MICI-IAELI’S
1963 297 2218 358 GLYCAZ
2260 295 2658 356 ANNALIUM

3559 295 3630 359 ﬁll

449 414 577 482 equi
624 413 788 466 veluti
848 411 1082 465 vinculis
1129 408 1398 478 impediti,
1437 409 1737 464 madefacta
1776 419 1920 464 terra
1958 408 2025 462 ad
2059 419 2102 474 Α
2131 409 2296 471 filius,
2331 408 2421 476 qui
2459 407 2651 477 legatis
2685 404 2750 458 ad
2799 404 3115 458 Amuratem
3167 402 3372 468 missis,
3405 419 3562 472 pacem
3587 422 3632 461 ac

453 519 697 572 gressum
727 502 1083 556 audaciorem
1115 500 1443 557 subsidente
1466 539 1482 566 ,
1515 501 1716 569 partim
1755 515 1865 554 una
1903 514 2026 553 cum

452 597 730 664 equitibus
780 595 833 647 iu
884 595 1002 648 luto
1034 595 1394 667 volutantur,
1440 597 1640 663 partim
1676 594 1742 658 iis
1782 591 2030 647 excussis

454 696 660 738 temere
694 685 745 737 in
781 699 974 752 campo
1010 685 1286 746 feruntur,
1322 685 1520 753 partim
1548 684 1782 752 pedibus
1817 682 2030 736 demer-

453 776 528 827 sis
552 774 743 829 ordine
778 777 1050 831 astabant.
1085 775 1298 840 Quibus
1323 774 1738 829 rebusanimati
1761 773 2026 835 Catelani,

453 867 578 920 telis
610 867 794 921 hostes
829 867 1235 922 circumventos
1289 866 1669 921 internecione
1719 865 1922 928 delent,
1975 870 2031 916 et

454 973 582 1009 cum
614 959 861 1026 equitatu
891 955 1165 1029 fugientes
1197 959 1415 1012 Thebas
1463 973 1528 1011 ac
1569 957 1809 1010 Athenas
1848 969 2024 1023 usque

460 1051 756 1114 persecuti,
797 1051 964 1103 urbes
1018 1052 1165 1119 ipsas
1201 1066 1325 1102 cum
1359 1049 1556 1118 opibus
1585 1089 1598 1113 ,
1645 1046 1912 1102 uxoribus
1977 1052 2032 1100 et

456 1137 645 1191 liberis
686 1139 928 1192 hostium
964 1156 1027 1193 ex
1063 1140 1364 1208 improviso
1393 1139 1642 1208 capiunt.

526 1225 808 1279 Cmterum
843 1238 1064 1280 mortuo
1092 1229 1202 1280 lilio
1234 1227 1521 1290 Michaelo,
1554 1224 1903 1280 Andronicus
1932 1238 2031 1278 ne-

457 1326 640 1384 potem
677 1333 742 1370 ex
776 1335 841 1371 eo
873 1334 1072 1381 suum,
1107 1319 1484 1373 Andronicum
1518 1319 1794 1388 juniorem
1821 1356 1836 1381 ,
1869 1317 2031 1387 longe

457 1409 563 1461 sibi
606 1409 1012 1473 charissimum,
1044 1411 1434 1478 imperatorem
1461 1409 1788 1480 designavit.
1825 1407 1872 1463 Is
1903 1423 2033 1462 vero

458 1498 775 1552 dominandi
826 1499 1054 1554 libidine
1090 1500 1310 1564 ductus,
1370 1516 1531 1555 avum
1579 1502 1742 1569 longo
1785 1509 2033 1567 tempore

458 1591 622 1643 variis
650 1593 909 1646 mrumnis
940 1608 1343 1648 exercere‘non
1377 1591 1575 1658 desiit,
1608 1592 1784 1647 donec
1813 1593 1865 1646 ei
1901 1601 2030 1644 tan-

461 1683 582 1736 dem
609 1677 904 1752 imperium
935 1692 1311 1752 extorqueret.
1367 1683 1487 1749 Quo
1533 1683 1698 1750 facto,
1757 1681 2036 1737 custodie-

441 1776 622 1852 Jiatur
656 1777 714 1828 in
751 1775 954 1844 palatio
985 1777 1169 1828 senior
1199 1775 1570 1840 Andronicus,
1603 1790 1824 1854 praeque
1876 1774 2032 1828 senio

459 1866 851 1931 perpetuisque
904 1861 1175 1918 molestiis
1230 1873 1285 1918 et
1329 1864 1581 1933 lacrytni's
1634 1865 1832 1919 amisso
1888 1864 2032 1927 visu,

464 1953 831 2019 quorumdam
863 1953 1169 2006 aulicorum
1204 1955 1527 2024 intemperia
1559 1965 1899 2025 postremum
1935 1957 2036 2010 ha-

461 2040 580 2094 bitu
599 2044 906 2095 monastico
939 2043 1207 2107 induitur,
1245 2056 1566 2114 mutatoque
1597 2046 1841 2108 nomine,
1882 2047 2037 2099 dein-

463 2149 600 2201 ceps
661 2135 882 2188 Antonii
942 2135 1361 2204 appellationem
1406 2139 1623 2206 accipit.
1681 2136 2037 2204 Posteaquam

419 2241 428 2250 '
464 2223 533 2276 ad
583 2237 641 2276 se
681 2225 1053 2278 transtulisset
1105 2226 1392 2294 imperium
1429 2227 1779 2280 Andronicus
1827 2226 2036 2295 junior,

463 2314 763 2378 intellecto,
816 2313 1050 2368 Nicaeam
1079 2315 1148 2369 ab
1191 2316 1444 2371 Orchane
1497 2318 1701 2383 Turco,
1764 2317 2040 2388 Bithynia:

465 2403 744 2471 principe,
781 2403 1049 2467 obsideri,
1101 2403 1348 2472 trajectis
1381 2406 1436 2459 in
1469 2405 1654 2460 Asiam
1695 2407 1889 2476 copiis,
1945 2406 2043 2460 ho-

465 2503 605 2548 stem
653 2492 899 2558 adortus,
931 2494 1127 2563 insigni
1171 2495 1327 2550 clade
1369 2497 1618 2561 allicitur,
1657 2499 1888 2550 maxima
1914 2513 2044 2552 suo-

465 2599 610 2636 rum.
639 2593 790 2652 parte
837 2585 1058 2640 amissa.
1142 2586 1348 2641 Eodem
1371 2576 1685 2643 Andronico
1712 2589 2042 2659 imperante,

467 2668 783 2723 Serviorum
814 2685 1034 2748 quoque
1069 2673 1217 2728 natio
1264 2673 1481 2730 Cralem
1523 2677 1652 2747 (hoc
1701 2663 1812 2743 est:
1838 2678 2042 2749 regem)

467 2772 650 2821 suum,
681 2761 774 2827 qui
811 2760 1117 2815 diutissime
1150 2773 1420 2831 regnarat,
1469 2764 1537 2817 ab
1568 2764 2044 2822 administratione

427 2925 429 2928 p
469 2859 732 2903 removet.
789 2850 1000 2906 Deinde
1034 2851 1146 2906 ﬁlio
1178 2852 1316 2920 patri
1365 2854 1693 2920 substituto,
1752 2871 1941 2910 senem
1987 2857 2044 2910 in

468 2955 687 2996 carcere
723 2942 990 3008 suti‘ocat;
1041 2945 1215 3000 invito
1257 2945 1506 3017 fortassis
1548 2947 1662 3014 illo,
1715 2948 1812 3004 sed
1862 2958 2046 3003 tamen

469 3032 802 3096 connivente
827 3049 892 3088 ac
923 3046 1158 3099 tacente.
1857 3050 1864 3052 “

541 3125 739 3178 Se'nior
760 3135 940 3181 autem
967 3127 1338 3194 Andronicus,
1376 3145 1520 3186 anno
1567 3131 1746 3186 aetatis
1773 3132 1866 3199 74,
1896 3147 2046 3187 mor-

468 3223 596 3268 tuus
632 3225 717 3270 est
737 3259 751 3282 ,
777 3218 872 3286 qui
897 3217 968 3272 ab
998 3218 1155 3272 initio
1178 3219 1394 3290 imperii
1421 3222 1539 3291 ejus
1563 3222 2046 3292 quinquagesimus

467 3314 606 3360 erat.
655 3307 853 3362 Junior
881 3324 1056 3362 annos
1083 3311 1152 3364 45
1186 3311 1419 3366 vivendo
1452 3327 1561 3367 non
1583 3313 1848 3382 explevit,
1898 3329 2047 3367 mor-

471 3403 601 3449 tuus
629 3412 775 3450 anno
821 3407 943 3466 post
983 3410 1308 3468 occupatam
1375 3402 1941 3473 Constantinopolim,
1991 3413 2048 3459 et

469 3496 723 3555 ereptum
749 3502 853 3541 avo
879 3489 1169 3559 imperium
1206 3492 1491 3548 vicesimo.
1545 3495 1682 3549 Cum
1711 3505 1894 3552 autem
1925 3513 2046 3552 mo-

471 3586 710 3642 reretur,
747 3578 968 3647 reliquit
999 3579 1266 3636 Joannem
1314 3585 1483 3638 filium
1509 3598 1699 3640 natum
1731 3603 1905 3643 annos
1940 3588 2045 3656 42;

472 3677 824 3738 tutoremque
846 3671 1144 3739 assignavit
1160 3675 1210 3728 ei
1229 3673 1694 3742 Cantacuzcnum,
1710 3680 1885 3732 virum
1912 3694 2050 3749 opu-

473 3755 716 3820 lentum,
751 3767 809 3813 et
843 3775 1035 3831 magna
1070 3765 1317 3831 potentia
1350 3766 1643 3821 subnixum
1665 3808 1679 3834 ,
1720 3777 1783 3822 ut
1813 3785 2049 3839 puerum

475 3858 766 3918 tutaretur,
806 3861 862 3906 et
889 3865 1111 3909 curaret
1136 3857 1202 3910 ad
1249 3872 1367 3910 eam
1419 3870 1872 3934 nsquepaetatem,
1927 3878 2049 3932 qua:

473 3955 642 4009 regno
671 3942 1030 4022 gubernando
1060 3945 1258 4001 idonea
1281 3947 1442 4002 foret.
1474 3951 1578 4006 Ubi
1607 3939 1741 4006 vero
1771 3953 2052 4008 Androni-

409 4109 415 4115 .
473 4047 570 4085 cus
597 4035 925 4088 excessisset
955 4051 986 4088 e
1009 4037 1172 4104 vivis,
1199 4054 1306 4093 non
1332 4042 1509 4096 multo
1549 4050 1693 4112 post,
1724 4047 2050 4115 urgentibus

472 4134 530 4176 et
576 4127 984 4191 postulantibus
1033 4127 1262 4194 Graecis,
1293 4130 1709 4191 Cantacuzenus
1774 4149 1922 4194 tutor
1979 4139 2049 4194 ad

475 4227 702 4281 regnum
755 4216 984 4272 allectus
1031 4227 1138 4282 est,
1188 4236 1363 4290 puero
1421 4233 1601 4279 tamen
1652 4228 1800 4284 nulla
1848 4231 2050 4302 injuria

474 4303 693 4356 affecto.
750 4303 998 4376 Cumque
1031 4309 1138 4364 sibi
1177 4311 1393 4368 affinem
1436 4313 1590 4372 illum
1632 4318 2072 4378 Cantacuzenus'

476 4394 718 4460 fecisset,
753 4406 812 4450 ut
840 4397 1115 4455 imbellem
1139 4409 1485 4476 contemptui
1511 4409 1726 4476 habuit,
1752 4427 1903 4481 spem
1931 4428 2050 4466 om-

475 4499 602 4538 nem
636 4485 690 4539 in
717 4484 921 4542 Graecis
963 4500 1227 4558 quantum
1289 4496 1358 4550 ad
1420 4513 1649 4568 regnum
1700 4503 2049 4558 retinendum

477 4577 767 4642 attinebat,
820 4595 1053 4648 ponens.
1130 4584 1401 4657 Deinceps
1445 4600 1652 4660 autem,
1707 4609 1832 4648 cum
1882 4612 2050 4666 regno

477 4669 745 4808 [pupillum
775 4673 1086 4740 spoliasset,
1116 4675 1469 4749 Orchanique
1501 4683 1666 4738 filiam
1697 4703 1923 4742 uxorem
1954 4691 2049 4744 de-

479 4777 497 4808 t
519 4770 679 4808 isset:
713 4777 836 4808 eum
869 4772 922 4808 et
955 4767 1348 4808 mninieeimnm
1383 4783 1433 4808 nl
1482 4774 2046 4808 fa..1:l:n.:.p:........:..

479 4758 679 4811 disset:
713 4777 836 4814 eum
869 4772 923 4818 et
955 4767 1348 4825 amicissimum
1383 4783 1438 4826 et
1480 4774 1972 4834 familiarissimum
1994 4782 2050 4836 in

480 4858 759 4915 posterum
789 4864 1048 4921 expertus
1080 4867 1182 4912 est.
1222 4859 1484 4928 Orchani,
1523 4867 1617 4934 qui
1646 4867 1717 4920 22
1760 4886 1933 4926 annos
1965 4888 2053 4927 re-

483 4951 764 5008 gnaverat,
824 4943 1168 5003 Suleimanus
1223 4953 1367 5007 filius
1419 4970 1540 5010 cum
1595 4957 1856 5016 Amurate
1885 4962 2053 5018 fratre

482 5033 782 5092 successit:
837 5037 1071 5104 quorum
1115 5042 1206 5096 ille
1233 5059 1358 5098 mox
1390 5057 1576 5103 contra
1610 5051 2048 5110 Cantacuzenum

481 5136 632 5215 arma
663 5125 856 5178 movit.
912 5127 1113 5183 Verum
1146 5147 1254 5186 non
1287 5137 1460 5191 multo
1494 5151 1618 5207 post
1657 5143 1916 5213 utrinque
1949 5161 2053 5215 pax
2077 5161 2089 5165 ’

480 5213 622 5267 facta
669 5224 774 5278 est,
823 5225 880 5270 et
926 5218 1103 5274 fiedus
1154 5223 1372 5291 initum,
1424 5241 1485 5283 ut
1525 5234 1833 5304 conjunctis
1879 5213 2052 5308 copiis

481 5306 686 5399 bellum
735 5307 984 5378 Bulgaria
1017 5311 1338 5370 inferretur.
1389 5319 1542 5384 Quod
1577 5339 1700 5379 cum
1733 5306 2050 5399 aliquandiu

483 5396 831 5452 Suleimanus
879 5403 1155 5469 gessisset,
1208 5421 1312 5462 nec
1343 5412 1559 5480 oppidis
1587 5419 1752 5472 etiam
1783 5396 2050 5490 Thraciae,

483 5504 604 5583 qum
635 5490 946 5549 Gratcorum
977 5498 1123 5568 juris
1150 5510 1329 5566 erant,
1366 5504 1742 5577 abstinuisset,
1776 5526 2048 5583 mortuus,

485 5579 754 5636 hmredem
803 5589 951 5654 regni
987 5590 1226 5660 bellique
1278 5593 1500 5650 fratrem
1531 5598 1846 5660 Amuratem
1885 5579 2054 5664 relin;

483 5671 619 5738 quit.
677 5675 907 5742 PrteCrat
936 5691 1058 5737 'tum
1113 5685 1356 5754 Bulgaria
1403 5690 1708 5751 Susmanus
1751 5699 2052 5758 Alexandri

1918 5899 1937 5923 ο

2130 497 2316 550 findus
2366 495 2700 563 impetravit,
2765 493 2890 547 data
2937 493 2988 546 ei
3027 494 3135 546 filia
3171 493 3226 546 in
3279 494 3632 563 matrimonium,

2131 602 2292 655 quam
2320 587 2614 640 excellenti
2649 585 2824 639 forma
2861 583 3144 652 prteditam
3181 583 3426 636 habebat.

2201 677 2470 732 Cmterum
2508 675 2752 730 Joannes
2784 676 3120 744 Palatologus
3149 674 3433 729 Andronici
3457 659 3637 751 junioris

2133 769 2280 823 filius
2321 768 2414 823 ubi
2447 767 2802 829 adolevisset,
2834 766 3068 834 imperio
3105 778 3450 833 recuperato,
3487 766 3638 820 Canta-

2132 877 2403 915 cuzenum
2453 859 2684 927 expulit,
2736 858 3040 912 monastica
3093 867 3244 911 veste
3285 857 3468 919 induit,
3508 867 3639 911 muta-

2090 960 2300 1020 -toque
2348 949 2573 1003 nomine
2622 929 2940 1001 Matthacu'm
2985 947 3246 1014 appellari
3298 947 3464 1016 jussit.
3515 947 3641 1003 Erant

2131 1043 2513 1097 Cantacuzcno
2544 1040 2636 1092 filii
2669 1038 2799 1103 duo,
2837 1054 3071 1108 quorum
3101 1049 3230 1091 natu
3264 1041 3506 1108 majorem
3529 1050 3640 1108 pater

2133 1132 2366 1202 imperio
2401 1131 2740 1195 destinabat,
2792 1131 3066 1184 minorem
3101 1129 3410 1184 Manuelum
3437 1130 3640 1185 Mizithrr

2134 1225 2248 1279 sive
2279 1223 2488 1292 Sparta:
2517 1224 2714 1277 ducem
2775 1223 2926 1277 fecit.
2983 1222 3154 1291 Major
3179 1231 3331 1290 patre
3373 1238 3400 1274 a
3429 1223 3632 1289 gubema-

2134 1317 2273 1370 culis
2303 1317 2591 1380 submoto,
2627 1331 2728 1368 ceu
2771 1315 3029 1378 diximus,
3062 1314 3130 1366 ad
3154 1314 3333 1367 Rhodi
3381 1314 3629 1383 principem

2134 1423 2296 1477 quem
2332 1406 2491 1476 3&5
2529 1422 2781 1476 magnum
2835 1405 3156 1474 magistrum
3186 1415 3404 1469 vocant,
3435 1405 3632 1475 profugiti

2145 1499 2242 1553 ubi
2272 1514 2395 1553 cum
2426 1499 2629 1552 frustra
2658 1515 2714 1552 se
2748 1499 3219 1567 recuperationem
3244 1498 3455 1567 imperii
3475 1513 3637 1566 sperari

2135 1599 2409 1653 cerneret,
2460 1591 2526 1644 ad
2561 1591 2782 1644 fratrem
2825 1591 2879 1643 in
2925 1590 3363 1659 Peloponnesum
3411 1589 3631 1658 proiectus

2137 1672 2430 1755 deinceps.
2453 1688 2701 1755 privatus
2730 1686 2884 1741 vixit.
2915 1686 3140 1740 Joannis
3167 1685 3444 1754 Palmologi
3476 1686 3632 1753 impera

2067 1753 2106 1809 Β
2139 1779 2270 1833 Loris
2297 1779 2406 1832 tilio
2441 1778 2756 1832 Andronico
2801 1778 3054 1832 Susmani
3100 1778 3212 1831 filia
3244 1792 3385 1832 uxor
3413 1778 3522 1831 data
3573 1788 3632 1832 est

2138 1873 2292 1940 cujus
2320 1885 2564 1940 sororem
2593 1869 2830 1923 habebat
2854 1871 3159 1924 Amurates.
3193 1869 3483 1924 Andronici
3502 1869 3642 1924 fratre

2137 1971 2298 2015 erant
2353 1959 2686 2026 Demetrius,
2743 1961 3053 2026 Alanuclus,
3111 1969 3167 2016 et
3208 1961 3540 2022 Theodorus,
3585 1976 3643 2029 qu'

2137 2052 2420 2108 Amuratis
2471 2062 2650 2108 castra
2683 2055 3040 2122 sequebatur.
3099 2052 3236 2108 Cum
3270 2063 3452 2108 autem
3483 2055 3530 2107 in
3561 2055 3645 2107 Asia

2140 2161 2238 2215 per
2291 2147 2594 2201 absentiam
2616 2146 2893 2200 Amuratis
2923 2154 3068 2200 meta
3099 2147 3294 2200 fuisset
3317 2145 3523 2209 seditio,
3549 2146 3640 2214 ejus

2141 2252 2248 2307 que
2301 2239 2718 2307 compescenda
2763 2253 2927 2292 causa
2976 2239 3163 2308 copias
3217 2237 3353 2292 illuc
3393 2239 3647 2307 lrajecissel,

2141 2339 2360 2396 sumpto
2388 2344 2573 2384 secum
2601 2329 2810 2384 Joanne
2836 2330 3202 2398 imperatore:
3233 2329 3513 2398 utriusque
3533 2329 3654 2388 illius,

2143 2418 2351 2474 Sauzes
2379 2428 2438 2474 et
2469 2419 2842 2485 Andronicus,
2872 2421 3297 2475 communicatis
3327 2419 3553 2474 consiliis
3577 2419 3647 2472 eriv

2146 2525 2278 2578 pere
2325 2511 2645 2578 parentibus
2691 2510 2988 2581 imperium
3025 2513 3409 2566 decreverunt;
3465 2510 3649 2577 Quaer

2145 2609 2267 2670 pter
2296 2602 2350 2655 in
2387 2601 2661 2670 Europam
2697 2601 2774 2656 illi
2825 2605 3050 2666 reversi,
3106 2604 3250 2658 filios
3300 2603 3357 2655 in
3389 2609 3650 2670 potestatem

2145 2692 2400 2756 redactos
2441 2703 2804 2760 excaecatum,
2833 2695 3042 2749 Joanne
3067 2694 3337 2748 fervidum
3367 2705 3556 2748 acetum
3577 2693 3652 2745 stt'n

2146 2783 2320 2837 oculis
2355 2782 2702 2839 infundente.

2217 2872 2529 2927 Secundum
2574 2875 2688 2928 haec
2725 2876 2945 2930 territus
2979 2876 3218 2931 Joannes
3250 2874 3542 2930 Turcorum
3569 2887 3647 2928 suc-

2147 2964 2415 3029 cessibus,
2451 2965 2778 3019 auxiliorum
2824 2967 3288 3037 impetrandorum
3323 2983 3483 3022 causa
3527 2966 3655 3036 prole-

2148 3055 2325 3109 fectus
2373 3064 2458 3110 est
2497 3056 2786 3110 Venetias:
2816 3056 2907 3110 ubi
2956 3072 3080 3111 cum
3133 3058 3273 3121 nihil
3320 3056 3583 3121 effecisset,
3618 3057 3655 3108 in

2147 3148 2373 3204 Galliam
2426 3159 2482 3203 et
2517 3149 2762 3219 Angliam
2802 3151 2958 3216 abiit,
3006 3166 3101 3220 spe
3126 3152 3318 3206 itidem
3355 3153 3519 3215 irrita,
3557 3148 3658 3218 quod

2147 3241 2374 3295 Carolus
2401 3252 2584 3296 sextus
2614 3256 2710 3295 rex
2741 3243 3068 3298 tumultibus
3093 3259 3320 3298 suorum
3342 3244 3659 3298 distineretur.

2147 3331 2333 3401 Itaque
2385 3347 2664 3388 reversum
2713 3335 2970 3390 Venetias
2998 3375 3014 3400 ,
3063 3335 3342 3390 dimittere
3393 3342 3662 3389 mercatores

2154 3424 2340 3480 Veneti
2390 3441 2489 3496 per
2540 3442 2808 3482 summam
2861 3429 3211 3483 insolentiam
3266 3429 3565 3490 noluerunt,
3589 3425 3660 3479 nisi

2149 3515 2435 3584 pecuniam
2478 3517 2741 3570 creditam
2791 3518 2938 3573 ituro
2985 3519 3052 3572 ad
3093 3518 3284 3573 Gallice
3329 3534 3544 3589 regem,
3588 3529 3661 3568 una

2149 3622 2270 3662 cum
2303 3609 2484 3663 usuris
2505 3609 2858 3665 resrituisset.
2889 3610 3001 3665 llac
3022 3611 3088 3665 de
3111 3625 3274 3665 causa
3302 3627 3429 3665 cum
3451 3609 3512 3663 ad
3540 3607 3662 3661 ﬁlium

2149 3698 2541 3763 Andronicum,
2577 3715 2739 3770 quem
2771 3700 3242 3772 Constantinolioli
3287 3718 3390 3772 per
3419 3703 3662 3765 absentiam

2149 3806 2302 3846 suam
2333 3791 2674 3862 praefecerat,
2701 3807 2831 3848 suos
2869 3791 3187 3862 ablegasset,
3228 3807 3331 3848 nec
3374 3795 3441 3848 ab
3470 3809 3530 3848 eo
3551 3789 3664 3858 quid-

2149 3897 2310 3951 quam
2340 3890 2669 3952 extorquere
2712 3892 2896 3952 posset
2921 3900 2945 3936 ιε
2981 3883 3224 3940 Venetiis
3267 3885 3474 3942 haerere
3505 3881 3665 3938 diutius

2150 3984 2374 4029 coactus
2403 3973 2616 4041 fuisset,
2646 3975 2700 4030 ni
2733 3975 3018 4032 Manuelus
3049 3977 3186 4030 alter
3214 3978 3386 4044 ﬁlius,
3425 3977 3512 4046 qui
3539 3976 3667 4030 Thes-

2150 4065 2448 4120 salonicam
2484 4066 2926 4134 administrabat,
2963 4083 2994 4123 e
3029 4084 3123 4123 sua
3157 4071 3484 4138 praefectura
3510 4065 3668 4124 coactis

2150 4158 2413 4224 nummis,
2443 4157 2700 4214 Venetias
2732 4160 2797 4216 ad
2821 4169 3032 4231 patrem
3055 4163 3318 4228 venisset,
3338 4160 3668 4231 eumquelibc—

2152 4260 2346 4306 rasset.
2380 4251 2497 4318 Quo
2525 4251 2744 4321 quidem
2777 4253 2866 4307 ille
2893 4253 3035 4308 facto
3057 4264 3263 4323 patrem
3287 4256 3576 4310 arctissime
3593 4251 3669 4306 sibi

2153 4340 2416 4407 devinxit,
2471 4341 2787 4398 Andronico
2832 4343 3089 4415 deinceps
3133 4347 3454 4416 graviSsime
3492 4360 3670 4402 succcn-

2081 4427 2123 4481 D
2152 4441 2384 4486 sentem.

2222 4522 2514 4577 Amurates
2544 4523 2692 4579 illato
2713 4525 2994 4594 Triballis,
3029 4542 3332 4598 eorumque
3354 4528 3589 4599 principi,
3607 4524 3670 4579 cui

2153 4612 2362 4666 Lazaro
2393 4629 2592 4668 nomen
2631 4626 2770 4681 erat,
2809 4618 2976 4685 bello,
3035 4623 3234 4688 praeter
3258 4599 3671 4690 exspeciatiouem

2153 4700 2256 4754 hoc
2287 4703 2567 4778 modo‘est
2600 4705 2986 4776 interemptus.
3022 4707 3250 4762 Stabant
3276 4710 3539 4778 utrimque
3565 4707 3671 4760 acies

2287 4751 2443 4756 ω---
2487 4751 2566 4758 η-
2601 4751 2986 4776 -,------..,,---.
3022 4751 3250 4762 .,-.........
3277 4751 3538 4778 .........,..-
3565 4751 3669 4760 π.--

2153 4793 2211 4845 in
2239 4751 2785 4866 procincgujamjam
2817 4810 3156 4854 consertum:
3184 4816 3399 4865 manus,
3426 4815 3540 4856 cum
3560 4797 3673 4852 liuo-

2156 4895 2248 4934 sus
2267 4883 2486 4950 quidam
2507 4883 2894 4949 Cabilovicius,
2921 4886 3110 4942 Lazari
3143 4890 3320 4954 miles,
3347 4907 3405 4942 re
3431 4907 3543 4945 cum
3564 4889 3674 4957 priu-

2156 4973 2275 5042 cipe
2305 4989 2405 5028 suo
2429 4975 2851 5042 communicata,
2880 4977 3031 5032 velut
3069 4981 3347 5051 transfuga
3385 4997 3443 5035 se
3464 4983 3524 5035 ad
3550 4983 3673 5032 Amu-

2156 5071 2330 5117 ratem
2363 5063 2601 5120 confert.
2643 5068 2929 5129 Admissus
2954 5070 3009 5124 in
3044 5082 3394 5141 conspectum
3422 5071 3669 5133 Amuratis,

2155 5153 2364 5210 facinus
2387 5157 2546 5227 longe
2564 5160 2993 5229 pulcherrimum
3011 5165 3346 5232 aggreditur.
3372 5166 3502 5219 Nam
3523 5180 3578 5219 eo
3595 5163 3674 5215 for-

2157 5247 2286 5302 titer
2321 5249 2652 5320 interfecto,
2688 5270 2810 5309 cum
2848 5255 3082 5311 evadere
3104 5257 3171 5312 ad
3211 5273 3341 5314 suos
3367 5275 3472 5314 non
3503 5264 3671 5328 possm

2156 5340 2404 5398 animose
2443 5353 2692 5415 pugnans
2734 5348 3012 5403 occubuit.
3071 5349 3148 5402 lla
3204 5352 3364 5419 periit
3411 5352 3671 5410 Amoratcs,

2156 5448 2280 5487 cum
2314 5450 2486 5490 annos
2515 5437 2579 5492 57
2611 5454 2777 5508 regno
2803 5440 3127 5508 praefuisset,
3161 5456 3226 5495 ac
3263 5441 3404 5498 bella
3430 5445 3494 5497 57
3519 5454 3605 5496 tam
3630 5440 3668 5490 in

2154 5523 2302 5589 Asia,
2333 5542 2493 5593 quam
2517 5528 2757 5598 Europa,
2782 5525 3099 5588 felicissime
3127 5535 3400 5603 gessisset.
3433 5535 3673 5591 Successo-

2157 5631 2267 5670 rcm
2302 5618 2609 5688 Bajazetum
2646 5622 2819 5676 filium
2854 5624 3066 5679 habuit.

2225 5708 2306 5762 Ad
2336 5725 2459 5763 cum
2487 5727 2544 5766 sc
2577 5715 2807 5770 contulit
2837 5714 3184 5776 Andronicus
3209 5721 3432 5778 Joannis
3463 5720 3588 5776 filius
3606 5712 3667 5771 cui
