3798 6230
212 408 306 474 διι

1543 406 2082 468 CONTINUATIO.

3307 402 3447 468 ,(42

211 523 416 576 fervens
461 524 674 573 acetum
703 516 760 573 in
816 518 1006 576 oculos
1056 518 1295 575 infusum
1331 518 1498 574 fuisse
1530 519 1770 575 diximus
1801 531 1848 579 Α
1875 518 2026 588 quod
2053 518 2276 589 quidem
2317 519 2577 590 deinceps
2608 521 2812 577 factum
2846 527 2950 575 est.
2979 515 3119 575 Cum
3151 518 3255 574 hoc
3278 528 3446 588 nupta

209 615 377 685 (irrito
404 620 579 667 tamen
604 618 826 679 conatu,
851 628 975 667 nam
1003 613 1179 667 visum
1206 614 1310 668 hoc
1342 623 1587 683 tempore
1610 627 1767 667 reru-

125 738 133 745 -
207 706 522 778 peraverat),
539 722 645 760 una
665 721 788 761 cum
809 702 1017 762 Joa'nne
1039 706 1149 759 lilio
1172 724 1183 759 :
1212 704 1763 774 petentesauxilium,

208 813 263 855 ut
330 798 555 869 imperio
616 798 917 869 Byzantino
976 798 1268 868 potiretur.
1327 796 1463 851 Cum
1517 796 1764 864 equitum

207 890 339 947 4000
433 891 853 959 impetrassent,
948 891 1263 960 Byzantium
1339 888 1764 942 contenderunt.

205 985 429 1039 Joannes
463 991 641 1037 autem
664 982 961 1051 imperator
1005 990 1061 1037 et
1095 979 1308 1036 Manuel
1363 980 1529 1041 filius.
1575 978 1766 1033 audito

207 1071 494 1126 Andronici
539 1071 800 1138 adventu,
850 1088 1031 1127 arcem
1083 1071 1277 1126 Aureae
1328 1070 1514 1140 (quam
1546 1067 1763 1137 vocant)

206 1162 422 1233 ingressi
468 1164 742 1218 obsidioni
790 1163 1084 1219 tolerandae
1126 1178 1185 1218 se
1217 1162 1508 1233 parabant.
1562 1162 1763 1216 Verum

204 1252 538 1309 Andronicus
565 1269 746 1309 arcem
784 1254 1134 1324 pactionibus
1160 1255 1217 1308 in
1242 1252 1579 1308 deditionem
1608 1264 1766 1305 acce-

204 1346 295 1416 pit,
334 1355 389 1399 et
431 1347 621 1400 ambos
667 1347 723 1400 in
767 1362 1044 1439 carce’rem
1102 1347 1273 1403 turris
1315 1347 1556 1418 ligneum
1606 1344 1766 1399 valde

201 1445 401 1491 arctum
429 1439 701 1507 compegit
740 1457 753 1493 :
787 1439 839 1493 in
876 1437 984 1508 quo
1012 1439 1309 1494 triennium
1345 1452 1531 1508 egere,
1562 1437 1765 1491 frustra

203 1540 447 1584 monente
478 1527 747 1601 Bajazeto,
790 1541 849 1584 ut
879 1530 1342 1587 interficerentur.
1371 1534 1530 1585 Anno
1570 1538 1765 1600 quarto

202 1622 427 1679 carceris
475 1621 733 1690 praefecto
785 1630 1205 1691 persuaserunt,
1234 1620 1494 1676 alimenta
1534 1620 1767 1689 captivis

199 1713 544 1779 ministranti,
576 1722 637 1766 ut
661 1712 866 1767 ferrum
884 1713 1022 1768 clam
1056 1713 1188 1781 ipsis
1216 1713 1610 1783 suppeditaret.
1645 1711 1769 1779 Quo

199 1805 350 1868 facto,
397 1816 695 1859 evaserunt
749 1804 815 1859 ad
869 1805 1206 1875 Bajazetum.
1259 1821 1359 1877 pro
1416 1806 1764 1861 restitutione

201 1896 454 1949 tributum
498 1896 796 1951 maximum
831 1896 1174 1967 pollicentes.
1214 1897 1523 1967 Exploratis
1556 1898 1762 1970 Byzan-
1798 1884 1841 1940 Β

198 1985 389 2040 tiorum
453 1988 673 2051 animis,
730 1987 943 2042 Manuel
989 1988 1072 2043 eis
1106 1987 1406 2058 imperator
1452 1986 1616 2043 datus
1680 1997 1765 2043 est

194 2074 513 2131 auctoritate
558 2076 817 2147 Bajazeti,
842 2078 935 2148 qui
964 2078 1184 2147 triginta
1217 2079 1383 2133 millia
1407 2094 1760 2134 nummorum

194 2179 477 2222 aureorum
527 2165 767 2238 singulos
798 2168 853 2222 in
891 2182 1068 2223 annos
1102 2168 1283 2223 Turco
1322 2170 1605 2239 penderet,
1654 2174 1763 2225 An-

194 2256 409 2312 dronico
438 2268 497 2313 ct
520 2258 728 2315 Joanne
749 2260 860 2315 filio
888 2261 942 2315 in
962 2261 1139 2316 aulam
1172 2262 1411 2332 Bajazeti
1432 2264 1757 2332 deportatis,

192 2350 279 2402 ubi
304 2351 511 2405 victum
538 2351 825 2406 haberent.
852 2352 1159 2424 Adjuvante
1178 2354 1449 2421 Mauuele,
1475 2355 1761 2429 Bajazetus

192 2440 567 2513 Philadelphia
608 2442 788 2515 Lydia:
831 2446 1040 2501 munita
1073 2446 1229 2512 urbe,
1276 2462 1400 2518 quae
1439 2447 1554 2504 sola
1585 2447 1759 2503 Graeci

190 2532 358 2587 adhuc
385 2533 530 2604 juris
554 2542 669 2588 erat
693 2534 746 2588 in
779 2532 928 2600 Asia,
962 2536 1171 2608 potitus
1198 2544 1303 2592 est.

256 2622 389 2680 Cum
448 2633 636 2681 autem
690 2628 963 2697 promissa
1049 2627 1306 2699 Bajazeto
1383 2628 1597 2685 Hanuel
1651 2644 1758 2685 non

194 2724 493 2786 praestaret,
523 2733 587 2773 ac
635 2718 689 2773 ln
724 2718 903 2774 aulam
953 2719 1119 2776 Turci
1158 2721 1351 2777 venire
1397 2722 1756 2787 detrectaret,

193 2808 439 2863 inchoata
487 2817 571 2865 est
608 2809 822 2865 obsidio
850 2810 1386 2883 Constantinopolis,
1415 2828 1537 2883 quae
1583 2822 1756 2869 totum

193 2900 515 2956 dewnnium
540 2900 779 2967 duravit,
802 2913 858 2959 et
883 2903 1018 2959 urbs
1033 2905 1257 2960 omnino
1284 2913 1442 2975 capta
1466 2904 1679 2970 fuisset,
1700 2905 1757 2960 ni

190 2993 574 3051 Tamberlanes
602 2994 828 3067 Scytha,
850 2997 994 3051 bello
1020 2996 1216 3051 Turcis
1241 2996 1410 3063 illato,
1444 2996 1755 3067 Bajazetum

188 3084 357 3153 ipsum
391 3086 651 3155 cepisset.
701 3085 814 3142 Hac
878 3086 1166 3143 obsidione
1217 3087 1475 3155 durante,
1538 3087 1755 3144 Manuel

187 3178 313 3231 urbe
329 3176 530 3233 ἔδειιηί
554 3179 852 3236 Andronici
882 3180 992 3236 filio
1017 3183 1328 3246 commissa,
1352 3180 1487 3251 quia
1508 3180 1756 3252 Bajazeto

189 3268 251 3321 ad
293 3269 474 3338 ipsum
528 3270 821 3338 defecerat,
866 3273 1192 3328 auxiliorum
1241 3287 1403 3327 causa
1447 3273 1502 3327 in
1544 3272 1751 3327 Italiam

182 3362 244 3414 ad
285 3361 527 3417 Venetos
552 3374 604 3419 et
636 3363 924 3418 Mediolani
956 3365 1151 3419 ducem
1175 3366 1450 3432 profectus
1479 3372 1587 3419 est.
1620 3363 1754 3419 Inde

181 3451 399 3507 Galliam
434 3456 739 3526 ingressus,
774 3470 954 3524 regem
986 3455 1261 3510 Gallorum
1295 3454 1549 3511 Carolum
1584 3456 1752 3526 phre-

181 3546 290 3598 nesi
338 3546 683 3601 laborantem
734 3546 985 3611 oﬂ‘endit,
1028 3560 1131 3601 nec
1175 3548 1353 3618 potuit
1400 3561 1431 3601 a
1476 3561 1751 3618 quoquam

179 3636 358 3693 Galliae
409 3639 615 3692 ducum
654 3655 717 3694 ea
757 3638 1072 3708 impetrare,
1110 3654 1346 3709 quorum
1388 3654 1551 3695 causa
1592 3640 1754 3696 vene-

180 3739 280 3785 rat.
305 3731 655 3801 Quapropter
685 3732 757 3786 ita
794 3732 1211 3787 consulentibus
1238 3733 1617 3803 Optimatibus,
1658 3733 1752 3803 qui

182 3822 286 3877 illic
335 3835 517 3889 erant,
567 3837 672 3879 tam
729 3824 823 3881 diu
864 3824 1294 3896 exspectandum
1338 3825 1552 3891 statuit,
1577 3826 1753 3881 donec

162 3924 268 3968 rex
299 3918 734 3971 convalesceret.
768 3916 904 3973 Cum
941 3925 1121 3970 autem
1172 3915 1398 3971 morbus
1443 3917 1497 3970 in
1528 3916 1752 3987 longum

177 4008 621 4075 protraheretur,
681 4022 903 4062 manere
948 4007 1156 4062 diutius
1209 4021 1318 4062 non
1374 4008 1478 4063 fuit
1507 4024 1671 4064 ausus
1734 4026 1749 4061 :

176 4098 405 4168 ideoque
459 4099 693 4154 transita
739 4098 1030 4155 Germania
1076 4099 1488 4171 Pannoniaque,
1525 4100 1750 4155 domum

182 4188 365 4242 rediit.

248 4282 465 4337 Mortuo
504 4282 793 4353 Bajazeto,
843 4297 968 4337 cum
1028 4281 1404 4338 Blacbometus
1438 4281 1584 4338 ﬁlius
1632 4292 1752 4353 post

178 4372 375 4429 fratres
432 4374 503 4429 ad
564 4375 852 4444 imperium
914 4375 1273 4443 pervenisset,
1321 4384 1750 4445 perpetuamque

176 4481 297 4519 cum
367 4466 577 4522 Graecis
626 4481 814 4535 pacem
883 4466 1133 4531 fecisset,
1181 4467 1393 4521 Hanuel
1457 4467 1751 4536 imperator

1871 610 1973 665 fuit
2000 612 2244 681 quaedam
2272 625 2336 665 ex
2355 608 2753 666 Malatestarum
2773 610 2937 683 35.6
2952 609 3330 665 marchionum
3367 609 3448 663 fa-

1871 703 2045 767 milia,
2084 711 2349 773 praestans
2389 704 2617 757 omnino
2647 703 2820 757 forma
2862 704 3194 774 reliquisque
3222 702 3446 759 dotibus

1872 792 2093 847 mulier.

1941 883 2156 939 Mortuo
2193 886 2555 952 Machometo,
2585 900 2746 954 quem
2784 886 2840 940 in
2886 900 2944 942 se
2972 886 3144 943 Graeci
3187 888 3445 957 perbeni-

1868 993 2034 1048 gnum
2061 978 2366 1031 etamicum
2398 977 2611 1047 experti
2635 986 2785 1043 sunt,
2821 993 2966 1031 anno
2989 980 3206 1047 imperii
3238 978 3305 1032 l2
3332 979 3445 1048 pri-

1871 1069 2175 1140 mogenitus
2206 1071 2493 1124 Amurates
2516 1086 2746 1139 regnum
2775 1070 3070 1125 ancicum
3091 1072 3145 1124 in
3175 1087 3232 1126 se
3265 1080 3444 1127 trans-

1870 1162 2019 1218 tulit.
2054 1162 2165 1217 Hoc
2222 1161 2515 1231 imperium
2544 1177 2703 1216 suum
2735 1162 3039 1232 auspicato,
3070 1162 3241 1217 (ἑκ-ξιξρὶ
3276 1179 3444 1233 seque

1869 1269 2065 1324 resque
2112 1269 2241 1309 suas
2286 1254 2449 1323 plane
2494 1252 2768 1321 perditum
2811 1253 3048 1307 iverunt.
3083 1238 3448 1307 Arcessebant

1869 1345 2017 1400 enim
2058 1360 2088 1400 e
2122 1345 2332 1401 Lemno
2375 1344 2740 1413 Mustapham,
2774 1345 2868 1415 qui
2911 1344 3147 1414 Bajazeti
3182 1358 3240 1399 se
3271 1341 3444 1397 filium

1866 1436 2208 1508 perhibebat,
2228 1451 2543 1507 quanquam
2568 1436 2962 1500 Machometus,
2985 1436 3146 1504 paulo
3169 1443 3295 1489 ante
3319 1436 3445 1505 (ceu

1867 1529 2075 1584 dictum
2104 1530 2209 1599 est)
2234 1538 2503 1593 mortuus,
2527 1528 2937 1598 supposititium
2959 1543 3079 1582 esse
3108 1527 3358 1591 dixisset,
3386 1531 3446 1580 et

1867 1621 1937 1676 ab
1963 1620 2167 1677 Graecis
2200 1622 2568 1691 impetrasset,
2602 1629 2661 1675 ut
2691 1635 2914 1676 carcere
2941 1620 3161 1675 clausus
3193 1633 3443 1674 asserva-

1834 1722 2043 1775 ,retur.
2074 1713 2212 1769 Cum
2246 1722 2427 1769 autem
2474 1728 2585 1783 prae
2623 1725 2915 1770 ventorum
2940 1714 3288 1769 vehementia
3323 1711 3441 1767 Mu-

1868 1808 2093 1878 staphas
2120 1822 2151 1863 e
2173 1807 2380 1862 Lemno
2410 1807 2464 1861 in
2501 1806 2911 1877 Hellespontum
2942 1806 3303 1876 transportari
3328 1821 3439 1861 non

1867 1908 2079 1968 posset,
2114 1914 2178 1954 ac
2208 1898 2262 1952 in
2297 1898 2515 1967 Europa
2565 1912 2659 1951 rex
2692 1897 2966 1962 constitui,
3006 1897 3323 1951 triremibus
3354 1895 3423 1949 in~

1866 1990 2228 2060 tercipiebant
2262 1988 2615 2044 Amuratisin
2650 1988 2923 2057 Europam
2953 1989 3240 2058 trajectum
3302 1987 3439 2041 Pro-

1866 2080 2094 2150 pontide
2150 2096 2213 2136 ac
2270 2080 2623 2150 Hellesponto
2668 2080 3003 2135 interclusis.
3053 2079 3277 2134 Interim
3328 2078 3437 2149 ipsi

1862 2171 2210 2242 Calliupolim
2238 2173 2513 2242 navigant,
2531 2170 2859 2227 Chersonesi
2885 2172 3076 2226 urbem
3097 2172 3435 2241 opulentam,

1866 2270 1927 2316 ut
1962 2263 2036 2316 ibi
2070 2276 2194 2317 cum
2227 2260 2553 2316 adveniente
2579 2261 2861 2330 Mustapha
2894 2261 2949 2313 in
2978 2260 3308 2329 colloquium
3343 2274 3439 2313 ve-

1864 2353 2065 2419 nirent,
2089 2367 2251 2421 quem
2276 2351 2370 2406 ubi
2396 2366 2575 2421 regem
2600 2349 2831 2421 Europae
2854 2350 3133 2411 fecissent.
3159 2350 3439 2420 petierunt

1864 2452 1926 2497 ut
1946 2441 2291 2511 Calliupolim
2316 2441 2421 2496 sibi
2448 2441 2785 2505 restitueret,
2807 2440 2972 2510 idque
2999 2440 3158 2494 facile
3183 2440 3438 2495 obtinue-

1864 2544 2014 2590 runt.
2048 2535 2186 2590 Tum
2221 2549 2352 2589 vero
2384 2532 2553 2587 duces
2583 2533 2888 2596 Amuratis,
2917 2531 2973 2585 in
3006 2532 3226 2602 Europa
3256 2532 3434 2587 relicti

1863 2644 1891 2683 a
1945 2628 2289 2683 Machometo
2322 2634 2496 2695 patre,
2532 2626 2840 2697 Bajazetum
2880 2639 3050 2679 unum
3099 2621 3437 2695 ex‘optima-

1864 2730 1976 2773 tum
2004 2732 2235 2773 numero
2257 2718 2577 2789 Byzantium
2607 2718 2673 2771 ad
2702 2716 3006 2771 Manuelem
3035 2716 3308 2788 ablegant,
3332 2718 3430 2788 qui

1862 2817 2111 2879 rogaret,
2142 2822 2209 2863 ne
2239 2808 2433 2862 initum
2462 2823 2587 2863 cum
2619 2800 2960 2864 Macltometo
2992 2809 3170 2865 ftedus
3199 2811 3436 2867 violare-

1864 2911 1976 2967 tur,
2030 2901 2304 2970 simulque
2341 2898 2633 2955 duodecim
2680 2901 2975 2970 primatum
3004 2902 3146 2958 ﬁlios
3183 2903 3431 2971 obsides,

1859 3008 2153 3047 aureorum
2184 2991 2489 3046 ducentena
2518 2990 2708 3055 millia,
2736 2992 3013 3061 regionem
3044 2994 3282 3064 denique
3314 3012 3434 3052 ma-

1859 3086 2061 3139 ximam
2101 3082 2383 3151 Calliupoli
2414 3082 2668 3147 vicinam,
2709 3098 3094 3154 quamcunque
3127 3086 3300 3143 ΒΓ·ῶοί
3329 3104 3428 3159 ρο-

1781 3217 1827 3281 C
1861 3180 2178 3242 stulassent,
2224 3176 2465 3243 ofI’erret,
2498 3177 2541 3233 si
2573 3177 2913 3248 Mustapbam
2936 3179 3225 3250 Byzantius
3255 3184 3432 3253 impe-

1859 3280 2006 3326 rator
2052 3271 2347 3336 desereret,
2408 3284 2470 3325 ac
2508 3271 2717 3326 neutris
2767 3271 3047 3341 suppetias
3097 3272 3285 3341 ferret,
3332 3276 3430 3331 sed

1855 3364 2005 3436 ipsos
2034 3364 2219 3434 potius
2253 3365 2460 3418 sineret
2498 3362 2708 3418 infestis
2735 3366 2905 3420 armis
2933 3380 3283 3423 concurrere.

1924 3456 2132 3523 Quibus
2161 3454 2469 3523 intellectis,
2495 3455 2730 3512 Joannes
2748 3456 3011 3515 Manuelis
3028 3456 3190 3527 illius,
3215 3460 3432 3533 juvenis

1856 3548 2071 3618 imperii
2115 3550 2347 3619 cupidus
2368 3589 2383 3614 ,
2412 3549 2784 3605 arbitrabatur
2830 3549 2988 3605 initio
3038 3566 3124 3606 res
3157 3568 3285 3609 suas
3310 3569 3430 3610 mc-

1852 3640 1960 3695 lius
1993 3641 2292 3704 habituras.
2331 3642 2376 3697 si
2417 3642 2734 3698 inimicitias
2759 3643 2902 3698 inter
2934 3657 2992 3698 se
3031 3644 3106 3699 illi
3136 3658 3389 3716 gererent
3411 3689 3427 3712 ,

1854 3730 2235 3802 discordiaque
2283 3742 2469 3787 mutua
2518 3750 2606 3789 res
2642 3751 2767 3791 suas
2798 3732 3110 3806 perderent.
3158 3742 3427 3799 Praeterea

1854 3837 1963 3877 non
2000 3838 2189 3894 parum
2219 3825 2321 3879 sibi
2353 3826 2751 3882 conducturum
2782 3831 3029 3898 putabat,
3061 3834 3105 3886 si
3139 3833 3301 3889 ambo
3329 3850 3424 3890 sna

1852 3927 2018 3983 opera
2048 3915 2429 3986 indiguissent.
2466 3916 2621 3983 Quod
2656 3920 2699 3975 si
2726 3919 2889 3974 etiam
2921 3920 3147 3993 regnum
3182 3925 3327 3981 inter
3364 3943 3424 3982 se

1855 4008 2211 4076 partirentur,
2240 4009 2456 4066 facilius
2474 4020 2764 4083 utrumque
2786 4028 2945 4084 posse
2962 4017 3197 4087 opprimi
3214 4026 3422 4077 statue-

1852 4100 1947 4156 bat
1969 4098 2037 4155 ab
2070 4117 2150 4164 se,
2181 4102 2272 4172 qui
2303 4110 2484 4158 tamen
2516 4105 2698 4160 neutri
2725 4121 2911 4177 reapse
2941 4123 3040 4178 par
3064 4122 3227 4167 esset.
3258 4112 3423 4169 Dein-

1851 4208 1979 4263 ceps
2004 4208 2141 4251 vero
2170 4196 2326 4266 longe
2346 4198 2506 4252 aliam
2536 4209 2754 4255 secutus
2787 4208 2871 4256 est
2898 4204 3248 4271 sententiam,
3278 4216 3420 4262 totus

1849 4282 2147 4351 Mustapha:
2180 4286 2425 4353 partibus
2466 4287 2738 4344 addictus.
2773 4288 2936 4345 Pater
2972 4303 3158 4347 autem
3195 4294 3422 4351 Joannis

1848 4374 2060 4429 Manuel
2114 4375 2413 4443 imperator
2445 4378 2722 4436 diversum
2777 4396 2808 4435 a
2834 4382 2943 4439 lilio
2988 4389 3280 4454 sentiebat,
3316 4388 3422 4446 fm-

1849 4466 2038 4521 derum
2095 4468 2414 4540 rengionem
2464 4455 2710 4530 statuens
2753 4476 3059 4533 violandam
3120 4496 3229 4536 non
3276 4497 3418 4539 esse.

175 4557 225 4609 in
261 4557 703 4627 Peloponnesum
735 4557 1031 4624 profectus,
1065 4558 1331 4611 Isthmum
1364 4573 1523 4612 muro
1552 4557 1744 4623 cinxit,
1775 4563 1825 4625 ι)
1850 4558 2192 4615 Vicittamen
2216 4562 2380 4624 filius.
2412 4564 2742 4637 decretaque
2779 4579 2909 4625 sunt
2937 4569 3235 4642 Mustapha:
3266 4578 3422 4629 auxi-

173 4652 515 4700 utuniversa
557 4648 706 4716 regio
756 4656 868 4700 tuta
900 4649 1059 4701 foret.
1114 4647 1282 4701 Erant
1326 4648 1557 4703 Manueli
1611 4649 1742 4714 ﬁlii,

170 4736 447 4801 Joannes,
505 4737 873 4803 Andronicus,
924 4737 1269 4801 Theodorus,
1315 4737 1742 4803 Constantinus,

175 4824 503 4890 Demetrius,
556 4827 815 4882 Thomas.
842 4828 1110 4883 Joannem
1156 4828 1600 4899 primogenitum,
1650 4830 1743 4899 qui

175 4918 400 4986 reliquis
435 4928 696 4987 praestare
737 4920 1043 4987 videbatur,
1076 4921 1132 4975 in
1161 4920 1479 4976 societatem
1531 4920 1742 4988 imperii

173 5011 415 5066 admisit.
466 5011 654 5067 Eidem
688 5027 910 5067 uxorem
940 5029 1004 5067 ex
1036 5013 1190 5069 Italia
1232 5014 1401 5077 dedit,
1434 5012 1744 5071 Montisfer-

173 5103 274 5158 rati
307 5103 575 5174 principis
597 5104 781 5167 ﬁliam,
810 5106 992 5160 indole
1019 5106 1237 5175 quidem
1263 5106 1521 5175 praeclara
1551 5105 1747 5175 praedi-

174 5201 305 5257 tam,
336 5194 433 5248 sed
466 5194 714 5249 illiberali
746 5194 917 5248 forma
952 5214 964 5248 :
995 5209 1158 5264 quam
1187 5194 1259 5249 ob
1287 5210 1507 5249 causam
1538 5196 1625 5250 illa
1651 5209 1745 5264 pa-

173 5302 290 5339 rum
337 5288 389 5340 ei
420 5288 574 5342 cordi
616 5297 887 5351 erat,‘nec
917 5286 1278 5351 cohabitanti,
1311 5303 1414 5343 nec
1464 5289 1745 5345 matrimo-

173 5378 249 5433 nii
308 5380 486 5450 legem
528 5384 788 5439 servanti.
841 5384 916 5438 Ea
969 5400 1103 5440 vero
1156 5400 1215 5439 se
1266 5384 1463 5439 marito
1513 5385 1742 5440 invisam

171 5474 637 5541 animadvertetis,
663 5477 840 5530 navim
868 5479 1209 5543 conscendit,
1238 5488 1294 5534 et
1316 5479 1379 5533 ad
1409 5479 1745 5549 pr0pinqnos

172 5578 300 5617 suos
327 5579 386 5617 se
422 5566 646 5635 rerepit.
675 5567 1019 5624 Andronicus
1040 5569 1398 5638 elcphantiasi
1429 5583 1742 5640 corruptus,

172 5669 278 5706 non
315 5655 409 5709 diu
447 5658 598 5712 vixit.
640 5657 965 5714 Theodorus
1017 5676 1046 5715 a
1096 5670 1251 5731 patre
1305 5663 1504 5717 missus
1552 5672 1635 5719 est
1675 5664 1741 5717 ad

171 5742 522 5801 Theodorum
556 5750 981 5817 purpurigenam
1012 5760 1292 5817 patruum,
1328 5760 1386 5805 ut
1421 5753 1684 5807 educatus
1712 5770 1741 5806 a

173 5847 391 5900 patruo,
421 5837 601 5891 eidem
628 5839 681 5890 in
699 5837 1054 5906 Peloponnesi
1075 5840 1385 5911 principatu
1402 5843 1738 5897 succederet.

499 5934 773 5994 ΡΑτειοι..
806 5932 921 5993 Gn.
957 5932 1213 5997 CLVIII.

1846 4650 1942 4704 lia.
1970 4650 2091 4705 Mox
2109 4652 2330 4709 obsessa
2355 4654 2670 4726 Calliupolis
2695 4669 2749 4713 et
2777 4671 3106 4731 expugnata,
3140 4681 3301 4734 quam
3324 4668 3418 4723 ubi

1845 4742 2019 4800 Grazci
2078 4757 2410 4815 repeterent,
2457 4748 2769 4821 Mustaphas
2820 4754 3026 4820 dicere,
3075 4755 3272 4814 Turcis
3315 4761 3422 4817 hoc

1848 4839 2117 4905 ingratum
2176 4835 2313 4903 tore,
2364 4853 2532 4906 regno
2579 4840 2810 4895 necdum
2864 4852 3022 4912 parto
3090 4849 3419 4920 :simulque

1847 4944 2072 5000 rogare,
2136 4938 2345 4984 tantum
2385 4931 2774 5001 aliquantisper
2815 4945 3212 5004 exspectarent.
3256 4940 3419 4997 Dein-

1848 5034 1974 5089 ceps
2008 5020 2389 5089 Adrianopolis
2424 5032 2706 5090 occupata,
2742 5023 2956 5079 Turcici
2989 5031 3136 5099 regni
3168 5032 3328 5088 sedes
3362 5034 3417 5089 in

1847 5111 2062 5179 Europa
2108 5127 2259 5180 :quo
2290 5112 2455 5171 facto.
2496 5116 2696 5183 passim
2740 5116 2804 5170 ad
2837 5132 2962 5173 eum
3005 5121 3177 5191 copiae.
3207 5124 3416 5181 'I‘nrco-

1846 5218 1991 5269 rum,
2043 5219 2139 5258 ceu
2187 5205 2421 5272 Bajazeli
2462 5207 2653 5274 lilium,
2710 5210 3045 5270 defecerunt.
3080 5214 3315 5272 Bedacta
3357 5220 3413 5273 in

1848 5303 2171 5364 potestatem
2212 5295 2448 5366 Europa,
2478 5310 2600 5351 cum
2629 5298 2882 5370 Azapidis
2914 5303 3215 5361 Turcorum
3260 5309 3413 5376 pedi-

1847 5386 2014 5449 tibus,
2048 5386 2279 5455 aliisque
2307 5387 2480 5457 copiis
2509 5389 2808 5461 Europaeis,
2833 5404 2886 5449 et
2914 5394 3142 5451 Zunaite
3168 5397 3413 5469 Smyrna

1846 5476 2092 5547 principe
2124 5477 2177 5531 in
2211 5478 2394 5533 Asiam
2428 5482 2663 5551 trajecit,
2698 5496 2754 5538 ut
2779 5502 2840 5540 ea
2869 5502 3089 5557 quoque
3121 5489 3409 5559 poziretur.

1846 5567 2019 5623 Simul
2049 5568 2117 5624 ad
2147 5569 2364 5627 Graacos
2389 5573 2584 5644 legatis
2622 5578 2801 5631 missis
2841 5579 3015 5646 petiit,
3048 5595 3115 5634 ne
3157 5582 3285 5650 quid
3314 5584 3411 5638 ab-

1844 5670 1999 5721 sente
2023 5664 2421 5720 seinnovarent
2458 5684 2471 5719 :
2503 5684 2559 5721 se
2590 5669 2848 5723 Atnnrate
2871 5670 3037 5735 victo,
3069 5672 3410 5740 Calliupolim

1846 5752 2209 5808 redditurum.
2261 5754 2408 5809 Misit
2450 5767 2505 5809 et
2542 5773 2671 5810 suos
2704 5760 3011 5825 Amurates,
3045 5763 3137 5830 qui
3187 5765 3409 5832 amplis-

1845 5844 1980 5899 sima
2027 5861 2254 5915 quaque
2298 5847 2718 5915 pollicerentur,
2770 5849 2815 5903 si
2850 5865 2975 5902 suas
3024 5862 3206 5919 partes
3252 5854 3408 5925 sequi

2928 5941 3004 5999 21
