3798 6230
418 371 527 432 645

1774 388 2317 449 (ῙΟΝΤΙΝΙΙΔΤΙΟ.

3564 389 3666 451 646

418 485 733 540 concordia:
764 501 887 541 cum
918 490 1011 545 illo
1058 491 1206 548 initae
1241 496 1567 564 poenitebat.
1627 496 1996 563 Quamobrem
2032 512 2073 565 Α
2108 503 2172 554 παι
2236 502 2503 556 arcendos
2561 520 2588 557 a
2652 504 3025 573 Peloponneso
3095 504 3305 559 Turcos
3354 510 3673 557 exstructus

418 573 605 630 missis
634 577 700 631 ad
753 580 1069 636 Amuratcm
1127 584 1343 655 legatis,
1402 589 1643 644 Joannes
1676 590 1987 659 imperator

413 682 607 736 pacem
640 671 855 737 orabat,
882 682 939 727 et
969 675 1317 745 impetrabat.

487 759 697 815 Secutae
727 776 856 818 sunt
891 764 1121 823 fratrum
1159 770 1496 838 Graecorum,
1530 774 1757 830 Joannis
1792 786 1848 831 et
1892 776 1992 830 De-

413 850 641 915 metrii,
702 851 992 912 discordiae
1028 876 1043 914 :
1076 860 1282 928 quibus
1339 862 1695 928 durantibus,
1749 865 1994 921 Joannes

409 942 744 996 Demetrium
774 956 927 1013 parte
963 949 1304 1019 principatus
1332 955 1589 1023 spoliavit
1623 975 1637 1011 :
1682 957 1993 1014 Demetrius

402 1031 943 1105 Constantinopolim
978 1055 1080 1110 0pc
1109 1043 1417 1100 Turcorum
1459 1047 1696 1113 obsedit,
1766 1051 1995 1106 iniecta-

405 1140 521 1193 que
547 1141 604 1179 re
632 1127 902 1186 discessit.
934 1133 1174 1189 Rursum
1205 1138 1339 1192 inita
1392 1154 1521 1194 eum
1561 1141 1825 1198 Amurate
1856 1158 1992 1198 con-

404 1217 622 1281 cordia,
679 1221 853 1275 nihilo
913 1226 1169 1281 cessabat
1230 1230 1412 1286 minus
1460 1232 1762 1302 imperator
1787 1235 2035 1305 agitare

404 1310 640 1364 consilia
668 1326 790 1365 cum
823 1314 1067 1384 Eugenio
1093 1320 1341 1375 Romano
1374 1324 1656 1392 pontiﬁce,
1682 1340 1748 1381 ac
1781 1327 1994 1382 Panno-

402 1414 542 1453 num
576 1416 701 1470 rege
725 1402 1020 1472 Vladislao,
1053 1411 1145 1479 qui
1181 1427 1357 1481 nuper
1388 1414 1681 1469 admodum
1707 1432 1737 1472 e
1770 1417 1994 1474 Polonia

403 1504 656 1562 vocatus,
686 1496 1011 1567 Ungaricum
1047 1518 1273 1572 regnum
1309 1518 1690 1576 occupaverat.
1725 1510 1995 1580 Impetra-

400 1584 490 1637 vit
522 1595 703 1641 autem
755 1604 784 1643 a
828 1593 1084 1660 pontifice
1129 1594 1318 1649 decem
1372 1599 1649 1663 triremes,
1695 1617 1817 1670 quae
1870 1618 1993 1657 cum

403 1676 529 1729 suis
552 1675 959 1749 Hellespontum
1006 1687 1380 1752 custodirent,
1440 1700 1500 1745 ut
1530 1692 1761 1747 Asianas
1810 1696 1998 1765 copias

401 1766 699 1824 Amurates
730 1773 980 1841 trajicere
1018 1792 1123 1830 non
1157 1789 1364 1846 posset.
1409 1783 1625 1843 .Vernm
1661 1786 1794 1841 vicit
1826 1787 2021 1841 Λητω-

2096 594 2287 646 fuerat.

2164 683 2355 752 Neque
2380 684 2552 739 multo
2589 695 2709 753 post
2746 685 2957 740 Joanne
3008 686 3338 755 imperatore
3380 685 3662 747 defuncto,

2097 773 2149 826 in
2178 772 2600 829 Constantinum
2630 775 2750 844 ejus
2782 774 3002 829 fratrem
3033 777 3349 832 devolutum
3390 785 3473 831 est
3495 777 3665 844 impe—

2094 864 2256 919 rium.
2286 866 2596 920 Demetrius
2628 866 2873 935 quidem,
2911 866 3141 920 fratrum
3170 870 3329 930 alter,
3367 868 3660 935 imperium

2093 973 2360 1027 occupare
2388 960 2669 1014 nitebatur
2697 978 2709 1011 :
2747 974 2937 1013 verum
2966 958 3260 1026 impeditus
3291 959 3393 1013 fuit
3432 960 3499 1013 ab
3529 960 3666 1013 civi-

2100 1050 2224 1114 bus,
2256 1059 2452 1110 matre.
2492 1049 2876 1104 Cantacuzeno
2907 1058 2964 1104 et
2994 1049 3217 1112 Not-ara,
3269 1050 3361 1117 qui
3412 1049 3665 1102 arbitro-

2093 1156 2215 1194 rum
2243 1141 2492 1209 partibus
2524 1141 2913 1210 fungebantur.
2949 1139 3244 1194 Timebant
3274 1140 3443 1201 enim,
3480 1140 3525 1193 si
3561 1141 3667 1193 lle-

2093 1232 2323 1286 metrius
2356 1242 2741 1301 assequcretur
2772 1231 3089 1301 imperium,
3120 1229 3260 1297 fore,
3314 1239 3373 1285 ut
3396 1230 3667 1284 Constan-

2097 1326 2247 1381 tinus
2272 1325 2575 1379 exercitum
2604 1323 2925 1388 adduceret,
2979 1336 3091 1392 quo
3124 1321 3292 1384 facto,
3355 1322 3665 1391 periturum

2093 1426 2237 1473 esset
2266 1416 2579 1485 imperium.
2614 1415 2890 1470 Demetrio
2927 1422 3130 1474 tamen,
3159 1424 3215 1467 et
3239 1413 3483 1479 Thomae,
3509 1413 3665 1467 fratri

2094 1518 2226 1565 natu
2260 1509 2509 1573 minimo,
2542 1509 2955 1577 Peloponnesus
2975 1521 3046 1561 ex
3066 1520 3222 1575 aequo
3245 1520 3504 1560 concessa
3530 1505 3662 1559 fuit:

2095 1602 2166 1655 ob
2195 1616 2358 1670 quam
2394 1601 2543 1654 varie
2571 1600 2965 1654 tumultuatum
2998 1597 3144 1650 inter
3184 1597 3331 1663 ipsos
3365 1604 3472 1660 est,
3508 1607 3665 1651 utro-

2096 1708 2200 1760 que
2237 1690 2492 1744 studente
2517 1689 2752 1744 alterum
2777 1688 3003 1759 ejicere.

2166 1782 2282 1837 Sub
2312 1782 2419 1837 hoc
2447 1790 2666 1851 tempus
2706 1778 3000 1836 Aniurates
3036 1780 3321 1850 apoplexia
3362 1785 3661 1845 correptus

400 1859 543 1913 ratis
580 1860 798 1916 fortuna
824 1866 1147 1935 trajicieutis
1182 1886 1247 1924 eo
1288 1880 1556 1942 tempore,
1605 1892 1718 1941 quo
1765 1890 1985 1948 propter
2016 1863 2060 1922 Β
2091 1877 2144 1929 in
2172 1874 2449 1934 convivio.
2486 1873 2721 1927 moritur
2744 1888 2866 1929 cum
2896 1872 2966 1929 52
2996 1872 3154 1927 annis
3188 1879 3488 1941 regnasset.
3548 1869 3662 1923 Ma-

397 1948 981 2010 adversariosventos
1019 1958 1194 2015 ϐττιιεί
1231 1960 1521 2035 Latinique
1554 1977 1748 2022 contra
1777 1968 1986 2025 Turres

402 2044 508 2097 niti
541 2047 690 2099 nullo
720 2048 881 2103 modo
910 2062 1184 2120 poterant.
1244 2053 1375 2126 Ejus
1410 2066 1518 2111 tam
1578 2058 1789 2115 felicem
1824 2063 1986 2132 traje-

398 2135 898 2195 ctionchoanncs
948 2143 1247 2213 imperator
1303 2163 1452 2218 ωετο
1502 2164 1628 2204 cum
1686 2153 1984 2220 accepisset

400 2225 608 2290 animo,
645 2229 984 2288 deliberabat
1013 2250 1137 2290 cum
1171 2238 1307 2301 suis,
1342 2241 1473 2308 quid
1504 2240 1556 2294 in
1592 2244 1844 2310 praesenti
1894 2258 1982 2297 re-

402 2334 526 2371 rum
560 2331 698 2375 statu
735 2326 1081 2392 potissimum
1112 2342 1340 2400 ageret;
1372 2333 1672 2399 bellumne,
1700 2350 1769 2389 an
1796 2352 1980 2404 pacem

395 2411 647 2467 Amurati
678 2416 1049 2476 denuntiaret.
1101 2423 1318 2495 Quippe
1349 2426 1407 2479 si'
1432 2442 1623 2496 pacem
1655 2443 1779 2481 cum
1817 2430 1984 2483 Amu-

400 2514 523 2557 rate
545 2506 723 2562 colere
751 2509 1101 2590 instituisset.
1135 2516 1252 2571 fore
1285 2519 1531 2588 putabat,
1562 2529 1621 2575 ut
1652 2520 1699 2575 ei
1726 2535 1823 2590 per
1844 2521 1985 2576 Pon-

406 2601 525 2647 tum
555 2600 857 2655 cxercitum
883 2589 1129 2671 ducEnti,
1183 2620 1551 2665 commeatum
1583 2621 1639 2667 ct
1674 2589 1981 2669 necessaria

397 2698 661 2755 praestare
691 2702 981 2762 cogeretur
1010 2714 1024 2752 :
1053 2712 1158 2766 qua
1192 2716 1249 2754 re
1284 2701 1578 2759 Pannones
1645 2703 1980 2760 offensurum

399 2791 463 2830 se
498 2777 735 2844 videbat,
766 2798 796 2836 .1
830 2786 1032 2851 quibus
1060 2804 1170 2844 non
1206 2792 1327 2847 leve
1361 2794 1693 2860 periculum.
1724 2797 1983 2852 Amurate

400 2867 641 2937 devicto,
674 2873 1005 2936 immineret.
1035 2880 1269 2937 Putabat
1295 2886 1461 2955 igitur
1489 2900 1556 2942 eo
1584 2897 1831 2957 tempore
1854 2905 1984 2944 con-

398 2962 762 3023 sultissimum
791 2968 928 3038 fore,
959 2973 1282 3031 Pannonum
1307 2980 1460 3048 sequi
1493 2991 1695 3048 partes,
1732 2992 1786 3035 et
1816 2982 1986 3036 Amu-

397 3055 508 3107 rati
532 3055 733 3113 bellum
769 3060 995 3118 inferre.
1058 3067 1191 3123 Post
1239 3084 1471 3140 pugnam
1505 3087 1639 3126 vero
1687 3073 1981 3129 infeliciter

2087 1964 2404 2018 ehometum
2428 1962 2600 2018 filium
2625 1976 2997 2018 successorem
3023 1961 3263 2031 reliquit.
3282 1960 3336 2015 Is
3356 1959 3457 2014 sub
3484 1959 3659 2026 ipsum

2089 2055 2240 2126 regni
2303 2054 2387 2109 sui
2443 2053 2753 2123 auspicium
2815 2050 3351 2121 Constantinopolim
3403 2051 3660 2106 obsidere

2088 2146 2278 2216 coepit,
2309 2156 2364 2201 et
2397 2146 2463 2201 ad
2496 2146 2961 2216 expugnationem
2980 2147 3165 2199 omnia
3199 2144 3396 2199 idonea
3431 2158 3657 2212 compa-

2087 2239 2250 2293 ravit.
2280 2239 2412 2307 Ejus
2446 2238 2600 2292 urbis
2629 2238 2935 2308 amplitudo
2965 2252 3087 2292 cum
3145 2247 3295 2293 tanta
3328 2238 3421 2301 sit,
3481 2248 3543 2294 ut
3603 2240 3658 2292 in

2086 2330 2319 2383 circuitu
2356 2330 2444 2384 lli
2481 2330 2659 2385 stadia
2686 2332 2971 2385 contineat
3000 2347 3013 2383 :
3042 2331 3355 2385 distributis
3385 2331 3437 2385 in
3472 2346 3660 2385 muros

2086 2421 2570 2489 militibus,eoqnc
2603 2430 2759 2489 pacto
2787 2420 3072 2475 instructis
3096 2420 3290 2490 copiis,
3352 2420 3554 2475 accidit
3602 2428 3661 2473 nt

2086 2513 2268 2566 minus
2302 2513 2512 2567 munita
2549 2511 2710 2567 foret.
2745 2512 2947 2568 Aderat
2986 2512 3042 2566 in
3076 2512 3214 2566 urbe
3234 2512 3438 2566 Graecis
3481 2511 3659 2566 Isidoa

2086 2620 2176 2658 rus
2203 2605 2507 2659 Russorum
2541 2606 2773 2661 antistes
2812 2604 3108 2659 cardinalis
3163 2604 3355 2675 synodi
3403 2602 3661 2675 cogendae

2085 2710 2248 2749 causa
2280 2695 2501 2759 missus,
2533 2706 2595 2750 ut
2625 2696 2877 2750 Romano
2918 2695 3170 2765 pontifici
3206 2696 3425 2752 Graecos
3467 2707 3660 2752 recon-

2084 2790 2296 2842 ciliaret
2332 2804 2346 2843 :
2384 2798 2548 2858 atque
2572 2788 2627 2842 id
2668 2804 2777 2843 non
2819 2790 2995 2844 multo
3024 2798 3152 2844 ante
3180 2789 3515 2844 confecerat.
3556 2790 3661 2844 Ve-

2087 2896 2203 2932 rum
2234 2878 2436 2933 Gra’cis
2475 2880 2566 2933 illa
2605 2894 2730 2933 cum
2758 2877 3018 2935 Romanis
3074 2882 3450 2938 reconciliatio
3496 2882 3660 2937 nimis

2086 2988 2206 3027 sera
2241 2972 2473 3024 exstitit.

2161 3062 2404 3117 Tandem
2429 3063 2938 3132 Constantinopolis
2977 3073 3288 3133 expugnata
3318 3074 3405 3118 est
3456 3072 3659 3133 quarto

397 3148 472 3201 ab
500 3147 731 3220 ngaris
758 3157 1175 3215 contraTurcos
1199 3172 1521 3232 pugnatam,
1552 3164 1775 3220 Gracus
1806 3166 1976 3235 impe-

398 3252 553 3263 --.μ
587 3242 633 3263 ε-.
671 3242 738 3263 ρ--
1058 3250 1072 3263 .
1262 3262 1265 3263 ν
1869 3260 1897 3263 __

2092 3155 2355 3210 Kalendas
2381 3154 2707 3222 Quinctiles,
2758 3155 2852 3225 qui
2903 3155 3023 3211 dies
3077 3156 3266 3211 Martis
3322 3165 3465 3220 erat,
3512 3170 3660 3209 anno

398 3252 553 3294 rator
587 3242 636 3294 in
671 3242 849 3303 foedus
883 3263 1007 3302 cum
1045 3250 1309 3306 Amurate
1352 3255 1540 3317 rediit,
1600 3270 1698 3310 nec
1732 3260 1972 3326 amplius

399 3330 456 3385 id
499 3332 757 3389 violatum
797 3349 899 3393 est.
932 3339 1063 3395 Nam
1096 3343 1336 3411 quietem
1374 3346 1657 3414 amplexus
1679 3358 1783 3411 est,
1808 3349 1978 3403 Amu-

403 3422 690 3493 ratemque
727 3432 1051 3487 muneribus
1095 3434 1286 3501 coluit,
1342 3436 1561 3490 utnihil
1624 3438 1750 3492 mali
1786 3447 1978 3495 contra

399 3515 583 3584 ipsum
611 3521 847 3589 amplius
874 3525 1185 3582 moliretur.

477 3608 641 3664 Fceda
678 3623 858 3669 autem
892 3618 1174 3671 contentio
1215 3619 1360 3674 inter
1384 3620 1777 3690 imperatorem
1812 3623 1979 3678 Joan-

400 3719 531 3759 nem
558 3717 613 3760 et
646 3705 869 3762 fratrem
898 3708 1248 3765 Theodorum
1273 3720 1393 3767 erat
1414 3723 1624 3780 coorta,
1651 3714 1745 3783 qui
1778 3715 1981 3785 Byzan-

399 3797 539 3851 tium
574 3809 820 3866 venerat,
859 3810 919 3855 ut
974 3802 1029 3855 in
1093 3803 1414 3858 societatem
1477 3806 1698 3875 imperii
1744 3821 1773 3859 a
1810 3807 1978 3863 fratre

396 3888 810 3944 admitteretur.
842 3891 891 3945 ls
912 3907 969 3946 se
993 3908 1092 3961 pro
1144 3893 1476 3963 imperatore
1523 3895 1699 3949 solum
1731 3896 1974 3965 gerebat,

402 3978 675 4050 fratrique
709 3982 1015 4038 resistebat.
1050 3986 1389 4058 Postremum
1419 3990 1595 4058 aperti
1623 3990 1810 4044 hostes
1850 3991 1974 4044 facti

397 4078 551 4123 sunt.
576 4071 708 4125 Nam
744 4074 1152 4142 expeditionem
1190 4057 1513 4133 Theodorus
1564 4090 1753 4135 contra
1799 4081 1974 4148 impc-

398 4172 641 4217 ratorem
668 4164 890 4219 fratrem
917 4167 1172 4224 instituit.
1194 4169 1325 4225 Erat
1348 4172 1398 4225 ei
1422 4186 1683 4227 concessa
1707 4173 1972 4244 Selybria,

399 4267 528 4307 cum
566 4255 786 4324 regidne
815 4258 997 4312 vicina
1030 4277 1043 4313 :
1078 4274 1314 4330 cumque
1347 4271 1559 4331 peteret
1615 4264 1683 4319 ab
1734 4264 1973 4336 impera-

403 4348 524 4394 tore
542 4354 842 4411 proventus
860 4362 1073 4400 annuos
1096 4348 1391 4417 ampliores
1411 4348 1476 4402 ad
1500 4350 1665 4404 vitam
1691 4353 1972 4407 sustinen-

2087 3246 2223 3301 1455
2262 3245 2369 3312 Vc],
2412 3255 2471 3301 ut
2502 3246 2595 3300 alii
2628 3245 2875 3309 tradunt,
2910 3245 3367 3316 quinquagesimo
3388 3244 3657 3307 secundo,

2083 3355 2207 3394 eum
2246 3338 2592 3394 obsidionem
2630 3339 3025 3408 quinquaginta
3052 3345 3290 3408 quatuor
3324 3338 3441 3392 dies
3510 3338 3651 3392 tole-

2082 3438 2276 3485 rasset.
2299 3429 2743 3492 Cantacuzenus,
2764 3428 3128 3500 Theophilus,
3150 3428 3507 3498 Palaeologus,
3535 3414 3657 3482 alii.

2082 3536 2190 3591 que
2225 3520 2554 3577 nobilissimi
2590 3522 2695 3577 viri
2729 3521 2949 3577 fortiter
2999 3520 3352 3587 dimicantes,
3381 3518 3655 3574 interfecti

2082 3622 2229 3669 sunt.
2254 3615 2650 3671 Constantinus
2680 3615 2983 3684 imperator
3034 3612 3249 3684 fugiens
3276 3613 3332 3668 in
3359 3613 3654 3667 humerum

2081 3716 2304 3777 accepto
2324 3707 2553 3762 vulnere
2580 3707 2768 3776 periit.
2802 3706 2934 3776 Ejus
2953 3707 3212 3762 exstincti
3243 3717 3410 3776 caput
3447 3706 3513 3761 ad
3536 3706 3653 3761 Ma-

2080 3798 2391 3854 chometum
2418 3798 2637 3868 quidam
2670 3798 2874 3863 attulit,
2900 3805 3211 3867 praeterque
3243 3812 3467 3852 munera
3491 3799 3655 3867 longe

2081 3890 2421 3960 amplissima
2454 3889 2771 3960 principatu
2811 3904 3035 3959 quoque
3065 3890 3303 3944 donatus
3335 3899 3444 3944 est.
3477 3890 3656 3959 Impe-

2081 3985 2162 4039 rio
2198 3982 2377 4038 tribus
2400 3984 2564 4038 annis
2597 3993 2653 4038 et
2685 3982 2864 4038 tribus
2896 3982 3179 4037 mensibus
3206 3981 3413 4049 potitus
3445 3981 3647 4036 fuerat.

2078 4076 2284 4131 Eodem
2315 4075 2427 4138 die,
2460 4076 2650 4130 Peram
2687 4089 2925 4145 quoque,
2962 4073 3077 4129 sive
3100 4072 3367 4138 Galatam,
3393 4071 3654 4128 Genuen-

2079 4168 2218 4224 sium
2271 4167 2571 4237 oppidum,
2636 4167 2798 4221 Turci
2859 4182 2955 4236 per
3020 4165 3355 4221 deditionem
3415 4179 3649 4233 oceutpa-

2080 4268 2229 4315 runt.
2270 4260 2402 4326 Qua:
2438 4272 2623 4314 autem
2655 4260 3000 4314 calamitates
3030 4259 3083 4313 in
3110 4258 3219 4313 hac
3246 4257 3650 4328 expugnatione

2078 4352 2355 4421 Byzantiis
2380 4350 2725 4411 acciderunt,
2768 4348 3034 4417 explicari
3075 4346 3312 4401 dicendo
3343 4355 3646 4414 nequeunt.

398 4434 549 4498 dam,
587 4436 858 4504 repulsam
889 4451 1077 4505 passus
1102 4439 1224 4492 fuit.
1251 4440 1416 4511 348
1439 4441 1577 4495 Hinc
1599 4442 1800 4497 bellum
1830 4444 1973 4501 inter
2006 4462 2049 4517 ι)
2077 4441 2215 4495 Nam
2250 4440 2563 4495 miserabile
2600 4440 2703 4492 hoc
2729 4437 3240 4506 Constantinopolis
3305 4435 3534 4488 exitium
3568 4435 3651 4486 vi—

397 4524 575 4593 ipsum
602 4535 654 4577 et
681 4526 908 4580 fratrem
941 4542 1194 4583 exortum
1222 4541 1326 4585 est.
1356 4534 1517 4588 Prius
1556 4544 1755 4599 tamen,
1803 4552 1969 4605 quam

395 4612 527 4667 belli
559 4612 882 4669 Theodorus
912 4616 1145 4685 aliquem
1179 4635 1495 4674 successum
1532 4622 1833 4687 habuisset,
1861 4625 1971 4680 vita

397 4705 623 4758 functus
646 4715 750 4759 est.
785 4705 1099 4761 Secundum
1132 4708 1248 4763 haec
1307 4711 1611 4768 lacessente
1654 4714 1969 4771 Amuratem

394 4796 786 4860 Constantino,
850 4799 1024 4853 altero
1080 4800 1308 4856 Joannis
1372 4805 1720 4873 imperatoris
1784 4808 1971 4875 fratre,

393 4890 638 4945 lstbtnus
669 4902 976 4961 expugnata
1012 4894 1133 4960 fuit,
1190 4912 1346 4951 muro
1374 4897 1579 4963 diruto,
1641 4901 1733 4968 qui
1796 4919 1973 4971 nuper

2076 4534 2240 4590 detur
2270 4532 2478 4595 omnia,
2511 4546 2633 4601 quae
2660 4546 2756 4601 per
2819 4529 3133 4583 universum
3176 4526 3363 4581 orbem
3407 4525 3651 4595 contige-

2075 4637 2227 4691 runt,
2250 4624 2460 4680 excidia
2490 4638 2799 4692 superasse.
2826 4623 3004 4690 Atque
3032 4620 3119 4673 hic
3144 4618 3356 4687 imperii
3382 4617 3651 4672 Constan-

2078 4719 2428 4789 tinopolitani
2465 4718 2589 4772 ﬁnis
2627 4716 2750 4781 fuit,
2807 4714 2950 4785 quod
2987 4729 3013 4765 a
3053 4710 3412 4766 Constantino
3457 4709 3650 4779 Magno

2077 4829 2140 4867 ex
2178 4812 2330 4867 Italia
2382 4812 2727 4876 translatum,
2764 4806 3119 4879 Byzantiique
3168 4804 3548 4868 constitutum,
3590 4804 3645 4857 in

2082 4901 2445 4956 Constantino
2473 4901 2775 4970 Palaeologo
2803 4897 2989 4953 desiit.

518 5081 1033 5147 Continuationis
1083 5085 1501 5166 Glycanorum
1535 5093 1895 5165 Annalium,
1938 5101 2191 5153 auctore
2226 5092 2467 5150 Joanne
2500 5088 2895 5163 Leunclavt‘o,
2939 5086 3021 5147 ad
3050 5092 3300 5164 captum
3335 5103 3523 5164 usque

1752 5197 2121 5272 Byzantium
2151 5195 2313 5271 ﬁnis.

1648 5461 2379 5493 ’ψ
