3798 6230
320 219 429 284 655
1580 222 1919 286 MICHAEL

2034 225 2292 288 GLYCIE
3459 223 3557 287 £16

318 342 399 393 ὅτι
448 337 707 410 τοιαύτης
756 339 1002 411 ἰατρείας
1050 339 1325 412 δεόμενοι,
1382 340 1480 397 καὶ
1523 342 1599 413 μὴ
1646 345 1942 408 συνιέντες,
1987 341 2125 413 μηδέ
2177 341 2488 413 διδασκάλῳ
2528 338 2816 396 πείθεσθαι
2860 339 3272 414 μεμαθηκότες,
3316 319 3556 394 ἀπελθεῖν

319 438 401 500 είς
449 437 516 486 τὰ
564 433 761 496 ὀπίσω,
808 431 992 498 καθὼς
1030 434 1355 505 ᾑρετίσαντο
1403 434 1890 506 συνεχωρήθησαν.

395 530 838 600 tudigercautem
871 541 971 582 nos
996 527 1096 582 ista
1125 529 1413 595 medicina,
1455 538 1669 584 constat
1706 529 1883 582 omni-
1916 531 1966 591 Α

322 622 519 674 modis.
548 622 841 688 Postquam
876 623 1020 676 enim
1055 622 1320 676 malorum
1353 623 1650 676 multorum
1685 620 1896 674 machi-

323 721 486 765 nator
517 712 680 766 draco
705 711 792 766 ille
830 727 860 766 a
886 712 1156 782 principio
1184 712 1406 768 exitium
1433 712 1593 767 nobis
1617 712 1670 764 in
1703 725 1766 764 os
1790 710 1894 763 int-

323 802 490 865 ntisit,
541 803 778 858 vicissim
804 807 1016 859 curatio
1073 820 1170 872 per
1210 819 1270 858 os
1326 804 1655 872 excogitata,
1703 811 1757 855 et
1812 801 1898 856 iu-

322 909 483 953 venta
506 909 606 954 est.
644 898 756 953 Hoc
786 901 872 953 eui
901 918 928 952 η
966 915 1126 954 sensu
1170 900 1329 953 etiam
1383 898 1584 953 Judaais
1638 896 1900 950 Dominus

324 992 461 1046 dixit
497 1011 508 1045 :
540 991 656 1045 Nisi
679 993 1116 1046 manducaveritis
1147 1009 1356 1046 carnem
1405 991 1530 1043 Filii
1568 988 1818 1049 hominis,
1849 996 1899 1040 et

323 1085 554 1139 biberitis
589 1086 699 1154 ejus
719 1087 1046 1155 sanguinem,
1085 1102 1186 1138 non
1217 1085 1466 1138 habebitis
1497 1087 1658 1136 vitam
1685 1083 1739 1135 in
1806 1097 1901 1134 νο-

325 1176 424 1230 bis.
456 1177 593 1242 Quid
639 1176 756 1230 ita?
819 1175 1087 1244 Quoniam
1149 1175 1443 1245 serpentis,
1499 1190 1660 1244 quem
1715 1181 1898 1227 mente

325 1269 680 1338 percipimus.
753 1284 966 1323 veneno
1011 1277 1138 1322 ante
1197 1277 1418 1336 tempus
1485 1266 1685 1320 mortui
1741 1266 1897 1322 estis.

328 1361 482 1426 Quod
509 1377 632 1415 cum
671 1361 742 1414 ita
785 1362 876 1427 sit,
906 1362 973 1415 de
1009 1370 1208 1415 caetero
1256 1361 1698 1430 pra-purgatione
1759 1373 1901 1427 opus

331 1458 433 1504 est.
462 1449 621 1506 Novit
651 1453 797 1506 enim
846 1451 1016 1520 probe
1048 1451 1312 1506 sanctitas
1336 1459 1449 1514 tua,
1484 1450 1665 1518 etiam
1710 1449 1902 1503 volen-

331 1551 413 1596 tes
445 1543 746 1597 antidotum
775 1542 1039 1613 recipere,
1072 1558 1136 1598 eo
1157 1559 1265 1598 non
1307 1541 1558 1598 similiter
1595 1552 1650 1596 et
1679 1540 1904 1596 fortuito

331 1633 434 1698 uti,
473 1637 794 1704 priusquam
827 1634 1081 1689 videlicet
1113 1635 1361 1704 malignis
1393 1634 1740 1694 humoribus.
1767 1649 1796 1688 a
1823 1633 1904 1688 vi-

2032 1641 2184 1710 μάχῳ
2223 1641 2559 1708 κέχρηνται·
2605 1635 2734 1704 πρὶν
2774 1633 2806 1704 ἦ
2841 1633 3043 1703 δηλαδὴ
3079 1634 3208 1694 τοὺς
3241 1632 3347 1684 ἀπὸ
3376 1629 3569 1698 μοχθη-

329 1731 471 1785 tiosa
522 1730 699 1785 victus
758 1731 972 1785 ratione
1020 1731 1270 1787 collectis
1327 1747 1452 1788 sese
1509 1730 1905 1800 purgaverint:

2032 1735 2120 1793 οᾶς
2154 1729 2361 1798 διαίτης
2408 1725 2865 1795 ἐπισυναχθέντας
2911 1724 3010 1777 οὐκ
3064 1721 3309 1790 ἀγαθοὺς
3373 1720 3569 1789 χυμοὺς

330 1821 426 1877 sed
461 1830 813 1877 attenuantur
852 1833 905 1878 et
939 1833 1238 1893 purgantur
1275 1832 1422 1885 ante,
1467 1835 1522 1877 et
1550 1823 1629 1877 sic
1682 1823 1901 1877 demum

2032 1820 2418 1891 tzxaﬂdpmosv,
2464 1815 2601 1870 ἁ)λά
2648 1815 3139 1884 προλεπτύνονται,
3218 1817 3315 1866 καὶ
3351 1813 3468 1866 τότε
3517 1813 3569 1864 τὸ

333 1914 687 1983 pharmacum
715 1915 1014 1984 accipiunt.
1046 1915 1203 1980 Quod
1237 1915 1354 1970 sine
1387 1915 1552 1970 dubio
1585 1915 1790 1968 idcirco
1829 1913 1905 1969 fa-

2032 1917 2310 1982 ρὰρμακον
2335 1911 2607 1979 δέχονται.
2655 1909 2825 1962 Τοῦτο
2860 1909 2918 1962 δέ
2973 1906 3192 1960 ποιοῦσι
3230 1908 3448 1968 πάντως
3495 1904 3570 1958 ἵνα

334 2001 602 2061 ciunt.ne
651 2017 749 2070 pro
790 2003 1085 2070 pharmaco
1136 2003 1253 2058 utili
1301 2004 1525 2058 noxium
1589 2005 1910 2074 accipiatur.

2032 2005 2092 2072 ,ιὴ
2119 2004 2239 2057 ἀντὶ
2269 2001 2508 2073 χρηστοῦ
2553 2001 2851 2072 φαρμάκου
2882 2000 3211 2068 δηλητήριος
3249 2000 3282 2066 ἡ
3314 1997 3569 2056 ἀντίδοτος

333 2092 515 2158 Quare
547 2106 756 2146 sacrum
787 2104 1005 2165 gustare
1064 2095 1287 2150 calicem
1332 2095 1466 2150 nihil
1527 2097 1765 2166 prodest.
1807 2096 1911 2150 nisi

2032 2098 2398 2169 εὑρεθήσεται.
2433 2094 2650 2149 Οὐκοῦν
2687 2095 3008 2164 ἀσύμφορόν
3048 2095 3164 2146 ἐστι
3192 2094 3304 2153 τοῖς
3339 2093 3410 2158 μὴ
3446 2089 3568 2158 φθεὶ-

336 2183 489 2249 prius
526 2181 666 2236 bene
733 2192 995 2254 purgatus
1058 2184 1125 2239 sit
1171 2186 1211 2240 ί.
1257 2185 1382 2240 Haec
1437 2202 1600 2257 porro
1657 2186 1912 2251 dicimus,

2032 2208 2142 2245 mat
2177 2187 2633 2260 προκαθαρθῆναι
2659 2187 2840 2249 καλῶς
2864 2185 2962 2254 τῆς
2989 2185 3141 2256 ἱερᾶς
3173 2183 3569 2251 ἀπογεύσασθαι

337 2286 445 2326 non
478 2281 538 2327 ut
573 2289 674 2328 nos
695 2273 749 2327 in
786 2275 1222 2344 desperationem
1261 2278 1603 2346 abjiciamus,
1639 2293 1827 2332 verum
1858 2286 1918 2332 ut

2032 2282 2264 2344 κύλικος.
2298 2279 2560 2334 Ταῦταδέ
2591 2278 2828 2347 λέγομεν
2855 2277 2954 2347 οὐχ
2982 2277 3070 2329 ἵνα
3100 2275 3335 2346 pit/mm
3360 2275 3570 2335 ἐαυτοτλς

339 2363 532 2419 modos
553 2366 734 2434 potius
760 2380 823 2420 ac
855 2368 1093 2422 rationes
1117 2369 1414 2424 doceamus
1441 2385 1536 2439 per
1560 2386 1696 2438 quas
1718 2372 1829 2426 vita
1863 2379 1916 2426 et

2032 2377 2102 2438 είς
2134 2374 2467 2440 ἀπόγνωσιν,
2522 2369 2639 2424 ἀλλ’
2697 2369 2783 2422 ἵνα
2813 2371 2941 2431 τοὺς
2998 2368 3233 2438 τρόπους
3289 2364 3570 2433 διδάξωμεν

340 2469 491 2509 mors
550 2455 732 2510 invehi
784 2457 942 2511 solet.
995 2458 1146 2524 Quod
1168 2460 1212 2512 si
1272 2459 1696 2527 afﬁrmat-emus,
1750 2462 1915 2517 etiam

2032 2467 2244 2537 μᾶλλον,
2282 2463 2351 2518 δι’
2381 2457 2456 2517 ὧν
2509 2465 2543 2533 ἡ
2581 2462 2698 2533 ζωὴ
2741 2464 2833 2516 καὶ
2875 2463 2904 2515 ὁ
2938 2459 3170 2522 θάνατος
3229 2457 3568 2529 ἐπιφέρεσθαι

339 2544 530 2617 ejectis
563 2547 880 2603 humoribus
910 2550 1143 2614 vitiosis,
1177 2560 1231 2606 et
1257 2551 1384 2607 inde
1409 2553 1568 2607 nobis
1611 2554 1918 2622 aptitudinc

2032 2557 2199 2612 εἴωθε.
2228 2558 2290 2610 Ei
2319 2558 2420 2628 μὲν
2445 2553 2543 2611 οὖν
2575 2556 2836 2626 ἐλέγομεν
2874 2556 2958 2609 ὅτι
2993 2554 3087 2607 καὶ
3130 2551 3270 2623 μετά
3301 2551 3362 2603 τὸ
3392 2548 3571 2604 statvi)-

341 2637 651 2698 couciliata.
683 2639 928 2694 nondum
962 2641 1207 2710 permitti
1239 2657 1342 2697 nos
1370 2657 1528 2698 sacro
1555 2643 1756 2714 poculo
1785 2644 1915 2708 frui,

2032 2666 2113 2703 ται
2145 2653 2271 2712 τοὺς
2298 2649 2399 2702 οὐκ
2429 2648 2667 2718 ἀγαθοὺς
2697 2648 2929 2717 χυμοὺς,
2963 2643 3215 2698 ἐντεῦθεν
3250 2642 3568 2710 ἐπιτηδείους

346 2737 458 2782 tum
497 2739 822 2800 sequeretur
871 2740 930 2786 ut
978 2733 1383 2802 desperandum
1447 2745 1610 2790 esset.
1662 2734 1816 2802 Quod
1869 2736 1917 2792 si

2032 2739 2248 2801 ἑαυτοὺς
2278 2739 2731 2806 ἀποκαταστῆσαι
2766 2735 2862 2788 τοῦ
2891 2727 3154 2804 ποτηρίου
3186 2730 3566 2786 καταπολαύειν

343 2820 582 2877 nihilest
609 2822 940 2893 huiusmodi,
1000 2825 1174 2894 etqui
1238 2825 1470 2892 accedit,
1533 2827 1917 2884 tantummodo

2032 2831 2082 2884 οὐ
2117 2830 2572 2901 συγχωρούμεθα,
2613 2831 2732 2882 τότε
2761 2827 2946 2899 χώραν
2991 2825 3443 2894 ὁμολογουμένως
3469 2817 3567 2891 εἶχε

343 2914 505 2968 discit
534 2916 808 2985 quomodo
843 2916 1227 2972 "accedendum
1253 2917 1346 2982 sit,
1400 2934 1470 2973 ne
1528 2917 1653 2973 inde
1689 2928 1919 2974 mortem

2032 2923 2092 2976 τὰ
2123 2924 2220 2993 τῆς
2259 2910 2630 2990 ἀπογνώσεως
2655 2937 2668 2951 ο
2707 2923 2755 2974 εἰ
2789 2920 2845 2972 δὲ
2879 2917 3119 2971 τοιοῦτον
3159 2919 3258 2987 μὲν
3309 2919 3408 2970 οὐκ
3438 2915 3566 2967 ἐστιν

344 3021 446 3076 pro
480 3007 589 3061 vita
620 3005 862 3062 lucretur
899 3007 1044 3075 (nam
1076 3008 1232 3079 juxta
1293 3009 1518 3067 beatum
1553 3009 1778 3066 Paulum
1803 3010 1919 3065 ideo

2032 3015 2200 3078 οὐδὲν.
2230 3014 2492 3085 μανθάνει
2521 3014 2578 3068 δὲ
2622 3013 2781 3084 μόνον
2813 3014 2840 3065 ὁ
2872 3010 3312 3080 προσερχόμενος
3343 3008 3569 3072 ὅπωςδεί

344 3099 488 3152 inter
514 3114 606 3153 nos
640 3098 791 3154 multi
827 3099 1050 3169 inﬁrmi,
1104 3110 1152 3154 et
1203 3101 1501 3165 imbecilles,
1545 3113 1594 3156 et
1649 3105 1919 3158 dormiunt

2032 3105 2449 3177 προσέρχεσθαι,
2515 3104 2610 3171 καὶ
2663 3103 2751 3156 ἴνα
2807 3103 2881 3175 μὴ
2927 3101 3158 3163 θάνατος
3209 3099 3358 3169 αὐτῷ
3391 3100 3568 3168 μᾶλλον

347 3191 503 3246 multi
531 3191 574 3263 ')
603 3193 779 3262 qualis
802 3203 884 3248 est
913 3195 1019 3250 ista
1049 3195 1396 3264 desperatio?
1448 3195 1565 3251 Imo
1605 3196 1784 3265 potius
1833 3213 1919 3253 sa-

2032 3195 2144 3248 ἀντὶ
2166 3195 2313 3264 ζωῆς
2347 3195 2432 3265 εἴη
2461 3195 2522 3248 τὸ
2555 3194 2747 3264 κέρδος
2795 3193 3026 3255 ἐκεῖθεν,
3057 3193 3201 3246 κατὰ
3236 3191 3344 3260 γὰρ
3367 3190 3454 3242 τὸν
3482 3207 3571 3258 μα-

347 3285 476 3340 lutis
530 3285 886 3359 concipienda
950 3301 1100 3358 spes,
1147 3303 1308 3358 quam
1376 3287 1620 3344 veritatis
1683 3288 1919 3360 cognitio

2032 3287 2217 3350 κάριον
2267 3287 2476 3342 Παῦλον
2531 3289 2630 3342 διὰ
2681 3289 2855 3344 τοῦτο
2887 3290 2959 3343 ἐν
2988 3289 3132 3359 ἡμῖν
3169 3289 3387 3343 πολλοὶ
3415 3287 3570 3342 ἀσθε-

350 3378 512 3448 Pal‘il-
2026 3381 2154 3446 νεῖς
2186 3399 2250 3435 τε
2305 3381 2403 3435 καί
2449 3381 2764 3450 ἇρῤωστοι,
2824 3384 2921 3436 καί
2975 3382 3300 3451 κοιμῶνται
3353 3380 3568 3435 ίκαγοί⁶

2031 3473 2158 3526 ποία
2189 3471 2393 3526 τούτων
2420 3473 2755 3541 ἀπόγνωσις,
2784 3476 2832 3527 εί
2863 3474 2935 3543 μὴ
2967 3474 3061 3526 καί¹
3087 3474 3287 3543 μᾶλλον
3321 3473 3573 3541 σωτηρίας

2030 3566 2207 3633 ἐλπὶς,
2230 3566 2300 3637 ἣν
2330 3566 2364 3636 ἡ
2397 3565 2496 3634 τῆς
2537 3566 2799 3636 ἀληθείας
2829 3568 3083 3636 ἐπιφέρει
3121 3568 3446 3634 ἐπίγνωσιςς

2066 528 2188 580 ’Ὁτι
2222 526 2277 579 δὲ
2312 526 2573 598 τοιαύτης
2623 525 2869 597 ἰατρείας
2911 523 3246 596 ἐχρῄζομεν,
3287 528 3554 597 ὁμολογεῖ·

2011 639 2103 676 ται
2133 622 2290 674 τοῦτο
2329 621 2699 676 παντάπασιν.
2747 621 2965 692 Ἐπειδὴ
2996 621 3106 690 γὰρ
3134 624 3163 676 ὁ
3194 623 3557 694 πολυμήχανος

2013 716 2231 786 δράκων
2262 717 2354 769 διὰ
2383 715 2653 782 στόματος
2689 715 2822 783 ἡμῖν
2849 712 3094 784 ἀρχῆθεν
3129 715 3293 784 ἐνῆκε
3337 715 3423 769 τὸν
3455 717 3562 768 bis.

2014 809 2164 877 θρον,
2221 809 2310 861 διὰ
2344 809 2614 876 στόματος
2664 802 2822 870 αὖθις
2869 807 2964 861 καὶ
2996 807 3066 862 τὰ
3119 807 3220 876 τῆς
3281 805 3562 877 θεραπείας

2013 903 2380 969 ἐπινενόηται.
2427 902 2584 955 Κατὰ
2615 901 2722 970 γὰρ
2752 899 2910 954 τοῦτο
2942 899 3036 952 καὶ
3059 901 3196 967 πρδς
3232 900 3561 962 Ἰουδαίουςό

2017 993 2219 1062 Κύριος
2254 992 2472 1060 ἔλεγεν
2516 992 2658 1047 Ἐὰν
2705 992 2792 1062 μὴ
2827 990 3056 1061 φάγητε
3090 991 3206 1058 τὴν
3239 989 3433 1059 σάρκα
3467 991 3563 1044 τοῦ

2014 1087 2152 1143 υἱοῦ
2180 1085 2287 1140 τοῦ
2315 1084 2654 1153 ἀνθρώπου,
2675 1086 2772 1139 καὶ
2801 1086 2974 1152 πίητε
3001 1083 3064 1136 τὸ
3085 1079 3248 1151 αἷμα,
3277 1085 3384 1136 οὐκ
3409 1084 3565 1152 ἔχετε

2016 1175 2170 1246 ζωὴν
2198 1177 2266 1230 ἐν
2293 1177 2551 1240 ἑαυτοῖς.
2585 1176 2738 1236 Τίνος
2767 1175 2956 1228 ἕνεκεν
2976 1192 2990 1238 ;
3013 1173 3134 1227 ’Ότι
3162 1172 3243 1243 τῷ
3277 1173 3365 1225 τοῦ
3389 1173 3565 1239 νοητοῦ

2015 1271 2192 1340 ὄφεως
2225 1270 2288 1338 ἰῷ
2320 1271 2660 1339 νεκρωθῆναι
2711 1270 2817 1340 πρὸ
2846 1269 3054 1338 χρόνων
3088 1267 3399 1334 sepem-.13.
3432 1267 3489 1317 Et
3519 1266 3566 1317 δὲ

2013 1361 2188 1416 ταῦτα
2221 1360 2394 1424 οὕτως
2448 1360 2588 1430 ἔχει,
2644 1359 3074 1429 προκαθαρσεως
3124 1357 3335 1424 ἀνάγκη
3365 1353 3565 1406 λοιπόν·

2017 1454 2124 1510 οἶδε
2153 1456 2264 1525 γὰρ
2293 1455 2540 1525 ἀκριϐῶς
2570 1455 2602 1523 ή
2638 1453 2704 1523 σὴ
2735 1453 2952 1520 ὁσιότης
2985 1452 3065 1503 ὅτι
3113 1449 3209 1503 καὶ
3239 1451 3286 1500 οἱ
3336 1449 3568 1509 θέλοντες

2017 1549 2204 1602 λαϐεῖν
2249 1547 2520 1601 ἀντίδοτον
2554 1546 2652 1616 οὐχ
2678 1543 2867 1605 ἀπλῶς
2906 1544 2998 1595 καὶ
3042 1543 3119 1605 ὡς
3151 1542 3309 1610 ἔτυχε
3337 1540 3411 1608 τῷ
3447 1556 3570 1608 φαρ-

424 3667 601 3734 Quam
625 3667 696 3722 ob
716 3682 934 3722 causam
971 3666 1303 3737 vigilandum
1336 3675 1440 3722 est.
1476 3665 1750 3733 Quantum
1779 3666 1924 3721 enim

355 3758 518 3815 habet
541 3760 665 3814 boni
702 3759 823 3830 ejus
857 3774 969 3831 quo
995 3758 1140 3814 iacto
1165 3774 1304 3830 opus
1325 3767 1410 3813 est
1447 3758 1675 3828 agnitio,
1715 3766 1926 3812 tantum

353 3861 545 3905 contra
576 3850 738 3905 habet
762 3850 891 3904 mali
917 3849 1034 3920 ejus
1065 3849 1212 3920 quod
1261 3848 1604 3905 conducibile
1656 3857 1740 3904 est
1770 3849 1927 3918 igno-

352 3941 514 3997 ratio.
551 3939 764 4012 Reputa
793 3941 937 3996 enim
979 3950 1178 4004 tecum.
1221 3955 1329 3993 non
1355 3955 1558 4009 paucos
1585 3938 1929 3993 inﬁrmorum

352 4030 554 4086 adiisse
574 4029 764 4083 mortis
796 4030 1122 4098 periculum,
1155 4027 1285 4098 quia
1307 4043 1432 4082 cum
1469 4027 1524 4081 in
1555 4027 1813 4082 medicos
1839 4027 1926 4080 iu-

353 4120 684 4177 exercitatos
719 4119 1061 4187 incidissent,
1115 4118 1469 4190 congruentia
1514 4121 1705 4176 morbo
1747 4135 1928 4174 reme-

353 4213 441 4267 qlia
464 4227 576 4266 non
608 4222 736 4267 sunt
776 4212 979 4282 adepti.
1034 4211 1190 4277 Quod
1220 4211 1266 4266 si
1297 4209 1478 4266 isthuc
1506 4211 1577 4264 ita
1622 4225 1683 4268 se
1747 4209 1930 4274 habet,

357 4301 490 4356 nulli
537 4301 616 4356 rei
657 4316 885 4372 parcere
928 4316 1144 4371 aequum
1198 4301 1495 4366 videretur,
1547 4301 1596 4355 si
1653 4299 1781 4370 quid
1833 4315 1931 4369 po-

359 4396 468 4450 tius
529 4404 642 4450 tum
683 4393 787 4465 ipsi
838 4395 979 4449 male
1019 4394 1246 4458 valenti,
1286 4402 1400 4448 tum
1439 4395 1733 4463 pliartnaca
1766 4392 1932 4447 mini-

358 4488 552 4544 stranti
595 4487 885 4543 manifeste
911 4487 1214 4558 periculum
1277 4487 1544 4542 imminet.
1602 4487 1679 4540 Ac
1728 4486 1775 4540 si
1815 4486 1929 4554 pla-

2104 3660 2400 3729 Προσέχειν
2431 3655 2528 3714 οὖν
2561 3661 2656 3714 ἐπὶ
2679 3660 2893 3724 τούτοις
2921 3660 3093 3724 ἄξιον.
3123 3661 3291 3714 Ὅσον
3324 3663 3428 3732 γὰρ
3455 3661 3575 3727 ἀγα-

2032 3749 2142 3804 θῶν
2171 3752 2204 3821 ἡ
2232 3748 2328 3804 τοῦ
2376 3749 2588 3814 δέοντος
2620 3751 2860 3821 εὕρεσις,
2892 3751 3146 3806 τοσοῦτον
3192 3750 3348 3814 αὖθις
3413 3751 3575 3804 κακῶν

2032 3845 2065 3912 ή
2115 3840 2212 3896 τοῦ
2248 3841 2628 3914 συμφέροντος
2665 3843 2877 3912 ἄγνοια.
2916 3841 3061 3913 Ὅρα
3093 3843 3202 3912 γὰρ
3230 3844 3313 3896 ὅτι
3360 3843 3448 3896 καὶ
3483 3842 3576 3894 τῶν

2032 3937 2468 4007 ἠῤῥωστηκότων
2496 3935 2598 3989 οὐκ
2634 3935 2807 4003 ὀλίγοι
2835 3935 3050 4005 θανάτῳ
3096 3937 3414 4004 περιπεσεῖν
3447 3937 3574 3988 ἐκιν-

2031 4025 2317 4090 δύνευσαν,
2349 4025 2540 4096 ἐπειδὴ
2575 4027 2928 4096 κακοτέχνοις
2977 4024 3350 4095 ἐγκύρσαντες
3394 4024 3575 4091 ίατροϊς

2040 4115 2315 4184 φάρμακα
2341 4117 2408 4185 τῇ
2458 4115 2598 4181 νόσῳ
2645 4114 2973 4183 κατάλληλα
3005 4115 3107 4168 οὐκ
3148 4113 3414 4179 ἐδέξαντο.
3444 4112 3502 4164 Ei
3527 4110 3574 4162 δὲ

2035 4206 2210 4261 ταῦτα
2250 4207 2422 4271 οὕτως
2451 4206 2589 4277 ἔχει,
2629 4205 2908 4276 φείδεσθαί
2961 4223 3107 4270 τινος
3135 4207 3234 4275 οὐχ
3259 4207 3424 4267 ὅσιον,
3458 4203 3575 4270 είγε

2038 4301 2329 4372 προφανῶς
2379 4301 2616 4373 ὑπάρχει
2650 4303 2744 4355 καὶ
2775 4300 2975 4372 μᾶλλον
2999 4303 3026 4355 ό
3060 4301 3309 4362 κίνδυνος
3346 4299 3483 4368 αὑτῷ
3525 4313 3574 4350 τε

2036 4392 2112 4460 τῷ
2143 4391 2326 4455 κακῶς
2358 4392 2562 4462 ἔχοντι,
2609 4394 2705 4447 καὶ
2733 4393 2809 4464 τῷ
2850 4393 2920 4446 τά
2949 4393 3216 4462 φάρμακα
3259 4393 3571 4462 ἐπιφέροντι.

2041 4483 2148 4536 Καὶ
2181 4486 2229 4537 εί
2265 4483 2463 4554 βούλει,
2493 4487 2556 4555 τῇ
2601 4487 2926 4552 παραινέσει
2957 4487 3233 4554 πρόσσχες
3266 4487 3331 4555 ἣν
3360 4487 3386 4536 ὀ
3421 4484 3576 4553 μέγας

358 4589 468 4645 cet,
500 4572 926 4638 admonitionem
982 4579 1250 4644 ausculta,
1284 4595 1390 4648 qua
1425 4578 1656 4632 Basilius
1693 4575 1919 4648 Magnus

2032 4573 2308 4638 Βασίλειος
2357 4577 2495 4645 ἱερεί
2545 4579 2709 4628 παντὶ
2764 4579 3023 4645 παραινεῖ
3075 4576 3285 4643 λέγων’
3319 4577 3458 4642 Ὅρα
3503 4573 3572 4640 μὴ

359 4673 697 4728 sacerdotem
762 4687 1210 4743 unumquemque
1280 4671 1590 4742 compellat,
1679 4670 1735 4725 in
1812 4670 1928 4724 haec

359 4764 561 4820 verba:
589 4763 713 4817 Vide
749 4781 809 4817 ne
838 4781 1031 4831 paveas
1058 4763 1346 4827 hominem,
1404 4765 1472 4816 ad
1503 4762 1713 4831 lapsum
1744 4769 1792 4815 et
1826 4761 1925 4812 de-

359 4855 543 4908 lictum
576 4864 745 4921 tuum,
777 4871 898 4909 neve
929 4857 1110 4909 tradas
1143 4854 1339 4910 Filium
1369 4854 1464 4908 Dei
1497 4855 1551 4906 in
1603 4868 1790 4906 manus
1846 4853 1930 4904 in-

358 4948 656 5017 dignorum.
689 4944 772 5000 Ne
794 4962 1074 5016 lreuereare
1104 4963 1415 5017 quamquam
1448 4946 1737 5016 gloriosum
1776 4955 1931 4997 teme

360 5041 415 5093 in
443 5039 573 5092 Itora
600 5037 718 5102 illa,
754 5047 801 5091 et
837 5047 892 5092 ut
915 5039 1097 5108 paucis
1125 5037 1589 5108 comprehendam,
1627 5053 1756 5106 quos
1791 5039 1930 5090 sacri

361 5146 586 5216 canone!
621 5128 930 5198 excludunt,
957 5147 1020 5184 ns
1048 5130 1166 5184 illos
1199 5131 1285 5198 fac
1330 5131 1633 5200 participes.
1697 5129 1926 5197 Insuper

363 5223 705 5280 etJoannem
731 5237 895 5276 aurea
943 5223 1259 5276 fundentem
1296 5223 1517 5277 ﬂumina
1557 5221 1737 5277 divina
1789 5219 1931 5275 dona

344 5314 807 5368 .administrantes
823 5313 900 5368 sic
929 5312 1154 5367 all‘atum
1192 5321 1404 5368 constat
1443 5330 1458 5367 :
1491 5312 1550 5368 Si
1575 5314 1713 5368 enim
1741 5309 1934 5366 conscii

363 5406 610 5461 nequitia:
635 5405 950 5473 cujuspiam,
986 5405 1145 5474 hujus
1202 5420 1394 5458 mensae
1443 5419 1561 5457 eum
1619 5405 1932 5473 participem

363 5494 481 5561 ﬁeri
512 5495 877 5566 permiscritis,
913 5497 1130 5566 sanguis
1182 5499 1294 5566 ejus
1355 5499 1417 5552 de
1461 5497 1704 5553 manibus
1751 5495 1936 5552 vestris

443 5627 651 5725 ‘ilCor.
692 5689 763 5728 ιι.
840 5675 860 5705 ⁸
895 5673 1034 5730 Ibid.
1072 5673 1157 5726 50.

2035 4665 2303 4734 πτοηθῇς
2325 4667 2640 4735 ἄνθρωπον
2666 4671 2750 4735 είς
2782 4667 3014 4721 πτῶσίν
3043 4683 3158 4722 σου
3185 4685 3196 4697 ·
3229 4669 3316 4738 μὴ
3343 4665 3575 4733 παράδος

2037 4757 2141 4810 τὸν
2161 4759 2302 4811 rixis»
2321 4758 2427 4812 τοῦ
2456 4759 2601 4813 Θεοῦ
2626 4761 2712 4825 εἰς
2741 4759 2944 4828 χεῖρας
2965 4760 3229 4822 ἀναξίων
3249 4777 3262 4790 ο
3293 4760 3376 4828 μὴ
3402 4761 3574 4824 ἐντρα-

2038 4847 2161 4915 πῇς
2183 4865 2318 4904 τινα
2334 4848 2724 4927 τῶν-ἐνδόξων
2754 4849 2861 4917 τῆς
2893 4847 3002 4920 γῆς
3031 4851 3102 4903 έν
3117 4849 3192 4918 τῇ
3220 4849 3340 4919 ὥρᾳ
3360 4851 3572 4912 ἐκείνῃ.

2039 4943 2139 4997 καὶ
2161 4942 2369 5008 ἁπλῶς
2384 4943 2576 4996 εἰπεῖν
2603 4938 2696 5009 οἷς
2727 4945 2781 4997 οἱ
2797 4943 2939 4997 θεῖοι
2966 4945 3221 5008 κανόνες
3248 4946 3358 4996 οὐκ
3375 4938 3574 5006 ἐπιτρέ-

2038 5033 2314 5103 πουσιμὴ
2341 5034 2665 5103 μεταδίδου
2699 5051 2712 5064 ·
2737 5035 2957 5104 καὶγὰρ
2979 5034 3055 5095 ὡς
3074 5030 3572 5100 ἐθνικοὶεὺλογὶσθη-

2037 5144 2134 5181 σαν
2153 5145 2165 5158 ⁸
2188 5129 2238 5181 εί
2268 5128 2326 5180 δέ
2344 5128 2420 5199 μὴ
2447 5127 2855 5199 ἐπιστρέφουσι,
2886 5127 2979 5180 καὶ
3009 5128 3192 5188 αὐτοῖς
3217 5127 3357 5187 οὐαὶ,
3390 5125 3472 5179 καὶ
3503 5138 3576 5190 με-

2039 5220 2346 5274 ταδιδοῦσιν
2377 5222 2580 5285 αὐτοῖς.
2601 5221 2743 5292 Πρὸς
2769 5221 2825 5275 δέ
2851 5237 2914 5289 γε
2943 5223 3055 5284 τοῖς
3089 5221 3398 5291 εἰρημένοις
3442 5217 3522 5268 καὶ
3552 5214 3573 5264 ὁ

2043 5314 2447 5384 χρυσοῤῥήμων
2493 5313 2743 5384 Ἰωάννης
2782 5311 2956 5376 οὕτως
2993 5312 3218 5381 εὕρηται
3257 5315 3369 5372 τοίς
3397 5309 3457 5361 τὰ
3481 5307 3574 5358 θεῖα

2047 5404 2587 5476 μεταχειριζομένοις
2630 5405 2781 5475 δῶρα
2816 5403 3024 5471 λέγων’
3066 5405 3131 5456 Ei
3169 5402 3280 5471 γὰρ
3335 5394 3574 5454 συνειδόν

2047 5515 2146 5567 τες
2190 5497 2306 5553 τινὶ
2340 5499 2640 5567 πονηρίαν
2675 5494 3106 5567 συγχωρήσετε
3163 5495 3382 5562 ταύτης
3424 5485 3572 5560 μετὰ·
