3798 6230
183 366 278 428 €85

1550 379 1916 442 EPISTULA
1956 382 2031 444 Il.

3310 391 3379 441 1ιὸ
3399 402 3413 429 ι

180 477 385 544 ἔφθασε
418 476 490 532 δι’
517 482 709 548 αὐτὴν
757 481 1052 552 ἁμαρτίαν
1099 487 1504 559 ἐπισυμϐἦναι
1542 489 1724 554 αὐτῷ.

1855 493 2031 563 nquit,
2075 493 2544 562 corruptibilefhoc
2595 496 2811 549 induere
2861 495 3330 564 incorruptionem,
3363 502 3411 544 ct

181 568 400 638 Πρόσεχε
429 569 540 624 οὖν.
590 573 652 626 Et
682 575 790 647 γὰρ
818 579 1059 632 τοιοῦτον
1105 581 1384 652 ἐγείρεται
1437 586 1621 638 ὁποῖον
1655 582 1728 656 ἦν

181 658 265 711 ἀπ’
293 661 486 731 ἀρχῆς,
511 664 572 716 τὸ
613 666 671 718 δὲ
695 667 1040 738 ἐγειρόμενον
1070 673 1250 726 ἐκεῖνο
1288 677 1406 727 τότε
1441 676 1599 744 σῶμα
1634 677 1732 730 θα-

181 747 326 800 νάτου
357 753 448 804 καὶ
500 754 705 824 φθορᾶς
758 757 983 826 ἄμεινον
1025 763 1324 832 ἐγερθῆναι
1361 767 1729 834 ὁμολογεῖται,

181 840 266 891 καὶ
291 840 494 910 βεϐαιοῖ
528 846 620 898 τὸν
645 847 804 915 λόγον
837 852 864 903 6
886 851 1188 922 πάμμεγας
1228 856 1438 917 Παῦλος
1471 856 1614 910 οὕτω
1642 857 1732 910 λέ-

1837 585 2061 639 mortalc
2119 589 2214 639 hoc
2267 587 2717 640 immortalitatem
2758 604 2774 640 :
2814 585 3162 640 manifestum
3241 583 3310 638 sit
3359 593 3413 637 ct

1834 693 2034 747 corpus
2077 677 2229 740 illml,
2267 679 2499 747 primum
2556 679 2809 732 videlicet
2869 694 2896 731 a
2959 681 3070 732 Deo
3137 671 3408 740 lcreatum,
3477 659 3484 665 ’

1837 783 1962 820 vere
2000 766 2307 821 immortale
2357 766 2546 831 fuisse,
2607 776 2660 820 et
2715 768 3130 838 incorruptibile
3185 784 3198 820 :
3266 766 3410 835 quod

1840 858 2000 912 toties
2024 859 2134 927 jam
2163 858 2420 912 diximus.

179 948 307 998 των·
345 935 445 989 Δεῖ
484 938 548 993 τὸ
579 943 846 1010 φθαρτὸν
881 944 1058 998 τοῦτο
1087 947 1463 1004 ἐνδύσασθαι
1523 950 1892 1017 ἀφθαρσίαν,
1930 950 2027 1004 καί
2076 951 2139 1004 τὸ
2201 952 2426 1018 θνητὸν
2460 951 2634 1006 τοῦτο
2661 951 3031 1006 ἐνδύσασθαι
3052 952 3410 1006 ἀθανασίαν

177 1025 377 1094 εὔδηλον
421 1031 638 1098 πάντως
671 1037 752 1089 ὅτι
790 1039 886 1091 καὶ
941 1043 1099 1112 σῶμα
1139 1045 1350 1108 ἐκεῖνο,
1385 1043 1530 1111 λέγω
1571 1044 1630 1098 δὲ
1665 1045 1729 1098 τὸ
1772 1046 2007 1116 πρώτως
2043 1046 2147 1100 ὑπὸ
2205 1046 2342 1099 Θεοῦ
2384 1046 2631 1116 ποιηθὲν,
2693 1044 2960 1099 ἀθάνατον
2992 1043 3204 1113 ἀληθῶς
3239 1043 3416 1112 ὑπῆρ-

176 1134 229 1184 χε
255 1119 340 1173 καὶ
369 1122 662 1194 ἄφθαρτον,
691 1130 763 1193 ὡς
800 1132 898 1203 ἤδη
933 1135 1190 1197 πολλάκις
1222 1137 1550 1206 είρήκαμεν.

238 1213 368 1267 Αὐτὸ
396 1217 551 1270 τοῦτο
578 1222 880 1293 παρίστησι
921 1226 1016 1279 καὶ
1060 1228 1088 1280 6
1137 1227 1364 1298 Νύσης
1397 1229 1540 1292 θεῖος
1588 1229 1731 1300 Γρηυ

174 1306 359 1374 τόριος,
391 1311 554 1380 ήνίκα
599 1316 694 1367 καὶ
730 1317 933 1384 μᾶλλον
983 1320 1215 1389 εὓρηται
1248 1322 1311 1374 τὸ
1353 1320 1448 1374 τοῦ
1495 1320 1729 1390 Ἐκκλη-

176 1400 380 1454 σιαστοῦ
423 1403 565 1456 θεῖον
590 1407 752 1474 ῥητὸν
784 1409 1225 1478 ὲπεξηγούριενος
1254 1413 1313 1464 τὸ
1358 1412 1730 1482 διαλαμϐάνον

122 1531 125 1534 .
172 1490 328 1554 οὕτως
359 1493 415 1546 ἐν
434 1493 609 1562 λέξεσι
629 1513 644 1528 ο
683 1500 742 1552 Τι’
782 1500 848 1552 τὸ
878 1505 1167 1570 γεγονός;
1196 1504 1352 1557 Αὐτὸ
1382 1504 1446 1557 τὸ
1479 1507 1732 1574 γενησό-

168 1600 358 1652 μενον.
403 1587 510 1640 Καὶ
550 1588 606 1642 τί
633 1589 697 1642 τὸ
729 1593 1345 1662 πεποιημένονμὶὺτὸ
1383 1595 1447 1649 τὸ
1478 1601 1728 1664 nomon-

172 1675 437 1744 σύμενον.
470 1679 634 1748 Λέγει
675 1681 787 1753 γὰρ
843 1683 925 1736 ὅτι
959 1686 1104 1755 χειρὶ
1136 1685 1270 1738 Θεοῦ
1303 1689 1677 1757 πεποιημένος
1704 1689 1732 1740 6

171 1766 438 1838 ἄνθρωπος
485 1772 584 1843 οὐχ
622 1772 652 1826 ὸ
694 1775 787 1827 νῦν
816 1776 934 1829 ἐστι
965 1777 1056 1830 διὰ
1083 1777 1183 1845 τὴν
1229 1778 1527 1849 ἁμαρτίαν,
1561 1779 1734 1849 ῆγουν

1906 1223 1965 1279 ld
2000 1225 2179 1294 ipsum
2217 1239 2436 1294 quoque
2467 1223 2626 1279 docet
2651 1222 2834 1296 Nyssre
2866 1223 3159 1294 episcopus
3193 1233 3416 1280 Sanctus

1837 1315 2132 1387 Gregorius
2168 1317 2466 1386 praesertim
2500 1317 2594 1372 ubi
2635 1318 2878 1372 divinum
2939 1316 3281 1372 Ecclesiasta?
3335 1317 3415 1372 di-

1837 1418 1984 1464 ctum
2016 1409 2260 1478 exp'onit,
2311 1425 2510 1478 nempe
2545 1409 2686 1464 istuc
2717 1425 2736 1462 ι
2766 1408 2907 1473 Quid
2951 1419 3027 1464 est
3072 1410 3212 1478 quod
3251 1409 3416 1477 fuit?

1834 1499 2013 1568 Ipsum
2041 1499 2176 1569 quod
2208 1501 2446 1567 futurum
2493 1510 2592 1570 est.
2643 1492 2781 1562 Quid
2833 1498 2971 1567 quod
3036 1501 3231 1567 factum
3283 1501 3416 1553 est?

1837 1590 2022 1660 Ipsum
2057 1593 2192 1660 quod
2217 1592 2514 1660 faciendum
2560 1600 2655 1644 est.
2696 1590 2786 1644 Ait
2819 1589 2968 1645 enim
3003 1606 3166 1644 manu
3203 1588 3294 1644 Dei
3332 1590 3414 1644 la-

1843 1692 1996 1737 etum
2031 1683 2306 1738 hominem
2335 1699 2442 1739 non
2467 1697 2610 1746 esse,
2643 1684 2732 1752 qui
2759 1697 2905 1736 nunc
2927 1689 3009 1737 cst
3037 1691 3259 1751 propter
3288 1697 3414 1752 pec-

1840 1785 2046 1843 catum,
2069 1776 2184 1829 sive
2213 1775 2528 1828 mutabilem
2546 1783 2600 1830 et
2617 1773 3050 1843 corruptibilem.
3071 1772 3126 1826 Si
3150 1773 3336 1844 igitur,
3360 1773 3416 1826 in

172 1862 387 1926 τρεπτὸς
408 1863 501 1915 καὶ
549 1864 794 1934 φθαρτὸς
816 1907 831 1932 ,
865 1868 1026 1921 τοῦτο
1058 1863 1126 1938 ἦν
1180 1870 1278 1922 ἀπ’
1308 1871 1507 1940 ἀρχῆς,
1567 1871 1682 1924 ἀλλ’
1707 1870 1732 1922 6

1847 1869 2234 1940 incorruptione
2255 1869 2392 1922 Deus
2411 1870 2673 1922 hominem
2690 1868 2811 1939 fecit
2830 1866 3114 1920 secundum
3134 1866 3415 1937 imaginem

170 1952 513 2021 ποιηθήσεται
554 1955 802 2028 ὕστερον,
829 1961 1102 2030 ἄτρεπτος
1122 1960 1368 2029 δηλονότι
1397 1963 1491 2014 καὶ
1517 1962 1732 2034 ἄφθαρ-

169 2063 268 2111 τος.
297 2049 460 2120 Είπερ
493 2049 588 2106 οῦν
640 2056 667 2106 6
695 2053 826 2117 Θεὸς
859 2057 950 2108 ἐπ’
979 2055 1264 2128 ἀφθαρσίᾳ
1316 2057 1408 2111 τὸν
1440 2057 1732 2126 ἄνθρωπον

170 2138 336 2194 ἔκτισε
373 2144 492 2198 κατ’
530 2145 716 2199 είκόνα
744 2148 842 2216 τῆς
875 2148 1178 2217 ἀῖδιότητος
1205 2149 1392 2217 αὑτοῦ,
1423 2149 1568 2203 καθά
1597 2167 1731 2220 φησι

170 2233 403 2306 Σολομῶν
427 2252 443 2270 ο
504 2236 664 2312 εἴπερ
696 2239 864 2307 ἔδειξε
893 2242 954 2294 τὸ
1005 2243 1208 2296 οίκεῖον
1240 2243 1527 2312 φιλότιμον
1565 2259 1733 2313 μετα-

166 2330 278 2394 δοὺς
308 2331 454 2402 αὐτῷ
478 2331 664 2403 ψυχῆς
693 2335 883 2403 νοερᾶς
905 2333 982 2396 ὡς
1008 2332 1147 2388 εἶναι
1175 2337 1272 2388 καὶ
1294 2334 1561 2390 ἀθάνατον
1589 2336 1650 2398 ἐς
1671 2335 1732 2388 τὸ

168 2422 416 2492 διηνεκὲς,
449 2425 529 2489 ὠς
555 2427 582 2477 6
627 2426 869 2496 χρυσοῦς
917 2427 1016 2497 τὴν
1045 2427 1296 2496 γλῶττάν
1340 2436 1538 2498 φησιν’
1572 2429 1732 2497 εἴπερ

167 2511 250 2568 οὖν
275 2518 485 2570 αἰωνίου
521 2517 665 2589 ζωῆς
684 2520 988 2573 ἀπόλαυσιν
1015 2519 1312 2590 ἐχαρίσατο
1347 2523 1432 2590 τῷ
1458 2519 1733 2591 ἀνθρώπῳ

167 2609 275 2662 κη’
297 2613 460 2681 ἀρχὰς
495 2614 524 2665 6
553 2612 707 2677 Θεὸς,
742 2614 817 2678 ὡς
843 2615 871 2666 6
917 2613 1092 2683 μέγας
1123 2615 1257 2684 φησὶ
1302 2614 1588 2686 Βασίλειος
1608 2628 1624 2646 °
1655 2615 1732 2666 εῖ-

167 2719 260 2770 περ
280 2703 368 2757 οῦν
397 2707 434 2780 ἡ
468 2703 663 2774 πρώτη
691 2705 909 2776 ποίησις
940 2706 1034 2768 τοῦ
1080 2706 1250 2772 Ἀδὰμ
1299 2706 1578 2777 ἄφθαρτος
1631 2701 1727 2776 ἦν,

165 2793 231 2856 ὡς
263 2797 288 2848 6
319 2796 575 2866 Σιναῒτης
601 2797 767 2867 «mai.
805 2797 948 2860 θεῖος
991 2799 1346 2862 ’.ἀναστάσιος
1373 2816 1386 2829 °
1428 2801 1589 2868 είπερ
1636 2795 1733 2853 οὖν

168 2886 315 2956 σῶμα
363 2889 563 2941 δέδωκε
612 2889 692 2958 τῷ
743 2889 1019 2960 ἀνθρώπῲ
1059 2889 1179 2944 κατ’
1228 2891 1402 2960 ἀρχὰς
1440 2892 1468 2943 6
1511 2891 1642 2954 Θεὸς
1673 2892 1733 2943 τὸ

109 3042 111 3044 η
167 2978 411 3034 ἀθάνατον
443 2981 544 3035 καὶ
567 2982 897 3053 ἀνώλεθρον,
931 2982 1006 3046 ώς
1038 2985 1064 3035 6
1094 2983 1234 3046 θεῖος
1271 2982 1528 3053 Ἀνδρέας
1564 2981 1731 3052 εὕρη-

153 3071 246 3123 ’ται
268 3072 436 3141 λέγων
457 3091 471 3105 ο
520 3069 676 3142 εἴπερ
727 3072 818 3127 οὖν
851 3073 1295 3144 αὐτεξουσιότητι
1329 3077 1422 3127 καὶ
1456 3073 1731 3141 ἀθανασία

1835 1967 2149 2020 aeternitatis
2179 1981 2310 2029 suto,
2345 1974 2404 2018 ut
2433 1943 2715 2018 'Salomon
2753 1963 2829 2017 ait
2865 1981 2878 2016 :
2916 1963 2962 2017 si
2993 1962 3048 2016 in
3075 1977 3140 2016 eo
3167 1962 3414 2016 dcclara-

1834 2059 1912 2115 vit
1939 2057 2178 2112 studium
2207 2072 2336 2127 erga
2369 2056 2520 2110 illum
2547 2070 2729 2122 suum,
2755 2053 2898 2124 quod
2931 2053 3170 2108 animam
3201 2054 3414 2108 ratione

1833 2151 2120 2222 praeditam
2149 2149 2224 2204 illi
2287 2150 2539 2215 immisit,
2580 2159 2640 2202 ut
2696 2157 2843 2204 esset
2891 2147 3054 2202 etiam
3095 2145 3416 2200 immortalis

1831 2244 2053 2313 jugiter,
2093 2243 2237 2298 sicut
2259 2243 2688 2314 Chrysostomus
2721 2240 2898 2308 inquit
2931 2257 2943 2292 :
2978 2242 3024 2295 si
3057 2238 3221 2309 igitur
3251 2249 3415 2293 aeter-

1833 2351 1919 2390 na:
1950 2335 2070 2389 vitae
2099 2334 2412 2388 fruitionem
2448 2334 2673 2388 donavit
2709 2334 2776 2388 ab
2805 2333 2962 2386 initio
3001 2331 3208 2386 homini
3244 2331 3414 2395 Deus,

1833 2437 1895 2482 ut
1919 2427 1998 2482 ait
2029 2442 2260 2498 magnus
2323 2427 2558 2482 Basilius
2590 2442 2603 2479 :
2635 2426 2685 2480 si
2754 2425 2921 2496 igitur
2977 2425 3156 2494 prima
3205 2425 3438 2486 crcatio_

1834 2525 2266 2596 incorruptibilis
2292 2536 2432 2591 erat,
2462 2535 2523 2580 ut
2567 2524 2787 2580 divinus
2839 2521 3162 2577 Anastasius
3207 2520 3417 2576 Sinaita

1831 2621 2061 2676 scribit:
2099 2623 2142 2677 si
2177 2623 2341 2692 igitur
2375 2619 2695 2691 dignitatem
2761 2617 2908 2672 dedit
2937 2615 3208 2687 principio
3240 2615 3419 2670 homi-

1832 2714 1890 2768 ni
1938 2714 2102 2778 Deus,
2142 2729 2340 2784 nempe
2369 2713 2520 2768 exitii
2573 2720 2852 2781 expertem
2879 2723 3022 2771 esse,
3053 2718 3110 2763 ut
3165 2717 3416 2763 sanctum

1831 2805 2104 2858 Andream
2131 2803 2446 2860 Cretensem
2481 2804 2683 2858 dixisse
2718 2811 2866 2872 patet
2897 2817 2912 2856 :
2951 2802 2995 2855 si
3045 2801 3210 2872 igitur
3245 2800 3416 2855 libero

1834 2904 1944 2950 tate
1974 2894 2296 2959 voluntatis,
2335 2903 2390 2948 et
2446 2893 2858 2948 immortalitate
2910 2905 3035 2947 cum
3103 2893 3418 2946 decorasset

1833 2986 2112 3042 hominem
2158 2985 2324 3048 Deus,
2361 3000 2542 3054 regem
2605 2985 2850 3040 onmium
2888 2983 3418 3037 terrenorum‘insti-

1831 3079 1960 3144 tuit,
2017 3087 2076 3133 ut
2145 3078 2337 3133 beatus
2384 3077 2636 3131 Barlaam
2683 3076 2838 3138 dixit,
2893 3076 3170 3144 quomodo
3235 3076 3416 3128 adhuc

164 3166 383 3236 τιμήσας
411 3167 504 3219 τὸν
538 3166 824 3237 ἄνθρωπον
867 3167 896 3220 6
947 3167 1078 3228 Θεὸς
1109 3165 1335 3234 βασιλέα
1365 3165 1585 3219 πάντων
1618 3164 1731 3218 τῶν

1847 3171 2117 3226 mortalem
2166 3187 2194 3226 a
2228 3170 2344 3225 Deo
2394 3169 2722 3240 productum
2758 3168 3115 3222 asseremus?
3185 3167 3414 3221 Prorsus

165 3259 406 3323 ἐπιγείων
451 3259 806 3328 κατέστησε,
865 3259 1120 3328 καθάπερ
1167 3259 1194 3310 6
1260 3255 1531 3327 μακάριός
1596 3272 1732 3325 φησι

166 3349 444 3420 Βαρλαέιμ·
483 3350 602 3413 πῶς
643 3351 830 3404 λοιπὸν
867 3350 1028 3405 αὑτὸν
1059 3349 1194 3419 ὁμοῦ
1218 3350 1309 3402 καὶ
1342 3347 1609 3401 ἀθάνατον
1637 3345 1734 3399 καὶ

165 3438 343 3507 θνητὸν
371 3441 478 3492 ὑπὸ
504 3438 639 3493 Θεοῦ
667 3439 1017 3512 παραχθῆναι
1039 3439 1282 3509 εἴπωμεν
1305 3456 1320 3506 ;
1359 3438 1730 3504 ’Δνέκδεκτον,

163 3535 232 3595 ὡς
261 3527 426 3604 οἶμαι,
485 3535 646 3586 τοῦτο
682 3533 776 3587 καὶ
813 3533 936 3585 λίαν
971 3532 1112 3585 ἐστί.
1166 3531 1277 3583 Καὶ
1310 3529 1429 3592 πῶς
1475 3529 1586 3600 γὰρ
1634 3529 1733 3582 οὐκ

167 3627 494 3694 ἁνέκδεκτον,
533 3627 649 3694 εἴγε
683 3626 779 3679 καὶ
813 3625 840 3676 6
866 3625 1033 3686 πολὺς
1061 3625 1118 3676 ὲν
1148 3621 1396 3694 θεολογί-ςι
1426 3621 1733 3692 Γρηγόριος

164 3721 255 3774 οὐκ
288 3723 348 3792 ἑᾷ
367 3722 499 3791 περὶ
529 3719 624 3773 τοῦ
676 3717 894 3791 πρώτου
921 3715 1212 3788 ἀνθρώπου
1265 3714 1492 3769 τοιαῦτα
1524 3713 1733 3782 φαντάο

167 3814 374 3884 ζεσθαι;
409 3814 627 3878 Παντὸς
659 3814 764 3883 γὰρ
796 3810 1256 3879 ὲπικαλὺμματος
1285 3811 1377 3863 καὶ
1410 3808 1735 3878 προῦλήμα-

164 3927 247 3975 τος
271 3910 493 3964 ἀνενδεᾶ
521 3907 613 3962 τὸν
664 3906 760 3960 ἀπ’
786 3904 966 3975 ἀρχῆς
999 3899 1142 3956 εἶναι
1174 3903 1372 3969 εἰπὼν,
1405 3901 1574 3967 ἔδειξε
1596 3917 1732 3972 προ-

167 4005 338 4068 φανῶς
367 4004 448 4058 ὅτι
476 4000 672 4072 στολὴν
703 3997 1004 4060 ἀθαναείας
1028 3995 1407 4066 ἠμφιεσμένος
1431 3991 1499 4067 ἦν
1528 3996 1555 4048 6
1584 3994 1735 4065 πρῶ-

164 4117 248 4162 τος
302 4100 405 4154 ὑπὸ
436 4098 577 4153 Θεοῦ
630 4093 1062 4167 δημιουργηθεὶς
1124 4091 1432 4161 ἄνθρωπος.
1480 4091 1592 4144 Καὶ
1625 4090 1733 4158 γὰρ

167 4194 210 4244 εί
238 4193 307 4263 μὴ
335 4193 495 4247 τοῦτο
523 4187 614 4262 ἦν,
636 4190 737 4242 οὐκ
753 4188 818 4242 ἂν
839 4189 870 4257 ἠ
889 4185 1213 4255 ὲσχάτητῶν
1235 4183 1503 4254 σωμάτων
1515 4182 1732 4251 ἐγερσις

166 4285 412 4348 ἐπάνοδος
441 4282 582 4337 εἶναι
614 4281 832 4349 ἐλέγετο
861 4277 1000 4348 πρός
1035 4293 1099 4346 γε
1124 4277 1223 4344 τὴν
1253 4275 1489 4346 ἀρχαίαν
1518 4275 1734 4343 ἐκείνην

166 4382 252 4433 καὶ
290 4380 515 4450 πρώτην
548 4375 851 4446 διαγωγήν.
904 4373 1018 4425 Καὶ
1075 4369 1268 4423 πείθου
1324 4367 1611 4422 κάνταῦθα
1659 4365 1735 4436 τῷ

167 4476 381 4545 μεγάλῳ
414 4471 616 4541 Παύλῳ
641 4469 854 4538 λέγοντι
871 4484 886 4501 ο
912 4467 1223 4532 Eas/petat
1246 4464 1315 4517 ὲν
1345 4461 1558 4532 φθορᾷ,
1583 4462 1734 4532 ἐγεί-

1838 3262 2177 3331 impossibile
2203 3261 2402 3332 opinor
2436 3274 2577 3314 csse.
2610 3257 2849 3326 Quidni?
2909 3256 3129 3328 quando
3157 3267 3212 3308 et
3257 3258 3413 3310 theo-

1836 3355 1994 3426 lOgia:
2021 3353 2375 3409 doctissimus
2429 3351 2729 3422 Gregorius
2776 3363 2886 3405 non
2947 3349 3081 3404 sinit
3117 3351 3183 3403 de
3239 3348 3417 3417 primo
3496 3341 3501 3346 ’

1836 3447 2059 3502 homine
2091 3446 2214 3500 talia
2243 3445 2530 3515 cOgitando
2561 3443 2878 3512 concipere.
2916 3439 3130 3495 Nullius
3158 3442 3303 3494 enim
3330 3447 3415 3492 te-

1836 3537 2100 3610 gumenti,
2143 3547 2196 3592 et
2226 3537 2552 3592 munimenti
2573 3534 2825 3603 indigum
2858 3534 3095 3602 primum
3134 3532 3414 3586 hominem

1837 3647 1962 3687 cum
1995 3631 2342 3696 aﬂirmassct,
2374 3630 2514 3699 stola
2549 3626 2976 3682 immortalitatis
2992 3626 3242 3681 vesnitum
3268 3641 3414 3689 esse,

1837 3725 1928 3794 qui
1967 3724 2177 3794 primus
2206 3739 2235 3776 a
2265 3724 2489 3777 Deo.est
2518 3721 2835 3783 fabricatus,
2872 3720 3013 3774 haud
3058 3721 3292 3774 obscure
3317 3720 3414 3773 ad—
3502 3779 3517 3799 l

1836 3826 2044 3871 monet.
2081 3813 2294 3868 Etenim
2339 3814 2384 3866 si
2419 3828 2579 3866 secus
2601 3821 2767 3874 esset,
2802 3821 3047 3865 extrema
3075 3810 3165 3864 illa
3217 3827 3418 3879 corpo-

1838 3925 1960 3966 rum
1992 3905 2422 3962 resurrectioad
2456 3913 2698 3960 veterem
2729 3904 2874 3962 illam
2907 3911 2962 3957 et
2991 3905 3222 3972 primam
3249 3904 3414 3958 vitam

1838 4003 2082 4058 reversio
2126 4016 2248 4056 esse
2294 3998 2406 4070 (50)
2459 4015 2570 4053 non
2619 3997 2918 4053 diceretur.
2986 3998 3098 4069 (51)
3145 3997 3208 4052 Ει
3255 3998 3416 4053 ﬁdem

1839 4096 2054 4152 habein
2101 4094 2392 4164 praesentia
2417 4107 2614 4163 magno
2632 4090 2797 4145 Paulo
2829 4091 3030 4146 dicenti
3068 4103 3082 4144 :
3115 4087 3436 4146 Seminatm'

1839 4193 1892 4244 in
1920 4190 2276 4258 corruptione,
2333 4187 2564 4256 resurgit
2595 4188 2649 4238 in
2678 4186 3090 4252 incorruptione,
3115 4201 3278 4256 quam
3305 4185 3417 4255 (5‘).)

1841 4283 2037 4337 iterum
2071 4281 2560 4334 humanamatura:
2607 4291 2707 4349 per
2760 4279 3136 4334 admirabilem
3187 4295 3339 4334 suam
3386 4298 3416 4334 a

1841 4372 2071 4428 mortuis
2093 4372 2551 4428 rcsurrectionem
2585 4370 2846 4441 clargitus
2880 4381 2966 4425 est
2994 4370 3280 4426 Dominus.
3308 4374 3421 4428 Au-

1839 4466 1894 4520 di
1923 4478 2142 4535 quoque
2166 4464 2295 4533 quid
2325 4471 2531 4517 asserat
2567 4463 2896 4518 Anastasius
2960 4462 3050 4517 ille
3097 4463 3312 4518 divinus
3362 4467 3420 4528 in

156 4582 315 4633 ρεται
350 4565 418 4620 ἐν
456 4561 798 4633 ἀφθαρσίᾳ,
853 4557 922 4629 ἣν
952 4556 1248 4628 ἐχαρίσατο
1277 4551 1434 4617 αὖθις
1463 4556 1492 4607 6
1527 4553 1732 4623 Κύριος

1847 4570 1940 4610 suo
1964 4554 2130 4619 libro,
2157 4568 2318 4624 quem
2351 4553 2458 4606 Via:
2491 4552 2689 4607 Ducem
2711 4553 2823 4623 (55)
2858 4552 3138 4640 inscripsit
3167 4569 3182 4606 :
3207 4553 3419 4608 Princi-

96 4727 98 4729 ρ
161 4663 224 4730 τῇ
255 4659 567 4729 ἀνθρωπίνῃ
597 4655 756 4725 φύσει
803 4653 892 4708 διὰ.
938 4668 1001 4721 γε
1054 4651 1153 4721 τῆς
1199 4651 1262 4702 ὲκ
1305 4647 1520 4718 νεκρῶν
1567 4647 1732 4699 αὑτοῦ

166 4751 461 4823 παραδόξου
495 4749 786 4820 ὲγὲρσεως.
844 4745 953 4800 Καὶ
986 4744 1153 4798 ἄκουε
1187 4741 1241 4794 τι
1280 4757 1448 4811 φησιν
1505 4740 1535 4791 6
1591 4737 1736 4800 θεῖος

82 4876 93 4896 1
173 4845 522 4906 Ἀναστάσιος
581 4842 758 4910 ὲν.τῇ
800 4839 934 4908 παρ’
979 4834 1146 4890 αὐτοῦ
1187 4831 1569 4902 συγγραφεὶσῃ
1618 4828 1740 4898 θείᾳ

163 4933 325 5006 βίϐλῳ
441 4935 504 4988 τὸ
533 4933 706 5000 ὄνομα
745 4929 998 4999 Ὀδηγός
1029 4944 1044 4959 ·
1087 4928 1191 4980 Ἐν
1235 4922 1396 4994 ἀρχῇ
1434 4923 1738 4991 ἄφθαρτος

161 5027 258 5080 καὶ
283 5028 580 5091 ἀθάνατος
612 5022 730 5080 ὑπὸ
752 5022 901 5077 Θεοῦ
920 5019 1181 5092 γεγονὼς
1213 5020 1247 5071 ό
1278 5016 1612 5085 ἅνθρωπος,
1638 5012 1736 5067 διὰ

163 5119 267 5187 τῆς
299 5119 588 5190 ἁμαρτίας
640 5115 850 5186 γέγονε
908 5111 1170 5183 φθαρτὸς
1222 5109 1322 5164 καὶ
1369 5107 1589 5175 θνητὸς
1630 5107 1733 5159 καὶ

164 5211 366 5277 ὐλικός
392 5210 488 5264 καὶ
507 5209 792 5278 ρευστός.
849 5207 1083 5274 Ἀμέλει
1105 5201 1734 5274 κατοικτείρας-,αὺτὸν

162 5308 194 5358 ὀ
232 5285 372 5371 ὅεὺς
403 5305 501 5358 καὶ
552 5302 809 5374 γεγονὼς
847 5301 1179 5368 ἅνθρωπος,
1233 5295 1305 5350 τὰ
1355 5294 1588 5364 φυσικὰ
1635 5295 1733 5348 καὶ

163 5397 486 5466 ἀδιάϐλητοι
513 5395 925 5463 πάθη,;τεῐναν
944 5391 1122 5460 λέγω,
1153 5389 1254 5444 καὶ
1274 5389 1484 5456 δίψαν,
1516 5389 1733 5452 κόπον,

234 5544 343 5613 (50)
381 5543 515 5598 Vide
542 5541 772 5613 inferius
803 5541 965 5613 epist.
997 5543 1050 5595 5.

235 5607 344 5684 (51)
386 5614 660 5684 Hactenus
685 5611 800 5684 Jac.
836 5607 1062 5684 i’ontani
1094 5607 1472 5684 interpretatio
1495 5623 1511 5670 ;
1533 5614 1729 5662 cretera

170 5680 572 5739 JoanJIAInius
601 5682 771 5737 edidit
798 5692 853 5735 et
885 5680 1077 5734 Latine
1105 5682 1288 5749 vertit.

241 5754 350 5823 (59.)
383 5753 512 5809 Vide
550 5753 778 5806 inferius
809 5752 961 5823 epist.
995 5751 1027 5804 5
1053 5751 1181 5823 etii.

245 5817 354 5892 (53)
398 5823 554 5881 Liber
581 5823 673 5894 qui
714 5817 1080 5890 Ὀδήγόςειιιι
1111 5820 1234 5875 Dux
1261 5819 1356 5875 rite
1386 5817 1726 5886 inscribitur,

1845 4650 1952 4720 pia,
1985 4648 2179 4718 inquit,
2224 4645 2542 4702 immortalis
2601 4653 2650 4699 ct
2677 4645 3010 4713 corruptioni
3060 4647 3278 4701 minime
3325 4651 3416 4702 ob-

1843 4741 2032 4796 noxius
2071 4756 2104 4792 a
2133 4737 2240 4792 Deo
2279 4738 2451 4809 factus
2494 4746 2566 4790 est
2610 4737 2762 4790 homo
2791 4752 2811 4802 ;
2839 4753 2934 4808 per
2976 4746 3248 4808 peccatum
3301 4755 3418 4793 vero

1835 4833 2160 4902 corruptioni
2188 4831 2462 4892 obnoxius,
2490 4839 2536 4884 ct
2580 4829 2845 4896 mortalis,
2907 4841 2955 4883 et
2991 4832 3332 4896 materiatus,
3367 4841 3418 4888 et

1835 4930 2033 4997 ﬂuxus,
2061 4926 2246 4980 evasit.
2280 4921 2470 4994 Itaque
2504 4939 2623 4976 cum
2648 4923 2761 4992 ejus
2786 4922 2926 4977 Deus
2974 4924 3217 4978 misertus
3260 4935 3416 4990 esset,

1836 5027 1884 5070 et
1915 5017 2045 5078 ideo,
2073 5016 2336 5070 hominem
2401 5014 2674 5082 induisset,
2723 5015 2868 5069 haud
2893 5013 3165 5085 indignant
3211 5017 3421 5084 putavit

1837 5109 2111 5164 naturales
2141 5108 2260 5164 illos
2289 5119 2335 5163 et
2360 5108 2746 5176 irreprehensos
2808 5108 3046 5178 allectus,
3082 5111 3298 5179 fantem,
3334 5110 3418 5162 iu-

1838 5218 2021 5272 quam.
2057 5205 2104 5256 'et
2129 5201 2298 5267 sitim,
2321 5199 2573 5267 laborem,
2598 5216 2861 5268 somnum,
2887 5201 3133 5255 sudorem
3189 5209 3237 5255 et
3268 5217 3413 5272 qua:-

1840 5311 2041 5364 cunque
2067 5294 2177 5348 alia
2204 5305 2315 5359 post
2337 5293 2835 5363 pra’varicationem
2869 5293 3116 5347 humana:
3145 5293 3265 5348 vita:
3291 5309 3415 5345 con-

1845 5387 2403 5457 tigerunt,suscipcre.
2439 5385 2558 5450 Qua
2590 5383 2659 5440 de
2691 5386 2895 5440 causa?
2947 5385 3015 5440 Ut
3052 5395 3173 5439 cum
3232 5385 3417 5439 omnia

1838 5548 1948 5587 non
1979 5542 2067 5587 est
2098 5532 2242 5588 fctus
2269 5535 2502 5588 senioris
2537 5534 2808 5588 Anastasii
2834 5532 3076 5592 Sinaitae,
3106 5529 3200 5583 scd
3229 5527 3414 5596 junio-

1839 5605 1914 5658 ris
1948 5604 2229 5673 cujusdam
2252 5605 2345 5672 qui
2379 5604 2560 5658 ﬂoruit
2593 5605 2749 5658 initio
2788 5619 2840 5656 xu
2865 5601 3070 5673 saeculi,
3106 5599 3217 5666 ipse
3250 5598 3415 5673 etiam

1839 5665 2149 5744 patriarcha
2185 5665 2561 5728 Aniinchenus
2583 5713 2619 5744 ,_
2647 5674 2726 5744 de,
2752 5687 2861 5740 quo
2880 5665 3138 5744 _egimu_s
3163 5665 3415 5744 superius

1837 5737 1956 5799 itot.
1989 5744 2079 5807 24,
2124 5756 2180 5797 ut
2213 5745 2403 5798 scribit
2430 5743 2549 5796 (ias.
2589 5737 2963 5814 Οιιάἱιιι-ιειρί
2988 5741 3226 5798 scriptor.
3251 5737 3414 5794 eccle-

1838 5817 1990 5872 siast.
2024 5815 2126 5872 Alii
2159 5826 2336 5878 tamen
2365 5814 2522 5869 aliter
2556 5820 2776 5868 censent
