  <div class='ocr_page' id='page_1' title='image "/cluster/home/n/w/nwhite01/storage/ocr_20150623/158/mdp.39015078384701/396.png"; bbox 0 0 3798 6230; ppageno 0'>
   <div class='ocr_carea' id='block_1_1' title="bbox 160 427 250 490">
    <p class='ocr_par' dir='ltr' id='par_1_1' title="bbox 160 427 250 490">
     <span class='ocr_line' id='line_1_1' title="bbox 160 427 250 490; baseline -0.044 1"><span class='ocrx_word' id='word_1_1' title='bbox 160 427 250 490; x_wconf 84' lang='lat'><strong>713</strong></span> 
     </span>
    </p>
   </div>
   <div class='ocr_carea' id='block_1_2' title="bbox 1525 431 2021 495">
    <p class='ocr_par' dir='ltr' id='par_1_2' title="bbox 1525 431 2021 495">
     <span class='ocr_line' id='line_1_2' title="bbox 1525 431 2021 495; baseline 0.01 -5"><span class='ocrx_word' id='word_1_2' title='bbox 1525 431 1891 492; x_wconf 71' lang='lat' dir='ltr'><strong>EPISTULA</strong></span> <span class='ocrx_word' id='word_1_3' title='bbox 1938 435 2021 495; x_wconf 69' lang='lat' dir='ltr'><strong>Il.</strong></span> 
     </span>
    </p>
   </div>
   <div class='ocr_carea' id='block_1_3' title="bbox 3288 442 3394 504">
    <p class='ocr_par' dir='ltr' id='par_1_3' title="bbox 3288 442 3394 504">
     <span class='ocr_line' id='line_1_3' title="bbox 3288 442 3394 504; baseline 0 -1"><span class='ocrx_word' id='word_1_4' title='bbox 3288 442 3394 504; x_wconf 64' lang='grc' dir='ltr'><strong>ττι</strong></span> 
     </span>
    </p>
   </div>
   <div class='ocr_carea' id='block_1_4' title="bbox 154 531 1684 626">
    <p class='ocr_par' dir='ltr' id='par_1_4' title="bbox 154 541 1684 615">
     <span class='ocr_line' id='line_1_4' title="bbox 154 541 1684 615; baseline -0.001 -17"><span class='ocrx_word' id='word_1_5' title='bbox 154 541 576 613; x_wconf 75' lang='grc' dir='ltr'>ἀθανατὼτερον;</span> <span class='ocrx_word' id='word_1_6' title='bbox 610 542 826 608; x_wconf 78' lang='grc' dir='ltr'><strong>πάντως</strong></span> <span class='ocrx_word' id='word_1_7' title='bbox 857 544 1009 598; x_wconf 67' lang='grc' dir='ltr'><strong>οὐδέν</strong></span> <span class='ocrx_word' id='word_1_8' title='bbox 1043 561 1057 576; x_wconf 83' lang='grc'><strong><em>⁸</em></strong></span> <span class='ocrx_word' id='word_1_9' title='bbox 1093 546 1174 598; x_wconf 74' lang='grc' dir='ltr'>ὃτι</span> <span class='ocrx_word' id='word_1_10' title='bbox 1209 545 1344 615; x_wconf 77' lang='grc' dir='ltr'><strong>μηδὲ</strong></span> <span class='ocrx_word' id='word_1_11' title='bbox 1380 545 1471 598; x_wconf 77' lang='grc' dir='ltr'>τοῦ</span> <span class='ocrx_word' id='word_1_12' title='bbox 1498 543 1684 615; x_wconf 73' lang='grc' dir='ltr'>θνητοί</span> 
     </span>
    </p>
   </div>
   <div class='ocr_carea' id='block_1_5' title="bbox 1856 531 3394 626">
    <p class='ocr_par' dir='ltr' id='par_1_5' title="bbox 1861 531 3394 626">
     <span class='ocr_line' id='line_1_5' title="bbox 1861 531 3394 626; baseline 0.008 -27"><span class='ocrx_word' id='word_1_13' title='bbox 1861 548 1931 600; x_wconf 83' lang='lat' dir='ltr'><strong>tia</strong></span> <span class='ocrx_word' id='word_1_14' title='bbox 1972 563 2148 619; x_wconf 85' lang='lat' dir='ltr'><strong>neque</strong></span> <span class='ocrx_word' id='word_1_15' title='bbox 2196 531 2415 606; x_wconf 65' lang='lat' dir='ltr'><strong>tnoriaii</strong></span> <span class='ocrx_word' id='word_1_16' title='bbox 2469 552 2748 609; x_wconf 83' lang='lat' dir='ltr'><strong>mortalins</strong></span> <span class='ocrx_word' id='word_1_17' title='bbox 2789 554 3090 626; x_wconf 83' lang='lat' dir='ltr'><strong>quidquam</strong></span> <span class='ocrx_word' id='word_1_18' title='bbox 3141 554 3394 612; x_wconf 83' lang='lat' dir='ltr'><strong>invenire</strong></span> 
     </span>
    </p>
   </div>
   <div class='ocr_carea' id='block_1_6' title="bbox 153 634 1696 710">
    <p class='ocr_par' dir='ltr' id='par_1_6' title="bbox 153 634 1696 710">
     <span class='ocr_line' id='line_1_6' title="bbox 153 634 1696 710; baseline 0.001 -21"><span class='ocrx_word' id='word_1_19' title='bbox 153 636 451 706; x_wconf 68' lang='grc' dir='ltr'>Θνητᾶτερον</span> <span class='ocrx_word' id='word_1_20' title='bbox 502 634 655 706; x_wconf 60' lang='lat' dir='ltr'><strong>aii-pm</strong></span> <span class='ocrx_word' id='word_1_21' title='bbox 711 654 795 700; x_wconf 83' lang='grc' dir='ltr'>τις</span> <span class='ocrx_word' id='word_1_22' title='bbox 831 638 931 692; x_wconf 71' lang='grc' dir='ltr'><strong>ἀνι</strong></span> <span class='ocrx_word' id='word_1_23' title='bbox 969 637 1123 692; x_wconf 79' lang='grc' dir='ltr'>ἔνθεν</span> <span class='ocrx_word' id='word_1_24' title='bbox 1161 656 1240 691; x_wconf 83' lang='grc' dir='ltr'><strong>τοι</strong></span> <span class='ocrx_word' id='word_1_25' title='bbox 1296 639 1389 692; x_wconf 70' lang='grc' dir='ltr'>καὶ</span> <span class='ocrx_word' id='word_1_26' title='bbox 1437 639 1496 690; x_wconf 69' lang='grc' dir='ltr'>τὸ</span> <span class='ocrx_word' id='word_1_27' title='bbox 1533 641 1696 710; x_wconf 72' lang='grc' dir='ltr'>ῥητὸν</span> 
     </span>
    </p>
   </div>
   <div class='ocr_carea' id='block_1_7' title="bbox 151 729 1696 802">
    <p class='ocr_par' dir='ltr' id='par_1_7' title="bbox 151 729 1696 802">
     <span class='ocr_line' id='line_1_7' title="bbox 151 729 1696 802; baseline 0.002 -20"><span class='ocrx_word' id='word_1_28' title='bbox 151 732 308 782; x_wconf 68' lang='grc' dir='ltr'>ἐκεῖνο</span> <span class='ocrx_word' id='word_1_29' title='bbox 344 729 401 781; x_wconf 80' lang='grc' dir='ltr'>τὸ</span> <span class='ocrx_word' id='word_1_30' title='bbox 433 729 611 797; x_wconf 81' lang='grc' dir='ltr'>λέγον,</span> <span class='ocrx_word' id='word_1_31' title='bbox 652 731 1010 800; x_wconf 71' lang='grc' dir='ltr'>Ἐγενόμεθα</span> <span class='ocrx_word' id='word_1_32' title='bbox 1059 732 1137 786; x_wconf 82' lang='grc' dir='ltr'><strong>ἂν</strong></span> <span class='ocrx_word' id='word_1_33' title='bbox 1183 732 1328 800; x_wconf 76' lang='grc' dir='ltr'>ὅπερ</span> <span class='ocrx_word' id='word_1_34' title='bbox 1363 734 1475 787; x_wconf 76' lang='grc' dir='ltr'><strong>οὐκ</strong></span> <span class='ocrx_word' id='word_1_35' title='bbox 1524 729 1696 802; x_wconf 77' lang='grc' dir='ltr'>ἦμεν,</span> 
     </span>
    </p>
   </div>
   <div class='ocr_carea' id='block_1_8' title="bbox 147 821 1697 898">
    <p class='ocr_par' dir='ltr' id='par_1_8' title="bbox 147 821 1697 898">
     <span class='ocr_line' id='line_1_8' title="bbox 147 821 1697 898; baseline 0.002 -22"><span class='ocrx_word' id='word_1_36' title='bbox 147 823 255 891; x_wconf 78' lang='grc' dir='ltr'>εἴτε</span> <span class='ocrx_word' id='word_1_37' title='bbox 278 821 386 889; x_wconf 80' lang='grc' dir='ltr'><strong>τὴν</strong></span> <span class='ocrx_word' id='word_1_38' title='bbox 413 822 671 890; x_wconf 74' lang='grc' dir='ltr'><strong>ἐντολὴν</strong></span> <span class='ocrx_word' id='word_1_39' title='bbox 701 823 1116 894; x_wconf 61' lang='grc' dir='ltr'><strong>ἐφυλάξαμεν,</strong></span> <span class='ocrx_word' id='word_1_40' title='bbox 1178 825 1300 880; x_wconf 71' lang='grc' dir='ltr'>καθ’</span> <span class='ocrx_word' id='word_1_41' title='bbox 1336 827 1526 898; x_wconf 70' lang='grc' dir='ltr'>ἕτερον</span> <span class='ocrx_word' id='word_1_42' title='bbox 1573 843 1697 880; x_wconf 85' lang='grc' dir='ltr'><strong>τινά</strong></span> 
     </span>
    </p>
   </div>
   <div class='ocr_carea' id='block_1_9' title="bbox 146 914 1697 989">
    <p class='ocr_par' dir='ltr' id='par_1_9' title="bbox 146 914 1697 989">
     <span class='ocr_line' id='line_1_9' title="bbox 146 914 1697 989; baseline 0.005 -23"><span class='ocrx_word' id='word_1_43' title='bbox 146 916 284 982; x_wconf 75' lang='grc' dir='ltr'>λόγον</span> <span class='ocrx_word' id='word_1_44' title='bbox 317 914 635 970; x_wconf 69' lang='grc' dir='ltr'>ὲκλσιὸέσθάι</span> <span class='ocrx_word' id='word_1_45' title='bbox 669 917 996 988; x_wconf 76' lang='grc' dir='ltr'>προήγμεθα</span> <span class='ocrx_word' id='word_1_46' title='bbox 1031 921 1129 989; x_wconf 79' lang='grc' dir='ltr'><strong>τῆς</strong></span> <span class='ocrx_word' id='word_1_47' title='bbox 1155 920 1440 989; x_wconf 77' lang='grc' dir='ltr'><strong>Γραφικῆς</strong></span> <span class='ocrx_word' id='word_1_48' title='bbox 1474 921 1697 974; x_wconf 84' lang='grc' dir='ltr'>ἀκολου-</span> 
     </span>
    </p>
   </div>
   <div class='ocr_carea' id='block_1_10' title="bbox 147 1008 1699 1084">
    <p class='ocr_par' dir='ltr' id='par_1_10' title="bbox 147 1008 1699 1084">
     <span class='ocr_line' id='line_1_10' title="bbox 147 1008 1699 1084; baseline -0.003 -13"><span class='ocrx_word' id='word_1_49' title='bbox 147 1008 272 1070; x_wconf 74' lang='grc' dir='ltr'>θεας.</span> <span class='ocrx_word' id='word_1_50' title='bbox 317 1008 375 1080; x_wconf 62' lang='grc' dir='ltr'>ὶῦ</span> <span class='ocrx_word' id='word_1_51' title='bbox 412 1009 510 1076; x_wconf 82' lang='grc' dir='ltr'><strong>μὲν</strong></span> <span class='ocrx_word' id='word_1_52' title='bbox 550 1010 645 1062; x_wconf 73' lang='grc' dir='ltr'>οὖν</span> <span class='ocrx_word' id='word_1_53' title='bbox 691 1011 752 1062; x_wconf 84' lang='grc' dir='ltr'><strong>οὑ</strong></span> <span class='ocrx_word' id='word_1_54' title='bbox 805 1013 994 1084; x_wconf 76' lang='grc' dir='ltr'>ττόρρω</span> <span class='ocrx_word' id='word_1_55' title='bbox 1046 1031 1150 1065; x_wconf 82' lang='grc' dir='ltr'><strong>που</strong></span> <span class='ocrx_word' id='word_1_56' title='bbox 1202 1012 1491 1079; x_wconf 69' lang='grc' dir='ltr'>πίπτοντα,</span> <span class='ocrx_word' id='word_1_57' title='bbox 1551 1014 1699 1068; x_wconf 83' lang='grc' dir='ltr'><strong>καθά</strong></span> 
     </span>
    </p>
   </div>
   <div class='ocr_carea' id='block_1_11' title="bbox 146 1097 1697 1172">
    <p class='ocr_par' dir='ltr' id='par_1_11' title="bbox 146 1097 1697 1172">
     <span class='ocr_line' id='line_1_11' title="bbox 146 1097 1697 1172; baseline 0.005 -22"><span class='ocrx_word' id='word_1_58' title='bbox 146 1099 277 1150; x_wconf 80' lang='grc' dir='ltr'>δοκεῖ</span> <span class='ocrx_word' id='word_1_59' title='bbox 303 1100 410 1160; x_wconf 84' lang='grc' dir='ltr'>τοῖς</span> <span class='ocrx_word' id='word_1_60' title='bbox 444 1097 683 1168; x_wconf 62' lang='grc' dir='ltr'>ἀμαθέσι</span> <span class='ocrx_word' id='word_1_61' title='bbox 730 1102 870 1158; x_wconf 76' lang='grc' dir='ltr'><strong>τέως</strong></span> <span class='ocrx_word' id='word_1_62' title='bbox 913 1104 1069 1172; x_wconf 78' lang='grc' dir='ltr'>ἡμῖν.</span> <span class='ocrx_word' id='word_1_63' title='bbox 1124 1103 1184 1156; x_wconf 75' lang='lat' dir='ltr'><strong>Et</strong></span> <span class='ocrx_word' id='word_1_64' title='bbox 1227 1103 1282 1156; x_wconf 75' lang='grc' dir='ltr'><strong>δὲ</strong></span> <span class='ocrx_word' id='word_1_65' title='bbox 1339 1105 1432 1156; x_wconf 75' lang='grc' dir='ltr'>καὶ</span> <span class='ocrx_word' id='word_1_66' title='bbox 1478 1105 1697 1158; x_wconf 75' lang='grc' dir='ltr'>δοκοῦσί</span> 
     </span>
    </p>
   </div>
   <div class='ocr_carea' id='block_1_12' title="bbox 148 1185 1696 1265">
    <p class='ocr_par' dir='ltr' id='par_1_12' title="bbox 148 1185 1696 1265">
     <span class='ocr_line' id='line_1_12' title="bbox 148 1185 1696 1265; baseline 0.005 -24"><span class='ocrx_word' id='word_1_67' title='bbox 148 1205 269 1250; x_wconf 80' lang='grc' dir='ltr'>τινες</span> <span class='ocrx_word' id='word_1_68' title='bbox 292 1185 422 1240; x_wconf 80' lang='grc' dir='ltr'><strong>εἷναί</strong></span> <span class='ocrx_word' id='word_1_69' title='bbox 450 1207 502 1243; x_wconf 84' lang='grc' dir='ltr'><strong>τι</strong></span> <span class='ocrx_word' id='word_1_70' title='bbox 528 1189 620 1243; x_wconf 82' lang='grc' dir='ltr'><strong>τοῦ</strong></span> <span class='ocrx_word' id='word_1_71' title='bbox 652 1191 924 1245; x_wconf 80' lang='grc' dir='ltr'><strong>ἀθανάτου</strong></span> <span class='ocrx_word' id='word_1_72' title='bbox 955 1193 1392 1264; x_wconf 79' lang='grc' dir='ltr'>ἀθανατώτερον,</span> <span class='ocrx_word' id='word_1_73' title='bbox 1430 1195 1696 1265; x_wconf 56' lang='lat' dir='ltr'><strong>Gai-iptio:</strong></span> 
     </span>
    </p>
   </div>
   <div class='ocr_carea' id='block_1_13' title="bbox 146 1281 1695 1360">
    <p class='ocr_par' dir='ltr' id='par_1_13' title="bbox 146 1281 1695 1360">
     <span class='ocr_line' id='line_1_13' title="bbox 146 1281 1695 1360; baseline 0.006 -28"><span class='ocrx_word' id='word_1_74' title='bbox 146 1281 401 1335; x_wconf 70' lang='grc' dir='ltr'>καὶτοῦτο</span> <span class='ocrx_word' id='word_1_75' title='bbox 452 1284 634 1348; x_wconf 77' lang='grc' dir='ltr'><strong>πάσης</strong></span> <span class='ocrx_word' id='word_1_76' title='bbox 680 1285 991 1353; x_wconf 72' lang='grc' dir='ltr'><strong>ἀντιλογίας</strong></span> <span class='ocrx_word' id='word_1_77' title='bbox 1043 1286 1198 1348; x_wconf 76' lang='grc' dir='ltr'>ἐκτός</span> <span class='ocrx_word' id='word_1_78' title='bbox 1227 1305 1239 1317; x_wconf 66' lang='grc'><strong><em>⁵</em></strong></span> <span class='ocrx_word' id='word_1_79' title='bbox 1276 1290 1370 1341; x_wconf 73' lang='grc' dir='ltr'><strong>καὶ</strong></span> <span class='ocrx_word' id='word_1_80' title='bbox 1422 1290 1530 1360; x_wconf 78' lang='grc' dir='ltr'><strong>γὰρ</strong></span> <span class='ocrx_word' id='word_1_81' title='bbox 1573 1292 1695 1344; x_wconf 81' lang='grc' dir='ltr'>ὅσον</span> 
     </span>
    </p>
   </div>
   <div class='ocr_carea' id='block_1_14' title="bbox 143 1374 1697 1446">
    <p class='ocr_par' dir='ltr' id='par_1_14' title="bbox 143 1374 1697 1446">
     <span class='ocr_line' id='line_1_14' title="bbox 143 1374 1697 1446; baseline 0.008 -22"><span class='ocrx_word' id='word_1_82' title='bbox 143 1374 329 1441; x_wconf 70' lang='grc' dir='ltr'>ἐγγίζει</span> <span class='ocrx_word' id='word_1_83' title='bbox 373 1393 453 1438; x_wconf 83' lang='grc' dir='ltr'>τις</span> <span class='ocrx_word' id='word_1_84' title='bbox 489 1377 567 1445; x_wconf 79' lang='grc' dir='ltr'><strong>τῷ</strong></span> <span class='ocrx_word' id='word_1_85' title='bbox 600 1376 739 1446; x_wconf 80' lang='grc' dir='ltr'>Θεῷ,</span> <span class='ocrx_word' id='word_1_86' title='bbox 781 1379 1042 1432; x_wconf 78' lang='grc' dir='ltr'>τοσοῦτον</span> <span class='ocrx_word' id='word_1_87' title='bbox 1092 1381 1560 1444; x_wconf 71' lang='grc' dir='ltr'>ἀπαθανατὶζεται</span> <span class='ocrx_word' id='word_1_88' title='bbox 1603 1384 1697 1436; x_wconf 68' lang='grc' dir='ltr'><strong>καὶ</strong></span> 
     </span>
    </p>
   </div>
   <div class='ocr_carea' id='block_1_15' title="bbox 142 1467 1694 1542">
    <p class='ocr_par' dir='ltr' id='par_1_15' title="bbox 142 1467 1694 1542">
     <span class='ocr_line' id='line_1_15' title="bbox 142 1467 1694 1542; baseline 0.006 -25"><span class='ocrx_word' id='word_1_89' title='bbox 142 1467 514 1535; x_wconf 77' lang='grc' dir='ltr'>θεοειδέστερος</span> <span class='ocrx_word' id='word_1_90' title='bbox 543 1469 755 1536; x_wconf 73' lang='grc' dir='ltr'>γίνεται</span> <span class='ocrx_word' id='word_1_91' title='bbox 802 1472 1020 1537; x_wconf 81' lang='grc' dir='ltr'>σώματι</span> <span class='ocrx_word' id='word_1_92' title='bbox 1055 1489 1112 1524; x_wconf 90' lang='grc' dir='ltr'><strong>τε</strong></span> <span class='ocrx_word' id='word_1_93' title='bbox 1149 1473 1244 1524; x_wconf 75' lang='grc' dir='ltr'><strong>καὶ</strong></span> <span class='ocrx_word' id='word_1_94' title='bbox 1279 1473 1573 1542; x_wconf 74' lang='grc' dir='ltr'>πνεύματι.</span> <span class='ocrx_word' id='word_1_95' title='bbox 1605 1475 1694 1527; x_wconf 73' lang='grc' dir='ltr'><strong>Δί-</strong></span> 
     </span>
    </p>
   </div>
   <div class='ocr_carea' id='block_1_16' title="bbox 141 1554 1694 1632">
    <p class='ocr_par' dir='ltr' id='par_1_16' title="bbox 141 1554 1694 1632">
     <span class='ocr_line' id='line_1_16' title="bbox 141 1554 1694 1632; baseline 0.005 -24"><span class='ocrx_word' id='word_1_96' title='bbox 141 1573 276 1609; x_wconf 76' lang='grc' dir='ltr'>καιον</span> <span class='ocrx_word' id='word_1_97' title='bbox 308 1554 398 1609; x_wconf 68' lang='grc' dir='ltr'><strong>οὖν</strong></span> <span class='ocrx_word' id='word_1_98' title='bbox 429 1562 549 1611; x_wconf 72' lang='grc' dir='ltr'>ἐστι</span> <span class='ocrx_word' id='word_1_99' title='bbox 579 1561 756 1611; x_wconf 76' lang='grc' dir='ltr'>καὶτὸ</span> <span class='ocrx_word' id='word_1_100' title='bbox 783 1562 848 1612; x_wconf 77' lang='grc' dir='ltr'>τὰ</span> <span class='ocrx_word' id='word_1_101' title='bbox 875 1562 1167 1629; x_wconf 76' lang='grc' dir='ltr'>θεολογικᾶ</span> <span class='ocrx_word' id='word_1_102' title='bbox 1211 1565 1351 1632; x_wconf 78' lang='grc' dir='ltr'>ρητά</span> <span class='ocrx_word' id='word_1_103' title='bbox 1384 1565 1694 1628; x_wconf 49' lang='lat' dir='ltr'><strong>mices/.6),-</strong></span> 
     </span>
    </p>
   </div>
   <div class='ocr_carea' id='block_1_17' title="bbox 141 1649 1695 1712">
    <p class='ocr_par' dir='ltr' id='par_1_17' title="bbox 141 1649 1695 1712">
     <span class='ocr_line' id='line_1_17' title="bbox 141 1649 1695 1712; baseline 0.006 -12"><span class='ocrx_word' id='word_1_104' title='bbox 141 1649 494 1712; x_wconf 61' lang='grc' dir='ltr'>ὑποδέξεσθαι,</span> <span class='ocrx_word' id='word_1_105' title='bbox 537 1655 633 1703; x_wconf 77' lang='grc' dir='ltr'>καὶ</span> <span class='ocrx_word' id='word_1_106' title='bbox 686 1653 749 1705; x_wconf 84' lang='grc' dir='ltr'><strong>τά</strong></span> <span class='ocrx_word' id='word_1_107' title='bbox 802 1653 910 1704; x_wconf 81' lang='grc' dir='ltr'><strong>τῶν</strong></span> <span class='ocrx_word' id='word_1_108' title='bbox 959 1655 1164 1707; x_wconf 67' lang='grc' dir='ltr'>λοιπῶν</span> <span class='ocrx_word' id='word_1_109' title='bbox 1209 1655 1546 1711; x_wconf 63' lang='grc' dir='ltr'>διδασκάλων</span> <span class='ocrx_word' id='word_1_110' title='bbox 1606 1660 1695 1710; x_wconf 67' lang='grc' dir='ltr'><strong>διὰ</strong></span> 
     </span>
    </p>
   </div>
   <div class='ocr_carea' id='block_1_18' title="bbox 137 1741 1694 1821">
    <p class='ocr_par' dir='ltr' id='par_1_18' title="bbox 137 1741 1694 1821">
     <span class='ocr_line' id='line_1_18' title="bbox 137 1741 1694 1821; baseline 0.006 -31"><span class='ocrx_word' id='word_1_111' title='bbox 137 1741 285 1808; x_wconf 73' lang='grc' dir='ltr'>τιμὴς</span> <span class='ocrx_word' id='word_1_112' title='bbox 317 1742 482 1811; x_wconf 80' lang='grc' dir='ltr'>ἔχειν,</span> <span class='ocrx_word' id='word_1_113' title='bbox 535 1744 594 1797; x_wconf 85' lang='grc' dir='ltr'><strong>ού</strong></span> <span class='ocrx_word' id='word_1_114' title='bbox 652 1745 757 1813; x_wconf 79' lang='grc' dir='ltr'><strong>μὴν</strong></span> <span class='ocrx_word' id='word_1_115' title='bbox 807 1748 1276 1817; x_wconf 68' lang='grc' dir='ltr'><strong>ἀποστρέφεσθαι·</strong></span> <span class='ocrx_word' id='word_1_116' title='bbox 1314 1752 1372 1802; x_wconf 72' lang='grc' dir='ltr'><strong>τὸ</strong></span> <span class='ocrx_word' id='word_1_117' title='bbox 1418 1752 1526 1820; x_wconf 71' lang='grc' dir='ltr'><strong>γὰρ</strong></span> <span class='ocrx_word' id='word_1_118' title='bbox 1559 1752 1694 1821; x_wconf 74' lang='grc' dir='ltr'>πρὸς</span> 
     </span>
    </p>
   </div>
   <div class='ocr_carea' id='block_1_19' title="bbox 134 1833 1693 1913">
    <p class='ocr_par' dir='ltr' id='par_1_19' title="bbox 134 1833 1693 1913">
     <span class='ocr_line' id='line_1_19' title="bbox 134 1833 1693 1913; baseline 0.008 -28"><span class='ocrx_word' id='word_1_119' title='bbox 134 1833 318 1904; x_wconf 65' lang='grc' dir='ltr'>ἄλληλα.</span> <span class='ocrx_word' id='word_1_120' title='bbox 364 1837 431 1888; x_wconf 79' lang='grc' dir='ltr'>τὰ</span> <span class='ocrx_word' id='word_1_121' title='bbox 469 1836 593 1889; x_wconf 56' lang='grc' dir='ltr'>λτῶν</span> <span class='ocrx_word' id='word_1_122' title='bbox 644 1838 817 1906; x_wconf 78' lang='grc' dir='ltr'>ἁγίων</span> <span class='ocrx_word' id='word_1_123' title='bbox 877 1840 1139 1911; x_wconf 67' lang='grc' dir='ltr'><strong>Πατὲρων</strong></span> <span class='ocrx_word' id='word_1_124' title='bbox 1199 1845 1339 1913; x_wconf 74' lang='grc' dir='ltr'><strong>ῥητὰ</strong></span> <span class='ocrx_word' id='word_1_125' title='bbox 1381 1845 1693 1909; x_wconf 74' lang='grc' dir='ltr'>κοιλοθελῶς</span> 
     </span>
    </p>
   </div>
   <div class='ocr_carea' id='block_1_20' title="bbox 1809 642 3392 706">
    <p class='ocr_par' dir='ltr' id='par_1_20' title="bbox 1809 642 3392 706">
     <span class='ocr_line' id='line_1_20' title="bbox 1809 642 3392 706; baseline 0.006 -12"><span class='ocrx_word' id='word_1_126' title='bbox 1809 649 1924 706; x_wconf 89' lang='lat' dir='ltr'><strong>est;</strong></span> <span class='ocrx_word' id='word_1_127' title='bbox 1958 649 2012 696; x_wconf 90' lang='lat' dir='ltr'><strong>et</strong></span> <span class='ocrx_word' id='word_1_128' title='bbox 2047 642 2245 697; x_wconf 78' lang='lat' dir='ltr'><strong>exinde</strong></span> <span class='ocrx_word' id='word_1_129' title='bbox 2287 642 2492 699; x_wconf 87' lang='lat' dir='ltr'><strong>dictum</strong></span> <span class='ocrx_word' id='word_1_130' title='bbox 2529 645 2661 699; x_wconf 84' lang='lat' dir='ltr'><strong>illud</strong></span> <span class='ocrx_word' id='word_1_131' title='bbox 2708 647 2784 702; x_wconf 85' lang='lat' dir='ltr'><strong>ita</strong></span> <span class='ocrx_word' id='word_1_132' title='bbox 2815 648 3063 704; x_wconf 87' lang='lat' dir='ltr'><strong>habens:</strong></span> <span class='ocrx_word' id='word_1_133' title='bbox 3095 647 3392 703; x_wconf 72' lang='lat' dir='ltr'><strong>Fuissemus</strong></span> 
     </span>
    </p>
   </div>
   <div class='ocr_carea' id='block_1_21' title="bbox 1807 733 3387 804">
    <p class='ocr_par' dir='ltr' id='par_1_21' title="bbox 1807 733 3387 804">
     <span class='ocr_line' id='line_1_21' title="bbox 1807 733 3387 804; baseline 0.008 -21"><span class='ocrx_word' id='word_1_134' title='bbox 1807 733 2006 802; x_wconf 77' lang='lat' dir='ltr'><strong>utique,</strong></span> <span class='ocrx_word' id='word_1_135' title='bbox 2027 736 2164 804; x_wconf 79' lang='lat' dir='ltr'><strong>quod</strong></span> <span class='ocrx_word' id='word_1_136' title='bbox 2189 751 2290 789; x_wconf 86' lang='lat' dir='ltr'><strong>non</strong></span> <span class='ocrx_word' id='word_1_137' title='bbox 2313 752 2543 803; x_wconf 75' lang='lat' dir='ltr'><strong>eramus,</strong></span> <span class='ocrx_word' id='word_1_138' title='bbox 2561 737 2606 790; x_wconf 72' lang='lat' dir='ltr'><strong>si</strong></span> <span class='ocrx_word' id='word_1_139' title='bbox 2631 740 2942 793; x_wconf 80' lang='lat' dir='ltr'><strong>mandatum</strong></span> <span class='ocrx_word' id='word_1_140' title='bbox 2960 741 3387 804; x_wconf 77' lang='lat' dir='ltr'><strong>custodissemus,</strong></span> 
     </span>
    </p>
   </div>
   <div class='ocr_carea' id='block_1_22' title="bbox 1809 827 3390 903">
    <p class='ocr_par' dir='ltr' id='par_1_22' title="bbox 1809 827 3390 903">
     <span class='ocr_line' id='line_1_22' title="bbox 1809 827 3390 903; baseline 0.005 -23"><span class='ocrx_word' id='word_1_141' title='bbox 1809 827 2106 882; x_wconf 86' lang='lat' dir='ltr'><strong>secundum</strong></span> <span class='ocrx_word' id='word_1_142' title='bbox 2139 828 2299 882; x_wconf 88' lang='lat' dir='ltr'><strong>aliam</strong></span> <span class='ocrx_word' id='word_1_143' title='bbox 2329 829 2618 896; x_wconf 88' lang='lat' dir='ltr'><strong>rationem,</strong></span> <span class='ocrx_word' id='word_1_144' title='bbox 2645 845 2768 900; x_wconf 73' lang='lat' dir='ltr'><strong>qua:</strong></span> <span class='ocrx_word' id='word_1_145' title='bbox 2802 846 2864 885; x_wconf 81' lang='lat' dir='ltr'><strong>ex</strong></span> <span class='ocrx_word' id='word_1_146' title='bbox 2890 830 3172 903; x_wconf 78' lang='lat' dir='ltr'><strong>Scriptura</strong></span> <span class='ocrx_word' id='word_1_147' title='bbox 3201 845 3390 888; x_wconf 89' lang='lat' dir='ltr'><strong>conse-</strong></span> 
     </span>
    </p>
   </div>
   <div class='ocr_carea' id='block_1_23' title="bbox 1807 923 3387 993">
    <p class='ocr_par' dir='ltr' id='par_1_23' title="bbox 1807 923 3387 993">
     <span class='ocr_line' id='line_1_23' title="bbox 1807 923 3387 993; baseline 0.004 -20"><span class='ocrx_word' id='word_1_148' title='bbox 1807 930 2030 988; x_wconf 87' lang='lat' dir='ltr'><strong>quatur,</strong></span> <span class='ocrx_word' id='word_1_149' title='bbox 2077 938 2178 977; x_wconf 89' lang='lat' dir='ltr'><strong>nec</strong></span> <span class='ocrx_word' id='word_1_150' title='bbox 2212 923 2399 992; x_wconf 83' lang='lat' dir='ltr'><strong>procul</strong></span> <span class='ocrx_word' id='word_1_151' title='bbox 2435 923 2613 985; x_wconf 89' lang='lat' dir='ltr'><strong>cadat,</strong></span> <span class='ocrx_word' id='word_1_152' title='bbox 2653 933 2714 976; x_wconf 91' lang='lat' dir='ltr'><strong>ut</strong></span> <span class='ocrx_word' id='word_1_153' title='bbox 2745 923 3001 988; x_wconf 74' lang='lat' dir='ltr'><strong>indoctis,</strong></span> <span class='ocrx_word' id='word_1_154' title='bbox 3030 925 3387 993; x_wconf 84' lang='lat' dir='ltr'><strong>quemadmo-</strong></span> 
     </span>
    </p>
   </div>
   <div class='ocr_carea' id='block_1_24' title="bbox 1806 1011 3390 1082">
    <p class='ocr_par' dir='ltr' id='par_1_24' title="bbox 1806 1011 3390 1082">
     <span class='ocr_line' id='line_1_24' title="bbox 1806 1011 3390 1082; baseline 0.003 -18"><span class='ocrx_word' id='word_1_155' title='bbox 1806 1011 1936 1068; x_wconf 81' lang='lat' dir='ltr'><strong>dnm</strong></span> <span class='ocrx_word' id='word_1_156' title='bbox 1970 1028 2071 1067; x_wconf 90' lang='lat' dir='ltr'><strong>nos</strong></span> <span class='ocrx_word' id='word_1_157' title='bbox 2093 1051 2108 1075; x_wconf 94' lang='lat'><strong>,</strong></span> <span class='ocrx_word' id='word_1_158' title='bbox 2145 1014 2379 1076; x_wconf 89' lang='lat' dir='ltr'><strong>videtur,</strong></span> <span class='ocrx_word' id='word_1_159' title='bbox 2413 1013 2661 1082; x_wconf 85' lang='lat' dir='ltr'><strong>accipere</strong></span> <span class='ocrx_word' id='word_1_160' title='bbox 2689 1011 2910 1066; x_wconf 90' lang='lat' dir='ltr'><strong>adducti</strong></span> <span class='ocrx_word' id='word_1_161' title='bbox 2949 1027 3161 1068; x_wconf 90' lang='lat' dir='ltr'><strong>sumus.</strong></span> <span class='ocrx_word' id='word_1_162' title='bbox 3206 1013 3260 1067; x_wconf 90' lang='lat' dir='ltr'><strong>Si</strong></span> <span class='ocrx_word' id='word_1_163' title='bbox 3291 1030 3390 1068; x_wconf 90' lang='lat' dir='ltr'><strong>au-</strong></span> 
     </span>
    </p>
   </div>
   <div class='ocr_carea' id='block_1_25' title="bbox 1810 1103 3386 1174">
    <p class='ocr_par' dir='ltr' id='par_1_25' title="bbox 1810 1103 3386 1174">
     <span class='ocr_line' id='line_1_25' title="bbox 1810 1103 3386 1174; baseline 0 -16"><span class='ocrx_word' id='word_1_164' title='bbox 1810 1113 1916 1158; x_wconf 88' lang='lat' dir='ltr'><strong>tem</strong></span> <span class='ocrx_word' id='word_1_165' title='bbox 1945 1104 2259 1159; x_wconf 88' lang='lat' dir='ltr'><strong>concedunt</strong></span> <span class='ocrx_word' id='word_1_166' title='bbox 2289 1103 2537 1158; x_wconf 90' lang='lat' dir='ltr'><strong>nonnulli</strong></span> <span class='ocrx_word' id='word_1_167' title='bbox 2569 1119 2692 1159; x_wconf 89' lang='lat' dir='ltr'><strong>esse</strong></span> <span class='ocrx_word' id='word_1_168' title='bbox 2719 1103 2924 1174; x_wconf 83' lang='lat' dir='ltr'><strong>aliquid</strong></span> <span class='ocrx_word' id='word_1_169' title='bbox 2959 1104 3251 1158; x_wconf 77' lang='lat' dir='ltr'><strong>immortali</strong></span> <span class='ocrx_word' id='word_1_170' title='bbox 3283 1105 3386 1158; x_wconf 88' lang='lat' dir='ltr'><strong>im-</strong></span> 
     </span>
    </p>
   </div>
   <div class='ocr_carea' id='block_1_26' title="bbox 1808 1195 3390 1260">
    <p class='ocr_par' dir='ltr' id='par_1_26' title="bbox 1808 1195 3390 1260">
     <span class='ocr_line' id='line_1_26' title="bbox 1808 1195 3390 1260; baseline 0 -10"><span class='ocrx_word' id='word_1_171' title='bbox 1808 1197 2116 1260; x_wconf 84' lang='lat' dir='ltr'><strong>mortalius;</strong></span> <span class='ocrx_word' id='word_1_172' title='bbox 2151 1197 2255 1251; x_wconf 87' lang='lat' dir='ltr'><strong>hoc</strong></span> <span class='ocrx_word' id='word_1_173' title='bbox 2283 1198 2448 1251; x_wconf 88' lang='lat' dir='ltr'><strong>etiam</strong></span> <span class='ocrx_word' id='word_1_174' title='bbox 2485 1197 2603 1250; x_wconf 85' lang='lat' dir='ltr'><strong>sine</strong></span> <span class='ocrx_word' id='word_1_175' title='bbox 2639 1197 2750 1252; x_wconf 89' lang='lat' dir='ltr'><strong>ulla</strong></span> <span class='ocrx_word' id='word_1_176' title='bbox 2783 1195 3219 1251; x_wconf 90' lang='lat' dir='ltr'><strong>contradictione</strong></span> <span class='ocrx_word' id='word_1_177' title='bbox 3249 1197 3390 1250; x_wconf 88' lang='lat' dir='ltr'><strong>reci-</strong></span> 
     </span>
    </p>
   </div>
   <div class='ocr_carea' id='block_1_27' title="bbox 1808 1287 3390 1358">
    <p class='ocr_par' dir='ltr' id='par_1_27' title="bbox 1808 1287 3390 1358">
     <span class='ocr_line' id='line_1_27' title="bbox 1808 1287 3390 1358; baseline -0.001 -16"><span class='ocrx_word' id='word_1_178' title='bbox 1808 1289 2042 1357; x_wconf 87' lang='lat' dir='ltr'><strong>piemus.</strong></span> <span class='ocrx_word' id='word_1_179' title='bbox 2083 1290 2150 1343; x_wconf 88' lang='lat' dir='ltr'><strong>Et</strong></span> <span class='ocrx_word' id='word_1_180' title='bbox 2174 1288 2320 1344; x_wconf 86' lang='lat' dir='ltr'><strong>enim</strong></span> <span class='ocrx_word' id='word_1_181' title='bbox 2353 1298 2619 1358; x_wconf 88' lang='lat' dir='ltr'><strong>quantum</strong></span> <span class='ocrx_word' id='word_1_182' title='bbox 2652 1287 2762 1342; x_wconf 86' lang='lat' dir='ltr'><strong>Deo</strong></span> <span class='ocrx_word' id='word_1_183' title='bbox 2786 1291 2911 1358; x_wconf 89' lang='lat' dir='ltr'><strong>quis</strong></span> <span class='ocrx_word' id='word_1_184' title='bbox 2945 1289 3390 1358; x_wconf 78' lang='lat' dir='ltr'><strong>appropinquat,</strong></span> 
     </span>
    </p>
   </div>
   <div class='ocr_carea' id='block_1_28' title="bbox 1808 1378 3388 1450">
    <p class='ocr_par' dir='ltr' id='par_1_28' title="bbox 1808 1378 3388 1450">
     <span class='ocr_line' id='line_1_28' title="bbox 1808 1378 3388 1450; baseline -0.001 -16"><span class='ocrx_word' id='word_1_185' title='bbox 1808 1391 2019 1435; x_wconf 88' lang='lat' dir='ltr'><strong>tantum</strong></span> <span class='ocrx_word' id='word_1_186' title='bbox 2069 1380 2136 1434; x_wconf 88' lang='lat' dir='ltr'><strong>ad</strong></span> <span class='ocrx_word' id='word_1_187' title='bbox 2176 1381 2643 1435; x_wconf 84' lang='lat' dir='ltr'><strong>immertalitatem</strong></span> <span class='ocrx_word' id='word_1_188' title='bbox 2679 1381 2944 1450; x_wconf 81' lang='lat' dir='ltr'><strong>assurgit,</strong></span> <span class='ocrx_word' id='word_1_189' title='bbox 2985 1388 3041 1434; x_wconf 87' lang='lat' dir='ltr'><strong>et</strong></span> <span class='ocrx_word' id='word_1_190' title='bbox 3077 1381 3183 1434; x_wconf 91' lang='lat' dir='ltr'><strong>Deo</strong></span> <span class='ocrx_word' id='word_1_191' title='bbox 3211 1378 3388 1448; x_wconf 84' lang='lat' dir='ltr'><strong>persi-</strong></span> 
     </span>
    </p>
   </div>
   <div class='ocr_carea' id='block_1_29' title="bbox 1803 1470 3391 1542">
    <p class='ocr_par' dir='ltr' id='par_1_29' title="bbox 1803 1470 3391 1542">
     <span class='ocr_line' id='line_1_29' title="bbox 1803 1470 3391 1542; baseline -0.001 -16"><span class='ocrx_word' id='word_1_192' title='bbox 1803 1470 1951 1527; x_wconf 87' lang='lat' dir='ltr'><strong>milis</strong></span> <span class='ocrx_word' id='word_1_193' title='bbox 1979 1487 2210 1542; x_wconf 89' lang='lat' dir='ltr'><strong>eorpore</strong></span> <span class='ocrx_word' id='word_1_194' title='bbox 2245 1483 2301 1527; x_wconf 90' lang='lat' dir='ltr'><strong>et</strong></span> <span class='ocrx_word' id='word_1_195' title='bbox 2344 1471 2541 1541; x_wconf 82' lang='lat' dir='ltr'><strong>spiritu</strong></span> <span class='ocrx_word' id='word_1_196' title='bbox 2580 1472 2788 1525; x_wconf 82' lang='lat' dir='ltr'><strong>evadit.</strong></span> <span class='ocrx_word' id='word_1_197' title='bbox 2841 1470 2945 1524; x_wconf 82' lang='lat' dir='ltr'><strong>Par</strong></span> <span class='ocrx_word' id='word_1_198' title='bbox 2997 1480 3080 1525; x_wconf 91' lang='lat' dir='ltr'><strong>est</strong></span> <span class='ocrx_word' id='word_1_199' title='bbox 3125 1471 3287 1541; x_wconf 76' lang='lat' dir='ltr'><strong>igitur</strong></span> <span class='ocrx_word' id='word_1_200' title='bbox 3333 1478 3391 1525; x_wconf 87' lang='lat' dir='ltr'><strong>et</strong></span> 
     </span>
    </p>
   </div>
   <div class='ocr_carea' id='block_1_30' title="bbox 1806 1563 3392 1635">
    <p class='ocr_par' dir='ltr' id='par_1_30' title="bbox 1806 1563 3392 1635">
     <span class='ocr_line' id='line_1_30' title="bbox 1806 1563 3392 1635; baseline -0.002 -17"><span class='ocrx_word' id='word_1_201' title='bbox 1806 1563 2108 1635; x_wconf 74' lang='lat' dir='ltr'><strong>theologica</strong></span> <span class='ocrx_word' id='word_1_202' title='bbox 2141 1563 2284 1619; x_wconf 88' lang='lat' dir='ltr'><strong>dicta</strong></span> <span class='ocrx_word' id='word_1_203' title='bbox 2319 1565 2551 1634; x_wconf 78' lang='lat' dir='ltr'><strong>benigne</strong></span> <span class='ocrx_word' id='word_1_204' title='bbox 2588 1566 2863 1631; x_wconf 89' lang='lat' dir='ltr'><strong>accipere,</strong></span> <span class='ocrx_word' id='word_1_205' title='bbox 2889 1574 2943 1616; x_wconf 88' lang='lat' dir='ltr'><strong>et</strong></span> <span class='ocrx_word' id='word_1_206' title='bbox 2969 1563 3112 1617; x_wconf 88' lang='lat' dir='ltr'><strong>dicta</strong></span> <span class='ocrx_word' id='word_1_207' title='bbox 3153 1563 3392 1630; x_wconf 82' lang='lat' dir='ltr'><strong>reliquo-</strong></span> 
     </span>
    </p>
   </div>
   <div class='ocr_carea' id='block_1_31' title="bbox 1807 1656 3388 1726">
    <p class='ocr_par' dir='ltr' id='par_1_31' title="bbox 1807 1656 3388 1726">
     <span class='ocr_line' id='line_1_31' title="bbox 1807 1656 3388 1726; baseline -0.001 -18"><span class='ocrx_word' id='word_1_208' title='bbox 1807 1671 1924 1709; x_wconf 85' lang='lat' dir='ltr'><strong>rnm</strong></span> <span class='ocrx_word' id='word_1_209' title='bbox 1984 1657 2372 1726; x_wconf 56' lang='lat' dir='ltr'><strong>magistrorum</strong></span> <span class='ocrx_word' id='word_1_210' title='bbox 2444 1657 2652 1709; x_wconf 87' lang='lat' dir='ltr'><strong>honore</strong></span> <span class='ocrx_word' id='word_1_211' title='bbox 2705 1656 2982 1724; x_wconf 87' lang='lat' dir='ltr'><strong>prosequi,</strong></span> <span class='ocrx_word' id='word_1_212' title='bbox 3045 1670 3156 1708; x_wconf 89' lang='lat' dir='ltr'><strong>non</strong></span> <span class='ocrx_word' id='word_1_213' title='bbox 3201 1664 3388 1708; x_wconf 79' lang='lat' dir='ltr'><strong>autem</strong></span> 
     </span>
    </p>
   </div>
   <div class='ocr_carea' id='block_1_32' title="bbox 1802 1740 3387 1797">
    <p class='ocr_par' dir='ltr' id='par_1_32' title="bbox 1802 1740 3387 1797">
     <span class='ocr_line' id='line_1_32' title="bbox 1802 1740 3387 1797; baseline -0.002 -1"><span class='ocrx_word' id='word_1_214' title='bbox 1802 1743 2069 1796; x_wconf 79' lang='lat' dir='ltr'><strong>aversati.</strong></span> <span class='ocrx_word' id='word_1_215' title='bbox 2119 1743 2266 1796; x_wconf 84' lang='lat' dir='ltr'><strong>Dicta</strong></span> <span class='ocrx_word' id='word_1_216' title='bbox 2311 1742 2458 1797; x_wconf 89' lang='lat' dir='ltr'><strong>enim</strong></span> <span class='ocrx_word' id='word_1_217' title='bbox 2511 1751 2827 1797; x_wconf 81' lang='lat' dir='ltr'><strong>sanctorum</strong></span> <span class='ocrx_word' id='word_1_218' title='bbox 2875 1740 3096 1794; x_wconf 81' lang='lat' dir='ltr'><strong>Patrum</strong></span> <span class='ocrx_word' id='word_1_219' title='bbox 3155 1741 3387 1794; x_wconf 79' lang='lat' dir='ltr'><strong>invicem</strong></span> 
     </span>
    </p>
   </div>
   <div class='ocr_carea' id='block_1_33' title="bbox 1804 1837 3386 1907">
    <p class='ocr_par' dir='ltr' id='par_1_33' title="bbox 1804 1837 3386 1907">
     <span class='ocr_line' id='line_1_33' title="bbox 1804 1837 3386 1907; baseline 0 -17"><span class='ocrx_word' id='word_1_220' title='bbox 1804 1838 1996 1891; x_wconf 88' lang='lat' dir='ltr'><strong>collata</strong></span> <span class='ocrx_word' id='word_1_221' title='bbox 2035 1837 2267 1907; x_wconf 82' lang='lat' dir='ltr'><strong>benigne</strong></span> <span class='ocrx_word' id='word_1_222' title='bbox 2292 1839 2526 1907; x_wconf 81' lang='lat' dir='ltr'><strong>probare</strong></span> <span class='ocrx_word' id='word_1_223' title='bbox 2549 1847 2604 1892; x_wconf 88' lang='lat' dir='ltr'><strong>et</strong></span> <span class='ocrx_word' id='word_1_224' title='bbox 2629 1838 2907 1892; x_wconf 89' lang='lat' dir='ltr'><strong>laudabile</strong></span> <span class='ocrx_word' id='word_1_225' title='bbox 2933 1847 3035 1903; x_wconf 90' lang='lat' dir='ltr'><strong>est,</strong></span> <span class='ocrx_word' id='word_1_226' title='bbox 3063 1845 3116 1891; x_wconf 91' lang='lat' dir='ltr'><strong>et</strong></span> <span class='ocrx_word' id='word_1_227' title='bbox 3142 1838 3386 1900; x_wconf 83' lang='lat' dir='ltr'><strong>beatum,</strong></span> 
     </span>
    </p>
   </div>
   <div class='ocr_carea' id='block_1_34' title="bbox 136 1915 1684 2004">
    <p class='ocr_par' dir='ltr' id='par_1_34' title="bbox 136 1927 1684 2004">
     <span class='ocr_line' id='line_1_34' title="bbox 136 1927 1684 2004; baseline 0.009 -26"><span class='ocrx_word' id='word_1_228' title='bbox 136 1927 473 1996; x_wconf 72' lang='grc' dir='ltr'>συμσιὸἀζειν</span> <span class='ocrx_word' id='word_1_229' title='bbox 506 1931 792 1985; x_wconf 76' lang='grc' dir='ltr'>ἐπαινετόν</span> <span class='ocrx_word' id='word_1_230' title='bbox 822 1935 940 1986; x_wconf 70' lang='grc' dir='ltr'>ἐστι</span> <span class='ocrx_word' id='word_1_231' title='bbox 967 1937 1060 1988; x_wconf 70' lang='grc' dir='ltr'><strong>καὶ</strong></span> <span class='ocrx_word' id='word_1_232' title='bbox 1090 1936 1364 2004; x_wconf 80' lang='grc' dir='ltr'>μακάριον</span> <span class='ocrx_word' id='word_1_233' title='bbox 1391 1939 1486 1990; x_wconf 69' lang='grc' dir='ltr'><strong>καὶ</strong></span> <span class='ocrx_word' id='word_1_234' title='bbox 1508 1941 1568 1991; x_wconf 75' lang='grc' dir='ltr'>τὸ</span> <span class='ocrx_word' id='word_1_235' title='bbox 1601 1940 1684 1992; x_wconf 78' lang='grc' dir='ltr'><strong>ὅν-</strong></span> 
     </span>
    </p>
   </div>
   <div class='ocr_carea' id='block_1_35' title="bbox 1856 1915 3390 2004">
    <p class='ocr_par' dir='ltr' id='par_1_35' title="bbox 1884 1927 3390 1999">
     <span class='ocr_line' id='line_1_35' title="bbox 1884 1927 3390 1999; baseline 0 -17"><span class='ocrx_word' id='word_1_236' title='bbox 1884 1927 1994 1983; x_wconf 89' lang='lat' dir='ltr'><strong>Deo</strong></span> <span class='ocrx_word' id='word_1_237' title='bbox 2023 1937 2234 1999; x_wconf 76' lang='lat' dir='ltr'><strong>gratum</strong></span> <span class='ocrx_word' id='word_1_238' title='bbox 2266 1930 2516 1984; x_wconf 85' lang='lat' dir='ltr'><strong>omnino.</strong></span> <span class='ocrx_word' id='word_1_239' title='bbox 2544 1930 2783 1984; x_wconf 84' lang='lat' dir='ltr'><strong>Attende</strong></span> <span class='ocrx_word' id='word_1_240' title='bbox 2817 1929 3000 1997; x_wconf 79' lang='lat' dir='ltr'><strong>igitur.</strong></span> <span class='ocrx_word' id='word_1_241' title='bbox 3040 1928 3098 1981; x_wconf 90' lang='lat' dir='ltr'><strong>Si</strong></span> <span class='ocrx_word' id='word_1_242' title='bbox 3132 1943 3390 1996; x_wconf 83' lang='lat' dir='ltr'><strong>perseve-</strong></span> 
     </span>
    </p>
   </div>
   <div class='ocr_carea' id='block_1_36' title="bbox 1793 2021 3385 2091">
    <p class='ocr_par' dir='ltr' id='par_1_36' title="bbox 1793 2021 3385 2091">
     <span class='ocr_line' id='line_1_36' title="bbox 1793 2021 3385 2091; baseline 0.001 -18"><span class='ocrx_word' id='word_1_243' title='bbox 1793 2037 2069 2076; x_wconf 89' lang='lat' dir='ltr'><strong>rassemus</strong></span> <span class='ocrx_word' id='word_1_244' title='bbox 2087 2022 2230 2091; x_wconf 91' lang='lat' dir='ltr'><strong>quod</strong></span> <span class='ocrx_word' id='word_1_245' title='bbox 2255 2037 2493 2087; x_wconf 81' lang='lat' dir='ltr'><strong>eramus,</strong></span> <span class='ocrx_word' id='word_1_246' title='bbox 2513 2031 2565 2076; x_wconf 88' lang='lat' dir='ltr'><strong>et</strong></span> <span class='ocrx_word' id='word_1_247' title='bbox 2587 2031 2913 2091; x_wconf 66' lang='lat' dir='ltr'><strong>praeceptum</strong></span> <span class='ocrx_word' id='word_1_248' title='bbox 2934 2021 3385 2085; x_wconf 71' lang='lat' dir='ltr'><strong>custodissentus,</strong></span> 
     </span>
    </p>
   </div>
   <div class='ocr_carea' id='block_1_37' title="bbox 1788 2111 3391 2186">
    <p class='ocr_par' dir='ltr' id='par_1_37' title="bbox 1788 2111 3391 2186">
     <span class='ocr_line' id='line_1_37' title="bbox 1788 2111 3391 2186; baseline -0.002 -18"><span class='ocrx_word' id='word_1_249' title='bbox 1788 2114 1934 2186; x_wconf 81' lang='lat' dir='ltr'><strong>quod</strong></span> <span class='ocrx_word' id='word_1_250' title='bbox 1963 2129 2072 2167; x_wconf 89' lang='lat' dir='ltr'><strong>non</strong></span> <span class='ocrx_word' id='word_1_251' title='bbox 2093 2129 2308 2168; x_wconf 86' lang='lat' dir='ltr'><strong>eramus</strong></span> <span class='ocrx_word' id='word_1_252' title='bbox 2335 2112 2650 2179; x_wconf 81' lang='lat' dir='ltr'><strong>fuissemus,</strong></span> <span class='ocrx_word' id='word_1_253' title='bbox 2674 2114 2776 2168; x_wconf 89' lang='lat' dir='ltr'><strong>hoc</strong></span> <span class='ocrx_word' id='word_1_254' title='bbox 2805 2127 2908 2179; x_wconf 90' lang='lat' dir='ltr'><strong>est,</strong></span> <span class='ocrx_word' id='word_1_255' title='bbox 2939 2111 3308 2166; x_wconf 74' lang='lat' dir='ltr'><strong>inmutabiles</strong></span> <span class='ocrx_word' id='word_1_256' title='bbox 3336 2121 3391 2164; x_wconf 66' lang='lat' dir='ltr'><strong>rt</strong></span> 
     </span>
    </p>
   </div>
   <div class='ocr_carea' id='block_1_38' title="bbox 1789 2205 3392 2277">
    <p class='ocr_par' dir='ltr' id='par_1_38' title="bbox 1789 2205 3392 2277">
     <span class='ocr_line' id='line_1_38' title="bbox 1789 2205 3392 2277; baseline -0.004 -16"><span class='ocrx_word' id='word_1_257' title='bbox 1789 2206 2270 2277; x_wconf 75' lang='lat' dir='ltr'><strong>semperejusdcm</strong></span> <span class='ocrx_word' id='word_1_258' title='bbox 2301 2207 2589 2276; x_wconf 87' lang='lat' dir='ltr'><strong>propositi.</strong></span> <span class='ocrx_word' id='word_1_259' title='bbox 2621 2205 2733 2260; x_wconf 89' lang='lat' dir='ltr'><strong>Nec</strong></span> <span class='ocrx_word' id='word_1_260' title='bbox 2755 2221 3063 2259; x_wconf 88' lang='lat' dir='ltr'><strong>sermonem</strong></span> <span class='ocrx_word' id='word_1_261' title='bbox 3101 2207 3244 2259; x_wconf 89' lang='lat' dir='ltr'><strong>hunc</strong></span> <span class='ocrx_word' id='word_1_262' title='bbox 3276 2213 3392 2257; x_wconf 82' lang='lat' dir='ltr'><strong>sta-</strong></span> 
     </span>
    </p>
   </div>
   <div class='ocr_carea' id='block_1_39' title="bbox 1790 2297 3385 2366">
    <p class='ocr_par' dir='ltr' id='par_1_39' title="bbox 1790 2297 3385 2366">
     <span class='ocr_line' id='line_1_39' title="bbox 1790 2297 3385 2366; baseline -0.003 -14"><span class='ocrx_word' id='word_1_263' title='bbox 1790 2301 1885 2353; x_wconf 88' lang='lat' dir='ltr'><strong>tim</strong></span> <span class='ocrx_word' id='word_1_264' title='bbox 1913 2315 2186 2353; x_wconf 79' lang='lat' dir='ltr'><strong>aversare.</strong></span> <span class='ocrx_word' id='word_1_265' title='bbox 2209 2297 2264 2352; x_wconf 90' lang='lat' dir='ltr'><strong>Si</strong></span> <span class='ocrx_word' id='word_1_266' title='bbox 2296 2299 2444 2353; x_wconf 88' lang='lat' dir='ltr'><strong>enim</strong></span> <span class='ocrx_word' id='word_1_267' title='bbox 2476 2298 2806 2352; x_wconf 84' lang='lat' dir='ltr'><strong>divinissimi</strong></span> <span class='ocrx_word' id='word_1_268' title='bbox 2829 2297 3004 2366; x_wconf 82' lang='lat' dir='ltr'><strong>angeli</strong></span> <span class='ocrx_word' id='word_1_269' title='bbox 3030 2312 3154 2351; x_wconf 92' lang='lat' dir='ltr'><strong>cum</strong></span> <span class='ocrx_word' id='word_1_270' title='bbox 3184 2312 3385 2351; x_wconf 88' lang='lat' dir='ltr'><strong>secun-</strong></span> 
     </span>
    </p>
   </div>
   <div class='ocr_carea' id='block_1_40' title="bbox 1787 2389 3389 2460">
    <p class='ocr_par' dir='ltr' id='par_1_40' title="bbox 1787 2389 3389 2460">
     <span class='ocr_line' id='line_1_40' title="bbox 1787 2389 3389 2460; baseline -0.001 -16"><span class='ocrx_word' id='word_1_271' title='bbox 1787 2390 1915 2444; x_wconf 89' lang='lat' dir='ltr'><strong>dum</strong></span> <span class='ocrx_word' id='word_1_272' title='bbox 1946 2391 2286 2460; x_wconf 89' lang='lat' dir='ltr'><strong>propositum</strong></span> <span class='ocrx_word' id='word_1_273' title='bbox 2333 2389 2542 2459; x_wconf 88' lang='lat' dir='ltr'><strong>aliquid</strong></span> <span class='ocrx_word' id='word_1_274' title='bbox 2576 2389 2725 2443; x_wconf 86' lang='lat' dir='ltr'><strong>aliud</strong></span> <span class='ocrx_word' id='word_1_275' title='bbox 2753 2389 2909 2459; x_wconf 88' lang='lat' dir='ltr'><strong>prius</strong></span> <span class='ocrx_word' id='word_1_276' title='bbox 2942 2397 3164 2451; x_wconf 88' lang='lat' dir='ltr'><strong>essent,</strong></span> <span class='ocrx_word' id='word_1_277' title='bbox 3199 2389 3389 2444; x_wconf 90' lang='lat' dir='ltr'><strong>novis-</strong></span> 
     </span>
    </p>
   </div>
   <div class='ocr_carea' id='block_1_41' title="bbox 1788 2480 3384 2553">
    <p class='ocr_par' dir='ltr' id='par_1_41' title="bbox 1788 2480 3384 2553">
     <span class='ocr_line' id='line_1_41' title="bbox 1788 2480 3384 2553; baseline -0.002 -16"><span class='ocrx_word' id='word_1_278' title='bbox 1788 2485 1946 2548; x_wconf 85' lang='lat' dir='ltr'><strong>sime,</strong></span> <span class='ocrx_word' id='word_1_279' title='bbox 1980 2484 2124 2553; x_wconf 86' lang='lat' dir='ltr'><strong>qnod</strong></span> <span class='ocrx_word' id='word_1_280' title='bbox 2157 2498 2270 2538; x_wconf 87' lang='lat' dir='ltr'><strong>non</strong></span> <span class='ocrx_word' id='word_1_281' title='bbox 2294 2491 2472 2545; x_wconf 88' lang='lat' dir='ltr'><strong>erant,</strong></span> <span class='ocrx_word' id='word_1_282' title='bbox 2517 2491 2820 2536; x_wconf 86' lang='lat' dir='ltr'><strong>evaserunt</strong></span> <span class='ocrx_word' id='word_1_283' title='bbox 2847 2499 2860 2535; x_wconf 86' lang='lat'><strong><em>:</em></strong></span> <span class='ocrx_word' id='word_1_284' title='bbox 2891 2480 3188 2534; x_wconf 84' lang='lat' dir='ltr'><strong>dilIiculter</strong></span> <span class='ocrx_word' id='word_1_285' title='bbox 3234 2481 3384 2535; x_wconf 89' lang='lat' dir='ltr'><strong>enim</strong></span> 
     </span>
    </p>
   </div>
   <div class='ocr_carea' id='block_1_42' title="bbox 1789 2575 3388 2644">
    <p class='ocr_par' dir='ltr' id='par_1_42' title="bbox 1789 2575 3388 2644">
     <span class='ocr_line' id='line_1_42' title="bbox 1789 2575 3388 2644; baseline -0.001 -16"><span class='ocrx_word' id='word_1_286' title='bbox 1789 2577 2020 2632; x_wconf 87' lang='lat' dir='ltr'><strong>mobiles</strong></span> <span class='ocrx_word' id='word_1_287' title='bbox 2039 2585 2218 2643; x_wconf 83' lang='lat' dir='ltr'><strong>erant,</strong></span> <span class='ocrx_word' id='word_1_288' title='bbox 2247 2576 2343 2630; x_wconf 90' lang='lat' dir='ltr'><strong>sed</strong></span> <span class='ocrx_word' id='word_1_289' title='bbox 2375 2592 2484 2631; x_wconf 87' lang='lat' dir='ltr'><strong>non</strong></span> <span class='ocrx_word' id='word_1_290' title='bbox 2508 2575 2817 2630; x_wconf 87' lang='lat' dir='ltr'><strong>immobiles</strong></span> <span class='ocrx_word' id='word_1_291' title='bbox 2844 2576 2911 2630; x_wconf 89' lang='lat' dir='ltr'><strong>ad</strong></span> <span class='ocrx_word' id='word_1_292' title='bbox 2941 2575 3142 2628; x_wconf 89' lang='lat' dir='ltr'><strong>malum</strong></span> <span class='ocrx_word' id='word_1_293' title='bbox 3173 2591 3201 2628; x_wconf 89' lang='lat' dir='ltr'><strong>a</strong></span> <span class='ocrx_word' id='word_1_294' title='bbox 3235 2575 3388 2644; x_wconf 89' lang='lat' dir='ltr'><strong>prin-</strong></span> 
     </span>
    </p>
   </div>
   <div class='ocr_carea' id='block_1_43' title="bbox 1784 2669 3385 2740">
    <p class='ocr_par' dir='ltr' id='par_1_43' title="bbox 1784 2669 3385 2740">
     <span class='ocr_line' id='line_1_43' title="bbox 1784 2669 3385 2740; baseline -0.001 -16"><span class='ocrx_word' id='word_1_295' title='bbox 1784 2671 1960 2740; x_wconf 90' lang='lat' dir='ltr'><strong>cipio;</strong></span> <span class='ocrx_word' id='word_1_296' title='bbox 1991 2671 2085 2726; x_wconf 88' lang='lat' dir='ltr'><strong>sed</strong></span> <span class='ocrx_word' id='word_1_297' title='bbox 2119 2669 2376 2740; x_wconf 88' lang='lat' dir='ltr'><strong>quoniam</strong></span> <span class='ocrx_word' id='word_1_298' title='bbox 2415 2686 2538 2724; x_wconf 90' lang='lat' dir='ltr'><strong>cum</strong></span> <span class='ocrx_word' id='word_1_299' title='bbox 2590 2669 2924 2726; x_wconf 88' lang='lat' dir='ltr'><strong>cadentibus</strong></span> <span class='ocrx_word' id='word_1_300' title='bbox 2973 2669 3185 2739; x_wconf 82' lang='lat' dir='ltr'><strong>angelis</strong></span> <span class='ocrx_word' id='word_1_301' title='bbox 3233 2669 3385 2723; x_wconf 87' lang='lat' dir='ltr'><strong>nullo</strong></span> 
     </span>
    </p>
   </div>
   <div class='ocr_carea' id='block_1_44' title="bbox 1785 2761 3385 2832">
    <p class='ocr_par' dir='ltr' id='par_1_44' title="bbox 1785 2761 3385 2832">
     <span class='ocr_line' id='line_1_44' title="bbox 1785 2761 3385 2832; baseline 0 -18"><span class='ocrx_word' id='word_1_302' title='bbox 1785 2771 1942 2832; x_wconf 87' lang='lat' dir='ltr'><strong>pacto</strong></span> <span class='ocrx_word' id='word_1_303' title='bbox 1971 2763 2214 2816; x_wconf 79' lang='lat' dir='ltr'><strong>devoluti</strong></span> <span class='ocrx_word' id='word_1_304' title='bbox 2252 2772 2417 2822; x_wconf 89' lang='lat' dir='ltr'><strong>sunt,</strong></span> <span class='ocrx_word' id='word_1_305' title='bbox 2455 2771 2645 2830; x_wconf 88' lang='lat' dir='ltr'><strong>utpote</strong></span> <span class='ocrx_word' id='word_1_306' title='bbox 2675 2763 2768 2832; x_wconf 88' lang='lat' dir='ltr'><strong>qui</strong></span> <span class='ocrx_word' id='word_1_307' title='bbox 2819 2761 2943 2817; x_wconf 88' lang='lat' dir='ltr'><strong>mali</strong></span> <span class='ocrx_word' id='word_1_308' title='bbox 2995 2762 3214 2816; x_wconf 83' lang='lat' dir='ltr'><strong>illorum</strong></span> <span class='ocrx_word' id='word_1_309' title='bbox 3251 2776 3385 2814; x_wconf 89' lang='lat' dir='ltr'><strong>con-</strong></span> 
     </span>
    </p>
   </div>
   <div class='ocr_carea' id='block_1_45' title="bbox 1783 2854 3374 2924">
    <p class='ocr_par' dir='ltr' id='par_1_45' title="bbox 1783 2854 3374 2924">
     <span class='ocr_line' id='line_1_45' title="bbox 1783 2854 3374 2924; baseline 0 -19"><span class='ocrx_word' id='word_1_310' title='bbox 1783 2854 1888 2907; x_wconf 90' lang='lat' dir='ltr'><strong>silii</strong></span> <span class='ocrx_word' id='word_1_311' title='bbox 1922 2854 2233 2922; x_wconf 80' lang='lat' dir='ltr'><strong>superiores</strong></span> <span class='ocrx_word' id='word_1_312' title='bbox 2267 2861 2783 2922; x_wconf 87' lang='lat' dir='ltr'><strong>contemptoresque</strong></span> <span class='ocrx_word' id='word_1_313' title='bbox 2827 2855 3055 2923; x_wconf 84' lang='lat' dir='ltr'><strong>reperti,</strong></span> <span class='ocrx_word' id='word_1_314' title='bbox 3082 2863 3374 2924; x_wconf 70' lang='lat' dir='ltr'><strong>propterea</strong></span> 
     </span>
    </p>
   </div>
   <div class='ocr_carea' id='block_1_46' title="bbox 1781 2944 3374 3017">
    <p class='ocr_par' dir='ltr' id='par_1_46' title="bbox 1781 2944 3374 3017">
     <span class='ocr_line' id='line_1_46' title="bbox 1781 2944 3374 3017; baseline -0.003 -17"><span class='ocrx_word' id='word_1_315' title='bbox 1781 2946 1944 3000; x_wconf 86' lang='lat' dir='ltr'><strong>etiam</strong></span> <span class='ocrx_word' id='word_1_316' title='bbox 1984 2945 2291 3000; x_wconf 84' lang='lat' dir='ltr'><strong>immobiles</strong></span> <span class='ocrx_word' id='word_1_317' title='bbox 2319 2944 2387 2998; x_wconf 90' lang='lat' dir='ltr'><strong>ad</strong></span> <span class='ocrx_word' id='word_1_318' title='bbox 2422 2945 2620 2998; x_wconf 81' lang='lat' dir='ltr'><strong>malum</strong></span> <span class='ocrx_word' id='word_1_319' title='bbox 2645 2954 2942 2998; x_wconf 75' lang='lat' dir='ltr'><strong>evaserunt</strong></span> <span class='ocrx_word' id='word_1_320' title='bbox 2992 2960 3101 3017; x_wconf 83' lang='lat' dir='ltr'><strong>non</strong></span> <span class='ocrx_word' id='word_1_321' title='bbox 3145 2955 3374 3008; x_wconf 82' lang='lat' dir='ltr'><strong>natura,</strong></span> 
     </span>
    </p>
   </div>
   <div class='ocr_carea' id='block_1_47' title="bbox 1782 3037 3373 3109">
    <p class='ocr_par' dir='ltr' id='par_1_47' title="bbox 1782 3037 3373 3109">
     <span class='ocr_line' id='line_1_47' title="bbox 1782 3037 3373 3109; baseline 0 -15"><span class='ocrx_word' id='word_1_322' title='bbox 1782 3039 1877 3094; x_wconf 87' lang='lat' dir='ltr'><strong>sed</strong></span> <span class='ocrx_word' id='word_1_323' title='bbox 1911 3039 2107 3109; x_wconf 78' lang='lat' dir='ltr'><strong>gratia,</strong></span> <span class='ocrx_word' id='word_1_324' title='bbox 2129 3037 2590 3107; x_wconf 85' lang='lat' dir='ltr'><strong>quemadmodum</strong></span> <span class='ocrx_word' id='word_1_325' title='bbox 2625 3038 2992 3092; x_wconf 87' lang='lat' dir='ltr'><strong>[)atnasccnus</strong></span> <span class='ocrx_word' id='word_1_326' title='bbox 3021 3038 3182 3092; x_wconf 86' lang='lat' dir='ltr'><strong>etiam</strong></span> <span class='ocrx_word' id='word_1_327' title='bbox 3205 3039 3373 3094; x_wconf 78' lang='lat' dir='ltr'><strong>Joan-</strong></span> 
     </span>
    </p>
   </div>
   <div class='ocr_carea' id='block_1_48' title="bbox 1782 3131 2432 3201">
    <p class='ocr_par' dir='ltr' id='par_1_48' title="bbox 1782 3131 2432 3201">
     <span class='ocr_line' id='line_1_48' title="bbox 1782 3131 2432 3201; baseline 0 -15"><span class='ocrx_word' id='word_1_328' title='bbox 1782 3148 1878 3188; x_wconf 91' lang='lat' dir='ltr'><strong>nes</strong></span> <span class='ocrx_word' id='word_1_329' title='bbox 1915 3131 1984 3186; x_wconf 89' lang='lat' dir='ltr'><strong>de</strong></span> <span class='ocrx_word' id='word_1_330' title='bbox 2012 3131 2118 3186; x_wconf 88' lang='lat' dir='ltr'><strong>hoc</strong></span> <span class='ocrx_word' id='word_1_331' title='bbox 2151 3132 2432 3201; x_wconf 85' lang='lat' dir='ltr'><strong>Opinatur.</strong></span> 
     </span>
    </p>
   </div>
   <div class='ocr_carea' id='block_1_49' title="bbox 1856 3223 3375 3293">
    <p class='ocr_par' dir='ltr' id='par_1_49' title="bbox 1856 3223 3375 3293">
     <span class='ocr_line' id='line_1_49' title="bbox 1856 3223 3375 3293; baseline -0.001 -17"><span class='ocrx_word' id='word_1_332' title='bbox 1856 3223 1933 3278; x_wconf 88' lang='lat' dir='ltr'><strong>lta</strong></span> <span class='ocrx_word' id='word_1_333' title='bbox 1981 3223 2166 3293; x_wconf 78' lang='lat' dir='ltr'><strong>igitur,</strong></span> <span class='ocrx_word' id='word_1_334' title='bbox 2217 3223 2299 3278; x_wconf 88' lang='lat' dir='ltr'><strong>vir</strong></span> <span class='ocrx_word' id='word_1_335' title='bbox 2352 3223 2719 3287; x_wconf 84' lang='lat' dir='ltr'><strong>sanctissime,</strong></span> <span class='ocrx_word' id='word_1_336' title='bbox 2743 3223 2910 3278; x_wconf 86' lang='lat' dir='ltr'><strong>etiam</strong></span> <span class='ocrx_word' id='word_1_337' title='bbox 2948 3223 3016 3278; x_wconf 89' lang='lat' dir='ltr'><strong>de</strong></span> <span class='ocrx_word' id='word_1_338' title='bbox 3061 3223 3241 3292; x_wconf 88' lang='lat' dir='ltr'><strong>primo</strong></span> <span class='ocrx_word' id='word_1_339' title='bbox 3274 3224 3375 3277; x_wconf 87' lang='lat' dir='ltr'><strong>lto-</strong></span> 
     </span>
    </p>
   </div>
   <div class='ocr_carea' id='block_1_50' title="bbox 133 2017 1686 2100">
    <p class='ocr_par' dir='ltr' id='par_1_50' title="bbox 133 2017 1686 2100">
     <span class='ocr_line' id='line_1_50' title="bbox 133 2017 1686 2100; baseline 0.01 -32"><span class='ocrx_word' id='word_1_340' title='bbox 133 2033 226 2080; x_wconf 83' lang='grc' dir='ltr'><strong>τως</strong></span> <span class='ocrx_word' id='word_1_341' title='bbox 257 2017 567 2088; x_wconf 86' lang='grc' dir='ltr'>θεάρεστον.</span> <span class='ocrx_word' id='word_1_342' title='bbox 603 2022 849 2092; x_wconf 82' lang='grc' dir='ltr'>Πρόσεχε</span> <span class='ocrx_word' id='word_1_343' title='bbox 881 2022 996 2078; x_wconf 78' lang='grc' dir='ltr'>οὖν.</span> <span class='ocrx_word' id='word_1_344' title='bbox 1027 2026 1088 2078; x_wconf 78' lang='lat' dir='ltr'><strong>Ei</strong></span> <span class='ocrx_word' id='word_1_345' title='bbox 1123 2028 1222 2094; x_wconf 82' lang='grc' dir='ltr'><strong>μὲν</strong></span> <span class='ocrx_word' id='word_1_346' title='bbox 1255 2027 1346 2081; x_wconf 78' lang='grc' dir='ltr'>οὖν</span> <span class='ocrx_word' id='word_1_347' title='bbox 1388 2017 1686 2100; x_wconf 51' lang='grc' dir='ltr'>ἐμείναμεν</span> 
     </span>
    </p>
   </div>
   <div class='ocr_carea' id='block_1_51' title="bbox 131 2108 1685 2192">
    <p class='ocr_par' dir='ltr' id='par_1_51' title="bbox 131 2108 1685 2192">
     <span class='ocr_line' id='line_1_51' title="bbox 131 2108 1685 2192; baseline 0.01 -30"><span class='ocrx_word' id='word_1_348' title='bbox 131 2111 249 2181; x_wconf 74' lang='grc' dir='ltr'>ὅπερ</span> <span class='ocrx_word' id='word_1_349' title='bbox 283 2108 439 2182; x_wconf 80' lang='grc' dir='ltr'>ἦμεν,</span> <span class='ocrx_word' id='word_1_350' title='bbox 478 2117 576 2168; x_wconf 75' lang='grc' dir='ltr'>καὶ</span> <span class='ocrx_word' id='word_1_351' title='bbox 600 2116 701 2186; x_wconf 86' lang='grc' dir='ltr'><strong>τὴν</strong></span> <span class='ocrx_word' id='word_1_352' title='bbox 732 2117 958 2188; x_wconf 75' lang='grc' dir='ltr'>ἐντολὴν</span> <span class='ocrx_word' id='word_1_353' title='bbox 979 2119 1350 2190; x_wconf 79' lang='grc' dir='ltr'>ἐφυλάξαμεν,</span> <span class='ocrx_word' id='word_1_354' title='bbox 1384 2123 1685 2192; x_wconf 75' lang='grc' dir='ltr'>ἐγενόμεθα</span> 
     </span>
    </p>
   </div>
   <div class='ocr_carea' id='block_1_52' title="bbox 130 2205 1684 2279">
    <p class='ocr_par' dir='ltr' id='par_1_52' title="bbox 130 2205 1684 2279">
     <span class='ocr_line' id='line_1_52' title="bbox 130 2205 1684 2279; baseline 0.009 -23"><span class='ocrx_word' id='word_1_355' title='bbox 130 2205 247 2274; x_wconf 70' lang='grc' dir='ltr'>ὅπερ</span> <span class='ocrx_word' id='word_1_356' title='bbox 282 2207 378 2260; x_wconf 75' lang='grc' dir='ltr'>οὐκ</span> <span class='ocrx_word' id='word_1_357' title='bbox 405 2205 573 2278; x_wconf 75' lang='grc' dir='ltr'>ἦμεν,</span> <span class='ocrx_word' id='word_1_358' title='bbox 610 2209 754 2262; x_wconf 78' lang='grc' dir='ltr'>τοῦτ’</span> <span class='ocrx_word' id='word_1_359' title='bbox 789 2209 960 2278; x_wconf 76' lang='grc' dir='ltr'>ἐστιν,</span> <span class='ocrx_word' id='word_1_360' title='bbox 993 2212 1253 2279; x_wconf 80' lang='grc' dir='ltr'>ἀτρεπτοι</span> <span class='ocrx_word' id='word_1_361' title='bbox 1295 2217 1390 2268; x_wconf 76' lang='grc' dir='ltr'><strong>καὶ</strong></span> <span class='ocrx_word' id='word_1_362' title='bbox 1422 2217 1544 2269; x_wconf 79' lang='grc' dir='ltr'>κατ’</span> <span class='ocrx_word' id='word_1_363' title='bbox 1584 2218 1684 2270; x_wconf 63' lang='lat' dir='ltr'><strong>otti-</strong></span> 
     </span>
    </p>
   </div>
   <div class='ocr_carea' id='block_1_53' title="bbox 129 2296 1684 2374">
    <p class='ocr_par' dir='ltr' id='par_1_53' title="bbox 129 2296 1684 2374">
     <span class='ocr_line' id='line_1_53' title="bbox 129 2296 1684 2374; baseline 0.01 -28"><span class='ocrx_word' id='word_1_364' title='bbox 129 2296 212 2364; x_wconf 76' lang='grc' dir='ltr'><strong>τὴν</strong></span> <span class='ocrx_word' id='word_1_365' title='bbox 260 2297 354 2366; x_wconf 81' lang='grc' dir='ltr'>τὴν</span> <span class='ocrx_word' id='word_1_366' title='bbox 409 2300 777 2369; x_wconf 77' lang='grc' dir='ltr'>προαίρεσιν·</span> <span class='ocrx_word' id='word_1_367' title='bbox 815 2302 950 2356; x_wconf 77' lang='grc' dir='ltr'>ἀλλὰ</span> <span class='ocrx_word' id='word_1_368' title='bbox 989 2303 1064 2373; x_wconf 84' lang='grc' dir='ltr'><strong>μὴ</strong></span> <span class='ocrx_word' id='word_1_369' title='bbox 1113 2306 1206 2357; x_wconf 77' lang='grc' dir='ltr'><strong>τὸν</strong></span> <span class='ocrx_word' id='word_1_370' title='bbox 1259 2305 1417 2374; x_wconf 82' lang='grc' dir='ltr'>λόγον</span> <span class='ocrx_word' id='word_1_371' title='bbox 1482 2308 1684 2373; x_wconf 68' lang='grc' dir='ltr'><strong>εὐθέως</strong></span> 
     </span>
    </p>
   </div>
   <div class='ocr_carea' id='block_1_54' title="bbox 128 2385 1684 2463">
    <p class='ocr_par' dir='ltr' id='par_1_54' title="bbox 128 2385 1684 2463">
     <span class='ocr_line' id='line_1_54' title="bbox 128 2385 1684 2463; baseline 0.01 -27"><span class='ocrx_word' id='word_1_372' title='bbox 128 2385 494 2457; x_wconf 77' lang='grc' dir='ltr'>ἀποστραφῇς’</span> <span class='ocrx_word' id='word_1_373' title='bbox 531 2390 648 2457; x_wconf 73' lang='grc' dir='ltr'>εῐγε</span> <span class='ocrx_word' id='word_1_374' title='bbox 689 2392 785 2442; x_wconf 73' lang='grc' dir='ltr'>καὶ</span> <span class='ocrx_word' id='word_1_375' title='bbox 833 2391 884 2443; x_wconf 81' lang='grc' dir='ltr'>οἱ</span> <span class='ocrx_word' id='word_1_376' title='bbox 938 2391 1207 2447; x_wconf 81' lang='grc' dir='ltr'>θειότατοι</span> <span class='ocrx_word' id='word_1_377' title='bbox 1263 2397 1484 2463; x_wconf 80' lang='grc' dir='ltr'>ἄγγελοι</span> <span class='ocrx_word' id='word_1_378' title='bbox 1542 2400 1684 2452; x_wconf 74' lang='grc' dir='ltr'><strong>κατά</strong></span> 
     </span>
    </p>
   </div>
   <div class='ocr_carea' id='block_1_55' title="bbox 128 2479 1684 2562">
    <p class='ocr_par' dir='ltr' id='par_1_55' title="bbox 128 2479 1684 2562">
     <span class='ocr_line' id='line_1_55' title="bbox 128 2479 1684 2562; baseline 0.011 -35"><span class='ocrx_word' id='word_1_379' title='bbox 128 2479 424 2547; x_wconf 65' lang='grc' dir='ltr'>προαιρεσιν</span> <span class='ocrx_word' id='word_1_380' title='bbox 458 2481 589 2536; x_wconf 81' lang='grc' dir='ltr'>ἄλλο</span> <span class='ocrx_word' id='word_1_381' title='bbox 636 2500 689 2536; x_wconf 86' lang='grc' dir='ltr'><strong>τι</strong></span> <span class='ocrx_word' id='word_1_382' title='bbox 739 2483 1010 2554; x_wconf 82' lang='grc' dir='ltr'>πρότερον</span> <span class='ocrx_word' id='word_1_383' title='bbox 1050 2487 1231 2554; x_wconf 77' lang='grc' dir='ltr'>ὄντες,</span> <span class='ocrx_word' id='word_1_384' title='bbox 1282 2487 1509 2558; x_wconf 74' lang='grc' dir='ltr'>ὕστερον</span> <span class='ocrx_word' id='word_1_385' title='bbox 1545 2492 1684 2562; x_wconf 83' lang='grc' dir='ltr'>ὅπερ</span> 
     </span>
    </p>
   </div>
   <div class='ocr_carea' id='block_1_56' title="bbox 125 2567 1681 2651">
    <p class='ocr_par' dir='ltr' id='par_1_56' title="bbox 125 2567 1681 2651">
     <span class='ocr_line' id='line_1_56' title="bbox 125 2567 1681 2651; baseline 0.01 -29"><span class='ocrx_word' id='word_1_386' title='bbox 125 2571 210 2624; x_wconf 81' lang='grc' dir='ltr'><strong>οὐκ</strong></span> <span class='ocrx_word' id='word_1_387' title='bbox 233 2567 365 2642; x_wconf 73' lang='grc' dir='ltr'><strong>ἦσαν</strong></span> <span class='ocrx_word' id='word_1_388' title='bbox 400 2577 678 2643; x_wconf 74' lang='grc' dir='ltr'>ἐγένοντο.</span> <span class='ocrx_word' id='word_1_389' title='bbox 724 2577 1048 2645; x_wconf 80' lang='grc' dir='ltr'>Δυσκῑνητοι</span> <span class='ocrx_word' id='word_1_390' title='bbox 1085 2579 1186 2648; x_wconf 84' lang='grc' dir='ltr'><strong>μὲν</strong></span> <span class='ocrx_word' id='word_1_391' title='bbox 1216 2581 1322 2651; x_wconf 71' lang='grc' dir='ltr'>γὰρ</span> <span class='ocrx_word' id='word_1_392' title='bbox 1360 2576 1524 2650; x_wconf 81' lang='grc' dir='ltr'>ἦσαν,</span> <span class='ocrx_word' id='word_1_393' title='bbox 1566 2585 1681 2637; x_wconf 75' lang='grc' dir='ltr'>ἀλλ’</span> 
     </span>
    </p>
   </div>
   <div class='ocr_carea' id='block_1_57' title="bbox 125 2664 1680 2749">
    <p class='ocr_par' dir='ltr' id='par_1_57' title="bbox 125 2664 1680 2749">
     <span class='ocr_line' id='line_1_57' title="bbox 125 2664 1680 2749; baseline 0.008 -33"><span class='ocrx_word' id='word_1_394' title='bbox 125 2664 210 2718; x_wconf 77' lang='grc' dir='ltr'><strong>οὐκ</strong></span> <span class='ocrx_word' id='word_1_395' title='bbox 238 2668 479 2737; x_wconf 78' lang='grc' dir='ltr'><strong>ἀκίνητοι</strong></span> <span class='ocrx_word' id='word_1_396' title='bbox 512 2670 649 2741; x_wconf 79' lang='grc' dir='ltr'>πρὸς</span> <span class='ocrx_word' id='word_1_397' title='bbox 679 2671 741 2722; x_wconf 81' lang='grc' dir='ltr'><strong>τὸ</strong></span> <span class='ocrx_word' id='word_1_398' title='bbox 775 2673 944 2724; x_wconf 77' lang='grc' dir='ltr'>κακὸν</span> <span class='ocrx_word' id='word_1_399' title='bbox 971 2673 1066 2724; x_wconf 78' lang='grc' dir='ltr'><strong>ἀπ’</strong></span> <span class='ocrx_word' id='word_1_400' title='bbox 1089 2674 1288 2745; x_wconf 74' lang='grc' dir='ltr'>ἀρχῆς.</span> <span class='ocrx_word' id='word_1_401' title='bbox 1322 2676 1464 2729; x_wconf 84' lang='grc' dir='ltr'>Ἀλλ’</span> <span class='ocrx_word' id='word_1_402' title='bbox 1490 2679 1680 2749; x_wconf 69' lang='grc' dir='ltr'>ἐπειδὴ</span> 
     </span>
    </p>
   </div>
   <div class='ocr_carea' id='block_1_58' title="bbox 122 2763 1679 2840">
    <p class='ocr_par' dir='ltr' id='par_1_58' title="bbox 122 2763 1679 2840">
     <span class='ocr_line' id='line_1_58' title="bbox 122 2763 1679 2840; baseline 0.006 -28"><span class='ocrx_word' id='word_1_403' title='bbox 122 2763 220 2823; x_wconf 77' lang='grc' dir='ltr'>τοῖς</span> <span class='ocrx_word' id='word_1_404' title='bbox 250 2763 575 2815; x_wconf 74' lang='grc' dir='ltr'>ἐκπεσοῦσιν</span> <span class='ocrx_word' id='word_1_405' title='bbox 619 2765 875 2831; x_wconf 76' lang='grc' dir='ltr'><strong>ἀγγέλοις</strong></span> <span class='ocrx_word' id='word_1_406' title='bbox 934 2765 1172 2834; x_wconf 61' lang='grc' dir='ltr'><strong>οὐδ).μοῦ</strong></span> <span class='ocrx_word' id='word_1_407' title='bbox 1231 2771 1679 2840; x_wconf 67' lang='grc' dir='ltr'>συνεπήχθῃσαν,</span> 
     </span>
    </p>
   </div>
   <div class='ocr_carea' id='block_1_59' title="bbox 124 2850 1677 2933">
    <p class='ocr_par' dir='ltr' id='par_1_59' title="bbox 124 2850 1677 2933">
     <span class='ocr_line' id='line_1_59' title="bbox 124 2850 1677 2933; baseline 0.009 -31"><span class='ocrx_word' id='word_1_408' title='bbox 124 2850 206 2903; x_wconf 82' lang='grc' dir='ltr'><strong>ἀτε</strong></span> <span class='ocrx_word' id='word_1_409' title='bbox 243 2853 334 2921; x_wconf 82' lang='grc' dir='ltr'><strong>τῆς</strong></span> <span class='ocrx_word' id='word_1_410' title='bbox 383 2856 752 2917; x_wconf 69' lang='grc' dir='ltr'>κακοϐουλίας</span> <span class='ocrx_word' id='word_1_411' title='bbox 787 2856 998 2923; x_wconf 75' lang='grc' dir='ltr'>ἐκείνης</span> <span class='ocrx_word' id='word_1_412' title='bbox 1031 2858 1349 2925; x_wconf 75' lang='grc' dir='ltr'>εὐρεθέντες</span> <span class='ocrx_word' id='word_1_413' title='bbox 1387 2863 1677 2933; x_wconf 79' lang='grc' dir='ltr'>ἀνώτεροι,</span> 
     </span>
    </p>
   </div>
   <div class='ocr_carea' id='block_1_60' title="bbox 122 2943 1676 3020">
    <p class='ocr_par' dir='ltr' id='par_1_60' title="bbox 122 2943 1676 3020">
     <span class='ocr_line' id='line_1_60' title="bbox 122 2943 1676 3020; baseline 0.009 -26"><span class='ocrx_word' id='word_1_414' title='bbox 122 2943 195 2995; x_wconf 75' lang='grc' dir='ltr'>διὰ</span> <span class='ocrx_word' id='word_1_415' title='bbox 221 2945 370 2999; x_wconf 78' lang='grc' dir='ltr'>τοῦτο</span> <span class='ocrx_word' id='word_1_416' title='bbox 397 2947 654 3014; x_wconf 76' lang='grc' dir='ltr'>γεγόνασι</span> <span class='ocrx_word' id='word_1_417' title='bbox 694 2951 786 3002; x_wconf 62' lang='grc' dir='ltr'>καὶ</span> <span class='ocrx_word' id='word_1_418' title='bbox 837 2948 1086 3017; x_wconf 72' lang='grc' dir='ltr'>ἀκίνητοι</span> <span class='ocrx_word' id='word_1_419' title='bbox 1130 2951 1263 3020; x_wconf 72' lang='grc' dir='ltr'>πρὸς</span> <span class='ocrx_word' id='word_1_420' title='bbox 1311 2957 1369 3003; x_wconf 75' lang='grc' dir='ltr'>τὸ</span> <span class='ocrx_word' id='word_1_421' title='bbox 1421 2955 1587 3007; x_wconf 71' lang='grc' dir='ltr'>κακὸν</span> <span class='ocrx_word' id='word_1_422' title='bbox 1617 2958 1676 3008; x_wconf 78' lang='grc' dir='ltr'><strong>οὐ</strong></span> 
     </span>
    </p>
   </div>
   <div class='ocr_carea' id='block_1_61' title="bbox 123 3035 1678 3116">
    <p class='ocr_par' dir='ltr' id='par_1_61' title="bbox 123 3035 1678 3116">
     <span class='ocr_line' id='line_1_61' title="bbox 123 3035 1678 3116; baseline 0.008 -30"><span class='ocrx_word' id='word_1_423' title='bbox 123 3035 264 3099; x_wconf 78' lang='grc' dir='ltr'>φύσει</span> <span class='ocrx_word' id='word_1_424' title='bbox 294 3039 428 3092; x_wconf 70' lang='grc' dir='ltr'>ἀλλὰ</span> <span class='ocrx_word' id='word_1_425' title='bbox 476 3040 682 3108; x_wconf 73' lang='grc' dir='ltr'>χάριτι,</span> <span class='ocrx_word' id='word_1_426' title='bbox 736 3038 878 3090; x_wconf 77' lang='grc' dir='ltr'><strong>καθά</strong></span> <span class='ocrx_word' id='word_1_427' title='bbox 928 3039 994 3106; x_wconf 75' lang='grc' dir='ltr'><strong>δὴ</strong></span> <span class='ocrx_word' id='word_1_428' title='bbox 1051 3042 1143 3093; x_wconf 69' lang='grc' dir='ltr'><strong>καὶ</strong></span> <span class='ocrx_word' id='word_1_429' title='bbox 1199 3041 1275 3112; x_wconf 81' lang='grc' dir='ltr'>τῷ</span> <span class='ocrx_word' id='word_1_430' title='bbox 1331 3043 1678 3116; x_wconf 76' lang='grc' dir='ltr'>Δαμασκηνῷ</span> 
     </span>
    </p>
   </div>
   <div class='ocr_carea' id='block_1_62' title="bbox 131 3126 906 3202">
    <p class='ocr_par' dir='ltr' id='par_1_62' title="bbox 131 3126 906 3202">
     <span class='ocr_line' id='line_1_62' title="bbox 131 3126 906 3202; baseline 0.008 -24"><span class='ocrx_word' id='word_1_431' title='bbox 131 3126 330 3200; x_wconf 72' lang='grc' dir='ltr'><strong>Ἰωάννῃ</strong></span> <span class='ocrx_word' id='word_1_432' title='bbox 361 3134 492 3202; x_wconf 81' lang='grc' dir='ltr'>περί</span> <span class='ocrx_word' id='word_1_433' title='bbox 521 3131 710 3184; x_wconf 81' lang='grc' dir='ltr'>τούτου</span> <span class='ocrx_word' id='word_1_434' title='bbox 741 3131 906 3185; x_wconf 87' lang='grc' dir='ltr'>δοκεῖ.</span> 
     </span>
    </p>
   </div>
   <div class='ocr_carea' id='block_1_63' title="bbox 180 3221 1748 3304">
    <p class='ocr_par' dir='ltr' id='par_1_63' title="bbox 180 3221 1748 3304">
     <span class='ocr_line' id='line_1_63' title="bbox 180 3221 1748 3304; baseline 0.009 -33"><span class='ocrx_word' id='word_1_435' title='bbox 180 3221 324 3272; x_wconf 72' lang='grc' dir='ltr'><strong>Οὕτω</strong></span> <span class='ocrx_word' id='word_1_436' title='bbox 356 3221 455 3291; x_wconf 77' lang='grc' dir='ltr'><strong>μὲν</strong></span> <span class='ocrx_word' id='word_1_437' title='bbox 499 3221 610 3283; x_wconf 81' lang='grc' dir='ltr'>οὖν,</span> <span class='ocrx_word' id='word_1_438' title='bbox 661 3224 944 3288; x_wconf 60' lang='grc' dir='ltr'>ὁσιώτκτε,</span> <span class='ocrx_word' id='word_1_439' title='bbox 996 3227 1087 3277; x_wconf 76' lang='grc' dir='ltr'><strong>καὶ</strong></span> <span class='ocrx_word' id='word_1_440' title='bbox 1135 3225 1262 3296; x_wconf 69' lang='grc' dir='ltr'>περὶ</span> <span class='ocrx_word' id='word_1_441' title='bbox 1313 3227 1408 3281; x_wconf 81' lang='grc' dir='ltr'><strong>τοῦ</strong></span> <span class='ocrx_word' id='word_1_442' title='bbox 1460 3229 1675 3299; x_wconf 83' lang='grc' dir='ltr'>πρώτου</span> <span class='ocrx_word' id='word_1_443' title='bbox 1705 3248 1748 3304; x_wconf 74' lang='grc' dir='ltr'>α</span> 
     </span>
    </p>
   </div>
   <div class='ocr_carea' id='block_1_64' title="bbox 118 3309 1685 3391">
    <p class='ocr_par' dir='ltr' id='par_1_64' title="bbox 118 3309 1685 3391">
     <span class='ocr_line' id='line_1_64' title="bbox 118 3309 1685 3391; baseline 0.008 -31"><span class='ocrx_word' id='word_1_444' title='bbox 118 3309 384 3379; x_wconf 60' lang='grc' dir='ltr'>ἀνθρώπου</span> <span class='ocrx_word' id='word_1_445' title='bbox 412 3311 715 3364; x_wconf 81' lang='grc' dir='ltr'>ἐννοεῖσθαι</span> <span class='ocrx_word' id='word_1_446' title='bbox 748 3329 806 3365; x_wconf 85' lang='grc' dir='ltr'><strong>σε</strong></span> <span class='ocrx_word' id='word_1_447' title='bbox 837 3315 963 3383; x_wconf 82' lang='grc' dir='ltr'><strong>χρή.</strong></span> <span class='ocrx_word' id='word_1_448' title='bbox 1010 3317 1118 3367; x_wconf 74' lang='grc' dir='ltr'><strong>Καὶ</strong></span> <span class='ocrx_word' id='word_1_449' title='bbox 1152 3315 1262 3387; x_wconf 70' lang='grc' dir='ltr'><strong>γὰρ</strong></span> <span class='ocrx_word' id='word_1_450' title='bbox 1290 3317 1538 3382; x_wconf 74' lang='grc' dir='ltr'>ἐξουσίαν</span> <span class='ocrx_word' id='word_1_451' title='bbox 1571 3319 1685 3391; x_wconf 82' lang='grc' dir='ltr'>εἶχε</span> 
     </span>
    </p>
   </div>
   <div class='ocr_carea' id='block_1_65' title="bbox 121 3403 1690 3476">
    <p class='ocr_par' dir='ltr' id='par_1_65' title="bbox 121 3403 1690 3476">
     <span class='ocr_line' id='line_1_65' title="bbox 121 3403 1690 3476; baseline 0.008 -23"><span class='ocrx_word' id='word_1_452' title='bbox 121 3403 286 3469; x_wconf 81' lang='grc' dir='ltr'>μένειν</span> <span class='ocrx_word' id='word_1_453' title='bbox 334 3406 430 3458; x_wconf 75' lang='grc' dir='ltr'><strong>καὶ</strong></span> <span class='ocrx_word' id='word_1_454' title='bbox 482 3405 816 3472; x_wconf 83' lang='grc' dir='ltr'>προκόπτειν</span> <span class='ocrx_word' id='word_1_455' title='bbox 865 3408 924 3458; x_wconf 82' lang='grc' dir='ltr'><strong>ὲν</strong></span> <span class='ocrx_word' id='word_1_456' title='bbox 973 3406 1053 3476; x_wconf 82' lang='grc' dir='ltr'><strong>τῷ</strong></span> <span class='ocrx_word' id='word_1_457' title='bbox 1097 3409 1308 3476; x_wconf 81' lang='grc' dir='ltr'>ἀγαθῷ,</span> <span class='ocrx_word' id='word_1_458' title='bbox 1351 3411 1445 3463; x_wconf 76' lang='grc' dir='ltr'><strong>καὶ</strong></span> <span class='ocrx_word' id='word_1_459' title='bbox 1487 3413 1579 3464; x_wconf 73' lang='grc' dir='ltr'>ἐπὶ</span> <span class='ocrx_word' id='word_1_460' title='bbox 1628 3414 1690 3468; x_wconf 75' lang='grc' dir='ltr'>τὸ</span> 
     </span>
    </p>
   </div>
   <div class='ocr_carea' id='block_1_66' title="bbox 118 3491 1687 3575">
    <p class='ocr_par' dir='ltr' id='par_1_66' title="bbox 118 3491 1687 3575">
     <span class='ocr_line' id='line_1_66' title="bbox 118 3491 1687 3575; baseline 0.007 -29"><span class='ocrx_word' id='word_1_461' title='bbox 118 3496 280 3564; x_wconf 81' lang='grc' dir='ltr'>χεῖρον</span> <span class='ocrx_word' id='word_1_462' title='bbox 305 3491 456 3557; x_wconf 55' lang='lat' dir='ltr'><strong>unfit;</strong></span> <span class='ocrx_word' id='word_1_463' title='bbox 497 3496 606 3549; x_wconf 68' lang='grc' dir='ltr'><strong>ἀπὸ</strong></span> <span class='ocrx_word' id='word_1_464' title='bbox 654 3495 750 3563; x_wconf 83' lang='grc' dir='ltr'><strong>τοῦ</strong></span> <span class='ocrx_word' id='word_1_465' title='bbox 801 3495 965 3548; x_wconf 78' lang='grc' dir='ltr'>κα).οὖ</span> <span class='ocrx_word' id='word_1_466' title='bbox 1015 3499 1475 3569; x_wconf 68' lang='grc' dir='ltr'>μετατρέπεσθαι.</span> <span class='ocrx_word' id='word_1_467' title='bbox 1512 3503 1687 3575; x_wconf 65' lang='grc' dir='ltr'>Εἴπερ</span> 
     </span>
    </p>
   </div>
   <div class='ocr_carea' id='block_1_67' title="bbox 116 3587 1689 3663">
    <p class='ocr_par' dir='ltr' id='par_1_67' title="bbox 116 3587 1689 3663">
     <span class='ocr_line' id='line_1_67' title="bbox 116 3587 1689 3663; baseline 0.004 -25"><span class='ocrx_word' id='word_1_468' title='bbox 116 3587 195 3638; x_wconf 77' lang='grc' dir='ltr'><strong>οὖν</strong></span> <span class='ocrx_word' id='word_1_469' title='bbox 226 3589 490 3658; x_wconf 77' lang='grc' dir='ltr'>ἀνώτερος</span> <span class='ocrx_word' id='word_1_470' title='bbox 526 3588 730 3658; x_wconf 82' lang='grc' dir='ltr'>εὑρέθη</span> <span class='ocrx_word' id='word_1_471' title='bbox 781 3588 1030 3649; x_wconf 76' lang='grc' dir='ltr'>κάκεῖνος</span> <span class='ocrx_word' id='word_1_472' title='bbox 1070 3589 1164 3654; x_wconf 73' lang='grc' dir='ltr'><strong>τῆς</strong></span> <span class='ocrx_word' id='word_1_473' title='bbox 1201 3589 1296 3642; x_wconf 79' lang='grc' dir='ltr'><strong>τοῦ</strong></span> <span class='ocrx_word' id='word_1_474' title='bbox 1338 3590 1511 3659; x_wconf 65' lang='grc' dir='ltr'><strong>ὄφεως</strong></span> <span class='ocrx_word' id='word_1_475' title='bbox 1551 3610 1689 3663; x_wconf 73' lang='grc' dir='ltr'>συμο</span> 
     </span>
    </p>
   </div>
   <div class='ocr_carea' id='block_1_68' title="bbox 115 3679 1680 3754">
    <p class='ocr_par' dir='ltr' id='par_1_68' title="bbox 115 3679 1680 3754">
     <span class='ocr_line' id='line_1_68' title="bbox 115 3679 1680 3754; baseline 0.004 -23"><span class='ocrx_word' id='word_1_476' title='bbox 115 3680 316 3750; x_wconf 70' lang='grc' dir='ltr'>ϐουλῆς,</span> <span class='ocrx_word' id='word_1_477' title='bbox 347 3681 509 3749; x_wconf 77' lang='grc' dir='ltr'>εἴπερ</span> <span class='ocrx_word' id='word_1_478' title='bbox 545 3679 785 3748; x_wconf 75' lang='grc' dir='ltr'>ἐφύλαξε</span> <span class='ocrx_word' id='word_1_479' title='bbox 822 3680 918 3748; x_wconf 79' lang='grc' dir='ltr'><strong>τὴν</strong></span> <span class='ocrx_word' id='word_1_480' title='bbox 962 3679 1206 3732; x_wconf 71' lang='grc' dir='ltr'><strong>δ’,θείσσιν</strong></span> <span class='ocrx_word' id='word_1_481' title='bbox 1251 3684 1400 3752; x_wconf 67' lang='grc' dir='ltr'>αὐτῷ</span> <span class='ocrx_word' id='word_1_482' title='bbox 1441 3684 1680 3754; x_wconf 71' lang='grc' dir='ltr'>ἐντολὴν,</span> 
     </span>
    </p>
   </div>
   <div class='ocr_carea' id='block_1_69' title="bbox 114 3769 1679 3844">
    <p class='ocr_par' dir='ltr' id='par_1_69' title="bbox 114 3769 1679 3844">
     <span class='ocr_line' id='line_1_69' title="bbox 114 3769 1679 3844; baseline 0.003 -22"><span class='ocrx_word' id='word_1_483' title='bbox 114 3774 312 3840; x_wconf 78' lang='grc' dir='ltr'>ἐγένετο</span> <span class='ocrx_word' id='word_1_484' title='bbox 352 3771 820 3834; x_wconf 74' lang='grc' dir='ltr'>ἀπαθαναττσθεὶς</span> <span class='ocrx_word' id='word_1_485' title='bbox 875 3775 1012 3842; x_wconf 75' lang='grc' dir='ltr'>ὅπερ</span> <span class='ocrx_word' id='word_1_486' title='bbox 1071 3775 1169 3825; x_wconf 65' lang='grc' dir='ltr'>οὒκ</span> <span class='ocrx_word' id='word_1_487' title='bbox 1227 3769 1294 3844; x_wconf 85' lang='grc' dir='ltr'>ἦν</span> <span class='ocrx_word' id='word_1_488' title='bbox 1347 3775 1440 3826; x_wconf 81' lang='grc' dir='ltr'>ἀπ’</span> <span class='ocrx_word' id='word_1_489' title='bbox 1481 3776 1679 3844; x_wconf 67' lang='grc' dir='ltr'>ἀρχῆς,</span> 
     </span>
    </p>
   </div>
   <div class='ocr_carea' id='block_1_70' title="bbox 112 3864 1680 3938">
    <p class='ocr_par' dir='ltr' id='par_1_70' title="bbox 112 3864 1680 3938">
     <span class='ocr_line' id='line_1_70' title="bbox 112 3864 1680 3938; baseline 0.003 -24"><span class='ocrx_word' id='word_1_490' title='bbox 112 3865 240 3917; x_wconf 77' lang='grc' dir='ltr'>τοῦτ’</span> <span class='ocrx_word' id='word_1_491' title='bbox 265 3865 404 3919; x_wconf 77' lang='grc' dir='ltr'>ἔστιν</span> <span class='ocrx_word' id='word_1_492' title='bbox 437 3865 732 3935; x_wconf 75' lang='grc' dir='ltr'>ἄτρεπτος,</span> <span class='ocrx_word' id='word_1_493' title='bbox 765 3866 824 3917; x_wconf 83' lang='grc' dir='ltr'><strong>οὐ</strong></span> <span class='ocrx_word' id='word_1_494' title='bbox 858 3866 1000 3916; x_wconf 82' lang='grc' dir='ltr'><strong>κατά</strong></span> <span class='ocrx_word' id='word_1_495' title='bbox 1031 3864 1194 3932; x_wconf 78' lang='grc' dir='ltr'>φύσιν</span> <span class='ocrx_word' id='word_1_496' title='bbox 1229 3868 1413 3934; x_wconf 72' lang='grc' dir='ltr'>μόνον,</span> <span class='ocrx_word' id='word_1_497' title='bbox 1444 3867 1578 3920; x_wconf 67' lang='grc' dir='ltr'>ἀλλὰ</span> <span class='ocrx_word' id='word_1_498' title='bbox 1617 3869 1680 3938; x_wconf 81' lang='grc' dir='ltr'><strong>δὴ</strong></span> 
     </span>
    </p>
   </div>
   <div class='ocr_carea' id='block_1_71' title="bbox 112 3943 1681 4028">
    <p class='ocr_par' dir='ltr' id='par_1_71' title="bbox 112 3957 1681 4028">
     <span class='ocr_line' id='line_1_71' title="bbox 112 3957 1681 4028; baseline 0.003 -20"><span class='ocrx_word' id='word_1_499' title='bbox 112 3960 196 4009; x_wconf 73' lang='grc' dir='ltr'><strong>καὶ</strong></span> <span class='ocrx_word' id='word_1_500' title='bbox 224 3959 338 4010; x_wconf 74' lang='grc' dir='ltr'>κατ’</span> <span class='ocrx_word' id='word_1_501' title='bbox 368 3958 540 4027; x_wconf 75' lang='grc' dir='ltr'>αὐτὴν</span> <span class='ocrx_word' id='word_1_502' title='bbox 572 3957 672 4027; x_wconf 82' lang='grc' dir='ltr'>τὴν</span> <span class='ocrx_word' id='word_1_503' title='bbox 721 3957 1066 4028; x_wconf 76' lang='grc' dir='ltr'>προαίρεσιν.</span> <span class='ocrx_word' id='word_1_504' title='bbox 1112 3959 1442 4026; x_wconf 81' lang='grc' dir='ltr'>Ἀντιλέγειν</span> <span class='ocrx_word' id='word_1_505' title='bbox 1492 3961 1549 4013; x_wconf 79' lang='grc' dir='ltr'><strong>δὲ</strong></span> <span class='ocrx_word' id='word_1_506' title='bbox 1587 3963 1681 4014; x_wconf 80' lang='grc' dir='ltr'><strong>ἐπὶ</strong></span> 
     </span>
    </p>
   </div>
   <div class='ocr_carea' id='block_1_72' title="bbox 111 4050 1680 4123">
    <p class='ocr_par' dir='ltr' id='par_1_72' title="bbox 111 4050 1680 4123">
     <span class='ocr_line' id='line_1_72' title="bbox 111 4050 1680 4123; baseline 0.003 -22"><span class='ocrx_word' id='word_1_507' title='bbox 111 4050 299 4114; x_wconf 75' lang='grc' dir='ltr'>τούτοις</span> <span class='ocrx_word' id='word_1_508' title='bbox 318 4053 421 4104; x_wconf 74' lang='grc' dir='ltr'><strong>οὐκ</strong></span> <span class='ocrx_word' id='word_1_509' title='bbox 446 4051 691 4118; x_wconf 74' lang='grc' dir='ltr'>εὔλογον.</span> <span class='ocrx_word' id='word_1_510' title='bbox 718 4051 778 4104; x_wconf 82' lang='grc' dir='ltr'><strong>Εἰ</strong></span> <span class='ocrx_word' id='word_1_511' title='bbox 802 4052 906 4120; x_wconf 86' lang='grc' dir='ltr'>γὰρ</span> <span class='ocrx_word' id='word_1_512' title='bbox 933 4052 1026 4102; x_wconf 63' lang='lat' dir='ltr'><strong>mi.</strong></span> <span class='ocrx_word' id='word_1_513' title='bbox 1053 4053 1110 4103; x_wconf 80' lang='grc' dir='ltr'>ἐν</span> <span class='ocrx_word' id='word_1_514' title='bbox 1138 4055 1201 4118; x_wconf 66' lang='grc' dir='ltr'>τῇ</span> <span class='ocrx_word' id='word_1_515' title='bbox 1227 4051 1392 4120; x_wconf 80' lang='grc' dir='ltr'>φύσει</span> <span class='ocrx_word' id='word_1_516' title='bbox 1419 4053 1475 4105; x_wconf 74' lang='grc' dir='ltr'>τὸ</span> <span class='ocrx_word' id='word_1_517' title='bbox 1501 4056 1610 4122; x_wconf 78' lang='grc' dir='ltr'><strong>ἀμσ</strong></span> <span class='ocrx_word' id='word_1_518' title='bbox 1625 4070 1680 4123; x_wconf 89' lang='grc' dir='ltr'>ρ-</span> 
     </span>
    </p>
   </div>
   <div class='ocr_carea' id='block_1_73' title="bbox 111 4139 1674 4214">
    <p class='ocr_par' dir='ltr' id='par_1_73' title="bbox 111 4139 1674 4214">
     <span class='ocr_line' id='line_1_73' title="bbox 111 4139 1674 4214; baseline 0.003 -22"><span class='ocrx_word' id='word_1_519' title='bbox 111 4145 274 4194; x_wconf 70' lang='grc' dir='ltr'>τάνειν</span> <span class='ocrx_word' id='word_1_520' title='bbox 322 4146 422 4195; x_wconf 68' lang='grc' dir='ltr'><strong>οὐκ</strong></span> <span class='ocrx_word' id='word_1_521' title='bbox 473 4139 588 4212; x_wconf 74' lang='grc' dir='ltr'>εἶχε</span> <span class='ocrx_word' id='word_1_522' title='bbox 637 4141 758 4194; x_wconf 78' lang='grc' dir='ltr'>κατ’</span> <span class='ocrx_word' id='word_1_523' title='bbox 806 4141 980 4209; x_wconf 83' lang='grc' dir='ltr'>ἀρχάς</span> <span class='ocrx_word' id='word_1_524' title='bbox 1028 4143 1054 4192; x_wconf 71' lang='grc' dir='ltr'>ὁ</span> <span class='ocrx_word' id='word_1_525' title='bbox 1102 4141 1410 4212; x_wconf 79' lang='grc' dir='ltr'>ἀνορωπος,</span> <span class='ocrx_word' id='word_1_526' title='bbox 1469 4144 1564 4196; x_wconf 73' lang='grc' dir='ltr'>ἆτε</span> <span class='ocrx_word' id='word_1_527' title='bbox 1611 4145 1674 4214; x_wconf 83' lang='grc' dir='ltr'><strong>δὴ</strong></span> 
     </span>
    </p>
   </div>
   <div class='ocr_carea' id='block_1_74' title="bbox 109 4231 1670 4304">
    <p class='ocr_par' dir='ltr' id='par_1_74' title="bbox 109 4231 1670 4304">
     <span class='ocr_line' id='line_1_74' title="bbox 109 4231 1670 4304; baseline 0.003 -22"><span class='ocrx_word' id='word_1_528' title='bbox 109 4233 246 4304; x_wconf 67' lang='grc' dir='ltr'>παρὰ</span> <span class='ocrx_word' id='word_1_529' title='bbox 274 4234 408 4287; x_wconf 76' lang='grc' dir='ltr'>Θεοῦ</span> <span class='ocrx_word' id='word_1_530' title='bbox 458 4232 890 4302; x_wconf 73' lang='grc' dir='ltr'>δημιουργηοεὶς</span> <span class='ocrx_word' id='word_1_531' title='bbox 935 4231 1214 4302; x_wconf 72' lang='grc' dir='ltr'>ἄφθαρτος</span> <span class='ocrx_word' id='word_1_532' title='bbox 1261 4234 1354 4288; x_wconf 79' lang='grc' dir='ltr'><strong>καὶ</strong></span> <span class='ocrx_word' id='word_1_533' title='bbox 1385 4236 1670 4302; x_wconf 62' lang='grc' dir='ltr'>ἀθάνατος,</span> 
     </span>
    </p>
   </div>
   <div class='ocr_carea' id='block_1_75' title="bbox 108 4321 1674 4394">
    <p class='ocr_par' dir='ltr' id='par_1_75' title="bbox 108 4321 1674 4394">
     <span class='ocr_line' id='line_1_75' title="bbox 108 4321 1674 4394; baseline 0.002 -19"><span class='ocrx_word' id='word_1_534' title='bbox 108 4324 210 4375; x_wconf 80' lang='grc' dir='ltr'>ἀλλ’</span> <span class='ocrx_word' id='word_1_535' title='bbox 235 4327 290 4376; x_wconf 71' lang='grc' dir='ltr'>ἐν</span> <span class='ocrx_word' id='word_1_536' title='bbox 324 4327 462 4394; x_wconf 81' lang='grc' dir='ltr'><strong>αὐτῇ</strong></span> <span class='ocrx_word' id='word_1_537' title='bbox 498 4327 564 4392; x_wconf 83' lang='grc' dir='ltr'>τῇ</span> <span class='ocrx_word' id='word_1_538' title='bbox 597 4321 942 4393; x_wconf 80' lang='grc' dir='ltr'>προαιρέσει,</span> <span class='ocrx_word' id='word_1_539' title='bbox 975 4322 1117 4375; x_wconf 80' lang='grc' dir='ltr'>καθᾶ</span> <span class='ocrx_word' id='word_1_540' title='bbox 1169 4323 1233 4388; x_wconf 86' lang='grc' dir='ltr'><strong>δὴ</strong></span> <span class='ocrx_word' id='word_1_541' title='bbox 1280 4325 1371 4376; x_wconf 76' lang='grc' dir='ltr'>καὶ</span> <span class='ocrx_word' id='word_1_542' title='bbox 1417 4326 1674 4394; x_wconf 75' lang='grc' dir='ltr'>προείπο-</span> 
     </span>
    </p>
   </div>
   <div class='ocr_carea' id='block_1_76' title="bbox 109 4407 1670 4483">
    <p class='ocr_par' dir='ltr' id='par_1_76' title="bbox 109 4407 1670 4483">
     <span class='ocr_line' id='line_1_76' title="bbox 109 4407 1670 4483; baseline 0.004 -20"><span class='ocrx_word' id='word_1_543' title='bbox 109 4429 216 4478; x_wconf 83' lang='grc' dir='ltr'>μεν,</span> <span class='ocrx_word' id='word_1_544' title='bbox 245 4414 494 4480; x_wconf 76' lang='grc' dir='ltr'>ἐξουσίαν</span> <span class='ocrx_word' id='word_1_545' title='bbox 527 4407 644 4482; x_wconf 75' lang='grc' dir='ltr'>εἶχε</span> <span class='ocrx_word' id='word_1_546' title='bbox 680 4413 864 4482; x_wconf 71' lang='grc' dir='ltr'>μένειν</span> <span class='ocrx_word' id='word_1_547' title='bbox 903 4414 959 4465; x_wconf 73' lang='grc' dir='ltr'>ἐν</span> <span class='ocrx_word' id='word_1_548' title='bbox 1001 4413 1078 4481; x_wconf 84' lang='grc' dir='ltr'>τῷ</span> <span class='ocrx_word' id='word_1_549' title='bbox 1110 4413 1322 4483; x_wconf 79' lang='grc' dir='ltr'>ἀγαθῷ,</span> <span class='ocrx_word' id='word_1_550' title='bbox 1358 4415 1452 4467; x_wconf 72' lang='grc' dir='ltr'><strong>καὶ</strong></span> <span class='ocrx_word' id='word_1_551' title='bbox 1488 4417 1580 4468; x_wconf 73' lang='grc' dir='ltr'><strong>ἐπὶ</strong></span> <span class='ocrx_word' id='word_1_552' title='bbox 1615 4417 1670 4470; x_wconf 81' lang='grc' dir='ltr'><strong>τὸ</strong></span> 
     </span>
    </p>
   </div>
   <div class='ocr_carea' id='block_1_77' title="bbox 106 4501 1669 4580">
    <p class='ocr_par' dir='ltr' id='par_1_77' title="bbox 106 4501 1669 4580">
     <span class='ocr_line' id='line_1_77' title="bbox 106 4501 1669 4580; baseline 0.007 -28"><span class='ocrx_word' id='word_1_553' title='bbox 106 4506 270 4574; x_wconf 77' lang='grc' dir='ltr'>χεῖρον</span> <span class='ocrx_word' id='word_1_554' title='bbox 304 4501 461 4569; x_wconf 72' lang='grc' dir='ltr'>αὖθις</span> <span class='ocrx_word' id='word_1_555' title='bbox 497 4503 605 4558; x_wconf 78' lang='grc' dir='ltr'>ἀπὸ</span> <span class='ocrx_word' id='word_1_556' title='bbox 629 4503 722 4556; x_wconf 81' lang='grc' dir='ltr'>τοῦ</span> <span class='ocrx_word' id='word_1_557' title='bbox 757 4503 964 4571; x_wconf 76' lang='grc' dir='ltr'>ἀγαθοῦ</span> <span class='ocrx_word' id='word_1_558' title='bbox 1004 4506 1467 4574; x_wconf 79' lang='grc' dir='ltr'>μετατρέπεσθαι.</span> <span class='ocrx_word' id='word_1_559' title='bbox 1497 4511 1669 4580; x_wconf 78' lang='grc' dir='ltr'>Εἴπερ</span> 
     </span>
    </p>
   </div>
   <div class='ocr_carea' id='block_1_78' title="bbox 1799 3313 3378 3387">
    <p class='ocr_par' dir='ltr' id='par_1_78' title="bbox 1799 3313 3378 3387">
     <span class='ocr_line' id='line_1_78' title="bbox 1799 3313 3378 3387; baseline -0.001 -17"><span class='ocrx_word' id='word_1_560' title='bbox 1799 3317 1946 3370; x_wconf 88' lang='lat' dir='ltr'><strong>mine</strong></span> <span class='ocrx_word' id='word_1_561' title='bbox 1985 3315 2224 3387; x_wconf 84' lang='lat' dir='ltr'><strong>cogitare</strong></span> <span class='ocrx_word' id='word_1_562' title='bbox 2249 3325 2314 3370; x_wconf 71' lang='lat' dir='ltr'><strong>te</strong></span> <span class='ocrx_word' id='word_1_563' title='bbox 2349 3323 2584 3385; x_wconf 88' lang='lat' dir='ltr'><strong>oportet.</strong></span> <span class='ocrx_word' id='word_1_564' title='bbox 2627 3313 2838 3369; x_wconf 84' lang='lat' dir='ltr'><strong>Etenim</strong></span> <span class='ocrx_word' id='word_1_565' title='bbox 2874 3314 2986 3385; x_wconf 85' lang='lat'><strong>(90)</strong></span> <span class='ocrx_word' id='word_1_566' title='bbox 3028 3314 3289 3368; x_wconf 89' lang='lat' dir='ltr'><strong>manendi</strong></span> <span class='ocrx_word' id='word_1_567' title='bbox 3321 3325 3378 3368; x_wconf 81' lang='lat' dir='ltr'><strong>et</strong></span> 
     </span>
    </p>
   </div>
   <div class='ocr_carea' id='block_1_79' title="bbox 1797 3403 3374 3476">
    <p class='ocr_par' dir='ltr' id='par_1_79' title="bbox 1797 3403 3374 3476">
     <span class='ocr_line' id='line_1_79' title="bbox 1797 3403 3374 3476; baseline 0.001 -17"><span class='ocrx_word' id='word_1_568' title='bbox 1797 3406 2114 3476; x_wconf 77' lang='lat' dir='ltr'><strong>proﬁciendi</strong></span> <span class='ocrx_word' id='word_1_569' title='bbox 2182 3406 2235 3458; x_wconf 91' lang='lat' dir='ltr'><strong>in</strong></span> <span class='ocrx_word' id='word_1_570' title='bbox 2303 3406 2447 3460; x_wconf 87' lang='lat' dir='ltr'><strong>bono</strong></span> <span class='ocrx_word' id='word_1_571' title='bbox 2520 3414 2848 3474; x_wconf 78' lang='lat' dir='ltr'><strong>potestatem</strong></span> <span class='ocrx_word' id='word_1_572' title='bbox 2904 3403 3139 3459; x_wconf 85' lang='lat' dir='ltr'><strong>habebat</strong></span> <span class='ocrx_word' id='word_1_573' title='bbox 3198 3413 3251 3460; x_wconf 89' lang='lat' dir='ltr'><strong>et</strong></span> <span class='ocrx_word' id='word_1_574' title='bbox 3308 3406 3374 3461; x_wconf 88' lang='lat' dir='ltr'><strong>ad</strong></span> 
     </span>
    </p>
   </div>
   <div class='ocr_carea' id='block_1_80' title="bbox 1795 3497 3377 3568">
    <p class='ocr_par' dir='ltr' id='par_1_80' title="bbox 1795 3497 3377 3568">
     <span class='ocr_line' id='line_1_80' title="bbox 1795 3497 3377 3568; baseline 0.001 -17"><span class='ocrx_word' id='word_1_575' title='bbox 1795 3499 1952 3568; x_wconf 86' lang='lat' dir='ltr'><strong>pejus</strong></span> <span class='ocrx_word' id='word_1_576' title='bbox 1996 3500 2191 3552; x_wconf 82' lang='lat' dir='ltr'><strong>iterum</strong></span> <span class='ocrx_word' id='word_1_577' title='bbox 2225 3513 2255 3550; x_wconf 91' lang='lat' dir='ltr'><strong>a</strong></span> <span class='ocrx_word' id='word_1_578' title='bbox 2290 3499 2434 3551; x_wconf 87' lang='lat' dir='ltr'><strong>bono</strong></span> <span class='ocrx_word' id='word_1_579' title='bbox 2480 3512 2537 3551; x_wconf 89' lang='lat' dir='ltr'><strong>se</strong></span> <span class='ocrx_word' id='word_1_580' title='bbox 2581 3497 2959 3552; x_wconf 85' lang='lat' dir='ltr'><strong>convertendi.</strong></span> <span class='ocrx_word' id='word_1_581' title='bbox 3013 3497 3067 3552; x_wconf 89' lang='lat' dir='ltr'><strong>Si</strong></span> <span class='ocrx_word' id='word_1_582' title='bbox 3112 3499 3279 3567; x_wconf 82' lang='lat' dir='ltr'><strong>igitur</strong></span> <span class='ocrx_word' id='word_1_583' title='bbox 3321 3507 3377 3554; x_wconf 87' lang='lat' dir='ltr'><strong>et</strong></span> 
     </span>
    </p>
   </div>
   <div class='ocr_carea' id='block_1_81' title="bbox 1794 3589 3372 3661">
    <p class='ocr_par' dir='ltr' id='par_1_81' title="bbox 1794 3589 3372 3661">
     <span class='ocr_line' id='line_1_81' title="bbox 1794 3589 3372 3661; baseline 0.001 -17"><span class='ocrx_word' id='word_1_584' title='bbox 1794 3591 1884 3646; x_wconf 88' lang='lat' dir='ltr'><strong>ille</strong></span> <span class='ocrx_word' id='word_1_585' title='bbox 1939 3593 2211 3661; x_wconf 80' lang='lat' dir='ltr'><strong>serpentis</strong></span> <span class='ocrx_word' id='word_1_586' title='bbox 2249 3589 2465 3645; x_wconf 90' lang='lat' dir='ltr'><strong>consilii</strong></span> <span class='ocrx_word' id='word_1_587' title='bbox 2511 3601 2857 3659; x_wconf 86' lang='lat' dir='ltr'><strong>contemptor</strong></span> <span class='ocrx_word' id='word_1_588' title='bbox 2905 3601 3159 3660; x_wconf 87' lang='lat' dir='ltr'><strong>repertus</strong></span> <span class='ocrx_word' id='word_1_589' title='bbox 3203 3602 3372 3656; x_wconf 77' lang='lat' dir='ltr'><strong>eSset,</strong></span> 
     </span>
    </p>
   </div>
   <div class='ocr_carea' id='block_1_82' title="bbox 1792 3665 3376 3753">
    <p class='ocr_par' dir='ltr' id='par_1_82' title="bbox 1792 3665 3376 3753">
     <span class='ocr_line' id='line_1_82' title="bbox 1792 3665 3376 3753; baseline -0.004 -14"><span class='ocrx_word' id='word_1_590' title='bbox 1792 3665 1844 3739; x_wconf 78' lang='lat' dir='ltr'><strong>si</strong></span> <span class='ocrx_word' id='word_1_591' title='bbox 1894 3684 2081 3738; x_wconf 87' lang='lat' dir='ltr'><strong>datum</strong></span> <span class='ocrx_word' id='word_1_592' title='bbox 2123 3683 2225 3736; x_wconf 87' lang='lat' dir='ltr'><strong>sibi</strong></span> <span class='ocrx_word' id='word_1_593' title='bbox 2269 3691 2601 3753; x_wconf 62' lang='lat' dir='ltr'><strong>praeceptum</strong></span> <span class='ocrx_word' id='word_1_594' title='bbox 2641 3684 2993 3747; x_wconf 82' lang='lat' dir='ltr'><strong>custodisset,</strong></span> <span class='ocrx_word' id='word_1_595' title='bbox 3032 3683 3100 3736; x_wconf 90' lang='lat' dir='ltr'><strong>ad</strong></span> <span class='ocrx_word' id='word_1_596' title='bbox 3147 3682 3376 3736; x_wconf 79' lang='lat' dir='ltr'><strong>immor-</strong></span> 
     </span>
    </p>
   </div>
   <div class='ocr_carea' id='block_1_83' title="bbox 1791 3774 3373 3844">
    <p class='ocr_par' dir='ltr' id='par_1_83' title="bbox 1791 3774 3373 3844">
     <span class='ocr_line' id='line_1_83' title="bbox 1791 3774 3373 3844; baseline -0.002 -15"><span class='ocrx_word' id='word_1_597' title='bbox 1791 3775 2054 3829; x_wconf 88' lang='lat' dir='ltr'><strong>talitatem</strong></span> <span class='ocrx_word' id='word_1_598' title='bbox 2086 3776 2498 3836; x_wconf 72' lang='lat' dir='ltr'><strong>assurrexisset,</strong></span> <span class='ocrx_word' id='word_1_599' title='bbox 2551 3784 2603 3828; x_wconf 90' lang='lat' dir='ltr'><strong>et</strong></span> <span class='ocrx_word' id='word_1_600' title='bbox 2651 3775 2913 3828; x_wconf 82' lang='lat' dir='ltr'><strong>evasisset</strong></span> <span class='ocrx_word' id='word_1_601' title='bbox 2947 3775 3090 3844; x_wconf 87' lang='lat' dir='ltr'><strong>quod</strong></span> <span class='ocrx_word' id='word_1_602' title='bbox 3141 3790 3171 3826; x_wconf 88' lang='lat' dir='ltr'><strong>a</strong></span> <span class='ocrx_word' id='word_1_603' title='bbox 3218 3774 3373 3844; x_wconf 88' lang='lat' dir='ltr'><strong>prin-</strong></span> 
     </span>
    </p>
   </div>
   <div class='ocr_carea' id='block_1_84' title="bbox 1789 3865 3372 3937">
    <p class='ocr_par' dir='ltr' id='par_1_84' title="bbox 1789 3865 3372 3937">
     <span class='ocr_line' id='line_1_84' title="bbox 1789 3865 3372 3937; baseline -0.003 -15"><span class='ocrx_word' id='word_1_604' title='bbox 1789 3867 1934 3937; x_wconf 91' lang='lat' dir='ltr'><strong>cipio</strong></span> <span class='ocrx_word' id='word_1_605' title='bbox 1967 3882 2074 3920; x_wconf 90' lang='lat' dir='ltr'><strong>non</strong></span> <span class='ocrx_word' id='word_1_606' title='bbox 2105 3875 2245 3932; x_wconf 87' lang='lat' dir='ltr'><strong>erat,</strong></span> <span class='ocrx_word' id='word_1_607' title='bbox 2303 3868 2405 3920; x_wconf 85' lang='lat' dir='ltr'><strong>hoc</strong></span> <span class='ocrx_word' id='word_1_608' title='bbox 2457 3875 2541 3920; x_wconf 86' lang='lat' dir='ltr'><strong>est</strong></span> <span class='ocrx_word' id='word_1_609' title='bbox 2606 3865 2961 3925; x_wconf 87' lang='lat' dir='ltr'><strong>immutabilis</strong></span> <span class='ocrx_word' id='word_1_610' title='bbox 3012 3881 3120 3919; x_wconf 91' lang='lat' dir='ltr'><strong>non</strong></span> <span class='ocrx_word' id='word_1_611' title='bbox 3177 3881 3372 3920; x_wconf 87' lang='lat' dir='ltr'><strong>secun-</strong></span> 
     </span>
    </p>
   </div>
   <div class='ocr_carea' id='block_1_85' title="bbox 1788 3958 3368 4028">
    <p class='ocr_par' dir='ltr' id='par_1_85' title="bbox 1788 3958 3368 4028">
     <span class='ocr_line' id='line_1_85' title="bbox 1788 3958 3368 4028; baseline -0.003 -15"><span class='ocrx_word' id='word_1_612' title='bbox 1788 3960 1917 4014; x_wconf 91' lang='lat' dir='ltr'><strong>dum</strong></span> <span class='ocrx_word' id='word_1_613' title='bbox 1961 3966 2207 4012; x_wconf 84' lang='lat' dir='ltr'><strong>naturam</strong></span> <span class='ocrx_word' id='word_1_614' title='bbox 2241 3967 2474 4024; x_wconf 89' lang='lat' dir='ltr'><strong>tantum,</strong></span> <span class='ocrx_word' id='word_1_615' title='bbox 2511 3958 2605 4014; x_wconf 87' lang='lat' dir='ltr'><strong>sed</strong></span> <span class='ocrx_word' id='word_1_616' title='bbox 2645 3958 2809 4012; x_wconf 88' lang='lat' dir='ltr'><strong>etiam</strong></span> <span class='ocrx_word' id='word_1_617' title='bbox 2850 3958 3150 4012; x_wconf 84' lang='lat' dir='ltr'><strong>secundum</strong></span> <span class='ocrx_word' id='word_1_618' title='bbox 3200 3958 3368 4028; x_wconf 82' lang='lat' dir='ltr'><strong>ipsam</strong></span> 
     </span>
    </p>
   </div>
   <div class='ocr_carea' id='block_1_86' title="bbox 1787 4047 3370 4114">
    <p class='ocr_par' dir='ltr' id='par_1_86' title="bbox 1787 4047 3370 4114">
     <span class='ocr_line' id='line_1_86' title="bbox 1787 4047 3370 4114; baseline 0.001 -10"><span class='ocrx_word' id='word_1_619' title='bbox 1787 4050 2147 4104; x_wconf 81' lang='lat' dir='ltr'><strong>voluntatem.</strong></span> <span class='ocrx_word' id='word_1_620' title='bbox 2207 4047 2368 4105; x_wconf 80' lang='lat' dir='ltr'><strong>Hisce</strong></span> <span class='ocrx_word' id='word_1_621' title='bbox 2417 4061 2600 4105; x_wconf 89' lang='lat' dir='ltr'><strong>autem</strong></span> <span class='ocrx_word' id='word_1_622' title='bbox 2658 4050 3077 4114; x_wconf 85' lang='lat' dir='ltr'><strong>contradicere,</strong></span> <span class='ocrx_word' id='word_1_623' title='bbox 3130 4066 3240 4104; x_wconf 91' lang='lat' dir='ltr'><strong>non</strong></span> <span class='ocrx_word' id='word_1_624' title='bbox 3285 4061 3370 4105; x_wconf 79' lang='lat' dir='ltr'><strong>est</strong></span> 
     </span>
    </p>
   </div>
   <div class='ocr_carea' id='block_1_87' title="bbox 1786 4140 3367 4212">
    <p class='ocr_par' dir='ltr' id='par_1_87' title="bbox 1786 4140 3367 4212">
     <span class='ocr_line' id='line_1_87' title="bbox 1786 4140 3367 4212; baseline 0.001 -18"><span class='ocrx_word' id='word_1_625' title='bbox 1786 4140 1984 4195; x_wconf 87' lang='lat' dir='ltr'><strong>rationi</strong></span> <span class='ocrx_word' id='word_1_626' title='bbox 2046 4149 2504 4196; x_wconf 80' lang='lat' dir='ltr'><strong>consentaneum.</strong></span> <span class='ocrx_word' id='word_1_627' title='bbox 2564 4140 2618 4195; x_wconf 83' lang='lat' dir='ltr'><strong>Si</strong></span> <span class='ocrx_word' id='word_1_628' title='bbox 2648 4143 2794 4196; x_wconf 90' lang='lat' dir='ltr'><strong>enim</strong></span> <span class='ocrx_word' id='word_1_629' title='bbox 2845 4157 3072 4212; x_wconf 87' lang='lat' dir='ltr'><strong>peccare</strong></span> <span class='ocrx_word' id='word_1_630' title='bbox 3125 4142 3290 4196; x_wconf 87' lang='lat' dir='ltr'><strong>homo</strong></span> <span class='ocrx_word' id='word_1_631' title='bbox 3337 4157 3367 4195; x_wconf 86' lang='lat' dir='ltr'><strong>a</strong></span> 
     </span>
    </p>
   </div>
   <div class='ocr_carea' id='block_1_88' title="bbox 1785 4232 3373 4304">
    <p class='ocr_par' dir='ltr' id='par_1_88' title="bbox 1785 4232 3373 4304">
     <span class='ocr_line' id='line_1_88' title="bbox 1785 4232 3373 4304; baseline 0.001 -18"><span class='ocrx_word' id='word_1_632' title='bbox 1785 4232 2056 4302; x_wconf 77' lang='lat' dir='ltr'><strong>principio</strong></span> <span class='ocrx_word' id='word_1_633' title='bbox 2099 4233 2152 4286; x_wconf 92' lang='lat' dir='ltr'><strong>in</strong></span> <span class='ocrx_word' id='word_1_634' title='bbox 2205 4243 2399 4288; x_wconf 87' lang='lat' dir='ltr'><strong>natura</strong></span> <span class='ocrx_word' id='word_1_635' title='bbox 2445 4251 2553 4287; x_wconf 92' lang='lat' dir='ltr'><strong>non</strong></span> <span class='ocrx_word' id='word_1_636' title='bbox 2608 4234 2818 4298; x_wconf 86' lang='lat' dir='ltr'><strong>habuit,</strong></span> <span class='ocrx_word' id='word_1_637' title='bbox 2875 4252 2902 4287; x_wconf 90' lang='lat' dir='ltr'><strong>a</strong></span> <span class='ocrx_word' id='word_1_638' title='bbox 2936 4235 3047 4289; x_wconf 89' lang='lat' dir='ltr'><strong>Deo</strong></span> <span class='ocrx_word' id='word_1_639' title='bbox 3093 4233 3373 4304; x_wconf 83' lang='lat' dir='ltr'><strong>siquidem</strong></span> 
     </span>
    </p>
   </div>
   <div class='ocr_carea' id='block_1_89' title="bbox 1781 4323 3365 4393">
    <p class='ocr_par' dir='ltr' id='par_1_89' title="bbox 1781 4323 3365 4393">
     <span class='ocr_line' id='line_1_89' title="bbox 1781 4323 3365 4393; baseline 0.001 -16"><span class='ocrx_word' id='word_1_640' title='bbox 1781 4323 2152 4392; x_wconf 84' lang='lat' dir='ltr'><strong>corruptionis</strong></span> <span class='ocrx_word' id='word_1_641' title='bbox 2191 4338 2389 4393; x_wconf 83' lang='lat' dir='ltr'><strong>expers</strong></span> <span class='ocrx_word' id='word_1_642' title='bbox 2423 4325 2865 4393; x_wconf 70' lang='lat' dir='ltr'><strong>inmortalisque</strong></span> <span class='ocrx_word' id='word_1_643' title='bbox 2901 4332 3120 4379; x_wconf 80' lang='lat' dir='ltr'><strong>creatus</strong></span> <span class='ocrx_word' id='word_1_644' title='bbox 3163 4337 3269 4390; x_wconf 88' lang='lat' dir='ltr'><strong>est,</strong></span> <span class='ocrx_word' id='word_1_645' title='bbox 3308 4325 3365 4378; x_wconf 87' lang='lat' dir='ltr'><strong>in</strong></span> 
     </span>
    </p>
   </div>
   <div class='ocr_carea' id='block_1_90' title="bbox 1781 4415 3364 4485">
    <p class='ocr_par' dir='ltr' id='par_1_90' title="bbox 1781 4415 3364 4485">
     <span class='ocr_line' id='line_1_90' title="bbox 1781 4415 3364 4485; baseline 0.001 -16"><span class='ocrx_word' id='word_1_646' title='bbox 1781 4416 1897 4484; x_wconf 88' lang='lat' dir='ltr'><strong>ipsa</strong></span> <span class='ocrx_word' id='word_1_647' title='bbox 1936 4416 2235 4480; x_wconf 86' lang='lat' dir='ltr'><strong>voluntate,</strong></span> <span class='ocrx_word' id='word_1_648' title='bbox 2276 4424 2334 4469; x_wconf 92' lang='lat' dir='ltr'><strong>ut</strong></span> <span class='ocrx_word' id='word_1_649' title='bbox 2381 4415 2646 4481; x_wconf 75' lang='lat' dir='ltr'><strong>diximus,</strong></span> <span class='ocrx_word' id='word_1_650' title='bbox 2694 4416 3083 4485; x_wconf 87' lang='lat' dir='ltr'><strong>perseverandi</strong></span> <span class='ocrx_word' id='word_1_651' title='bbox 3123 4415 3175 4468; x_wconf 89' lang='lat' dir='ltr'><strong>in</strong></span> <span class='ocrx_word' id='word_1_652' title='bbox 3217 4415 3364 4470; x_wconf 87' lang='lat' dir='ltr'><strong>bono</strong></span> 
     </span>
    </p>
   </div>
   <div class='ocr_carea' id='block_1_91' title="bbox 1780 4507 3361 4576">
    <p class='ocr_par' dir='ltr' id='par_1_91' title="bbox 1780 4507 3361 4576">
     <span class='ocr_line' id='line_1_91' title="bbox 1780 4507 3361 4576; baseline 0.002 -17"><span class='ocrx_word' id='word_1_653' title='bbox 1780 4515 2108 4576; x_wconf 84' lang='lat' dir='ltr'><strong>potestatem</strong></span> <span class='ocrx_word' id='word_1_654' title='bbox 2171 4508 2442 4571; x_wconf 83' lang='lat' dir='ltr'><strong>habebat,</strong></span> <span class='ocrx_word' id='word_1_655' title='bbox 2506 4517 2562 4561; x_wconf 92' lang='lat' dir='ltr'><strong>et</strong></span> <span class='ocrx_word' id='word_1_656' title='bbox 2621 4508 2677 4560; x_wconf 89' lang='lat' dir='ltr'><strong>in</strong></span> <span class='ocrx_word' id='word_1_657' title='bbox 2724 4507 2969 4561; x_wconf 77' lang='lat' dir='ltr'><strong>deterius</strong></span> <span class='ocrx_word' id='word_1_658' title='bbox 3034 4509 3234 4560; x_wconf 85' lang='lat' dir='ltr'><strong>iterum</strong></span> <span class='ocrx_word' id='word_1_659' title='bbox 3292 4509 3361 4562; x_wconf 83' lang='lat' dir='ltr'><strong>ab</strong></span> 
     </span>
    </p>
   </div>
   <div class='ocr_carea' id='block_1_92' title="bbox 103 4591 1684 4669">
    <p class='ocr_par' dir='ltr' id='par_1_92' title="bbox 103 4591 1664 4667">
     <span class='ocr_line' id='line_1_92' title="bbox 103 4591 1664 4667; baseline 0.006 -21"><span class='ocrx_word' id='word_1_660' title='bbox 103 4591 185 4648; x_wconf 75' lang='grc' dir='ltr'><strong>οὖν</strong></span> <span class='ocrx_word' id='word_1_661' title='bbox 209 4597 439 4666; x_wconf 76' lang='grc' dir='ltr'>ἐφύλαξε</span> <span class='ocrx_word' id='word_1_662' title='bbox 467 4597 566 4666; x_wconf 81' lang='grc' dir='ltr'><strong>τὴν</strong></span> <span class='ocrx_word' id='word_1_663' title='bbox 600 4596 846 4649; x_wconf 80' lang='grc' dir='ltr'>δοθεῖσαν</span> <span class='ocrx_word' id='word_1_664' title='bbox 881 4595 1031 4665; x_wconf 80' lang='grc' dir='ltr'>αὐτῷ</span> <span class='ocrx_word' id='word_1_665' title='bbox 1062 4597 1304 4665; x_wconf 79' lang='grc' dir='ltr'>ἐντολὴν,</span> <span class='ocrx_word' id='word_1_666' title='bbox 1349 4600 1564 4667; x_wconf 79' lang='grc' dir='ltr'>ἐγένετο</span> <span class='ocrx_word' id='word_1_667' title='bbox 1599 4603 1664 4655; x_wconf 78' lang='grc' dir='ltr'><strong>ἂν</strong></span> 
     </span>
    </p>
   </div>
   <div class='ocr_carea' id='block_1_93' title="bbox 1856 4591 3365 4669">
    <p class='ocr_par' dir='ltr' id='par_1_93' title="bbox 1856 4598 3365 4669">
     <span class='ocr_line' id='line_1_93' title="bbox 1856 4598 3365 4669; baseline 0.001 -18"><span class='ocrx_word' id='word_1_668' title='bbox 1856 4609 2006 4652; x_wconf 86' lang='lat' dir='ltr'><strong>nesto</strong></span> <span class='ocrx_word' id='word_1_669' title='bbox 2031 4613 2090 4652; x_wconf 91' lang='lat' dir='ltr'><strong>se</strong></span> <span class='ocrx_word' id='word_1_670' title='bbox 2126 4599 2504 4654; x_wconf 82' lang='lat' dir='ltr'><strong>convertendi.</strong></span> <span class='ocrx_word' id='word_1_671' title='bbox 2537 4599 2593 4652; x_wconf 91' lang='lat' dir='ltr'><strong>Si</strong></span> <span class='ocrx_word' id='word_1_672' title='bbox 2632 4598 2799 4669; x_wconf 77' lang='lat' dir='ltr'><strong>igitur</strong></span> <span class='ocrx_word' id='word_1_673' title='bbox 2843 4599 3027 4652; x_wconf 88' lang='lat' dir='ltr'><strong>datunt</strong></span> <span class='ocrx_word' id='word_1_674' title='bbox 3064 4599 3169 4654; x_wconf 86' lang='lat' dir='ltr'><strong>sibi</strong></span> <span class='ocrx_word' id='word_1_675' title='bbox 3199 4614 3365 4652; x_wconf 53' lang='lat' dir='ltr'><strong>ntan-s</strong></span> 
     </span>
    </p>
   </div>
   <div class='ocr_carea' id='block_1_94' title="bbox 101 4687 1662 4761">
    <p class='ocr_par' dir='ltr' id='par_1_94' title="bbox 101 4687 1662 4761">
     <span class='ocr_line' id='line_1_94' title="bbox 101 4687 1662 4761; baseline 0.004 -21"><span class='ocrx_word' id='word_1_676' title='bbox 101 4689 226 4756; x_wconf 81' lang='grc' dir='ltr'>ὅπερ</span> <span class='ocrx_word' id='word_1_677' title='bbox 246 4691 340 4742; x_wconf 83' lang='grc' dir='ltr'><strong>οὐκ</strong></span> <span class='ocrx_word' id='word_1_678' title='bbox 371 4687 442 4761; x_wconf 78' lang='grc' dir='ltr'><strong>ἦν</strong></span> <span class='ocrx_word' id='word_1_679' title='bbox 470 4690 566 4743; x_wconf 84' lang='grc' dir='ltr'>ἀπ’</span> <span class='ocrx_word' id='word_1_680' title='bbox 596 4687 794 4759; x_wconf 81' lang='grc' dir='ltr'>ἀρχῆς,</span> <span class='ocrx_word' id='word_1_681' title='bbox 824 4687 986 4757; x_wconf 65' lang='grc' dir='ltr'>ἔχων,</span> <span class='ocrx_word' id='word_1_682' title='bbox 1021 4687 1097 4751; x_wconf 80' lang='grc' dir='ltr'><strong>ὡς</strong></span> <span class='ocrx_word' id='word_1_683' title='bbox 1128 4687 1370 4759; x_wconf 76' lang='grc' dir='ltr'>εἴρηται,</span> <span class='ocrx_word' id='word_1_684' title='bbox 1399 4695 1492 4744; x_wconf 82' lang='grc' dir='ltr'>καὶ</span> <span class='ocrx_word' id='word_1_685' title='bbox 1521 4695 1662 4748; x_wconf 83' lang='grc' dir='ltr'>κα.τά</span> 
     </span>
    </p>
   </div>
   <div class='ocr_carea' id='block_1_95' title="bbox 102 4780 1662 4854">
    <p class='ocr_par' dir='ltr' id='par_1_95' title="bbox 102 4780 1662 4854">
     <span class='ocr_line' id='line_1_95' title="bbox 102 4780 1662 4854; baseline 0.004 -22"><span class='ocrx_word' id='word_1_686' title='bbox 102 4785 408 4850; x_wconf 76' lang='grc' dir='ltr'>προαῖρεσιν</span> <span class='ocrx_word' id='word_1_687' title='bbox 439 4784 498 4835; x_wconf 86' lang='grc' dir='ltr'><strong>τό</strong></span> <span class='ocrx_word' id='word_1_688' title='bbox 530 4799 590 4835; x_wconf 79' lang='grc' dir='ltr'><strong>τε</strong></span> <span class='ocrx_word' id='word_1_689' title='bbox 624 4783 898 4850; x_wconf 79' lang='grc' dir='ltr'>ἄτρεπτον</span> <span class='ocrx_word' id='word_1_690' title='bbox 927 4780 1064 4850; x_wconf 78' lang='grc' dir='ltr'>ὁμοῦ</span> <span class='ocrx_word' id='word_1_691' title='bbox 1111 4784 1204 4834; x_wconf 77' lang='grc' dir='ltr'><strong>καί</strong></span> <span class='ocrx_word' id='word_1_692' title='bbox 1238 4784 1624 4854; x_wconf 73' lang='grc' dir='ltr'>ἀναμάρτητον</span> <span class='ocrx_word' id='word_1_693' title='bbox 1649 4804 1662 4818; x_wconf 88' lang='grc'><strong>·</strong></span> 
     </span>
    </p>
   </div>
   <div class='ocr_carea' id='block_1_96' title="bbox 99 4872 1664 4940">
    <p class='ocr_par' dir='ltr' id='par_1_96' title="bbox 99 4872 1664 4940">
     <span class='ocr_line' id='line_1_96' title="bbox 99 4872 1664 4940; baseline 0.004 -19"><span class='ocrx_word' id='word_1_694' title='bbox 99 4874 496 4934; x_wconf 64' lang='grc' dir='ltr'>ὁτοῖοςὲσεῖται</span> <span class='ocrx_word' id='word_1_695' title='bbox 526 4875 778 4934; x_wconf 81' lang='grc' dir='ltr'>κάκεῖνος</span> <span class='ocrx_word' id='word_1_696' title='bbox 823 4873 854 4925; x_wconf 79' lang='grc' dir='ltr'><em>ὁ</em></span> <span class='ocrx_word' id='word_1_697' title='bbox 904 4872 1046 4924; x_wconf 84' lang='grc' dir='ltr'>κατά</span> <span class='ocrx_word' id='word_1_698' title='bbox 1075 4888 1139 4940; x_wconf 87' lang='grc' dir='ltr'><strong>γε</strong></span> <span class='ocrx_word' id='word_1_699' title='bbox 1172 4873 1270 4940; x_wconf 85' lang='grc' dir='ltr'><strong>τὴν</strong></span> <span class='ocrx_word' id='word_1_700' title='bbox 1316 4873 1410 4926; x_wconf 78' lang='grc' dir='ltr'>τοῦ</span> <span class='ocrx_word' id='word_1_701' title='bbox 1462 4879 1664 4940; x_wconf 76' lang='grc' dir='ltr'>παντὸς</span> 
     </span>
    </p>
   </div>
   <div class='ocr_carea' id='block_1_97' title="bbox 102 4961 1663 5035">
    <p class='ocr_par' dir='ltr' id='par_1_97' title="bbox 102 4961 1663 5035">
     <span class='ocr_line' id='line_1_97' title="bbox 102 4961 1663 5035; baseline 0.004 -23"><span class='ocrx_word' id='word_1_702' title='bbox 102 4964 398 5017; x_wconf 74' lang='grc' dir='ltr'>συντέλειαν</span> <span class='ocrx_word' id='word_1_703' title='bbox 433 4963 864 5034; x_wconf 80' lang='grc' dir='ltr'>ὲγερθησόμενος</span> <span class='ocrx_word' id='word_1_704' title='bbox 901 4961 1207 5032; x_wconf 78' lang='grc' dir='ltr'>ἄνθρωπος.</span> <span class='ocrx_word' id='word_1_705' title='bbox 1253 4965 1438 5035; x_wconf 84' lang='grc' dir='ltr'>Ἀρκεῖ</span> <span class='ocrx_word' id='word_1_706' title='bbox 1464 4968 1663 5021; x_wconf 73' lang='grc' dir='ltr'>τοσαῦ-</span> 
     </span>
    </p>
   </div>
   <div class='ocr_carea' id='block_1_98' title="bbox 101 5053 1664 5134">
    <p class='ocr_par' dir='ltr' id='par_1_98' title="bbox 101 5053 1664 5134">
     <span class='ocr_line' id='line_1_98' title="bbox 101 5053 1664 5134; baseline 0.006 -28"><span class='ocrx_word' id='word_1_707' title='bbox 101 5071 186 5106; x_wconf 70' lang='grc' dir='ltr'>ται·</span> <span class='ocrx_word' id='word_1_708' title='bbox 217 5061 321 5121; x_wconf 78' lang='grc' dir='ltr'>τοῖς</span> <span class='ocrx_word' id='word_1_709' title='bbox 355 5060 464 5128; x_wconf 84' lang='grc' dir='ltr'>γὰρ</span> <span class='ocrx_word' id='word_1_710' title='bbox 490 5059 751 5128; x_wconf 80' lang='grc' dir='ltr'>ὲχὲφροσι</span> <span class='ocrx_word' id='word_1_711' title='bbox 792 5057 935 5110; x_wconf 83' lang='grc' dir='ltr'>κατά</span> <span class='ocrx_word' id='word_1_712' title='bbox 968 5059 1027 5110; x_wconf 76' lang='grc' dir='ltr'>σὲ</span> <span class='ocrx_word' id='word_1_713' title='bbox 1057 5059 1150 5110; x_wconf 74' lang='grc' dir='ltr'><strong>καὶ</strong></span> <span class='ocrx_word' id='word_1_714' title='bbox 1189 5053 1264 5122; x_wconf 81' lang='grc' dir='ltr'><strong>εἷς</strong></span> <span class='ocrx_word' id='word_1_715' title='bbox 1318 5060 1474 5129; x_wconf 79' lang='grc' dir='ltr'>λόγος</span> <span class='ocrx_word' id='word_1_716' title='bbox 1507 5064 1664 5134; x_wconf 83' lang='grc' dir='ltr'>ἀρκεῖ</span> 
     </span>
    </p>
   </div>
   <div class='ocr_carea' id='block_1_99' title="bbox 99 5148 1188 5221">
    <p class='ocr_par' dir='ltr' id='par_1_99' title="bbox 99 5148 1188 5221">
     <span class='ocr_line' id='line_1_99' title="bbox 99 5148 1188 5221; baseline 0.007 -24"><span class='ocrx_word' id='word_1_717' title='bbox 99 5149 221 5215; x_wconf 67' lang='grc' dir='ltr'><strong>πρός</strong></span> <span class='ocrx_word' id='word_1_718' title='bbox 253 5167 314 5218; x_wconf 84' lang='grc' dir='ltr'><strong>γε</strong></span> <span class='ocrx_word' id='word_1_719' title='bbox 342 5151 442 5221; x_wconf 79' lang='grc' dir='ltr'>τὴν</span> <span class='ocrx_word' id='word_1_720' title='bbox 477 5151 574 5204; x_wconf 75' lang='grc' dir='ltr'>τοῦ</span> <span class='ocrx_word' id='word_1_721' title='bbox 608 5148 918 5220; x_wconf 85' lang='grc' dir='ltr'>κρείττονος</span> <span class='ocrx_word' id='word_1_722' title='bbox 948 5148 1188 5220; x_wconf 77' lang='grc' dir='ltr'>εὕρεσιν.</span> 
     </span>
    </p>
   </div>
   <div class='ocr_carea' id='block_1_100' title="bbox 93 5576 464 5632">
    <p class='ocr_par' dir='ltr' id='par_1_100' title="bbox 93 5576 464 5632">
     <span class='ocr_line' id='line_1_100' title="bbox 93 5576 464 5632; baseline 0.03 -12"><span class='ocrx_word' id='word_1_723' title='bbox 93 5586 105 5620; x_wconf 91' lang='lat' dir='ltr'><strong>l</strong></span> <span class='ocrx_word' id='word_1_724' title='bbox 123 5576 219 5626; x_wconf 86' lang='lat' dir='ltr'><strong>iter</strong></span> <span class='ocrx_word' id='word_1_725' title='bbox 248 5576 464 5632; x_wconf 80' lang='lat' dir='ltr'><strong>asserit.</strong></span> 
     </span>
    </p>
   </div>
   <div class='ocr_carea' id='block_1_101' title="bbox 1676 5769 1753 5784">
    <p class='ocr_par' dir='ltr' id='par_1_101' title="bbox 1676 5769 1753 5784">
     <span class='ocr_line' id='line_1_101' title="bbox 1676 5769 1753 5784; baseline 0 0"><span class='ocrx_word' id='word_1_726' title='bbox 1676 5769 1753 5784; x_wconf 69' lang='lat'><strong><em>—</em></strong></span> 
     </span>
    </p>
   </div>
   <div class='ocr_carea' id='block_1_102' title="bbox 1779 4689 3356 4769">
    <p class='ocr_par' dir='ltr' id='par_1_102' title="bbox 1779 4689 3356 4769">
     <span class='ocr_line' id='line_1_102' title="bbox 1779 4689 3356 4769; baseline 0.002 -26"><span class='ocrx_word' id='word_1_727' title='bbox 1779 4689 1964 4744; x_wconf 86' lang='lat' dir='ltr'><strong>datum</strong></span> <span class='ocrx_word' id='word_1_728' title='bbox 2021 4691 2375 4756; x_wconf 84' lang='lat' dir='ltr'><strong>custodisset,</strong></span> <span class='ocrx_word' id='word_1_729' title='bbox 2432 4695 2576 4760; x_wconf 89' lang='lat' dir='ltr'><strong>quod</strong></span> <span class='ocrx_word' id='word_1_730' title='bbox 2637 4707 2682 4769; x_wconf 86' lang='lat' dir='ltr'><strong>a_</strong></span> <span class='ocrx_word' id='word_1_731' title='bbox 2719 4691 2992 4761; x_wconf 86' lang='lat' dir='ltr'><strong>principio</strong></span> <span class='ocrx_word' id='word_1_732' title='bbox 3048 4707 3160 4746; x_wconf 89' lang='lat' dir='ltr'><strong>non</strong></span> <span class='ocrx_word' id='word_1_733' title='bbox 3213 4703 3356 4757; x_wconf 86' lang='lat' dir='ltr'><strong>erat,</strong></span> 
     </span>
    </p>
   </div>
   <div class='ocr_carea' id='block_1_103' title="bbox 1777 4783 3358 4851">
    <p class='ocr_par' dir='ltr' id='par_1_103' title="bbox 1777 4783 3358 4851">
     <span class='ocr_line' id='line_1_103' title="bbox 1777 4783 3358 4851; baseline 0.003 -16"><span class='ocrx_word' id='word_1_734' title='bbox 1777 4783 1965 4851; x_wconf 82' lang='lat' dir='ltr'><strong>utique</strong></span> <span class='ocrx_word' id='word_1_735' title='bbox 1996 4783 2226 4849; x_wconf 82' lang='lat' dir='ltr'><strong>fuisset,</strong></span> <span class='ocrx_word' id='word_1_736' title='bbox 2262 4784 2492 4850; x_wconf 89' lang='lat' dir='ltr'><strong>habens,</strong></span> <span class='ocrx_word' id='word_1_737' title='bbox 2533 4793 2592 4839; x_wconf 92' lang='lat' dir='ltr'><strong>ut</strong></span> <span class='ocrx_word' id='word_1_738' title='bbox 2643 4784 2852 4838; x_wconf 88' lang='lat' dir='ltr'><strong>dictum</strong></span> <span class='ocrx_word' id='word_1_739' title='bbox 2899 4794 3005 4849; x_wconf 85' lang='lat' dir='ltr'><strong>est,</strong></span> <span class='ocrx_word' id='word_1_740' title='bbox 3057 4785 3221 4840; x_wconf 87' lang='lat' dir='ltr'><strong>etiam</strong></span> <span class='ocrx_word' id='word_1_741' title='bbox 3264 4801 3358 4839; x_wconf 85' lang='lat' dir='ltr'><strong>se-</strong></span> 
     </span>
    </p>
   </div>
   <div class='ocr_carea' id='block_1_104' title="bbox 1773 4876 3358 4948">
    <p class='ocr_par' dir='ltr' id='par_1_104' title="bbox 1773 4876 3358 4948">
     <span class='ocr_line' id='line_1_104' title="bbox 1773 4876 3358 4948; baseline 0.003 -21"><span class='ocrx_word' id='word_1_742' title='bbox 1773 4876 2013 4929; x_wconf 88' lang='lat' dir='ltr'><strong>cundum</strong></span> <span class='ocrx_word' id='word_1_743' title='bbox 2052 4877 2388 4932; x_wconf 87' lang='lat' dir='ltr'><strong>voluntatem</strong></span> <span class='ocrx_word' id='word_1_744' title='bbox 2435 4887 2493 4931; x_wconf 90' lang='lat' dir='ltr'><strong>et</strong></span> <span class='ocrx_word' id='word_1_745' title='bbox 2538 4878 3034 4932; x_wconf 85' lang='lat' dir='ltr'><strong>immntabilitatem</strong></span> <span class='ocrx_word' id='word_1_746' title='bbox 3065 4890 3120 4932; x_wconf 90' lang='lat' dir='ltr'><strong>et</strong></span> <span class='ocrx_word' id='word_1_747' title='bbox 3152 4879 3358 4948; x_wconf 83' lang='lat' dir='ltr'><strong>itnpt-e-</strong></span> 
     </span>
    </p>
   </div>
   <div class='ocr_carea' id='block_1_105' title="bbox 1771 4966 3356 5040">
    <p class='ocr_par' dir='ltr' id='par_1_105' title="bbox 1771 4966 3356 5040">
     <span class='ocr_line' id='line_1_105' title="bbox 1771 4966 3356 5040; baseline 0.003 -20"><span class='ocrx_word' id='word_1_748' title='bbox 1771 4966 2145 5032; x_wconf 84' lang='lat' dir='ltr'><strong>eabilitatem;</strong></span> <span class='ocrx_word' id='word_1_749' title='bbox 2177 4968 2355 5036; x_wconf 89' lang='lat' dir='ltr'><strong>qualis</strong></span> <span class='ocrx_word' id='word_1_750' title='bbox 2390 4972 2499 5024; x_wconf 86' lang='lat' dir='ltr'><strong>erit</strong></span> <span class='ocrx_word' id='word_1_751' title='bbox 2554 4970 2644 5022; x_wconf 91' lang='lat' dir='ltr'><strong>ille</strong></span> <span class='ocrx_word' id='word_1_752' title='bbox 2679 4966 2864 5036; x_wconf 88' lang='lat' dir='ltr'><strong>homo,</strong></span> <span class='ocrx_word' id='word_1_753' title='bbox 2905 4970 2996 5040; x_wconf 88' lang='lat' dir='ltr'><strong>qui</strong></span> <span class='ocrx_word' id='word_1_754' title='bbox 3032 4972 3083 5024; x_wconf 89' lang='lat' dir='ltr'><strong>in</strong></span> <span class='ocrx_word' id='word_1_755' title='bbox 3134 4973 3356 5026; x_wconf 86' lang='lat' dir='ltr'><strong>univer-</strong></span> 
     </span>
    </p>
   </div>
   <div class='ocr_carea' id='block_1_106' title="bbox 1771 5061 3354 5120">
    <p class='ocr_par' dir='ltr' id='par_1_106' title="bbox 1771 5061 3354 5120">
     <span class='ocr_line' id='line_1_106' title="bbox 1771 5061 3354 5120; baseline 0.004 -7"><span class='ocrx_word' id='word_1_756' title='bbox 1771 5061 1948 5114; x_wconf 71' lang='lat' dir='ltr'><strong>sitatis</strong></span> <span class='ocrx_word' id='word_1_757' title='bbox 1997 5061 2476 5116; x_wconf 86' lang='lat' dir='ltr'><strong>consummatione</strong></span> <span class='ocrx_word' id='word_1_758' title='bbox 2524 5072 2937 5120; x_wconf 79' lang='lat' dir='ltr'><strong>resurrecturus</strong></span> <span class='ocrx_word' id='word_1_759' title='bbox 2983 5074 3087 5119; x_wconf 87' lang='lat' dir='ltr'><strong>est.</strong></span> <span class='ocrx_word' id='word_1_760' title='bbox 3129 5065 3195 5119; x_wconf 81' lang='lat' dir='ltr'><strong>Et</strong></span> <span class='ocrx_word' id='word_1_761' title='bbox 3239 5066 3354 5119; x_wconf 77' lang='lat' dir='ltr'><strong>Ita-c</strong></span> 
     </span>
    </p>
   </div>
   <div class='ocr_carea' id='block_1_107' title="bbox 1770 5149 3353 5224">
    <p class='ocr_par' dir='ltr' id='par_1_107' title="bbox 1770 5149 3353 5224">
     <span class='ocr_line' id='line_1_107' title="bbox 1770 5149 3353 5224; baseline 0.006 -23"><span class='ocrx_word' id='word_1_762' title='bbox 1770 5149 1988 5219; x_wconf 83' lang='lat' dir='ltr'><strong>quidem</strong></span> <span class='ocrx_word' id='word_1_763' title='bbox 2022 5149 2316 5206; x_wconf 76' lang='lat' dir='ltr'><strong>suilieiant.</strong></span> <span class='ocrx_word' id='word_1_764' title='bbox 2371 5151 2738 5208; x_wconf 85' lang='lat' dir='ltr'><strong>Prudentihus</strong></span> <span class='ocrx_word' id='word_1_765' title='bbox 2792 5155 2961 5218; x_wconf 90' lang='lat' dir='ltr'><strong>enim,</strong></span> <span class='ocrx_word' id='word_1_766' title='bbox 2995 5157 3353 5224; x_wconf 79' lang='lat' dir='ltr'><strong>quemadmo-</strong></span> 
     </span>
    </p>
   </div>
   <div class='ocr_carea' id='block_1_108' title="bbox 1771 5241 3348 5315">
    <p class='ocr_par' dir='ltr' id='par_1_108' title="bbox 1771 5241 3348 5315">
     <span class='ocr_line' id='line_1_108' title="bbox 1771 5241 3348 5315; baseline 0.003 -21"><span class='ocrx_word' id='word_1_767' title='bbox 1771 5241 1901 5295; x_wconf 87' lang='lat' dir='ltr'><strong>dum</strong></span> <span class='ocrx_word' id='word_1_768' title='bbox 1937 5251 1993 5294; x_wconf 88' lang='lat' dir='ltr'><strong>tu</strong></span> <span class='ocrx_word' id='word_1_769' title='bbox 2026 5256 2106 5306; x_wconf 90' lang='lat' dir='ltr'><strong>es,</strong></span> <span class='ocrx_word' id='word_1_770' title='bbox 2141 5250 2197 5296; x_wconf 89' lang='lat' dir='ltr'><strong>et</strong></span> <span class='ocrx_word' id='word_1_771' title='bbox 2230 5259 2397 5296; x_wconf 89' lang='lat' dir='ltr'><strong>unum</strong></span> <span class='ocrx_word' id='word_1_772' title='bbox 2449 5247 2699 5312; x_wconf 85' lang='lat' dir='ltr'><strong>verbum,</strong></span> <span class='ocrx_word' id='word_1_773' title='bbox 2754 5255 2813 5299; x_wconf 87' lang='lat' dir='ltr'><strong>ut</strong></span> <span class='ocrx_word' id='word_1_774' title='bbox 2845 5245 2991 5315; x_wconf 78' lang='lat' dir='ltr'><strong>quod</strong></span> <span class='ocrx_word' id='word_1_775' title='bbox 3040 5247 3235 5301; x_wconf 82' lang='lat' dir='ltr'><strong>melius</strong></span> <span class='ocrx_word' id='word_1_776' title='bbox 3265 5257 3348 5300; x_wconf 63' lang='grc' dir='ltr'>«ιρι</span> 
     </span>
    </p>
   </div>
   <div class='ocr_carea' id='block_1_109' title="bbox 1769 5333 2488 5402">
    <p class='ocr_par' dir='ltr' id='par_1_109' title="bbox 1769 5333 2488 5402">
     <span class='ocr_line' id='line_1_109' title="bbox 1769 5333 2488 5402; baseline 0.007 -17"><span class='ocrx_word' id='word_1_777' title='bbox 1769 5333 2001 5386; x_wconf 88' lang='lat' dir='ltr'><strong>inveniri</strong></span> <span class='ocrx_word' id='word_1_778' title='bbox 2033 5335 2225 5402; x_wconf 88' lang='lat' dir='ltr'><strong>possit,</strong></span> <span class='ocrx_word' id='word_1_779' title='bbox 2269 5333 2488 5391; x_wconf 76' lang='lat' dir='ltr'><strong>sufﬁt-it.</strong></span> 
     </span>
    </p>
   </div>
   <div class='ocr_carea' id='block_1_110' title="bbox 159 5493 3343 5600">
    <p class='ocr_par' dir='ltr' id='par_1_110' title="bbox 159 5493 3343 5600">
     <span class='ocr_line' id='line_1_110' title="bbox 159 5493 3343 5600; baseline 0.004 -43"><span class='ocrx_word' id='word_1_780' title='bbox 159 5499 525 5600; x_wconf 38' lang='lat' dir='ltr'><strong>(naill‘gvrillus</strong></span> <span class='ocrx_word' id='word_1_781' title='bbox 556 5493 961 5564; x_wconf 76' lang='lat' dir='ltr'><strong>Alexandrinus</strong></span> <span class='ocrx_word' id='word_1_782' title='bbox 995 5502 1092 5562; x_wconf 84' lang='lat' dir='ltr'><strong>lib.</strong></span> <span class='ocrx_word' id='word_1_783' title='bbox 1136 5508 1340 5564; x_wconf 73' lang='lat' dir='ltr'><strong>Contra</strong></span> <span class='ocrx_word' id='word_1_784' title='bbox 1381 5509 1910 5600; x_wconf 77' lang='lat' dir='ltr'><strong>Anthropomorpit.,</strong></span> <span class='ocrx_word' id='word_1_785' title='bbox 1966 5529 2086 5585; x_wconf 81' lang='lat' dir='ltr'><strong>cap.</strong></span> <span class='ocrx_word' id='word_1_786' title='bbox 2120 5514 2176 5582; x_wconf 69' lang='lat'><strong>9.,</strong></span> <span class='ocrx_word' id='word_1_787' title='bbox 2212 5517 2420 5572; x_wconf 87' lang='lat' dir='ltr'><strong>arbitrii</strong></span> <span class='ocrx_word' id='word_1_788' title='bbox 2461 5519 2767 5575; x_wconf 83' lang='lat' dir='ltr'><strong>libertatem</strong></span> <span class='ocrx_word' id='word_1_789' title='bbox 2836 5518 3043 5572; x_wconf 87' lang='lat' dir='ltr'><strong>homini</strong></span> <span class='ocrx_word' id='word_1_790' title='bbox 3116 5514 3343 5588; x_wconf 48' lang='grc' dir='ltr'>ιιι-ωριτε</span> 
     </span>
    </p>
   </div>
   <div class='ocr_carea' id='block_1_111' title="bbox 3393 5347 3401 5381">
    <p class='ocr_par' dir='ltr' id='par_1_111' title="bbox 3393 5347 3401 5381">
     <span class='ocr_line' id='line_1_111' title="bbox 3393 5347 3401 5381; baseline 0 0"><span class='ocrx_word' id='word_1_791' title='bbox 3393 5347 3401 5381; x_wconf 71' lang='lat' dir='ltr'><strong>i</strong></span> 
     </span>
    </p>
   </div>
  </div>
