3798 6230
150 414 241 476 'i'l'f

1492 419 1859 480 EPISTOLA
1899 417 2015 478 Ιῐῐ.

3261 377 3368 475 718

153 522 309 594 α’ὗπερ
354 525 577 590 ἐξέπεσε
635 527 702 580 δι’
743 526 912 594 αὐτὴν
963 528 1294 597 παράϐασιν,
1344 533 1526 600 ἐπειδὴ
1586 536 1696 592 τοῖς

1826 526 2264 584 mlchritudinem
2313 542 2418 594 qua
2457 526 2654 582 excidit
2698 527 2786 581 ille
2831 540 2926 595 per
2981 524 3374 596 tranSgrcssio-

154 617 350 676 πολλοῖς
379 615 737 682 ἀγνοούμενον
759 612 848 684 ἦν,
883 618 940 668 ὲν
973 619 1187 686 σεαυτῷ
1219 621 1536 688 παραδόξως
1568 621 1699 674 ὑπέ-

155 707 338 772 δειξας.
373 706 496 756 Ἐπὶ
529 706 684 758 τοῦτο
731 709 838 775 γὰρ
883 708 975 760 καὶ
1009 709 1105 777 τὴν
1144 711 1350 776 ἄφατον
1399 711 1698 781 ἠλλοιώθης

151 796 237 862 τῆς
272 795 478 863 μορφῆς
541 795 847 861 ἀλλοὲωσιν,
903 798 1167 865 γνωρίσαι
1226 800 1396 853 θέλων
1452 802 1698 854 ἐντεῦθεν

153 886 328 946 ὁποίας
365 885 560 953 ἠξίωτο
603 889 822 955 χάριτος
858 889 962 955 πρὸ
1005 892 1099 958 τῆς
1132 891 1401 958 ἁμαρτίας
1431 895 1455 942 6
1490 892 1699 960 ἄνθρω-

156 994 260 1036 πος,
294 979 381 1028 καὶ
410 978 490 1029 ὅτι
521 978 724 1042 ταύτην
765 979 910 1048 αὐτῷ
944 982 1104 1034 πάλιν
1146 983 1453 1050 μετέδωκας
1487 984 1572 1035 διὰ
1602 984 1701 1052 τῆς

157 1067 264 1118 καθ’
291 1069 583 1121 ὑπόστασιν
623 1071 887 1132 ἐνώσεως.
915 1092 934 1119 ι
973 1074 1032 1125 Ei
1065 1073 1172 1142 γὰρ
1213 1074 1306 1126 καὶ
1334 1074 1578 1144 διάδηλον
1609 1076 1704 1128 αὐ-

153 1159 264 1225 τίκα
295 1157 543 1223 γενέσθαι
573 1159 733 1212 τοῦτο
771 1162 870 1214 οὐκ
907 1162 1164 1230 ἔφθασεν,
1193 1164 1313 1217 οὐδὲ
1341 1167 1497 1234 ἤθελε
1533 1167 1702 1218 σκάν-

150 1249 291 1298 δα).ον
338 1248 569 1317 ἐξαυτῆς
604 1252 805 1304 ἐνιέναι
859 1254 936 1322 τῷ
963 1253 1204 1328 Ἰσραὴλ,
1250 1255 1363 1306 ἀλλ’
1421 1256 1511 1307 ἔπιεΙὶ
1543 1256 1702 1325 ὄρους

154 1338 355 1408 Θαδὼρ,
388 1341 462 1404 ὡς
494 1343 594 1410 ἥδη
646 1344 991 1414 προείρητῖι,
1039 1346 1430 1414 θεουργηθείσα
1479 1349 1510 1414 ἠ
1543 1348 1706 1413 φύσις

156 1429 296 1496 ἡμῶν
333 1429 580 1496 ἐγνώσθη
625 1431 713 1484 διὰ
762 1435 858 1498 τῆς
899 1433 1057 1485 θείων
1090 1434 1319 1486 ἀκτίνων
1365 1433 1702 1502 προχύσεως,

156 1519 379 1587 Πρόσεχε
410 1519 527 1574 οὖν.
582 1522 642 1574 Εἰ
693 1523 802 1590 γὰρ
835 1523 1119 1592 ἀστράψας
1159 1523 1251 1576 ἐπὶ
1293 1523 1386 1576 τοῦ
1432 1524 1590 1592 ὅρους
1629 1522 1705 1584 ὡς

153 1610 175 1660 6
200 1611 340 1676 ἧιιος
375 1611 401 1662 6
430 1611 617 1679 Σωτὴρ
649 1611 814 1677 ἔδειξε
847 1612 1135 1681 προφανῶς
1159 1615 1340 1666 ὁποῖον
1366 1613 1475 1680 ἄρα.
1504 1614 1596 1665 καὶ
1628 1611 1706 1681 τῷ

165 1701 321 1768 ’Δδᾴιμ
355 1702 550 1770 ἐκείνῳ
582 1706 852 1771 προσενῆν
891 1703 987 1754 ἀπ’
1021 1705 1193 1773 ἀρχῆς
1227 1705 1364 1772 φῶς,
1397 1704 1705 1773 θαυμάζειν

154 1793 240 1842 οὐκ
277 1791 495 1858 εὔλογον
529 1794 644 1860 εἴγε
698 1794 1004 1863 λάμψουσιν
1057 1797 1106 1846 oi
1152 1795 1351 1847 δίκαιοι
1399 1796 1522 1847 τότε
1565 1796 1638 1858 ὼς
1682 1798 1709 1848 6

1805 637 1950 685 nem,
1999 619 2256 688 quoniam
2305 617 2584 687 plerisque
2635 619 2890 672 omnibus
2936 617 3117 688 ignota
3148 623 3284 679 erat,
3318 614 3375 668 in

1805 713 1978 781 teipso
2002 711 2325 766 mirabiliter
2364 711 2770 766 demonstrasti.
2807 711 3100 780 Propterea
3140 710 3284 764 enim
3321 716 3378 764 et

1805 802 2061 856 incll‘abili
2096 812 2200 856 tum
2234 802 2420 856 formas
2467 802 2768 856 mutatione
2797 803 3114 857 immutatus
3149 817 3226 865 es,
3252 815 3376 854 cum

1806 895 1971 948 velles
2021 908 2085 947 ea
2138 894 2350 947 ratione
2410 893 2720 963 patefacere
2767 895 2913 962 quali
2973 895 3162 949 fuisset
3217 894 3380 948 homo

1805 995 1932 1038 ante
1985 994 2269 1052 peccatum
2329 986 2499 1056 gratia
2563 985 2856 1053 dignatus,
2919 984 3276 1052 eamdemque
3328 992 3383 1038 te

1813 1077 1884 1130 illi
1917 1080 2112 1130 iterum
2167 1093 2264 1146 per
2302 1078 2530 1145 geminae
2572 1089 2780 1132 natura:
2823 1070 3183 1132 cohzesionem
3221 1079 3380 1131 resti-

1809 1168 1996 1222 tuisse.
2035 1188 2054 1220 ›
2109 1169 2163 1222 Si
2206 1171 2350 1222 enim
2385 1178 2439 1223 et
2469 1170 2574 1224 hoc
2625 1170 2810 1225 statim
2859 1169 3207 1224 manifestum
3261 1184 3382 1222 esse

1809 1273 1916 1312 non
1955 1261 2153 1328 potuit,
2190 1260 2361 1314 noluit
2403 1261 2547 1313 enim
2599 1263 2868 1314 continuo
2916 1259 3098 1314 lsraeli
3131 1259 3390 1312 offensio‘

1810 1364 1936 1402 nem
1987 1349 2238 1419 injicere,
2283 1349 2377 1404 sed
2434 1365 2598 1416 supra
2647 1361 2889 1404 montem
2947 1350 3279 1411 Thaborem.
3331 1358 3393 1403 ut

1804 1441 1914 1508 jam
1948 1441 2154 1496 dictum
2186 1449 2271 1495 est
2304 1459 2318 1494 :
2357 1451 2603 1497 nostram
2638 1451 2890 1496 naturam
2938 1452 3119 1496 tamen
3151 1443 3390 1496 divinam

1805 1530 1917 1599 jam
1953 1533 2193 1586 evasisse
2245 1534 2649 1602 deprehensum
2699 1544 2801 1596 est,
2850 1532 2996 1601 quod
3035 1533 3274 1601 undique
3309 1533 3394 1586 di-

1811 1622 1968 1676 vinos
2019 1624 2107 1692 (3)
2159 1624 2339 1678 radios
2397 1625 2722 1678 effunderet.
2785 1624 3019 1678 Attende
3070 1624 3274 1695 igitur.
3333 1625 3391 1679 Si

1812 1713 1960 1765 enim
1995 1711 2277 1776 Servatur,
2323 1723 2580 1782 tanquam
2619 1715 2720 1778 sol,
2769 1715 2821 1767 in
2856 1725 3041 1768 monte
3071 1730 3389 1780 coruscans,

1813 1803 1956 1870 quali
2005 1802 2189 1868 utique
2237 1812 2295 1857 et
2341 1804 2582 1857 Adamus
2615 1805 2704 1859 ille
2749 1805 2818 1858 ab
2867 1805 3021 1859 initio
3059 1805 3266 1860 lumine
3297 1821 3390 1858 ra-

153 1883 310 1951 ἣλιος.
351 1883 571 1952 Ἐπειδὴ
623 1887 732 1954 γὰρ
780 1886 812 1954 ή
868 1885 1200 1955 ἐλπιζομένῃ
1259 1889 1414 1956 χάρις
1454 1887 1710 1950 ἐπάνοδάς

1826 1892 2010 1959 diaret,
2045 1893 2349 1947 luculenter
2381 1894 2652 1961 ostendit,
2699 1896 2809 1964 jam
2844 1894 3032 1948 mirari
3085 1911 3191 1948 non
3223 1895 3390 1957 subit,

157 1977 311 2036 ἐστιν,
339 1975 412 2036 ὡς
463 1976 814 2046 προείρηται,
849 1981 984 2047 πρός
1014 1994 1076 2045 γε
1109 1977 1208 2046 τὴν
1242 1980 1462 2046 πρώτην
1496 1980 1710 2047 ἐκείνην

157 2064 307 2134 ζωὴν,
339 2068 632 2121 ἀκόλουθον
679 2071 744 2121 ἂν
786 2071 868 2140 εἴη
920 2074 1013 2125 καὶ
1057 2073 1184 2134 τοὺς
1235 2073 1710 2141 ἀναστησομένους

155 2159 266 2220 τοὺς
289 2163 315 2210 δ
343 2159 531 2222 καέους
569 2161 644 2232 μὴ
683 2163 821 2214 κατὰ
851 2163 911 2215 τὸ
940 2165 1126 2233 σχῆμα
1157 2167 1248 2217 καὶ
1281 2166 1344 2224 τὸ,
1379 2163 1518 2228 εἶδος
1554 2166 1711 2234 μόνον

159 2252 562 2318 παραπλησίους
608 2253 900 2324 ἐγερθῆναι
956 2258 1157 2327 πρώτῳ
1214 2256 1403 2327 Ἀδὰμ,
1446 2257 1579 2310 ἀλλὰ
1620 2260 1715 2312 καὶ

159 2341 268 2394 κατ’
301 2344 469 2415 αὐτὴν
495 2346 593 2415 τὴν
623 2347 1006 2418 λαμπρότητα.

222 2618 335 2672 Ὅτι
359 2618 414 2671 δὲ
441 2618 616 2672 ταῦτα
643 2618 813 2684 οὕτως
846 2619 981 2690 ἔχει,
1029 2623 1124 2676 καὶ
1158 2624 1240 2677 ὅτι
1265 2625 1534 2695 τοσαύτην
1573 2625 1717 2696 λαμο

158 2711 389 2781 πρὸτητα
414 2713 474 2763 τὸ
509 2712 605 2764 τοῦ
651 2712 822 2782 Ἀδὰμ
856 2713 952 2766 ἀπ’
982 2714 1154 2784 ἀρχῆς
1200 2717 1554 2787 ἐφαιδρύνετο
1580 2719 1717 2788 πρό-

158 2819 345 2868 σωπον,
399 2807 425 2856 6
470 2804 730 2870 Σι.ναῖτης
782 2804 923 2868 θεῖος
969 2808 1325 2872 ’Λναστὰσιος
1373 2813 1430 2862 ἐν
1467 2813 1532 2878 τῇ
1587 2813 1717 2882 παρ’

157 2893 308 2946 αὐτοῦ
361 2897 744 2965 συγγραφεῐσῃ
799 2892 1069 2970 βίὸ).ῳ,ᾖ
1126 2901 1184 2950 τὸ
1235 2899 1404 2968 ὄνομα
1446 2901 1715 2970 Ὀδηγὸς,

160 2985 529 3054 ἀριδηλότερον
574 2985 741 3052 ἔδειξε
786 2987 999 3051 διεξιὼν
1033 2991 1213 3041 ἐκεῖσε
1257 2992 1397 3042 κατὰ
1442 2993 1593 3060 ῥῆμα
1625 2996 1719 3049 καὶ

160 3077 309 3129 τάδε·
363 3094 381 3127 ι
413 3078 655 3146 Ποιήσας
708 3080 765 3130 ἐν
815 3081 958 3150 ἀρχῇ
1006 3081 1097 3133 τὸν
1139 3081 1308 3152 Ἀδὰμ
1355 3085 1383 3134 6
1433 3084 1565 3148 Θεὸς
1595 3085 1718 3137 κατ’

1815 1987 1858 2040 si
1895 1994 2153 2054 tanquam
2205 1985 2285 2041 sol
2336 1995 2464 2040 tunc
2492 1987 2620 2054 justi
2661 1987 2965 2056 fulgebunt.
3008 1986 3217 2042 Etenim
3267 2004 3389 2041 cum

1815 2077 2009 2147 gratia,
2045 2091 2164 2145 quas
2207 2087 2481 2146 speratur,
2525 2091 2810 2147 regressus
2856 2078 2951 2142 sit,
2984 2087 3045 2134 ut
3091 2080 3200 2148 jam
3255 2079 3396 2132 dixi-

1815 2183 1956 2232 mus,
1990 2169 2055 2223 ad
2085 2170 2318 2238 primam
2351 2169 2496 2223 illam
2530 2169 2718 2231 vitam,
2747 2171 3148 2225 consectarium
3179 2185 3394 2238 quoque

1805 2255 1898 2314 'est
1927 2269 1981 2313 et
2003 2269 2407 2314 resurrecturos
2457 2268 2588 2314 tunc
2633 2260 2830 2330 justos,
2863 2274 2974 2315 non
3006 2261 3302 2316 secundum
3335 2262 3396 2314 ll-

1816 2365 2005 2419 gnram
2047 2357 2102 2402 ct
2156 2351 2392 2420 speciem
2443 2359 2678 2413 tantum,
2721 2338 3074 2406 surrecturus
3124 2367 3246 2406 esse
3279 2353 3396 2421 pri-

1819 2455 1908 2494 mo
1949 2441 2158 2495 Adauto
2220 2441 2556 2508 persimilcs,
2616 2440 2710 2495 sed
2760 2450 2816 2495 et
2872 2440 3174 2496 secundum
3222 2442 3396 2511 ipsum

1818 2533 2128 2587 claritatem
2159 2532 2256 2602 (4).

1888 2625 2014 2680 llznc
2051 2634 2232 2680 autem
2269 2625 2341 2680 ita
2383 2640 2442 2679 se
2484 2625 2712 2694 habere,
2767 2635 2820 2681 et
2879 2633 3034 2682 tanto
3084 2625 3274 2680 Adami
3319 2625 3400 2679 fa-

1818 2717 1958 2773 ciem
2009 2716 2076 2776 ab
2129 2715 2288 2769 initio
2329 2716 2598 2771 enituisse
2648 2717 2894 2787 fulgore,
2956 2717 3176 2772 divinus
3233 2717 3400 2769 etiam

1819 2808 2140 2861 Anastasius
2177 2807 2386 2861 Sinaita
2418 2806 2560 2860 libro
2605 2822 2632 2860 a
2672 2822 2730 2861 se
2773 2809 2996 2877 scripto,
3031 2807 3120 2861 cui
3160 2807 3276 2860 Dux
3302 2808 3401 2860 vice

1821 2884 2024 2952 titulus
2049 2909 2152 2962 est,
2199 2898 2488 2967 perspicue
2532 2913 2596 2952 ac
2643 2898 2880 2953 dilucide
2934 2881 3194 2963 ostendit,
3218 2900 3397 2953 disse-

1821 3005 1951 3044 rcns
2002 2991 2075 3045 ibi
2121 2991 2272 3045 hisce
2308 2991 2500 3044 iisdem
2550 2991 2733 3044 verbis
2777 3007 2840 3046 ca
2888 3007 3006 3060 qum
3051 3003 3398 3060 sequuntur:

1828 3101 1846 3134 ι
1883 3082 2019 3138 Cum
2055 3083 2320 3136 Adamum
2355 3083 2498 3136 Deus
2536 3083 2590 3136 in
2625 3083 2894 3152 principio
2929 3084 2994 3136 ad
3024 3083 3308 3151 imaginem
3347 3092 3401 3138 et

160 3167 329 3218 eix6va
360 3167 452 3218 καὶ
488 3167 748 3234 ὁμοίωσιν
785 3167 973 3229 αὐτοῦ,
1010 3168 1262 3232 ἐνέθηκεν
1299 3171 1377 3232 εἰς
1409 3171 1470 3223 τὸ
1502 3172 1715 3242 προσω-

1826 3175 2240 3230 similitudinem
2283 3190 2436 3228 suam
2475 3176 2716 3237 fecisset,
2749 3177 2868 3246 ejus
2903 3175 3057 3257 vultu
3086 3190 3184 3229 sua
3226 3175 3397 3243 inspi-

159 3273 250 3309 πον
273 3258 455 3321 αὑτοῦ,
488 3257 575 3310 διὰ
631 3257 719 3309 τοῦ
752 3260 1170 3330 ὲμφυσήματος,
1201 3263 1392 3314 ἀκτῖνα
1423 3262 1517 3316 τοῦ
1548 3281 1720 3318 πανα-

157 3352 263 3414 γίου
283 3351 417 3402 meo
429 3367 621 3420 ματος,
647 3352 736 3403 καὶ
753 3351 936 3420 χάριν,
965 3353 1059 3404 καὶ
1095 3353 1387 3423 ἔλλαμψιψ
1414 3357 1713 3425 ἠμαύρωσε

156 3442 206 3495 δὲ
251 3443 427 3496 τέλεον
469 3443 634 3496 αὐτὴν
686 3445 717 3512 ἠ
767 3444 1079 3514 παράϐασις
1128 3446 1228 3514 τῆς
1285 3446 1534 3517 δοθείσης
1576 3447 1724 3518 αὐτῷ

157 3530 294 3592 θείας
326 3532 572 3600 ἐντολῆς,
617 3533 696 3600 ἐφ’
731 3525 774 3600 ᾧ
810 3535 907 3585 καὶ
937 3534 1016 3604 τῷ
1068 3535 1348 3606 προσώπῳ
1404 3535 1570 3588 αὑτοῦ
1614 3536 1723 3604 Σὴθ

157 3623 371 3691 ἐνέθηκε
407 3625 618 3694 ταύτην
649 3624 880 3694 ὕστερον
903 3628 929 3678 6
967 3626 1098 3690 Θεός
1123 3642 1138 3658 ⁶
1172 3628 1436 3694 γνωρίσαι
1464 3628 1630 3682 θέλων
1663 3631 1726 3682 ἐκ

155 3715 334 3767 τούτου
359 3716 586 3778 καὶτοῖς
619 3718 757 3785 μετὰ
786 3719 982 3782 ταῦτα,
1010 3721 1106 3790 τὴν
1144 3719 1392 3772 δοθεῖσαν
1421 3721 1496 3791 τῷ
1524 3722 1726 3792 πρώτῳ

159 3807 422 3878 ἀνθρώπῳ
480 3806 548 3859 δι’
599 3808 765 3862 αὐτοῦ
827 3812 1224 3882 ὲμφυσήματος
1283 3811 1568 3883 tuanec».
1618 3815 1727 3868 Καὶ

228 3965 392 4040 (δμιι
421 3974 572 4020 rcrtc
609 3967 836 4040 affirmat
864 3967 1078 4038 Glycas,
1108 3984 1211 4024 nec
1247 3969 1299 4024 in
1361 3969 1720 4040 llcsychasta-

159 4052 270 4108 runt
299 4038 494 4105 degtna
528 4038 862 4102 prolabitur;
904 4041 975 4091 illi
1000 4041 1143 4093 enim
1176 4038 1720 4108 perperalnarbitra-

160 4106 368 4167 bantur,
426 4108 709 4162 cash-stem
744 4109 891 4162 illum
951 4109 1232 4177 fulgorem.
1276 4106 1418 4178 _qno
1471 4109 1722 4165 Christus

159 4178 570 4244 transfiguratus
597 4193 882 4230 CUl‘tlSCal'c
915 4178 1064 4232 visus
1089 4188 1191 4238 cst.
1226 4181 1528 4232 increatum
1553 4180 1722 4233 fuisse

155 4245 353 4311 aliquid
381 4260 446 4297 ex
490 4245 670 4315 divina
702 4257 891 4299 natura
924 4248 1215 4314 profluens.
1269 4250 1472 4302 llorutn
1540 4257 1722 4315 partes

141 4313 654 4387 .propngnarunr‘l’n
675 4317 867 4384 primis
897 4313 1192 4387 Gregorius
1255 4319 1522 4378 Palamas,
1542 4313 1729 4371 ilsido-

156 4386 595 4451 l'llslmll‘ial‘t'ila.
631 4385 950 4439 Philotimus
993 4385 1334 4454 inetropolita
1399 4388 1725 4441 lleracleeno

155 4455 247 4524 sis,
275 4465 329 4506 et
367 4464 555 4524 postea
609 4457 913 4522 patriarcha
973 4455 1638 4524 Constantinopolitanus,
1672 4465 1726 4509 et

154 4521 421 4590 Jnsephus
448 4521 773 4591 llryennius.
805 4524 1072 4578 Cmternm
1108 4527 1252 4581 hunc
1275 4521 1520 4579 errorem
1550 4527 1724 4579 doctis

1829 3268 2042 3320 ratione
2071 3266 2283 3320 radium
2320 3267 2396 3334 (5)
2430 3268 2606 3323 sancti
2661 3268 2916 3338 Spiritus,
2963 3251 3025 3323 et.
3048 3268 3297 3338 gratiam,
3345 3277 3400 3320 ct

1829 3357 2174 3426 Splendorcm
2207 3359 2408 3413 alllavit
2434 3377 2447 3411 :
2483 3359 2791 3416 obfuscavit
2821 3374 2950 3415 vero
2971 3360 3122 3413 illum
3153 3358 3394 3421 omnino,

1820 3449 1931 3503 dati
1981 3448 2156 3503 cidem
2193 3449 2361 3505 divini
2402 3453 2659 3520 praecepti
2694 3454 3098 3521 transgressio;
3133 3467 3300 3522 quare
3345 3461 3398 3505 ιιι

1823 3539 1994 3609 ipsius
2037 3540 2187 3594 Sethi
2222 3542 2394 3596 vultui
2429 3543 2680 3597 eumdem
2723 3545 2986 3615 fulgorem
3035 3545 3178 3598 Deus
3217 3551 3397 3610 peste-

1826 3631 1941 3685 rius
1969 3631 2184 3696 indidit,
2219 3633 2570 3689 manifestare
2605 3635 2794 3690 volens
2821 3650 2885 3690 ex
2919 3637 3019 3689 hoc
3056 3635 3176 3704 ipso
3204 3634 3400 3686 lttluris

1829 3724 2176 3788 mortalibus,
2222 3725 2404 3779 datam
2438 3741 2467 3779 a
2507 3741 2564 3781 se
2609 3727 2786 3796 primo
2827 3727 3036 3781 homini
3085 3743 3180 3780 sua
3228 3725 3402 3793 inspi-

1831 3815 2043 3870 ratione
2075 3815 2400 3875 claritatem.
2431 3816 2496 3872 Et
2522 3819 2649 3873 audi
2689 3819 2821 3887 quid
2859 3819 2926 3874 de
2959 3819 3061 3873 hoc
3098 3818 3246 3874 dicat
3274 3832 3397 3871 san-

1835 3986 1944 4025 non
1979 3971 2084 4027 nisi
2118 3972 2290 4028 sancti
2336 3969 2924 4042 Spiritusinfusionem
2975 3974 3164 4035 fuisse,
3190 3988 3293 4025 nrc
3335 3973 3400 4024 il-

1827 4041 1932 4094 lam
1967 4044 2078 4097 vnlt
2115 4043 2320 4097 homini
2346 4041 2399 4095 in
2428 4044 2660 4096 animam
2705 4045 2973 4098 cessisse:
3004 4045 3124 4096 Ὀτι
3153 4045 3281 4108 γὰρ,
3314 4043 3398 4094 in-

1827 4112 1967 4183 quit,
2005 4113 2127 4165 οὒτε
2159 4115 2239 4175 εἰς
2261 4112 2438 4183 ψυχὴν
2475 4114 2748 4183 ἀνθρώπῳ
2779 4115 2840 4183 τὸ
2890 4112 3206 4182 ἐμφυσηθὲν
3243 4113 3392 4180 αὑτῷ

1802 4181 2019 4252 ’γέγονε
2049 4182 2290 4250 πνεῦμα,
2325 4181 2447 4235 οὔτε
2482 4181 2589 4252 μὴν
2623 4181 2869 4245 εὶςῖνοῦν,
2903 4181 3200 4245 ὼςίοῐονταί
3226 4200 3395 4243 τινες,

1829 4249 2265 4321 ἐστινίὲντεῦθεν
2302 4253 2448 4316 ἰδεῖν,
2478 4249 2596 4307 κτλ.
2635 4271 2653 4304 ι
2694 4253 2959 4321 Spiritqu
2986 4253 3129 4306 enim
3185 4253 3393 4306 lintnini

1833 4319 2186 4380 insulilatum,
2215 4322 2451 4390 nonipsi
2500 4321 2555 4374 in
2613 4319 2848 4384 animam
2895 4338 3074 4391 neque
3120 4323 3282 4375 etiam
3342 4323 3394 4374 in

1831 4400 2067 4442 mentem
2099 4391 2347 4452 cessisse,
2376 4402 2433 4443 ut
2474 4391 2692 4458 quidam
2743 4392 3081 4454 existimant,
3138 4392 3266 4443 hinc
3315 4395 3394 4441 vi-

1788 4485 1800 4497 -
1829 4459 1955 4511 dere
1987 4460 2163 4522 licet,»
2203 4470 2309 4513 etc.
2345 4459 2446 4512 Alii
2481 4475 2659 4513 tamen
2691 4461 2850 4514 aliter
2878 4470 3127 4520 censent,
3190 4470 3246 4510 et
3269 4511 3272 4513 ,
3295 4459 3396 4510 Mi-

1829 4527 1982 4581 chael
2014 4540 2198 4583 noster
2223 4530 2544 4596 praesertim.
2569 4545 2691 4581 cum
2725 4532 2775 4583 in
2806 4530 2952 4582 hisce
2986 4529 3249 4595 epistolis,
3281 4537 3396 4580 tum

156 4585 535 4666 uoluminibus
561 4595 897 4666 elucubratis
941 4595 1333 4666 impugnarunt
1388 4595 1724 4666 Niccpliorus
1749 4585 1802 4644 ι)
1833 4607 2020 4664 partet
2060 4585 2352 4651 Annalium
2385 4598 2452 4652 de
2479 4585 2716 4651 hominis
2761 4585 3034 4651 creatione
3073 4585 3270 4666 agens,
3304 4597 3395 4649 ubi

158 4661 440 4733 (ἔνθεοι-οε,
479 4652 718 4733 Ioannes
746 4652 1168 4732 Cyparissi'oté's,
1219 4652 1721 4733 Demetriuscydo-

158 4732 295 4795 nius,
321 4733 533 4787 llianncl
565 4732 807 4797 Calceus,
839 4743 893 4786 et
923 4733 1041 4802 ipse
1084 4733 1319 4788 Joannes
1379 4732 1719 4788 Cantachze-

159 4816 276 4871 nus.
321 4804 483 4869 cujus
541 4803 803 4858 adversus
843 4803 1113 4856 Palamam
1169 4805 1246 4871 (a)
1291 4819 1428 4871 opus
1499 4819 1602 4856 ms.
1667 4805 1720 4856 in

153 4870 484 4926 bibliotheca
569 4871 935 4925 Laurentiana
1012 4870 1342 4926 Florentia),
1385 4883 1718 4933 asscrvatur.

153 4942 290 5008 quod
323 4943 454 4994 olim
484 4943 682 5010 publici
730 4943 867 5008 juris
892 4943 1089 5006 facere,
1133 4943 1179 4995 si
1215 4943 1354 4996 Deus
1407 4944 1623 5004 annuit,
1667 4942 1718 4994 in

156 5012 335 5064 animo
370 5014 654 5066 habemus.
689 5011 881 5081 Glycas
904 5028 1036 5066 vero
1059 5012 1240 5066 radios
1273 5012 1367 5080 qui
1413 5028 1474 5064 ex
1519 5013 1720 5066 Chris‘ti

157 5094 386 5148 corpore
413 5083 738 5146 emicabant,
765 5082 981 5136 divinos
1014 5082 1286 5149 appellare
1318 5082 1554 5142 videtur,
1576 5081 1720 5148 quod

159 5151 482 5204 mirabiliter
513 5152 802 5220 fulget-ent,
829 5164 885 5206 et
921 5167 987 5206 ex
1020 5153 1206 5205 divino
1229 5151 1432 5204 Christi
1492 5166 1721 5219 corpore

158 5223 535 5285 proci-durent.
575 5224 823 5276 Divinum
854 5232 938 5276 est
967 5222 1231 5288 quidquid
1265 5221 1502 5284 excellit,
1539 5229 1620 5274 vel
1653 5221 1720 5274 ad

159 5289 323 5342 Deum
349 5295 842 5360 quomodocunque
857 5294 1116 5360 pertinet.
1164 5289 1396 5344 [heresis
1429 5289 1718 5345 Palatnita-

154 5373 270 5479 Luna
305 5376 394 5413 xiv
431 5363 627 5415 saeculo
684 5361 925 5416 Graecam
965 5361 1268 5416 Ecdesiam
1318 5361 1570 5416 infestam
1625 5361 1720 5414 ha-

194 5439 287 5479 un.

194 5439 287 5481 Ull-

227 5502 302 5573 (4)
335 5500 570 5573 Qonsule
608 5501 861 5573 superius
897 5513 1008 5555 not.
1037 5501 1124 5557 48.

228 5570 304 5637 t5)
337 5571 576 5640 Cyrillns
615 5570 833 5640 quoque
873 5572 1272 5625 Alexandrinus
1324 5571 1419 5625 lib.
1463 5571 1720 5625 Adversus

159 5637 704 5710 Αηιιινορυηιυιομὴὶὶη
723 5637 978 5710 opinatur
1008 5641 1152 5694 illam
1186 5643 1274 5694 Dei
1303 5643 1721 5711 aspirationem,

1833 4678 2010 4720 tamen
2049 4669 2245 4737 Cyrillo
2292 4683 2358 4722 ex
2416 4677 2568 4735 parte
2615 4669 2806 4722 saltem
2860 4667 3114 4737 assentiri
3145 4666 3396 4737 ridetur.

1828 4736 2164 4805 Augustinus
2195 4738 2286 4790 lib.
2328 4752 2447 4797 λιιι,
2482 4752 2601 4805 cap.
2630 4738 2700 4791 24
2739 4754 2752 4790 :
2791 4755 2808 4786 ι
2846 4736 3004 4791 Unde
3047 4748 3102 4790 ct
3141 4736 3270 4788 illud
3308 4755 3399 4802 pa-

1830 4822 1949 4858 rum
1984 4806 2326 4860 considerate
2359 4808 2679 4874 quibusdam
2708 4808 2878 4860 visum
2912 4816 3016 4869 est,
3059 4806 3112 4858 in
3148 4821 3214 4859 eo
3249 4808 3390 4873 ιμιιηΙ

1829 4875 2047 4944 legitur,
2079 4893 2098 4926 ι
2134 4876 2423 4945 lnspiravit
2456 4877 2598 4930 Deus
2656 4877 2708 4930 in
2731 4875 2923 4929 faciem
2964 4878 3084 4945 ejus
3145 4875 3394 4944 spiritum

1827 4947 1970 5008 vitm,
1998 4956 2051 5000 et
2073 4946 2246 4998 factus
2276 4956 2359 4998 est
2407 4948 2571 4998 homo
2624 4946 2676 4998 in
2732 4949 2969 4999 animum
3030 4946 3322 5000 viventmu.
3363 4965 3382 4994 ι

1825 5031 1934 5068 non
1965 5027 2092 5069 tunc
2126 5015 2362 5068 animam
2389 5017 2566 5081 primo
2621 5015 2826 5069 homini
2868 5016 3071 5078 datam,
3128 5015 3218 5068 sed
3274 5032 3392 5067 cum

1823 5101 1944 5153 qua:
1973 5087 2082 5154 jam
2121 5086 2313 5146 inerat,
2350 5085 2550 5152 Spiritu
2589 5098 2781 5138 sancto
2813 5085 3160 5139 viviticatam.
3214 5084 3392 5136 Movet

1824 5156 1973 5208 enim
1996 5172 2091 5208 eos
2135 5156 2280 5222 quod
2313 5155 2574 5224 Dominus
2595 5155 2754 5209 Jcsus
2798 5165 3152 5224 posteaquam
3210 5171 3392 5206 rcsur-

1827 5226 1968 5278 rexit
1999 5240 2028 5277 a
2062 5226 2311 5284 mortuis,
2359 5223 2650 5277 insulllavit
2676 5223 2859 5278 dicens
2885 5224 3167 5292 discipulis
3228 5239 3340 5274 suus
3371 5237 3386 5273 :

1832 5313 1851 5346 ι
1890 5296 2130 5361 Accipite
2161 5293 2422 5362 Spiritum
2469 5306 2740 5348 sanctum.
2784 5313 2802 5345 ι
2842 5293 2995 5348 Unde
3045 5295 3148 5346 tale
3185 5293 3391 5359 aliquid

1827 5364 2143 5417 existimant
2165 5364 2365 5415 factum
2390 5364 2548 5430 quulc
2596 5373 2707 5417 tum
2745 5365 2945 5417 factum
2974 5373 3076 5426 est,
3123 5367 3276 5427 quasi
3340 5369 3395 5411 t-t

1828 5434 1915 5488 hic
1947 5443 2167 5486 secutus
2187 5433 2520 5504 evangelista
2553 5434 2769 5499 dixerit,
2802 5433 2863 5485 Et
2882 5434 3009 5504 facti
3046 5440 3165 5504 sunt
3194 5433 3245 5482 in
3277 5447 3398 5482 alr.-

1827 5520 1965 5556 mam
1992 5506 2266 5556 viventem.
2307 5521 2326 5554 ι
2397 5503 2466 5556 Et
2492 5503 2691 5559 deinde
2734 5503 2889 5558 hanc,
2924 5503 3234 5572 opinionem
3286 5505 3396 5555 late

1829 5573 2094 5628 confutat.

225 5788 295 5850 (al
327 5787 461 5850 imo,
479 5802 567 5850 pro
627 5787 817 5836 Palama
854 5787 1108 5850 adversus
1155 5783 1468 5850 Barl_aa_n_tum_
1515 5781 1940 5850 et__Acin_dynum.
1984 5782 2059 5850 in
2091 5783 2236 5850 hujus
2302 5781 2529 5850 opusculi
2573 5781 2758 5842 analysi
2812 5778 2957 5828 falsus
3001 5786 3078 5830 est
3119 5781 3397 5842 BamJintus,

169 5849 295 5904 quod
325 5844 491 5899 Laxuto
514 5858 671 5901 lucum
695 5853 827 5898 fecit.
854 5847 974 5896 Vt-le
1009 5856 1193 5894 tomum
1217 5844 1373 5903 ων,
1397 5846 1491 5891 col.
1515 5848 1624 5904 ωδ,
1659 5846 1740 5893 ubi
1771 5850 1831 5894 de
1859 5847 1949 5895 hoc
1973 5847 2125 5896 fusius
2150 5847 2356 5906 egimus.
2385 5845 2518 5894 Eutr.
