3798 6230
341 364 448 428 733

1620 371 1861 434 MICUA
1877 374 2043 433 ELlS
2084 373 2343 435 GLYCtE
3476 383 3558 444 ’21

336 485 642 530 sostomum
694 476 828 546 (12),
868 485 922 532 et
954 476 1349 535 Dau'asceuuui
1401 479 1693 544 Joannem,
1744 492 1861 536 erat

2032 502 2193 538 τατον
2242 486 2630 556 Χρυσόστομον
2675 488 2770 540 καὶ
2808 487 2899 541 τὸν
2953 490 3309 561 Δαμασκηνὸν
3343 491 3558 561 Ἰωάννην

335 570 608 639 principio
640 584 868 639 serpens
896 570 1085 625 Adami
1116 572 1396 627 familiaris
1422 574 1555 644 (l3),
1584 582 1636 627 et
1660 576 1917 628 omnibus

334 666 385 720 ei
438 664 923 721 adblandieutibus
978 667 1304 736 proxiutior,
1351 668 1612 738 jucundis
1672 669 1919 723 cumillo

332 757 579 814 motibus
648 760 1039 827 congrediens,
1083 773 1138 814 et
1185 776 1403 816 omnem
1442 761 1572 815 hinc
1600 761 1921 815 delectatio-

333 865 457 903 nem
490 850 826 921 cxc0gitans.
879 850 934 905 Si
962 854 1109 907 enim
1141 853 1288 906 illum
1326 869 1472 907 nunc
1497 852 1607 922 (11)
1633 854 1907 907 abomina-

333 958 477 1009 mur,
518 956 574 998 et
631 952 895 1010 quantum
948 960 1249 1014 possumus
1304 946 1568 1015 fugimus,
1596 963 1703 1000 uou
1736 958 1915 1002 tamen

332 1033 650 1102 hujustnodi
688 1046 807 1088 erat
842 1049 1074 1105 serpens
1095 1052 1125 1090 a
1152 1036 1443 1106 principio,
1475 1051 1577 1090 nec
1617 1038 1736 1106 ejus
1765 1049 1913 1102 tunc,

330 1125 790 1193 quemadmodum
815 1126 871 1179 in
897 1128 1183 1194 praesentia
1208 1126 1343 1196 (15),
1389 1126 1700 1181 cvitabatur
1725 1144 1917 1194 asper-

331 1227 439 1272 tus.
484 1218 537 1271 Si
580 1219 727 1272 enim
760 1218 943 1272 isthuc
979 1220 1155 1288 ipsum
1181 1218 1323 1274 forte
1358 1218 1576 1282 fuisset,
1600 1220 1717 1290 ipsa
1748 1221 1913 1275 etiam

334 1310 438 1362 Eva
463 1319 591 1365 tunc
615 1310 1242 1381 temporis,colloquium
1267 1311 1690 1379 exhorrescens,
1711 1329 1828 1368 sese
1850 1314 1915 1369 ab

329 1417 394 1455 eo
425 1404 640 1473 penitus
664 1405 1066 1469 abscondisset,
1112 1411 1168 1456 et
1191 1418 1300 1456 nou
1323 1404 1741 1475 italeuitercjus
1780 1421 1912 1460 con-

328 1496 716 1550 fabulatiouern
745 1497 1058 1550 admisisset
1092 1494 1206 1565 (16)
1266 1494 1558 1566 Reliquum
1622 1497 1792 1566 igitur
1830 1508 1914 1553 est

329 1595 388 1639 ut
416 1588 625 1638 Adamn
672 1600 901 1655 serpens
944 1585 1106 1642 fuerit
1139 1587 1207 1642 ab
1249 1587 1407 1642 initio
1445 1587 1732 1643 familiaris
1773 1588 1909 1659 (17),

326 1685 381 1729 et
416 1676 672 1729 omnibus
694 1676 786 1747 qui
815 1677 862 1730 ei
898 1678 1260 1733 adularentur
1283 1680 1601 1749 proximior.
1625 1679 1912 1738 lnitnicum

323 1766 472 1820 cuitu
517 1768 693 1834 illum,
728 1782 831 1823 nec
868 1769 1015 1823 aliud
1051 1771 1375 1841 quidquam,
1410 1769 1538 1825 fecit
1568 1786 1670 1826 vox
1700 1771 1908 1838 divina,

322 1876 445 1913 cum
477 1860 649 1915 dixit:
687 1879 705 1912 ι
738 1836 1087 1916 Inimicitiam
1123 1836 1324 1933 ponam
1369 1864 1513 1918 inter
1542 1872 1595 1917 te
1620 1873 1674 1919 et
1718 1836 1912 1919 tnulie;
1944 1836 1986 1896 Β

322 1968 507 2007 rem.»
543 1954 813 2009 Caeterum
866 1955 983 2009 ha'c
1045 1955 1333 2009 inimicitia
1405 1959 1590 2011 omnia
1657 1958 1912 2013 amicitiae

324 2047 529 2100 hedera
549 2048 812 2102 dissolvit.
834 2047 1027 2102 Adami
1045 2057 1163 2102 erat
1188 2064 1216 2102 a
1241 2050 1512 2118 principio
1530 2065 1755 2119 serpens
1777 2050 1913 2104 ami-

322 2151 442 2200 cus,
476 2146 530 2191 et
560 2137 680 2191 ideo
704 2137 920 2191 diabolo
963 2137 1111 2192 visus
1141 2146 1227 2194 est
1274 2139 1700 2193 instrumentum
1738 2142 1911 2209 aptis-

323 2232 518 2284 simum
557 2230 692 2302 (ιδ).
746 2230 891 2285 Vidit
924 2231 1192 2286 Adamum
1223 2230 1498 2301 serpentis
1544 2230 1910 2286 familiaritate

322 2322 676 2393 gaudentem,
704 2334 759 2379 et
789 2324 942 2377 illum
996 2324 1337 2389 adulantem,
1379 2322 1659 2391 multaque
1720 2339 1911 2379 eorum

323 2433 444 2486 qua:
474 2418 540 2471 ab
574 2416 890 2471 hominibus
924 2417 1041 2470 lieri
1091 2425 1455 2479 consuerunt,
1488 2415 1820 2479 imitantem,
1855 2425 1913 2471 et

322 2520 613 2580 eapropter
668 2525 763 2579 per
823 2512 1004 2580 ipsum
1061 2509 1280 2564 locutus
1326 2518 1431 2564 est.
1464 2508 1543 2563 Ita
1587 2509 1788 2579 pariter
1817 2507 1912 2577 qui

324 2603 479 2656 dolos
535 2602 800 2657 adversus
860 2602 1097 2661 aliquem
1149 2601 1530 2665 meditantur,
1574 2599 1909 2655 domesticos

324 2696 679 2758 conveniunt.
698 2703 753 2749 et
770 2696 848 2751 sic
874 2696 1022 2749 nulla
1044 2695 1188 2749 domi
1208 2694 1534 2764 suspicionis
1550 2706 1711 2748 causa
1734 2694 1910 2749 exsis-

322 2788 739 2851 tcute,insidias
767 2785 1105 2842 obumbrant
1137 2803 1199 2843 ac
1246 2795 1454 2857 tegunt.
1491 2784 1757 2855 Loquitur
1797 2785 1907 2855 (19)

323 2880 486 2951 igitur
507 2895 602 2949 per
629 2884 827 2948 ipsum,
854 2891 914 2935 ut
945 2881 1073 2936 hinc
1103 2879 1414 2950 suspicetur
1442 2879 1707 2942 Adamus,
1784 2893 1909 2933 cum

324 2973 568 3041 prudens
616 2983 762 3027 esset
796 2987 1047 3045 serpens,
1083 2973 1232 3044 quod
1260 2982 1317 3027 et
1363 2971 1649 3042 Scriptura
1684 2971 1801 3041 ipsa
1841 2969 1910 3026 de

322 3064 413 3119 ilio
448 3065 785 3130 testificatur,
825 3075 881 3120 et
916 3065 1088 3136 ipsam
1124 3064 1363 3120 hominis
1391 3079 1580 3120 vocem
1613 3061 1818 3119 imitari
1848 3076 1909 3118 se

2027 576 2264 646 συνήθης
2293 573 2358 647 ἧν
2388 579 2481 631 ἀπ’
2524 579 2699 650 ἀρχῆς
2729 583 2757 634 6
2806 583 2929 651 ιφις
2978 585 3057 652 τῷ
3104 585 3293 655 Ἀδὰμ,
3346 587 3430 638 καὶ
3474 587 3558 638 τῶν

2024 671 2426 725 ὑποσαινὸντων
2485 674 2652 729 αὐτὸν
2709 666 3122 746 πλησιέστερος,
3152 680 3397 748 τερπνοῖς
3437 681 3558 749 αὑτῷ

2023 763 2371 831 προσομιλῶν
2412 766 2524 828 τοῖς
2556 768 2846 836 κινήμασι,
2878 768 2975 821 καὶ
3022 770 3377 841 ψυχαγωγίαν
3407 773 3558 825 πᾶσαν

2021 853 2273 907 ἐντεῦθεν
2307 856 2726 925 ὐπονοούμενος.
2758 860 2820 914 Εἰ
2853 861 2960 931 γὰρ
3003 862 3099 914 καὶ
3145 861 3243 916 νῦν
3286 863 3436 915 αὑτὸν
3466 862 3559 931 βδε-

2021 946 2329 1016 λυττόμεθα
2369 950 2466 1002 καὶ
2505 949 2581 1010 ὡς
2611 950 2846 1020 δύναμις
2892 952 3195 1022 φεύγομιν,
3225 953 3341 1007 ἀλλ’
3376 956 3465 1007 οὐκ
3503 950 3559 1024 ἦν

2019 1039 2114 1093 ἀπ’
2149 1040 2324 1109 ἀρχῆς
2348 1041 2590 1105 τοιοῦτος
2621 1045 2648 1096 ὁ
2684 1043 2834 1123 δςοιςι
2860 1045 2983 1098 οὐδὲ
3010 1046 3252 1112 φευκτέα
3277 1047 3392 1100 τότε
3419 1047 3582 1121 καοάο.

2020 1147 2127 1201 περ
2156 1131 2255 1184 καὶ
2286 1131 2380 1184 νῦν
2413 1134 2444 1201 ή
2479 1132 2604 1200 ὄψις
2636 1134 2824 1189 αὐτοῦ.
2880 1135 2940 1186 Ei
2989 1135 3100 1204 γὰρ
3126 1136 3287 1190 τοῦτο
3327 1133 3410 1206 ἦν,
3444 1138 3558 1206 τάχα

2022 1224 2089 1276 ἂν
2122 1225 2216 1275 καὶ
2250 1223 2391 1294 αὑτὴ
2440 1226 2475 1294 ἡ
2527 1224 2640 1277 Εὕα.
2681 1227 2990 1294 τηνικαῦτα
3034 1229 3134 1297 τὴν
3177 1227 3386 1282 ἐκείνου
3416 1247 3560 1282 κειτα-

2017 1314 2286 1382 πλαγεῖσα
2311 1316 2530 1385 ὁμιλίαν
2558 1318 2767 1387 ἐκρύϐη
2806 1319 2990 1374 τέλεον
3020 1322 3118 1374 ἀπ’
3150 1320 3345 1384 αὑτοῦ,
3376 1322 3456 1374 καὶ
3477 1323 3558 1375 οὐκ

2018 1404 2085 1457 ἂν
2119 1405 2348 1474 ἡμέρως
2389 1404 2534 1458 οὕτω
2566 1407 2668 1475 τὴν
2714 1406 2880 1461 αὐτοῦ
2931 1407 3172 1475 διάλεξιν
3210 1408 3557 1480 προσεδέξατο.

2016 1495 2268 1566 amen;
2306 1492 2371 1567 ἦν
2396 1495 2583 1550 λοιπὸν
2605 1500 2632 1550 6
2665 1498 2791 1565 ὄφις
2834 1498 2930 1554 ἀπ’
2961 1501 3137 1571 ἀρχῆς
3161 1500 3241 1571 τῷ
3278 1501 3457 1570 Ἀδὰμ,
3484 1503 3559 1554 καὶ

2015 1589 2127 1642 τῶν
2175 1589 2581 1642 ὑποσαινόντων
2632 1590 2799 1644 αὐτὸν
2839 1591 3162 1664 ἑγγύτερος.
3215 1592 3432 1663 Ἐχθρδν
3470 1594 3558 1662 γὰρ

2015 1680 2200 1746 αὐτὸν,
2232 1681 2389 1734 οὐδὲν
2442 1681 2573 1735 ἄλλο
2634 1684 2958 1754 πεποίηκεν,
2999 1688 3032 1756 ἠ
3081 1686 3139 1740 δὲ
3197 1688 3422 1741 εἰποῦσα
3463 1688 3561 1742 θεία

2014 1774 2191 1842 φωνὴ,
2231 1790 2250 1823 ι
2281 1773 2529 1844 Ἐχθραν
2583 1775 2736 1848 θήσω
2784 1778 3056 1847 ἁναμέσον
3092 1795 3189 1832 σου
3231 1783 3328 1834 καὶ
3362 1783 3454 1850 τῆς
3481 1796 3562 1849 γν-

2016 1864 2237 1927 ναικός’
2265 1883 2283 1917 ι
2339 1867 2373 1936 ἡ
2434 1868 2660 1938 τοιαύτη
2718 1869 2908 1923 λοιπὸν
2941 1871 3112 1940 ἔχθρα.
3145 1870 3218 1925 τὰ
3261 1872 3361 1941 τῆς
3406 1871 3562 1940 φιλίας

2015 1958 2373 2013 παντάπασιν
2398 1958 2580 2014 ἔλυσε.
2621 1960 2780 2025 Φίλος
2822 1957 2891 2031 ἦν
2924 1963 2952 2014 6
2999 1962 3125 2031 ὖφις
3168 1961 3266 2017 ἀπ’
3297 1963 3463 2034 ἀρχῆς
3500 1963 3560 2034 τῷ

2026 2049 2220 2119 Ἀδὰμ,
2254 2051 2553 2106 κάντεῦθεν
2583 2051 2741 2123 ὤφθη
2785 2054 2865 2122 τῷ
2890 2055 3125 2126 διαϐόλῳ
3155 2056 3563 2123 ἐπιτηδειότατον

2011 2148 2265 2218 ὄργανον.
2298 2146 2422 2201 Εἶδε
2448 2148 2541 2202 τὸν
2583 2149 2756 2218 Ἀδὰμ
2786 2147 3048 2219 χὶιίροντα
3076 2151 3169 2203 ἐπὶ
3206 2150 3285 2221 τῷ
3315 2150 3451 2218 ὄφει,
3482 2152 3562 2204 κά-

2011 2242 2196 2292 κεῖνον
2223 2239 2591 2293 ὐποσαίνοντα
2617 2241 2713 2293 καὶ
2744 2242 2916 2295 πολλά
2957 2243 3067 2295 τῶν
3102 2243 3457 2313 ἀνθρωπίνων
3487 2260 3562 2311 μι-

2015 2329 2313 2399 μούμενον,
2355 2331 2650 2386 κάντεῦθεν
2679 2331 2836 2386 λαλεί
2877 2334 2947 2387 δι’
2975 2334 3165 2389 αὐτοῦ.
3209 2335 3369 2389 οὕτω
3412 2336 3495 2389 καὶ
3521 2336 3561 2388 oi

2011 2423 2197 2485 δόλους
2232 2424 2376 2477 κατά
2414 2441 2580 2478 τινων
2606 2425 2900 2490 πλέκοντες
2944 2427 3073 2486 τοὺς
3116 2428 3353 2491 οἰκείους
3392 2429 3560 2499 μετέρο

2011 2528 2224 2582 χονται,
2257 2515 2355 2565 καὶ
2393 2513 2539 2567 οὕτω
2567 2510 2667 2587 τὴν
2702 2515 2911 2568 οἰκείαν
2934 2516 3265 2577 ἀνυπόπτως
3297 2517 3561 2587 ἑπιὸουλὴν

2012 2601 2398 2663 συσκιάζουσι.
2447 2602 2619 2658 Aule!
2645 2605 2939 2674 τοιγαροῦν
2971 2604 3041 2657 δι’
3084 2605 3274 2668 αὑτοῦ,
3313 2607 3378 2660 ἶν’
3404 2606 3561 2659 ἐντεῦ-

2013 2691 2106 2746 θεν
2134 2694 2410 2765 ὑπονοήσῃ
2438 2696 2465 2748 6
2500 2693 2672 2765 Ἀδὰμ
2696 2697 2777 2749 ὅτι
2802 2696 3068 2767 φρόνιμος
3091 2698 3120 2750 6
3147 2697 3269 2767 ὄφις
3300 2698 3396 2761 ὢν,
3426 2699 3561 2751 τοῦτο

2011 2787 2105 2838 καὶ
2137 2786 2169 2856 ἠ
2208 2786 2400 2856 Γραφὴ
2433 2789 2854 2859 προτμιιρτυρεϊ
2899 2787 3073 2853 αὐτῷ,
3114 2790 3442 2862 κατώρθωσε
3483 2794 3561 2844 καὶ

2010 2878 2072 2930 τὸ
2105 2878 2455 2949 μιμήσασθαι
2504 2878 2602 2948 τὴν
2647 2880 2741 2933 τοῦ
2777 2880 3073 2950 ἀνθρώπου
3120 2883 3329 2954 φωνὴν,
3372 2884 3461 2936 καὶ
3492 2884 3559 2936 ὅτι

2007 2973 2121 3033 τοῖς
2151 2970 2441 3034 δεσπόταις
2469 2971 2545 3033 ὡς
2581 2969 2770 3034 εὔνους
2811 2973 2880 3026 τὰ
2914 2973 3104 3027 δέοντα
3136 2974 3467 3029 ὑποτίθεται.
3510 2975 3559 3027 Et

2012 3060 2088 3132 μὴ
2121 3064 2230 3132 γὰρ
2257 3060 2415 3115 τοῦτο
2448 3058 2539 3132 ἦν,
2571 3064 2670 3117 οὐκ
2719 3062 2786 3117 ἂν
2831 3066 3043 3135 προσῆν
3074 3064 3150 3127 ὡς
3183 3064 3370 3132 αὐτοῖς
3410 3065 3559 3118 διελέ-

320 3158 562 3227 potuisse
588 3157 723 3231 (το),
775 3167 833 3214 ct
885 3157 1151 3225 Dominis,
1181 3168 1241 3214 ut
1300 3156 1645 3222 benevolum,
1694 3169 1757 3210 ea
1784 3168 1887 3225 qua

2010 3168 2143 3224 γετο
2162 3169 2176 3182 '
2208 3153 2308 3207 οὐκ
2341 3151 2407 3207 ἂν
2434 3153 2659 3226 ἡμέρως
2692 3152 2838 3210 οὕτω
2862 3157 2961 3226 τὴν
2989 3152 3154 3211 αὑτοῦ
3183 3156 3381 3228 βουλὴν
3411 3174 3557 3227 πρισ-

391 3376 503 3440 (12)
537 3373 771 3428 (lautitia
803 3390 855 3429 ιιι
883 3374 937 3426 in
966 3372 1224 3430 Genesim.

393 3446 780 3518 (lﬁilsidorus
827 3444 1124 3518 Pelusiota,
1163 3445 1352 3518 epist.
1398 3446 1468 3502 95
1498 3445 1591 3518 lib.
1619 3442 1711 3518 lll,
1755 3444 1890 3518 pul-

320 3515 454 3571 cbic
480 3515 826 3583 disseritque
853 3523 1013 3583 pacto
1056 3515 1213 3569 initio
1268 3531 1460 3571 omnes
1510 3516 1639 3570 fera:
1684 3516 1893 3574 Adanio

321 3587 582 3655 subjecta:
608 3584 832 3649 fuerint,
870 3584 1104 3654 ideoque
1124 3588 1283 3639 etiam
1329 3587 1552 3641 nomina
1609 3586 1689 3641 eis
1717 3585 1894 3655 itnpo-

321 3658 525 3721 suerit;
560 3664 910 3725 posteaquam
938 3670 1065 3707 vero
1091 3656 1333 3710 divinum
1361 3658 1676 3711 mandatum
1710 3666 1891 3713 trans-

320 3724 571 3792 gressus
608 3736 708 3789 est,
763 3724 935 3792 ipsius
990 3726 1275 3795 imperium
1335 3728 1642 3782 mutilatum
1698 3727 1893 3784 merito

319 3797 443 3853 fuit.
481 3796 896 3868 Videsuperius
959 3795 1202 3868 epistaﬂ
1240 3797 1438 3868 Glycae,
1494 3806 1609 3853 nol.
1641 3798 1730 3852 43.
1775 3800 1891 3852 Au-

319 3868 572 3937 gustinus
596 3866 693 3921 lib.
714 3865 920 3937 signa
954 3868 1097 3920 ciiit.
1136 3867 1250 3932 Dei,
1277 3865 1394 3935 cap.
1434 3869 1519 3931 11.
1547 3868 1613 3922 de
1643 3868 1892 3923 daemone

322 3935 549 4007 ioquetis
583 3939 699 3991 ait:
737 3954 754 3988 ι
797 3935 1104 3991 Malesuada
1133 3939 1376 3992 versutia
1404 3939 1460 3992 in
1492 3939 1732 3993 hominis
1761 3954 1891 3993 sen-

319 4026 413 4064 sus
441 4023 661 4077 serpere
685 4007 970 4077 all'cctans,
1014 4011 1101 4061 cui
1142 4007 1331 4075 utique
1364 4011 1560 4070 stanti,
1628 4009 1888 4076 quoniam

320 4081 435 4147 ipse
465 4076 765 4147 ceciderat,
809 4076 1112 4139 invidebat,
1175 4079 1461 4132 t-olubrum
1521 4078 1573 4132 itt
1635 4079 1892 4147 paradiso

320 4146 620 4216 corporali,
683 4146 770 4199 tibi
815 4160 941 4216 cum
989 4147 1206 4201 duobus
1254 4148 1361 4201 illis
1391 4146 1717 4208 hominibus.
1774 4164 1893 4216 tua-

319 4214 475 4272 scuio
505 4225 561 4270 et
594 4216 815 4279 femina,
844 4214 1100 4269 animalia
1129 4218 1293 4270 etiam
1356 4219 1634 4272 terrestria
1694 4214 1892 4273 czet'era

319 4289 538 4341 subdita
592 4294 647 4340 et
698 4284 916 4341 innoxia
979 4287 1363 4350 versabantur,
1432 4289 1635 4342 animal
1683 4290 1895 4344 scilicet

320 4359 590 4413 lubricum
632 4364 689 4410 et
736 4358 1057 4412 intortuosis
1118 4357 1457 4412 anfractibus
1503 4358 1723 4425 mobile,
1761 4374 1895 4429 ope-

304 4430 364 4484 'ri
426 4445 526 4484 suo
558 4440 907 4501 mongruum,
989 4443 1089 4499 per
1161 4444 1323 4499 quem
1384 4430 1723 4500 loqueretur,
1784 4432 1894 4485 ele-

355 4501 415 4565 it,
457 4520 475 4552 ι
505 4511 611 4556 etc.

314 4518 703 4642 g“('I.;)elll(iiiiis
733 4569 811 4625 rei
848 4571 1114 4625 rationem
1144 4569 1291 4625 hanc
1322 4570 1478 4642 affert
1504 4568 1890 4642 Tlicodoretus

317 4641 745 4712 interrogatione
775 4657 939 4696 xxnv
969 4644 1023 4695 in
1049 4642 1293 4698 Geuesim
1322 4658 1341 4696 :
1387 4661 1404 4692 ι
1443 4641 1550 4696 Sed
1609 4650 1666 4697 et
1710 4641 1889 4711 ipsum

316 4712 517 4765 animal
543 4729 761 4781 quoque
795 4714 863 4767 ad
894 4712 1181 4770 hominum
1216 4712 1504 4765 utilitatem
1543 4713 1888 4766 maledictio-

321 4797 441 4835 ueiu
474 4783 698 4851 recepit.
737 4781 925 4852 itaque
954 4784 1201 4840 videntes
1238 4792 1546 4843 serpentem
1611 4797 1800 4852 repere
1828 4796 1892 4836 ac

321 4853 553 4904 \‘ululari
600 4863 1021 4920 superterrain,
1074 4853 1479 4908 maleilictionis
1536 4854 1775 4922 antiquae
1800 4866 1890 4906 re-

318 4922 630 4985 cordamur,
660 4934 715 4975 et
744 4922 1008 4994 discimus
1034 4933 1236 4994 quanta
1290 4922 1427 4977 mala
1463 4931 1745 4992 peccatum
1776 4936 1892 4994 garo

320 4993 867 5065 cessat,_nousoluut
899 4993 982 5047 bis
1024 4992 1118 5065 qui
1148 4994 1282 5047 illud
1331 4994 1648 5058 admittunt,
1690 4992 1789 5047 sed
1837 4998 1892 5047 et

319 5062 428 5116 illis
466 5063 553 5131 qui
589 5061 958 5115 subserriuut.
992 5081 1009 5114 ι

392 5134 503 5201 (lii)
576 5132 807 5185 Basilius
865 5135 1083 5188 hotuilia
1158 5137 1220 5188 de
1278 5136 1535 5201 paradiso
1597 5151 1612 5189 :
1677 5153 1696 5185 ι
1763 5133 1891 5190 Ser-

319 5221 455 5275 pens
523 5213 636 5257 tum
704 5218 811 5256 non
861 5213 978 5257 erat
1035 5205 1363 5270 horrendus,
1449 5205 1546 5260 sed
1612 5205 1761 5259 mitis
1827 5221 1891 5260 ac

321 5285 664 5337 mansuetus,
708 5292 726 5324 ι
753 5280 859 5327 etc.

394 5350 505 5417 (l6)
538 5345 613 5398 Bo
636 5343 810 5413 magis
843 5353 1025 5400 autem
1059 5345 1112 5400 id
1151 5344 1409 5417 credibile
1462 5345 1699 5413 videtur,
1743 5345 1891 5416 quod

318 5415 616 5490 etiamnum
674 5426 963 5490 serpentes
995 5417 1084 5490 ab
1132 5415 1402 5490 aliquibus
1464 5415 1780 5490 cicurentur
1838 5429 1894 5471 et

318 5486 800 5541 «ircumferantur.
852 5486 1009 5551 Quod
1039 5488 1084 5541 si
1121 5499 1361 5541 veterum
1389 5487 1737 5543 historiarum
1773 5504 1892 5542 tuo-

318 5569 584 5613 nuuteuta
621 5559 878 5612 evolvere
902 5559 1135 5621 luberet,
1176 5559 1554 5628 exemplorum
1617 5559 1773 5626 copia
1816 5559 1893 5612 le-

321 5631 782 5683 ctoremubruere
823 5644 1060 5698 possem.
1115 5627 1443 5686 Consulcnili
1500 5627 1781 5698 Pignorms
1818 5629 1893 5685 De

323 5715 503 5771 mensa
535 5700 759 5765 lsiaea.,
788 5699 1156 5771 Spanhetnius
1200 5699 1273 5771 De
1304 5715 1402 5752 usu
1431 5708 1479 5752 et
1508 5709 1703 5771 priest.
1731 5708 1890 5753 teter.

324 5770 599 5830 nmnism..
638 5780 693 5826 et
722 5769 844 5825 mea
875 5773 1154 5827 dissertat.
1192 5769 1270 5824 De
1336 5770 1478 5822 cistis
1500 5769 1753 5836 mysticis.

399 5838 969 5908 (UiPscudo-Abdias
1000 5843 1096 5900 lib.
1133 5857 1185 5899 vt
1216 5856 1229 5895 :
1269 5858 1286 5893 ι
1308 5838 1470 5894 Livor
1492 5850 1675 5893 autem
1699 5839 1891 5910 angelo

1998 3373 2129 3430 hinc
2165 3383 2327 3430 natus
2373 3384 2477 3441 est,
2503 3375 2630 3445 quia
2658 3375 2793 3430 vidit
2818 3374 3112 3444 imaginem
3144 3374 3240 3430 Dei
3264 3373 3317 3429 in
3359 3372 3557 3427 homine

1996 3446 2273 3516 exstitisse
2298 3463 2312 3499 :
2344 3456 2399 3501 et
2428 3446 2685 3515 quoniam
2715 3447 2919 3500 homini
2964 3446 3221 3516 possibile
3250 3456 3415 3504 esset.
3439 3454 3490 3498 ut
3510 3446 3554 3496 in

1997 3514 2099 3571 hac
2122 3518 2341 3577 regione
2368 3514 2522 3571 beata
2547 3532 2668 3570 cum
2688 3518 2901 3571 cunctis
2924 3514 3293 3570 animantibus
3328 3517 3557 3583 loquere-

2000 3595 2107 3640 tur.
2151 3586 2289 3640 llinc
2318 3587 2544 3656 angelus
2574 3588 2665 3656 qui
2697 3602 2762 3640 ex
2791 3602 2851 3641 se
2884 3586 3139 3655 concepit
3164 3586 3442 3646 invidiam,
3475 3599 3556 3653 per

1995 3657 2296 3727 potentiam
2333 3656 2633 3727 angelicam
2686 3666 2994 3727 serpentem
3052 3659 3354 3723 ingressus,
3390 3674 3408 3706 ι
3461 3666 3552 3708 etc.

1996 3725 2087 3781 Sic
2117 3726 2267 3780 Plato
2296 3725 2516 3797 quoque
2539 3727 2757 3797 scripsit
2796 3731 2847 3780 iu
2884 3725 3134 3786 Politico,
3154 3742 3324 3781 aureo
3350 3728 3553 3797 saeculo.

1997 3812 2123 3852 cum
2155 3795 2337 3851 rerum
2367 3795 2969 3864 Satttrnitspotiretur,
3022 3799 3184 3851 etiam
3227 3812 3350 3851 cum
3386 3796 3555 3848 bestiis

1998 3866 2250 3921 homines
2283 3866 2551 3935 colloquia
2603 3869 2879 3932 habuisse,
2930 3871 3075 3935 quod
3102 3874 3158 3920 et
3187 3866 3454 3921 Eusebius
3481 3882 3555 3920 re-

1996 3936 2102 3991 fert
2131 3938 2222 3991 lib.
2258 3954 2331 3991 xu
2363 3936 2857 4006 Προπαρασκευῆς,
2885 3952 3007 4004 cap.
3037 3939 3090 3993 9.

2070 4008 2181 4078 (l8)
2209 4006 2501 4076 Caietauus
2536 4007 2735 4061 asserit
2782 4010 3138 4064 tentalionem
3174 4006 3298 4062 Eva:
3352 4006 3551 4062 interna

1998 4089 2209 4133 tantum
2243 4080 2592 4147 suggestione
2628 4087 2897 4144 peractam
2950 4096 2979 4132 a
3007 4079 3277 4138 d.rmonc.
3330 4080 3419 4146 qui
3452 4094 3553 4132 ser-

1998 4149 2179 4218 pentis
2206 4148 2427 4203 nomine
2457 4163 2486 4202 a
2514 4147 2661 4218 Mrose
2691 4149 3061 4217 metapliorice
3086 4150 3435 4218 significetur.
3501 4149 3551 4201 In

1996 4217 2327 4290 Singulareiu
2366 4233 2493 4290 vero
2522 4217 2681 4271 aliam
2734 4220 3061 4272 sententiam
3098 4217 3289 4273 abiens
3336 4218 3552 4288 Cyrillus

1997 4289 2401 4343 Alexandrinus
2436 4289 2531 4342 lib.
2589 4302 2650 4341 ιιι
2680 4296 2866 4341 contra
2923 4289 3225 4353 Julianum,
3286 4292 3550 4357 Opittalur,

1998 4360 2231 4425 Sl’Cl'iClll
2264 4360 2550 4421 duntaxat,
2587 4368 2640 4410 et
2675 4359 3032 4412 simulacrum
3068 4361 3341 4427 serpentis
3389 4359 3551 4412 Eriza

2000 4429 2218 4483 diabolo
2243 4430 2553 4485 exhibitum
2582 4428 2770 4492 fuisse,
2800 4446 2907 4481 nou
2939 4431 3050 4483 veri
3079 4432 3349 4498 serpentis
3371 4443 3552 4497 corpus

1930 4501 2069 4561 Dad
2114 4500 2469 4563 tentatiopem
2490 4508 2852 4566 assumptum.
2915 4500 3122 4553 At-veri
3148 4499 3420 4567 serpentis
3475 4515 3552 4553 or—

2002 4586 2142 4642 gano
2168 4570 2545 4642 intentatione
2574 4571 2819 4642 mulieris
2871 4570 3146 4623 diabolum
3175 4585 3324 4642 nesse
3386 4585 3549 4633 usuin,

2002 4640 2195 4711 reliqui
2222 4640 2653 4711 Patresgdoceut,
2687 4647 2753 4711 ut
2786 4640 3015 4693 Basdius
3044 4649 3101 4694 ct
3149 4640 3552 4711 Chrysostauius

1996 4708 2249 4765 Ilouiiliis
2282 4713 2336 4765 in
2388 4709 2651 4779 (ietiesin,
2715 4708 3095 4765 'l‘lieudoretus
3148 4708 3406 4779 interrog.
3453 4710 3546 4772 52;

1993 4783 2133 4851 Aug.
2171 4782 2260 4835 lib.
2288 4797 2322 4834 ιι
2364 4780 2438 4835 De
2468 4778 2653 4833 Cenes.
2673 4781 2739 4851 ad
2768 4780 3020 4851 litteram,
3046 4795 3168 4849 cap.
3201 4781 3308 4847 27;
3343 4778 3546 4851 lib.ttv

1992 4846 2195 4908 De'civ.
2232 4851 2346 4917 Dei,
2380 4867 2499 4919 cap.
2542 4851 2597 4903 ll
2642 4850 2930 4915 ;'Juauues
2983 4846 3369 4912 Damasceuus,
3403 4850 3491 4903 lib.
3517 4864 3552 4903 ιι

1996 4918 2070 4991 De
2092 4925 2196 4989 ﬁde
2234 4918 2547 4984 orthodokra,
2580 4938 2702 4990 cap.
2743 4920 2826 4986 10,
2862 4929 2920 4974 ut
2969 4920 3039 4975 de
3086 4921 3252 4989 Beda,
3305 4922 3550 4991 Ruperto,

1998 4990 2207 5046 Thutua
2250 4994 2483 5061 aliisque
2518 5002 2745 5046 taceant.

2065 5063 2179 5135 (19)
2213 5065 2379 5117 lter-te
2424 5063 2643 5135 quidem
2676 5079 2691 5128 ;
2723 5060 2817 5117 sed
2866 5076 3152 5135 perperam
3199 5060 3550 5135 Talruudistaz.

1995 5133 2085 5204 qui
2118 5133 2431 5189 fabulantur
2459 5133 2762 5193 diabolum,
2795 5133 3150 5187 accedentem
3182 5135 3248 5189 ad
3280 5133 3458 5194 Evam,
3498 5137 3547 5183 ut

1994 5219 2113 5258 eam
2146 5206 2379 5267 falleret,
2442 5205 2796 5273 iuequitasseg
2816 5204 3096 5273 serpenti,
3148 5205 3240 5273 qui
3301 5206 3553 5273 magnitu-

1994 5276 2122 5329 diue
2157 5277 2425 5330 eatuelum
2459 5269 2720 5344 aequaret.
2780 5269 3140 5330 Maimouides
3166 5269 3251 5329 ἰιι
3279 5275 3413 5330 More
3456 5269 3551 5326 Νε-

1995 5346 2213 5400 voclu'm.
3403 5350 3411 5357 ’

2068 5419 2179 5487 (τω)
2216 5415 2269 5470 Id
2293 5415 2488 5487 magis,
2541 5430 2707 5485 quant
2741 5413 3062 5487 illudquod
3091 5413 3399 5487 JosepltuSt
3438 5414 3552 5482 ’Δρ-

1996 5485 2237 5557 χαὶολογ.
2264 5485 2451 5550 tradit,
2479 5496 2792 5556 serpentem
2828 5486 3043 5557 scillcet
3071 5501 3102 5538 a
3140 5485 3401 5557 principio
3429 5496 3550 5538 voce

1998 5556 2153 5611 usum
2181 5570 2236 5613 et
2264 5559 2492 5627 pedibus
2547 5556 2881 5612 instructum
2937 5556 3129 5622 fuisse,
3186 5559 3270 5612 bis
3322 5556 3548 5611 autem:

1997 5629 2109 5682 Deo
2145 5632 2200 5681 in
2243 5630 2421 5697 ipsum
2458 5630 2594 5682 irato
2626 5632 2898 5695 privatum
2921 5627 3122 5682 deinde
3147 5636 3203 5680 et
3231 5629 3349 5697 ejus
3372 5629 3551 5694 lingua:

1996 5714 2268 5753 venenum
2293 5699 2548 5754 iudituut.
2577 5698 2903 5767 Serpentem
2955 5697 3189 5768 pedibus
3237 5701 3548 5768 gradientem

1996 5777 2051 5822 et
2077 5769 2261 5824 mitem
2295 5771 2581 5838 leuemque
2629 5769 2799 5822 fuisse
2828 5769 2991 5823 etiam
3062 5767 3295 5824 Basilio:
3348 5768 3547 5838 liouulia

1998 5839 2073 5894 De
2104 5842 2356 5908 paradiso
2396 5836 2648 5906 all‘trtnat,
2684 5839 2933 5912 Joscplti,
2966 5849 3022 5896 et
3080 5840 3203 5896 hbri
3243 5839 3336 5910 qui
3380 5836 3548 5903 Λειττή
