  <div class='ocr_page' id='page_1' title='image "/cluster/home/n/w/nwhite01/storage/ocr_20150623/158/mdp.39015078384701/402.png"; bbox 0 0 3798 6230; ppageno 0'>
   <div class='ocr_carea' id='block_1_1' title="bbox 321 422 441 490">
    <p class='ocr_par' dir='ltr' id='par_1_1' title="bbox 321 422 441 490">
     <span class='ocr_line' id='line_1_1' title="bbox 321 422 441 490; baseline -0.017 0"><span class='ocrx_word' id='word_1_1' title='bbox 321 422 441 490; x_wconf 77' lang='grc'><strong>725</strong></span> 
     </span>
    </p>
   </div>
   <div class='ocr_carea' id='block_1_2' title="bbox 1714 431 2219 498">
    <p class='ocr_par' dir='ltr' id='par_1_2' title="bbox 1714 431 2219 498">
     <span class='ocr_line' id='line_1_2' title="bbox 1714 431 2219 498; baseline 0.014 -7"><span class='ocrx_word' id='word_1_2' title='bbox 1714 431 2082 495; x_wconf 74' lang='lat' dir='ltr'><strong>EPISTULA</strong></span> <span class='ocrx_word' id='word_1_3' title='bbox 2126 437 2219 498; x_wconf 90' lang='lat' dir='ltr'><strong>IV.</strong></span> 
     </span>
    </p>
   </div>
   <div class='ocr_carea' id='block_1_3' title="bbox 3474 444 3585 508">
    <p class='ocr_par' dir='ltr' id='par_1_3' title="bbox 3474 444 3585 508">
     <span class='ocr_line' id='line_1_3' title="bbox 3474 444 3585 508; baseline 0.009 -1"><span class='ocrx_word' id='word_1_4' title='bbox 3474 444 3585 508; x_wconf 71' lang='lat'><strong>796</strong></span> 
     </span>
    </p>
   </div>
   <div class='ocr_carea' id='block_1_4' title="bbox 321 532 1894 635">
    <p class='ocr_par' dir='ltr' id='par_1_4' title="bbox 321 532 1894 618">
     <span class='ocr_line' id='line_1_4' title="bbox 321 532 1894 618; baseline 0.005 -22"><span class='ocrx_word' id='word_1_5' title='bbox 321 544 601 614; x_wconf 71' lang='grc' dir='ltr'>εδὲχοντο.</span> <span class='ocrx_word' id='word_1_6' title='bbox 644 543 790 616; x_wconf 82' lang='grc' dir='ltr'>Δῦτη</span> <span class='ocrx_word' id='word_1_7' title='bbox 833 538 926 598; x_wconf 80' lang='grc' dir='ltr'>οὖν</span> <span class='ocrx_word' id='word_1_8' title='bbox 951 546 986 614; x_wconf 76' lang='grc' dir='ltr'>ἡ</span> <span class='ocrx_word' id='word_1_9' title='bbox 1017 545 1171 598; x_wconf 81' lang='grc' dir='ltr'>αἰτία</span> <span class='ocrx_word' id='word_1_10' title='bbox 1195 545 1335 597; x_wconf 79' lang='grc' dir='ltr'>κατὰ</span> <span class='ocrx_word' id='word_1_11' title='bbox 1361 532 1894 618; x_wconf 64' lang='grc' dir='ltr'>τοὺξδιαληφθέντα,</span> 
     </span>
    </p>
   </div>
   <div class='ocr_carea' id='block_1_5' title="bbox 2010 532 3573 635">
    <p class='ocr_par' dir='ltr' id='par_1_5' title="bbox 2017 559 3573 635">
     <span class='ocr_line' id='line_1_5' title="bbox 2017 559 3573 635; baseline 0.012 -30"><span class='ocrx_word' id='word_1_12' title='bbox 2017 565 2246 623; x_wconf 82' lang='lat' dir='ltr'><strong>oportet</strong></span> <span class='ocrx_word' id='word_1_13' title='bbox 2267 572 2576 626; x_wconf 78' lang='lat' dir='ltr'><strong>suggerere.</strong></span> <span class='ocrx_word' id='word_1_14' title='bbox 2605 559 2713 615; x_wconf 80' lang='lat' dir='ltr'><strong>Nisi</strong></span> <span class='ocrx_word' id='word_1_15' title='bbox 2764 563 2910 616; x_wconf 89' lang='lat' dir='ltr'><strong>enim</strong></span> <span class='ocrx_word' id='word_1_16' title='bbox 2953 566 3026 618; x_wconf 82' lang='lat' dir='ltr'><strong>ita</strong></span> <span class='ocrx_word' id='word_1_17' title='bbox 3056 579 3144 620; x_wconf 89' lang='lat' dir='ltr'><strong>res</strong></span> <span class='ocrx_word' id='word_1_18' title='bbox 3174 579 3233 620; x_wconf 86' lang='lat' dir='ltr'><strong>se</strong></span> <span class='ocrx_word' id='word_1_19' title='bbox 3265 564 3573 635; x_wconf 76' lang='lat' dir='ltr'><strong>habuisset,</strong></span> 
     </span>
    </p>
   </div>
   <div class='ocr_carea' id='block_1_6' title="bbox 321 636 1908 714">
    <p class='ocr_par' dir='ltr' id='par_1_6' title="bbox 321 636 1908 714">
     <span class='ocr_line' id='line_1_6' title="bbox 321 636 1908 714; baseline 0.004 -25"><span class='ocrx_word' id='word_1_20' title='bbox 321 636 538 690; x_wconf 74' lang='grc' dir='ltr'>ἄνωθεν</span> <span class='ocrx_word' id='word_1_21' title='bbox 573 637 830 707; x_wconf 83' lang='grc' dir='ltr'>Πατέρας</span> <span class='ocrx_word' id='word_1_22' title='bbox 875 637 972 690; x_wconf 80' lang='grc' dir='ltr'>καὶ</span> <span class='ocrx_word' id='word_1_23' title='bbox 1020 638 1384 702; x_wconf 74' lang='grc' dir='ltr'><strong>διδασκάλους</strong></span> <span class='ocrx_word' id='word_1_24' title='bbox 1425 639 1604 708; x_wconf 80' lang='grc' dir='ltr'>ἡμῶν,</span> <span class='ocrx_word' id='word_1_25' title='bbox 1634 641 1700 694; x_wconf 83' lang='grc' dir='ltr'>δι’</span> <span class='ocrx_word' id='word_1_26' title='bbox 1730 644 1793 711; x_wconf 72' lang='grc' dir='ltr'>ἦν</span> <span class='ocrx_word' id='word_1_27' title='bbox 1820 645 1908 714; x_wconf 69' lang='lat' dir='ltr'><strong>dp-</strong></span> 
     </span>
    </p>
   </div>
   <div class='ocr_carea' id='block_1_7' title="bbox 322 727 1907 813">
    <p class='ocr_par' dir='ltr' id='par_1_7' title="bbox 322 727 1907 813">
     <span class='ocr_line' id='line_1_7' title="bbox 322 727 1907 813; baseline 0.006 -34"><span class='ocrx_word' id='word_1_28' title='bbox 322 727 482 798; x_wconf 74' lang='grc' dir='ltr'><strong>γάνῳ</strong></span> <span class='ocrx_word' id='word_1_29' title='bbox 531 727 610 799; x_wconf 81' lang='grc' dir='ltr'>τῷ</span> <span class='ocrx_word' id='word_1_30' title='bbox 658 729 778 796; x_wconf 76' lang='grc' dir='ltr'>ὕφει</span> <span class='ocrx_word' id='word_1_31' title='bbox 831 731 926 783; x_wconf 76' lang='grc' dir='ltr'>καὶ</span> <span class='ocrx_word' id='word_1_32' title='bbox 973 729 1072 798; x_wconf 83' lang='grc' dir='ltr'>οὐχ</span> <span class='ocrx_word' id='word_1_33' title='bbox 1121 729 1308 813; x_wconf 25' lang='grc' dir='ltr'><strong>ἑτέρῳ.</strong></span> <span class='ocrx_word' id='word_1_34' title='bbox 1346 730 1453 782; x_wconf 79' lang='grc' dir='ltr'>τινὶ</span> <span class='ocrx_word' id='word_1_35' title='bbox 1505 731 1850 800; x_wconf 79' lang='grc' dir='ltr'>χρησάμενος</span> <span class='ocrx_word' id='word_1_36' title='bbox 1880 739 1907 788; x_wconf 98' lang='lat'><strong>6</strong></span> 
     </span>
    </p>
   </div>
   <div class='ocr_carea' id='block_1_8' title="bbox 319 820 1649 893">
    <p class='ocr_par' dir='ltr' id='par_1_8' title="bbox 319 820 1649 893">
     <span class='ocr_line' id='line_1_8' title="bbox 319 820 1649 893; baseline 0.007 -25"><span class='ocrx_word' id='word_1_37' title='bbox 319 821 692 890; x_wconf 69' lang='grc' dir='ltr'><strong>παμπόνηρος</strong></span> <span class='ocrx_word' id='word_1_38' title='bbox 715 821 844 882; x_wconf 77' lang='grc' dir='ltr'>τοὺς</span> <span class='ocrx_word' id='word_1_39' title='bbox 871 820 1342 889; x_wconf 83' lang='grc' dir='ltr'>πρωτοπλάστους</span> <span class='ocrx_word' id='word_1_40' title='bbox 1373 823 1649 893; x_wconf 74' lang='grc' dir='ltr'><strong>ἠπάτησε.</strong></span> 
     </span>
    </p>
   </div>
   <div class='ocr_carea' id='block_1_9' title="bbox 2019 649 3580 724">
    <p class='ocr_par' dir='ltr' id='par_1_9' title="bbox 2019 649 3580 724">
     <span class='ocr_line' id='line_1_9' title="bbox 2019 649 3580 724; baseline 0.01 -23"><span class='ocrx_word' id='word_1_41' title='bbox 2019 650 2161 701; x_wconf 92' lang='lat' dir='ltr'><strong>haud</strong></span> <span class='ocrx_word' id='word_1_42' title='bbox 2193 649 2440 717; x_wconf 80' lang='lat' dir='ltr'><strong>proiecto</strong></span> <span class='ocrx_word' id='word_1_43' title='bbox 2467 668 2587 703; x_wconf 85' lang='lat' dir='ltr'><strong>rum</strong></span> <span class='ocrx_word' id='word_1_44' title='bbox 2615 653 2692 705; x_wconf 90' lang='lat' dir='ltr'><strong>eis</strong></span> <span class='ocrx_word' id='word_1_45' title='bbox 2725 654 2918 707; x_wconf 75' lang='lat' dir='ltr'><strong>lilande</strong></span> <span class='ocrx_word' id='word_1_46' title='bbox 2959 655 3336 712; x_wconf 80' lang='lat' dir='ltr'><strong>coniabulatus</strong></span> <span class='ocrx_word' id='word_1_47' title='bbox 3367 658 3580 724; x_wconf 79' lang='lat' dir='ltr'><strong>fuisset,</strong></span> 
     </span>
    </p>
   </div>
   <div class='ocr_carea' id='block_1_10' title="bbox 2019 739 3582 807">
    <p class='ocr_par' dir='ltr' id='par_1_10' title="bbox 2019 739 3582 807">
     <span class='ocr_line' id='line_1_10' title="bbox 2019 739 3582 807; baseline 0.01 -19"><span class='ocrx_word' id='word_1_48' title='bbox 2019 753 2194 804; x_wconf 77' lang='lat' dir='ltr'><strong>neque</strong></span> <span class='ocrx_word' id='word_1_49' title='bbox 2228 739 2297 790; x_wconf 90' lang='lat' dir='ltr'><strong>ita</strong></span> <span class='ocrx_word' id='word_1_50' title='bbox 2333 739 2529 792; x_wconf 90' lang='lat' dir='ltr'><strong>leuiter</strong></span> <span class='ocrx_word' id='word_1_51' title='bbox 2579 739 2651 792; x_wconf 91' lang='lat' dir='ltr'><strong>illi</strong></span> <span class='ocrx_word' id='word_1_52' title='bbox 2707 743 2825 807; x_wconf 86' lang='lat' dir='ltr'><strong>ejus</strong></span> <span class='ocrx_word' id='word_1_53' title='bbox 2871 746 3155 799; x_wconf 85' lang='lat' dir='ltr'><strong>censilium</strong></span> <span class='ocrx_word' id='word_1_54' title='bbox 3212 748 3582 804; x_wconf 77' lang='lat' dir='ltr'><strong>admisissent.</strong></span> 
     </span>
    </p>
   </div>
   <div class='ocr_carea' id='block_1_11' title="bbox 2021 827 3625 902">
    <p class='ocr_par' dir='ltr' id='par_1_11' title="bbox 2021 827 3625 902">
     <span class='ocr_line' id='line_1_11' title="bbox 2021 827 3625 902; baseline 0.009 -22"><span class='ocrx_word' id='word_1_55' title='bbox 2021 827 2146 882; x_wconf 78' lang='lat' dir='ltr'><strong>llzec</strong></span> <span class='ocrx_word' id='word_1_56' title='bbox 2187 829 2356 896; x_wconf 76' lang='lat' dir='ltr'><strong>igitur</strong></span> <span class='ocrx_word' id='word_1_57' title='bbox 2394 846 2557 883; x_wconf 76' lang='lat' dir='ltr'><strong>causa</strong></span> <span class='ocrx_word' id='word_1_58' title='bbox 2586 829 2712 894; x_wconf 81' lang='lat' dir='ltr'><strong>fuit,</strong></span> <span class='ocrx_word' id='word_1_59' title='bbox 2751 833 2901 900; x_wconf 79' lang='lat' dir='ltr'><strong>juxta</strong></span> <span class='ocrx_word' id='word_1_60' title='bbox 2935 837 3188 902; x_wconf 86' lang='lat' dir='ltr'><strong>superius</strong></span> <span class='ocrx_word' id='word_1_61' title='bbox 3234 838 3580 892; x_wconf 84' lang='lat' dir='ltr'><strong>laudatorum</strong></span> <span class='ocrx_word' id='word_1_62' title='bbox 3617 838 3625 842; x_wconf 74' lang='grc'><strong>’</strong></span> 
     </span>
    </p>
   </div>
   <div class='ocr_carea' id='block_1_12' title="bbox 320 910 3583 1002">
    <p class='ocr_par' dir='ltr' id='par_1_12' title="bbox 320 910 3583 1002">
     <span class='ocr_line' id='line_1_12' title="bbox 320 910 3583 1002; baseline 0.007 -39"><span class='ocrx_word' id='word_1_63' title='bbox 320 910 551 965; x_wconf 77' lang='lat' dir='ltr'><strong>Patrum</strong></span> <span class='ocrx_word' id='word_1_64' title='bbox 610 923 664 967; x_wconf 90' lang='lat' dir='ltr'><strong>et</strong></span> <span class='ocrx_word' id='word_1_65' title='bbox 706 913 1094 982; x_wconf 80' lang='lat' dir='ltr'><strong>magistrorum</strong></span> <span class='ocrx_word' id='word_1_66' title='bbox 1157 922 1469 969; x_wconf 89' lang='lat' dir='ltr'><strong>nostrorum</strong></span> <span class='ocrx_word' id='word_1_67' title='bbox 1524 916 1859 986; x_wconf 88' lang='lat' dir='ltr'><strong>opinionem,</strong></span> <span class='ocrx_word' id='word_1_68' title='bbox 1901 931 2120 988; x_wconf 80' lang='lat' dir='ltr'><strong>propter</strong></span> <span class='ocrx_word' id='word_1_69' title='bbox 2181 939 2340 992; x_wconf 89' lang='lat' dir='ltr'><strong>quam</strong></span> <span class='ocrx_word' id='word_1_70' title='bbox 2389 925 2558 981; x_wconf 86' lang='lat' dir='ltr'><strong>Malus</strong></span> <span class='ocrx_word' id='word_1_71' title='bbox 2610 927 2832 996; x_wconf 66' lang='lat' dir='ltr'><strong>illel‘21)</strong></span> <span class='ocrx_word' id='word_1_72' title='bbox 2884 939 3138 998; x_wconf 86' lang='lat' dir='ltr'><strong>serpente</strong></span> <span class='ocrx_word' id='word_1_73' title='bbox 3163 941 3217 984; x_wconf 91' lang='lat' dir='ltr'><strong>et</strong></span> <span class='ocrx_word' id='word_1_74' title='bbox 3254 948 3362 986; x_wconf 87' lang='lat' dir='ltr'><strong>non</strong></span> <span class='ocrx_word' id='word_1_75' title='bbox 3400 934 3583 1002; x_wconf 89' lang='lat' dir='ltr'><strong>aliquo</strong></span> 
     </span>
    </p>
   </div>
   <div class='ocr_carea' id='block_1_13' title="bbox 317 1005 2058 1080">
    <p class='ocr_par' dir='ltr' id='par_1_13' title="bbox 317 1005 2058 1080">
     <span class='ocr_line' id='line_1_13' title="bbox 317 1005 2058 1080; baseline 0.005 -22"><span class='ocrx_word' id='word_1_76' title='bbox 317 1005 436 1058; x_wconf 87' lang='lat' dir='ltr'><strong>alio</strong></span> <span class='ocrx_word' id='word_1_77' title='bbox 468 1021 597 1057; x_wconf 83' lang='lat' dir='ltr'><strong>usus</strong></span> <span class='ocrx_word' id='word_1_78' title='bbox 622 1013 707 1062; x_wconf 58' lang='grc' dir='ltr'>οη</span> <span class='ocrx_word' id='word_1_79' title='bbox 731 1007 1097 1059; x_wconf 86' lang='lat' dir='ltr'><strong>instrumento</strong></span> <span class='ocrx_word' id='word_1_80' title='bbox 1129 1015 1186 1061; x_wconf 93' lang='lat' dir='ltr'><strong>ut</strong></span> <span class='ocrx_word' id='word_1_81' title='bbox 1213 1008 1579 1077; x_wconf 82' lang='lat' dir='ltr'><strong>proleplastos</strong></span> <span class='ocrx_word' id='word_1_82' title='bbox 1603 1009 1878 1079; x_wconf 86' lang='lat' dir='ltr'><strong>deciperet</strong></span> <span class='ocrx_word' id='word_1_83' title='bbox 1922 1011 2058 1080; x_wconf 69' lang='lat'><strong>(22).</strong></span> 
     </span>
    </p>
   </div>
   <div class='ocr_carea' id='block_1_14' title="bbox 399 1097 1911 1170">
    <p class='ocr_par' dir='ltr' id='par_1_14' title="bbox 399 1097 1911 1170">
     <span class='ocr_line' id='line_1_14' title="bbox 399 1097 1911 1170; baseline 0.002 -19"><span class='ocrx_word' id='word_1_84' title='bbox 399 1099 510 1151; x_wconf 78' lang='grc' dir='ltr'><strong>Καὶ</strong></span> <span class='ocrx_word' id='word_1_85' title='bbox 544 1099 706 1150; x_wconf 77' lang='grc' dir='ltr'>πόθεν</span> <span class='ocrx_word' id='word_1_86' title='bbox 733 1097 894 1166; x_wconf 80' lang='grc' dir='ltr'>δῆλον</span> <span class='ocrx_word' id='word_1_87' title='bbox 933 1098 1016 1150; x_wconf 82' lang='grc' dir='ltr'>ὅτι</span> <span class='ocrx_word' id='word_1_88' title='bbox 1055 1101 1083 1151; x_wconf 90' lang='lat'><strong>6</strong></span> <span class='ocrx_word' id='word_1_89' title='bbox 1123 1099 1372 1162; x_wconf 78' lang='grc' dir='ltr'>διάϐολος</span> <span class='ocrx_word' id='word_1_90' title='bbox 1421 1102 1478 1152; x_wconf 81' lang='grc' dir='ltr'>ὲν</span> <span class='ocrx_word' id='word_1_91' title='bbox 1516 1101 1593 1170; x_wconf 80' lang='grc' dir='ltr'>τῷ</span> <span class='ocrx_word' id='word_1_92' title='bbox 1637 1102 1756 1169; x_wconf 76' lang='grc' dir='ltr'>ὄφει</span> <span class='ocrx_word' id='word_1_93' title='bbox 1787 1103 1911 1155; x_wconf 82' lang='grc' dir='ltr'><strong>ὲλά-</strong></span> 
     </span>
    </p>
   </div>
   <div class='ocr_carea' id='block_1_15' title="bbox 316 1188 1904 1263">
    <p class='ocr_par' dir='ltr' id='par_1_15' title="bbox 316 1188 1904 1263">
     <span class='ocr_line' id='line_1_15' title="bbox 316 1188 1904 1263; baseline 0.003 -22"><span class='ocrx_word' id='word_1_94' title='bbox 316 1189 485 1259; x_wconf 83' lang='grc' dir='ltr'>λησε,</span> <span class='ocrx_word' id='word_1_95' title='bbox 525 1190 622 1257; x_wconf 69' lang='grc' dir='ltr'>τῆς</span> <span class='ocrx_word' id='word_1_96' title='bbox 655 1189 876 1259; x_wconf 82' lang='grc' dir='ltr'>Γραφῆς</span> <span class='ocrx_word' id='word_1_97' title='bbox 917 1188 1256 1259; x_wconf 75' lang='grc' dir='ltr'>ὁπουδήποτε</span> <span class='ocrx_word' id='word_1_98' title='bbox 1290 1191 1450 1244; x_wconf 81' lang='grc' dir='ltr'>τοῦτο</span> <span class='ocrx_word' id='word_1_99' title='bbox 1489 1192 1564 1261; x_wconf 84' lang='grc' dir='ltr'>μὴ</span> <span class='ocrx_word' id='word_1_100' title='bbox 1607 1192 1904 1263; x_wconf 76' lang='grc' dir='ltr'>λεγούσης;</span> 
     </span>
    </p>
   </div>
   <div class='ocr_carea' id='block_1_16' title="bbox 321 1283 1903 1354">
    <p class='ocr_par' dir='ltr' id='par_1_16' title="bbox 321 1283 1903 1354">
     <span class='ocr_line' id='line_1_16' title="bbox 321 1283 1903 1354; baseline 0.004 -20"><span class='ocrx_word' id='word_1_101' title='bbox 321 1283 437 1335; x_wconf 86' lang='grc' dir='ltr'>ἰδε</span> <span class='ocrx_word' id='word_1_102' title='bbox 465 1283 574 1350; x_wconf 82' lang='grc' dir='ltr'>γὰρ</span> <span class='ocrx_word' id='word_1_103' title='bbox 596 1284 679 1335; x_wconf 85' lang='grc' dir='ltr'>ὅτι</span> <span class='ocrx_word' id='word_1_104' title='bbox 713 1284 807 1336; x_wconf 79' lang='grc' dir='ltr'>καὶ</span> <span class='ocrx_word' id='word_1_105' title='bbox 841 1286 866 1335; x_wconf 90' lang='lat'><strong>6</strong></span> <span class='ocrx_word' id='word_1_106' title='bbox 893 1283 1101 1346; x_wconf 83' lang='grc' dir='ltr'>Παῦλος</span> <span class='ocrx_word' id='word_1_107' title='bbox 1129 1286 1306 1352; x_wconf 80' lang='grc' dir='ltr'>δφεως</span> <span class='ocrx_word' id='word_1_108' title='bbox 1345 1286 1676 1354; x_wconf 84' lang='grc' dir='ltr'><strong>μνημονεύει</strong></span> <span class='ocrx_word' id='word_1_109' title='bbox 1707 1287 1903 1354; x_wconf 76' lang='grc' dir='ltr'>λέγων’</span> 
     </span>
    </p>
   </div>
   <div class='ocr_carea' id='block_1_17' title="bbox 324 1373 1904 1449">
    <p class='ocr_par' dir='ltr' id='par_1_17' title="bbox 324 1373 1904 1449">
     <span class='ocr_line' id='line_1_17' title="bbox 324 1373 1904 1449; baseline 0.006 -27"><span class='ocrx_word' id='word_1_110' title='bbox 324 1391 346 1422; x_wconf 72' lang='grc' dir='ltr'><strong>ι</strong></span> <span class='ocrx_word' id='word_1_111' title='bbox 380 1373 656 1442; x_wconf 63' lang='grc' dir='ltr'>Φοϐοῦμαι</span> <span class='ocrx_word' id='word_1_112' title='bbox 721 1376 919 1444; x_wconf 81' lang='grc' dir='ltr'>μήπως</span> <span class='ocrx_word' id='word_1_113' title='bbox 975 1376 1004 1427; x_wconf 90' lang='lat'><strong>6</strong></span> <span class='ocrx_word' id='word_1_114' title='bbox 1060 1375 1186 1446; x_wconf 79' lang='grc' dir='ltr'>ὄφις</span> <span class='ocrx_word' id='word_1_115' title='bbox 1240 1378 1584 1446; x_wconf 78' lang='grc' dir='ltr'>ἐξηπάτησεν</span> <span class='ocrx_word' id='word_1_116' title='bbox 1643 1377 1789 1430; x_wconf 76' lang='grc' dir='ltr'>Εὕαν</span> <span class='ocrx_word' id='word_1_117' title='bbox 1841 1382 1904 1449; x_wconf 81' lang='grc' dir='ltr'>τῇ</span> 
     </span>
    </p>
   </div>
   <div class='ocr_carea' id='block_1_18' title="bbox 318 1465 1906 1536">
    <p class='ocr_par' dir='ltr' id='par_1_18' title="bbox 318 1465 1906 1536">
     <span class='ocr_line' id='line_1_18' title="bbox 318 1465 1906 1536; baseline 0.004 -20"><span class='ocrx_word' id='word_1_118' title='bbox 318 1466 637 1536; x_wconf 72' lang='grc' dir='ltr'>πανουργίᾳ</span> <span class='ocrx_word' id='word_1_119' title='bbox 680 1465 868 1520; x_wconf 85' lang='grc' dir='ltr'>αὑτοῦ.</span> <span class='ocrx_word' id='word_1_120' title='bbox 903 1485 924 1518; x_wconf 73' lang='grc' dir='ltr'><strong>ι</strong></span> <span class='ocrx_word' id='word_1_121' title='bbox 963 1468 1130 1520; x_wconf 83' lang='grc' dir='ltr'>Πόθεν</span> <span class='ocrx_word' id='word_1_122' title='bbox 1175 1466 1267 1520; x_wconf 86' lang='grc' dir='ltr'><strong>οῦν</strong></span> <span class='ocrx_word' id='word_1_123' title='bbox 1297 1468 1456 1535; x_wconf 78' lang='grc' dir='ltr'>δῆλον</span> <span class='ocrx_word' id='word_1_124' title='bbox 1487 1470 1570 1522; x_wconf 84' lang='grc' dir='ltr'>ὅτι</span> <span class='ocrx_word' id='word_1_125' title='bbox 1605 1472 1632 1522; x_wconf 93' lang='lat'><strong>6</strong></span> <span class='ocrx_word' id='word_1_126' title='bbox 1661 1470 1906 1534; x_wconf 83' lang='grc' dir='ltr'>διάϐολος</span> 
     </span>
    </p>
   </div>
   <div class='ocr_carea' id='block_1_19' title="bbox 317 1557 1903 1631">
    <p class='ocr_par' dir='ltr' id='par_1_19' title="bbox 317 1557 1903 1631">
     <span class='ocr_line' id='line_1_19' title="bbox 317 1557 1903 1631; baseline 0.004 -24"><span class='ocrx_word' id='word_1_127' title='bbox 317 1557 480 1608; x_wconf 80' lang='grc' dir='ltr'>λαλεῖ</span> <span class='ocrx_word' id='word_1_128' title='bbox 508 1557 594 1609; x_wconf 73' lang='grc' dir='ltr'><strong>διὰ</strong></span> <span class='ocrx_word' id='word_1_129' title='bbox 611 1558 704 1610; x_wconf 87' lang='grc' dir='ltr'><strong>τοῦ</strong></span> <span class='ocrx_word' id='word_1_130' title='bbox 723 1557 899 1624; x_wconf 73' lang='grc' dir='ltr'>ὄφεως</span> <span class='ocrx_word' id='word_1_131' title='bbox 921 1558 945 1611; x_wconf 79' lang='lat'><strong>?</strong></span> <span class='ocrx_word' id='word_1_132' title='bbox 969 1559 1141 1621; x_wconf 77' lang='grc' dir='ltr'>Αὐτὸς</span> <span class='ocrx_word' id='word_1_133' title='bbox 1165 1562 1194 1611; x_wconf 92' lang='lat'><strong>6</strong></span> <span class='ocrx_word' id='word_1_134' title='bbox 1224 1562 1498 1631; x_wconf 84' lang='grc' dir='ltr'><strong>Δεσπότης</strong></span> <span class='ocrx_word' id='word_1_135' title='bbox 1533 1562 1903 1630; x_wconf 80' lang='grc' dir='ltr'>ὑπεσαφήνισε</span> 
     </span>
    </p>
   </div>
   <div class='ocr_carea' id='block_1_20' title="bbox 318 1649 1905 1722">
    <p class='ocr_par' dir='ltr' id='par_1_20' title="bbox 318 1649 1905 1722">
     <span class='ocr_line' id='line_1_20' title="bbox 318 1649 1905 1722; baseline 0.004 -22"><span class='ocrx_word' id='word_1_136' title='bbox 318 1649 428 1717; x_wconf 81' lang='grc' dir='ltr'><strong>τὴν</strong></span> <span class='ocrx_word' id='word_1_137' title='bbox 461 1650 716 1719; x_wconf 83' lang='grc' dir='ltr'>ἀπορίαν,</span> <span class='ocrx_word' id='word_1_138' title='bbox 768 1651 856 1702; x_wconf 77' lang='grc' dir='ltr'>ἵνα</span> <span class='ocrx_word' id='word_1_139' title='bbox 906 1651 980 1719; x_wconf 87' lang='grc' dir='ltr'>μή</span> <span class='ocrx_word' id='word_1_140' title='bbox 1035 1667 1121 1711; x_wconf 88' lang='grc' dir='ltr'><strong>τις</strong></span> <span class='ocrx_word' id='word_1_141' title='bbox 1180 1653 1272 1704; x_wconf 79' lang='grc' dir='ltr'><strong>ἐπὶ</strong></span> <span class='ocrx_word' id='word_1_142' title='bbox 1322 1650 1411 1705; x_wconf 85' lang='grc' dir='ltr'>τὸν</span> <span class='ocrx_word' id='word_1_143' title='bbox 1445 1652 1570 1721; x_wconf 77' lang='grc' dir='ltr'>ὅφιν</span> <span class='ocrx_word' id='word_1_144' title='bbox 1615 1655 1710 1706; x_wconf 70' lang='grc' dir='ltr'>καὶ</span> <span class='ocrx_word' id='word_1_145' title='bbox 1743 1655 1905 1722; x_wconf 85' lang='grc' dir='ltr'>μόνον</span> 
     </span>
    </p>
   </div>
   <div class='ocr_carea' id='block_1_21' title="bbox 319 1740 1901 1812">
    <p class='ocr_par' dir='ltr' id='par_1_21' title="bbox 319 1740 1901 1812">
     <span class='ocr_line' id='line_1_21' title="bbox 319 1740 1901 1812; baseline 0.005 -21"><span class='ocrx_word' id='word_1_146' title='bbox 319 1740 598 1811; x_wconf 83' lang='grc' dir='ltr'>ἀνενέγκῃ</span> <span class='ocrx_word' id='word_1_147' title='bbox 625 1741 722 1810; x_wconf 77' lang='grc' dir='ltr'>τὴν</span> <span class='ocrx_word' id='word_1_148' title='bbox 749 1742 1050 1810; x_wconf 86' lang='grc' dir='ltr'>ἁμαρτίαν.</span> <span class='ocrx_word' id='word_1_149' title='bbox 1095 1743 1239 1811; x_wconf 68' lang='grc' dir='ltr'>Πρὸς</span> <span class='ocrx_word' id='word_1_150' title='bbox 1272 1743 1381 1812; x_wconf 81' lang='grc' dir='ltr'><strong>γὰρ</strong></span> <span class='ocrx_word' id='word_1_151' title='bbox 1425 1744 1553 1808; x_wconf 80' lang='grc' dir='ltr'>τοὺς</span> <span class='ocrx_word' id='word_1_152' title='bbox 1591 1745 1901 1810; x_wconf 79' lang='grc' dir='ltr'>Ἰουδαίους,</span> 
     </span>
    </p>
   </div>
   <div class='ocr_carea' id='block_1_22' title="bbox 318 1829 1898 1904">
    <p class='ocr_par' dir='ltr' id='par_1_22' title="bbox 318 1829 1898 1904">
     <span class='ocr_line' id='line_1_22' title="bbox 318 1829 1898 1904; baseline 0.004 -21"><span class='ocrx_word' id='word_1_153' title='bbox 318 1834 492 1903; x_wconf 78' lang='grc' dir='ltr'>ἡνίκα</span> <span class='ocrx_word' id='word_1_154' title='bbox 522 1829 676 1886; x_wconf 76' lang='grc' dir='ltr'>εἷπον</span> <span class='ocrx_word' id='word_1_155' title='bbox 705 1833 875 1903; x_wconf 84' lang='grc' dir='ltr'>αὐτῷ,</span> <span class='ocrx_word' id='word_1_156' title='bbox 923 1851 943 1886; x_wconf 73' lang='grc' dir='ltr'><strong>ι</strong></span> <span class='ocrx_word' id='word_1_157' title='bbox 986 1835 1081 1888; x_wconf 83' lang='grc' dir='ltr'><strong>Ἐκ</strong></span> <span class='ocrx_word' id='word_1_158' title='bbox 1114 1834 1209 1888; x_wconf 78' lang='grc' dir='ltr'><strong>τοῦ</strong></span> <span class='ocrx_word' id='word_1_159' title='bbox 1239 1835 1374 1888; x_wconf 83' lang='grc' dir='ltr'><strong>Θεοῦ</strong></span> <span class='ocrx_word' id='word_1_160' title='bbox 1407 1839 1596 1904; x_wconf 81' lang='grc' dir='ltr'>ἐσμεν,</span> <span class='ocrx_word' id='word_1_161' title='bbox 1635 1855 1654 1888; x_wconf 77' lang='grc' dir='ltr'><strong>ι</strong></span> <span class='ocrx_word' id='word_1_162' title='bbox 1692 1838 1898 1904; x_wconf 73' lang='grc' dir='ltr'>ἐλεγενο</span> 
     </span>
    </p>
   </div>
   <div class='ocr_carea' id='block_1_23' title="bbox 328 1923 1901 1997">
    <p class='ocr_par' dir='ltr' id='par_1_23' title="bbox 328 1923 1901 1997">
     <span class='ocr_line' id='line_1_23' title="bbox 328 1923 1901 1997; baseline 0.003 -19"><span class='ocrx_word' id='word_1_163' title='bbox 328 1945 347 1978; x_wconf 73' lang='grc' dir='ltr'><strong>ο</strong></span> <span class='ocrx_word' id='word_1_164' title='bbox 389 1927 448 1980; x_wconf 84' lang='lat' dir='ltr'><strong>El</strong></span> <span class='ocrx_word' id='word_1_165' title='bbox 476 1923 572 1997; x_wconf 80' lang='grc' dir='ltr'>ἦτε</span> <span class='ocrx_word' id='word_1_166' title='bbox 605 1929 668 1980; x_wconf 83' lang='grc' dir='ltr'>ὲκ</span> <span class='ocrx_word' id='word_1_167' title='bbox 699 1927 796 1979; x_wconf 85' lang='grc' dir='ltr'><strong>τοῦ</strong></span> <span class='ocrx_word' id='word_1_168' title='bbox 830 1927 989 1990; x_wconf 80' lang='grc' dir='ltr'>Θεοῦ,</span> <span class='ocrx_word' id='word_1_169' title='bbox 1024 1928 1083 1980; x_wconf 80' lang='grc' dir='ltr'><strong>τὸ</strong></span> <span class='ocrx_word' id='word_1_170' title='bbox 1114 1928 1326 1996; x_wconf 83' lang='grc' dir='ltr'>θέλημα</span> <span class='ocrx_word' id='word_1_171' title='bbox 1354 1928 1446 1981; x_wconf 88' lang='grc' dir='ltr'><strong>τοῦ</strong></span> <span class='ocrx_word' id='word_1_172' title='bbox 1492 1930 1629 1982; x_wconf 89' lang='grc' dir='ltr'>Θεοῦ</span> <span class='ocrx_word' id='word_1_173' title='bbox 1663 1931 1901 1983; x_wconf 74' lang='grc' dir='ltr'>ἐποιεῖτε</span> 
     </span>
    </p>
   </div>
   <div class='ocr_carea' id='block_1_24' title="bbox 319 2019 1900 2090">
    <p class='ocr_par' dir='ltr' id='par_1_24' title="bbox 319 2019 1900 2090">
     <span class='ocr_line' id='line_1_24' title="bbox 319 2019 1900 2090; baseline 0.001 -17"><span class='ocrx_word' id='word_1_174' title='bbox 319 2020 414 2073; x_wconf 78' lang='grc' dir='ltr'><strong>ἄν.</strong></span> <span class='ocrx_word' id='word_1_175' title='bbox 449 2021 560 2075; x_wconf 84' lang='grc' dir='ltr'>Νῦν</span> <span class='ocrx_word' id='word_1_176' title='bbox 593 2023 656 2074; x_wconf 76' lang='grc' dir='ltr'>ὲκ</span> <span class='ocrx_word' id='word_1_177' title='bbox 694 2019 788 2074; x_wconf 88' lang='grc' dir='ltr'><strong>τοῦ</strong></span> <span class='ocrx_word' id='word_1_178' title='bbox 834 2021 1047 2090; x_wconf 79' lang='grc' dir='ltr'>πατρδς</span> <span class='ocrx_word' id='word_1_179' title='bbox 1098 2021 1251 2088; x_wconf 81' lang='grc' dir='ltr'>ὑμῶν</span> <span class='ocrx_word' id='word_1_180' title='bbox 1310 2022 1432 2074; x_wconf 75' lang='grc' dir='ltr'>ἐστε</span> <span class='ocrx_word' id='word_1_181' title='bbox 1479 2021 1574 2074; x_wconf 88' lang='grc' dir='ltr'><strong>τοῦ</strong></span> <span class='ocrx_word' id='word_1_182' title='bbox 1628 2021 1900 2076; x_wconf 88' lang='grc' dir='ltr'>διαϐόλου.</span> 
     </span>
    </p>
   </div>
   <div class='ocr_carea' id='block_1_25' title="bbox 334 2108 1902 2182">
    <p class='ocr_par' dir='ltr' id='par_1_25' title="bbox 334 2108 1902 2182">
     <span class='ocr_line' id='line_1_25' title="bbox 334 2108 1902 2182; baseline 0.001 -18"><span class='ocrx_word' id='word_1_183' title='bbox 334 2112 578 2174; x_wconf 77' lang='grc' dir='ltr'>Ἐκεῖνος</span> <span class='ocrx_word' id='word_1_184' title='bbox 612 2114 704 2165; x_wconf 77' lang='grc' dir='ltr'><strong>ἀπ’</strong></span> <span class='ocrx_word' id='word_1_185' title='bbox 731 2114 905 2182; x_wconf 83' lang='grc' dir='ltr'>ἀρχῆς</span> <span class='ocrx_word' id='word_1_186' title='bbox 940 2113 1389 2182; x_wconf 78' lang='grc' dir='ltr'>ἀνθρωποκτόνος</span> <span class='ocrx_word' id='word_1_187' title='bbox 1421 2108 1512 2181; x_wconf 79' lang='grc' dir='ltr'><strong>ἦν.</strong></span> <span class='ocrx_word' id='word_1_188' title='bbox 1555 2131 1574 2164; x_wconf 70' lang='grc' dir='ltr'><strong>ι</strong></span> <span class='ocrx_word' id='word_1_189' title='bbox 1620 2113 1902 2166; x_wconf 80' lang='grc' dir='ltr'><strong>Ἐντεῦθεν</strong></span> 
     </span>
    </p>
   </div>
   <div class='ocr_carea' id='block_1_26' title="bbox 316 2199 1902 2274">
    <p class='ocr_par' dir='ltr' id='par_1_26' title="bbox 316 2199 1902 2274">
     <span class='ocr_line' id='line_1_26' title="bbox 316 2199 1902 2274; baseline 0.001 -18"><span class='ocrx_word' id='word_1_190' title='bbox 316 2199 422 2257; x_wconf 76' lang='grc' dir='ltr'>οὖν</span> <span class='ocrx_word' id='word_1_191' title='bbox 451 2205 636 2272; x_wconf 83' lang='grc' dir='ltr'>σαφῶς</span> <span class='ocrx_word' id='word_1_192' title='bbox 663 2204 1026 2257; x_wconf 76' lang='grc' dir='ltr'>ἐπιδέδεικται</span> <span class='ocrx_word' id='word_1_193' title='bbox 1047 2205 1130 2256; x_wconf 83' lang='grc' dir='ltr'>ὅτι</span> <span class='ocrx_word' id='word_1_194' title='bbox 1151 2207 1207 2256; x_wconf 85' lang='grc' dir='ltr'>ὲν</span> <span class='ocrx_word' id='word_1_195' title='bbox 1233 2203 1380 2271; x_wconf 81' lang='grc' dir='ltr'>αὐτῷ</span> <span class='ocrx_word' id='word_1_196' title='bbox 1407 2205 1485 2273; x_wconf 87' lang='grc' dir='ltr'>τῷ</span> <span class='ocrx_word' id='word_1_197' title='bbox 1509 2203 1629 2272; x_wconf 72' lang='grc' dir='ltr'>ὄφει</span> <span class='ocrx_word' id='word_1_198' title='bbox 1663 2204 1902 2274; x_wconf 82' lang='grc' dir='ltr'>λαλήσας</span> 
     </span>
    </p>
   </div>
   <div class='ocr_carea' id='block_1_27' title="bbox 323 2294 1904 2366">
    <p class='ocr_par' dir='ltr' id='par_1_27' title="bbox 323 2294 1904 2366">
     <span class='ocr_line' id='line_1_27' title="bbox 323 2294 1904 2366; baseline 0.001 -18"><span class='ocrx_word' id='word_1_199' title='bbox 323 2298 356 2348; x_wconf 91' lang='lat'><strong>6</strong></span> <span class='ocrx_word' id='word_1_200' title='bbox 399 2294 645 2357; x_wconf 74' lang='grc' dir='ltr'>διάϐολος</span> <span class='ocrx_word' id='word_1_201' title='bbox 675 2294 890 2365; x_wconf 81' lang='grc' dir='ltr'>θανάτῳ</span> <span class='ocrx_word' id='word_1_202' title='bbox 930 2295 1022 2348; x_wconf 82' lang='grc' dir='ltr'>τὸν</span> <span class='ocrx_word' id='word_1_203' title='bbox 1068 2295 1358 2366; x_wconf 79' lang='grc' dir='ltr'>ἄνθρωπον</span> <span class='ocrx_word' id='word_1_204' title='bbox 1405 2295 1703 2348; x_wconf 83' lang='grc' dir='ltr'>ὑποπεσετν</span> <span class='ocrx_word' id='word_1_205' title='bbox 1742 2315 1904 2349; x_wconf 87' lang='grc' dir='ltr'>κατε-</span> 
     </span>
    </p>
   </div>
   <div class='ocr_carea' id='block_1_28' title="bbox 326 2383 1905 2456">
    <p class='ocr_par' dir='ltr' id='par_1_28' title="bbox 326 2383 1905 2456">
     <span class='ocr_line' id='line_1_28' title="bbox 326 2383 1905 2456; baseline 0.004 -22"><span class='ocrx_word' id='word_1_206' title='bbox 326 2383 621 2439; x_wconf 79' lang='grc' dir='ltr'>σκεύασεν.</span> <span class='ocrx_word' id='word_1_207' title='bbox 659 2385 720 2437; x_wconf 87' lang='lat' dir='ltr'><strong>El</strong></span> <span class='ocrx_word' id='word_1_208' title='bbox 760 2387 836 2455; x_wconf 85' lang='grc' dir='ltr'>μὴ</span> <span class='ocrx_word' id='word_1_209' title='bbox 889 2385 999 2454; x_wconf 83' lang='grc' dir='ltr'><strong>γὰρ</strong></span> <span class='ocrx_word' id='word_1_210' title='bbox 1053 2385 1214 2438; x_wconf 88' lang='grc' dir='ltr'>τοῦτο</span> <span class='ocrx_word' id='word_1_211' title='bbox 1265 2383 1355 2456; x_wconf 77' lang='grc' dir='ltr'>ἦν,</span> <span class='ocrx_word' id='word_1_212' title='bbox 1408 2387 1508 2439; x_wconf 78' lang='grc' dir='ltr'><strong>οῦκ</strong></span> <span class='ocrx_word' id='word_1_213' title='bbox 1541 2387 1606 2440; x_wconf 79' lang='grc' dir='ltr'>ἂν</span> <span class='ocrx_word' id='word_1_214' title='bbox 1661 2388 1905 2455; x_wconf 81' lang='grc' dir='ltr'>ἐγεγόνει</span> 
     </span>
    </p>
   </div>
   <div class='ocr_carea' id='block_1_29' title="bbox 321 2474 1906 2550">
    <p class='ocr_par' dir='ltr' id='par_1_29' title="bbox 321 2474 1906 2550">
     <span class='ocr_line' id='line_1_29' title="bbox 321 2474 1906 2550; baseline 0.004 -24"><span class='ocrx_word' id='word_1_215' title='bbox 321 2474 355 2526; x_wconf 83' lang='grc' dir='ltr'><strong>θ</strong></span> <span class='ocrx_word' id='word_1_216' title='bbox 379 2476 524 2542; x_wconf 61' lang='grc' dir='ltr'>ἠτὸς</span> <span class='ocrx_word' id='word_1_217' title='bbox 553 2475 581 2526; x_wconf 95' lang='lat'><strong>6</strong></span> <span class='ocrx_word' id='word_1_218' title='bbox 615 2475 910 2538; x_wconf 84' lang='grc' dir='ltr'>ἀθάνατος.</span> <span class='ocrx_word' id='word_1_219' title='bbox 961 2477 1075 2528; x_wconf 71' lang='grc' dir='ltr'><strong>Καὶ</strong></span> <span class='ocrx_word' id='word_1_220' title='bbox 1120 2477 1170 2528; x_wconf 79' lang='grc' dir='ltr'><strong>εί</strong></span> <span class='ocrx_word' id='word_1_221' title='bbox 1215 2476 1290 2548; x_wconf 78' lang='grc' dir='ltr'>μὴ</span> <span class='ocrx_word' id='word_1_222' title='bbox 1329 2477 1493 2550; x_wconf 81' lang='grc' dir='ltr'><strong>πείθῃ</strong></span> <span class='ocrx_word' id='word_1_223' title='bbox 1537 2481 1649 2541; x_wconf 82' lang='grc' dir='ltr'>τοῖς</span> <span class='ocrx_word' id='word_1_224' title='bbox 1677 2480 1906 2550; x_wconf 85' lang='grc' dir='ltr'>λεγομέ-</span> 
     </span>
    </p>
   </div>
   <div class='ocr_carea' id='block_1_30' title="bbox 320 2567 1905 2638">
    <p class='ocr_par' dir='ltr' id='par_1_30' title="bbox 320 2567 1905 2638">
     <span class='ocr_line' id='line_1_30' title="bbox 320 2567 1905 2638; baseline 0.005 -20"><span class='ocrx_word' id='word_1_225' title='bbox 320 2584 462 2630; x_wconf 84' lang='grc' dir='ltr'>νοις,</span> <span class='ocrx_word' id='word_1_226' title='bbox 497 2567 574 2637; x_wconf 83' lang='grc' dir='ltr'>τῴ</span> <span class='ocrx_word' id='word_1_227' title='bbox 625 2568 774 2638; x_wconf 83' lang='grc' dir='ltr'>σοφῷ</span> <span class='ocrx_word' id='word_1_228' title='bbox 806 2568 1116 2637; x_wconf 81' lang='grc' dir='ltr'>Σολομῶντι</span> <span class='ocrx_word' id='word_1_229' title='bbox 1150 2569 1408 2638; x_wconf 81' lang='grc' dir='ltr'>πείσθητι</span> <span class='ocrx_word' id='word_1_230' title='bbox 1465 2570 1715 2638; x_wconf 84' lang='grc' dir='ltr'>λέγοντι·</span> <span class='ocrx_word' id='word_1_231' title='bbox 1777 2591 1794 2624; x_wconf 79' lang='grc' dir='ltr'><strong>ι</strong></span> <span class='ocrx_word' id='word_1_232' title='bbox 1847 2573 1905 2626; x_wconf 80' lang='grc'><strong>’0</strong></span> 
     </span>
    </p>
   </div>
   <div class='ocr_carea' id='block_1_31' title="bbox 317 2659 1905 2735">
    <p class='ocr_par' dir='ltr' id='par_1_31' title="bbox 317 2659 1905 2735">
     <span class='ocr_line' id='line_1_31' title="bbox 317 2659 1905 2735; baseline 0.006 -24"><span class='ocrx_word' id='word_1_233' title='bbox 317 2661 458 2721; x_wconf 73' lang='grc' dir='ltr'>Θεὸς</span> <span class='ocrx_word' id='word_1_234' title='bbox 490 2659 716 2713; x_wconf 66' lang='grc' dir='ltr'>θάνατον</span> <span class='ocrx_word' id='word_1_235' title='bbox 759 2661 860 2714; x_wconf 82' lang='grc' dir='ltr'>οὐκ</span> <span class='ocrx_word' id='word_1_236' title='bbox 891 2663 1169 2731; x_wconf 80' lang='grc' dir='ltr'>ἐποίησεν,</span> <span class='ocrx_word' id='word_1_237' title='bbox 1216 2662 1333 2716; x_wconf 81' lang='grc' dir='ltr'>ἀλλ’</span> <span class='ocrx_word' id='word_1_238' title='bbox 1363 2664 1452 2716; x_wconf 80' lang='grc' dir='ltr'><strong>ἐπ’</strong></span> <span class='ocrx_word' id='word_1_239' title='bbox 1499 2664 1783 2735; x_wconf 72' lang='grc' dir='ltr'>ἀφθαρσίᾳ</span> <span class='ocrx_word' id='word_1_240' title='bbox 1813 2667 1905 2720; x_wconf 82' lang='grc' dir='ltr'>τὸν</span> 
     </span>
    </p>
   </div>
   <div class='ocr_carea' id='block_1_32' title="bbox 317 2747 1906 2818">
    <p class='ocr_par' dir='ltr' id='par_1_32' title="bbox 317 2747 1906 2818">
     <span class='ocr_line' id='line_1_32' title="bbox 317 2747 1906 2818; baseline 0.001 -15"><span class='ocrx_word' id='word_1_241' title='bbox 317 2747 617 2816; x_wconf 76' lang='grc' dir='ltr'>ἄνθρωπον</span> <span class='ocrx_word' id='word_1_242' title='bbox 659 2749 866 2802; x_wconf 76' lang='grc' dir='ltr'>ἔκτισε.</span> <span class='ocrx_word' id='word_1_243' title='bbox 902 2750 1090 2818; x_wconf 87' lang='grc' dir='ltr'>Φθόνῳ</span> <span class='ocrx_word' id='word_1_244' title='bbox 1133 2750 1190 2804; x_wconf 86' lang='grc' dir='ltr'>δὲ</span> <span class='ocrx_word' id='word_1_245' title='bbox 1240 2752 1335 2803; x_wconf 90' lang='grc' dir='ltr'><strong>τοῦ</strong></span> <span class='ocrx_word' id='word_1_246' title='bbox 1381 2753 1629 2805; x_wconf 88' lang='grc' dir='ltr'>διαϐόλου</span> <span class='ocrx_word' id='word_1_247' title='bbox 1679 2753 1906 2817; x_wconf 78' lang='grc' dir='ltr'>θάνατος</span> 
     </span>
    </p>
   </div>
   <div class='ocr_carea' id='block_1_33' title="bbox 317 2840 1906 2911">
    <p class='ocr_par' dir='ltr' id='par_1_33' title="bbox 317 2840 1906 2911">
     <span class='ocr_line' id='line_1_33' title="bbox 317 2840 1906 2911; baseline 0.004 -19"><span class='ocrx_word' id='word_1_248' title='bbox 317 2841 408 2899; x_wconf 75' lang='grc' dir='ltr'>εις</span> <span class='ocrx_word' id='word_1_249' title='bbox 437 2841 529 2892; x_wconf 86' lang='grc' dir='ltr'>τὸν</span> <span class='ocrx_word' id='word_1_250' title='bbox 575 2841 780 2911; x_wconf 70' lang='grc' dir='ltr'>κόσμον</span> <span class='ocrx_word' id='word_1_251' title='bbox 828 2841 1105 2910; x_wconf 79' lang='grc' dir='ltr'>εἰσῆλθεν.</span> <span class='ocrx_word' id='word_1_252' title='bbox 1142 2860 1160 2892; x_wconf 73' lang='grc' dir='ltr'><strong>ι</strong></span> <span class='ocrx_word' id='word_1_253' title='bbox 1219 2841 1461 2911; x_wconf 71' lang='grc' dir='ltr'>Εῦδηλον</span> <span class='ocrx_word' id='word_1_254' title='bbox 1495 2840 1588 2898; x_wconf 80' lang='grc' dir='ltr'>οὖν</span> <span class='ocrx_word' id='word_1_255' title='bbox 1631 2845 1704 2904; x_wconf 87' lang='grc' dir='ltr'><strong>ὡς</strong></span> <span class='ocrx_word' id='word_1_256' title='bbox 1744 2847 1906 2907; x_wconf 81' lang='grc' dir='ltr'>αὐτὸς</span> 
     </span>
    </p>
   </div>
   <div class='ocr_carea' id='block_1_34' title="bbox 317 2931 1906 3005">
    <p class='ocr_par' dir='ltr' id='par_1_34' title="bbox 317 2931 1906 3005">
     <span class='ocr_line' id='line_1_34' title="bbox 317 2931 1906 3005; baseline 0.003 -22"><span class='ocrx_word' id='word_1_257' title='bbox 317 2932 558 3002; x_wconf 79' lang='grc' dir='ltr'>ἐλάλησε</span> <span class='ocrx_word' id='word_1_258' title='bbox 604 2934 692 2986; x_wconf 72' lang='grc' dir='ltr'><strong>διὰ</strong></span> <span class='ocrx_word' id='word_1_259' title='bbox 726 2931 820 2986; x_wconf 88' lang='grc' dir='ltr'><strong>τοῦ</strong></span> <span class='ocrx_word' id='word_1_260' title='bbox 857 2934 1036 3001; x_wconf 81' lang='grc' dir='ltr'>δφεως</span> <span class='ocrx_word' id='word_1_261' title='bbox 1077 2935 1104 2986; x_wconf 92' lang='lat'><strong>6</strong></span> <span class='ocrx_word' id='word_1_262' title='bbox 1144 2934 1530 3004; x_wconf 79' lang='grc' dir='ltr'>παμπόνηρος.</span> <span class='ocrx_word' id='word_1_263' title='bbox 1571 2935 1630 2986; x_wconf 82' lang='lat' dir='ltr'><strong>El</strong></span> <span class='ocrx_word' id='word_1_264' title='bbox 1687 2935 1761 3004; x_wconf 80' lang='grc' dir='ltr'>μὴ</span> <span class='ocrx_word' id='word_1_265' title='bbox 1797 2938 1906 3005; x_wconf 84' lang='grc' dir='ltr'><strong>γὰρ</strong></span> 
     </span>
    </p>
   </div>
   <div class='ocr_carea' id='block_1_35' title="bbox 319 3020 1907 3094">
    <p class='ocr_par' dir='ltr' id='par_1_35' title="bbox 319 3020 1907 3094">
     <span class='ocr_line' id='line_1_35' title="bbox 319 3020 1907 3094; baseline 0.002 -18"><span class='ocrx_word' id='word_1_266' title='bbox 319 3025 488 3076; x_wconf 71' lang='grc' dir='ltr'>τοῦτο</span> <span class='ocrx_word' id='word_1_267' title='bbox 533 3020 620 3093; x_wconf 77' lang='grc' dir='ltr'>ἦν,</span> <span class='ocrx_word' id='word_1_268' title='bbox 654 3025 754 3076; x_wconf 82' lang='grc' dir='ltr'>οὐκ</span> <span class='ocrx_word' id='word_1_269' title='bbox 809 3024 874 3078; x_wconf 77' lang='grc' dir='ltr'>ἂν</span> <span class='ocrx_word' id='word_1_270' title='bbox 929 3025 1092 3078; x_wconf 74' lang='grc' dir='ltr'>αὐτὸν</span> <span class='ocrx_word' id='word_1_271' title='bbox 1143 3025 1170 3076; x_wconf 90' lang='lat'><strong>6</strong></span> <span class='ocrx_word' id='word_1_272' title='bbox 1227 3023 1430 3094; x_wconf 82' lang='grc' dir='ltr'>Κύριος</span> <span class='ocrx_word' id='word_1_273' title='bbox 1466 3025 1907 3094; x_wconf 67' lang='grc' dir='ltr'>ἁνθρωπυκτὸνον</span> 
     </span>
    </p>
   </div>
   <div class='ocr_carea' id='block_1_36' title="bbox 318 3115 1906 3190">
    <p class='ocr_par' dir='ltr' id='par_1_36' title="bbox 318 3115 1906 3190">
     <span class='ocr_line' id='line_1_36' title="bbox 318 3115 1906 3190; baseline 0.001 -22"><span class='ocrx_word' id='word_1_274' title='bbox 318 3115 579 3170; x_wconf 74' lang='grc' dir='ltr'>ἐκάλεσε.</span> <span class='ocrx_word' id='word_1_275' title='bbox 614 3117 723 3170; x_wconf 78' lang='grc' dir='ltr'><strong>Καὶ</strong></span> <span class='ocrx_word' id='word_1_276' title='bbox 757 3117 880 3169; x_wconf 77' lang='grc' dir='ltr'>ἐπεὶ</span> <span class='ocrx_word' id='word_1_277' title='bbox 908 3116 1083 3169; x_wconf 86' lang='grc' dir='ltr'>ταῦτα</span> <span class='ocrx_word' id='word_1_278' title='bbox 1115 3115 1290 3178; x_wconf 75' lang='grc' dir='ltr'>οὕτως</span> <span class='ocrx_word' id='word_1_279' title='bbox 1333 3116 1470 3184; x_wconf 78' lang='grc' dir='ltr'>ἔχει,</span> <span class='ocrx_word' id='word_1_280' title='bbox 1526 3117 1669 3180; x_wconf 85' lang='grc' dir='ltr'>τίνος</span> <span class='ocrx_word' id='word_1_281' title='bbox 1710 3119 1906 3190; x_wconf 74' lang='grc' dir='ltr'><strong>¹ἕνεκεν</strong></span> 
     </span>
    </p>
   </div>
   <div class='ocr_carea' id='block_1_37' title="bbox 2081 1108 3581 1181">
    <p class='ocr_par' dir='ltr' id='par_1_37' title="bbox 2081 1108 3581 1181">
     <span class='ocr_line' id='line_1_37' title="bbox 2081 1108 3581 1181; baseline 0.005 -21"><span class='ocrx_word' id='word_1_282' title='bbox 2081 1109 2148 1161; x_wconf 82' lang='lat' dir='ltr'><strong>At</strong></span> <span class='ocrx_word' id='word_1_283' title='bbox 2181 1108 2324 1163; x_wconf 89' lang='lat' dir='ltr'><strong>unde</strong></span> <span class='ocrx_word' id='word_1_284' title='bbox 2353 1109 2549 1179; x_wconf 91' lang='lat' dir='ltr'><strong>liquet,</strong></span> <span class='ocrx_word' id='word_1_285' title='bbox 2595 1111 2872 1165; x_wconf 84' lang='lat' dir='ltr'><strong>diabolum</strong></span> <span class='ocrx_word' id='word_1_286' title='bbox 2907 1111 2958 1165; x_wconf 90' lang='lat' dir='ltr'><strong>in</strong></span> <span class='ocrx_word' id='word_1_287' title='bbox 2990 1121 3246 1181; x_wconf 90' lang='lat' dir='ltr'><strong>serpente</strong></span> <span class='ocrx_word' id='word_1_288' title='bbox 3279 1128 3396 1167; x_wconf 89' lang='lat' dir='ltr'><strong>esse</strong></span> <span class='ocrx_word' id='word_1_289' title='bbox 3427 1115 3581 1168; x_wconf 88' lang='lat' dir='ltr'><strong>loeu-</strong></span> 
     </span>
    </p>
   </div>
   <div class='ocr_carea' id='block_1_38' title="bbox 2013 1201 3582 1270">
    <p class='ocr_par' dir='ltr' id='par_1_38' title="bbox 2013 1201 3582 1270">
     <span class='ocr_line' id='line_1_38' title="bbox 2013 1201 3582 1270; baseline 0.004 -19"><span class='ocrx_word' id='word_1_290' title='bbox 2013 1207 2144 1259; x_wconf 86' lang='lat' dir='ltr'><strong>tum,</strong></span> <span class='ocrx_word' id='word_1_291' title='bbox 2201 1215 2326 1252; x_wconf 91' lang='lat' dir='ltr'><strong>cum</strong></span> <span class='ocrx_word' id='word_1_292' title='bbox 2383 1201 2433 1252; x_wconf 93' lang='lat' dir='ltr'><strong>id</strong></span> <span class='ocrx_word' id='word_1_293' title='bbox 2498 1201 2646 1255; x_wconf 87' lang='lat' dir='ltr'><strong>ttllibi</strong></span> <span class='ocrx_word' id='word_1_294' title='bbox 2711 1202 2994 1270; x_wconf 81' lang='lat' dir='ltr'><strong>Scriptura</strong></span> <span class='ocrx_word' id='word_1_295' title='bbox 3051 1218 3157 1254; x_wconf 92' lang='lat' dir='ltr'><strong>non</strong></span> <span class='ocrx_word' id='word_1_296' title='bbox 3221 1202 3411 1256; x_wconf 81' lang='lat' dir='ltr'><strong>dicat?</strong></span> <span class='ocrx_word' id='word_1_297' title='bbox 3447 1201 3582 1258; x_wconf 82' lang='lat' dir='ltr'><strong>Vide</strong></span> 
     </span>
    </p>
   </div>
   <div class='ocr_carea' id='block_1_39' title="bbox 2010 1289 3586 1358">
    <p class='ocr_par' dir='ltr' id='par_1_39' title="bbox 2010 1289 3586 1358">
     <span class='ocr_line' id='line_1_39' title="bbox 2010 1289 3586 1358; baseline 0.003 -17"><span class='ocrx_word' id='word_1_298' title='bbox 2010 1290 2154 1341; x_wconf 87' lang='lat' dir='ltr'><strong>enim</strong></span> <span class='ocrx_word' id='word_1_299' title='bbox 2186 1299 2239 1342; x_wconf 91' lang='lat' dir='ltr'><strong>et</strong></span> <span class='ocrx_word' id='word_1_300' title='bbox 2275 1289 2506 1343; x_wconf 83' lang='lat' dir='ltr'><strong>Paulum</strong></span> <span class='ocrx_word' id='word_1_301' title='bbox 2545 1291 2744 1358; x_wconf 84' lang='lat' dir='ltr'><strong>ipsum,</strong></span> <span class='ocrx_word' id='word_1_302' title='bbox 2783 1307 2906 1345; x_wconf 92' lang='lat' dir='ltr'><strong>cum</strong></span> <span class='ocrx_word' id='word_1_303' title='bbox 2979 1292 3249 1358; x_wconf 79' lang='lat' dir='ltr'><strong>serpentis</strong></span> <span class='ocrx_word' id='word_1_304' title='bbox 3307 1293 3586 1346; x_wconf 89' lang='lat' dir='ltr'><strong>meminis-</strong></span> 
     </span>
    </p>
   </div>
   <div class='ocr_carea' id='block_1_40' title="bbox 2009 1381 3581 1452">
    <p class='ocr_par' dir='ltr' id='par_1_40' title="bbox 2009 1381 3581 1452">
     <span class='ocr_line' id='line_1_40' title="bbox 2009 1381 3581 1452; baseline 0.003 -18"><span class='ocrx_word' id='word_1_305' title='bbox 2009 1390 2110 1444; x_wconf 88' lang='lat' dir='ltr'><strong>set,</strong></span> <span class='ocrx_word' id='word_1_306' title='bbox 2152 1381 2422 1435; x_wconf 87' lang='lat' dir='ltr'><strong>dicentem</strong></span> <span class='ocrx_word' id='word_1_307' title='bbox 2453 1400 2464 1435; x_wconf 91' lang='lat'><strong>:</strong></span> <span class='ocrx_word' id='word_1_308' title='bbox 2499 1402 2517 1434; x_wconf 75' lang='grc' dir='ltr'><strong>ι</strong></span> <span class='ocrx_word' id='word_1_309' title='bbox 2546 1383 2734 1436; x_wconf 84' lang='lat' dir='ltr'><strong>Timeo</strong></span> <span class='ocrx_word' id='word_1_310' title='bbox 2764 1398 2832 1435; x_wconf 89' lang='lat' dir='ltr'><strong>ne</strong></span> <span class='ocrx_word' id='word_1_311' title='bbox 2867 1382 3034 1446; x_wconf 81' lang='lat' dir='ltr'><strong>forte,</strong></span> <span class='ocrx_word' id='word_1_312' title='bbox 3065 1390 3124 1435; x_wconf 90' lang='lat' dir='ltr'><strong>ut</strong></span> <span class='ocrx_word' id='word_1_313' title='bbox 3157 1398 3383 1452; x_wconf 85' lang='lat' dir='ltr'><strong>serpens</strong></span> <span class='ocrx_word' id='word_1_314' title='bbox 3418 1385 3581 1438; x_wconf 83' lang='lat' dir='ltr'><strong>Evam</strong></span> 
     </span>
    </p>
   </div>
   <div class='ocr_carea' id='block_1_41' title="bbox 2008 1474 3584 1542">
    <p class='ocr_par' dir='ltr' id='par_1_41' title="bbox 2008 1474 3584 1542">
     <span class='ocr_line' id='line_1_41' title="bbox 2008 1474 3584 1542; baseline 0.002 -17"><span class='ocrx_word' id='word_1_315' title='bbox 2008 1487 2103 1525; x_wconf 84' lang='lat' dir='ltr'><strong>sua</strong></span> <span class='ocrx_word' id='word_1_316' title='bbox 2186 1474 2481 1528; x_wconf 85' lang='lat' dir='ltr'><strong>calliditate</strong></span> <span class='ocrx_word' id='word_1_317' title='bbox 2513 1474 2794 1529; x_wconf 78' lang='lat' dir='ltr'><strong>seduxit&#39;.</strong></span> <span class='ocrx_word' id='word_1_318' title='bbox 2832 1493 2850 1525; x_wconf 76' lang='grc' dir='ltr'><strong>ι</strong></span> <span class='ocrx_word' id='word_1_319' title='bbox 2937 1475 3087 1526; x_wconf 86' lang='lat' dir='ltr'><strong>l&#39;nde</strong></span> <span class='ocrx_word' id='word_1_320' title='bbox 3140 1475 3304 1542; x_wconf 77' lang='lat' dir='ltr'><strong>igitur</strong></span> <span class='ocrx_word' id='word_1_321' title='bbox 3367 1483 3584 1528; x_wconf 86' lang='lat' dir='ltr'><strong>constat</strong></span> 
     </span>
    </p>
   </div>
   <div class='ocr_carea' id='block_1_42' title="bbox 2004 1563 3583 1634">
    <p class='ocr_par' dir='ltr' id='par_1_42' title="bbox 2004 1563 3583 1634">
     <span class='ocr_line' id='line_1_42' title="bbox 2004 1563 3583 1634; baseline 0.001 -17"><span class='ocrx_word' id='word_1_322' title='bbox 2004 1563 2275 1617; x_wconf 84' lang='lat' dir='ltr'><strong>diabolum</strong></span> <span class='ocrx_word' id='word_1_323' title='bbox 2312 1580 2406 1633; x_wconf 88' lang='lat' dir='ltr'><strong>per</strong></span> <span class='ocrx_word' id='word_1_324' title='bbox 2438 1573 2754 1632; x_wconf 81' lang='lat' dir='ltr'><strong>serpentem</strong></span> <span class='ocrx_word' id='word_1_325' title='bbox 2789 1565 2963 1632; x_wconf 83' lang='lat' dir='ltr'><strong>ipsum</strong></span> <span class='ocrx_word' id='word_1_326' title='bbox 2989 1579 3112 1618; x_wconf 90' lang='lat' dir='ltr'><strong>esse</strong></span> <span class='ocrx_word' id='word_1_327' title='bbox 3145 1564 3436 1617; x_wconf 88' lang='lat' dir='ltr'><strong>locutum?</strong></span> <span class='ocrx_word' id='word_1_328' title='bbox 3464 1564 3583 1634; x_wconf 89' lang='lat' dir='ltr'><strong>Ipse</strong></span> 
     </span>
    </p>
   </div>
   <div class='ocr_carea' id='block_1_43' title="bbox 1999 1655 3583 1731">
    <p class='ocr_par' dir='ltr' id='par_1_43' title="bbox 1999 1655 3583 1731">
     <span class='ocr_line' id='line_1_43' title="bbox 1999 1655 3583 1731; baseline 0.003 -24"><span class='ocrx_word' id='word_1_329' title='bbox 1999 1655 2262 1710; x_wconf 91' lang='lat' dir='ltr'><strong>Dominus</strong></span> <span class='ocrx_word' id='word_1_330' title='bbox 2322 1672 2353 1711; x_wconf 88' lang='lat' dir='ltr'><strong>e</strong></span> <span class='ocrx_word' id='word_1_331' title='bbox 2403 1658 2581 1710; x_wconf 85' lang='lat' dir='ltr'><strong>medio</strong></span> <span class='ocrx_word' id='word_1_332' title='bbox 2611 1657 3030 1726; x_wconf 75' lang='lat' dir='ltr'><strong>perplexitatem</strong></span> <span class='ocrx_word' id='word_1_333' title='bbox 3079 1657 3324 1731; x_wconf 79' lang='lat' dir='ltr'><strong>Sustulit,</strong></span> <span class='ocrx_word' id='word_1_334' title='bbox 3360 1671 3431 1708; x_wconf 91' lang='lat' dir='ltr'><strong>ne</strong></span> <span class='ocrx_word' id='word_1_335' title='bbox 3459 1657 3583 1724; x_wconf 88' lang='lat' dir='ltr'><strong>quis</strong></span> 
     </span>
    </p>
   </div>
   <div class='ocr_carea' id='block_1_44' title="bbox 2001 1748 3578 1817">
    <p class='ocr_par' dir='ltr' id='par_1_44' title="bbox 2001 1748 3578 1817">
     <span class='ocr_line' id='line_1_44' title="bbox 2001 1748 3578 1817; baseline 0 -15"><span class='ocrx_word' id='word_1_336' title='bbox 2001 1755 2282 1815; x_wconf 87' lang='lat' dir='ltr'><strong>peccatum</strong></span> <span class='ocrx_word' id='word_1_337' title='bbox 2309 1748 2361 1800; x_wconf 91' lang='lat' dir='ltr'><strong>in</strong></span> <span class='ocrx_word' id='word_1_338' title='bbox 2401 1759 2733 1815; x_wconf 87' lang='lat' dir='ltr'><strong>serpentem.</strong></span> <span class='ocrx_word' id='word_1_339' title='bbox 2761 1757 2814 1801; x_wconf 91' lang='lat' dir='ltr'><strong>et</strong></span> <span class='ocrx_word' id='word_1_340' title='bbox 2844 1749 3063 1817; x_wconf 87' lang='lat' dir='ltr'><strong>quidem</strong></span> <span class='ocrx_word' id='word_1_341' title='bbox 3093 1748 3301 1813; x_wconf 87' lang='lat' dir='ltr'><strong>solum,</strong></span> <span class='ocrx_word' id='word_1_342' title='bbox 3338 1748 3578 1816; x_wconf 85' lang='lat' dir='ltr'><strong>rejiciat.</strong></span> 
     </span>
    </p>
   </div>
   <div class='ocr_carea' id='block_1_45' title="bbox 2004 1837 3575 1922">
    <p class='ocr_par' dir='ltr' id='par_1_45' title="bbox 2004 1837 3575 1922">
     <span class='ocr_line' id='line_1_45' title="bbox 2004 1837 3575 1922; baseline -0.003 -30"><span class='ocrx_word' id='word_1_343' title='bbox 2004 1837 2206 1894; x_wconf 67' lang='lat' dir='ltr'><strong>Iudaeis</strong></span> <span class='ocrx_word' id='word_1_344' title='bbox 2243 1841 2414 1907; x_wconf 91' lang='lat' dir='ltr'><strong>enim,</strong></span> <span class='ocrx_word' id='word_1_345' title='bbox 2446 1855 2570 1892; x_wconf 89' lang='lat' dir='ltr'><strong>cum</strong></span> <span class='ocrx_word' id='word_1_346' title='bbox 2610 1840 2687 1892; x_wconf 88' lang='lat' dir='ltr'><strong>illi</strong></span> <span class='ocrx_word' id='word_1_347' title='bbox 2718 1839 2994 1892; x_wconf 83' lang='lat' dir='ltr'><strong>dixerunt.</strong></span> <span class='ocrx_word' id='word_1_348' title='bbox 3025 1856 3043 1889; x_wconf 74' lang='grc' dir='ltr'><strong>ι</strong></span> <span class='ocrx_word' id='word_1_349' title='bbox 3070 1838 3148 1892; x_wconf 83' lang='lat' dir='ltr'><strong>Ex</strong></span> <span class='ocrx_word' id='word_1_350' title='bbox 3190 1837 3299 1891; x_wconf 91' lang='lat' dir='ltr'><strong>Deo</strong></span> <span class='ocrx_word' id='word_1_351' title='bbox 3322 1853 3575 1922; x_wconf 55' lang='lat' dir='ltr'><strong>sumus,»</strong></span> 
     </span>
    </p>
   </div>
   <div class='ocr_carea' id='block_1_46' title="bbox 2009 1929 3580 1995">
    <p class='ocr_par' dir='ltr' id='par_1_46' title="bbox 2009 1929 3580 1995">
     <span class='ocr_line' id='line_1_46' title="bbox 2009 1929 3580 1995; baseline -0.003 -9"><span class='ocrx_word' id='word_1_352' title='bbox 2009 1932 2257 1986; x_wconf 77' lang='lat' dir='ltr'><strong>dicebat:</strong></span> <span class='ocrx_word' id='word_1_353' title='bbox 2298 1951 2316 1982; x_wconf 79' lang='grc' dir='ltr'><strong>ι</strong></span> <span class='ocrx_word' id='word_1_354' title='bbox 2351 1930 2410 1986; x_wconf 86' lang='lat' dir='ltr'><strong>Si</strong></span> <span class='ocrx_word' id='word_1_355' title='bbox 2456 1947 2523 1984; x_wconf 81' lang='lat' dir='ltr'><strong>ex</strong></span> <span class='ocrx_word' id='word_1_356' title='bbox 2550 1930 2657 1985; x_wconf 92' lang='lat' dir='ltr'><strong>Deo</strong></span> <span class='ocrx_word' id='word_1_357' title='bbox 2700 1931 2916 1995; x_wconf 80' lang='lat' dir='ltr'><strong>essetis,</strong></span> <span class='ocrx_word' id='word_1_358' title='bbox 2945 1929 3036 1984; x_wconf 88' lang='lat' dir='ltr'><strong>Dei</strong></span> <span class='ocrx_word' id='word_1_359' title='bbox 3063 1939 3212 1983; x_wconf 90' lang='lat' dir='ltr'><strong>certe</strong></span> <span class='ocrx_word' id='word_1_360' title='bbox 3244 1930 3580 1984; x_wconf 78' lang='lat' dir='ltr'><strong>voluntatem</strong></span> 
     </span>
    </p>
   </div>
   <div class='ocr_carea' id='block_1_47' title="bbox 2009 2015 3578 2092">
    <p class='ocr_par' dir='ltr' id='par_1_47' title="bbox 2009 2015 3578 2092">
     <span class='ocr_line' id='line_1_47' title="bbox 2009 2015 3578 2092; baseline -0.003 -15"><span class='ocrx_word' id='word_1_361' title='bbox 2009 2015 2296 2078; x_wconf 80' lang='lat' dir='ltr'><strong>faceretis:</strong></span> <span class='ocrx_word' id='word_1_362' title='bbox 2333 2039 2479 2078; x_wconf 91' lang='lat' dir='ltr'><strong>nunc</strong></span> <span class='ocrx_word' id='word_1_363' title='bbox 2534 2033 2719 2077; x_wconf 89' lang='lat' dir='ltr'><strong>autem</strong></span> <span class='ocrx_word' id='word_1_364' title='bbox 2787 2039 2853 2076; x_wconf 78' lang='lat' dir='ltr'><strong>ex</strong></span> <span class='ocrx_word' id='word_1_365' title='bbox 2917 2033 3070 2092; x_wconf 90' lang='lat' dir='ltr'><strong>patre</strong></span> <span class='ocrx_word' id='word_1_366' title='bbox 3125 2031 3308 2075; x_wconf 83' lang='lat' dir='ltr'><strong>vestro</strong></span> <span class='ocrx_word' id='word_1_367' title='bbox 3364 2022 3578 2076; x_wconf 82' lang='lat' dir='ltr'><strong>diabolo</strong></span> 
     </span>
    </p>
   </div>
   <div class='ocr_carea' id='block_1_48' title="bbox 2009 2110 3577 2180">
    <p class='ocr_par' dir='ltr' id='par_1_48' title="bbox 2009 2110 3577 2180">
     <span class='ocr_line' id='line_1_48' title="bbox 2009 2110 3577 2180; baseline -0.003 -14"><span class='ocrx_word' id='word_1_368' title='bbox 2009 2113 2142 2166; x_wconf 85' lang='lat' dir='ltr'><strong>estis</strong></span> <span class='ocrx_word' id='word_1_369' title='bbox 2172 2131 2182 2165; x_wconf 92' lang='lat'><strong>:</strong></span> <span class='ocrx_word' id='word_1_370' title='bbox 2212 2112 2302 2166; x_wconf 91' lang='lat' dir='ltr'><strong>ille</strong></span> <span class='ocrx_word' id='word_1_371' title='bbox 2337 2122 2454 2166; x_wconf 87' lang='lat' dir='ltr'><strong>erat</strong></span> <span class='ocrx_word' id='word_1_372' title='bbox 2506 2111 2778 2166; x_wconf 83' lang='lat' dir='ltr'><strong>homicida</strong></span> <span class='ocrx_word' id='word_1_373' title='bbox 2811 2111 2878 2165; x_wconf 82' lang='lat' dir='ltr'><strong>ab</strong></span> <span class='ocrx_word' id='word_1_374' title='bbox 2919 2110 3078 2165; x_wconf 88' lang='lat' dir='ltr'><strong>initio</strong></span> <span class='ocrx_word' id='word_1_375' title='bbox 3106 2113 3149 2166; x_wconf 82' lang='grc'><strong>³.</strong></span> <span class='ocrx_word' id='word_1_376' title='bbox 3184 2130 3201 2162; x_wconf 76' lang='grc' dir='ltr'><strong>ι</strong></span> <span class='ocrx_word' id='word_1_377' title='bbox 3239 2111 3374 2165; x_wconf 89' lang='lat' dir='ltr'><strong>lliue</strong></span> <span class='ocrx_word' id='word_1_378' title='bbox 3419 2112 3577 2180; x_wconf 69' lang='lat' dir='ltr'><strong>igitur</strong></span> 
     </span>
    </p>
   </div>
   <div class='ocr_carea' id='block_1_49' title="bbox 2009 2203 3579 2274">
    <p class='ocr_par' dir='ltr' id='par_1_49' title="bbox 2009 2203 3579 2274">
     <span class='ocr_line' id='line_1_49' title="bbox 2009 2203 3579 2274; baseline -0.001 -16"><span class='ocrx_word' id='word_1_379' title='bbox 2009 2214 2197 2274; x_wconf 88' lang='lat' dir='ltr'><strong>aperte</strong></span> <span class='ocrx_word' id='word_1_380' title='bbox 2262 2205 2531 2271; x_wconf 87' lang='lat' dir='ltr'><strong>constitit,</strong></span> <span class='ocrx_word' id='word_1_381' title='bbox 2566 2220 2689 2260; x_wconf 92' lang='lat' dir='ltr'><strong>cum</strong></span> <span class='ocrx_word' id='word_1_382' title='bbox 2748 2203 3003 2259; x_wconf 73' lang='lat' dir='ltr'><strong>diabolus</strong></span> <span class='ocrx_word' id='word_1_383' title='bbox 3054 2204 3108 2257; x_wconf 92' lang='lat' dir='ltr'><strong>in</strong></span> <span class='ocrx_word' id='word_1_384' title='bbox 3158 2205 3272 2272; x_wconf 85' lang='lat' dir='ltr'><strong>ipso</strong></span> <span class='ocrx_word' id='word_1_385' title='bbox 3327 2215 3579 2272; x_wconf 75' lang='lat' dir='ltr'><strong>serpente</strong></span> 
     </span>
    </p>
   </div>
   <div class='ocr_carea' id='block_1_50' title="bbox 2007 2293 3565 2357">
    <p class='ocr_par' dir='ltr' id='par_1_50' title="bbox 2007 2293 3565 2357">
     <span class='ocr_line' id='line_1_50' title="bbox 2007 2293 3565 2357; baseline -0.003 -9"><span class='ocrx_word' id='word_1_386' title='bbox 2007 2294 2220 2349; x_wconf 90' lang='lat' dir='ltr'><strong>locutus</strong></span> <span class='ocrx_word' id='word_1_387' title='bbox 2245 2305 2419 2357; x_wconf 87' lang='lat' dir='ltr'><strong>esset,</strong></span> <span class='ocrx_word' id='word_1_388' title='bbox 2459 2294 2512 2348; x_wconf 92' lang='lat' dir='ltr'><strong>id</strong></span> <span class='ocrx_word' id='word_1_389' title='bbox 2547 2295 2897 2348; x_wconf 77' lang='lat' dir='ltr'><strong>contexuisse</strong></span> <span class='ocrx_word' id='word_1_390' title='bbox 2953 2303 3011 2347; x_wconf 91' lang='lat' dir='ltr'><strong>ut</strong></span> <span class='ocrx_word' id='word_1_391' title='bbox 3070 2293 3228 2347; x_wconf 89' lang='lat' dir='ltr'><strong>morti</strong></span> <span class='ocrx_word' id='word_1_392' title='bbox 3263 2294 3424 2346; x_wconf 86' lang='lat' dir='ltr'><strong>homo</strong></span> <span class='ocrx_word' id='word_1_393' title='bbox 3455 2309 3565 2345; x_wconf 37' lang='lat' dir='ltr'><strong>suc,</strong></span> 
     </span>
    </p>
   </div>
   <div class='ocr_carea' id='block_1_51' title="bbox 2007 2382 3580 2456">
    <p class='ocr_par' dir='ltr' id='par_1_51' title="bbox 2007 2382 3580 2456">
     <span class='ocr_line' id='line_1_51' title="bbox 2007 2382 3580 2456; baseline -0.005 -14"><span class='ocrx_word' id='word_1_394' title='bbox 2007 2387 2290 2442; x_wconf 87' lang='lat' dir='ltr'><strong>cumberet</strong></span> <span class='ocrx_word' id='word_1_395' title='bbox 2312 2384 2444 2456; x_wconf 73' lang='lat'><strong>(25).</strong></span> <span class='ocrx_word' id='word_1_396' title='bbox 2489 2382 2600 2437; x_wconf 81' lang='lat' dir='ltr'><strong>Nisi</strong></span> <span class='ocrx_word' id='word_1_397' title='bbox 2635 2384 2777 2437; x_wconf 87' lang='lat' dir='ltr'><strong>enim</strong></span> <span class='ocrx_word' id='word_1_398' title='bbox 2816 2383 2991 2437; x_wconf 73' lang='lat' dir='ltr'><strong>resita</strong></span> <span class='ocrx_word' id='word_1_399' title='bbox 3026 2398 3084 2436; x_wconf 78' lang='lat' dir='ltr'><strong>se</strong></span> <span class='ocrx_word' id='word_1_400' title='bbox 3113 2382 3412 2444; x_wconf 81' lang='lat' dir='ltr'><strong>habuisset,</strong></span> <span class='ocrx_word' id='word_1_401' title='bbox 3443 2398 3580 2434; x_wconf 76' lang='lat' dir='ltr'><strong>nuu~</strong></span> 
     </span>
    </p>
   </div>
   <div class='ocr_carea' id='block_1_52' title="bbox 2009 2472 3579 2544">
    <p class='ocr_par' dir='ltr' id='par_1_52' title="bbox 2009 2472 3579 2544">
     <span class='ocr_line' id='line_1_52' title="bbox 2009 2472 3579 2544; baseline -0.002 -16"><span class='ocrx_word' id='word_1_402' title='bbox 2009 2491 2170 2544; x_wconf 89' lang='lat' dir='ltr'><strong>quam</strong></span> <span class='ocrx_word' id='word_1_403' title='bbox 2209 2475 2319 2537; x_wconf 93' lang='lat' dir='ltr'><strong>ille,</strong></span> <span class='ocrx_word' id='word_1_404' title='bbox 2350 2475 2442 2541; x_wconf 92' lang='lat' dir='ltr'><strong>qui</strong></span> <span class='ocrx_word' id='word_1_405' title='bbox 2493 2472 2820 2526; x_wconf 81' lang='lat' dir='ltr'><strong>immortalis</strong></span> <span class='ocrx_word' id='word_1_406' title='bbox 2861 2472 3056 2538; x_wconf 81' lang='lat' dir='ltr'><strong>fuerat,</strong></span> <span class='ocrx_word' id='word_1_407' title='bbox 3091 2472 3337 2525; x_wconf 84' lang='lat' dir='ltr'><strong>mortalis</strong></span> <span class='ocrx_word' id='word_1_408' title='bbox 3370 2473 3579 2525; x_wconf 86' lang='lat' dir='ltr'><strong>evasis—</strong></span> 
     </span>
    </p>
   </div>
   <div class='ocr_carea' id='block_1_53' title="bbox 2009 2565 3582 2636">
    <p class='ocr_par' dir='ltr' id='par_1_53' title="bbox 2009 2565 3582 2636">
     <span class='ocr_line' id='line_1_53' title="bbox 2009 2565 3582 2636; baseline -0.003 -13"><span class='ocrx_word' id='word_1_409' title='bbox 2009 2577 2112 2623; x_wconf 88' lang='lat' dir='ltr'><strong>set.</strong></span> <span class='ocrx_word' id='word_1_410' title='bbox 2149 2566 2290 2621; x_wconf 82' lang='lat' dir='ltr'><strong>Etsi</strong></span> <span class='ocrx_word' id='word_1_411' title='bbox 2323 2566 2506 2620; x_wconf 91' lang='lat' dir='ltr'><strong>minus</strong></span> <span class='ocrx_word' id='word_1_412' title='bbox 2540 2566 2624 2620; x_wconf 88' lang='lat' dir='ltr'><strong>bis</strong></span> <span class='ocrx_word' id='word_1_413' title='bbox 2669 2582 2790 2636; x_wconf 68' lang='lat' dir='ltr'><strong>qua:</strong></span> <span class='ocrx_word' id='word_1_414' title='bbox 2848 2566 3127 2630; x_wconf 88' lang='lat' dir='ltr'><strong>dicuntur,</strong></span> <span class='ocrx_word' id='word_1_415' title='bbox 3167 2565 3325 2620; x_wconf 77' lang='lat' dir='ltr'><strong>[idem</strong></span> <span class='ocrx_word' id='word_1_416' title='bbox 3384 2565 3582 2618; x_wconf 84' lang='lat' dir='ltr'><strong>adhibe</strong></span> 
     </span>
    </p>
   </div>
   <div class='ocr_carea' id='block_1_54' title="bbox 2009 2657 3578 2725">
    <p class='ocr_par' dir='ltr' id='par_1_54' title="bbox 2009 2657 3578 2725">
     <span class='ocr_line' id='line_1_54' title="bbox 2009 2657 3578 2725; baseline -0.003 -11"><span class='ocrx_word' id='word_1_417' title='bbox 2009 2659 2245 2725; x_wconf 84' lang='lat' dir='ltr'><strong>sapienti</strong></span> <span class='ocrx_word' id='word_1_418' title='bbox 2278 2658 2578 2723; x_wconf 85' lang='lat' dir='ltr'><strong>Salomoni,</strong></span> <span class='ocrx_word' id='word_1_419' title='bbox 2615 2673 2738 2712; x_wconf 92' lang='lat' dir='ltr'><strong>cum</strong></span> <span class='ocrx_word' id='word_1_420' title='bbox 2771 2659 2942 2714; x_wconf 80' lang='lat' dir='ltr'><strong>dicit:</strong></span> <span class='ocrx_word' id='word_1_421' title='bbox 2977 2677 2994 2709; x_wconf 81' lang='grc' dir='ltr'><strong>ι</strong></span> <span class='ocrx_word' id='word_1_422' title='bbox 3031 2657 3172 2711; x_wconf 92' lang='lat' dir='ltr'><strong>Deus</strong></span> <span class='ocrx_word' id='word_1_423' title='bbox 3211 2666 3435 2711; x_wconf 83' lang='lat' dir='ltr'><strong>mortem</strong></span> <span class='ocrx_word' id='word_1_424' title='bbox 3471 2674 3578 2710; x_wconf 90' lang='lat' dir='ltr'><strong>non</strong></span> 
     </span>
    </p>
   </div>
   <div class='ocr_carea' id='block_1_55' title="bbox 2010 2749 3578 2817">
    <p class='ocr_par' dir='ltr' id='par_1_55' title="bbox 2010 2749 3578 2817">
     <span class='ocr_line' id='line_1_55' title="bbox 2010 2749 3578 2817; baseline -0.003 -11"><span class='ocrx_word' id='word_1_425' title='bbox 2010 2752 2160 2812; x_wconf 82' lang='lat' dir='ltr'><strong>fecit.</strong></span> <span class='ocrx_word' id='word_1_426' title='bbox 2191 2753 2286 2805; x_wconf 87' lang='lat' dir='ltr'><strong>sed</strong></span> <span class='ocrx_word' id='word_1_427' title='bbox 2318 2751 2598 2804; x_wconf 88' lang='lat' dir='ltr'><strong>hominem</strong></span> <span class='ocrx_word' id='word_1_428' title='bbox 2631 2751 2684 2803; x_wconf 92' lang='lat' dir='ltr'><strong>in</strong></span> <span class='ocrx_word' id='word_1_429' title='bbox 2727 2750 3138 2817; x_wconf 83' lang='lat' dir='ltr'><strong>incorruptione</strong></span> <span class='ocrx_word' id='word_1_430' title='bbox 3168 2749 3404 2803; x_wconf 88' lang='lat' dir='ltr'><strong>ereavit:</strong></span> <span class='ocrx_word' id='word_1_431' title='bbox 3437 2749 3578 2801; x_wconf 88' lang='lat' dir='ltr'><strong>invi-</strong></span> 
     </span>
    </p>
   </div>
   <div class='ocr_carea' id='block_1_56' title="bbox 2009 2839 3572 2897">
    <p class='ocr_par' dir='ltr' id='par_1_56' title="bbox 2009 2839 3572 2897">
     <span class='ocr_line' id='line_1_56' title="bbox 2009 2839 3572 2897; baseline -0.004 -1"><span class='ocrx_word' id='word_1_432' title='bbox 2009 2844 2094 2897; x_wconf 88' lang='lat' dir='ltr'><strong>dia</strong></span> <span class='ocrx_word' id='word_1_433' title='bbox 2145 2851 2325 2895; x_wconf 89' lang='lat' dir='ltr'><strong>autem</strong></span> <span class='ocrx_word' id='word_1_434' title='bbox 2382 2842 2579 2895; x_wconf 90' lang='lat' dir='ltr'><strong>diaboli</strong></span> <span class='ocrx_word' id='word_1_435' title='bbox 2632 2857 2778 2894; x_wconf 87' lang='lat' dir='ltr'><strong>mors</strong></span> <span class='ocrx_word' id='word_1_436' title='bbox 2831 2841 3055 2894; x_wconf 90' lang='lat' dir='ltr'><strong>intravit</strong></span> <span class='ocrx_word' id='word_1_437' title='bbox 3085 2842 3138 2893; x_wconf 93' lang='lat' dir='ltr'><strong>in</strong></span> <span class='ocrx_word' id='word_1_438' title='bbox 3177 2840 3437 2894; x_wconf 89' lang='lat' dir='ltr'><strong>mundum</strong></span> <span class='ocrx_word' id='word_1_439' title='bbox 3479 2839 3518 2892; x_wconf 87' lang='grc'><strong>³.</strong></span> <span class='ocrx_word' id='word_1_440' title='bbox 3553 2859 3572 2890; x_wconf 71' lang='grc' dir='ltr'><strong>ι</strong></span> 
     </span>
    </p>
   </div>
   <div class='ocr_carea' id='block_1_57' title="bbox 2011 2928 3582 3000">
    <p class='ocr_par' dir='ltr' id='par_1_57' title="bbox 2011 2928 3582 3000">
     <span class='ocr_line' id='line_1_57' title="bbox 2011 2928 3582 3000; baseline -0.004 -14"><span class='ocrx_word' id='word_1_441' title='bbox 2011 2933 2508 2987; x_wconf 76' lang='lat' dir='ltr'><strong>Manifestissimum</strong></span> <span class='ocrx_word' id='word_1_442' title='bbox 2542 2941 2628 2986; x_wconf 85' lang='lat' dir='ltr'><strong>est</strong></span> <span class='ocrx_word' id='word_1_443' title='bbox 2683 2928 2856 3000; x_wconf 64' lang='lat' dir='ltr'><strong>igitur</strong></span> <span class='ocrx_word' id='word_1_444' title='bbox 2901 2932 3100 2984; x_wconf 87' lang='lat' dir='ltr'><strong>malum</strong></span> <span class='ocrx_word' id='word_1_445' title='bbox 3139 2931 3287 2983; x_wconf 88' lang='lat' dir='ltr'><strong>illum</strong></span> <span class='ocrx_word' id='word_1_446' title='bbox 3319 2945 3414 2998; x_wconf 91' lang='lat' dir='ltr'><strong>per</strong></span> <span class='ocrx_word' id='word_1_447' title='bbox 3466 2943 3582 2980; x_wconf 88' lang='lat' dir='ltr'><strong>scr-</strong></span> 
     </span>
    </p>
   </div>
   <div class='ocr_carea' id='block_1_58' title="bbox 2010 3023 3576 3095">
    <p class='ocr_par' dir='ltr' id='par_1_58' title="bbox 2010 3023 3576 3095">
     <span class='ocr_line' id='line_1_58' title="bbox 2010 3023 3576 3095; baseline -0.003 -16"><span class='ocrx_word' id='word_1_448' title='bbox 2010 3035 2231 3095; x_wconf 85' lang='lat' dir='ltr'><strong>pentem</strong></span> <span class='ocrx_word' id='word_1_449' title='bbox 2265 3027 2442 3094; x_wconf 91' lang='lat' dir='ltr'><strong>ipsum</strong></span> <span class='ocrx_word' id='word_1_450' title='bbox 2484 3040 2603 3080; x_wconf 88' lang='lat' dir='ltr'><strong>esse</strong></span> <span class='ocrx_word' id='word_1_451' title='bbox 2647 3025 2886 3078; x_wconf 88' lang='lat' dir='ltr'><strong>loculum</strong></span> <span class='ocrx_word' id='word_1_452' title='bbox 2915 3041 2929 3073; x_wconf 69' lang='grc' dir='ltr'><strong>ι</strong></span> <span class='ocrx_word' id='word_1_453' title='bbox 2957 3023 3058 3077; x_wconf 91' lang='lat' dir='ltr'><strong>nisi</strong></span> <span class='ocrx_word' id='word_1_454' title='bbox 3117 3023 3262 3075; x_wconf 91' lang='lat' dir='ltr'><strong>enim</strong></span> <span class='ocrx_word' id='word_1_455' title='bbox 3308 3024 3378 3076; x_wconf 84' lang='lat' dir='ltr'><strong>ita</strong></span> <span class='ocrx_word' id='word_1_456' title='bbox 3412 3030 3576 3085; x_wconf 87' lang='lat' dir='ltr'><strong>esset,</strong></span> 
     </span>
    </p>
   </div>
   <div class='ocr_carea' id='block_1_59' title="bbox 2011 3111 3581 3182">
    <p class='ocr_par' dir='ltr' id='par_1_59' title="bbox 2011 3111 3581 3182">
     <span class='ocr_line' id='line_1_59' title="bbox 2011 3111 3581 3182; baseline -0.004 -11"><span class='ocrx_word' id='word_1_457' title='bbox 2011 3117 2162 3172; x_wconf 91' lang='lat' dir='ltr'><strong>illum</strong></span> <span class='ocrx_word' id='word_1_458' title='bbox 2224 3117 2488 3170; x_wconf 88' lang='lat' dir='ltr'><strong>Dominus</strong></span> <span class='ocrx_word' id='word_1_459' title='bbox 2535 3115 2861 3170; x_wconf 88' lang='lat' dir='ltr'><strong>homicidam</strong></span> <span class='ocrx_word' id='word_1_460' title='bbox 2925 3130 3036 3168; x_wconf 90' lang='lat' dir='ltr'><strong>non</strong></span> <span class='ocrx_word' id='word_1_461' title='bbox 3102 3113 3451 3182; x_wconf 88' lang='lat' dir='ltr'><strong>appellasset.</strong></span> <span class='ocrx_word' id='word_1_462' title='bbox 3516 3111 3581 3165; x_wconf 84' lang='lat' dir='ltr'><strong>Et</strong></span> 
     </span>
    </p>
   </div>
   <div class='ocr_carea' id='block_1_60' title="bbox 324 3199 1894 3280">
    <p class='ocr_par' dir='ltr' id='par_1_60' title="bbox 324 3202 1894 3274">
     <span class='ocr_line' id='line_1_60' title="bbox 324 3202 1894 3274; baseline 0.001 -19"><span class='ocrx_word' id='word_1_463' title='bbox 324 3203 754 3274; x_wconf 77' lang='grc' dir='ltr'>μνημονεύουσα</span> <span class='ocrx_word' id='word_1_464' title='bbox 799 3204 833 3273; x_wconf 80' lang='grc' dir='ltr'>ἡ</span> <span class='ocrx_word' id='word_1_465' title='bbox 882 3203 1076 3274; x_wconf 82' lang='grc' dir='ltr'>Γραφὴ</span> <span class='ocrx_word' id='word_1_466' title='bbox 1103 3202 1199 3255; x_wconf 86' lang='grc' dir='ltr'><strong>τοῦ</strong></span> <span class='ocrx_word' id='word_1_467' title='bbox 1245 3202 1422 3270; x_wconf 81' lang='grc' dir='ltr'>ὖφεως</span> <span class='ocrx_word' id='word_1_468' title='bbox 1463 3203 1624 3272; x_wconf 80' lang='grc' dir='ltr'>μόνου</span> <span class='ocrx_word' id='word_1_469' title='bbox 1666 3205 1731 3258; x_wconf 79' lang='grc' dir='ltr'><strong>τὰ</strong></span> <span class='ocrx_word' id='word_1_470' title='bbox 1764 3206 1894 3258; x_wconf 80' lang='grc' dir='ltr'>κατὲ</span> 
     </span>
    </p>
   </div>
   <div class='ocr_carea' id='block_1_61' title="bbox 2010 3199 3578 3280">
    <p class='ocr_par' dir='ltr' id='par_1_61' title="bbox 2010 3199 3578 3280">
     <span class='ocr_line' id='line_1_61' title="bbox 2010 3199 3578 3280; baseline -0.005 -16"><span class='ocrx_word' id='word_1_471' title='bbox 2010 3210 2454 3280; x_wconf 86' lang='lat' dir='ltr'><strong>quandoquidem</strong></span> <span class='ocrx_word' id='word_1_472' title='bbox 2492 3210 2608 3263; x_wconf 65' lang='lat' dir='ltr'><strong>haec</strong></span> <span class='ocrx_word' id='word_1_473' title='bbox 2667 3208 2740 3261; x_wconf 90' lang='lat' dir='ltr'><strong>ita</strong></span> <span class='ocrx_word' id='word_1_474' title='bbox 2781 3223 2838 3262; x_wconf 92' lang='lat' dir='ltr'><strong>se</strong></span> <span class='ocrx_word' id='word_1_475' title='bbox 2887 3199 3107 3268; x_wconf 59' lang='lat' dir='ltr'><strong>habent;</strong></span> <span class='ocrx_word' id='word_1_476' title='bbox 3136 3222 3241 3274; x_wconf 93' lang='lat' dir='ltr'><strong>qua</strong></span> <span class='ocrx_word' id='word_1_477' title='bbox 3297 3204 3364 3258; x_wconf 92' lang='lat' dir='ltr'><strong>de</strong></span> <span class='ocrx_word' id='word_1_478' title='bbox 3415 3218 3578 3256; x_wconf 85' lang='lat' dir='ltr'><strong>causa</strong></span> 
     </span>
    </p>
   </div>
   <div class='ocr_carea' id='block_1_62' title="bbox 315 3293 1901 3364">
    <p class='ocr_par' dir='ltr' id='par_1_62' title="bbox 315 3293 1901 3364">
     <span class='ocr_line' id='line_1_62' title="bbox 315 3293 1901 3364; baseline -0.001 -15"><span class='ocrx_word' id='word_1_479' title='bbox 315 3300 420 3350; x_wconf 65' lang='grc' dir='ltr'><strong>τὸν</strong></span> <span class='ocrx_word' id='word_1_480' title='bbox 451 3296 694 3349; x_wconf 79' lang='grc' dir='ltr'>διάϐολον</span> <span class='ocrx_word' id='word_1_481' title='bbox 722 3295 904 3348; x_wconf 83' lang='grc' dir='ltr'>τέλεον</span> <span class='ocrx_word' id='word_1_482' title='bbox 936 3293 1331 3364; x_wconf 67' lang='grc' dir='ltr'>ἀπεσιώπησεῖ</span> <span class='ocrx_word' id='word_1_483' title='bbox 1353 3297 1454 3347; x_wconf 80' lang='grc' dir='ltr'><strong>Διὰ</strong></span> <span class='ocrx_word' id='word_1_484' title='bbox 1491 3296 1589 3364; x_wconf 80' lang='grc' dir='ltr'>τὴν</span> <span class='ocrx_word' id='word_1_485' title='bbox 1635 3295 1901 3348; x_wconf 84' lang='grc' dir='ltr'>Ἰουδαίων</span> 
     </span>
    </p>
   </div>
   <div class='ocr_carea' id='block_1_63' title="bbox 319 3385 1902 3458">
    <p class='ocr_par' dir='ltr' id='par_1_63' title="bbox 319 3385 1902 3458">
     <span class='ocr_line' id='line_1_63' title="bbox 319 3385 1902 3458; baseline -0.001 -16"><span class='ocrx_word' id='word_1_486' title='bbox 319 3389 756 3458; x_wconf 76' lang='grc' dir='ltr'>εἰδωλομανίαν;</span> <span class='ocrx_word' id='word_1_487' title='bbox 795 3387 916 3440; x_wconf 83' lang='grc' dir='ltr'>Ἵνα</span> <span class='ocrx_word' id='word_1_488' title='bbox 961 3387 1068 3455; x_wconf 83' lang='grc' dir='ltr'><strong>γὰρ</strong></span> <span class='ocrx_word' id='word_1_489' title='bbox 1121 3387 1194 3456; x_wconf 79' lang='grc' dir='ltr'>μὴ</span> <span class='ocrx_word' id='word_1_490' title='bbox 1231 3386 1518 3455; x_wconf 84' lang='grc' dir='ltr'>μαθόντες,</span> <span class='ocrx_word' id='word_1_491' title='bbox 1551 3385 1626 3448; x_wconf 82' lang='grc' dir='ltr'>ὥς</span> <span class='ocrx_word' id='word_1_492' title='bbox 1676 3404 1844 3456; x_wconf 76' lang='grc' dir='ltr'>φησιν</span> <span class='ocrx_word' id='word_1_493' title='bbox 1873 3389 1902 3441; x_wconf 85' lang='grc' dir='ltr'>ὁ</span> 
     </span>
    </p>
   </div>
   <div class='ocr_carea' id='block_1_64' title="bbox 325 3474 1901 3550">
    <p class='ocr_par' dir='ltr' id='par_1_64' title="bbox 325 3474 1901 3550">
     <span class='ocr_line' id='line_1_64' title="bbox 325 3474 1901 3550; baseline -0.001 -16"><span class='ocrx_word' id='word_1_494' title='bbox 325 3481 600 3550; x_wconf 75' lang='grc' dir='ltr'>Συναῖτης</span> <span class='ocrx_word' id='word_1_495' title='bbox 636 3479 777 3543; x_wconf 87' lang='grc' dir='ltr'>θεῖος</span> <span class='ocrx_word' id='word_1_496' title='bbox 811 3478 1188 3541; x_wconf 83' lang='grc' dir='ltr'>Ἀναστάσιος,</span> <span class='ocrx_word' id='word_1_497' title='bbox 1222 3478 1314 3531; x_wconf 84' lang='grc' dir='ltr'><strong>καί</strong></span> <span class='ocrx_word' id='word_1_498' title='bbox 1347 3494 1503 3540; x_wconf 88' lang='grc' dir='ltr'>τινας</span> <span class='ocrx_word' id='word_1_499' title='bbox 1535 3474 1673 3531; x_wconf 74' lang='grc' dir='ltr'>εἶναι</span> <span class='ocrx_word' id='word_1_500' title='bbox 1709 3479 1901 3548; x_wconf 84' lang='grc' dir='ltr'>φύσεις</span> 
     </span>
    </p>
   </div>
   <div class='ocr_carea' id='block_1_65' title="bbox 316 3562 1902 3641">
    <p class='ocr_par' dir='ltr' id='par_1_65' title="bbox 316 3562 1902 3641">
     <span class='ocr_line' id='line_1_65' title="bbox 316 3562 1902 3641; baseline -0.002 -16"><span class='ocrx_word' id='word_1_501' title='bbox 316 3573 554 3638; x_wconf 79' lang='grc' dir='ltr'>ἁῢλους,</span> <span class='ocrx_word' id='word_1_502' title='bbox 601 3571 896 3625; x_wconf 75' lang='grc' dir='ltr'>κάντεῦθεν</span> <span class='ocrx_word' id='word_1_503' title='bbox 925 3562 1130 3632; x_wconf 81' lang='grc' dir='ltr'>ταύτας</span> <span class='ocrx_word' id='word_1_504' title='bbox 1175 3569 1592 3638; x_wconf 87' lang='grc' dir='ltr'>θεοποιήσωσιν,</span> <span class='ocrx_word' id='word_1_505' title='bbox 1623 3569 1746 3622; x_wconf 71' lang='grc' dir='ltr'>οὔτε</span> <span class='ocrx_word' id='word_1_506' title='bbox 1775 3571 1902 3641; x_wconf 72' lang='grc' dir='ltr'>περὶ</span> 
     </span>
    </p>
   </div>
   <div class='ocr_carea' id='block_1_66' title="bbox 316 3661 1899 3740">
    <p class='ocr_par' dir='ltr' id='par_1_66' title="bbox 316 3661 1899 3740">
     <span class='ocr_line' id='line_1_66' title="bbox 316 3661 1899 3740; baseline -0.002 -22"><span class='ocrx_word' id='word_1_507' title='bbox 316 3663 627 3732; x_wconf 84' lang='grc' dir='ltr'>δαιμόνων,</span> <span class='ocrx_word' id='word_1_508' title='bbox 655 3662 778 3716; x_wconf 82' lang='grc' dir='ltr'>οὔτε</span> <span class='ocrx_word' id='word_1_509' title='bbox 830 3661 1228 3740; x_wconf 23' lang='grc' dir='ltr'>περἰιφύσεως</span> <span class='ocrx_word' id='word_1_510' title='bbox 1283 3662 1529 3729; x_wconf 78' lang='grc' dir='ltr'>ἀγγέλων</span> <span class='ocrx_word' id='word_1_511' title='bbox 1560 3663 1593 3732; x_wconf 79' lang='grc' dir='ltr'><strong>ἡ</strong></span> <span class='ocrx_word' id='word_1_512' title='bbox 1629 3663 1899 3732; x_wconf 77' lang='grc' dir='ltr'>Μιυσαῖκὴ</span> 
     </span>
    </p>
   </div>
   <div class='ocr_carea' id='block_1_67' title="bbox 319 3752 1900 3826">
    <p class='ocr_par' dir='ltr' id='par_1_67' title="bbox 319 3752 1900 3826">
     <span class='ocr_line' id='line_1_67' title="bbox 319 3752 1900 3826; baseline 0.001 -20"><span class='ocrx_word' id='word_1_513' title='bbox 319 3756 509 3826; x_wconf 79' lang='grc' dir='ltr'>βίϐλος</span> <span class='ocrx_word' id='word_1_514' title='bbox 565 3755 864 3823; x_wconf 78' lang='grc' dir='ltr'>διείληφεν.</span> <span class='ocrx_word' id='word_1_515' title='bbox 921 3754 983 3806; x_wconf 88' lang='lat' dir='ltr'><strong>El</strong></span> <span class='ocrx_word' id='word_1_516' title='bbox 1023 3752 1132 3822; x_wconf 77' lang='grc' dir='ltr'>γὰρ</span> <span class='ocrx_word' id='word_1_517' title='bbox 1169 3753 1264 3807; x_wconf 76' lang='grc' dir='ltr'>καὶ</span> <span class='ocrx_word' id='word_1_518' title='bbox 1310 3754 1448 3824; x_wconf 74' lang='grc' dir='ltr'>μετὰ</span> <span class='ocrx_word' id='word_1_519' title='bbox 1496 3753 1736 3808; x_wconf 82' lang='grc' dir='ltr'>τοσαῦτα</span> <span class='ocrx_word' id='word_1_520' title='bbox 1770 3755 1900 3808; x_wconf 78' lang='grc' dir='ltr'>θαύο</span> 
     </span>
    </p>
   </div>
   <div class='ocr_carea' id='block_1_68' title="bbox 323 3843 1898 3917">
    <p class='ocr_par' dir='ltr' id='par_1_68' title="bbox 323 3843 1898 3917">
     <span class='ocr_line' id='line_1_68' title="bbox 323 3843 1898 3917; baseline 0 -19"><span class='ocrx_word' id='word_1_521' title='bbox 323 3864 480 3917; x_wconf 77' lang='grc' dir='ltr'>ματα</span> <span class='ocrx_word' id='word_1_522' title='bbox 510 3846 607 3914; x_wconf 79' lang='grc' dir='ltr'>τὴν</span> <span class='ocrx_word' id='word_1_523' title='bbox 640 3845 822 3897; x_wconf 75' lang='grc' dir='ltr'>εἰκόνα</span> <span class='ocrx_word' id='word_1_524' title='bbox 861 3845 952 3896; x_wconf 90' lang='grc' dir='ltr'><strong>τοῦ</strong></span> <span class='ocrx_word' id='word_1_525' title='bbox 995 3843 1199 3914; x_wconf 83' lang='grc' dir='ltr'>μόσχου</span> <span class='ocrx_word' id='word_1_526' title='bbox 1231 3843 1364 3896; x_wconf 85' lang='grc' dir='ltr'>Θεὸν</span> <span class='ocrx_word' id='word_1_527' title='bbox 1409 3845 1810 3914; x_wconf 86' lang='grc' dir='ltr'>ἀνηγόρευσαν,</span> <span class='ocrx_word' id='word_1_528' title='bbox 1843 3847 1898 3898; x_wconf 86' lang='grc' dir='ltr'><strong>τί</strong></span> 
     </span>
    </p>
   </div>
   <div class='ocr_carea' id='block_1_69' title="bbox 321 3935 1902 4008">
    <p class='ocr_par' dir='ltr' id='par_1_69' title="bbox 321 3935 1902 4008">
     <span class='ocr_line' id='line_1_69' title="bbox 321 3935 1902 4008; baseline -0.003 -16"><span class='ocrx_word' id='word_1_529' title='bbox 321 3941 434 3993; x_wconf 78' lang='grc' dir='ltr'>οὐκ</span> <span class='ocrx_word' id='word_1_530' title='bbox 468 3938 532 3992; x_wconf 84' lang='grc' dir='ltr'>ἂν</span> <span class='ocrx_word' id='word_1_531' title='bbox 556 3939 790 4008; x_wconf 75' lang='grc' dir='ltr'>ἔδρασαν</span> <span class='ocrx_word' id='word_1_532' title='bbox 826 3937 941 4003; x_wconf 79' lang='grc' dir='ltr'>εἴγε</span> <span class='ocrx_word' id='word_1_533' title='bbox 971 3935 1081 3989; x_wconf 87' lang='grc' dir='ltr'>τῶν</span> <span class='ocrx_word' id='word_1_534' title='bbox 1121 3935 1368 4006; x_wconf 81' lang='grc' dir='ltr'>ἀοράτων</span> <span class='ocrx_word' id='word_1_535' title='bbox 1399 3935 1615 4002; x_wconf 84' lang='grc' dir='ltr'>φύσεων</span> <span class='ocrx_word' id='word_1_536' title='bbox 1638 3936 1736 4004; x_wconf 86' lang='grc' dir='ltr'>τὴν</span> <span class='ocrx_word' id='word_1_537' title='bbox 1759 3937 1902 4004; x_wconf 84' lang='grc' dir='ltr'><strong>γνῶ-</strong></span> 
     </span>
    </p>
   </div>
   <div class='ocr_carea' id='block_1_70' title="bbox 329 4021 1898 4096">
    <p class='ocr_par' dir='ltr' id='par_1_70' title="bbox 329 4021 1898 4096">
     <span class='ocr_line' id='line_1_70' title="bbox 329 4021 1898 4096; baseline -0.003 -11"><span class='ocrx_word' id='word_1_538' title='bbox 329 4046 420 4085; x_wconf 87' lang='grc' dir='ltr'><strong>σιν</strong></span> <span class='ocrx_word' id='word_1_539' title='bbox 451 4029 730 4095; x_wconf 77' lang='grc' dir='ltr'>ὲδέξαντο;</span> <span class='ocrx_word' id='word_1_540' title='bbox 763 4029 884 4081; x_wconf 86' lang='grc' dir='ltr'>Ὀτι</span> <span class='ocrx_word' id='word_1_541' title='bbox 912 4025 968 4080; x_wconf 80' lang='grc' dir='ltr'>δὲ</span> <span class='ocrx_word' id='word_1_542' title='bbox 992 4025 1159 4079; x_wconf 82' lang='grc' dir='ltr'>ταῦτα</span> <span class='ocrx_word' id='word_1_543' title='bbox 1194 4023 1365 4089; x_wconf 80' lang='grc' dir='ltr'>οὕτως</span> <span class='ocrx_word' id='word_1_544' title='bbox 1392 4025 1527 4096; x_wconf 79' lang='grc' dir='ltr'>ἔχει,</span> <span class='ocrx_word' id='word_1_545' title='bbox 1557 4025 1716 4096; x_wconf 72' lang='grc' dir='ltr'>δῆλον</span> <span class='ocrx_word' id='word_1_546' title='bbox 1743 4027 1801 4091; x_wconf 78' lang='grc' dir='ltr'><strong>ἐξ</strong></span> <span class='ocrx_word' id='word_1_547' title='bbox 1824 4021 1898 4082; x_wconf 81' lang='grc' dir='ltr'><strong>ὧν</strong></span> 
     </span>
    </p>
   </div>
   <div class='ocr_carea' id='block_1_71' title="bbox 409 4163 1899 4235">
    <p class='ocr_par' dir='ltr' id='par_1_71' title="bbox 409 4163 1899 4235">
     <span class='ocr_line' id='line_1_71' title="bbox 409 4163 1899 4235; baseline -0.009 -12"><span class='ocrx_word' id='word_1_548' title='bbox 409 4167 426 4198; x_wconf 82' lang='grc'>⁸</span> <span class='ocrx_word' id='word_1_549' title='bbox 459 4168 503 4222; x_wconf 91' lang='lat' dir='ltr'><strong>ll</strong></span> <span class='ocrx_word' id='word_1_550' title='bbox 532 4169 657 4223; x_wconf 87' lang='lat' dir='ltr'><strong>Cor.</strong></span> <span class='ocrx_word' id='word_1_551' title='bbox 692 4183 768 4231; x_wconf 71' lang='lat' dir='ltr'><strong>Ill,</strong></span> <span class='ocrx_word' id='word_1_552' title='bbox 804 4165 859 4220; x_wconf 82' lang='grc'><strong>5.</strong></span> <span class='ocrx_word' id='word_1_553' title='bbox 943 4165 963 4195; x_wconf 82' lang='grc'><strong><em>²</em></strong></span> <span class='ocrx_word' id='word_1_554' title='bbox 987 4163 1146 4221; x_wconf 83' lang='lat' dir='ltr'><strong>Joan.</strong></span> <span class='ocrx_word' id='word_1_555' title='bbox 1179 4178 1294 4228; x_wconf 84' lang='lat' dir='ltr'><strong>vni,</strong></span> <span class='ocrx_word' id='word_1_556' title='bbox 1323 4163 1416 4218; x_wconf 71' lang='lat' dir='ltr'><strong>M.</strong></span> <span class='ocrx_word' id='word_1_557' title='bbox 1503 4164 1524 4197; x_wconf 82' lang='grc'>³</span> <span class='ocrx_word' id='word_1_558' title='bbox 1563 4165 1694 4235; x_wconf 73' lang='lat' dir='ltr'><strong>sap,</strong></span> <span class='ocrx_word' id='word_1_559' title='bbox 1721 4183 1784 4233; x_wconf 68' lang='grc' dir='ltr'>ιι,</span> <span class='ocrx_word' id='word_1_560' title='bbox 1807 4167 1899 4224; x_wconf 63' lang='grc'>24,</span> 
     </span>
    </p>
   </div>
   <div class='ocr_carea' id='block_1_72' title="bbox 321 4296 1896 4370">
    <p class='ocr_par' dir='ltr' id='par_1_72' title="bbox 321 4296 1896 4370">
     <span class='ocr_line' id='line_1_72' title="bbox 321 4296 1896 4370; baseline -0.007 -5"><span class='ocrx_word' id='word_1_561' title='bbox 321 4311 548 4370; x_wconf 80' lang='grc' dir='ltr'>Γὲνεσις</span> <span class='ocrx_word' id='word_1_562' title='bbox 578 4301 894 4358; x_wconf 85' lang='lat' dir='ltr'><strong>inscribitur</strong></span> <span class='ocrx_word' id='word_1_563' title='bbox 927 4296 1252 4353; x_wconf 87' lang='lat' dir='ltr'><strong>sententiam</strong></span> <span class='ocrx_word' id='word_1_564' title='bbox 1295 4305 1532 4362; x_wconf 89' lang='lat' dir='ltr'><strong>secutus,</strong></span> <span class='ocrx_word' id='word_1_565' title='bbox 1588 4314 1748 4366; x_wconf 91' lang='lat' dir='ltr'><strong>quam</strong></span> <span class='ocrx_word' id='word_1_566' title='bbox 1814 4311 1896 4354; x_wconf 89' lang='lat' dir='ltr'><strong>ta-</strong></span> 
     </span>
    </p>
   </div>
   <div class='ocr_carea' id='block_1_73' title="bbox 328 4370 1892 4438">
    <p class='ocr_par' dir='ltr' id='par_1_73' title="bbox 328 4370 1892 4438">
     <span class='ocr_line' id='line_1_73' title="bbox 328 4370 1892 4438; baseline -0.004 -11"><span class='ocrx_word' id='word_1_567' title='bbox 328 4395 460 4434; x_wconf 82' lang='lat' dir='ltr'><strong>men</strong></span> <span class='ocrx_word' id='word_1_568' title='bbox 486 4376 732 4428; x_wconf 81' lang='lat' dir='ltr'><strong>ronl&#39;utat</strong></span> <span class='ocrx_word' id='word_1_569' title='bbox 804 4371 1019 4438; x_wconf 15' lang='lat' dir='ltr'><strong>Glycasr</strong></span> <span class='ocrx_word' id='word_1_570' title='bbox 1066 4376 1252 4421; x_wconf 88' lang='lat' dir='ltr'><strong>noster</strong></span> <span class='ocrx_word' id='word_1_571' title='bbox 1307 4379 1458 4434; x_wconf 86' lang='lat' dir='ltr'><strong>parte</strong></span> <span class='ocrx_word' id='word_1_572' title='bbox 1507 4385 1522 4422; x_wconf 82' lang='grc' dir='ltr'><strong>ι</strong></span> <span class='ocrx_word' id='word_1_573' title='bbox 1577 4370 1892 4433; x_wconf 81' lang='lat' dir='ltr'><strong>Annalium,</strong></span> 
     </span>
    </p>
   </div>
   <div class='ocr_carea' id='block_1_74' title="bbox 325 4437 1896 4517">
    <p class='ocr_par' dir='ltr' id='par_1_74' title="bbox 325 4437 1896 4517">
     <span class='ocr_line' id='line_1_74' title="bbox 325 4437 1896 4517; baseline -0.001 -23"><span class='ocrx_word' id='word_1_574' title='bbox 325 4445 745 4517; x_wconf 70' lang='lat' dir='ltr'><strong>Cllt‘y30510llti__</strong></span> <span class='ocrx_word' id='word_1_575' title='bbox 787 4437 1114 4517; x_wconf 75' lang='lat' dir='ltr'><strong>sententiam</strong></span> <span class='ocrx_word' id='word_1_576' title='bbox 1170 4439 1493 4517; x_wconf 28' lang='lat' dir='ltr'><strong>namp‘lexus,</strong></span> <span class='ocrx_word' id='word_1_577' title='bbox 1551 4440 1642 4517; x_wconf 86' lang='lat' dir='ltr'><strong>qui</strong></span> <span class='ocrx_word' id='word_1_578' title='bbox 1707 4451 1896 4517; x_wconf 74' lang='lat' dir='ltr'><strong>censet</strong></span> 
     </span>
    </p>
   </div>
   <div class='ocr_carea' id='block_1_75' title="bbox 2006 3294 3577 3371">
    <p class='ocr_par' dir='ltr' id='par_1_75' title="bbox 2006 3294 3577 3371">
     <span class='ocr_line' id='line_1_75' title="bbox 2006 3294 3577 3371; baseline -0.006 -15"><span class='ocrx_word' id='word_1_579' title='bbox 2006 3301 2292 3371; x_wconf 88' lang='lat' dir='ltr'><strong>Scriptura</strong></span> <span class='ocrx_word' id='word_1_580' title='bbox 2326 3300 2496 3355; x_wconf 86' lang='lat' dir='ltr'><strong>solius</strong></span> <span class='ocrx_word' id='word_1_581' title='bbox 2549 3299 2817 3368; x_wconf 88' lang='lat' dir='ltr'><strong>serpentis</strong></span> <span class='ocrx_word' id='word_1_582' title='bbox 2871 3297 3198 3352; x_wconf 90' lang='lat' dir='ltr'><strong>mentionem</strong></span> <span class='ocrx_word' id='word_1_583' title='bbox 3253 3294 3478 3359; x_wconf 80' lang='lat' dir='ltr'><strong>faciens,</strong></span> <span class='ocrx_word' id='word_1_584' title='bbox 3515 3309 3577 3347; x_wconf 91' lang='lat' dir='ltr'><strong>ea</strong></span> 
     </span>
    </p>
   </div>
   <div class='ocr_carea' id='block_1_76' title="bbox 2007 3385 3573 3462">
    <p class='ocr_par' dir='ltr' id='par_1_76' title="bbox 2007 3385 3573 3462">
     <span class='ocr_line' id='line_1_76' title="bbox 2007 3385 3573 3462; baseline -0.004 -16"><span class='ocrx_word' id='word_1_585' title='bbox 2007 3408 2128 3462; x_wconf 71' lang='lat' dir='ltr'><strong>qua:</strong></span> <span class='ocrx_word' id='word_1_586' title='bbox 2162 3392 2436 3448; x_wconf 87' lang='lat' dir='ltr'><strong>diabolum</strong></span> <span class='ocrx_word' id='word_1_587' title='bbox 2477 3391 2736 3456; x_wconf 77' lang='lat' dir='ltr'><strong>attinent,</strong></span> <span class='ocrx_word' id='word_1_588' title='bbox 2760 3390 2986 3444; x_wconf 91' lang='lat' dir='ltr'><strong>omnino</strong></span> <span class='ocrx_word' id='word_1_589' title='bbox 3035 3385 3302 3443; x_wconf 85' lang='lat' dir='ltr'><strong>reticuit?</strong></span> <span class='ocrx_word' id='word_1_590' title='bbox 3342 3386 3573 3451; x_wconf 83' lang='lat' dir='ltr'><strong>Propter</strong></span> 
     </span>
    </p>
   </div>
   <div class='ocr_carea' id='block_1_77' title="bbox 2008 3478 3577 3554">
    <p class='ocr_par' dir='ltr' id='par_1_77' title="bbox 2008 3478 3577 3554">
     <span class='ocr_line' id='line_1_77' title="bbox 2008 3478 3577 3554; baseline -0.006 -16"><span class='ocrx_word' id='word_1_591' title='bbox 2008 3485 2338 3554; x_wconf 84' lang='lat' dir='ltr'><strong>inexpletam</strong></span> <span class='ocrx_word' id='word_1_592' title='bbox 2393 3482 2708 3537; x_wconf 69' lang='lat' dir='ltr'><strong>Judteorum</strong></span> <span class='ocrx_word' id='word_1_593' title='bbox 2755 3480 3078 3537; x_wconf 63' lang='lat' dir='ltr'><strong>idololatria:</strong></span> <span class='ocrx_word' id='word_1_594' title='bbox 3126 3478 3454 3533; x_wconf 88' lang='lat' dir='ltr'><strong>inhiantium</strong></span> <span class='ocrx_word' id='word_1_595' title='bbox 3491 3478 3577 3529; x_wconf 91' lang='lat' dir='ltr'><strong>in-</strong></span> 
     </span>
    </p>
   </div>
   <div class='ocr_carea' id='block_1_78' title="bbox 2006 3570 3579 3638">
    <p class='ocr_par' dir='ltr' id='par_1_78' title="bbox 2006 3570 3579 3638">
     <span class='ocr_line' id='line_1_78' title="bbox 2006 3570 3579 3638; baseline -0.005 -7"><span class='ocrx_word' id='word_1_596' title='bbox 2006 3577 2240 3632; x_wconf 83' lang='lat' dir='ltr'><strong>saniant.</strong></span> <span class='ocrx_word' id='word_1_597' title='bbox 2305 3575 2522 3630; x_wconf 90' lang='lat' dir='ltr'><strong>Etenim</strong></span> <span class='ocrx_word' id='word_1_598' title='bbox 2577 3590 2645 3629; x_wconf 91' lang='lat' dir='ltr'><strong>ne</strong></span> <span class='ocrx_word' id='word_1_599' title='bbox 2703 3589 2826 3628; x_wconf 90' lang='lat' dir='ltr'><strong>cum</strong></span> <span class='ocrx_word' id='word_1_600' title='bbox 2871 3572 3209 3638; x_wconf 89' lang='lat' dir='ltr'><strong>didicissent,</strong></span> <span class='ocrx_word' id='word_1_601' title='bbox 3254 3581 3312 3626; x_wconf 93' lang='lat' dir='ltr'><strong>ut</strong></span> <span class='ocrx_word' id='word_1_602' title='bbox 3362 3570 3579 3623; x_wconf 83' lang='lat' dir='ltr'><strong>divinus</strong></span> 
     </span>
    </p>
   </div>
   <div class='ocr_carea' id='block_1_79' title="bbox 2007 3662 3577 3733">
    <p class='ocr_par' dir='ltr' id='par_1_79' title="bbox 2007 3662 3577 3733">
     <span class='ocr_line' id='line_1_79' title="bbox 2007 3662 3577 3733; baseline -0.004 -13"><span class='ocrx_word' id='word_1_603' title='bbox 2007 3667 2326 3720; x_wconf 74' lang='lat' dir='ltr'><strong>Anastasius</strong></span> <span class='ocrx_word' id='word_1_604' title='bbox 2347 3666 2553 3719; x_wconf 86' lang='lat' dir='ltr'><strong>Sinaita</strong></span> <span class='ocrx_word' id='word_1_605' title='bbox 2588 3665 2684 3730; x_wconf 87' lang='lat' dir='ltr'><strong>ait,</strong></span> <span class='ocrx_word' id='word_1_606' title='bbox 2714 3680 2833 3720; x_wconf 90' lang='lat' dir='ltr'><strong>esse</strong></span> <span class='ocrx_word' id='word_1_607' title='bbox 2887 3665 3149 3733; x_wconf 87' lang='lat' dir='ltr'><strong>quasdam</strong></span> <span class='ocrx_word' id='word_1_608' title='bbox 3203 3672 3430 3716; x_wconf 90' lang='lat' dir='ltr'><strong>naturas</strong></span> <span class='ocrx_word' id='word_1_609' title='bbox 3463 3662 3577 3732; x_wconf 68' lang='lat' dir='ltr'><strong>(2i)</strong></span> 
     </span>
    </p>
   </div>
   <div class='ocr_carea' id='block_1_80' title="bbox 2007 3755 3578 3821">
    <p class='ocr_par' dir='ltr' id='par_1_80' title="bbox 2007 3755 3578 3821">
     <span class='ocr_line' id='line_1_80' title="bbox 2007 3755 3578 3821; baseline -0.003 -10"><span class='ocrx_word' id='word_1_610' title='bbox 2007 3758 2233 3811; x_wconf 89' lang='lat' dir='ltr'><strong>materia</strong></span> <span class='ocrx_word' id='word_1_611' title='bbox 2269 3757 2491 3810; x_wconf 87' lang='lat' dir='ltr'><strong>minime</strong></span> <span class='ocrx_word' id='word_1_612' title='bbox 2525 3766 2858 3821; x_wconf 85' lang='lat' dir='ltr'><strong>constantes,</strong></span> <span class='ocrx_word' id='word_1_613' title='bbox 2905 3758 3069 3810; x_wconf 88' lang='lat' dir='ltr'><strong>hasce</strong></span> <span class='ocrx_word' id='word_1_614' title='bbox 3113 3755 3314 3810; x_wconf 77' lang='lat' dir='ltr'><strong>exinde</strong></span> <span class='ocrx_word' id='word_1_615' title='bbox 3375 3755 3578 3808; x_wconf 81' lang='lat' dir='ltr'><strong>divinis</strong></span> 
     </span>
    </p>
   </div>
   <div class='ocr_carea' id='block_1_81' title="bbox 2006 3845 3574 3917">
    <p class='ocr_par' dir='ltr' id='par_1_81' title="bbox 2006 3845 3574 3917">
     <span class='ocr_line' id='line_1_81' title="bbox 2006 3845 3574 3917; baseline -0.005 -16"><span class='ocrx_word' id='word_1_616' title='bbox 2006 3848 2308 3902; x_wconf 82' lang='lat' dir='ltr'><strong>honoribus</strong></span> <span class='ocrx_word' id='word_1_617' title='bbox 2380 3858 2872 3917; x_wconf 81' lang='lat' dir='ltr'><strong>prosequerentur,</strong></span> <span class='ocrx_word' id='word_1_618' title='bbox 2905 3861 3082 3914; x_wconf 90' lang='lat' dir='ltr'><strong>neque</strong></span> <span class='ocrx_word' id='word_1_619' title='bbox 3139 3846 3206 3898; x_wconf 90' lang='lat' dir='ltr'><strong>de</strong></span> <span class='ocrx_word' id='word_1_620' title='bbox 3242 3845 3574 3904; x_wconf 66' lang='lat' dir='ltr'><strong>dmmunum,</strong></span> 
     </span>
    </p>
   </div>
   <div class='ocr_carea' id='block_1_82' title="bbox 2007 3933 3578 4008">
    <p class='ocr_par' dir='ltr' id='par_1_82' title="bbox 2007 3933 3578 4008">
     <span class='ocr_line' id='line_1_82' title="bbox 2007 3933 3578 4008; baseline -0.004 -17"><span class='ocrx_word' id='word_1_621' title='bbox 2007 3954 2186 4006; x_wconf 90' lang='lat' dir='ltr'><strong>neque</strong></span> <span class='ocrx_word' id='word_1_622' title='bbox 2219 3937 2284 3991; x_wconf 89' lang='lat' dir='ltr'><strong>de</strong></span> <span class='ocrx_word' id='word_1_623' title='bbox 2338 3937 2656 4008; x_wconf 80' lang='lat' dir='ltr'><strong>angelorum</strong></span> <span class='ocrx_word' id='word_1_624' title='bbox 2709 3946 2902 3991; x_wconf 87' lang='lat' dir='ltr'><strong>natura</strong></span> <span class='ocrx_word' id='word_1_625' title='bbox 2935 3935 3204 3990; x_wconf 80' lang='lat' dir='ltr'><strong>Mos-aiens</strong></span> <span class='ocrx_word' id='word_1_626' title='bbox 3237 3935 3371 3986; x_wconf 88' lang='lat' dir='ltr'><strong>liber</strong></span> <span class='ocrx_word' id='word_1_627' title='bbox 3399 3933 3578 3985; x_wconf 78' lang='lat' dir='ltr'><strong>disse-</strong></span> 
     </span>
    </p>
   </div>
   <div class='ocr_carea' id='block_1_83' title="bbox 2008 4024 3613 4101">
    <p class='ocr_par' dir='ltr' id='par_1_83' title="bbox 2008 4024 3613 4101">
     <span class='ocr_line' id='line_1_83' title="bbox 2008 4024 3613 4101; baseline -0.004 -19"><span class='ocrx_word' id='word_1_628' title='bbox 2008 4029 2114 4084; x_wconf 89' lang='lat' dir='ltr'><strong>ruit</strong></span> <span class='ocrx_word' id='word_1_629' title='bbox 2137 4029 2270 4101; x_wconf 76' lang='lat'><strong>(‘25).</strong></span> <span class='ocrx_word' id='word_1_630' title='bbox 2319 4029 2375 4083; x_wconf 89' lang='lat' dir='ltr'><strong>Si</strong></span> <span class='ocrx_word' id='word_1_631' title='bbox 2402 4029 2547 4084; x_wconf 90' lang='lat' dir='ltr'><strong>enim</strong></span> <span class='ocrx_word' id='word_1_632' title='bbox 2577 4039 2698 4101; x_wconf 87' lang='lat' dir='ltr'><strong>post</strong></span> <span class='ocrx_word' id='word_1_633' title='bbox 2740 4039 2888 4084; x_wconf 84' lang='lat' dir='ltr'><strong>tanta</strong></span> <span class='ocrx_word' id='word_1_634' title='bbox 2919 4029 3082 4084; x_wconf 82' lang='lat' dir='ltr'><strong>etiam</strong></span> <span class='ocrx_word' id='word_1_635' title='bbox 3108 4026 3395 4091; x_wconf 69' lang='lat' dir='ltr'><strong>miracula,</strong></span> <span class='ocrx_word' id='word_1_636' title='bbox 3426 4024 3613 4077; x_wconf 76' lang='lat' dir='ltr'><strong>vituli-</strong></span> 
     </span>
    </p>
   </div>
   <div class='ocr_carea' id='block_1_84' title="bbox 2094 4239 2110 4264">
    <p class='ocr_par' dir='ltr' id='par_1_84' title="bbox 2094 4239 2110 4264">
     <span class='ocr_line' id='line_1_84' title="bbox 2094 4239 2110 4264; baseline 0 0"><span class='ocrx_word' id='word_1_637' title='bbox 2094 4239 2110 4264; x_wconf 68' lang='grc' dir='ltr'><strong>ς</strong></span> 
     </span>
    </p>
   </div>
   <div class='ocr_carea' id='block_1_85' title="bbox 2004 4302 3581 4373">
    <p class='ocr_par' dir='ltr' id='par_1_85' title="bbox 2004 4302 3581 4373">
     <span class='ocr_line' id='line_1_85' title="bbox 2004 4302 3581 4373; baseline -0.002 -16"><span class='ocrx_word' id='word_1_638' title='bbox 2004 4317 2162 4357; x_wconf 88' lang='lat' dir='ltr'><strong>suum</strong></span> <span class='ocrx_word' id='word_1_639' title='bbox 2208 4302 2477 4371; x_wconf 77' lang='grc' dir='ltr'>Ὀφιονέα,</span> <span class='ocrx_word' id='word_1_640' title='bbox 2520 4312 2830 4373; x_wconf 87' lang='lat' dir='ltr'><strong>serpentem</strong></span> <span class='ocrx_word' id='word_1_641' title='bbox 2896 4302 3021 4356; x_wconf 70' lang='lat' dir='ltr'><strong>mali</strong></span> <span class='ocrx_word' id='word_1_642' title='bbox 3067 4310 3386 4373; x_wconf 86' lang='lat' dir='ltr'><strong>auctorem,</strong></span> <span class='ocrx_word' id='word_1_643' title='bbox 3422 4314 3581 4354; x_wconf 87' lang='lat' dir='ltr'><strong>eom-</strong></span> 
     </span>
    </p>
   </div>
   <div class='ocr_carea' id='block_1_86' title="bbox 2003 4372 3572 4440">
    <p class='ocr_par' dir='ltr' id='par_1_86' title="bbox 2003 4372 3572 4440">
     <span class='ocr_line' id='line_1_86' title="bbox 2003 4372 3572 4440; baseline -0.001 -15"><span class='ocrx_word' id='word_1_644' title='bbox 2003 4383 2291 4434; x_wconf 76' lang='lat' dir='ltr'><strong>memorat,</strong></span> <span class='ocrx_word' id='word_1_645' title='bbox 2327 4373 2418 4440; x_wconf 87' lang='lat' dir='ltr'><strong>qui</strong></span> <span class='ocrx_word' id='word_1_646' title='bbox 2447 4372 2702 4426; x_wconf 86' lang='lat' dir='ltr'><strong>adversas</strong></span> <span class='ocrx_word' id='word_1_647' title='bbox 2733 4374 2876 4426; x_wconf 88' lang='lat' dir='ltr'><strong>acies</strong></span> <span class='ocrx_word' id='word_1_648' title='bbox 2934 4374 2986 4424; x_wconf 93' lang='lat' dir='ltr'><strong>in</strong></span> <span class='ocrx_word' id='word_1_649' title='bbox 3020 4373 3159 4425; x_wconf 75' lang='lat' dir='ltr'><strong>coelo</strong></span> <span class='ocrx_word' id='word_1_650' title='bbox 3229 4372 3572 4440; x_wconf 70' lang='lat' dir='ltr'><strong>instruxerit,</strong></span> 
     </span>
    </p>
   </div>
   <div class='ocr_carea' id='block_1_87' title="bbox 2002 4437 3574 4504">
    <p class='ocr_par' dir='ltr' id='par_1_87' title="bbox 2002 4437 3574 4504">
     <span class='ocr_line' id='line_1_87' title="bbox 2002 4437 3574 4504; baseline -0.003 -10"><span class='ocrx_word' id='word_1_651' title='bbox 2002 4446 2188 4494; x_wconf 86' lang='lat' dir='ltr'><strong>eadem</strong></span> <span class='ocrx_word' id='word_1_652' title='bbox 2223 4437 2480 4496; x_wconf 69' lang='lat' dir='ltr'><strong>exhibere</strong></span> <span class='ocrx_word' id='word_1_653' title='bbox 2510 4443 2746 4496; x_wconf 87' lang='lat' dir='ltr'><strong>videtur.</strong></span> <span class='ocrx_word' id='word_1_654' title='bbox 2791 4442 2923 4494; x_wconf 77' lang='lat' dir='ltr'><strong>Nam</strong></span> <span class='ocrx_word' id='word_1_655' title='bbox 2952 4442 3023 4492; x_wconf 90' lang='lat' dir='ltr'><strong>ita</strong></span> <span class='ocrx_word' id='word_1_656' title='bbox 3081 4438 3268 4492; x_wconf 76' lang='lat' dir='ltr'><strong>scribit</strong></span> <span class='ocrx_word' id='word_1_657' title='bbox 3309 4437 3574 4504; x_wconf 56' lang='lat' dir='ltr'><strong>(higenus</strong></span> 
     </span>
    </p>
   </div>
   <div class='ocr_carea' id='block_1_88' title="bbox 326 4507 3576 4585">
    <p class='ocr_par' dir='ltr' id='par_1_88' title="bbox 326 4507 3576 4585">
     <span class='ocr_line' id='line_1_88' title="bbox 326 4507 3576 4585; baseline -0.004 -13"><span class='ocrx_word' id='word_1_658' title='bbox 326 4507 644 4585; x_wconf 73' lang='lat' dir='ltr'><strong>serpentem</strong></span> <span class='ocrx_word' id='word_1_659' title='bbox 675 4512 806 4564; x_wconf 87' lang='lat' dir='ltr'><strong>olim</strong></span> <span class='ocrx_word' id='word_1_660' title='bbox 839 4507 1062 4561; x_wconf 83' lang='lat' dir='ltr'><strong>orbibus</strong></span> <span class='ocrx_word' id='word_1_661' title='bbox 1091 4507 1418 4585; x_wconf 85' lang='lat' dir='ltr'><strong>quibusdam</strong></span> <span class='ocrx_word' id='word_1_662' title='bbox 1457 4509 1720 4562; x_wconf 86' lang='lat' dir='ltr'><strong>laetarum</strong></span> <span class='ocrx_word' id='word_1_663' title='bbox 1755 4509 1892 4585; x_wconf 54' lang='lat' dir='ltr'><strong>iniec</strong></span> <span class='ocrx_word' id='word_1_664' title='bbox 1930 4512 1973 4566; x_wconf 91' lang='lat' dir='ltr'><strong>D</strong></span> <span class='ocrx_word' id='word_1_665' title='bbox 2004 4511 2100 4585; x_wconf 84' lang='lat' dir='ltr'><strong>lib.</strong></span> <span class='ocrx_word' id='word_1_666' title='bbox 2128 4525 2178 4585; x_wconf 76' lang='lat' dir='ltr'><strong>vt</strong></span> <span class='ocrx_word' id='word_1_667' title='bbox 2211 4521 2392 4585; x_wconf 82' lang='lat' dir='ltr'><strong>contra</strong></span> <span class='ocrx_word' id='word_1_668' title='bbox 2426 4511 2632 4565; x_wconf 79' lang='lat' dir='ltr'><strong>Celsum</strong></span> <span class='ocrx_word' id='word_1_669' title='bbox 2657 4529 2692 4585; x_wconf 90' lang='lat'><strong><em>:_</em></strong></span> <span class='ocrx_word' id='word_1_670' title='bbox 2714 4532 2730 4562; x_wconf 76' lang='grc' dir='ltr'><strong>ι</strong></span> <span class='ocrx_word' id='word_1_671' title='bbox 2766 4511 2920 4585; x_wconf 79' lang='lat' dir='ltr'><strong>Vide,</strong></span> <span class='ocrx_word' id='word_1_672' title='bbox 2955 4525 3020 4562; x_wconf 85' lang='lat' dir='ltr'><strong>an</strong></span> <span class='ocrx_word' id='word_1_673' title='bbox 3057 4525 3160 4560; x_wconf 91' lang='lat' dir='ltr'><strong>non</strong></span> <span class='ocrx_word' id='word_1_674' title='bbox 3183 4509 3311 4585; x_wconf 79' lang='lat' dir='ltr'><strong>iste,</strong></span> <span class='ocrx_word' id='word_1_675' title='bbox 3349 4507 3438 4573; x_wconf 89' lang='lat' dir='ltr'><strong>qui</strong></span> <span class='ocrx_word' id='word_1_676' title='bbox 3478 4526 3576 4585; x_wconf 72' lang='lat' dir='ltr'><strong>nn-</strong></span> 
     </span>
    </p>
   </div>
   <div class='ocr_carea' id='block_1_89' title="bbox 325 4580 1901 4645">
    <p class='ocr_par' dir='ltr' id='par_1_89' title="bbox 325 4580 1901 4645">
     <span class='ocr_line' id='line_1_89' title="bbox 325 4580 1901 4645; baseline -0.013 -3"><span class='ocrx_word' id='word_1_677' title='bbox 325 4580 447 4642; x_wconf 76' lang='lat' dir='ltr'><strong>rins</strong></span> <span class='ocrx_word' id='word_1_678' title='bbox 481 4585 926 4638; x_wconf 89' lang='lat' dir='ltr'><strong>convolutionum</strong></span> <span class='ocrx_word' id='word_1_679' title='bbox 958 4584 1199 4630; x_wconf 87' lang='lat' dir='ltr'><strong>erectum</strong></span> <span class='ocrx_word' id='word_1_680' title='bbox 1231 4587 1459 4632; x_wconf 79' lang='lat' dir='ltr'><strong>extenso</strong></span> <span class='ocrx_word' id='word_1_681' title='bbox 1491 4586 1713 4645; x_wconf 83' lang='lat' dir='ltr'><strong>pectore</strong></span> <span class='ocrx_word' id='word_1_682' title='bbox 1751 4580 1901 4634; x_wconf 71' lang='grc' dir='ltr'>γριυι</span> 
     </span>
    </p>
   </div>
   <div class='ocr_carea' id='block_1_90' title="bbox 323 4657 1378 4718">
    <p class='ocr_par' dir='ltr' id='par_1_90' title="bbox 323 4657 1378 4718">
     <span class='ocr_line' id='line_1_90' title="bbox 323 4657 1378 4718; baseline -0.006 -9"><span class='ocrx_word' id='word_1_683' title='bbox 323 4657 684 4718; x_wconf 83' lang='lat' dir='ltr'><strong>inequitasse.</strong></span> <span class='ocrx_word' id='word_1_684' title='bbox 945 4716 963 4718; x_wconf 72' lang='lat'><strong><em>_</em></strong></span> <span class='ocrx_word' id='word_1_685' title='bbox 1049 4715 1058 4718; x_wconf 94' lang='lat'>_</span> <span class='ocrx_word' id='word_1_686' title='bbox 1325 4716 1336 4718; x_wconf 96' lang='lat'><em>_</em></span> <span class='ocrx_word' id='word_1_687' title='bbox 1373 4659 1378 4718; x_wconf 73' lang='grc' dir='ltr'><strong>ξ</strong></span> 
     </span>
    </p>
   </div>
   <div class='ocr_carea' id='block_1_91' title="bbox 406 4715 1902 4798">
    <p class='ocr_par' dir='ltr' id='par_1_91' title="bbox 406 4715 1902 4798">
     <span class='ocr_line' id='line_1_91' title="bbox 406 4715 1902 4798; baseline 0.011 -41"><span class='ocrx_word' id='word_1_688' title='bbox 406 4715 518 4798; x_wconf 54' lang='grc' dir='ltr'>(ξι)</span> <span class='ocrx_word' id='word_1_689' title='bbox 560 4722 730 4776; x_wconf 58' lang='lat' dir='ltr'><strong>Mutus</strong></span> <span class='ocrx_word' id='word_1_690' title='bbox 759 4718 878 4773; x_wconf 77' lang='grc' dir='ltr'><strong>κατ’</strong></span> <span class='ocrx_word' id='word_1_691' title='bbox 906 4715 1103 4796; x_wconf 74' lang='grc' dir='ltr'>ὲξοχήν</span> <span class='ocrx_word' id='word_1_692' title='bbox 1167 4730 1194 4767; x_wconf 86' lang='lat' dir='ltr'><strong>a</strong></span> <span class='ocrx_word' id='word_1_693' title='bbox 1230 4716 1415 4798; x_wconf 80' lang='lat' dir='ltr'><strong>multis</strong></span> <span class='ocrx_word' id='word_1_694' title='bbox 1470 4717 1774 4798; x_wconf 71' lang='lat' dir='ltr'><strong>appellatus</strong></span> <span class='ocrx_word' id='word_1_695' title='bbox 1817 4727 1902 4798; x_wconf 70' lang='lat' dir='ltr'><strong>est</strong></span> 
     </span>
    </p>
   </div>
   <div class='ocr_carea' id='block_1_92' title="bbox 325 4786 1898 4856">
    <p class='ocr_par' dir='ltr' id='par_1_92' title="bbox 325 4786 1898 4856">
     <span class='ocr_line' id='line_1_92' title="bbox 325 4786 1898 4856; baseline -0.008 -4"><span class='ocrx_word' id='word_1_696' title='bbox 325 4786 602 4855; x_wconf 73' lang='lat' dir='ltr'><strong>diabolus,</strong></span> <span class='ocrx_word' id='word_1_697' title='bbox 637 4801 693 4844; x_wconf 89' lang='lat' dir='ltr'><strong>et</strong></span> <span class='ocrx_word' id='word_1_698' title='bbox 727 4801 853 4844; x_wconf 84' lang='lat' dir='ltr'><strong>sunt</strong></span> <span class='ocrx_word' id='word_1_699' title='bbox 876 4786 967 4856; x_wconf 91' lang='lat' dir='ltr'><strong>qui</strong></span> <span class='ocrx_word' id='word_1_700' title='bbox 994 4793 1252 4856; x_wconf 79' lang='lat' dir='ltr'><strong>censeant</strong></span> <span class='ocrx_word' id='word_1_701' title='bbox 1282 4789 1428 4856; x_wconf 84' lang='lat' dir='ltr'><strong>hunc</strong></span> <span class='ocrx_word' id='word_1_702' title='bbox 1491 4786 1740 4848; x_wconf 85' lang='lat' dir='ltr'><strong>indicari,</strong></span> <span class='ocrx_word' id='word_1_703' title='bbox 1809 4790 1898 4840; x_wconf 85' lang='lat' dir='ltr'><strong>tibi</strong></span> 
     </span>
    </p>
   </div>
   <div class='ocr_carea' id='block_1_93' title="bbox 329 4853 1896 4919">
    <p class='ocr_par' dir='ltr' id='par_1_93' title="bbox 329 4853 1896 4919">
     <span class='ocr_line' id='line_1_93' title="bbox 329 4853 1896 4919; baseline -0.004 0"><span class='ocrx_word' id='word_1_704' title='bbox 329 4869 388 4919; x_wconf 86' lang='lat' dir='ltr'><strong>in</strong></span> <span class='ocrx_word' id='word_1_705' title='bbox 420 4853 677 4918; x_wconf 85' lang='lat' dir='ltr'><strong>Oratione</strong></span> <span class='ocrx_word' id='word_1_706' title='bbox 705 4853 988 4915; x_wconf 76' lang='lat' dir='ltr'><strong>Dominica</strong></span> <span class='ocrx_word' id='word_1_707' title='bbox 1023 4853 1223 4908; x_wconf 86' lang='lat' dir='ltr'><strong>dicitur</strong></span> <span class='ocrx_word' id='word_1_708' title='bbox 1258 4873 1270 4908; x_wconf 92' lang='lat'><strong>:</strong></span> <span class='ocrx_word' id='word_1_709' title='bbox 1307 4855 1494 4910; x_wconf 76' lang='lat' dir='ltr'><strong>Libera</strong></span> <span class='ocrx_word' id='word_1_710' title='bbox 1549 4870 1642 4910; x_wconf 77' lang='lat' dir='ltr'><strong>nos</strong></span> <span class='ocrx_word' id='word_1_711' title='bbox 1673 4875 1704 4911; x_wconf 91' lang='lat' dir='ltr'><strong>a</strong></span> <span class='ocrx_word' id='word_1_712' title='bbox 1735 4860 1896 4913; x_wconf 86' lang='lat' dir='ltr'><strong>malo.</strong></span> 
     </span>
    </p>
   </div>
   <div class='ocr_carea' id='block_1_94' title="bbox 328 4935 975 4999">
    <p class='ocr_par' dir='ltr' id='par_1_94' title="bbox 328 4935 975 4999">
     <span class='ocr_line' id='line_1_94' title="bbox 328 4935 975 4999; baseline -0.014 -8"><span class='ocrx_word' id='word_1_713' title='bbox 328 4935 608 4996; x_wconf 85' lang='lat' dir='ltr'><strong>Paulinus,</strong></span> <span class='ocrx_word' id='word_1_714' title='bbox 643 4946 827 4999; x_wconf 65' lang='lat' dir='ltr'><strong>poem,</strong></span> <span class='ocrx_word' id='word_1_715' title='bbox 857 4945 975 4999; x_wconf 58' lang='lat' dir='ltr'><strong>ut:</strong></span> 
     </span>
    </p>
   </div>
   <div class='ocr_carea' id='block_1_95' title="bbox 405 4997 1827 5058">
    <p class='ocr_par' dir='ltr' id='par_1_95' title="bbox 405 4997 1827 5058">
     <span class='ocr_line' id='line_1_95' title="bbox 405 4997 1827 5058; baseline -0.004 -1"><span class='ocrx_word' id='word_1_716' title='bbox 405 5005 529 5057; x_wconf 74' lang='lat' dir='ltr'><strong>Non</strong></span> <span class='ocrx_word' id='word_1_717' title='bbox 555 5003 675 5054; x_wconf 88' lang='lat' dir='ltr'><strong>tulit</strong></span> <span class='ocrx_word' id='word_1_718' title='bbox 703 4997 1012 5055; x_wconf 29' lang='lat' dir='ltr'><strong>Itazc‘ualus</strong></span> <span class='ocrx_word' id='word_1_719' title='bbox 1044 5002 1133 5054; x_wconf 85' lang='lat' dir='ltr'><strong>ille</strong></span> <span class='ocrx_word' id='word_1_720' title='bbox 1159 5000 1270 5058; x_wconf 81' lang='lat' dir='ltr'><strong>diu.</strong></span> <span class='ocrx_word' id='word_1_721' title='bbox 1298 4998 1387 5050; x_wconf 70' lang='lat' dir='ltr'><strong>sed</strong></span> <span class='ocrx_word' id='word_1_722' title='bbox 1414 4997 1671 5050; x_wconf 79' lang='lat' dir='ltr'><strong>inhorruit</strong></span> <span class='ocrx_word' id='word_1_723' title='bbox 1695 4999 1827 5052; x_wconf 80' lang='lat' dir='ltr'><strong>atris</strong></span> 
     </span>
    </p>
   </div>
   <div class='ocr_carea' id='block_1_96' title="bbox 405 5068 1788 5140">
    <p class='ocr_par' dir='ltr' id='par_1_96' title="bbox 405 5068 1788 5140">
     <span class='ocr_line' id='line_1_96' title="bbox 405 5068 1788 5140; baseline -0.004 -13"><span class='ocrx_word' id='word_1_724' title='bbox 405 5073 669 5133; x_wconf 78' lang='lat' dir='ltr'><strong>Crinibus,</strong></span> <span class='ocrx_word' id='word_1_725' title='bbox 696 5081 743 5123; x_wconf 85' lang='lat' dir='ltr'><strong>et</strong></span> <span class='ocrx_word' id='word_1_726' title='bbox 774 5070 972 5124; x_wconf 77' lang='lat' dir='ltr'><strong>rabidis</strong></span> <span class='ocrx_word' id='word_1_727' title='bbox 1007 5071 1211 5140; x_wconf 80' lang='lat' dir='ltr'><strong>inﬂavit</strong></span> <span class='ocrx_word' id='word_1_728' title='bbox 1247 5068 1380 5120; x_wconf 72' lang='lat' dir='ltr'><strong>colla</strong></span> <span class='ocrx_word' id='word_1_729' title='bbox 1411 5068 1649 5131; x_wconf 79' lang='lat' dir='ltr'><strong>venenis,</strong></span> <span class='ocrx_word' id='word_1_730' title='bbox 1682 5078 1788 5124; x_wconf 88' lang='lat' dir='ltr'><strong>etc.</strong></span> 
     </span>
    </p>
   </div>
   <div class='ocr_carea' id='block_1_97' title="bbox 330 5140 1646 5211">
    <p class='ocr_par' dir='ltr' id='par_1_97' title="bbox 330 5140 1646 5211">
     <span class='ocr_line' id='line_1_97' title="bbox 330 5140 1646 5211; baseline -0.008 -11"><span class='ocrx_word' id='word_1_731' title='bbox 330 5146 521 5211; x_wconf 84' lang='lat' dir='ltr'><strong>Itaque</strong></span> <span class='ocrx_word' id='word_1_732' title='bbox 541 5152 596 5211; x_wconf 73' lang='lat' dir='ltr'><strong>et</strong></span> <span class='ocrx_word' id='word_1_733' title='bbox 633 5157 660 5193; x_wconf 90' lang='lat' dir='ltr'><strong>a</strong></span> <span class='ocrx_word' id='word_1_734' title='bbox 694 5140 856 5208; x_wconf 84' lang='lat' dir='ltr'><strong>Glyca</strong></span> <span class='ocrx_word' id='word_1_735' title='bbox 888 5142 1250 5211; x_wconf 79' lang='grc' dir='ltr'>ιιαμπόνηρος</span> <span class='ocrx_word' id='word_1_736' title='bbox 1279 5148 1646 5211; x_wconf 76' lang='lat' dir='ltr'><strong>nuncupatur.</strong></span> 
     </span>
    </p>
   </div>
   <div class='ocr_carea' id='block_1_98' title="bbox 403 5205 1892 5282">
    <p class='ocr_par' dir='ltr' id='par_1_98' title="bbox 403 5205 1892 5282">
     <span class='ocr_line' id='line_1_98' title="bbox 403 5205 1892 5282; baseline -0.001 -16"><span class='ocrx_word' id='word_1_737' title='bbox 403 5205 517 5282; x_wconf 66' lang='grc' dir='ltr'><strong>(Ξὲ)</strong></span> <span class='ocrx_word' id='word_1_738' title='bbox 551 5205 865 5282; x_wconf 77' lang='lat' dir='ltr'><strong>Memoriam</strong></span> <span class='ocrx_word' id='word_1_739' title='bbox 900 5205 1060 5279; x_wconf 72' lang='lat' dir='ltr'><strong>huius</strong></span> <span class='ocrx_word' id='word_1_740' title='bbox 1083 5205 1354 5278; x_wconf 71' lang='lat' dir='ltr'><strong>serpentis</strong></span> <span class='ocrx_word' id='word_1_741' title='bbox 1378 5205 1621 5282; x_wconf 39' lang='lat' dir='ltr'><strong>.l&#39;raudis</strong></span> <span class='ocrx_word' id='word_1_742' title='bbox 1639 5219 1768 5262; x_wconf 87' lang='lat' dir='ltr'><strong>sunt</strong></span> <span class='ocrx_word' id='word_1_743' title='bbox 1801 5211 1892 5282; x_wconf 88' lang='lat' dir='ltr'><strong>qui</strong></span> 
     </span>
    </p>
   </div>
   <div class='ocr_carea' id='block_1_99' title="bbox 326 5275 1891 5349">
    <p class='ocr_par' dir='ltr' id='par_1_99' title="bbox 326 5275 1891 5349">
     <span class='ocr_line' id='line_1_99' title="bbox 326 5275 1891 5349; baseline -0.003 -11"><span class='ocrx_word' id='word_1_744' title='bbox 326 5275 507 5339; x_wconf 77' lang='lat' dir='ltr'><strong>velint</strong></span> <span class='ocrx_word' id='word_1_745' title='bbox 527 5280 668 5349; x_wconf 88' lang='lat' dir='ltr'><strong>apud</strong></span> <span class='ocrx_word' id='word_1_746' title='bbox 693 5280 944 5333; x_wconf 87' lang='lat' dir='ltr'><strong>etlmieos</strong></span> <span class='ocrx_word' id='word_1_747' title='bbox 973 5275 1125 5348; x_wconf 85' lang='lat' dir='ltr'><strong>ipsos</strong></span> <span class='ocrx_word' id='word_1_748' title='bbox 1158 5275 1504 5349; x_wconf 49' lang='lat' dir='ltr'><strong>remansisse.</strong></span> <span class='ocrx_word' id='word_1_749' title='bbox 1523 5275 1891 5349; x_wconf 43' lang='lat' dir='ltr'><strong>_adeoque_in</strong></span> 
     </span>
    </p>
   </div>
   <div class='ocr_carea' id='block_1_100' title="bbox 326 5343 1893 5421">
    <p class='ocr_par' dir='ltr' id='par_1_100' title="bbox 326 5343 1893 5421">
     <span class='ocr_line' id='line_1_100' title="bbox 326 5343 1893 5421; baseline -0.003 -13"><span class='ocrx_word' id='word_1_750' title='bbox 326 5343 576 5421; x_wconf 76' lang='lat' dir='ltr'><strong>antiquis</strong></span> <span class='ocrx_word' id='word_1_751' title='bbox 595 5350 904 5406; x_wconf 66' lang='lat' dir='ltr'><strong>Graecorum</strong></span> <span class='ocrx_word' id='word_1_752' title='bbox 939 5343 1212 5418; x_wconf 48' lang='lat' dir='ltr'><strong>misteriis</strong></span> <span class='ocrx_word' id='word_1_753' title='bbox 1242 5345 1353 5399; x_wconf 83' lang='lat' dir='ltr'><strong>Eva</strong></span> <span class='ocrx_word' id='word_1_754' title='bbox 1395 5345 1477 5399; x_wconf 85' lang='lat' dir='ltr'><strong>vel</strong></span> <span class='ocrx_word' id='word_1_755' title='bbox 1507 5343 1690 5421; x_wconf 42' lang='lat' dir='ltr'><strong>Epoai</strong></span> <span class='ocrx_word' id='word_1_756' title='bbox 1716 5343 1893 5403; x_wconf 80' lang='lat' dir='ltr'><strong>accla-</strong></span> 
     </span>
    </p>
   </div>
   <div class='ocr_carea' id='block_1_101' title="bbox 325 5414 1891 5486">
    <p class='ocr_par' dir='ltr' id='par_1_101' title="bbox 325 5414 1891 5486">
     <span class='ocr_line' id='line_1_101' title="bbox 325 5414 1891 5486; baseline -0.003 -8"><span class='ocrx_word' id='word_1_757' title='bbox 325 5414 558 5483; x_wconf 74' lang='lat' dir='ltr'><strong>rnatum,</strong></span> <span class='ocrx_word' id='word_1_758' title='bbox 597 5431 652 5474; x_wconf 89' lang='lat' dir='ltr'><strong>et</strong></span> <span class='ocrx_word' id='word_1_759' title='bbox 685 5414 1322 5486; x_wconf 64' lang='lat' dir='ltr'><strong>serpentem&#39;ostensum,</strong></span> <span class='ocrx_word' id='word_1_760' title='bbox 1353 5425 1409 5468; x_wconf 91' lang='lat' dir='ltr'><strong>ut</strong></span> <span class='ocrx_word' id='word_1_761' title='bbox 1449 5415 1612 5468; x_wconf 86' lang='lat' dir='ltr'><strong>tradit</strong></span> <span class='ocrx_word' id='word_1_762' title='bbox 1635 5414 1891 5474; x_wconf 90' lang='lat' dir='ltr'><strong>Clemens</strong></span> 
     </span>
    </p>
   </div>
   <div class='ocr_carea' id='block_1_102' title="bbox 326 5486 1890 5554">
    <p class='ocr_par' dir='ltr' id='par_1_102' title="bbox 326 5486 1890 5554">
     <span class='ocr_line' id='line_1_102' title="bbox 326 5486 1890 5554; baseline -0.001 -9"><span class='ocrx_word' id='word_1_763' title='bbox 326 5492 734 5546; x_wconf 80' lang='lat' dir='ltr'><strong>Alexandrinus</strong></span> <span class='ocrx_word' id='word_1_764' title='bbox 768 5491 819 5540; x_wconf 92' lang='lat' dir='ltr'><strong>in</strong></span> <span class='ocrx_word' id='word_1_765' title='bbox 854 5486 1198 5554; x_wconf 78' lang='lat' dir='ltr'><strong>Protreptico,</strong></span> <span class='ocrx_word' id='word_1_766' title='bbox 1253 5497 1309 5540; x_wconf 91' lang='lat' dir='ltr'><strong>et</strong></span> <span class='ocrx_word' id='word_1_767' title='bbox 1369 5494 1581 5537; x_wconf 88' lang='lat' dir='ltr'><strong>constat</strong></span> <span class='ocrx_word' id='word_1_768' title='bbox 1620 5488 1783 5541; x_wconf 87' lang='lat' dir='ltr'><strong>etiam</strong></span> <span class='ocrx_word' id='word_1_769' title='bbox 1824 5505 1890 5543; x_wconf 79' lang='lat' dir='ltr'><strong>ex</strong></span> 
     </span>
    </p>
   </div>
   <div class='ocr_carea' id='block_1_103' title="bbox 328 5556 1886 5626">
    <p class='ocr_par' dir='ltr' id='par_1_103' title="bbox 328 5556 1886 5626">
     <span class='ocr_line' id='line_1_103' title="bbox 328 5556 1886 5626; baseline -0.003 -9"><span class='ocrx_word' id='word_1_770' title='bbox 328 5561 621 5617; x_wconf 83' lang='lat' dir='ltr'><strong>Plutarcho</strong></span> <span class='ocrx_word' id='word_1_771' title='bbox 652 5560 705 5614; x_wconf 89' lang='lat' dir='ltr'><strong>in</strong></span> <span class='ocrx_word' id='word_1_772' title='bbox 733 5559 1049 5622; x_wconf 72' lang='lat' dir='ltr'><strong>Alexandro,</strong></span> <span class='ocrx_word' id='word_1_773' title='bbox 1093 5557 1455 5626; x_wconf 78' lang='lat' dir='ltr'><strong>Demosthene</strong></span> <span class='ocrx_word' id='word_1_774' title='bbox 1485 5556 1616 5626; x_wconf 80' lang='grc' dir='ltr'>Περὶ</span> <span class='ocrx_word' id='word_1_775' title='bbox 1637 5559 1886 5626; x_wconf 80' lang='grc' dir='ltr'>στεφάν..</span> 
     </span>
    </p>
   </div>
   <div class='ocr_carea' id='block_1_104' title="bbox 331 5624 1885 5699">
    <p class='ocr_par' dir='ltr' id='par_1_104' title="bbox 331 5624 1885 5699">
     <span class='ocr_line' id='line_1_104' title="bbox 331 5624 1885 5699; baseline -0.002 -15"><span class='ocrx_word' id='word_1_776' title='bbox 331 5631 592 5699; x_wconf 82' lang='lat' dir='ltr'><strong>Euripide</strong></span> <span class='ocrx_word' id='word_1_777' title='bbox 623 5632 674 5682; x_wconf 88' lang='lat' dir='ltr'><strong>in</strong></span> <span class='ocrx_word' id='word_1_778' title='bbox 698 5627 1363 5699; x_wconf 67' lang='lat' dir='ltr'><strong>Bucghantibus,Catullo,</strong></span> <span class='ocrx_word' id='word_1_779' title='bbox 1400 5624 1642 5692; x_wconf 78' lang='lat' dir='ltr'><strong>Virgilio,</strong></span> <span class='ocrx_word' id='word_1_780' title='bbox 1670 5624 1885 5699; x_wconf 24' lang='lat' dir='ltr'><strong>lflo‘nno,</strong></span> 
     </span>
    </p>
   </div>
   <div class='ocr_carea' id='block_1_105' title="bbox 323 5695 1884 5764">
    <p class='ocr_par' dir='ltr' id='par_1_105' title="bbox 323 5695 1884 5764">
     <span class='ocr_line' id='line_1_105' title="bbox 323 5695 1884 5764; baseline -0.003 -8"><span class='ocrx_word' id='word_1_781' title='bbox 323 5695 626 5764; x_wconf 64' lang='lat' dir='ltr'><strong>(.‘lialeidio,</strong></span> <span class='ocrx_word' id='word_1_782' title='bbox 656 5709 760 5752; x_wconf 86' lang='lat' dir='ltr'><strong>etc.</strong></span> <span class='ocrx_word' id='word_1_783' title='bbox 792 5695 1030 5752; x_wconf 88' lang='lat' dir='ltr'><strong>Consule</strong></span> <span class='ocrx_word' id='word_1_784' title='bbox 1068 5697 1208 5751; x_wconf 82' lang='lat' dir='ltr'><strong>Phil.</strong></span> <span class='ocrx_word' id='word_1_785' title='bbox 1265 5697 1614 5748; x_wconf 80' lang='lat' dir='ltr'><strong>Donarotium</strong></span> <span class='ocrx_word' id='word_1_786' title='bbox 1661 5695 1884 5751; x_wconf 84' lang='lat' dir='ltr'><strong>Dissert.</strong></span> 
     </span>
    </p>
   </div>
   <div class='ocr_carea' id='block_1_106' title="bbox 326 5765 1887 5830">
    <p class='ocr_par' dir='ltr' id='par_1_106' title="bbox 326 5765 1887 5830">
     <span class='ocr_line' id='line_1_106' title="bbox 326 5765 1887 5830; baseline -0.001 -6"><span class='ocrx_word' id='word_1_787' title='bbox 326 5775 380 5825; x_wconf 87' lang='lat' dir='ltr'><strong>in</strong></span> <span class='ocrx_word' id='word_1_788' title='bbox 413 5787 558 5822; x_wconf 84' lang='lat' dir='ltr'><strong>num.</strong></span> <span class='ocrx_word' id='word_1_789' title='bbox 587 5785 732 5823; x_wconf 70' lang='lat' dir='ltr'><strong>max.</strong></span> <span class='ocrx_word' id='word_1_790' title='bbox 775 5769 992 5830; x_wconf 81' lang='lat' dir='ltr'><strong>moduli,</strong></span> <span class='ocrx_word' id='word_1_791' title='bbox 1050 5777 1105 5821; x_wconf 91' lang='lat' dir='ltr'><strong>et</strong></span> <span class='ocrx_word' id='word_1_792' title='bbox 1163 5765 1535 5819; x_wconf 85' lang='lat' dir='ltr'><strong>Dissertation.</strong></span> <span class='ocrx_word' id='word_1_793' title='bbox 1569 5780 1745 5820; x_wconf 87' lang='lat' dir='ltr'><strong>meam</strong></span> <span class='ocrx_word' id='word_1_794' title='bbox 1813 5767 1887 5822; x_wconf 87' lang='lat' dir='ltr'><strong>De</strong></span> 
     </span>
    </p>
   </div>
   <div class='ocr_carea' id='block_1_107' title="bbox 2013 4577 3588 4649">
    <p class='ocr_par' dir='ltr' id='par_1_107' title="bbox 2013 4577 3588 4649">
     <span class='ocr_line' id='line_1_107' title="bbox 2013 4577 3588 4649; baseline -0.002 -15"><span class='ocrx_word' id='word_1_795' title='bbox 2013 4581 2094 4634; x_wconf 82' lang='lat' dir='ltr'><strong>bis</strong></span> <span class='ocrx_word' id='word_1_796' title='bbox 2141 4581 2362 4649; x_wconf 89' lang='lat' dir='ltr'><strong>impium</strong></span> <span class='ocrx_word' id='word_1_797' title='bbox 2388 4597 2633 4633; x_wconf 85' lang='lat' dir='ltr'><strong>errorem</strong></span> <span class='ocrx_word' id='word_1_798' title='bbox 2683 4583 2928 4648; x_wconf 78' lang='lat' dir='ltr'><strong>impingit</strong></span> <span class='ocrx_word' id='word_1_799' title='bbox 2971 4586 3045 4649; x_wconf 89' lang='lat' dir='ltr'><strong>_u_t</strong></span> <span class='ocrx_word' id='word_1_800' title='bbox 3092 4577 3378 4649; x_wconf 57' lang='lat' dir='ltr'><strong>aenigmata</strong></span> <span class='ocrx_word' id='word_1_801' title='bbox 3431 4579 3588 4631; x_wconf 87' lang='lat' dir='ltr'><strong>m.i|e-</strong></span> 
     </span>
    </p>
   </div>
   <div class='ocr_carea' id='block_1_108' title="bbox 2011 4645 3570 4718">
    <p class='ocr_par' dir='ltr' id='par_1_108' title="bbox 2011 4645 3570 4718">
     <span class='ocr_line' id='line_1_108' title="bbox 2011 4645 3570 4718; baseline -0.004 -16"><span class='ocrx_word' id='word_1_802' title='bbox 2011 4645 2464 4716; x_wconf 71' lang='lat' dir='ltr'><strong>intelligetttibus,</strong></span> <span class='ocrx_word' id='word_1_803' title='bbox 2493 4651 2609 4718; x_wconf 83' lang='lat' dir='ltr'><strong>ipse</strong></span> <span class='ocrx_word' id='word_1_804' title='bbox 2643 4645 2928 4704; x_wconf 50' lang='lat' dir='ltr'><strong>manifeste</strong></span> <span class='ocrx_word' id='word_1_805' title='bbox 2965 4645 3335 4718; x_wconf 73' lang='lat' dir='ltr'><strong>fallatur,non</strong></span> <span class='ocrx_word' id='word_1_806' title='bbox 3368 4645 3570 4718; x_wconf 47' lang='lat' dir='ltr'><strong>intellig</strong></span> 
     </span>
    </p>
   </div>
   <div class='ocr_carea' id='block_1_109' title="bbox 2007 4717 3576 4786">
    <p class='ocr_par' dir='ltr' id='par_1_109' title="bbox 2007 4717 3576 4786">
     <span class='ocr_line' id='line_1_109' title="bbox 2007 4717 3576 4786; baseline -0.001 -16"><span class='ocrx_word' id='word_1_807' title='bbox 2007 4735 2140 4786; x_wconf 76' lang='lat' dir='ltr'><strong>gens</strong></span> <span class='ocrx_word' id='word_1_808' title='bbox 2173 4720 2316 4786; x_wconf 84' lang='lat' dir='ltr'><strong>qund</strong></span> <span class='ocrx_word' id='word_1_809' title='bbox 2357 4717 2608 4772; x_wconf 74' lang='lat' dir='ltr'><strong>Mosaiea:</strong></span> <span class='ocrx_word' id='word_1_810' title='bbox 2641 4720 2858 4784; x_wconf 75' lang='lat' dir='ltr'><strong>littera&#39;,</strong></span> <span class='ocrx_word' id='word_1_811' title='bbox 2892 4717 3060 4770; x_wconf 87' lang='lat' dir='ltr'><strong>multo</strong></span> <span class='ocrx_word' id='word_1_812' title='bbox 3095 4719 3430 4786; x_wconf 71' lang='lat' dir='ltr'><strong>antiquiores</strong></span> <span class='ocrx_word' id='word_1_813' title='bbox 3490 4717 3576 4770; x_wconf 86' lang='lat' dir='ltr'><strong>vel</strong></span> 
     </span>
    </p>
   </div>
   <div class='ocr_carea' id='block_1_110' title="bbox 2010 4785 3587 4859">
    <p class='ocr_par' dir='ltr' id='par_1_110' title="bbox 2010 4785 3587 4859">
     <span class='ocr_line' id='line_1_110' title="bbox 2010 4785 3587 4859; baseline -0.003 -18"><span class='ocrx_word' id='word_1_814' title='bbox 2010 4785 2308 4859; x_wconf 76' lang='lat' dir='ltr'><strong>Heraclito,</strong></span> <span class='ocrx_word' id='word_1_815' title='bbox 2332 4790 2414 4859; x_wconf 80' lang='lat' dir='ltr'><strong>vel</strong></span> <span class='ocrx_word' id='word_1_816' title='bbox 2459 4789 2784 4859; x_wconf 78' lang='lat' dir='ltr'><strong>l’hereeyde,</strong></span> <span class='ocrx_word' id='word_1_817' title='bbox 2833 4788 2914 4840; x_wconf 87' lang='lat' dir='ltr'><strong>vel</strong></span> <span class='ocrx_word' id='word_1_818' title='bbox 2949 4787 3182 4859; x_wconf 75' lang='lat' dir='ltr'><strong>llornero</strong></span> <span class='ocrx_word' id='word_1_819' title='bbox 3229 4785 3587 4859; x_wconf 67' lang='lat' dir='ltr'><strong>etiam,ti_ar-.</strong></span> 
     </span>
    </p>
   </div>
   <div class='ocr_carea' id='block_1_111' title="bbox 2008 4855 3578 4928">
    <p class='ocr_par' dir='ltr' id='par_1_111' title="bbox 2008 4855 3578 4928">
     <span class='ocr_line' id='line_1_111' title="bbox 2008 4855 3578 4928; baseline -0.003 -17"><span class='ocrx_word' id='word_1_820' title='bbox 2008 4870 2129 4912; x_wconf 90' lang='lat' dir='ltr'><strong>rant</strong></span> <span class='ocrx_word' id='word_1_821' title='bbox 2169 4862 2235 4913; x_wconf 89' lang='lat' dir='ltr'><strong>de</strong></span> <span class='ocrx_word' id='word_1_822' title='bbox 2271 4857 2408 4912; x_wconf 81' lang='lat' dir='ltr'><strong>Malo</strong></span> <span class='ocrx_word' id='word_1_823' title='bbox 2433 4861 2523 4912; x_wconf 91' lang='lat' dir='ltr'><strong>illo</strong></span> <span class='ocrx_word' id='word_1_824' title='bbox 2552 4855 2750 4928; x_wconf 49' lang='lat' dir='ltr'><strong>qui&#39;de</strong></span> <span class='ocrx_word' id='word_1_825' title='bbox 2785 4859 2921 4912; x_wconf 73' lang='lat' dir='ltr'><strong>ciclo</strong></span> <span class='ocrx_word' id='word_1_826' title='bbox 2956 4857 3226 4928; x_wconf 81' lang='lat' dir='ltr'><strong>expulsus</strong></span> <span class='ocrx_word' id='word_1_827' title='bbox 3274 4865 3377 4909; x_wconf 87' lang='lat' dir='ltr'><strong>est.</strong></span> <span class='ocrx_word' id='word_1_828' title='bbox 3437 4855 3578 4928; x_wconf 75' lang='lat' dir='ltr'><strong>Nam</strong></span> 
     </span>
    </p>
   </div>
   <div class='ocr_carea' id='block_1_112' title="bbox 2006 4925 3584 4998">
    <p class='ocr_par' dir='ltr' id='par_1_112' title="bbox 2006 4925 3584 4998">
     <span class='ocr_line' id='line_1_112' title="bbox 2006 4925 3584 4998; baseline -0.001 -18"><span class='ocrx_word' id='word_1_829' title='bbox 2006 4943 2236 4996; x_wconf 86' lang='lat' dir='ltr'><strong>serpens</strong></span> <span class='ocrx_word' id='word_1_830' title='bbox 2267 4929 2356 4982; x_wconf 90' lang='lat' dir='ltr'><strong>ille</strong></span> <span class='ocrx_word' id='word_1_831' title='bbox 2380 4947 2407 4980; x_wconf 76' lang='grc' dir='ltr'><strong>ιι</strong></span> <span class='ocrx_word' id='word_1_832' title='bbox 2446 4946 2553 4997; x_wconf 87' lang='lat' dir='ltr'><strong>quo</strong></span> <span class='ocrx_word' id='word_1_833' title='bbox 2571 4925 2928 4998; x_wconf 47' lang='lat' dir='ltr'><strong>&#39;Plterecydcs</strong></span> <span class='ocrx_word' id='word_1_834' title='bbox 2978 4942 3135 4998; x_wconf 84' lang='lat' dir='ltr'><strong>suum</strong></span> <span class='ocrx_word' id='word_1_835' title='bbox 3198 4925 3584 4998; x_wconf 76' lang='lat' dir='ltr'><strong>denominavit.</strong></span> 
     </span>
    </p>
   </div>
   <div class='ocr_carea' id='block_1_113' title="bbox 2003 4994 3591 5065">
    <p class='ocr_par' dir='ltr' id='par_1_113' title="bbox 2003 4994 3591 5065">
     <span class='ocr_line' id='line_1_113' title="bbox 2003 4994 3591 5065; baseline -0.001 -13"><span class='ocrx_word' id='word_1_836' title='bbox 2003 4994 2328 5063; x_wconf 83' lang='lat' dir='ltr'><strong>Ophionetn,</strong></span> <span class='ocrx_word' id='word_1_837' title='bbox 2360 4994 2587 5065; x_wconf 48' lang='lat' dir='ltr'><strong>qui&#39;l‘uit</strong></span> <span class='ocrx_word' id='word_1_838' title='bbox 2615 4999 2668 5051; x_wconf 92' lang='lat' dir='ltr'><strong>in</strong></span> <span class='ocrx_word' id='word_1_839' title='bbox 2705 4994 2864 5051; x_wconf 77' lang='lat' dir='ltr'><strong>causa</strong></span> <span class='ocrx_word' id='word_1_840' title='bbox 2894 5003 2952 5049; x_wconf 90' lang='lat' dir='ltr'><strong>ut</strong></span> <span class='ocrx_word' id='word_1_841' title='bbox 3010 4997 3218 5065; x_wconf 80' lang='lat' dir='ltr'><strong>primus</strong></span> <span class='ocrx_word' id='word_1_842' title='bbox 3275 4994 3440 5050; x_wconf 87' lang='lat' dir='ltr'><strong>homo</strong></span> <span class='ocrx_word' id='word_1_843' title='bbox 3506 5012 3591 5051; x_wconf 68' lang='lat' dir='ltr'><strong>eL</strong></span> 
     </span>
    </p>
   </div>
   <div class='ocr_carea' id='block_1_114' title="bbox 2005 5068 2914 5136">
    <p class='ocr_par' dir='ltr' id='par_1_114' title="bbox 2005 5068 2914 5136">
     <span class='ocr_line' id='line_1_114' title="bbox 2005 5068 2914 5136; baseline 0 -17"><span class='ocrx_word' id='word_1_844' title='bbox 2005 5068 2098 5121; x_wconf 83' lang='lat' dir='ltr'><strong>Dei</strong></span> <span class='ocrx_word' id='word_1_845' title='bbox 2130 5068 2379 5136; x_wconf 84' lang='lat' dir='ltr'><strong>paradiso</strong></span> <span class='ocrx_word' id='word_1_846' title='bbox 2412 5069 2722 5136; x_wconf 82' lang='lat' dir='ltr'><strong>ejiceretur,</strong></span> <span class='ocrx_word' id='word_1_847' title='bbox 2764 5087 2782 5118; x_wconf 66' lang='grc' dir='ltr'><strong>ι</strong></span> <span class='ocrx_word' id='word_1_848' title='bbox 2811 5079 2914 5120; x_wconf 91' lang='lat' dir='ltr'><strong>etc.</strong></span> 
     </span>
    </p>
   </div>
   <div class='ocr_carea' id='block_1_115' title="bbox 2076 5135 2913 5206">
    <p class='ocr_par' dir='ltr' id='par_1_115' title="bbox 2076 5135 2913 5206">
     <span class='ocr_line' id='line_1_115' title="bbox 2076 5135 2913 5206; baseline 0 -17"><span class='ocrx_word' id='word_1_849' title='bbox 2076 5139 2187 5206; x_wconf 72' lang='lat'><strong>(‘25,</strong></span> <span class='ocrx_word' id='word_1_850' title='bbox 2219 5135 2349 5190; x_wconf 89' lang='lat' dir='ltr'><strong>Vide</strong></span> <span class='ocrx_word' id='word_1_851' title='bbox 2381 5135 2632 5206; x_wconf 86' lang='lat' dir='ltr'><strong>superius</strong></span> <span class='ocrx_word' id='word_1_852' title='bbox 2667 5137 2828 5206; x_wconf 88' lang='lat' dir='ltr'><strong>epist.</strong></span> <span class='ocrx_word' id='word_1_853' title='bbox 2860 5137 2913 5189; x_wconf 71' lang='grc'><strong>2.</strong></span> 
     </span>
    </p>
   </div>
   <div class='ocr_carea' id='block_1_116' title="bbox 2074 5206 3186 5276">
    <p class='ocr_par' dir='ltr' id='par_1_116' title="bbox 2074 5206 3186 5276">
     <span class='ocr_line' id='line_1_116' title="bbox 2074 5206 3186 5276; baseline 0.002 -18"><span class='ocrx_word' id='word_1_854' title='bbox 2074 5208 2184 5276; x_wconf 67' lang='grc'><strong>(24)</strong></span> <span class='ocrx_word' id='word_1_855' title='bbox 2222 5208 2351 5260; x_wconf 83' lang='lat' dir='ltr'><strong>Vide</strong></span> <span class='ocrx_word' id='word_1_856' title='bbox 2375 5209 2624 5276; x_wconf 79' lang='lat' dir='ltr'><strong>superius</strong></span> <span class='ocrx_word' id='word_1_857' title='bbox 2649 5208 2808 5275; x_wconf 89' lang='lat' dir='ltr'><strong>epist.</strong></span> <span class='ocrx_word' id='word_1_858' title='bbox 2843 5208 2901 5268; x_wconf 75' lang='grc'><strong>2,</strong></span> <span class='ocrx_word' id='word_1_859' title='bbox 2943 5215 3056 5260; x_wconf 87' lang='lat' dir='ltr'><strong>not.</strong></span> <span class='ocrx_word' id='word_1_860' title='bbox 3096 5206 3186 5260; x_wconf 84' lang='lat'><strong>59.</strong></span> 
     </span>
    </p>
   </div>
   <div class='ocr_carea' id='block_1_117' title="bbox 2072 5277 3576 5346">
    <p class='ocr_par' dir='ltr' id='par_1_117' title="bbox 2072 5277 3576 5346">
     <span class='ocr_line' id='line_1_117' title="bbox 2072 5277 3576 5346; baseline 0.003 -18"><span class='ocrx_word' id='word_1_861' title='bbox 2072 5277 2185 5345; x_wconf 77' lang='lat'><strong>(25)</strong></span> <span class='ocrx_word' id='word_1_862' title='bbox 2210 5277 2471 5346; x_wconf 85' lang='lat' dir='ltr'><strong>Eamdem</strong></span> <span class='ocrx_word' id='word_1_863' title='bbox 2495 5279 2756 5330; x_wconf 88' lang='lat' dir='ltr'><strong>rationem</strong></span> <span class='ocrx_word' id='word_1_864' title='bbox 2774 5279 2932 5332; x_wconf 83' lang='lat' dir='ltr'><strong>all&#39;ert</strong></span> <span class='ocrx_word' id='word_1_865' title='bbox 2951 5277 3174 5333; x_wconf 84' lang='lat' dir='ltr'><strong>Michael</strong></span> <span class='ocrx_word' id='word_1_866' title='bbox 3202 5287 3388 5334; x_wconf 91' lang='lat' dir='ltr'><strong>noster</strong></span> <span class='ocrx_word' id='word_1_867' title='bbox 3415 5287 3576 5346; x_wconf 87' lang='lat' dir='ltr'><strong>parte-</strong></span> 
     </span>
    </p>
   </div>
   <div class='ocr_carea' id='block_1_118' title="bbox 1999 5345 3565 5416">
    <p class='ocr_par' dir='ltr' id='par_1_118' title="bbox 1999 5345 3565 5416">
     <span class='ocr_line' id='line_1_118' title="bbox 1999 5345 3565 5416; baseline 0 -16"><span class='ocrx_word' id='word_1_868' title='bbox 1999 5363 2015 5400; x_wconf 90' lang='lat' dir='ltr'><strong>l</strong></span> <span class='ocrx_word' id='word_1_869' title='bbox 2042 5345 2344 5399; x_wconf 81' lang='lat' dir='ltr'><strong>Annalium.</strong></span> <span class='ocrx_word' id='word_1_870' title='bbox 2383 5349 2522 5399; x_wconf 68' lang='lat' dir='ltr'><strong>Sunt</strong></span> <span class='ocrx_word' id='word_1_871' title='bbox 2550 5356 2730 5401; x_wconf 89' lang='lat' dir='ltr'><strong>autem</strong></span> <span class='ocrx_word' id='word_1_872' title='bbox 2765 5348 2857 5416; x_wconf 88' lang='lat' dir='ltr'><strong>qui</strong></span> <span class='ocrx_word' id='word_1_873' title='bbox 2887 5355 3172 5416; x_wconf 88' lang='lat' dir='ltr'><strong>autument</strong></span> <span class='ocrx_word' id='word_1_874' title='bbox 3204 5348 3327 5402; x_wconf 91' lang='lat' dir='ltr'><strong>ideo</strong></span> <span class='ocrx_word' id='word_1_875' title='bbox 3380 5345 3565 5400; x_wconf 79' lang='lat' dir='ltr'><strong>Mosen</strong></span> 
     </span>
    </p>
   </div>
   <div class='ocr_carea' id='block_1_119' title="bbox 1997 5415 3566 5485">
    <p class='ocr_par' dir='ltr' id='par_1_119' title="bbox 1997 5415 3566 5485">
     <span class='ocr_line' id='line_1_119' title="bbox 1997 5415 3566 5485; baseline 0.001 -17"><span class='ocrx_word' id='word_1_876' title='bbox 1997 5416 2373 5484; x_wconf 80' lang='lat' dir='ltr'><strong>productionis</strong></span> <span class='ocrx_word' id='word_1_877' title='bbox 2397 5417 2709 5485; x_wconf 76' lang='lat' dir='ltr'><strong>angelorum</strong></span> <span class='ocrx_word' id='word_1_878' title='bbox 2758 5415 2864 5472; x_wconf 84' lang='lat' dir='ltr'><strong>non</strong></span> <span class='ocrx_word' id='word_1_879' title='bbox 2931 5415 3265 5481; x_wconf 88' lang='lat' dir='ltr'><strong>meminisse,</strong></span> <span class='ocrx_word' id='word_1_880' title='bbox 3326 5417 3468 5484; x_wconf 85' lang='lat' dir='ltr'><strong>quod</strong></span> <span class='ocrx_word' id='word_1_881' title='bbox 3529 5417 3566 5469; x_wconf 89' lang='lat' dir='ltr'><strong>ii</strong></span> 
     </span>
    </p>
   </div>
   <div class='ocr_carea' id='block_1_120' title="bbox 1996 5487 3563 5552">
    <p class='ocr_par' dir='ltr' id='par_1_120' title="bbox 1996 5487 3563 5552">
     <span class='ocr_line' id='line_1_120' title="bbox 1996 5487 3563 5552; baseline -0.001 -14"><span class='ocrx_word' id='word_1_882' title='bbox 1996 5497 2120 5539; x_wconf 83' lang='lat' dir='ltr'><strong>ante</strong></span> <span class='ocrx_word' id='word_1_883' title='bbox 2154 5487 2416 5538; x_wconf 91' lang='lat' dir='ltr'><strong>mundum</strong></span> <span class='ocrx_word' id='word_1_884' title='bbox 2473 5487 2816 5540; x_wconf 85' lang='lat' dir='ltr'><strong>materiatum</strong></span> <span class='ocrx_word' id='word_1_885' title='bbox 2865 5496 2921 5541; x_wconf 87' lang='lat' dir='ltr'><strong>et</strong></span> <span class='ocrx_word' id='word_1_886' title='bbox 2959 5487 3344 5552; x_wconf 78' lang='lat' dir='ltr'><strong>aspectabilem</strong></span> <span class='ocrx_word' id='word_1_887' title='bbox 3394 5489 3563 5538; x_wconf 79' lang='lat' dir='ltr'><strong>creati</strong></span> 
     </span>
    </p>
   </div>
   <div class='ocr_carea' id='block_1_121' title="bbox 1997 5556 3566 5623">
    <p class='ocr_par' dir='ltr' id='par_1_121' title="bbox 1997 5556 3566 5623">
     <span class='ocr_line' id='line_1_121' title="bbox 1997 5556 3566 5623; baseline 0.002 -17"><span class='ocrx_word' id='word_1_888' title='bbox 1997 5557 2261 5618; x_wconf 79' lang='lat' dir='ltr'><strong>fuissent;</strong></span> <span class='ocrx_word' id='word_1_889' title='bbox 2300 5570 2424 5607; x_wconf 87' lang='lat' dir='ltr'><strong>nam</strong></span> <span class='ocrx_word' id='word_1_890' title='bbox 2465 5559 2576 5608; x_wconf 72' lang='lat' dir='ltr'><strong>haec</strong></span> <span class='ocrx_word' id='word_1_891' title='bbox 2597 5559 2866 5611; x_wconf 88' lang='lat' dir='ltr'><strong>sententia</strong></span> <span class='ocrx_word' id='word_1_892' title='bbox 2898 5556 3104 5609; x_wconf 82' lang='lat' dir='ltr'><strong>arridet</strong></span> <span class='ocrx_word' id='word_1_893' title='bbox 3166 5556 3405 5623; x_wconf 78' lang='lat' dir='ltr'><strong>()rigeui,</strong></span> <span class='ocrx_word' id='word_1_894' title='bbox 3469 5558 3566 5609; x_wconf 85' lang='lat' dir='ltr'><strong>lto-</strong></span> 
     </span>
    </p>
   </div>
   <div class='ocr_carea' id='block_1_122' title="bbox 1995 5624 3563 5689">
    <p class='ocr_par' dir='ltr' id='par_1_122' title="bbox 1995 5624 3563 5689">
     <span class='ocr_line' id='line_1_122' title="bbox 1995 5624 3563 5689; baseline 0.003 -13"><span class='ocrx_word' id='word_1_895' title='bbox 1995 5625 2110 5677; x_wconf 84' lang='lat' dir='ltr'><strong>ntil.</strong></span> <span class='ocrx_word' id='word_1_896' title='bbox 2138 5643 2150 5678; x_wconf 94' lang='lat' dir='ltr'><strong>t</strong></span> <span class='ocrx_word' id='word_1_897' title='bbox 2181 5627 2230 5677; x_wconf 86' lang='lat' dir='ltr'><strong>in</strong></span> <span class='ocrx_word' id='word_1_898' title='bbox 2264 5624 2524 5689; x_wconf 84' lang='lat' dir='ltr'><strong>Cencsim,</strong></span> <span class='ocrx_word' id='word_1_899' title='bbox 2569 5637 2623 5679; x_wconf 84' lang='lat' dir='ltr'><strong>et</strong></span> <span class='ocrx_word' id='word_1_900' title='bbox 2659 5642 2688 5678; x_wconf 73' lang='grc' dir='ltr'><strong>χ</strong></span> <span class='ocrx_word' id='word_1_901' title='bbox 2724 5629 2778 5679; x_wconf 86' lang='lat' dir='ltr'><strong>in</strong></span> <span class='ocrx_word' id='word_1_902' title='bbox 2805 5625 3152 5687; x_wconf 74' lang='lat' dir='ltr'><strong>Matthwum;</strong></span> <span class='ocrx_word' id='word_1_903' title='bbox 3209 5625 3406 5678; x_wconf 77' lang='lat' dir='ltr'><strong>Basilio</strong></span> <span class='ocrx_word' id='word_1_904' title='bbox 3465 5627 3563 5682; x_wconf 88' lang='lat' dir='ltr'><strong>h0-</strong></span> 
     </span>
    </p>
   </div>
   <div class='ocr_carea' id='block_1_123' title="bbox 1997 5691 3562 5763">
    <p class='ocr_par' dir='ltr' id='par_1_123' title="bbox 1997 5691 3562 5763">
     <span class='ocr_line' id='line_1_123' title="bbox 1997 5691 3562 5763; baseline 0.002 -17"><span class='ocrx_word' id='word_1_905' title='bbox 1997 5697 2112 5747; x_wconf 89' lang='lat' dir='ltr'><strong>mil.</strong></span> <span class='ocrx_word' id='word_1_906' title='bbox 2156 5697 2246 5748; x_wconf 86' lang='lat' dir='ltr'><strong>tin</strong></span> <span class='ocrx_word' id='word_1_907' title='bbox 2286 5699 2688 5758; x_wconf 70' lang='lat' dir='ltr'><strong>Hexaemeron;</strong></span> <span class='ocrx_word' id='word_1_908' title='bbox 2723 5696 2986 5763; x_wconf 79' lang='lat' dir='ltr'><strong>Gregorio</strong></span> <span class='ocrx_word' id='word_1_909' title='bbox 3018 5691 3377 5754; x_wconf 75' lang='lat' dir='ltr'><strong>Nazianzeno,</strong></span> <span class='ocrx_word' id='word_1_910' title='bbox 3426 5694 3562 5748; x_wconf 85' lang='lat' dir='ltr'><strong>Ora-</strong></span> 
     </span>
    </p>
   </div>
   <div class='ocr_carea' id='block_1_124' title="bbox 1995 5764 3574 5829">
    <p class='ocr_par' dir='ltr' id='par_1_124' title="bbox 1995 5764 3574 5829">
     <span class='ocr_line' id='line_1_124' title="bbox 1995 5764 3574 5829; baseline 0 -13"><span class='ocrx_word' id='word_1_911' title='bbox 1995 5767 2131 5819; x_wconf 88' lang='lat' dir='ltr'><strong>tione</strong></span> <span class='ocrx_word' id='word_1_912' title='bbox 2154 5782 2348 5818; x_wconf 78' lang='lat' dir='ltr'><strong>xxxviii</strong></span> <span class='ocrx_word' id='word_1_913' title='bbox 2373 5781 2420 5818; x_wconf 77' lang='lat' dir='ltr'><strong>et</strong></span> <span class='ocrx_word' id='word_1_914' title='bbox 2461 5782 2592 5828; x_wconf 80' lang='lat' dir='ltr'><strong>xui;</strong></span> <span class='ocrx_word' id='word_1_915' title='bbox 2625 5766 2918 5818; x_wconf 75' lang='lat' dir='ltr'><strong>Seicriano</strong></span> <span class='ocrx_word' id='word_1_916' title='bbox 2944 5764 3281 5823; x_wconf 78' lang='lat' dir='ltr'><strong>Galialitauo,</strong></span> <span class='ocrx_word' id='word_1_917' title='bbox 3308 5773 3446 5816; x_wconf 86' lang='lat' dir='ltr'><strong>orat.</strong></span> <span class='ocrx_word' id='word_1_918' title='bbox 3482 5783 3574 5829; x_wconf 68' lang='grc' dir='ltr'><strong>ιν,</strong></span> 
     </span>
    </p>
   </div>
   <div class='ocr_carea' id='block_1_125' title="bbox 327 5833 3552 5911">
    <p class='ocr_par' dir='ltr' id='par_1_125' title="bbox 327 5833 3552 5911">
     <span class='ocr_line' id='line_1_125' title="bbox 327 5833 3552 5911; baseline -0.002 -15"><span class='ocrx_word' id='word_1_919' title='bbox 327 5843 471 5896; x_wconf 73' lang='lat' dir='ltr'><strong>cistis</strong></span> <span class='ocrx_word' id='word_1_920' title='bbox 521 5840 768 5911; x_wconf 77' lang='lat' dir='ltr'><strong>mysticis.</strong></span> <span class='ocrx_word' id='word_1_921' title='bbox 821 5837 926 5893; x_wconf 86' lang='lat' dir='ltr'><strong>Sed</strong></span> <span class='ocrx_word' id='word_1_922' title='bbox 978 5851 1031 5893; x_wconf 89' lang='lat' dir='ltr'><strong>et</strong></span> <span class='ocrx_word' id='word_1_923' title='bbox 1085 5836 1420 5906; x_wconf 80' lang='lat' dir='ltr'><strong>Pherecydes</strong></span> <span class='ocrx_word' id='word_1_924' title='bbox 1480 5833 1687 5904; x_wconf 68' lang='lat' dir='ltr'><strong>Syrius,</strong></span> <span class='ocrx_word' id='word_1_925' title='bbox 1754 5837 1883 5893; x_wconf 85' lang='lat' dir='ltr'><strong>dum</strong></span> <span class='ocrx_word' id='word_1_926' title='bbox 1991 5835 2066 5891; x_wconf 75' lang='lat' dir='ltr'><strong>De</strong></span> <span class='ocrx_word' id='word_1_927' title='bbox 2103 5837 2277 5890; x_wconf 68' lang='lat' dir='ltr'><strong>mutat:</strong></span> <span class='ocrx_word' id='word_1_928' title='bbox 2315 5836 2557 5905; x_wconf 76' lang='lat' dir='ltr'><strong>api/icio;</strong></span> <span class='ocrx_word' id='word_1_929' title='bbox 2601 5835 2859 5900; x_wconf 65' lang='lat' dir='ltr'><strong>(La-sario,</strong></span> <span class='ocrx_word' id='word_1_930' title='bbox 2914 5833 3109 5902; x_wconf 81' lang='lat' dir='ltr'><strong>dialog.</strong></span> <span class='ocrx_word' id='word_1_931' title='bbox 3152 5848 3198 5900; x_wconf 85' lang='grc' dir='ltr'><strong>ι,</strong></span> <span class='ocrx_word' id='word_1_932' title='bbox 3237 5833 3429 5890; x_wconf 73' lang='lat' dir='ltr'><strong>interr.</strong></span> <span class='ocrx_word' id='word_1_933' title='bbox 3465 5837 3552 5892; x_wconf 76' lang='lat' dir='ltr'><strong>(il.</strong></span> 
     </span>
    </p>
   </div>
  </div>
