3838 6226
363 210 463 276 731

1630 199 2053 262 MICHAELIS
2091 200 2351 264 GLYC/E

3493 203 3576 272 732

355 328 411 385 Si
443 327 589 382 enim
625 326 903 382 credimus
949 324 1240 380 universos
1291 320 1545 376 homines
1585 317 1940 389 corruptione

2048 318 2092 370 oi
2124 318 2427 386 ἄνθρωποι,
2475 316 2528 372 τί
2564 316 2627 372 τὸ
2661 315 3084 386 καταναγκάζον
3120 315 3322 381 αὐτοὺς
3354 315 3578 390 alcon-ig;

355 418 671 489 superiores
695 433 818 475 esse
842 426 1278 478 resurrecturos,
1309 412 1579 482 responde
1605 412 1739 481 jam,
1781 410 1937 479 quiil-

355 525 483 566 nam
523 509 764 565 futurum
801 513 897 572 sit,
933 508 1078 579 quod
1137 521 1233 563 eos
1296 504 1555 561 sensilem
1613 503 1795 558 cibum
1846 516 1940 556 su-

355 618 506 659 mere
557 600 849 671 compellat
904 599 1059 670 (37)?
1114 600 1171 656 Si
1231 614 1360 655 vero
1411 596 1711 653 secundum
1771 594 1937 649 etiam

354 696 674 765 angelowm
707 695 1152 761 similitudinem,
1186 701 1247 748 ut
1277 693 1438 749 divus
1472 689 1769 759 Gregorius
1800 687 1939 759 Nys-

355 803 522 845 senus
578 789 695 857 ait,
739 789 887 844 vivet
939 788 995 843 in
1057 786 1470 843 resurrectione
1524 784 1688 836 homo
1738 780 1942 849 (inquit

354 883 533 937 enim:
574 882 639 936 Et
693 888 860 937 erunt
892 896 1085 941 omnes
1129 888 1189 934 ut
1226 878 1402 949 angeli
1457 873 1605 940 Dei),
1667 872 1940 943 quomodo

357 973 535 1044 ipsum
591 974 701 1029 cibi
763 980 821 1028 et
873 972 1113 1043 potionis
1178 971 1512 1042 indigentem
1559 963 1940 1022 aﬂirmamus?

358 1064 697 1135 lmpossibile
729 1064 832 1120 hoc
875 1064 1124 1127 omnino,
1152 1062 1513 1133 impossibile.
1553 1060 1607 1113 Si
1648 1059 1794 1114 cnim
1843 1057 1942 1111 ali-

358 1158 559 1214 mentis
602 1159 813 1211 utimur
853 1156 907 1210 in
956 1156 1397 1226 praesentiarum.
1440 1168 1507 1207 ex
1548 1167 1614 1207 eo
1659 1160 1745 1207 est
1792 1150 1938 1220 quod

359 1260 610 1305 naturam
655 1250 829 1320 ipsam
884 1248 1152 1303 habemus
1183 1262 1303 1316 qua:
1329 1260 1429 1300 nos
1458 1244 1773 1313 compellit;
1819 1242 1937 1307 sed,

359 1341 812 1411 quemadmodum
841 1339 1117 1411 Nyssenus
1150 1338 1349 1407 inquit,
1395 1338 1501 1391 hoc
1536 1346 1648 1391 tum
1686 1337 1939 1390 ministe-

359 1432 443 1487 rio
473 1432 804 1487 liberabitur
838 1432 1021 1497 homo,
1045 1440 1097 1485 et
1122 1444 1277 1499 aeque
1304 1445 1366 1483 ac
1392 1428 1569 1498 angeli
1599 1443 1657 1481 se
1692 1427 1935 1492 habebit,

360 1525 503 1579 sicut
563 1524 615 1577 in
670 1521 967 1592 Evangelio
1019 1522 1285 1577 Dominus
1329 1520 1483 1575 dicit.
1539 1519 1647 1574 Sed
1699 1518 1940 1575 Joannes

361 1630 578 1685 quoque
625 1615 994 1670 Damasccnus
1048 1616 1102 1670 in
1155 1630 1256 1669 suo
1289 1613 1469 1682 capite
1506 1614 1809 1668 centesimo
1862 1612 1939 1667 De

358 1706 737 1761 resurrectione
792 1706 865 1761 ita
912 1706 1051 1761 dicit
1096 1705 1166 1760 ad
1213 1705 1440 1759 verbum
1496 1717 1511 1757 :

358 1812 558 1868 corpus
612 1798 882 1864 animale,
936 1813 1188 1854 crassum
1249 1796 1503 1851 videlicet
1560 1806 1634 1852 et.
1667 1796 1942 1851 mortale:

360 1890 596 1961 resurgit
630 1906 832 1961 corpus
863 1889 1135 1960 spiritale,
1163 1889 1325 1960 quale
1362 1887 1467 1944 fuit
1507 1887 1723 1946 Domini
1748 1903 1947 1958 corpus

359 1990 482 2049 post
538 1980 1038 2047 resurrectionem,
1102 1981 1318 2036 clausas
1356 1980 1554 2050 januas
1603 1980 1947 2049 pervadens,

360 2073 793 2147 indefatigabile,
845 2074 1189 2139 uutrimcnti,
1226 2073 1406 2129 somni
1438 2082 1494 2128 et
1524 2073 1762 2143 potionis
1800 2070 1948 2128 haud

359 2166 626 2238 indigum.
659 2164 841 2220 Vitam
883 2166 1030 2222 enim
1066 2165 1330 2235 aequalem
1369 2164 1579 2235 angelis
1610 2163 1664 2218 in
1690 2163 1957 2237 omnibus

360 2256 528 2313 homo
570 2266 701 2313 tunc
747 2257 916 2323 vivet,
974 2258 1131 2328 juxta
1185 2271 1313 2312 eum
1362 2254 1455 2327 qui
1484 2254 1653 2310 dicit:
1691 2253 1757 2309 Et
1784 2263 1951 2312 erunt

358 2366 555 2405 omnes
588 2358 647 2406 ut
677 2350 859 2420 angeli
890 2349 986 2405 Dei
1021 2349 1157 2420 (38).
1188 2367 1208 2401 ι

435 2441 543 2496 Sed
594 2441 727 2512 quid
777 2441 969 2496 multis
1003 2456 1142 2511 Opus
1177 2451 1261 2497 est
1296 2441 1514 2498 verbis?
1560 2439 1617 2499 Si
1666 2436 1945 2500 Christum

360 2536 536 2606 ipsum
580 2550 690 2604 pra:
718 2535 933 2589 cunctis
968 2534 1175 2590 habere
1222 2534 1509 2601 debemus,
1548 2537 1642 2605 qui
1680 2536 1821 2592 bona
1853 2537 1946 2592 illa

360 2627 640 2697 accepturi
677 2636 829 2697 sunt,
880 2643 1001 2700 quae
1047 2629 1247 2684 oculus
1276 2645 1385 2685 non
1436 2631 1595 2693 vidit.
1647 2646 1751 2687 nec
1796 2631 1948 2687 auris

360 2721 591 2786 audivit,
627 2736 730 2778 nec
779 2722 837 2777 in
894 2737 989 2777 cor
1035 2719 1277 2778 hominis
1335 2724 1726 2788 ascenderunt.
1782 2725 1944 2779 aliam

360 2809 582 2867 vivendi
613 2812 906 2876 rationem,
935 2818 993 2865 ιιι
1014 2811 1276 2878 arbitror,
1304 2813 1633 2883 participare
1661 2829 1943 2884 nunquam

350 2903 784 2973 compellentur.
821 2902 1143 2960 Beatitatem
1178 2920 1309 2960 vero
1350 2904 1520 2972 illam,
1556 2921 1667 2961 non
1712 2908 1946 2966 sensiles

1569 1722 1589 1757 ι
1625 1704 1942 1759 Seminatur
1975 1682 2018 1739 Β

2047 411 2317 466 ἅπτεσθαι
2354 411 2652 482 βρώσεως;
2694 412 2794 475 Δδς
2842 411 2935 465 ἐπὶ
2965 408 3179 474 τούτοις
3214 409 3502 480 ἀπόκρισιν.
3528 413 3578 467 El

2044 504 2100 557 δὲ
2128 506 2221 558 καὶ
2268 505 2391 559 καθ’
2433 504 2732 575 ὁμοιότητα
2777 505 2887 559 τῶν
2925 504 3200 574 ἀγγέλων,
3232 503 3310 566 ὡς
3345 506 3371 556 ὀ
3396 504 3580 574 nam;

2048 594 2191 656 θεῖος
2230 596 2558 668 Γρηγόριος,
2610 599 2669 653 ἐν
2701 600 2767 669 τῇ
2815 596 3114 657 ἀναστάσει
3155 595 3377 665 ζήσεται
3409 597 3582 667 ἀνθρω.

2048 705 2151 752 πος
2185 688 2320 756 (Καὶ
2369 690 2586 744 ἔσονται
2632 688 2763 760 γὰρ,
2819 690 2980 760 φησι,
3028 688 3229 753 πάντες
3280 688 3354 752 ὡς
3397 690 3581 757 ἄγγελοι

2048 781 2233 852 Θεοῦ),
2266 783 2385 846 πῶς
2428 783 2594 839 αὐτὸν
2624 783 2779 837 ἐνδεᾶ
2805 781 3060 854 βρώσεως
3086 782 3180 836 καὶ
3217 782 3423 845 πόσεως
3448 783 3580 836 σίτω-

2051 891 2189 946 μενς
2236 875 2546 947 Ἀμήχανον
2586 875 2749 930 τοῦτο
2789 874 3030 941 πάντως,
3077 874 3385 945 ἀμήχανον.
3411 875 3470 928 Εί
3496 875 3584 946 γὰρ

2047 967 2143 1021 καὶ
2174 966 2414 1037 βρώσεσι
2448 966 2717 1039 χρώμεθα
2750 968 3016 1041 σήμερον,
3047 968 3144 1022 an
3183 969 3287 1037 τὴν
3331 966 3482 1036 φύσιν
3506 969 3585 1020 αὐ-

2048 1057 2146 1127 τὴν
2172 1056 2387 1129 ἔχοντες
2409 1058 2854 1127 ἀναγκάζουσαν,
2880 1059 3039 1124 ἀλλὰ,
3067 1058 3327 1128 καθάπερ
3351 1061 3378 1110 ὁ
3400 1058 3586 1128 Νύσσης

2048 1150 2206 1219 φησι,
2237 1150 2337 1219 τῆς
2382 1148 2726 1222 λειτουργίας
2769 1151 2977 1217 ταύτης
3006 1150 3449 1221 ἀπαλλαγήσεται
3486 1152 3585 1204 τότε

2046 1244 2076 1297 ό
2102 1243 2392 1313 ἄνθρωπος
2424 1245 2521 1297 καὶ
2551 1248 2666 1307 τοῖς
2698 1244 2955 1314 ἀγγέλοις
2985 1244 3046 1309 ἐξ
3076 1244 3194 1298 ῖσου
3224 1244 3585 1314 διατεθήσεται,

2049 1336 2231 1400 καθὼς
2278 1339 2335 1389 ὲν
2383 1337 2745 1406 Εὐαγγελίοις
2788 1337 2893 1409 ἔφη
2941 1338 2973 1391 δ
3025 1339 3251 1407 Κύριος.
3293 1335 3444 1389 Ἀλλά
3473 1337 3588 1390 καὶὸ

2048 1428 2415 1498 Δαμασκηνὸς
2479 1429 2738 1501 Ἰωάννης
2798 1431 2859 1483 ὲν
2908 1428 2986 1500 τῷ
3039 1428 3179 1498 Περὶ
3231 1428 3584 1494 ἀναστάσεως

2050 1518 2333 1588 ἑκατοστῷ
2366 1519 2654 1590 κεφαλαίῳ
2691 1519 2859 1574 αὑτοῦ
2887 1521 3029 1574 κατά
3057 1519 3204 1584 λέξιν
3248 1518 3393 1572 οὕτω
3416 1521 3589 1589 φησίν·

2056 1628 2075 1663 ι
2112 1612 2404 1682 Σπείρεται
2436 1612 2601 1682 σῶμα
2630 1612 2886 1684 ψυχικὸν,
2915 1613 3085 1683 ἠγουν
3112 1612 3263 1681 παχύ
3291 1629 3350 1665 τε
3381 1614 3465 1664 καὶ
3491 1613 3593 1682 θντπ
3618 1592 3633 1615 ”

2049 1707 2162 1770 τὸν,
2187 1706 2468 1776 ἐγείρεται
2510 1706 2673 1776 σῶμα
2700 1704 3105 1777 πνευματικὸν,
3143 1700 3259 1760 οἷον
3290 1707 3353 1759 τὸ
3391 1706 3478 1759 τοῦ
3503 1708 3592 1760 Ko-

2051 1795 2170 1866 ρίου
2200 1795 2361 1865 σῶμα
2385 1796 2527 1865 μετά
2547 1797 2647 1868 τὴν
2675 1797 3005 1862 ἀνάστασιν,
3028 1796 3435 1867 κεκλεισμένων
3450 1796 3593 1852 ὄντων

2050 1887 2230 1958 θυρῶν
2279 1888 2656 1960 διερχόμενον,
2711 1890 3093 1955 ἀκοπίαστον,
3144 1893 3398 1961 τροφῆς,
3450 1889 3594 1943 iam

2049 1976 2147 2031 καὶ
2175 1977 2388 2041 πόσεως
2420 1979 2697 2043 ἀνενδεις.
2735 1980 2862 2034 Βίον
2892 1981 3007 2051 γὰρ
3041 1981 3330 2049 ίσάγγελον
3356 1981 3451 2062 ἐπὶ
3482 1982 3594 2035 πάσι

2049 2069 2172 2122 τότε
2198 2068 2429 2139 ζήσεται
2455 2071 2745 2142 ἄνθρωπος
2774 2073 2922 2126 κατά
2946 2072 3038 2128 τὸν
3069 2073 3318 2142 είπόντα,
3341 2073 3455 2128 Καὶ
3475 2071 3597 2127 ἰσον-

2048 2179 2145 2217 ται
2173 2162 2379 2229 πάντες
2404 2165 2480 2230 ὡς
2508 2166 2735 2236 ἄγγελοι
2761 2164 2922 2225 θεοῦ.
2962 2184 2984 2220 ι

2120 2438 2233 2492 Καὶ
2258 2438 2313 2492 τί
2344 2436 2450 2509 χρὴ
2481 2437 2653 2492 πολλά
2691 2436 2913 2507 λέγεινς
2959 2437 3025 2492 Εί
3066 2437 3156 2492 τδν
3188 2437 3429 2509 Χριστὸν
3458 2435 3595 2491 αὐτὸν

2049 2533 2172 2585 ἀντὶ
2210 2533 2429 2585 πάντων
2464 2530 2612 2601 ἔχειν
2645 2529 2956 2599 ὀφείλοντες
2984 2529 3035 2583 oi
3072 2529 3182 2583 τῶν
3224 2529 3447 2598 ἀγαθῶν
3479 2529 3597 2580 Exsi-

2049 2641 2156 2678 νων
2189 2623 2489 2679 ἀπολαϐεῖν
2530 2622 2821 2694 μέλλοντες
2849 2622 2885 2678 ἀ
2914 2621 3196 2692 ὀφθαλμὸς
3225 2623 3325 2675 οὐκ
3360 2616 3491 2685 εῐδε,
3519 2622 3598 2674 καὶ

2048 2718 2141 2781 οῦς
2185 2720 2288 2772 οὐκ
2335 2719 2560 2789 ἢκουσε,
2617 2719 2712 2771 καὶ
2744 2718 2836 2771 ἐπὶ
2891 2718 3123 2785 καρδίαν
3179 2716 3473 2786 ἀνθρώπου
3520 2719 3599 2770 olnt

2047 2812 2241 2882 ἀνίὸη,
2278 2813 2490 2881 διαίτης
2534 2813 2757 2881 ἑτέρας,
2787 2811 2865 2876 ὡς
2888 2806 3071 2882 οἶμαι,
3104 2813 3403 2882 μετασχεῖν
3431 2811 3523 2863 οὐκ
3548 2812 3600 2865 ἀν

2046 2921 2179 2958 ποτε
2207 2905 2675 2977 προαχθήσονται.
2710 2906 2836 2960 Ὀτι
2877 2905 2935 2959 δὲ
2975 2907 3009 2977 ἠ
3063 2906 3408 2977 μακαριότης
3441 2907 3600 2976 ἐκείνη

362 2994 550 3063 epulas
582 2993 692 3063 (59)
733 2994 1003 3063 esse,scd
1048 2995 1448 3065 intelligibilem
1490 2996 1674 3065 potius
1723 3014 1788 3051 cx
1827 2999 1940 3069 ipsa

2048 3002 2108 3053 οὐ
2170 3000 2375 3070 βρῶσις
2431 2998 2669 3071 αίσθητή
2725 3001 2907 3063 ἑστιν,
2960 2998 3076 3053 ἀλλ’
3126 2999 3161 3069 ἡ
3215 2998 3377 3069 νοητὴ
3426 2999 3600 3069 μᾶλλον

362 3086 577 3141 visione
608 3085 846 3141 laetitiam
888 3086 945 3141 in
979 3087 1185 3142 sanctis
1229 3087 1548 3155 excitatam,
1593 3089 1709 3160 ipse
1756 3088 1940 3145 Domi-

363 3192 470 3233 nus
493 3177 892 3234 demonstravit
926 3195 1051 3235 cum
1102 3180 1179 3234 ita
1210 3180 1382 3234 dixit:
1423 3199 1441 3232 ι
1468 3179 1650 3246 Pater,
1682 3197 1818 3252 quos
1848 3184 1946 3238 de-

362 3271 491 3326 diSti
543 3271 697 3340 mihi,
741 3271 865 3327 volo
901 3280 963 3327 ut
1016 3271 1107 3326 ubi
1158 3286 1259 3343 ego
1299 3287 1445 3335 sum,
1484 3274 1649 3327 etiam
1714 3274 1787 3327 illi
1834 3275 1946 3331 sint

361 3380 598 3428 mecum,
632 3374 694 3420 ut
725 3380 899 3421 meam
932 3365 1162 3436 gloriam
1203 3366 1659 3436 contemplentur.
1691 3387 1709 3419 ι
1746 3369 1946 3424 Atten-

360 3459 430 3513 de
466 3460 672 3529 igitur:
704 3473 817 3513 non
864 3456 1022 3521 dixit,
1077 3477 1097 3510 ι
1123 3467 1182 3514 ιιι
1208 3459 1560 3530 participem,
1593 3480 1612 3512 ι
1668 3461 1784 3523 sed.
1831 3480 1851 3514 ι
1884 3470 1945 3516 ιιι

362 3550 809 3618 contemplentur
837 3549 1067 3619 gloriam
1100 3565 1302 3607 meam.
1328 3570 1347 3603 ι
1383 3552 1510 3607 Inde
1530 3553 1696 3624 igitur
1715 3554 1946 3609 demon-

362 3641 578 3705 stravit,
610 3650 669 3696 ut
715 3656 879 3697 aurea
926 3643 1093 3697 verba
1135 3643 1369 3699 fundens
1418 3642 1659 3701 Joannes
1709 3646 1787 3701 ait
1838 3647 1944 3701 tale

361 3731 607 3787 divinum
642 3732 846 3787 dictum
907 3749 1197 3802 enarrans,
1231 3750 1451 3794 omnem
1501 3737 1643 3793 hanc
1695 3739 1941 3809 requiem

365 3824 416 3877 in
464 3826 553 3878 llei
618 3822 743 3881 Filii
795 3829 1257 3899 contemplatione
1304 3832 1613 3886 consistere
1668 3833 1800 3903 (40).
1852 3831 1942 3886 Uti

362 3921 509 3976 enim
548 3920 580 3973 ii
609 3921 860 3999 quisolis
886 3922 1072 3978 radios
1092 3922 1466 3993 speculantur,
1489 3939 1718 3993 aereque
1750 3925 1942 3979 fruun-

365 4021 487 4077 tur,
553 4012 927 4067 tcnuissimam
969 4027 1036 4067 ex
1092 4023 1316 4082 aspectu
1366 4013 1570 4070 habent
1618 4017 1940 4073 delectatio-

364 4116 514 4160 nem,
574 4102 646 4153 ita
696 4116 916 4170 quoque
969 4111 1102 4156 tunc
1142 4101 1271 4156 erit.
1327 4101 1539 4157 Etenim
1591 4105 1944 4177 intelligibilis

365 4192 533 4246 ibicv
574 4193 1039 4263 contemplatione
1084 4194 1271 4249 laetitia
1306 4195 1361 4248 in
1392 4199 1618 4263 sanctis,
1652 4207 1709 4251 ut
1734 4200 1940 4254 dictum

352 4294 464 4348 σει,
496 4284 845 4341 excitabitur.
882 4286 995 4341 Hoc
1042 4287 1219 4356 ipsum
1256 4289 1445 4359 utique
1473 4274 1783 4346 consultum
1830 4303 1942 4349 sta-

2050 3092 2357 3163 εῦφροσύνη
2388 3092 2478 3146 διὰ
2527 3094 2656 3156 Θέας
2690 3093 3019 3162 ἐγγινομένη
3069 3093 3184 3155 τοῖς
3222 3091 3425 3159 ἁγίοις,
3464 3091 3601 3155 αὐτὸς

2045 3189 2074 3240 ὀ
2105 3187 2311 3256 Κύριος
2352 3186 2557 3251 ἔδειξεν
2587 3188 2645 3239 ὲν
2674 3180 2755 3248 οἷς
2783 3184 2959 3249 οὕτως
3001 3185 3154 3252 ἔλεγε
3186 3199 3200 3215 ·
3240 3204 3258 3236 ι
3295 3187 3495 3255 Πάτερ.
3523 3183 3601 3245 οὓς

2045 3274 2288 3338 δέδωκάς
2322 3293 2416 3345 μοι
2447 3273 2589 3328 Θέλω
2623 3275 2712 3328 ἵνα
2759 3274 2897 3329 ὅπου
2931 3275 3049 3343 εἰμὶ
3089 3273 3224 3342 ἐγὼ,
3254 3277 3490 3329 κάκεῖνοι
3515 3267 3599 3327 ὦσι

2049 3368 2169 3438 μετ’
2205 3369 2363 3437 ἐμοῦ,
2388 3367 2476 3420 ἵνα
2512 3366 2761 3438 θεωρῶσι
2790 3367 2890 3438 τὴν
2922 3367 3083 3432 δόξαν
3110 3367 3210 3438 τὴν
3238 3368 3403 3438 ἐμήν.
3431 3387 3449 3419 ι
3482 3368 3601 3438 Πρό-

2049 3471 2176 3525 σεχε
2227 3452 2322 3508 σῦν
2345 3471 2359 3486 ·
2394 3455 2493 3509 οὐκ
2526 3449 2709 3522 εἶπεν,
2743 3473 2763 3506 ι
2802 3455 2890 3508 ἵνα
2924 3455 3251 3526 μετέχωσιν,
3288 3474 3309 3509 ι
3336 3456 3451 3510 ἀλλ’
3483 3474 3501 3507 ι
3528 3457 3600 3509 ἵνα

2048 3546 2299 3616 Θεωρῶσι
2327 3547 2428 3616 τῆν
2452 3545 2615 3612 δόξαν
2643 3547 2742 3616 τὴν
2774 3546 2939 3616 ἐμήν.
2971 3564 2989 3597 ι
3030 3545 3278 3611 Ἐδειξεν
3310 3542 3402 3601 οὖν
3434 3546 3602 3600 ἐντεῦ-

2045 3639 2158 3702 θεν,
2187 3639 2264 3703 ὡς
2288 3642 2317 3693 ό
2351 3640 2760 3711 χρυσορρήμων
2798 3639 3056 3708 Ἰωάννης
3097 3641 3232 3709 φησὶ
3281 3641 3342 3694 τὸ
3382 3640 3600 3694 τοιοῦτον

2046 3733 2484 3803 ἐπεξηγούμενος
2536 3733 2678 3786 θεῖον
2730 3732 2920 3802 ῥητὸν,
2971 3733 3057 3787 ὅτι
3110 3734 3266 3787 πᾶσα
3317 3734 3602 3796 ἀνάπαυσις

2046 3825 2191 3894 αῦτη
2226 3825 2377 3878 ἐστὶν
2407 3827 2487 3888 είς
2516 3824 2576 3877 τὸ
2606 3824 2835 3894 θεωρεῖν
2884 3825 2965 3887 είς
3006 3824 3100 3877 τὸν
3135 3825 3266 3879 Υίδν
3320 3824 3410 3879 τοῦ
3440 3823 3565 3877 Θεοῦ
3587 3840 3599 3855 ’

2042 3917 2231 3989 ὥσπερ
2259 3923 2367 3988 γὰρ
2398 3919 2447 3971 oi
2483 3917 2621 3989 πρὸς
2649 3917 2749 3980 τὰς
2778 3917 3005 3979 ἀκτῖνας
3036 3915 3136 3969 τοῦ
3168 3917 3323 3988 ἡλίου
3355 3917 3604 3988 θεωροῦν·

2040 4031 2133 4077 τες
2192 4015 2287 4067 καὶ
2341 4013 2502 4084 ἀέρος
2548 4011 2917 4075 ἀπολαύοντες
2971 4010 3315 4085 λεπτοτάτην
3371 4012 3475 4089 ἀπὸ
3518 4011 3603 4079 τῆς

2043 4105 2220 4175 ὅψεως
2249 4106 2435 4176 ἔχουσι
2465 4106 2564 4173 τὴν
2591 4105 2917 4173 ἀπόλαυσιν,
2962 4105 3140 4172 οὕτως
3170 4108 3327 4163 ἔσται
3362 4109 3453 4164 καὶ
3476 4108 3602 4160 τότε.

2042 4201 2233 4271 Νοητὴ
2265 4199 2497 4269 καὶγὰρ
2547 4199 2863 4269 εὐφροσύνη
2905 4201 3085 4254 ἐκεῖσε
3130 4200 3220 4255 διὰ
3263 4202 3389 4265 θέας
3412 4205 3605 4268 ἐγγινο-

2048 4294 2185 4364 μένη
2214 4293 2326 4355 τοῖς
2352 4292 2551 4359 ἁγίοις,
2574 4291 2650 4355 ὡς
2679 4294 2921 4363 εἴρηται.
2940 4293 3112 4346 Τοῦτο
3140 4295 3326 4366 μέντοι
3356 4294 3412 4346 τὸ
3440 4293 3603 4360 δόγμα

364 4378 481 4430 bilit
542 4377 707 4431 etiam
756 4378 1132 4434 divinissimus
1173 4378 1413 4436 Joannes
1461 4380 1833 4440 Damascenus
1877 4386 1940 4441 de

2052 4388 2340 4455 συνίστησι
2371 4384 2466 4438 καὶ
2511 4387 2540 4439 ὁ
2589 4384 2869 4448 θειότατος
2919 4385 3172 4457 Ἰωάννης
3201 4388 3229 4440 ὀ
3263 4386 3599 4455 Δαμασκηνὸς

352 4468 704 4544 intemeratis
749 4469 950 4525 Christi
983 4471 1258 4542 mysteriis
1305 4473 1468 4527 verba
1509 4472 1741 4540 faciens,
1780 4486 1837 4531 et
1882 4493 1945 4533 ea

339 4577 479 4629 ιιιιιιε
509 4573 817 4633 sequuntur
860 4564 993 4619 dicit
1022 4581 1039 4617 :
1067 4582 1086 4615 ι
1117 4562 1315 4619 Sancta
1352 4565 1467 4619 haec
1498 4578 1842 4623 sacramenta
1874 4570 1949 4624 si-

357 4657 602 4710 mulacra
633 4655 948 4713 futurorum
1001 4656 1280 4725 dicuntur,
1332 4671 1443 4712 non
1487 4658 1614 4728 quia
1652 4674 1779 4715 rere
1836 4677 1946 4718 non

428 4817 542 4887 (57)
577 4819 843 4888 Superius
882 4824 987 4876 col.
1020 4818 1146 4875 702.

432 4890 544 4957 (38)
577 4888 966 4950 Tertullianus.
992 4890 1067 4943 De
1098 4907 1269 4946 resur.
1292 4906 1443 4943 earn.
1487 4907 1505 4940 ι
1548 4888 1859 4947 Transituri
1886 4893 1940 4949 in

354 4969 559 5015 statum
589 4960 893 5027 angelicum
925 4976 1022 5029 per
1071 4960 1451 5014 indumentum
1504 4960 1632 5014 illud
1688 4963 1940 5018 incorru-

361 5029 694 5100 ptibilitatis.
728 5044 824 5095 per
852 5034 1174 5100 substantiae
1228 5032 1565 5084 resuscitata:
1629 5043 1809 5088 tamen
1844 5035 1941 5088 de-

356 5098 736 5170 tnutationcui.
775 5117 793 5147 ι
858 5098 1086 5153 liutinus
1118 5100 1312 5169 Expos.
1353 5105 1407 5153 in
1450 5100 1683 5170 Symbol.
1712 5119 1730 5156 :
1767 5123 1785 5154 ι
1826 5105 1929 5159 lie-

359 5167 718 5224 surrcctiouis
750 5183 879 5237 ergo
904 5170 1077 5222 virtus
1105 5167 1410 5239 angelicum
1448 5167 1765 5228 liotuinhus
1797 5190 1928 5229 con-

359 5242 466 5311 fert
496 5252 726 5301 Statum,
770 5249 828 5291 ιιι
856 5241 943 5303 qui
985 5241 1054 5292 de
1121 5250 1261 5311 teua
1321 5255 1761 5308 resurrexernnt,
1816 5262 1926 5299 non

357 5310 556 5365 iterum
598 5312 650 5362 in
687 5319 831 5378 terra
863 5322 987 5359 cum
1013 5309 1478 5378 quadrupedibus,
1538 5313 1635 5365 sed
1688 5330 1740 5366 tu
1792 5317 1930 5370 caelo

359 5397 482 5435 cum
518 5379 743 5449 angi-lis
776 5376 987 5430 vitam.
1030 5396 1049 5427 ι

429 5450 539 5519 (59)
573 5447 865 5516 ιίειμιςηιιιι
904 5449 1068 5520 igitur
1102 5447 1335 5520 theologi
1358 5447 1574 5517 quidam
1595 5454 1932 5518 pertenduut

357 5517 547 5589 gnatus
578 5517 1270 5589 laetusquevoluptatibus
1298 5517 1375 5573 'ct
1400 5521 1665 5586 ejusmodi
1719 5526 1931 5579 ili-liciis

359 5584 545 5644 beatos
573 5589 624 5641 itt
654 5587 796 5640 caelo
819 5584 983 5638 etiam
1013 5589 1276 5643 fruiturus
1303 5608 1315 5643 :
1343 5599 1398 5643 ct
1432 5584 1579 5643 hinc
1612 5594 1929 5647 cxculratur

352 5659 603 5714 Corinthi
671 5657 929 5719 lwrcsis,
988 5666 1043 5709 ct
1099 5672 1285 5715 eorum
1349 5661 1766 5727 Cluiliasmrum,
1838 5667 1928 5733 qui

2045 4478 2317 4550 περὶτῶν
2368 4477 2659 4547 ἀχράντων
2712 4478 2809 4530 τοῦ
2855 4477 3100 4548 Χριστοῦ
3166 4478 3478 4549 μυστηρίων
3520 4477 3595 4528 sin

2044 4572 2206 4639 λόγον
2239 4571 2584 4641 ποιούμενος.
2619 4570 2714 4625 καὶ
2748 4570 2875 4624 τάδε
2908 4571 3085 4641 φησί’
3129 4588 3149 4621 ι
3171 4571 3251 4624 Τά
3289 4573 3418 4639 ἀγια
3444 4569 3601 4622 ταῦτα

2048 4664 2332 4738 μυστήρια
2373 4662 2486 4717 τῶν
2515 4661 2823 4732 μελλόντων
2855 4661 3128 4716 ἀντίτυπα
3164 4663 3379 4732 λέγεται
3406 4662 3503 4733 οὐχ
3530 4663 3601 4713 ὅτι

2041 4825 2294 4881 homines
2329 4832 2620 4893 postquam
2672 4821 3077 4878 resurrexerint
3143 4837 3268 4876 cum
3303 4821 3516 4893 Christo
3552 4819 3599 4872 in

2042 4899 2148 4951 hoc
2182 4892 2388 4949 mundo
2419 4903 2763 4962 regnaturos,
2793 4893 3004 4947 deliciis
3022 4893 3282 4946 omnibus
3300 4901 3352 4946 et
3374 4892 3603 4962 voluptao

2040 4969 2189 5022 tibus
2212 4961 2515 5021 aﬂluentcs.
2547 4962 2842 5028 afﬁrmant,
2870 4965 2937 5017 de
2962 4964 3163 5030 quibus
3179 4965 3299 5017 vide
3332 4961 3600 5013 Eusebium

2039 5038 2430 5103 (lzrspriensem
2457 5033 2551 5085 lib.
2587 5047 2644 5085 ιιι
2676 5032 2877 5088 Histor.
2903 5032 3068 5087 ert-les
3097 5073 3112 5095 ,
3145 5047 3266 5100 cap.
3301 5033 3602 5103 21o§t50._9t

2041 5100 2271 5169 1ι[›.ἰ·ιι,
2305 5121 2425 5172 cap.
2458 5103 2548 5167 2|,
2594 5112 2649 5173 et
2692 5103 3060 5173 Augustinum
3106 5104 3204 5158 lib.
3237 5119 3326 5156 nx
3375 5102 3442 5153 De
3468 5100 3597 5152 cuit.

2042 5178 2161 5242 Dei,
2192 5192 2311 5245 eap.
2350 5176 2404 5233 7.
2440 5183 2498 5225 ut
2532 5172 3088 5245 reliquosjomittam.

2110 5249 2225 5316 (49)
2262 5243 2396 5300 iline
2425 5252 2572 5296 recte
2620 5248 2718 5316 vir
2757 5243 2955 5316 doctus
3008 5244 3284 5316 Avicenna
3316 5315 3320 5316 ν
3349 5244 3597 5316 iustorum

2037 5311 2339 5372 secundum
2368 5315 2577 5371 obitum
2630 5313 2947 5367 felicitati-tn
3001 5316 3158 5383 juxta
3220 5311 3597 5367 Multatumt-dis

2037 5392 2229 5458 placita
2267 5385 2662 5458 exponen_8_._iu
2717 5382 2943 5458 una_Dci
2975 5382 3452 5458 _COIltcm|t|aliuu6
3488 5392 3598 5429 eam

2037 5453 2289 5519 δυηυρθι,
2341 5453 2425 5510 ’ρι
2507 5453 2892 5523 ἀλληγορικώς
2974 5455 3388 5521 interpretatur,
3485 5462 3598 5523 qua:

2034 5528 2499 5599 ψευδοπροφήτης
2565 5520 2657 5599 ille
2686 5520 2776 5599 Ade
2804 5520 3180 5599 _scnsibililuts
3209 5520 3596 5599 “vulttptatibus

2035 5594 2263 5654 indetur
2288 5594 2564 5668 ingerere.
2601 5596 2735 5650 .Vitle
2768 5596 2890 5666 ejus
2917 5610 3054 5667 Opus
3087 5596 3154 5649 de
3185 5594 3461 5649 Almalmd.
