3838 6226
315 273 436 338 733

1701 278 2072 341 EPISTOIA
2112 281 2184 340 V.

3494 286 3604 349 734

332 393 503 463 σῶμα
531 394 622 447 καὶ
647 387 784 464 αἷμα
813 393 912 448 οὐκ
940 395 1080 448 εἰσὶν
1111 394 1328 463 ἀληθῶς
1376 395 1466 449 τοῦ
1499 397 1763 465 Χριστοῦ,
1797 397 1915 449 ἀλλ’

2033 395 2134 450 sint
2174 393 2379 449 Chritsi
2413 409 2616 465 corpus
2649 404 2705 450 et
2738 411 2960 468 sanguis
2991 395 3126 466 (Η),
3165 395 3260 452 sed
3303 398 3427 468 quia
3459 414 3604 456 nunc

315 485 415 539 ὃτι
449 484 543 538 νῦν
572 485 670 552 μὲν
697 483 766 538 δι’
803 486 982 538 αὐτῶν
1025 485 1329 555 μετέχομεν
1377 485 1479 553 τῆς
1525 485 1621 537 τοῦ
1673 483 1914 556 Χριστοῦ

321 565 614 648 θεότητος,
639 579 760 633 τότε
798 580 854 633 δὲ
881 581 1088 650 νοητῶς
1114 579 1206 633 διὰ
1244 580 1411 649 μένης
1435 579 1533 649 τῆς
1561 580 1710 640 θέας.
1749 597 1769 630 ›
1807 577 1917 630 Καὶ

319 672 390 725 ὲν
419 672 569 741 αὐτῷ
623 671 680 726 δὲ
737 672 815 742 τῷ
871 672 1012 736 Περὶ
1061 672 1456 738 ἀναστάσεως
1511 671 1792 741 κεφαλαίῳ
1822 671 1917 724 αὐ-

318 765 440 817 τοῦ
478 764 716 818 τοιαῖσδε
747 764 876 836 περί
911 767 1105 820 τούτου
1139 766 1404 835 κέχρηται
1439 765 1730 828 συλλαϐαῖς
1758 781 1770 794 ⁸
1809 784 1825 815 ι
1853 766 1917 822 Οἱ

318 857 383 910 ει
408 858 624 925 τάγαθὰ
659 858 971 928 πράξαντες
1006 857 1385 926 ἐκλάμψουσιν
1411 858 1600 925 ὥσπερ
1626 860 1652 910 6
1679 857 1828 927 ἥλιος
1862 858 1918 909 ὲν

319 949 482 1018 αὐτῷ
515 948 595 1018 τῷ
631 949 824 1019 Κυρίῳ
853 949 1016 1019 ἡμῶν
1052 947 1232 1018 Ἰησοῦ
1270 949 1512 1018 Χριστῷ,
1547 946 1783 1017 ὁρῶντες
1817 947 1917 999 αὐ-

322 1039 426 1093 τὸν
456 1040 550 1094 καὶ
577 1039 870 1110 ὁρώμενοι,
903 1041 997 1096 καί.
1029 1041 1265 1110 άληκτον
1287 1040 1386 1111 τὴν
1410 1040 1504 1093 ἀπ’
1533 1039 1696 1094 αὐτοῦ
1723 1040 1919 1111 εὐφρο-

330 1132 506 1201 σύνην
539 1131 939 1205 καρπούμενοι.
975 1151 994 1183 ι
1035 1133 1157 1184 ὐτι
1180 1131 1441 1186 δὲλαύτα
1466 1131 1635 1194 οὕτως
1658 1132 1792 1203 ἔχει,
1827 1133 1919 1185 καὶ

327 1223 419 1276 ὃτι
452 1222 654 1294 βρῶσις
691 1223 785 1276 καὶ
836 1224 997 1285 πόσις
1044 1223 1205 1284 αὑτός
1254 1225 1406 1274 ἐστιν
1450 1225 1478 1276 6
1523 1223 1778 1290 Χριστὸς,
1827 1223 1919 1275 καὶ

324 1316 417 1368 ὅτι
466 1320 628 1386 κόρον
679 1316 858 1370 ἐκεῖσε
895 1317 995 1385 οὐχ
1052 1316 1270 1382 ἕξουσιν
1321 1317 1369 1368 οἱ
1420 1315 1693 1378 ἐσθίοντες
1734 1315 1918 1383 αὑτὸν,

325 1409 500 1472 αὐτὸς
531 1408 700 1476 ἔδειξε
742 1409 830 1462 διὰ
866 1409 960 1461 τοῦ
996 1410 1282 1480 προφήτου
1330 1410 1358 1461 6
1403 1407 1606 1479 Κύριος
1637 1407 1810 1471 οὕτως
1839 1411 1920 1460 εἰ-

337 1503 467 1556 πών
490 1519 504 1532 ·
543 1522 560 1554 ι
612 1504 676 1556 Ol.
703 1504 1011 1572 τρώγοντές
1061 1520 1129 1573 με
1159 1502 1499 1566 πεινάσουσι,
1529 1503 1623 1554 καὶ
1651 1501 1701 1554 οί
1737 1501 1916 1556 πίνον-

320 1596 422 1658 τές
449 1613 518 1664 με
552 1593 866 1665 διψήσουσι.
902 1613 920 1646 ι

405 1688 499 1760 Μὴ
545 1689 678 1760 περὶ
723 1688 984 1759 βρώσεως
1030 1689 1297 1759 αἰσθητῆς
1338 1688 1677 1758 ἀμφισϐήτει
1710 1689 1800 1740 καὶ
1829 1688 1925 1740 πό-

2019 504 2114 558 per
2139 488 2226 540 illa
2257 485 2461 542 Christi
2496 489 2840 541 divinitatem
2875 491 3290 559 participamus,
3321 500 3448 546 tunc
3473 508 3602 545 vero

2020 580 2399 652 intelligibiter
2432 595 2528 649 per
2571 581 2745 634 solum
2782 583 3062 636 intuitum.
3100 603 3117 633 ι
3169 583 3234 637 Et
3275 583 3328 637 in
3376 600 3475 637 suo
3507 600 3602 638 co-

2019 671 2140 724 dem
2195 671 2373 739 capite
2425 669 2501 722 De
2556 673 2973 735 resurrectione,
3012 675 3212 728 talibus
3272 691 3439 743 super
3500 676 3603 730 hoc

2021 762 2239 833 syllabis
2272 777 2402 815 usus
2432 768 2516 815 est
2548 779 2562 816 :
2602 780 2619 813 ι
2651 761 2752 827 Qui
2803 774 2984 816 autem
3021 765 3160 818 bona
3212 765 3465 829 fecerint,
3496 766 3603 820 ful-

2021 853 2224 924 gebunt
2258 852 2398 906 sicut
2430 854 2508 906 sol
2540 854 2593 906 in
2626 853 2745 921 ipso
2779 838 3014 908 Domino
3051 866 3238 910 nostro
3279 859 3405 912 Jcsu
3438 859 3602 912 Chri-

2022 958 2129 1010 sto,
2190 945 2440 998 vidcntes
2483 944 2683 1015 ipsum,
2735 953 2790 998 et
2838 945 2964 1008 visi,
3021 959 3075 1000 et
3125 949 3486 1004 indelicientis
3538 967 3602 1004 ex

2022 1035 2141 1104 ipso
2172 1033 2375 1087 lautitia:
2409 1033 2646 1089 fructum
2685 1035 3032 1105 colligentes.
3069 1055 3085 1085 ι
3138 1033 3260 1090 Haec
3310 1049 3488 1091 autem
3531 1040 3604 1094 ita

2023 1142 2083 1182 se
2147 1126 2370 1189 habere,
2422 1136 2478 1180 et
2538 1127 2717 1181 cibum
2791 1137 2846 1182 et
2900 1129 3177 1196 potionem
3256 1128 3432 1194 ipsum
3484 1145 3606 1183 esse

2023 1218 2328 1281 Christum,
2362 1228 2417 1272 et
2449 1219 2648 1272 nullam
2700 1219 2770 1272 ibi
2811 1220 3139 1283 satietatem,
3187 1220 3280 1288 qui
3315 1237 3376 1272 ea
3423 1236 3607 1274 eome-

2021 1308 2187 1373 dunt,
2256 1312 2567 1374 habituros,
2634 1311 2748 1379 ipse
2788 1312 3050 1365 Dominus
3138 1313 3234 1379 per
3287 1312 3608 1382 prophetam

2027 1403 2269 1457 ostendit
2308 1403 2380 1456 ita
2417 1404 2604 1457 dicens
2634 1419 2648 1456 :
2694 1421 2710 1452 ι
2743 1401 2848 1466 Qui
2876 1403 3170 1458 comedunt
3200 1419 3306 1469 me,
3329 1406 3605 1471 esuricnt;

2028 1506 2083 1550 et
2115 1497 2204 1566 qui
2245 1496 2434 1550 bibunt
2461 1510 2568 1560 me,
2602 1494 2789 1550 siticnt
2815 1497 2852 1549 ⁸.
2891 1513 2910 1546 ι

2099 1671 2180 1729 Nc
2203 1673 2370 1744 igitur
2405 1673 2459 1727 in
2494 1673 2681 1728 sensili
2714 1673 2973 1728 alimento
3004 1683 3055 1727 et
3087 1674 3284 1742 poculo
3317 1674 3607 1744 ancipitem

330 1799 501 1847 σεως.
544 1784 605 1837 Εἰ
658 1783 767 1852 γὰρ
819 1783 911 1836 καὶ
962 1785 1158 1854 φαγεῖν
1207 1783 1298 1835 τὸν
1354 1782 1593 1851 Χριστὸν
1633 1783 1728 1835 καὶ
1778 1781 1924 1833 πιεῖν

2033 1776 2083 1821 te
2127 1769 2420 1821 traductio.
2468 1766 2521 1820 Si
2582 1769 2727 1819 enim
2767 1767 3070 1821 comedisse
3101 1767 3380 1820 Christum
3441 1777 3495 1820 et
3527 1767 3612 1821 bi—

328 1876 481 1945 μετὰ
510 1875 607 1944 τὴν
653 1876 952 1929 ἀνάστασιν
990 1878 1044 1929 αἰ
1081 1877 1222 1929 θεῖαι
1258 1875 1444 1928 Βίὸλοι
1484 1873 1922 1944 διαγορεύουσιν,

321 1968 451 2021 ἀλλ’
483 1969 574 2020 ἐπὶ
600 1968 814 2031 τούτοις
852 1966 1320 2039 διαταράττεσθαι
1359 1971 1458 2037 τὴν
1505 1968 1567 2020 οὐ
1613 1968 1732 2019 δέον
1767 1966 1926 2037 ἀγχί-

325 2079 507 2116 νοιαν.
538 2062 676 2115 Οὕδὲ
700 2045 806 2130 γάρ
839 2061 992 2132 νόμῳ
1018 2061 1234 2130 φύσεως
1265 2061 1437 2131 ἔφαγε
1465 2061 1924 2128 διαπνευσθείσης

326 2155 486 2222 αὐτῷ
515 2156 612 2223 τῆς
651 2153 878 2224 σαρκος,
910 2154 1003 2207 καὶ
1044 2154 1106 2205 τὸ
1142 2152 1324 2205 ἐνδέον
1375 2152 1649 2222 ζητούσης
1679 2151 1925 2220 ἀναπλη-

331 2242 538 2312 ρῶσαι,
577 2242 827 2310 καθάπερ
862 2243 957 2294 καὶ
1006 2243 1317 2312 πρότερον·
1370 2243 1531 2312 χάριν
1587 2240 1645 2292 δὲ
1705 2242 1924 2301 πάντως

325 2335 432 2388 τοῦ
463 2335 561 2405 τὴν
594 2335 810 2389 τελείαν
857 2338 986 2397 τοὺς
1025 2335 1361 2398 ἀποστόλους
1415 2332 1792 2403 πληροφορίαν
1831 2331 1923 2383 λα-

327 2427 454 2480 ϐεῖν
489 2428 746 2497 περὶτῆς
781 2430 844 2480 ὲκ
879 2428 1094 2499 νεκρῶν
1126 2428 1399 2499 ὲγὲρσεως
1433 2426 1622 2481 αὑτοῦ.
1660 2427 1782 2478 Ἔτι
1817 2425 1924 2494 γὰρ
1947 2457 1966 2464 ι·

329 2523 719 2575 ἀπιστούντων
769 2523 951 2574 αὐτῶν
983 2520 1091 2575 ἀπὸ
1137 2522 1236 2590 τῆς
1271 2523 1447 2592 χαρᾶς
1483 2518 1664 2573 λαϐὼν
1693 2519 1924 2573 ἐνώπιον

328 2614 520 2668 αὐτῶν
554 2614 747 2683 ἔφαγε.
783 2613 868 2685 Μὴ
914 2609 1007 2669 οὖν
1041 2614 1135 2667 ἐπὶ
1171 2613 1382 2676 τούτοις
1410 2611 1751 2683 ἀμφίϐαλλε·
1790 2610 1925 2680 μηδὲ

325 2707 623 2778 λογισμοῖς
647 2707 706 2761 τδ
742 2711 846 2760 πᾶν
877 2707 1164 2777 ἐπίτρεπε,
1198 2705 1322 2769 Πῶς
1353 2708 1550 2774 ἔφαγε,
1591 2706 1789 2773 λέγων,
1821 2704 1923 2756 ποῦ

327 2803 397 2855 δὲ
441 2804 533 2855 καὶ
580 2804 649 2856 τὰ
686 2801 966 2872 βρωθέντα
1025 2800 1349 2871 κεχώρηκε;
1403 2799 1660 2852 Τοιοῦτόν
1709 2816 1760 2851 τι
1797 2796 1925 2863 λέγε

334 2895 537 2966 μηδὲν,
567 2894 813 2964 ἀκριϐῶς
861 2893 1020 2956 εἰδὼς
1052 2894 1202 2955 ὅπως
1235 2893 1284 2946 οι
1337 2891 1676 2958 ξενισθέντες
1724 2891 1924 2942 ἐκεῖνοι

331 2990 496 3060 παρὰ
529 2988 608 3058 τῷ
639 2988 770 3058 θείῳ
797 2987 1060 3058 ’Δϐραὰμ
1096 2987 1368 3039 θειότατοι
1393 2985 1616 3052 ἄγγελοι
1650 2984 1718 3035 τά
1751 2999 1928 3051 παρα-

329 3078 572 3132 τεθέντα
610 3079 1020 3148 δεδαπανήκασι
1079 3076 1361 3146 βρώματα.
1424 3074 1589 3126 Ὅθεν
1643 3073 1738 3124 καὶ
1787 3071 1922 3141 πρὸς

2032 1859 2180 1914 bisse
2209 1869 2332 1929 post
2357 1859 2816 1914 resurrectionem
2837 1860 3004 1914 divini
3029 1860 3151 1914 libri
3178 1870 3470 1923 testantur,
3496 1875 3609 1914 non

2027 1968 2165 2022 opus
2211 1964 2297 2007 est
2343 1961 2402 2005 ut
2431 1968 2593 2020 super
2625 1953 2706 2007 his
2762 1961 3076 2022 torqueatur
3131 1953 3434 2024 ingenium.
3489 1952 3606 2005 Non

2026 2046 2172 2098 enim
2211 2053 2421 2098 naturae
2461 2045 2579 2114 lege
2617 2043 2960 2108 comedebat,
2996 2060 3119 2098 cum
3169 2046 3288 2114 ejus
3322 2059 3465 2099 "caro
3496 2045 3607 2114 jam

2026 2137 2289 2206 spiritalis
2318 2137 2511 2191 elfecta
2546 2145 2692 2191 esset
2720 2135 2879 2206 ΜΞ),
2910 2152 3011 2190 nec
3045 2138 3362 2191 necessario
3395 2151 3608 2207 quaere-

1991 2223 1997 2228 ’
2027 2240 2129 2294 ret,
2167 2229 2628 2298 quemadmodum
2663 2229 2835 2297 prius,
2859 2229 3094 2284 saturari
3115 2246 3151 2304 ιχ
3178 2230 3272 2284 sed
3303 2247 3364 2284 ea
3397 2239 3606 2285 tantum

2026 2325 2093 2376 de
2139 2336 2301 2376 causa
2343 2322 2590 2391 profecto
2627 2331 2686 2375 ut
2715 2323 2944 2390 apostoli
2975 2330 3190 2376 certum
3222 2332 3276 2377 et
3323 2323 3607 2378 indubita-

2026 2424 2139 2470 tum
2196 2430 2308 2469 sum
2363 2431 2391 2468 a
2455 2415 2682 2469 mortuis
2750 2415 3168 2470 resurrectionis
3222 2425 3610 2486 argumentum

2026 2511 2364 2579 aet-iperent.
2398 2509 2593 2564 Adhuc
2620 2509 2768 2563 enim
2805 2509 2871 2563 iis
2902 2525 2966 2564 ex
3009 2509 3206 2579 gaudio
3230 2525 3336 2562 non
3383 2513 3612 2564 creden-

2027 2606 2192 2666 tibus,
2225 2618 2350 2656 cum
2409 2603 2590 2656 cibum
2629 2601 2958 2670 sumpsisset
3007 2616 3191 2656 coram
3225 2602 3334 2657 illis
3378 2601 3612 2656 mandu-

2027 2697 2190 2750 cavit.
2220 2695 2294 2750 Ne
2323 2696 2488 2764 igitur
2523 2697 2590 2749 de
2623 2696 2708 2749 his
2738 2696 2926 2749 dubita
2958 2713 2970 2749 :
3006 2710 3186 2765 neque
3238 2697 3611 2751 ratiocinatio-

2028 2788 2194 2842 nibus
2240 2799 2414 2842 totum
2449 2789 2712 2851 concede,
2746 2787 3027 2852 Quomodo
3080 2789 3338 2851 comedit,
3389 2789 3606 2851 dicens,

2028 2881 2114 2933 vel
2154 2896 2262 2947 quo
2305 2893 2524 2934 comesa
2556 2881 2875 2934 secessere?
2906 2879 3054 2934 Nihil
3086 2880 3398 2949 hujusmodi
3421 2880 3610 2941 dicito,

2027 2989 2150 3026 cum
2199 2981 2391 3027 exacte
2429 2972 2649 3026 noveris
2687 2973 2964 3040 quomodo
3015 2973 3094 3026 illi
3134 2987 3162 3026 a
3196 2973 3386 3027 divino
3439 2973 3612 3026 Abra-

2033 3062 2196 3116 hamo
2226 3059 2463 3131 hospitio
2493 3064 2703 3130 excepti
2741 3060 3065 3116 divinissitni
3110 3063 3288 3128 angeli
3336 3064 3613 3131 appositas

329 3170 657 3241 ἀφθαρσίαν
681 3169 741 3222 τὸ
768 3171 864 3222 τοῦ
900 3169 1108 3238 Κυρίου
1139 3168 1302 3239 σῶμα
1339 3164 1711 3237 μεταποιηθὲν
1739 3179 1925 3233 παρα-

2033 3156 2222 3222 epulas
2279 3157 2653 3223 absumpsere.
2690 3153 2846 3208 Unde
2888 3162 2942 3208 et
3004 3156 3068 3206 ad
3147 3154 3610 3224 incorruptionem

329 3264 512 3328 δόξως
549 3263 724 3325 οὕτως
774 3263 1095 3331 ἐγήγερται,
1154 3263 1250 3314 καὶ
1307 3259 1400 3313 τοῦ
1449 3258 1600 3311 λίθου
1647 3257 1726 3326 τῷ
1768 3257 1924 3325 τάφῳ

329 3356 696 3426 ἐπικειμένου
747 3356 844 3407 καὶ
895 3356 1003 3407 τῶν
1057 3352 1374 3422 σφραγίδων
1424 3352 1604 3404 ἐκεῖσε
1654 3351 1924 3422 άπῃωρηῖ

336 3453 548 3521 μένων.
617 3448 779 3502 Ἀλλὰ
812 3449 907 3502 καὶ
962 3447 1072 3501 τῶν
1123 3446 1304 3515 Θυρῶν
1357 3443 1764 3513 κεκλεισμένων
1813 3445 1926 3505 τοῖς

331 3543 667 3604 ἀποστόλοις
699 3542 1010 3610 ἐφίσταται.
1057 3538 1380 3608 Παχύτητος
1417 3537 1526 3607 γὰρ
1559 3537 1738 3605 πάσης
1770 3535 1927 3598 ἐκτὸς

329 3636 583 3704 γεγονὼς
614 3633 866 3703 οὐδαμῶς
897 3630 1141 3685 ἐκώλυτο
1174 3630 1328 3700 παρά
1347 3647 1510 3682 τινων
1542 3628 1927 3698 εἰσερχόμενος

332 3746 397 3779 τε
439 3727 538 3780 καὶ
565 3724 947 3796 ἐξερχόμενος.
980 3722 1146 3774 Ὥστε
1183 3721 1234 3773 εἰ
1283 3719 1379 3773 καὶ
1427 3719 1634 3783 τύπους
1684 3719 1927 3772 ἐδείκνυε

329 3818 448 3871 τῶν
479 3818 644 3888 ἥλων,
674 3818 722 3869 εἰ
754 3817 848 3870 καὶ
877 3815 1044 3885 θνητῇ
1095 3814 1243 3885 χειρὶ
1294 3812 1929 3882 πολυπραγμονούμενος

327 3907 432 3980 ἦν,
476 3909 591 3962 ἀλλ’
627 3909 689 3961 ού
737 3907 830 3962 διὰ
863 3909 1022 3960 τοῦτο
1077 3906 1388 3974 θαυμάζειν
1450 3923 1509 3958 σε
1570 3905 1742 3969 ἄξιον.
1786 3906 1929 3975 Ὅρα

328 4009 452 4072 γάρ
483 4004 566 4054 ὅτι
599 4001 694 4056 καὶ
729 4003 755 4053 6
797 3999 1209 4071 χρυσορρήμων
1251 3999 1507 4065 Ἰωάννης
1543 3995 1930 4068 ὲπαπορούμε-

329 4116 430 4159 νος
465 4092 576 4148 οἷον
605 4096 698 4148 ἐπὶ
726 4095 965 4161 τούτοις,
993 4093 1130 4164 πρὸς
1160 4092 1218 4147 δὲ
1247 4093 1340 4146 καὶ
1383 4092 1622 4144 ἐπιλύων
1663 4092 1723 4144 τὸ
1753 4091 1931 4145 τοιοῦ-

319 4205 432 4243 ’τον
459 4188 728 4260 ἁπόρημὰ
762 4205 954 4258 φησιν,
984 4187 1068 4240 ὅτι
1100 4185 1568 4255 συγκαταϐάσεως
1597 4180 1664 4254 ἦν
1694 4184 1756 4236 τὸ
1781 4183 1928 4250 ’τινό-

337 4299 531 4352 μενον.
563 4283 637 4333 Τὸ
666 4281 778 4350 γὰρ
806 4280 951 4334 οὕτω
988 4281 1189 4333 λεπτὸν
1220 4279 1316 4332 καὶ
1346 4277 1550 4346 κοῦφον
1579 4277 1654 4340 ὡς
1681 4275 1930 4329 κεκλεισ-

338 4376 527 4441 μένων
550 4373 658 4425 τῶν
687 4372 870 4439 θυρῶν
897 4371 1181 4439 εἰσελθεῖν,
1213 4369 1442 4433 ὠτειλὰς
1473 4371 1530 4422 ὲν
1561 4368 1709 4438 αὑτῷ
1744 4368 1932 4438 φέρειν

335 4466 444 4516 οιὺκ
472 4463 738 4533 ἔπρεπεν,
771 4464 854 4517 ὅτι
886 4465 982 4516 καὶ
1022 4463 1336 4532 παχύτητος
1376 4461 1559 4530 πάσης
1591 4460 1928 4530 ἀπήλλακτο.

2027 3246 2242 3300 Domini
2290 3261 2489 3317 corpus
2543 3247 2869 3300 translatum
2923 3246 3246 3301 mirabiliter
3295 3248 3369 3300 ita
3428 3263 3615 3301 resur-

2027 3343 2190 3405 rexit,
2233 3350 2287 3396 et
2336 3340 2514 3409 lapide
2545 3340 2724 3394 adhuc
2750 3340 3002 3410 sepulcro
3032 3356 3201 3411 super
3240 3341 3516 3410 imposito,
3558 3349 3615 3396 et

2026 3439 2219 3509 sigillis
2264 3439 2487 3503 ibidem,
2527 3438 2846 3507 suspensis,
2899 3437 2994 3493 sed
3067 3447 3122 3492 et
3181 3438 3384 3493 clatnis
3428 3441 3615 3506 jauuis

2027 3531 2291 3600 apostolis
2336 3530 2630 3600 apparuit:
2665 3529 3034 3584 crassitudine
3071 3531 3215 3583 enim
3265 3530 3414 3584 omni
3448 3531 3616 3599 depo-

2031 3625 2158 3688 sita,
2199 3623 2352 3677 nulla
2400 3639 2460 3678 re
2515 3637 2757 3691 unquam
2803 3637 2874 3676 ne
2923 3620 3301 3692 ingrederetur
3339 3622 3425 3676 vel
3464 3638 3618 3692 egre-

2027 3717 2272 3780 deretur,
2331 3713 2741 3783 prohibebatur.
2791 3713 2847 3768 Si
2901 3729 3032 3766 vero
3068 3713 3273 3766 formas
3329 3717 3613 3768 clavorum

2031 3809 2292 3872 ostendit,
2323 3809 2408 3862 vel
2434 3807 2648 3862 mortali
2673 3823 2836 3861 manu
2861 3815 3242 3861 contrectatus
3274 3815 3380 3872 est,
3408 3823 3513 3859 non
3539 3816 3616 3860 ta-

2035 3915 2163 3954 men
2193 3900 2264 3953 ob
2294 3897 2398 3952 hoc
2425 3882 2598 3966 ipsum
2632 3896 2994 3950 admiratione
3027 3904 3079 3948 te
3107 3893 3326 3964 percelli
3378 3909 3475 3963 pir
3506 3903 3612 3948 est.

2044 3992 2176 4046 Vide
2227 3991 2373 4044 enim
2435 3989 2708 4059 quomodo
2767 3997 2823 4041 et
2879 4001 3046 4040 aureo
3113 3986 3331 4054 eloquio
3388 3999 3614 4038 manans

2030 4083 2273 4138 Joannes
2307 4083 2373 4137 de
2409 4083 2491 4137 bis
2519 4082 2651 4152 ipsis
2684 4080 2962 4143 dubitans,
2991 4086 3047 4133 et
3080 4077 3348 4148 ejusmodi
3377 4077 3605 4144 insuper

2005 4178 2401 4233 difﬁcultatem
2438 4177 2744 4232 dissolvens
2769 4175 2865 4240 ait,
2893 4174 2996 4228 hoc
3034 4174 3209 4244 ipsmn
3244 4173 3444 4226 factum
3487 4184 3610 4225 esse

2037 4281 2093 4324 ut
2158 4270 2392 4324 aliorum
2447 4268 2754 4326 inﬁrmitati
2785 4269 3189 4324 consuleretur.
3233 4264 3364 4318 Tam
3416 4263 3617 4318 subtile

2032 4368 2178 4422 enim
2215 4383 2277 4421 ac
2304 4368 2424 4421 leve
2470 4376 2529 4423 ut
2558 4368 2744 4437 januis
2773 4367 2976 4421 clausis
3016 4366 3246 4418 intraret
3281 4363 3419 4433 (45),
3469 4360 3618 4414 cica-

2035 4461 2202 4514 trices
2233 4460 2288 4514 in
2321 4475 2379 4515 se
2422 4459 2564 4514 ferre
2610 4460 2932 4526 dedecebat,
2969 4467 3160 4527 utpote
3205 4457 3348 4525 quod
3389 4466 3442 4508 et
3487 4468 3623 4522 qua-

361 4556 568 4618 ἶόύτοις
600 4558 695 4610 καὶ
714 4558 742 4610 6
763 4557 1039 4622 θειότατος
1073 4557 1432 4619 Ἀναστάσιος
1453 4558 1511 4608 ἐν
1529 4556 1604 4625 τῷ
1627 4555 1765 4624 Περὶ
1785 4553 1926 4609 ἀνα·

2035 4565 2252 4620 cunque
2301 4560 2420 4606 erat
2454 4549 2820 4606 crassitudine
2865 4552 3126 4606 liberum.
3183 4548 3341 4603 Hisce
3374 4557 3430 4602 et
3481 4544 3621 4601 divi-

419 4719 434 4750 ¹
473 4715 640 4773 Eccli.
677 4731 827 4782 xxiv,
858 4717 949 4773 99.

415 4836 532 4900 (41)
562 4835 805 4892 Observa
834 4835 1156 4892 Damasceni
1203 4842 1260 4889 et
1279 4835 1458 4906 Glyca'.
1487 4835 1644 4890 ﬁdem
1699 4835 1768 4892 de
1799 4852 1926 4892 vera

336 4907 550 4962 Christi
583 4908 635 4959 in
676 4925 811 4976 pane
838 4907 1208 4961 eucharistico
1233 4906 1547 4975 praesentia.

416 4977 530 5046 (4’2)
564 4976 758 5046 Glycas
793 4989 984 5032 noster
1017 4985 1169 5045 parte
1219 4992 1276 5029 tu
1317 4976 1515 5046 Annal.
1561 4993 1574 5030 :
1617 4976 1774 5028 Κατὰ
1816 4979 1927 5045 γὰρ

337 5045 440 5099 τὸν
475 5045 651 5114 μέγαν
699 5049 1044 5108 Ἀθανάσιον,
1083 5049 1210 5108 τοὺς
1266 5045 1532 5117 μαθητὰς,
1573 5048 1926 5117 ἐπιστηρίξαι

340 5119 681 5188 βουλόμενος
711 5120 926 5188 ἡμέρας
987 5117 1222 5188 ἐνταῦθα
1285 5121 1432 5188 ποιεῖ
1482 5116 1534 5182 μ’
1559 5116 1929 5188 ὀπτανόμενος

341 5191 534 5249 αὐτοῖς
565 5187 712 5241 ἔστιν
735 5187 836 5243 δτι
869 5190 960 5242 καὶ
991 5187 1058 5240 τὰ
1090 5190 1224 5254 πρὸς
1261 5187 1486 5257 εἰρήνην
1518 5187 1929 5256 διαλεγόμενος,

341 5260 578 5320 ὠτειλάς
620 5263 678 5311 ὲν
707 5262 784 5328 τῷ
814 5260 1044 5312 θεοειδεῖ
1112 5257 1374 5309 δεικνύων
1435 5258 1629 5327 ἐκείνῳ
1690 5260 1935 5326 σώματι,

343 5329 652 5382 σ·.ονεσθίων
689 5333 874 5394 αὐτοῖς
910 5329 1026 5397 ἅμα
1058 5329 1154 5399 καὶ
1221 5329 1414 5393 πίνων,
1448 5329 1545 5394 οὐχ
1604 5328 1676 5388 ὡς
1723 5330 1934 5399 τροφῆς

343 5401 626 5467 ῐεόμενος,
718 5402 855 5453 ἀλλὰ
914 5398 1300 5466 πιστούμενος,
1360 5400 1456 5451 καὶ
1505 5399 1676 5451 τάλλα
1753 5398 1934 5452 πάντα

345 5472 522 5524 ποιῶν
551 5473 765 5540 ὅσαπερ
794 5471 956 5524 εἴωθε
1005 5472 1132 5531 τοὺς
1192 5471 1440 5529 ἀσθενεῖς
1500 5468 1924 5536 ἁσφαλίζεσθαι,

346 5554 457 5594 etv.
497 5541 659 5594 «Nam
693 5543 759 5595 de
788 5543 966 5611 magni
1002 5541 1286 5593 Athanasii
1317 5543 1608 5600 sententia,
1640 5549 1926 5608 propterea

349 5617 472 5664 ιΙιιιε
506 5611 558 5664 in
601 5613 759 5666 terris
786 5629 850 5666 τι
881 5621 1253 5665 commoratus
1293 5619 1377 5662 est
1443 5611 1724 5674 Dominus,
1783 5611 1928 5677 quod

347 5685 652 5750 discpnlos
685 5689 1024 5737 continuare“
1079 5682 1263 5734 vellet.
1332 5678 1536 5732 Idcirco
1599 5694 1657 5733 se
1712 5681 1930 5746 conspi-

349 5757 601 5809 ciendam
639 5757 719 5810 eis
766 5755 1041 5809 inierdum
1101 5751 1327 5820 prtcbct,
1387 5751 1558 5805 amice
1604 5755 1933 5818 puciliccquc

2038 4848 2164 4892 cum
2185 4837 2265 4892 eis
2287 4835 2557 4907 loquitur,
2591 4835 2877 4892 cicatrices
2909 4834 2962 4888 in
3002 4849 3236 4904 corpore.
3263 4834 3450 4888 divino
3473 4849 3628 4907 coni-

2037 4918 2308 4962 monstrat
2340 4905 2627 4962 {comedit
2659 4917 2821 4977 atque
2857 4907 2994 4962 bibit
3024 4921 3154 4968 una,
3216 4915 3411 4959 cartera
3467 4905 3631 4960 deni-

2039 4996 2144 5046 que
2180 4978 2516 5031 facitomnia
2567 4995 2686 5045 qua!
2733 4979 2799 5031 ad
2866 4977 3275 5032 conﬁrmandos
3325 4977 3630 5030 imbecilles

2036 5048 2244 5116 aliquid
2301 5049 2496 5102 aﬂ‘erre
2552 5049 2809 5102 momenti
2869 5058 3115 5118 possent.
3167 5047 3268 5101 Sed
3327 5050 3450 5101 \itle
3504 5063 3626 5114 qua:

2038 5136 2139 5172 nos
2203 5121 2363 5186 paulo
2407 5119 2663 5188 superius
2721 5135 2788 5173 ex
2820 5137 3016 5190 magno
3044 5121 3358 5187 Augustino
3428 5131 3622 5187 protu~

2044 5193 2223 5242 Linus.

2117 5260 2225 5329 (45)
2255 5255 2372 5311 Non
2412 5268 2594 5315 tamen
2633 5261 2704 5327 ob
2725 5259 3086 5328 subtilitatem
3125 5259 3381 5319 intrabat,
3436 5257 3528 5310 scd
3555 5256 3624 5309 ob

2042 5331 2282 5383 divinam
2314 5333 2572 5384 virtutem
2606 5341 2621 5383 :
2657 5330 2886 5400 intelligi
2939 5331 3084 5382 enim
3124 5347 3233 5383 non
3278 5341 3457 5398 potest
3484 5346 3624 5395 quo-

2045 5414 2350 5454 moszosue
2400 5402 2632 5466 partium
2691 5400 3087 5470 disjunctione,
3145 5402 3344 5453 subtile
3400 5414 3621 5466 corpus,

2039 5485 2238 5536 corpus
2262 5473 2308 5522 al
2335 5470 2404 5525 ud
2430 5471 2664 5532 densum
2697 5486 2763 5524 ac
2807 5471 3039 5524 soldum
3089 5481 3377 5538 penetrare
3425 5471 3620 5536 possit.

2040 5541 2194 5594 Adde
2229 5542 2369 5609 quod
2400 5542 2593 5594 eodem
2632 5541 2792 5595 modo
2821 5559 2884 5594 ex
2939 5541 3172 5610 Virginis
3224 5541 3415 5594 matris
3465 5549 3621 5592 utero

2043 5611 2227 5664 clauso
2262 5622 2518 5674 caressus
2545 5622 2648 5673 est,
2687 5613 2811 5664 licet
2842 5626 3026 5664 crasso
3058 5625 3288 5678 corpore
3312 5611 3625 5664 circumda-

2045 5690 2154 5736 tus.
2220 5679 2468 5751 adeoque
2529 5699 2636 5735 non
2703 5682 2953 5749 corporis
3005 5691 3222 5746 natum,
3283 5683 3377 5734 sed
3440 5683 3623 5735 divina

2044 5755 2264 5814 virtute,
2295 5750 2346 5806 id
2393 5755 2504 5808 iicri
2543 5755 2876 5808 credendum
2899 5761 3003 5807 est.
