3838 6226
142 326 236 402 πθ
1473 322 1658 386 EPIS'

1820 322 1845 381 λ
1882 323 1986 386 VI.
3234 322 3336 386 ’170

144 446 228 499 καὶ
254 443 446 510 γήμῃς,
481 437 578 507 οὐχ
608 439 855 509 ἥμαρτες
880 454 893 470 ·
937 437 1051 492 ἀλλ’
1082 438 1137 490 ὲν
1188 437 1482 510 ἁμαρτίαις
1524 439 1660 506 ὅμως

1822 434 1913 489 itis
1940 431 2193 489 similiter
2228 433 2391 488 habet
2420 445 2609 489 nostra
2652 435 2932 505 generatio
2960 450 3338 509 progressum,

144 534 172 600 ἡ
212 531 410 598 γένεσις
436 527 592 595 ήμῶν
628 526 742 595 ἔχει
771 526 869 595 τὴν
908 527 1186 596 πρόσοδον,
1226 525 1320 582 ἆτε
1347 526 1411 597 δὴ
1439 543 1660 597 προκατ·

1826 526 2179 582 arturbatioue
2211 526 2463 581 videlicet
2521 542 2642 581 eam
2697 538 3104 594 antevertente;
3154 546 3342 599 quam--

144 622 378 691 ἄρχοντος
426 617 633 681 πάθους
687 618 856 686 αὐτῆς
880 632 895 647 ⁶
927 612 990 672 οὗ
1023 618 1438 689 χάρινὲμπαθῆ
1470 620 1660 690 ταύτηι

1825 621 1970 673 brem
2016 626 2271 688 aegr-ctam
2305 630 2425 670 eam
2454 625 2508 670 et
2533 631 2744 671 servam
2766 633 2888 673 esse
2921 619 3011 673 ille
3032 619 3341 693 Theologus

146 709 270 763 εἶναι
312 710 402 761 καὶ
450 705 641 775 δούλην
691 709 720 761 6
764 708 1025 774 Θεολόγος
1078 708 1284 776 ἔλεγεν.
1348 708 1662 763 Ἐπισεόαιοῑ

1825 711 1934 765 irit.
1967 708 2267 765 Conﬁrmat
2293 709 2410 763 haec
2460 708 2680 762 divinus
2726 710 2890 763 etiam
2940 711 3108 766 David
3142 712 3213 767 ita
3253 714 3341 767 di-

145 798 299 852 ταῦτα
335 799 427 851 κα)⁸
458 797 623 851 Δαὸὶδ
669 799 698 850 6
746 798 887 861 θεῖος
918 798 1061 851 οὕτω
1113 798 1284 864 λέγων
1309 815 1324 833 ο
1363 816 1383 850 r
1436 800 1524 852 ‘Ev
1555 802 1661 853 ἀνο-

1826 816 1913 857 ans
1942 819 1955 855 :
2002 820 2022 853 ι
2055 803 2112 856 ln
2144 800 2531 870 iniquitatibus
2557 808 2854 869 conceptus
2882 816 3025 866 sum,
3047 811 3101 857 et
3129 802 3183 857 in
3216 820 3342 873 pee-

104 948 113 957 ,
146 893 282 960 μίαις
317 889 675 961 συνελήφθην,
697 892 792 943 καὶ
833 893 891 943 ἐν
926 892 1223 962 ἁμαρτίαις
1252 894 1510 964 ὲκίσσησέ
1544 910 1612 964 με

1824 891 2190 961 itisconcepit
2216 906 2303 946 me
2339 899 2512 946 mater
2542 905 2684 944 mea.
2713 910 2732 942 ι
2773 890 2828 945 Si
2869 892 3019 946 enim
3068 894 3214 948 haud
3268 895 3340 949 ita

146 983 310 1051 μήτηρ
335 996 454 1049 μου.
489 998 509 1032 ι
544 981 653 1033 Καὶ
675 982 787 1047 γὰρ
831 982 879 1033 εί
912 981 986 1052 μὴ
1046 982 1200 1036 τοῦτο
1231 978 1319 1054 ἦν,
1365 986 1414 1036 εί
1467 983 1541 1053 μὴ
1577 984 1662 1053 τὴι

1826 998 1869 1038 ξε
1899 998 1957 1038 se
2000 984 2256 1045 habebat,
2278 982 2331 1037 si
2357 998 2464 1037 non
2499 982 2788 1042 animalem
2827 982 2969 1037 hanc
2997 983 3156 1048 vidit,
3183 992 3240 1039 et
3268 986 3342 1039 ir-

144 1073 315 1141 ζωώδη
339 1071 539 1142 ταύτην
561 1071 797 1142 εὕρηκεν
818 1072 1009 1139 ἄλογον
1032 1074 1286 1142 γέννησιν
1308 1078 1388 1136 εἰς
1409 1076 1478 1146 ἢν
1504 1079 1531 1130 6
1555 1094 1655 1129 κατ

1830 1075 2145 1130 tationalem
2186 1075 2591 1144 generationem
2626 1074 2694 1129 ad
2742 1067 2904 1143 quam
2962 1076 3071 1140 ille,
3126 1077 3219 1147 qui
3275 1080 3343 1132 ad

143 1163 310 1216 είκόνα
338 1162 699 1231 γεγενημένος
724 1162 859 1216 Θεοῦ
906 1165 1211 1235 κατηνέχθη
1250 1166 1339 1219 διὰ
1364 1167 1461 1237 τὴν
1499 1167 1659 1237 παρά-

1827 1169 1873 1223 ei
1912 1168 2201 1239 imaginem
2232 1168 2405 1223 factus
2434 1167 2635 1232 fuerat,
2688 1183 2785 1237 per
2833 1169 3343 1237 praevaricationem

142 1254 305 1317 σασιν,
340 1254 437 1307 οὐκ
464 1253 531 1307 ἂν
564 1254 658 1307 ἐπὶ
688 1255 943 1309 τοσοῦτον
979 1257 1220 1327 ὠδύρετο
1256 1259 1457 1325 λέγων·
1502 1281 1520 1313 ι
1550 1262 1658 1315 "Av-

1826 1259 2047 1315 eductus
2070 1267 2172 1323 est,
2196 1274 2304 1314 non
2322 1260 2510 1327 utique
2532 1259 2668 1313 adeo
2696 1260 3088 1316 lamentaretur
3112 1263 3303 1317 dicens
3328 1279 3342 1316 :

144 1347 340 1415 θρωπος
371 1346 431 1398 ὲν
461 1349 596 1417 τιμῇ
623 1346 697 1400 ὢν
723 1348 785 1400 οὐ
824 1348 1043 1417 συνῆκε.
1077 1351 1536 1424 Παρασυνεύλήθη
1564 1356 1660 1415 τοῖς

1847 1349 2021 1406 Homo
2049 1365 2171 1405 cum
2208 1350 2265 1404 in
2302 1352 2508 1404 honore
2542 1358 2688 1404 esset
2712 1365 2819 1404 non
2851 1353 3149 1418 intellexit,
3199 1369 3349 1408 com-

141 1439 371 1511 ἀνοήτοις
400 1441 641 1509 κτήνεσι,
669 1440 761 1493 καὶ
786 1440 1042 1510 ὡμοιώθη
1076 1442 1311 1505 αὐτοῖς.»
1338 1443 1476 1497 Είδὲ
1503 1446 1657 1498 ταῦτα

1896 1451 1999 1497 rtus
2019 1450 2102 1497 est
2133 1441 2397 1512 iumentis
2434 1442 2840 1511 insipientibus,
2860 1452 2915 1497 et
2941 1444 3137 1497 similis
3167 1446 3347 1499 factus
3406 1440 3412 1446 ’

139 1531 293 1593 οὕτως
322 1531 455 1600 ἔχει.
493 1531 545 1583 τί
577 1532 683 1602 χρὴ
714 1534 807 1585 καὶ
854 1534 1035 1600 λέγειν
1061 1534 1090 1603 ἧ
1119 1535 1200 1587 ὅτι
1231 1535 1335 1604 πρὸ
1377 1536 1470 1589 τοῦ
1503 1554 1655 1606 παρα·

1832 1544 1864 1591 ιι
1892 1519 2020 1589 illis.
2051 1555 2070 1587 ι
2109 1534 2165 1588 Si
2195 1549 2321 1589 vero
2347 1536 2461 1589 hmc
2495 1535 2567 1589 ita
2595 1551 2654 1589 se
2688 1535 2907 1601 habent,
2946 1537 3072 1604 quid
3097 1553 3235 1606 opus
3264 1548 3348 1593 est

140 1621 318 1690 χθῆναι
345 1624 403 1675 τὸ
432 1622 586 1692 θῆλυ,
624 1624 727 1690 πρὸ
758 1623 850 1677 τοῦ
900 1625 1325 1694 συγχωρηθῆναι
1351 1626 1443 1679 τὸν
1472 1629 1651 1696 γάμον

1834 1641 1959 1681 cere
1980 1632 2158 1680 utrum
2189 1634 2486 1694 antequam
2510 1624 2711 1679 femina
2739 1626 3154 1694 produceretur,
3191 1636 3344 1680 ante—

135 1713 255 1782 άλλη
288 1728 367 1774 τις
408 1714 439 1783 ἡ
489 1714 754 1782 διαγωγὴ,
806 1715 895 1767 καὶ
930 1715 1092 1785 ἑτέρα
1135 1715 1397 1780 ὡσαύτως
1441 1720 1527 1772 τοῦ
1564 1720 1651 1773 σώι

1833 1729 1938 1768 tam
1969 1714 2413 1782 permitterentur
2465 1712 2692 1782 nuptize,
2742 1713 2848 1767 alia
2888 1706 3156 1782 quaedam'
3187 1718 3349 1786 fuerit

136 1821 293 1873 ματος
325 1806 635 1876 κατασκευὴ
680 1810 743 1877 τῇ
780 1808 1113 1861 καταστάσει
1145 1810 1359 1870 πάντως
1389 1814 1570 1881 ἐκείνῃ
1604 1814 1652 1881 τῇ

1834 1813 1898 1859 tae
1925 1804 2219 1866 institutio.
2249 1812 2305 1858 et
2335 1803 2502 1857 altera
2531 1806 2723 1858 colem
2745 1803 2908 1857 modo
2928 1805 3176 1873 corporis
3207 1814 3350 1859 stru-

142 1897 387 1965 πρότερον
417 1897 727 1965 πρέπουσα,
753 1896 875 1949 καθ’
900 1898 967 1966 ἢν
994 1898 1256 1967 ὁμότιμος
1286 1901 1393 1960 τοῖς
1422 1900 1658 1966 ἀγγέλοις

1834 1912 1931 1952 ura
1990 1897 2065 1952 illi
2123 1896 2499 1953 universitatis
2544 1896 2951 1961 constitutioni,
3018 1912 3139 1965 qum
3197 1898 3350 1966 prius

139 1986 163 2036 6
189 1985 461 2055 ἄνθρωπος
503 1982 592 2055 ἦν.
632 1986 754 2039 Ὅτι
784 1987 841 2039 δὲ
884 1989 1054 2040 ταῦτα
1086 1987 1262 2051 οὕτως
1305 1985 1421 2059 εἷχε
1448 1991 1554 2060 πρὸ
1578 1993 1655 2059 τῆι

1841 1987 1900 2050 ἰι,
1933 1986 2288 2049 conveniens,
2339 1986 2641 2040 secundum
2692 2001 2852 2053 quam
2885 1986 3090 2055 angelis
3142 1988 3349 2040 honore

140 2077 467 2141 ἐκπτώσεως,
496 2078 636 2131 αὐτά
683 2095 741 2130 σε
776 2078 883 2147 πρὸ
916 2079 1009 2132 τοῦ
1050 2080 1210 2147 λόγου
1261 2081 1556 2133 διδασκέτω
1611 2083 1656 2136 τε

1833 2094 1943 2134 amo
1973 2088 2094 2133 erat
2124 2078 2367 2149 aequalis.
2401 2077 2524 2133 Haec
2555 2086 2736 2133 autem
2761 2078 2835 2131 ita
2864 2094 2920 2132 se
2945 2080 3198 2134 habuisse
3223 2066 3349 2135 ante

140 2166 448 2234 πράγματα.
473 2166 571 2219 Διά
601 2168 652 2219 τί
681 2169 787 2236 γὰρ
819 2171 848 2220 6
876 2170 1089 2231 Παῦλος
1118 2173 1237 2233 ταῖς
1263 2173 1551 2241 παρθένοις
1585 2191 1655 2227 κα

1835 2186 1991 2242 psum
2022 2186 2110 2225 res
2164 2172 2299 2241 ipsa:
2329 2150 2428 2240 p'ro
2488 2185 2739 2224 sermone
2801 2180 2855 2224 te
2919 2171 3167 2225 doceant.
3242 2172 3349 2225 Cur

140 2258 245 2317 ταῖς
278 2258 470 2326 χήραις
504 2260 685 2326 μεῖναι
718 2260 838 2311 κατ’
876 2262 1084 2314 ἐκεῖνον
1132 2263 1472 2327 ὲπέτασσενς
1507 2264 1656 2333 Εἵπει

1834 2268 1929 2316 tim
1958 2262 2159 2316 Paulus
2190 2262 2496 2330 virginibus
2544 2271 2600 2315 et
2635 2261 2813 2315 viduis
2847 2262 2919 2316 ita
2956 2279 3177 2318 manere
3228 2279 3350 2333 per—

138 2343 221 2402 οὖν
245 2349 335 2400 ἀπ’
361 2351 538 2420 ἀρχῆς
568 2350 738 2421 ἄρσεν
765 2352 859 2405 καὶ
890 2353 1021 2421 θῆλυ
1050 2354 1305 2426 εποίησεν
1330 2358 1356 2407 6
1380 2354 1533 2420 Θεὸς,
1567 2358 1654 2407 πῶη

1834 2354 1956 2415 .isit,
2012 2353 2056 2407 si
2087 2354 2161 2407 ab,
2194 2353 2351 2407 initio
2411 2354 2554 2407 Deus
2612 2354 2910 2407 masculum
2980 2363 3035 2407 et
3092 2356 3350 2409 feminam

137 2440 178 2490 el
207 2440 458 2507 ὁμόζυγοι
491 2443 618 2503 τοὺς
650 2442 862 2511 γάμους
894 2445 1067 2497 ἐνίοτε
1097 2443 1317 2508 λύοντες
1342 2447 1557 2508 ἑκόντες
1589 2448 1653 2498 ἀπ

1842 2445 1916 2499 cit
1949 2444 1972 2496 ἲ
2004 2444 2286 2509 Quomodo
2337 2445 2594 2513 conjuges
2654 2428 2870 2514 nuptias
2930 2446 3199 2498 interdum
3258 2461 3356 2497 vo-

139 2531 366 2600 ἀλλήλων
398 2534 739 2600 διίστανται;
773 2537 870 2590 Διά
908 2537 959 2589 τί
992 2539 1085 2590 καὶ
1131 2538 1315 2609 ἀσιτίᾳ
1350 2538 1653 2606 προσταλαι

1840 2535 2027 2589 mtarie
2087 2536 2361 2591 solventes
2417 2534 2484 2588 ab
2540 2535 2772 2589 invicem
2829 2528 3186 2605 separantur?
3246 2538 3356 2592 Cur

140 2624 362 2694 πωροῦσί
388 2642 558 2689 τινες,
591 2630 685 2678 ml.
706 2631 771 2697 τῇ
797 2628 959 2699 λοιπῇ
990 2630 1258 2701 κακουχίᾳ
1281 2630 1374 2684 τοῦ
1403 2631 1652 2699 σώματος

1842 2627 1971 2681 ιεάία
2002 2640 2061 2680 se
2093 2626 2314 2695 quidam
2344 2626 2609 2695 afﬂigunt,
2641 2638 2698 2682 et
2740 2638 2936 2683 caetero
2975 2630 3222 2700 corporis
3262 2646 3358 2684 ne-

140 2714 416 2770 καὶταῦτα
444 2717 543 2770 τοῦ
599 2718 733 2771 Θεοῦ
770 2719 943 2791 μυρία
995 2724 1414 2791 παραγαγόντος
1456 2722 1656 2792 ἐδώδιμ.

1839 2720 2005 2775 .ectu?
2036 2737 2160 2775 cum
2193 2728 2447 2775 sexcenta
2480 2722 2593 2775 ham
2619 2721 2797 2776 edulia
2830 2724 3082 2787 Deus,'ut
3112 2725 3177 2780 iis
3207 2725 3355 2781 frue-

142 2809 263 2875 πρδς
314 2810 591 2879 ἡμετέραν
627 2811 948 2866 ἀπόλαυσιν.
1002 2811 1235 2883 Εὔδηλον
1282 2812 1377 2868 οὖν
1420 2816 1500 2868 ὄτι
1554 2816 1658 2884 πρὸ

1837 2828 1997 2878 amur,
2018 2812 2374 2881 produxerit?
2395 2812 2588 2881 Liquet
2619 2813 2783 2882 igitur
2804 2829 2927 2868 cum
2970 2816 3034 2869 ad
3076 2818 3353 2885 antiquam

138 2901 226 2969 τὴν
264 2902 497 2971 ἀρχαίαν
545 2902 760 2971 ἐκείνην
795 2903 940 2973 ζωὴν
972 2904 1285 2974 ἀφορῶντες
1329 2906 1378 2957 οί
1412 2904 1654 2975 ἀνθρωπι

1840 2903 1940 2955 Iam
2000 2903 2165 2955 vitam
2227 2901 2476 2956 homines
2525 2902 2842 2969 respiciant,
2893 2912 2949 2957 et
2988 2905 3356 2974 virginitatem

140 2994 224 3048 καὶ
250 2995 550 3064 παρθενίαν
584 2991 838 3060 ἀσκοῦσι,
890 2997 985 3050 καὶ
1025 2998 1239 3066 γάμους
1277 2998 1450 3049 ἐνίοτε
1484 2997 1656 3051 λύουσι

1838 3009 2039 3057 ervare,
2080 3002 2135 3047 et
2168 2992 2390 3061 nuptias
2426 2992 2701 3045 interdum
2733 2993 2963 3057 solvere,
3010 3002 3065 3047 et
3119 2994 3354 3049 inediam

141 3087 224 3137 καὶ
248 3086 463 3140 ἀσιτίαν
506 3086 871 3152 ἀσπάζονται,
907 3090 1004 3142 καὶ
1048 3090 1230 3142 πᾶσαν
1281 3089 1449 3158 ἄλλην
1480 3088 1656 3157 ὑπομὲ

1840 3085 2073 3156 mplecti,
2101 3092 2156 3138 et
2188 3097 2406 3137 omnem
2459 3082 2620 3136 aliam
2671 3082 3023 3137 amictionem
3064 3084 3356 3140 sustinere.

140 3195 279 3231 νουσι
310 3180 582 3233 κάκωσιν.
618 3179 762 3249 Θῆλυ
812 3182 944 3249 γὰρ,
993 3180 1067 3244 ὡς
1106 3180 1348 3251 εἴρηται,
1379 3182 1473 3234 καὶ
1511 3181 1656 3250 γάμο

1842 3178 2017 3233 emina
2049 3176 2218 3241 enim,
2261 3183 2321 3229 ut
2362 3175 2568 3229 dictum
2595 3184 2704 3239 est,
2736 3184 2790 3230 et
2820 3176 3129 3243 nuptiarum
3190 3192 3358 3231 nexus

142 3270 391 3339 συνάφεια
424 3272 531 3325 οὐκ
558 3267 627 3342 ἦν
656 3271 749 3324 ἀπ’
781 3272 979 3342 ἀρχῆς,
1018 3271 1182 3342 ἡνίκα
1210 3271 1414 3341 δηλαδὴ
1441 3272 1534 3325 τὸν
1566 3288 1658 3325 και

1851 3266 2121 3343 principio
2149 3280 2259 3320 non
2291 3274 2430 3331 erat,
2459 3279 2583 3319 cum
2616 3264 2761 3319 Deus
2792 3265 3045 3320 videlicet
3076 3267 3226 3321 illum
3254 3268 3360 3321 ho-

140 3359 309 3412 εἰκόνα
343 3362 699 3430 παρήγαγεν.
742 3358 804 3413 El
853 3361 910 3413 δὲ
952 3360 1029 3431 μὴ
1074 3361 1243 3414 ταῦτα
1274 3362 1479 3430 παρῆν,
1510 3361 1630 3414 οὐδὲ

1844 3360 1996 3412 linem
2024 3357 2092 3412 ad
2128 3358 2419 3426 imaginem
2453 3371 2605 3412 suam
2646 3356 2924 3426 produxit.
2974 3357 3029 3412 Si
3073 3359 3191 3414 haec
3231 3376 3360 3414 vero

144 3448 240 3500 τῶν
266 3452 565 3521 σχημάτων
593 3451 810 3512 πάντως
831 3451 1066 3521 διαφορά
1085 3465 1099 3481 ⁸
1124 3452 1242 3515 πῶς
1264 3451 1394 3518 γὰρ,
1416 3452 1532 3519 είγε
1556 3468 1656 3522 μετ

1846 3463 1905 3502 )n
1932 3447 2184 3511 aderant,
2218 3462 2398 3516 neque
2423 3447 2647 3501 omnino
2677 3457 2795 3502 erat
2857 3449 3150 3519 ﬁgurarum
3198 3450 3362 3504 diffe-

138 3540 224 3609 τὴν
250 3542 347 3611 τῆς
379 3542 592 3602 εἰκόνος
650 3543 1016 3611 κατασκευὴν,
1061 3543 1138 3605 ὼς
1192 3545 1220 3595 6
1265 3544 1489 3615 Νύσσης
1538 3547 1654 3614 emo"

1844 3536 1990 3591 :ntia.
2031 3534 2316 3602 Quomodo
2347 3536 2491 3592 enim
2529 3537 2573 3591 si
2621 3547 2745 3606 post
2803 3537 3053 3608 imaginis
3106 3551 3360 3594 constru-

136 3632 427 3685 τελευταῖον
465 3630 604 3701 αὕτη
639 3633 990 3700 ἐπιτεχνᾶται
1019 3632 1097 3702 τῷ
1149 3632 1468 3703 πλάσματις
1521 3636 1652 3704 Πρός

1845 3626 2028 3683 .iOnem
2059 3636 2121 3682 ut
2160 3628 2437 3698 Nyssenus
2466 3628 2562 3691 ait,
2597 3628 2713 3682 haec
2735 3638 3070 3698 postremum
3104 3631 3361 3702 ﬁgmento

137 3739 219 3793 εχε
262 3722 376 3778 οὖν.
429 3724 569 3777 Οὐδὲ
618 3724 727 3793 γὰρ
776 3722 873 3776 ἀπ’
931 3724 1128 3794 ἀρχῆς,
1177 3725 1252 3788 ὡς
1307 3726 1543 3797 εἴρηται,
1597 3725 1653 3796 τὴ

1844 3718 2231 3788 rpermdiﬁcata
2286 3717 2402 3771 est?
2461 3718 2697 3772 Attende
2743 3719 2928 3785 igitur.
2976 3719 3163 3788 Neque
3215 3723 3360 3775 enim

140 3819 385 3885 τοιαύτην
418 3814 647 3883 ἐποίησε
675 3813 945 3884 διαφορὰν
977 3816 1005 3868 6
1036 3815 1170 3879 Θεός
1191 3831 1205 3845 ο
1237 3815 1350 3869 ἀλλ’
1381 3816 1541 3879 αὐτὸς
1569 3816 1656 3870 ὲαι

1846 3808 2088 3877 rincipio,
2130 3815 2190 3862 ut
2217 3807 2477 3867 diximus,
2513 3808 2777 3876 ejusmodi
2810 3809 3176 3863 differentiam
3218 3810 3362 3865 Deus

139 3907 207 3973 τῷ
228 3907 599 3976 προύξένησεν
632 3905 858 3976 ὕστερον
882 3909 909 3960 6
940 3907 1156 3977 πρῶτος
1188 3907 1382 3976 Ἀδὰμ,
1413 3908 1655 3963 ὲκπίπτω

1844 3899 1947 3962 :cit,
1988 3898 2080 3953 sed
2110 3898 2222 3966 ipse
2256 3898 2356 3951 sibi
2385 3913 2504 3951 eam
2538 3898 2747 3967 primus
2776 3898 3036 3964 Adamus,
3070 3916 3194 3953 eum
3235 3916 3360 3971 per-

141 3995 233 4063 ἤδη
281 3997 383 4065 τῆς
435 3997 803 4068 τελειότητος.
833 3998 940 4051 Καὶ
992 3998 1101 4068 γὰρ
1153 3998 1202 4051 εί
1256 4001 1333 4069 μὴ
1383 4000 1657 4069 παραϐἦνε

1845 3989 2035 4044 :ctione
2062 3989 2171 4059 jam
2197 3988 2512 4050 excidisset,
2550 3989 2843 4043 novissime
2873 3991 3209 4045 Conciliavit.
3237 3992 3361 4045 Ete-

136 4083 383 4154 ἔμελλεν,
436 4088 487 4140 εί
547 4086 622 4157 μὴ
676 4090 864 4141 πεσεῖν
898 4088 978 4149 είς
1036 4087 1245 4158 φθορὰν
1303 4088 1652 4142 ἐκινδύνευσε

1843 4081 1912 4135 im
1929 4081 2039 4135 nisi
2068 4088 2508 4151 transgressurus
2527 4080 2739 4147 fuisset,
2755 4081 2856 4135 nisi
2881 4084 2934 4135 in
2954 4085 3359 4152 corruptionem

136 4178 228 4230 οὐκ
256 4180 320 4232 ἂν
365 4179 499 4248 ἔσχε
532 4178 738 4250 χώραν,
771 4178 845 4241 ὼς
881 4178 991 4233 άνω
1035 4178 1366 4250 διείληπται.
1415 4180 1524 4233 τῶν
1570 4195 1652 4249 σχτ

1847 4172 1995 4227 tdere
2020 4173 2356 4241 periclitatus
2383 4182 2549 4237 esset,
2588 4173 2730 4228 haud
2775 4175 2986 4244 utique,
3016 4184 3076 4228 ut
3128 4178 3238 4241 jam
3274 4192 3363 4230 su-

141 4269 315 4335 μάτων
342 4269 585 4339 διαιρορά
608 4268 702 4320 τοῦ
742 4284 800 4321 τε
828 4268 1054 4339 ἄρσενος
1093 4270 1188 4323 καιὶ
1219 4269 1430 4340 θήλεος.

1848 4263 1989 4318 crius
2020 4263 2346 4319 afﬁrmatum
2384 4275 2489 4329 est,
2540 4266 2860 4333 ﬁgurarum,
2927 4267 3091 4321 maris
3157 4269 3364 4323 scilicet

1806 4356 2154 4424 feminaeque,
2182 4356 2474 4410 discrimen
2503 4356 2683 4410 locum
2713 4348 3010 4411 habuisset.

205 4442 265 4496 Εί
297 4443 353 4497 δὲ
387 4445 489 4512 μὲν
521 4442 634 4509 οὖν,
664 4441 947 4509 όσιὼτατε,
978 4444 1227 4515 καθάπερ
1255 4445 1560 4508 οίοπλείους
1590 4462 1694 4512 φα-

1870 4447 2022 4517 Opus
2050 4457 2165 4502 erat
2195 4447 2381 4516 igitur,
2414 4462 2447 4500 ο
2480 4448 2561 4500 vir
2592 4448 2959 4510 sanctissime,
3010 4458 3070 4501 ut
3115 4448 3363 4517 plerique

145 4538 213 4600 σί,
240 4536 339 4605 τὴν
371 4537 471 4589 τοῦ
501 4535 674 4605 Ἀδάμ
702 4536 959 4602 γενέσθαι
986 4537 1253 4606 πρότερον
1279 4537 1578 4600 ἔκπτωσιν,
1603 4553 1661 4587 κσ

1856 4541 2046 4607 adunt,
2077 4549 2136 4592 ut
2160 4538 2348 4593 Adami
2381 4538 2538 4593 ruina
2568 4540 2719 4609 prius
2746 4539 3105 4606 contingeret,
3135 4549 3190 4592 et
3237 4549 3366 4592 tunc

139 4627 252 4679 τότε
304 4628 365 4681 τὸ
419 4628 557 4695 θῆλυ
608 4627 981 4699 παραχθῆναι,
1025 4627 1099 4689 ὡς
1141 4626 1411 4691 ἐντεῦθεν,
1451 4628 1655 4696 εὐπαρό

1847 4632 2005 4687 :mina
2044 4629 2464 4700 produceretur,
2517 4640 2577 4686 ut
2620 4632 2749 4686 hinc
2795 4647 2880 4698 ea,
2930 4646 3049 4698 quze
3086 4632 3363 4696 dicuntur,

141 4716 299 4772 δεκτα
333 4715 476 4771 εἶναι
497 4719 650 4771 δοκεῖ
673 4719 741 4771 τὰ
776 4718 1046 4786 λεγόμενα
1068 4735 1083 4749 α
1117 4717 1231 4770 ἀλλ’
1262 4718 1464 4772 εἰδέναι
1488 4718 1657 4785 ὀφείλε

1850 4721 2306 4791 rcile,reeipienda
2336 4721 2646 4778 vidcantur.
2677 4722 2793 4776 Non
2838 4732 2915 4776 est
2981 4730 3161 4775 tamen
3213 4723 3366 4791 igno-

143 4824 237 4876 μεν
264 4810 348 4862 δτι
400 4810 435 4879 ἡ
480 4808 588 4863 άπδ
640 4808 739 4879 τῆς
794 4809 1036 4879 πλευρᾶς
1083 4808 1176 4860 τοῦ
1208 4810 1381 4877 Ἀδὰμ
1408 4808 1508 4877 τῆς
1552 4807 1659 4862 Εὕα

1941 4831 2039 4869 ωτι
2073 4815 2196 4867 Eva:
2235 4828 2301 4868 ex
2334 4814 2523 4868 Adami
2570 4814 2740 4868 latere
2784 4812 3201 4883 productionem
3268 4814 3372 4867 ho-
3436 4846 3457 4870 κ

140 4902 448 4973 παραγωγὴ
479 4903 574 4955 καὶ
623 4903 766 4956 πάνυ
810 4904 1085 4970 ἀναγκαία
1118 4903 1194 4973 τῷ
1231 4904 1353 4956 τότε
1416 4902 1656 4972 ἐτύγχανε

1853 4905 1943 4959 vini
1965 4904 2021 4958 in
2052 4912 2334 4974 peccatum
2365 4904 2518 4973 lapso
2546 4903 2911 4957 necessariam
2936 4903 3159 4956 omnino
3181 4902 3369 4957 fuisse.

138 4992 287 5059 Τίνος
321 4996 549 5061 ἑνεκεν;
585 4997 748 5049 ’Ὥστε
782 4995 859 5065 μὴ
886 4996 1105 5064 φύσεως
1131 4996 1302 5066 αὐτὴν
1332 4996 1523 5068 ἑτέρας
1551 5014 1653 5066 νομ

1858 4997 1973 5066 njus
2012 4994 2089 5048 rei
2125 4993 2333 5064 gratia?
2360 4993 2439 5048 Ne
2469 4994 2680 5048 scilicet
2726 4994 2843 5063 ipsa
2897 4994 3125 5048 alterius
3161 5005 3374 5050 natura:

139 5086 321 5151 ζεσθαι
349 5088 441 5141 διὰ
470 5087 531 5140 τὸ
574 5088 810 5157 ἑτεροῖον
848 5087 941 5139 τού
979 5089 1281 5157 σχήματος,
1330 5088 1424 5140 καὶ
1452 5088 1597 5149 ὅπως
1622 5104 1646 5139 ε

1857 5094 2132 5140 :nseretur
2156 5093 2377 5155 propter
2395 5083 2576 5155 ﬁgura:
2597 5085 2992 5149 diversitatem,
3017 5096 3069 5139 et
3098 5092 3155 5139 ut
3176 5100 3373 5155 genera

139 5178 387 5245 ὁμόνοιαν
417 5179 604 5251 ἀγάγῃ
629 5179 699 5231 τὰ
727 5179 859 5247 γένη
900 5180 992 5232 καὶ
1036 5180 1276 5249 φυσικήν
1314 5196 1434 5231 τινα
1467 5178 1655 5247 στοργὶ

1861 5176 1873 5229 l
1909 5176 2330 5230 consensionem
2361 5185 2412 5229 et
2440 5176 2792 5231 concordiam
2847 5174 3167 5241 adduceret,
3194 5186 3248 5229 et
3277 5190 3377 5227 na-

139 5268 421 5341 ὲντεθῆναι
454 5271 852 5342 παρασκευάσῃ
894 5271 1092 5333 αὐτοῖς.
1124 5272 1265 5340 Πρὸς
1291 5270 1499 5331 τούτοις
1525 5270 1580 5322 δὲ
1612 5287 1655 5322 κε

1857 5268 2039 5322 Iralem
2072 5266 2360 5336 quemdam
2392 5282 2636 5322 amorem
2688 5267 2767 5323 eis
2794 5266 3188 5338 inderet_(8l).
3246 5266 3373 5317 Erat

211 5454 323 5528 (8!)
362 5455 561 5528 Glycas
596 5466 779 5528 noster
810 5456 1097 5528 Annalium
1127 5464 1354 5528 part._t:
1386 5455 1705 5528 Ἀναγκαῖον
1812 5454 1967 5520 illud,
1996 5454 2134 5523 quod
2192 5450 2380 5528 mulier
2438 5452 2536 5528 uiri
2587 5453 2863 5528 de_laler_'e
2922 5453 3063 5528 facta
3116 5457 3191 5503 est
3232 5450 3258 5501 .’
3293 5448 3379 5502 Ve-

273 5524 340 5606 ἦν
376 5522 455 5606 μῆ
500 5527 596 5606 την
626 5525 772 5606 E63.»
832 5526 939 5606 ἀπὸ
968 5527 1071 5606 γῆς
1100 5522 1402 5606 προελθεζν,
1443 5522 1572 5606 ἀλλ’.
1597 5528 1655 5579 άτ

1862 5522 2084 5606 rmlesto,
2108 5522 2516 5606 propter'ipu’us
2563 5523 2944 5606 coniunctioni:
2985 5525 3087 5573 vim
3109 5535 3378 5606 [commen-

142 5588 237 5665 τῆς
267 5588 459 5657 οὖσίας
486 5588 579 5647 τού
626 5596 819 5665 Ἀδὰμ,
865 5596 938 5657 ὡς
979 5588 1226 5647 ἐντεῦθεν
1290 5597 1513 5665 φίλτρον
1555 5596 1658 5647 ἐντι

1858 5594 2044 5647 audam
2102 5596 2194 5665 hoc
2214 5588 2299 5645 tta
2320 5588 2433 5665 Lien
2479 5588 2771 5665 oportuisse
2798 5588 3374 5665 rredamus._Cmterum

148 5658 307 5735 θῆναι
379 5668 497 5726 τοῖς
568 5658 877 5735 ὁμοζύγοις.
946 5658 1323 5735 Augustinus,
1381 5658 1475 5719 lib.
1520 5681 1571 5719 rx
1627 5665 1664 5716 Ι)

1858 5665 2094 5735 ajetanus
2146 5664 2285 5716 hanc
2319 5660 2440 5735 Eva:
2474 5658 2535 5715 ex
2566 5662 2755 5715 Adami
2793 5671 2941 5713 costa
2964 5658 3374 5735 productionem

146 5727 327 5793 Cenes.
374 5736 444 5789 ad
499 5727 635 5789 liter.
661 5727 781 5805 cap.
818 5736 915 5789 15:
946 5727 1083 5798 Quid
1118 5749 1239 5803 ergo
1270 5736 1366 5788 sibi
1410 5735 1515 5789 rult
1542 5736 1701 5789 etiam
1812 5727 1977 5789 totam
2014 5732 2391 5803 ἁλληγορικῶς
2423 5732 2813 5802 interpretatur
2866 5737 2923 5782 et
2956 5727 3208 5797 explicat,
3242 5742 3377 5783 con-

464 5831 729 5890 Ρλτιιοι..
777 5828 891 5887 Gn.
929 5827 1194 5887 CLVlll.

2882 5817 2958 5877 25

3004 5912 3036 5941 ιι
