3838 6226
186 339 285 402 ’Π3

1538 326 1909 388 EPISTOLA
1948 327 2049 388 Vl.

3286 324 3394 385 ’Πίι

184 455 270 509 τοῦ
293 453 477 519 θήλεος
508 450 676 505 αὐτοῦ
710 450 762 504 τί
788 449 895 521 χρὴ
935 449 1028 502 καὶ
1057 448 1275 515 λέγεινς
1304 445 1420 513 εἴγε
1461 444 1551 513 διὰ
1575 444 1732 494 τοῦτο

1851 440 2097 494 troducta
2135 449 2240 505 est,
2271 450 2556 509 propterea
2592 440 2862 504 videlicet,
2891 439 3035 510 quod
3068 439 3233 493 homo
3286 440 3396 508 jam

187 543 449 613 παρήχθη,
476 543 560 595 διὰ
587 545 648 593 τὸ
684 542 1043 611 παραϐαίνειν
1074 540 1171 610 ἥδη
1192 540 1284 592 τὸν
1317 536 1601 607 ἄνθρωπον
1631 535 1726 588 καὶ

184 635 348 703 φθορᾷ
373 632 717 695 ὑποπίπτειν,
742 634 816 694 ώς
843 634 871 683 6
901 631 1259 700 Δαμασκηνὸς
1287 629 1540 697 Ἰωάννης
1569 627 1725 696 φησὶ,

184 726 388 782 πάντως
413 722 565 774 οὐδὲν
600 723 786 790 ἕτερον
813 722 846 790 ἦ
869 723 951 775 ότι
978 722 1036 774 τὸ
1068 722 1255 789 σχῆμα
1277 717 1433 770 τοῦτο
1466 714 1729 781 παρελεύ-

181 832 341 879 σεται,
374 815 492 866 ἐπεὶ
524 813 610 866 διὰ
649 815 748 882 τὴν
776 813 1049 880 ἁμαρτίαν
1106 809 1433 877 ύπεισῆλθεν
1463 809 1593 877 ἡμῖν
1637 805 1747 857 καὶ·

181 907 444 967 τοιούτους
494 904 787 974 ἐγερθῆναι
820 902 1069 965 ἅπαντας
1110 903 1289 961 ὁποῖος
1341 895 1410 970 ἦν
1438 899 1467 949 6
1515 895 1729 965 πρῶτος

176 996 471 1065 ἄνθρωπος.
500 996 529 1049 6
567 994 688 1047 κατ’
727 994 908 1046 είκόνα
938 993 1140 1062 δηλαδὴ
1173 990 1536 1059 γεγενημένος
1570 986 1727 1040 Θεοῦ.

181 1088 277 1139 Καὶ
306 1088 411 1155 γὰρ
443 1085 493 1138 εί
529 1086 606 1154 μὴ
636 1084 791 1138 τοῦτο
818 1080 907 1154 ἦν,
939 1084 1041 1136 οὐκ
1074 1083 1139 1136 ἂν
1170 1084 1197 1133 6
1227 1081 1448 1149 Νύσσης
1474 1078 1730 1132 ἐπάνοδον

178 1176 307 1232 εἶναι
338 1177 489 1244 ἔλεγε
528 1176 663 1247 πρός
695 1192 757 1242 γε
793 1176 893 1245 τὴν
925 1174 1158 1244 ἀρχαίαν
1204 1174 1298 1225 καὶ
1338 1171 1558 1241 πρώτην
1586 1167 1731 1238 ζωὴν

178 1271 265 1337 τὴν
290 1266 656 1335 ἐλπιζομένην
686 1268 903 1330 ἐκείνην
941 1265 1297 1318 κατάστασιν.

242 1359 517 1410 Δέδεικται
546 1351 639 1407 οῦν
664 1356 728 1406 ἐκ
766 1353 974 1407 πολλῶν
1003 1356 1085 1406 ὅτι
1111 1355 1223 1418 τοῖς
1267 1351 1516 1419 ἀγγέλοις
1542 1349 1731 1418 ὁμότι-

181 1467 271 1517 μον
296 1449 497 1499 ἔπλασε
526 1446 615 1498 τὸν
650 1446 863 1514 πρῶτον
901 1445 1188 1514 ἄνθρωπον
1230 1446 1257 1495 ό
1286 1442 1439 1506 Θεὸς,
1490 1441 1581 1494 καὶ
1610 1439 1731 1492 κατ’

176 1539 403 1599 ἐκείνους
436 1537 601 1591 αὐτὸν
635 1535 1000 1600 πληθύνεσθαι
1030 1535 1189 1604 ἦθελε
1213 1551 1226 1563 ·
1256 1533 1342 1585 διά
1366 1549 1429 1600 γε
1467 1534 1564 1601 τὴν
1597 1548 1739 1599 παρ-

176 1633 441 1700 εκτροπὴν
502 1632 567 1701 ἣν
632 1632 773 1684 ἑκὼν
815 1630 1042 1698 ὑπέστη,
1078 1628 1152 1690 ὡς
1195 1627 1401 1680 ἄνωθεν
1435 1625 1672 1695 εἴρηται,
1700 1625 1734 1694 ἠ

175 1722 390 1788 τοιαύτη
422 1722 683 1791 παρήχθη
713 1722 1063 1789 κατάκρισις,
1094 1720 1127 1787 ἡ
1158 1718 1267 1770 τῶν
1297 1716 1506 1784 ἀλόγων
1534 1715 1733 1785 δηλαδὴ

176 1814 319 1876 ζώων
348 1815 631 1883 ὁμοίωσις.
664 1813 725 1865 Εἰ
760 1813 836 1882 μὴ
862 1811 969 1879 γὰρ
994 1809 1152 1863 τοῦτο
1180 1806 1267 1880 ἦν,
1297 1810 1397 1860 οὐκ
1430 1809 1493 1861 ἂν
1517 1809 1544 1859 6
1574 1804 1734 1859 Δαυῖδ

172 1906 516 1973 ὀδυρόμενος,
556 1922 575 1954 ι
622 1904 805 1973 υῐμοι,
839 1920 859 1955 ›
898 1902 1107 1969 ἔλεγεν,
1165 1919 1183 1951 ι
1223 1900 1304 1951 ὅτι
1357 1898 1639 1968 ἅνθρωπος
1678 1898 1734 1947 ἐν

174 1996 297 2063 τιμῇ
366 1992 445 2045 ὣν
510 1994 568 2046 οὐ
628 1992 849 2060 συνῆκε.
903 1989 1366 2059 Παρασυνεόλήθη
1413 1989 1523 2048 τοῖς
1574 1986 1735 2055 ἀνοή-

176 2101 281 2145 τοις
318 2085 560 2151 κτήνεσι,
604 2083 698 2137 καὶ
744 2080 1003 2151 ὡμοιώθη
1032 2083 1233 2144 αὐτοῖς.
1261 2098 1280 2130 ι
1318 2078 1426 2132 Καὶ
1460 2078 1559 2147 ὅρα
1598 2079 1737 2146 πρὸς

175 2177 347 2236 αὑτὸν,
374 2179 424 2228 εἰ
459 2174 664 2244 βούλει,
696 2174 788 2227 τὸν
818 2174 1033 2243 πρῶτον
1062 2173 1368 2242 ἄνθρωπον.
1396 2169 1459 2223 Et
1504 2168 1602 2239 μὴ)
1630 2167 1737 2236 γὰρ

175 2267 422 2338 ὡμοιώθη
459 2268 549 2319 διὰ
577 2266 673 2336 τὴν
703 2266 978 2336 ἁμαρτίαν
1010 2268 1120 2327 τοῖς
1154 2268 1439 2333 κτήνεσιν·
1475 2263 1523 2313 εί
1553 2260 1628 2329 μὴ
1654 2261 1739 2313 διὰ

179 2358 270 2426 τὴν
314 2358 604 2428 παρακοὴν
652 2359 713 2410 τδ
768 2358 864 2427 τῆς
912 2357 1109 2425 ἀλόγου
1159 2352 1508 2422 κατασκεῦης
1545 2352 1739 2421 ἰδίωμα

180 2451 305 2519 πρὸς
333 2451 526 2504 ἑαυτὸν
551 2452 901 2505 ἐπεσπάσατο
922 2464 937 2478 ⁸
963 2450 1011 2501 εί
1038 2448 1114 2517 μὴ
1140 2441 1238 2516 τὴν
1263 2444 1566 2513 ἀγγελικὴν
1595 2442 1737 2495 ἐκεί-

177 2558 265 2608 νην
320 2542 516 2611 στολὴν
558 2542 751 2594 ἐαυτὸν
807 2536 947 2595 εἶδεν
998 2537 1390 2601 ἁπεκδυθέντα,
1442 2533 1739 2588 κάντεῦθεν

178 2633 328 2687 ἄλλον
368 2633 429 2697 ἐξ
459 2634 626 2688 ἄλλου
673 2634 1018 2703 παραχρῆμα
1074 2629 1357 2699 γεγονότα,
1392 2627 1492 2680 οὐκ
1538 2627 1603 2679 ἂν
1648 2625 1742 2677 ent

181 2725 421 2779 τοσοῦτον
456 2724 735 2795 ᾐσχύνθη*
789 2724 888 2777 ούκ
936 2724 1002 2777 ἂν
1053 2721 1259 2793 ἐρῤαψε
1304 2719 1477 2790 φύλλα
1524 2720 1696 2788 συκῆς
1725 2733 1739 2749 ⁶

181 2819 275 2870 οὐκ
300 2817 363 2870 ἂν
398 2820 509 2870 ἀπὸ
547 2818 683 2871 Θεοῦ
726 2815 1025 2888 τηνικαῦτα
1076 2815 1283 2885 ἐκρύση
1309 2829 1323 2844 ο
1364 2815 1455 2865 καὶ
1488 2812 1605 2879 πῶς
1632 2812 1741 2880 γὰρ

179 2910 241 2962 οὐ
276 2911 549 2981 κρυϐῆναι
581 2911 806 2981 ἔμελλεν
836 2909 984 2963 ἴσασι
1012 2907 1212 2968 πάντες
1252 2908 1301 2958 ol
1344 2904 1403 2970 ἐξ
1441 2904 1649 2957 ἐκείνου
1684 2902 1743 2953 τὸ

184 3003 329 3070 γένος
357 3005 696 3071 κατάγοντες
722 3004 822 3073 τῆς
852 3002 1115 3070 αἰσχύνης
1143 2999 1358 3068 ἐκείνης
1388 2999 1513 3049 ὅσον
1555 2994 1617 3047 τδ
1652 2994 1747 3062 μέ*

1830 540 2203 600 transgressus
2236 530 2444 592 fuerat,
2481 541 2534 584 et
2583 532 2912 600 corruptioni
2978 531 3279 599 subjectus.
3341 538 3399 580 ut

1829 622 2197 675 Damascenus
2225 619 2462 673 Joannes
2496 620 2589 683 ait,
2631 622 2855 675 omnino
2878 621 3015 674 nihil
3041 621 3206 682 aliud,
3235 631 3396 686 quam

1828 716 1957 785 quia
1994 715 2217 769 habitus
2247 714 2335 768 hic
2369 713 2698 783 praeteribit,
2722 716 2844 782 quia
2880 731 2973 782 per
2998 723 3283 783 peccatum
3338 714 3389 767 in

1831 822 1932 862 nos
1961 806 2206 875 irrepsit,
2242 814 2297 857 et
2326 806 2463 859 tales
2497 820 2686 860 omnes
2711 815 3015 874 resurgent.
3052 806 3227 874 qualis
3279 814 3398 857 erat

1832 897 2040 967 primus
2079 897 2261 956 homo,
2296 894 2385 948 ille
2414 893 2665 947 videlicet
2702 895 2792 957 qui
2828 895 2892 947 ad
2960 894 3248 963 imaginem
3301 895 3395 947 Dei

1832 987 2008 1041 factus
2038 986 2154 1039 fuit.
2189 986 2404 1038 Etenim
2433 984 2541 1038 nisi
2583 984 2632 1037 id
2666 983 2878 1045 fuisset,
2918 984 3061 1037 haud
3089 995 3237 1037 certe
3264 982 3399 1053 Nys-

1834 1094 2000 1134 seaus
2055 1094 2364 1148 regressum
2420 1092 2541 1131 esse
2587 1077 2821 1131 dixisset
2891 1077 2957 1129 ad
3008 1076 3285 1144 antiquam
3346 1086 3402 1129 et

1835 1168 2071 1235 priorem
2105 1167 2295 1228 vitam,
2328 1165 2473 1219 illam
2508 1167 2958 1221 constitutionem
2990 1184 3153 1236 quant
3212 1184 3401 1236 spera-

1838 1276 1978 1314 mus.

1904 1352 2198 1410 Ostensum
2260 1362 2345 1409 est
2396 1354 2560 1420 igitur
2630 1368 2698 1407 ex
2759 1352 2943 1406 multis
2994 1351 3165 1405 Deum
3209 1350 3403 1416 aequali

1838 1446 2046 1500 honore
2095 1460 2215 1498 cum
2262 1445 2473 1513 angelis
2533 1444 2769 1513 primum
2831 1443 3106 1497 hominem
3161 1443 3402 1503 ﬁnxisSr,

1838 1534 1931 1602 qui
1966 1533 2183 1588 volebat
2204 1535 2368 1588 etiam
2396 1548 2519 1587 eum
2560 1534 2753 1587 eodem
2790 1534 2954 1586 modo
2983 1548 3044 1585 ae
3075 1531 3203 1584 illos
3264 1532 3405 1583 mul-

1838 1625 2091 1695 tiplicari.
2138 1624 2365 1693 Propter
2428 1623 2941 1692 transgressionem,
2994 1637 3157 1690 quam
3207 1632 3402 1688 Sponte

1840 1724 2028 1786 subiit,
2079 1732 2140 1775 ut
2181 1722 2437 1791 superius
2470 1716 2673 1774 dictum
2714 1729 2846 1787 .est,
2889 1719 3013 1774 talis
3075 1717 3297 1770 inducta
3322 1727 3404 1769 ρει

1837 1814 2247 1877 condemnatio,
2267 1824 2541 1867 mutarum
2567 1812 2773 1866 scilicet
2788 1811 3054 1881 pecudum
3075 1810 3399 1863 similitudo.

1835 1905 1951 1960 Nisi
1988 1908 2133 1960 enim
2172 1906 2223 1959 id
2252 1904 2465 1966 fuisset,
2490 1905 2631 1959 haud
2657 1907 2843 1973 utique
2870 1902 3402 1957 Davidlamentans:

1845 2018 1863 2050 ι
1907 1998 2001 2052 Ινιεί
2032 1998 2186 2062 mihi,
2225 1998 2476 2059 dixisset,
2518 1996 2682 2049 homo
2708 2010 2829 2048 cum
2883 1996 2936 2047 in
2998 1994 3205 2047 honore
3261 2002 3406 2048 esset

1841 2104 1950 2142 non
1990 2086 2287 2152 intellexit,
2324 2096 2670 2155 comparatus
2697 2096 2779 2139 est
2806 2084 3070 2153 jumentis
3096 2084 3405 2153 insipienti-

1839 2178 1962 2244 bus,
1997 2174 2053 2233 ει
2080 2177 2275 2232 similis
2313 2177 2489 2231 factus
2518 2188 2602 2231 est
2634 2177 2759 2230 illis.
2805 2195 2822 2227 ι
2858 2176 2926 2229 Ει
2958 2175 3187 2245 respice,
3222 2179 3403 2236 sodes,

1841 2271 1907 2325 ad
1940 2271 2118 2339 ipsum
2151 2271 2388 2339 primum
2421 2270 2721 2323 hominem.
2756 2266 2865 2321 Nisi
2896 2268 3040 2320 enim
3070 2268 3409 2322 assimilatns

1841 2360 2036 2415 fuisset
2069 2374 2167 2428 per
2192 2366 2472 2428 peccaturo
2506 2345 2803 2427 iumentis;
2834 2357 2937 2410 nisi
2968 2372 3062 2424 per
3094 2356 3409 2410 inobedien-

1841 2453 1971 2507 tiam
2014 2450 2345 2505 irrationalis
2376 2449 2785 2505 constitutionis
2810 2447 3204 2517 proprietatem
3232 2447 3297 2500 ad
3351 2464 3409 2500 se

1847 2544 2028 2614 ipsum
2060 2545 2408 2607 attraxisset;
2434 2542 2538 2596 nisi
2565 2542 2812 2612 angelico
2849 2542 2941 2595 illo
2972 2541 3296 2595 indumento
3352 2555 3411 2593 se

1850 2646 2081 2691 exutum
2112 2636 2360 2698 vrdisset,
2395 2643 2451 2688 et
2477 2633 2642 2687 alium
2693 2649 2761 2686 ex
2789 2632 2897 2686 alio
2940 2632 3125 2686 statim
3186 2633 3412 2692 factum,

1849 2730 1994 2784 haud
2021 2730 2207 2798 utique
2244 2736 2455 2781 tantum
2492 2726 2839 2791 erubuisset;
2872 2724 3022 2778 haud
3056 2724 3245 2792 utique
3279 2722 3411 2775 folia

1845 2822 1985 2874 ficus
2042 2819 2382 2883 consuisset;
2420 2817 2563 2870 haud
2595 2817 2781 2886 utique
2838 2832 2866 2869 a
2921 2815 3030 2869 Deo
3070 2818 3139 2869 ita
3173 2832 3231 2869 se
3288 2815 3413 2867 alis-

1846 2912 2144 2967 condisset.
2178 2911 2242 2963 Et
2269 2912 2543 2977 quomodo
2572 2909 2715 2961 enim
2751 2923 2809 2961 se
2839 2924 2949 2962 non
2968 2909 3252 2962 celaturus
3276 2907 3381 2960 fuis

1847 3002 1966 3057 set?
1996 3000 2191 3055 Sciunt
2225 3016 2437 3063 omnes,
2486 3001 2577 3068 qui
2645 3016 2711 3053 ex
2742 3000 2834 3053 illo
2889 3014 3059 3068 genus
3113 2999 3410 3059 deducunt,

183 3094 353 3160 γεθος.
391 3094 606 3150 Οὐκοῦν
636 3096 699 3147 ἐκ
732 3094 1111 3162 κατακρίσεως
1139 3091 1172 3160 ἡ
1197 3089 1387 3157 ἄλογος
1415 3085 1554 3154 αῦτη
1582 3102 1745 3137 κατα-

1851 3104 2051 3164 quanta
2080 3091 2425 3147 verecundia}
2466 3092 2609 3146 illius
2641 3091 2807 3145 fuerit
2839 3090 3176 3160 magnitudo.
3226 3090 3412 3158 ιιειηιιιε

184 3189 342 3257 σκευή
365 3203 379 3216 ·
417 3188 517 3239 καὶ
554 3187 643 3239 διὰ
675 3183 833 3239 τοῦτο
874 3183 941 3238 τὰ
976 3183 1074 3254 τῆς
1106 3180 1367 3250 αἰσχύνης
1402 3181 1458 3232 ἐν
1487 3179 1623 3246 αὐτῇ
1654 3176 1746 3229 καλ⁵

185 3276 318 3348 μόνῃ
352 3275 815 3346 συμπεριίστατο.
851 3273 1013 3327 Ἀλλὰ
1057 3271 1231 3325 ταῦτα
1280 3272 1379 3339 μὲν
1432 3270 1465 3338 ὴ
1502 3268 1747 3336 ἁμαρτία

185 3368 539 3438 προύξένησε.
582 3367 827 3419 Ἐπεὶδέ
890 3364 998 3435 πρὸ
1050 3363 1151 3432 τῆς
1208 3360 1555 3426 ἐκπτώσεως,
1606 3359 1680 3422 ώς
1722 3360 1749 3409 6

182 3456 333 3525 λόγος
378 3460 481 3529 ἤδη
532 3459 745 3528 φθάσεις
802 3458 1109 3527 ἐδήλωσεν,
1160 3453 1463 3523 ἀγγελικῆς
1512 3455 1748 3523 μεγαλο-

192 3552 348 3617 φυῖας
381 3552 677 3623 περίπλεος
709 3551 823 3621 (85)
870 3554 898 3602 6
932 3548 1151 3618 πρῶτος
1193 3549 1403 3609 ἐκεῖνος
1444 3544 1748 3615 ἄνθρωπος,

138 3680 139 3683 η
187 3644 213 3693 6
249 3642 368 3696 κατ’
415 3644 606 3696 εἰκόνα
658 3641 859 3711 δηλαδὴ
907 3639 1277 3709 γεγενημένος
1325 3636 1481 3701 Θεοῦ,
1532 3634 1750 3704 εὔδηλον

197 3737 413 3800 πάντως
447 3737 534 3788 ὅτι
560 3735 651 3787 καὶ
678 3734 820 3786 κατά
862 3750 924 3801 γε
951 3732 1050 3801 τὴν
1082 3732 1176 3784 τοῦ
1200 3731 1401 3791 παντὸς
1437 3728 1751 3782 συντέλειαν

148 3874 153 3875 ν
189 3830 551 3897 γενησόμενος
578 3825 817 3888 τοιοῦτος
838 3827 900 3876 ἐκ
916 3823 1122 3894 νεκρῶν
1144 3821 1523 3891 ἐγερθήσεται.
1557 3818 1616 3873 'll
1647 3818 1752 3883 γὰρ

186 3921 278 3989 τῆς
304 3919 659 3980 ἀναστάσεως
689 3916 846 3986 χάρις
866 3915 1020 3967 οὐδὲν
1050 3915 1177 3985 ημῖν
1204 3911 1608 3980 ἐπαγγέλλεται
1638 3910 1755 3961 ἐτε-

190 4026 278 4076 ρον
308 4010 340 4078 ἢ
370 4011 474 4079 την
500 4010 581 4070 εἰς
627 4006 687 4059 τὸ
728 4007 953 4076 ἀρχαῖον
999 4004 1107 4057 τῶν
1142 4001 1510 4056 πεπτωκότων
1540 4001 1753 4054 ἀποκα-

189 4120 472 4156 ταστασιν.

256 4285 398 4353 Πρὸς
425 4282 483 4335 δέ
509 4299 570 4351 γε
601 4282 712 4342 τοῖς
742 4280 1062 4350 εἰρημένοις
1090 4282 1187 4333 καὶ
1212 4278 1303 4331 τὸν
1335 4276 1608 4330 θειότατον
1640 4273 1757 4343 ἔχο-

1848 3203 1915 3242 ex
1945 3186 2397 3242 eondemnatioue
2436 3185 2767 3239 irrationalis
2823 3184 2936 3238 lucc
2970 3182 3325 3247 constitutio;
3358 3192 3414 3235 et

1850 3294 1945 3349 per
1986 3280 2088 3331 hoc
2118 3277 2170 3330 in
2207 3278 2322 3346 ipsa
2351 3276 2517 3331 etiam
2549 3277 2665 3333 sola
2687 3277 2911 3346 pudoris
2944 3291 3143 3329 census
3176 3276 3415 3330 circum-
3496 3327 3511 3345 ,

1849 3371 2021 3424 stetit.
2056 3367 2161 3422 Sed
2197 3370 2313 3423 hanc
2339 3369 2559 3437 quidem
2586 3379 2881 3439 peccatum
2905 3367 3238 3422 conciliavit.
3270 3367 3416 3432 Quo-

1853 3461 1998 3514 niam
2036 3474 2163 3515 vero
2195 3471 2323 3513 ante
2380 3461 2615 3529 lapsum,
2670 3476 2852 3513 sermo
2896 3461 3008 3528 jam
3071 3469 3416 3514 antevertens

1852 3549 2149 3603 declaravit
2180 3549 2438 3618 angelicae
2470 3549 2881 3619 magniﬁcentia:
2941 3551 3249 3618 proximum
3306 3551 3418 3619 pri-

1854 3654 2001 3693 mum
2034 3638 2183 3691 illum
2219 3640 2494 3692 hominem
2533 3640 2722 3705 fuisse,
2753 3641 2845 3708 qui
2891 3639 2957 3693 ad
3017 3640 3303 3710 imaginem
3340 3641 3419 3692 vi-

1852 3729 2053 3785 delieet
2090 3728 2179 3783 Dei
2210 3729 2384 3783 factus
2406 3739 2540 3795 erat,
2571 3732 2909 3798 exploratum
2941 3734 3167 3784 omnino
3197 3747 3420 3801 perspe~
3466 3784 3477 3799 ρ

1854 3832 2109 3891 clumque
2139 3834 2225 3878 est
2259 3823 2422 3875 etiam
2450 3822 2501 3875 in
2532 3823 2899 3876 universitatis
2949 3824 3419 3877 consummatione

1856 3915 2018 3969 talem
2051 3913 2295 3968 futurum
2332 3929 2361 3967 a
2400 3913 2635 3967 mortuis
2668 3914 2987 3967 excitatum.
3038 3914 3419 3968 Resurrectio-

1857 4003 1942 4057 nis
1966 4003 2112 4056 enim
2138 4002 2307 4073 gratia
2338 4002 2473 4055 nihil
2497 4002 2658 4057 nobis
2691 4002 2839 4056 aliud
2888 4002 3201 4072 pollicetur,
3258 4018 3419 4071 qnam

1856 4109 2046 4149 eorum
2077 4095 2169 4162 qui
2195 4092 2510 4150 ceciderunt
2563 4093 2617 4146 in
2644 4094 2937 4161 pristinum
2999 4102 3199 4148 statum
3240 4108 3423 4148 resur-

1859 4197 2180 4239 rectionem.

1929 4276 2132 4330 Praeter
2175 4285 2355 4330 autem
2386 4275 2531 4331 dicta
2565 4276 2726 4330 etiam
2757 4276 3157 4331 divinissimum
3190 4282 3425 4331 Anasta-

194 4394 290 4445 μεν
352 4373 707 4428 ’Δναστάσιον
762 4372 890 4441 περὶ
944 4370 1147 4422 τούτων
1208 4368 1351 4421 οῦτω
1404 4367 1545 4421 κατὰ
1606 4365 1745 4436 ρἧο

1859 4367 2000 4421 sium
2035 4367 2300 4421 habemus
2332 4367 2417 4420 his
2458 4367 2639 4420 verbis
2663 4366 3022 4420 disserentem
3053 4384 3066 4419 :
3100 4386 3117 4417 ι
3154 4366 3424 4431 Quoniam

189 4468 449 4533 διεξιόντα
474 4483 487 4495 ⁸
523 4484 540 4518 ι
588 4465 809 4533 Ἐπειδὴ
840 4465 1019 4518 τοίνυν
1050 4465 1109 4515 ἐν
1138 4469 1216 4529 τῷ
1248 4460 1369 4514 κατ’
1402 4461 1587 4512 εἰκόνα
1619 4458 1755 4509 Θεοῦ

193 4560 553 4630 γεγενημένῳ
609 4559 711 4610 οὐκ
746 4554 888 4627 ἦνη
944 4557 1207 4625 διαίρεσις
1262 4552 1423 4621 αῦτη,
1483 4552 1651 4622 ήγουν
1699 4548 1758 4601 τὸ

192 4658 361 4726 ἄρσεν
392 4653 486 4705 καὶ
513 4652 573 4704 τὸ
603 4652 763 4720 θῆλυ,
799 4649 919 4701 οὐδὲ
956 4648 1064 4717 γὰρ
1104 4649 1159 4699 ἐν
1196 4648 1262 4715 τῇ
1304 4645 1421 4714 θείᾳ
1454 4645 1545 4697 καὶ
1579 4660 1761 4714 μακαο

199 4748 285 4817 ρίᾳ
314 4745 487 4798 είκόνι
516 4742 758 4795 τοιοῦτόν
791 4757 843 4793 τι
888 4740 1231 4807 ἐπινενόηται
1262 4752 1276 4768 ³
1314 4736 1438 4788 οὐδὲ
1491 4736 1631 4804 μετὰ
1661 4734 1761 4804 τὴν

196 4840 497 4894 ἀνάστασιν
533 4833 722 4887 λοιπὸν
762 4829 999 4883 τοιοῦτόν
1048 4844 1101 4880 τι
1152 4826 1260 4898 χρὴ
1317 4826 1631 4896 ἐπιζητεῖν,
1682 4825 1761 4877 ὅτι

197 4928 678 4999 μετασχηματίσει
723 4922 845 4974 τότε
901 4921 962 4973 τὸ
1013 4921 1174 4987 σῶμα
1225 4918 1326 4987 τῆς
1382 4915 1764 4978 ταπεινώσεως

197 5026 353 5095 ἡμῶν
379 5024 407 5075 6
433 5022 641 5089 Σωτήρ.
662 5018 723 5069 Ei.
747 5016 855 5084 γὰρ
876 5016 902 5066 6
924 5014 1021 5082 τῆς
1044 5012 1265 5080 Νύσσης
1292 5011 1446 5079 φησὶ,
1477 5009 1549 5059 T6
1578 5007 1766 5076 σχῆμα

106 5148 116 5160 ι
196 5119 294 5184 τῆς
346 5112 546 5179 ἀλόγου
604 5109 818 5177 φύσεως
884 5104 1098 5156 ἐνέδυσε
1162 5101 1299 5172 μετὰ
1342 5099 1441 5169 τὴν
1490 5097 1766 5167 ἁμαρτίαν

198 5209 343 5277 ἡμᾶς
376 5209 405 5258 6
436 5203 594 5265 Θεὸς,
625 5198 718 5268 ἀφ’
756 5191 818 5252 οῦ
854 5199 1001 5265 μίξις
1041 5196 1135 5247 καὶ
1171 5191 1456 5261 σύλληψις,
1488 5191 1645 5250 τόκος
1672 5187 1767 5240 καὶ

200 5303 397 5373 ῥύπος,
426 5296 559 5365 θῆλυ
609 5294 705 5346 καὶ
746 5293 942 5362 τροφὴ,
979 5290 1075 5341 καὶ
1112 5289 1162 5373 μή
1212 5286 1332 5339 κατ’
1376 5283 1556 5350 ὀλίγον
1586 5284 1679 5333 ἐπὶ
1709 5284 1770 5334 τὸ

201 5370 413 5447 τέλειον
450 5386 698 5453 αὔξησις,
738 5383 891 5451 ἀκμή
931 5398 993 5433 τε
1024 5370 1120 5432 xui
1142 5379 1339 5447 γῆρας,
1370 5374 1523 5437 νόσος
1550 5374 1643 5426 καὶ
1673 5373 1771 5425 θά-

203 5501 362 5547 νατος
388 5500 405 5514 ·
439 5480 661 5550 εῦδηλον
703 5478 916 5537 πάντως
969 5474 1049 5527 ὃτι
1098 5466 1561 5541 μετασχηματίσει
1608 5464 1771 5517 πάλιν

200 5579 352 5649 ἡμᾶς
383 5575 476 5626 τὸν
526 5570 743 5639 εἰδεχθῆ
782 5569 877 5620 καὶ
930 5565 1124 5633 ἄλογον
1180 5561 1487 5623 ἁπεκδύσας
1541 5557 1769 5629 χιτῶνα,

277 5732 391 5805 (8'5)
426 5729 584 5784 Forte
615 5724 1009 5798 παραπλήσιος.

1727 4425 1874 4481 πυτ

1863 4459 2024 4529 igitur
2062 4460 2115 4512 in
2144 4472 2230 4520 eo,
2288 4458 2381 4525 qui
2432 4458 2497 4512 ad
2534 4458 2823 4527 imaginem
2874 4457 2966 4511 Dei
3019 4456 3195 4509 factus
3222 4456 3424 4513 fuerat.

1858 4566 1967 4613 non
1997 4560 2114 4603 erat
2146 4549 2440 4603 discrimen
2473 4550 2596 4611 hoc,
2640 4548 2919 4601 masculus
2960 4545 3219 4601 videlicet
3257 4556 3312 4599 et
3344 4546 3428 4599 fe-

1859 4642 2033 4695 mina:
2053 4655 2227 4710 neque
2253 4640 2398 4694 enim
2420 4640 2476 4693 in
2502 4638 2683 4693 divina
2713 4647 2768 4691 et
2789 4639 2945 4691 beata
2980 4638 3210 4706 imagine
3239 4635 3429 4705 hujus-

1860 4734 2006 4789 modi
2053 4732 2257 4800 aliquid
2300 4730 2655 4800 concipitur:
2687 4744 2865 4798 neque
2907 4738 3029 4797 post
3070 4726 3426 4781 resurrectio-

1863 4840 1990 4879 nem
2021 4824 2127 4877 tale
2158 4822 2357 4891 aliquid
2385 4821 2653 4889 reliquum
2687 4819 2969 4888 requirere
3008 4827 3257 4887 oportet;
3292 4833 3428 4887 quo-

1863 4915 2009 4969 niam
2041 4912 2447 4968 transformabit
2481 4920 2609 4965 tunc
2641 4925 2842 4975 corpus
2878 4909 3201 4962 humilitatis
3226 4919 3431 4963 nostrai

1866 5007 2141 5063 Servator.
2161 5005 2213 5061 Si
2238 5005 2380 5058 enim
2404 5003 2684 5074 Nyssenus
2706 5004 2802 5065 ait.
2821 5001 3074 5057 Habitum
3098 5002 3434 5057 irrationalis

1869 5110 2074 5154 natura-
2130 5098 2305 5153 induit
2358 5106 2476 5166 post
2526 5106 2803 5165 peccatum
2868 5110 2968 5150 nos
3027 5096 3189 5159 Deus,
3219 5110 3282 5147 ex
3326 5110 3433 5162 quo

1868 5191 2048 5244 coitus
2072 5195 2127 5240 et
2171 5187 2490 5254 conceptio;
2530 5187 2725 5255 partio,
2776 5196 2828 5240 et
2875 5186 3101 5248 sordes;
3137 5185 3335 5239 femina
3377 5196 3432 5236 et

1869 5279 2285 5340 nutrimentum,
2317 5288 2373 5331 et
2415 5276 2634 5330 tacitum
2657 5276 2723 5329 ad
2754 5277 3135 5345 perfectionem
3172 5286 3432 5340 augmen-

1871 5378 2019 5434 tum;
2048 5368 2246 5421 tlorens
2280 5379 2433 5430 aetas,
2463 5376 2517 5421 et
2546 5376 2830 5430 senectus;
2885 5368 3104 5420 morbus
3136 5375 3189 5417 et
3241 5380 3426 5419 mors:

1871 5456 2218 5513 manifestum
2245 5455 2468 5511 omnino
2497 5464 2580 5510 est
2612 5470 2714 5509 nos
2752 5470 2870 5509 esse
2911 5456 3105 5507 iterum
3142 5453 3432 5517 μετιεῖσι·-

1874 5558 2171 5618 maturum,
2191 5563 2313 5603 cum
2334 5547 2775 5619 superinduetam
2801 5555 2855 5601 et
2884 5544 3249 5599 irrationalem
3286 5546 3431 5600 tuni-
