3838 6226
426 321 534 387 ’175
1700 313 2012 374 MICHAE]

2119 350 2120 361 ι
2157 312 2414 374 ῧιΥΟίΕ
3525 317 3612 379 Τῖϐ

429 458 547 496 eam
578 438 840 502 exuerit,‘
870 447 1028 504 atque
1074 435 1203 490 lmle
1262 449 1363 489 nos
1413 434 1480 489 ab
1519 433 1772 490 omnibus
1804 435 1997 489 libera-

2119 433 2397 487 ιάντευθεν
2445 431 2761 499 ἀπαλλάξας
2821 432 2972 502 ήμᾶς
3023 433 3260 499 πάντων,
3315 426 3390 486 ὧν
3437 435 3616 486 ἐκεῖθεν

430 535 590 596 verit,
618 547 736 600 qua:
774 529 899 584 inde
932 530 1340 597 participamus.
1379 527 1432 582 Si
1473 527 1617 580 enim
1650 527 1870 580 habitus
1903 527 1992 580 ille

2119 527 2424 594 ιετὲχομεν.
2453 525 2516 576 El
2550 525 2659 592 γὰρ
2684 524 2747 577 τὺ
2782 525 2967 593 σχῆμα
3006 525 3182 577 ἐκεῖνο
3215 524 3344 593 περὶ
3377 525 3514 593 ἡμᾶς
3536 527 3618 580 οὐκ

433 627 577 679 circa
627 638 723 676 nos
760 637 868 676 non
919 622 1023 675 erit
1065 622 1216 688 juxta
1261 620 1440 673 divum
1473 617 1814 688 Gregorium,
1856 633 1993 683 quu-

433 715 591 769 modo
623 715 800 776 nobis,
835 729 955 782 qua:
985 713 1104 780 ejus
1145 711 1362 781 propria
1408 717 1535 762 sunt
1583 707 1995 777 relinquentur?

430 805 698 858 C:etcrum
734 803 1145 857 transformahit
1182 819 1298 867 nos,
1326 803 1543 870 quando
1574 799 1810 853 tunicam
1838 797 1996 852 nobis

430 914 494 951 ex
531 896 706 951 brutis
753 896 1196 966 superinductam
1241 896 1454 948 tandem
1491 893 1755 957 destruet,
1785 901 1837 945 et
1865 891 1998 945 tales

431 971 939 1047 ostendet'iterum,
975 986 1164 1054 quales
1210 999 1237 1036 a
1275 983 1546 1052 principio
1578 981 1750 1043 finxit,
1777 980 1998 1049 quando

431 1079 642 1133 scilicet
695 1079 930 1148 primum
976 1077 1128 1130 illum
1182 1074 1457 1128 hominem
1517 1072 1793 1142 produxit.
1832 1091 1850 1124 ι
1921 1071 1998 1124 Ita

429 1167 646 1234 quidem
675 1166 861 1233 igitur,
881 1181 912 1218 ο
942 1164 1302 1224 sanctissime,
1331 1163 1493 1217 etiam
1527 1163 1743 1216 divinus
1775 1165 2001 1216 Anasta-

432 1259 546 1312 sius
605 1273 728 1311 cum
785 1256 1026 1310 audisset
1090 1269 1345 1322 magnum
1399 1254 1623 1307 Paulum
1690 1254 1999 1308 dicentem:

437 1369 455 1399 ε
490 1347 928 1403 Translormahit
978 1356 1110 1400 tunc
1161 1361 1362 1415 corpus
1419 1346 1744 1400 humilitatis
1799 1358 2002 1400 nostra:

433 1441 718 1505 Servator;
755 1458 774 1491 ν
814 1440 893 1491 Ad
923 1438 1022 1492 alia
1055 1439 1259 1508 specie.
1279 1439 1514 1505 dicebat,
1535 1447 1591 1492 et
1623 1439 1794 1493 altero
1814 1439 2001 1493 habitu

431 1547 662 1600 corpora
693 1530 917 1584 Ieremia
957 1541 1084 1584 tunc
1129 1545 1514 1600 resurgemus;
1552 1529 1705 1596 juxta
1747 1529 2003 1584 similitu-

433 1623 619 1677 dinem
681 1621 940 1675 videlicet
987 1620 1137 1691 grani
1186 1627 1241 1674 et
1280 1619 1462 1688 Spicar.
1516 1616 1621 1674 Sed
1674 1634 1744 1672 ne
1792 1627 2004 1671 metuas

433 1725 737 1782 prepterea.
766 1711 897 1766 Vide
919 1713 1065 1765 enim
1097 1720 1151 1764 ot
1191 1726 1319 1765 vere
1360 1725 1614 1780 magnum
1648 1709 1874 1764 Paulum
1905 1709 2004 1762 ist-

434 1807 541 1860 huc
586 1807 766 1875 ipsum
823 1813 1011 1872 aperte
1056 1803 1215 1856 nobis
1252 1801 1716 1857 demonstrantem
1749 1800 1950 1855 dixisse
1984 1818 1998 1855 :

438 1916 458 1950 ι
496 1897 599 1952 Sed
653 1897 803 1952 dicet
839 1895 1038 1964 aliquis
1087 1896 1156 1951 de
1201 1893 1592 1968 resurrecturis
1638 1908 1702 1946 ex
1752 1891 1999 1957 mortuis,

433 1989 577 2060 quali
608 2003 840 2058 corpore
880 1987 1142 2042 venient?
1179 1986 1378 2050 Stulte,
1409 1985 1551 2054 quod
1601 1984 1858 2047 seminas,
1894 1998 2000 2036 non

435 2098 635 2151 cerpus
666 2081 910 2136 futurum
958 2081 1219 2143 seminas,
1266 2079 1359 2133 sed
1397 2083 1600 2132 nudum
1653 2094 1882 2151 granum
1918 2077 2004 2130 vel

437 2175 578 2228 forte
608 2173 798 2236 tritici,
830 2174 914 2226 vel
941 2172 1156 2234 hordei,
1184 2173 1267 2226 vel
1302 2171 1526 2226 alterius
1557 2159 1787 2236 alicujus
1814 2169 2005 2236 hujus-

440 2267 624 2331 modi;
656 2267 800 2321 Deus
831 2277 1012 2320 autem
1042 2265 1137 2319 dat
1177 2263 1278 2332 ipsi
1325 2277 1525 2330 corpus
1573 2263 1715 2315 sicut
1753 2261 1944 2315 voluit.
1981 2279 2000 2311 ν

436 2358 515 2412 Ne
547 2359 740 2412 timeas
768 2358 951 2426 igitur,
997 2356 1090 2411 sed
1125 2355 1306 2424 potius
1337 2352 1639 2421 obsequere
1664 2351 2007 2405 divinissimo

440 2449 728 2504 Anastasio
767 2448 995 2507 dicenti.
1045 2443 1512 2505 translorinatum.
1560 2452 1613 2497 et
1655 2443 2005 2512 transﬁgura-

441 2549 554 2594 ttnn
592 2540 654 2592 iri
708 2548 838 2592 tunc
875 2551 1094 2605 corpus.
1126 2546 1183 2590 et
1229 2535 1334 2589 tale
1379 2543 1809 2590 resurrecturum
1849 2535 2010 2603 quale

440 2631 603 2684 initio
625 2637 779 2692 erat;
807 2643 912 2680 non
938 2625 1179 2695 profecto
1207 2626 1332 2691 tale,
1356 2626 1516 2694 quale
1541 2625 1774 2679 secunda
1798 2623 2007 2678 factura

439 2720 616 2788 ipsum
677 2721 1009 2783 construxit;
1073 2733 1236 2772 causa
1299 2717 1445 2770 enim
1515 2715 1725 2783 ablata,
1790 2725 2010 2786 propter

441 2826 604 2879 quam
633 2810 824 2862 horum
860 2810 1142 2866 habituum
1179 2807 1487 2862 differentia
1523 2807 1738 2861 indueta
1766 2817 1867 2868 est.
1909 2821 2010 2860 ne-

443 2900 741 2954 cessarium
771 2900 993 2953 omnino
1020 2908 1104 2954 est
1149 2881 1204 2952 et
1234 2895 1595 2951 diﬁ‘erentiam
1633 2911 1753 2964 qua:
1786 2895 2008 2958 accidit,

444 2993 561 3047 tolli
591 3001 953 3062 postremum,
991 3001 1046 3046 et
1089 2992 1224 3046 tales
1265 3006 1456 3046 omnes
1487 3002 1790 3058 resurgere,
1835 2989 2011 3058 qualis

2095 616 2246 668 ἔσται
2279 618 2419 669 κατά
2452 617 2542 668 τδν
2593 615 2737 667 θείον
2785 616 3104 684 Γρηγόριον,
3161 615 3278 677 πῶς
3321 617 3451 682 ήμϊν
3487 617 3546 668 τὰ
3573 617 3620 680 ἐξ

2095 709 2306 762 ἐκείνου
2355 707 2873 775 ὑποῖειφθείσεταις
2925 707 3412 774 Μετασχηματίσει
3463 707 3621 759 λοιπὸν

2096 789 2243 870 ἡμᾶς
2283 799 2443 868 ἡνίκα
2473 799 2562 852 τὸν
2608 799 2672 851 ὲκ
2703 798 2812 851 τῶν
2859 797 3068 867 ἀλόγων
3115 799 3246 865 ἡμῖν
3293 795 3621 864 ἐπιϐληθέντα

2099 893 2305 961 χιτῶνα
2364 892 2544 944 τέλεον
2577 889 2967 949 ἀποσκευάσει,
3010 888 3107 941 καὶ
3149 887 3423 947 τοιούτους
3449 887 3605 938 ἀναδεί

2099 983 2181 1048 ﬁat
2207 984 2371 1037 πάλιν
2406 983 2622 1046 όποὶους
2655 982 2860 1035 ἔπλασε
2893 979 3015 1034 κατ’
3043 979 3238 1050 ἀρχὰς,
3272 979 3433 1047 ἡνίκα
3457 976 3624 1046 δηλαδὴ

2097 1075 2189 1128 τὸν
2223 1073 2439 1142 πρῶτον
2485 1073 2692 1126 ἐκεῖνον
2735 1073 3060 1140 παρήγαγεν
3108 1069 3413 1139 ἄνθρωπον.
3452 1085 3470 1118 ι
3498 1066 3625 1120 Οὕτω

2103 1165 2202 1234 μὲν
2229 1159 2341 1228 οὖν,
2369 1161 2655 1226 ὁσιώτατε,
2687 1163 2784 1216 καὶ
2812 1165 2839 1214 6
2868 1161 3009 1222 θεῖος
3045 1159 3399 1218 ’Δναστάσιος
3427 1156 3626 1219 ἀκούσας

2098 1257 2194 1310 τοῦ
2237 1257 2478 1326 μεγάλου
2526 1255 2742 1308 Παύλου
2783 1255 3057 1320 λέγοντος,
3099 1253 3182 1305 ὅτι
3236 1270 3254 1303 ι
3293 1253 3629 1320 Μετασχημα-

2100 1346 2240 1398 τίσει
2274 1344 2396 1398 τότε
2427 1345 2487 1396 τὸ
2541 1345 2702 1413 σῶμα
2752 1345 2850 1412 τῆς
2885 1343 3272 1403 ταπεινώσεως
3306 1341 3465 1410 ἡμῶν
3489 1343 3515 1392 6
3542 1341 3631 1391 Σωο

2103 1437 2228 1506 τὴρ,
2267 1453 2289 1487 ν
2320 1435 2485 1489 Ἀλλο
2529 1432 2688 1499 εἶδος,
2719 1435 2892 1503 ἔλεγε,
2938 1436 3035 1488 καί.
3059 1434 3247 1501 ἕτερον
3297 1435 3484 1503 σχῆμα
3508 1436 3632 1500 ἐγερ-

2105 1531 2383 1599 θησόμεθα
2436 1532 2556 1582 τότε
2596 1529 2784 1599 φέρειν
2834 1527 3086 1597 σώματα,
3143 1526 3285 1578 κατὰ
3328 1526 3432 1592 τὴν
3479 1524 3630 1574 εἰκόνα

2104 1622 2304 1693 δηλαδὴ
2330 1621 2424 1675 τοῦ
2458 1621 2679 1684 κόκκου,
2711 1620 2806 1672 καὶ
2853 1617 2948 1671 τοῦ
2995 1618 3246 1684 στάχυος.
3283 1614 3448 1667 Ἀλλὰ
3482 1611 3546 1680 μὴ
3568 1613 3635 1662 δέ·

2106 1717 2214 1768 διθι
2246 1715 2440 1766 τούτου
2471 1714 2678 1766 ἕνεκεν.
2715 1711 2858 1778 Ὅρα
2902 1710 3013 1779 γὰρ
3056 1710 3138 1762 ὅτι
3179 1708 3273 1760 καὶ
3308 1708 3338 1760 6
3368 1705 3634 1772 πάμμεγας

2111 1809 2321 1870 Παῦλος
2353 1806 2484 1860 αὐτὸ
2513 1805 2669 1860 τοῦτο
2696 1805 2883 1869 σαφῶς
2915 1804 3047 1872 ήμῐν
3081 1798 3442 1868 ύπεμφαίνων
3465 1796 3634 1860 ἔλεγεν·

2117 1918 2135 1952 ι
2178 1899 2318 1952 Ἀλλ’
2345 1897 2460 1968 ὲρεῐ
2488 1915 2568 1958 τις
2602 1913 2666 1949 πε
2677 1895 2731 1966 pi.
2765 1895 2874 1947 τῶν
2903 1891 3355 1961 ὲγερθησομένων
3383 1889 3445 1941 ὲκ
3466 1887 3638 1953 νεκρῶν

2111 1991 2285 2062 ὁποίῳ
2315 1989 2533 2058 σώματι
2575 1988 2862 2058 ἔρχονταις
2896 1987 3124 2054 ἐ-τρρον,
3156 1983 3184 2034 ὃ
3227 1980 3496 2048 σπείρεις,
3523 1977 3572 2031 οὐ
3594 1978 3638 2028 τι»

2113 2083 2276 2152 σῶμα
2302 2082 2363 2133 τὺ
2397 2078 2764 2147 γενησόμενον
2831 2074 3099 2145 σπείρεις,
3134 2071 3274 2126 ἀλλά
3312 2068 3514 2138 γυμνὸν
3539 2069 3638 2118 κόκ-

2113 2191 2210 2227 κον
2243 2174 2290 2224 εἰ
2324 2171 2461 2241 τύχῃ
2500 2169 2648 2222 σίτου
2679 2169 2711 2240 ἢ
2757 2167 2952 2238 κριθῆς
2980 2166 3014 2234 ἢ
3047 2164 3233 2231 ἑτέρου
3277 2161 3390 2212 τῶν
3420 2157 3638 2212 τοιούτων

2113 2265 2280 2328 τινός.
2319 2264 2376 2316 Ὀ
2406 2263 2463 2314 δὲ
2511 2261 2644 2322 Θεὸς
2673 2260 2888 2312 δίδωσιν
2920 2254 3070 2325 αὒτῷ
3119 2254 3303 2324 σῶμα,
3338 2250 3518 2312 καθὼς
3545 2250 3638 2316 ἠθέ-

2114 2358 2265 2426 λησε.
2294 2373 2312 2408 ι
2345 2354 2437 2424 Μὴ
2495 2351 2659 2406 δέδιθι
2713 2351 2808 2406 οὖν
2836 2367 2851 2382 ο
2902 2347 3175 2416 συγγνῶθι
3227 2346 3287 2398 δὲ
3336 2343 3533 2412 μᾶλλον
3579 2341 3639 2408 τῷ

2116 2451 2375 2520 θειοτάτῳ
2411 2446 2749 2515 Ἀναστασίῳ
2797 2443 3034 2512 λέγοντι,
3079 2443 3164 2495 ὅτι
3220 2435 3641 2510 μεταμορςοῦτιιι

2115 2547 2211 2598 καὶ
2247 2538 2789 2613 μετασχηματίζεται
2835 2538 2958 2590 τότε
2992 2537 3055 2589 τδ
3085 2537 3265 2602 σῶμα,
3303 2533 3402 2586 καὶ
3437 2527 3644 2584 τοιοῦτον

2115 2637 2392 2706 ἐγείρεται
2425 2635 2608 2686 ὁποῖον
2641 2626 2711 2702 ἦν
2749 2629 2845 2684 ἀπ’
2871 2629 3066 2699 ἀρχῆς.
3099 2627 3310 2678 Οὐκοῦν
3345 2642 3412 2693 γε
3444 2622 3645 2676 τοιοῦτον

2117 2729 2300 2783 ὁποῖον
2331 2729 2363 2797 ἡ
2392 2724 2624 2794 δευτέρα
2680 2723 2903 2791 ποίησις
2956 2721 3087 2774 αὐτὸ
3135 2717 3530 2772 κατεσκεύασε.
3561 2713 3646 2781 τῆς

2116 2819 2225 2888 γὰρ
2257 2817 2437 2879 αἰτίας
2468 2812 2921 2886 περιαιρεθείσης
2967 2809 3034 2862 δι’
3064 2809 3130 2880 ἢν
3162 2810 3196 2878 ή
3242 2808 3353 2859 τῶν
3392 2804 3647 2876 σχημάτων

2117 2907 2347 2962 τουτωνὶ
2374 2902 2719 2973 παρεισήχθη
2755 2899 3012 2969 διαφορὰ,
3044 2899 3256 2967 ἀνάγκη
3290 2897 3444 2949 πᾶσα
3471 2893 3553 2948 καὶ
3573 2892 3649 2961 τὴν

2122 2998 2536 3070 συμϐεϐηκυῖαν
2565 2994 2792 3062 ὕστερον
2824 2991 3245 3064 περιαιρεθῆναι
3275 2989 3549 3056 διαφορὰν,
3575 2985 3649 3037 καὶ

444 3095 561 3140 erat
588 3087 794 3156 primus
838 3087 1038 3151 homo;
1081 3085 1170 3139 ille
1200 3084 1476 3142 videlicet.
1507 3083 1599 3152 qui
1648 3082 1713 3135 ad
1756 3082 1850 3136 Dei
1879 3081 2012 3135 ima-

2119 3090 2352 3146 τοιοῦτοι
2390 3087 2688 3158 ιγερθῆναι
2743 3085 2983 3146 ἅπαντες
3041 3083 3224 3144 ὁποῖος
3275 3075 3346 3150 ἦν
3397 3082 3426 3132 6
3474 3077 3650 3148 πρῶτος

445 3179 627 3247 ginem
662 3177 915 3231 conditus
937 3187 1040 3231 est.
1087 3176 1186 3230 llic
1233 3184 1286 3228 et
1311 3189 1538 3244 magnus
1567 3174 1896 3228 Athanasius
1929 3174 2011 3227 vi-

449 3270 586 3323 dens
614 3284 839 3338 ea,quae
869 3267 1326 3322 resurrectionem
1359 3266 1615 3332 attinent,
1639 3267 1705 3320 ad
1743 3265 1892 3318 illum
1931 3279 2018 3318 re-

451 3362 663 3431 spicere
691 3374 856 3412 unum
877 3367 931 3412 et
955 3358 1190 3426 primum
1220 3356 1520 3420 hominem,
1549 3364 1606 3430 ut
1635 3356 2016 3425 supradictum

449 3462 536 3508 est
559 3471 573 3518 ;
600 3462 654 3506 et
677 3450 977 3505 secundum
1011 3449 1158 3501 illum
1203 3449 1256 3502 in
1277 3451 1687 3518 regeneratione
1709 3463 1898 3503 omnes
1930 3463 2016 3502 re-

452 3552 825 3606 surrecturos,
854 3542 919 3596 ad
947 3540 1278 3594 Antiochum
1306 3541 1520 3596 dicebat
1548 3557 1562 3594 :
1601 3559 1619 3592 ε
1652 3539 1710 3594 ln
1741 3556 2020 3594 resurrec-

453 3633 601 3687 tione
630 3647 738 3685 non
771 3641 856 3685 est
881 3630 1158 3685 masculus
1201 3637 1254 3684 et
1293 3629 1534 3694 femina;
1563 3645 1670 3684 non
1714 3645 1914 3698 parvus
1965 3639 2020 3684 et

453 3729 716 3792 magnus;
753 3737 862 3775 non
889 3721 1044 3790 niger
1073 3731 1128 3775 et
1167 3720 1376 3785 ﬂavus;
1409 3735 1519 3774 non
1559 3719 1719 3774 variae
1763 3719 1927 3775 facies
1968 3729 2020 3774 et

454 3811 697 3866 habitus.
747 3809 940 3866 Omnis
991 3810 1138 3864 enim
1187 3809 1427 3864 hominis
1473 3808 1650 3879 imago
1689 3808 1881 3862 similis
1917 3808 2022 3863 erit

455 3914 585 3960 tunc
611 3904 803 3958 Adami
840 3903 1084 3969 imagini,
1123 3910 1178 3956 et
1209 3901 1433 3966 lictioni,
1470 3910 1525 3954 et
1556 3899 1938 3969 magnitudini,
1968 3909 2022 3955 et

455 3997 684 4051 habitui.
715 4015 732 4048 ι
763 3995 820 4048 Si
860 4010 988 4052 vero
1019 3995 1135 4048 haec
1172 3994 1245 4047 ita
1279 4007 1336 4046 se
1376 3991 1613 4059 habent;
1653 3992 1696 4048 si
1723 3994 2021 4047 secundum

458 4087 688 4154 primum
734 4085 886 4140 illum
919 4086 1195 4138 hominem
1239 4096 1344 4135 una
1391 4083 1572 4151 specie
1605 4092 1660 4136 et
1698 4083 1882 4136 habitu
1930 4098 2022 4136 re-

459 4185 687 4244 snrgent
710 4189 922 4238 omnes,
949 4184 1009 4227 ut
1045 4174 1171 4228 inde
1201 4172 1408 4226 nullum
1451 4177 1519 4228 sit
1551 4173 1844 4229 discrimen
1877 4190 2025 4229 mas-

459 4267 564 4321 culi
594 4275 645 4320 et
687 4265 922 4332 feminae,
965 4265 1118 4336 parvi
1162 4275 1224 4320 et'
1255 4267 1456 4335 magni,
1487 4265 1627 4336 nigri
1655 4275 1708 4320 et
1737 4265 2024 4337 ﬂavi,qnid

458 4373 595 4428 Opus
625 4369 711 4414 est
747 4359 924 4413 adhuc
969 4357 1115 4427 loqui
1163 4358 1230 4412 de
1279 4359 1372 4412 illo
1418 4358 1644 4413 habitu?
1683 4357 1890 4413 Tacere
1925 4373 2026 4416 nos

2121 3185 2434 3255 ἄνθρωπος,
2466 3184 2492 3233 6
2521 3180 2646 3233 κατ’
2686 3179 2870 3232 εἰκόνα
2903 3175 3103 3246 δηλαδὴ
3131 3173 3500 3242 γεγενημένος
3525 3168 3649 3223 Θεοῦ.

2122 3275 2307 3344 Ταύτῃ
2349 3290 2432 3326 τοι
2465 3272 2562 3325 καὶ
2595 3271 2769 3341 μέγας
2814 3270 3133 3330 Ἀθανάσιος
3184 3265 3340 3328 εἰδὼς
3373 3265 3456 3317 ὅτι
3494 3263 3556 3315 τὰ
3580 3263 3653 3325 τῆς

2123 3366 2474 3426 ἀναστάσεως
2522 3365 2602 3426 εἰς
2650 3365 2857 3415 ἐκεῖνον
2900 3357 3306 3432 ἀφορᾶταίένα
3347 3356 3444 3410 καὶ
3475 3355 3654 3425 πρῶτον

2123 3456 2436 3525 ἄνθρωπον,
2465 3453 2540 3516 ὡς
2585 3453 2700 3507 ἄνω
2724 3453 3050 3520 διείληπται,
3084 3451 3180 3502 καὶ
3211 3451 3294 3502 ὅτι
3322 3448 3448 3502 κατ’
3484 3447 3655 3498 ἐκεῖνον

2125 3550 2184 3600 ὲν
2217 3551 2283 3618 τῇ
2338 3545 2735 3615 παλιγγενεσία
2790 3543 2994 3604 πάντες
3054 3539 3495 3611 ἀναστησόμεθα,
3547 3537 3655 3606 spis

2139 3638 2626 3708 Ἀντίοχον-ἔλεγεν
2651 3654 2664 3668 ·
2701 3655 2721 3688 ι
2744 3637 2831 3689 Ἐν
2857 3637 2922 3706 τῇ
2953 3636 3249 3688 ἀναστάσει
3281 3633 3381 3687 οὐκ
3412 3633 3551 3684 ἐστιν
3579 3630 3654 3690 ἄρ’

2130 3746 2222 3782 σεν
2257 3731 2352 3783 καὶ
2385 3728 2520 3798 θῆλυ
2542 3743 2557 3760 ο
2583 3727 2645 3780 ού
2684 3725 2879 3798 μικρὸς
2923 3726 3018 3779 καί.
3053 3725 3260 3792 μέγαςο
3296 3724 3358 3776 ού
3400 3724 3555 3792 μέλας
3584 3721 3658 3770 καί

2129 3821 2356 3886 ﬁci/06¢
2395 3825 2457 3873 οὐ
2486 3818 2720 3888 διάφορά
2759 3833 2817 3870 τε
2861 3817 3130 3887 πρόσωπά
3165 3832 3228 3868 τε
3274 3815 3368 3867 καὶ
3416 3815 3654 3883 σχήματα.

2130 3914 2290 3967 Πᾶσα
2340 3913 2435 3966 καὶ
2488 3911 2596 3980 γὰρ
2653 3909 2940 3978 ἀνθρώπου
2986 3907 3149 3963 εἰκὼν
3193 3907 3357 3977 όμοία
3388 3907 3535 3958 ἔσται
3563 3904 3656 3954 sit:

2127 4006 2228 4076 τῆς
2252 4004 2423 4074 Ἀδὰμ
2456 4003 2660 4064 εἰκόνος
2699 4003 2795 4055 καὶ
2823 4000 3097 4064 πλάσεως,
3139 4001 3234 4053 καὶ
3282 3998 3561 4069 μεγέθους,
3584 3995 3659 4049 καὶ

2132 4097 2434 4167 σχήματος.
2469 4113 2488 4147 ι
2522 4095 2584 4148 Εἰ
2625 4094 2683 4147 δὲ
2722 4092 2896 4147 ταῦτα
2923 4092 3096 4154 οὕτως
3129 4091 3265 4163 ἔχει,
3319 4094 3369 4146 εἰ
3417 4092 3550 4144 κατὰ
3587 4089 3657 4140 τὸν

2133 4190 2349 4260 πρῶτον
2386 4189 2593 4240 ἐκεῖνον
2623 4187 2910 4255 ἄνθρωπον
2941 4184 2998 4237 ἓν
3041 4180 3178 4247 είδος
3209 4184 3306 4236 καὶ
3335 4183 3514 4253 σχῆμα
3539 4179 3657 4247 ἐγεί-

2133 4294 2314 4349 ρονται
2343 4277 2604 4340 ἅπαντες,
2636 4275 2712 4338 ὡς
2740 4272 2992 4327 ἐντεῦθεν
3023 4272 3098 4342 μὴ
3124 4266 3263 4325 εἶναι
3301 4271 3555 4340 διαφορὰν
3579 4269 3657 4337 ἆῤ-

2135 4364 2288 4434 ρενός
2317 4380 2377 4416 τε
2412 4363 2506 4416 καὶ
2543 4361 2758 4431 θήλεος,
2795 4361 2995 4431 μικροῦ
3033 4361 3127 4413 καὶ
3160 4361 3422 4430 μεγάλου,
3463 4360 3656 4429 μέλανός

459 4465 625 4521 super
678 4451 764 4505 his
815 4459 1056 4520 praestat,
1106 4440 1390 4520 et'neque
1443 4451 1562 4520 ejus
1614 4449 2012 4517 formationem,

2129 4470 2188 4506 τε
2213 4454 2309 4506 καὶ
2345 4451 2541 4517 ξανθοῦ
2568 4469 2583 4484 ο
2611 4451 2664 4504 τί
2691 4452 2798 4522 χρὴ
2818 4453 2912 4504 καὶ
2938 4452 3116 4518 λέγειν
3141 4452 3268 4520 περί
3294 4451 3388 4504 τοῦ
3419 4453 3656 4519 σχήματος

458 4541 634 4609 qualis
679 4541 804 4604 erit,
849 4540 1120 4594 curiosius
1152 4540 1454 4608 inquirere,
1492 4553 1593 4594 nec
1625 4540 1900 4609 quomodo
1930 4556 2025 4594 vo-

459 4633 722 4688 cabimus.
762 4633 821 4687 Si
851 4634 996 4686 enim
1038 4631 1206 4686 maris
1246 4643 1300 4686 et
1332 4631 1549 4687 feminae
1579 4632 1872 4687 discrimen
1915 4646 2027 4687 non

459 4723 638 4786 habet,
671 4727 894 4778 omnino
927 4726 1089 4780 fuerit
1133 4725 1376 4794 phoenix,
1409 4724 1582 4778 Arabs
1619 4724 1875 4788 volucris,
1906 4739 2028 4794 qua:

461 4812 799 4879 splendidam
836 4815 891 4867 in
923 4830 980 4868 se
1005 4816 1119 4884 ipsa
1153 4815 1312 4884 primi
1338 4815 1482 4870 illius
1512 4814 1704 4870 Adami
1732 4815 2026 4887 imaginem

461 4900 599 4966 fert;
661 4917 729 4956 ne
790 4905 965 4958 dicam
1027 4907 1467 4962 molestissimum
1535 4922 1805 4975 vermcm,
1863 4908 2026 4962 talem

459 4990 741 5059 quiescere
770 5003 1009 5048 nostraet
1043 4997 1502 5066 negotiositatem.

529 5279 606 5329 An
642 5291 770 5330 vero
812 5276 862 5330 in
900 5278 1298 5332 resurrectione
1338 5289 1698 5348 cognoscetur
1740 5280 1938 5336 femina
1971 5291 2027 5337 et

459 5383 597 5428 mas,
629 5382 738 5420 uno
772 5377 827 5421 et
853 5368 1042 5421 eodem
1079 5369 1264 5421 habitu
1292 5371 1550 5425 omnibus
1583 5373 2022 5441 res-urgentibus,

458 5454 705 5512 dubitare
732 5473 854 5523 nos,
883 5459 1072 5529 procul
1107 5475 1137 5514 a
1169 5460 1382 5515 ratione
1411 5462 1642 5516 recedit.
1674 5461 1729 5516 Si
1774 5463 1941 5523 enim.
1967 5471 2027 5519 ut

454 5551 722 5606 aurifluus
760 5553 1000 5609 Joannes
1043 5554 1140 5618 ait,
1160 5569 1266 5607 non
1316 5554 1405 5608 hic
1457 5563 1612 5608 notos
1651 5562 1884 5618 tantum,
1929 5556 2026 5610 sed

451 5656 548 5696 eos
579 5659 718 5714 quos
741 5661 1017 5716 nutuquam
1045 5645 1304 5710 vidimus,
1325 5660 1452 5698 cum
1477 5643 1678 5698 ibidem
1709 5645 2024 5710 viderimus,

454 5750 880 5806 cognoscemus;
917 5739 1371 5811 quemadmodum
1403 5745 1548 5792 certe
1577 5744 1630 5790 ct
1661 5736 2025 5793 Abrahamum

2130 4544 2372 4610 ὲκείνου;
2426 4543 2648 4614 Σιωπᾷν
2695 4544 2841 4614 ἡμᾶς
2891 4543 2983 4594 ἐπὶ
3029 4543 3241 4604 τούτοις
3297 4543 3534 4610 ἄμεινον,
3583 4541 3656 4591 καὶ

2133 4637 2273 4706 μήτε
2306 4635 2405 4703 τήν
2433 4636 2598 4689 αὑτοῦ
2626 4636 2828 4690 πλάσιν
2855 4637 3014 4690 ὁποία
3041 4635 3123 4697 τίς
3151 4637 3269 4687 ἐστι
3298 4635 3656 4704 πολυπραγμςο

2130 4717 2262 4796 νεῖν,
2300 4733 2436 4802 μήτε
2476 4731 2594 4793 πῶς
2625 4731 2953 4799 καλέσομεν,
2981 4731 3094 4797 είγε
3128 4729 3228 4799 τὴν
3263 4732 3405 4784 κατά
3433 4729 3488 4781 τὸ
3516 4730 3655 4800 άρῤιν

2130 4821 2226 4873 καὶ
2256 4819 2390 4890 θῆλυ
2418 4819 2519 4875 οὐκ
2550 4819 2662 4890 ἔχει
2689 4820 2958 4889 διαφορὰν
3000 4821 3136 4881 ὅλως
3168 4819 3608 4889 περιεργάζεσθαι
3635 4817 3655 4865 6

2130 4911 2306 4980 φοῖνιξ
2352 4914 2379 4966 6
2421 4912 2712 4982 ’Δραδικδς
2745 4914 2914 4984 ὅρνις,
2966 4915 2994 4966 6
3029 4913 3122 4965 καί
3166 4912 3400 4982 φαιδρὰν
3429 4916 3482 4966 ὲν
3515 4907 3654 4975 ἑαυτῷ

2130 5003 2311 5075 φέρων
2341 5005 2524 5058 εἰκόνα
2552 5004 2646 5058 τοῦ
2674 5005 2790 5068 ὲνδς
2823 5004 3036 5058 ἐκείνου
3066 5005 3244 5074 Ἀδάμ
3269 5020 3285 5036 ⁸
3322 5005 3408 5058 ἵνα
3436 5004 3507 5074 μή
3543 5004 3654 5068 λέγω

2127 5097 2220 5148 τὸν
2248 5095 2594 5165 οἰκτρότατον
2626 5096 2907 5166 σκώληκα,
2953 5095 3054 5164 τὴν
3099 5095 3359 5166 τοιαύτην
3389 5095 3653 5149 ἀποπαζειν

2131 5187 2672 5258 πολυπραγμοσύνην
2709 5188 2887 5258 ἡμῶν.

2203 5278 2266 5331 Εἰ
2292 5279 2348 5331 δὲ
2376 5279 2472 5332 καί
2496 5297 2599 5332 που
2629 5280 2687 5333 ὲν
2717 5283 2781 5350 τῇ
2812 5281 3110 5334 ἀναστάσει
3140 5281 3510 5350 γνωσθήσεται
3533 5276 3584 5330 τό
3604 5289 3648 5324 τι

2129 5371 2266 5440 θῆλυ
2307 5374 2403 5425 καὶ
2431 5371 2490 5426 τὸ
2523 5372 2693 5444 ἄρρεν
2725 5373 2804 5426 ἑνὶ
2844 5374 2938 5425 καὶ
2967 5373 3044 5445 τῷ
3073 5373 3224 5444 αὐτῷ
3269 5375 3502 5444 σχήματι
3541 5368 3649 5420 πάνυ

2129 5479 2238 5514 των
2269 5464 2668 5531 ἀνισταμένων,
2719 5465 3024 5532 ὕπαπορεῖν
3071 5466 3240 5534 ήμᾶς,
3273 5466 3348 5527 ὼς
3384 5462 3543 5532 οἶμαι.
3571 5458 3648 5510 οὐκ

2129 5551 2376 5621 εύλογον.
2413 5551 2476 5605 Εἰ
2504 5554 2634 5623 γὰρ,
2661 5555 2738 5618 ὼς
2759 5557 2787 5607 6
2815 5557 3218 5625 χρυσορῤήμων
3255 5555 3495 5622 Ἰωάννης
3522 5550 3646 5621 φησὶ.

2085 5672 2088 5675 -
2133 5644 2208 5714 μὴ
2237 5643 2396 5712 μόνον
2421 5647 2547 5709 τοὺς
2574 5639 2675 5700 ὧδε
2709 5647 3006 5714 γνωστοὺς,
3037 5647 3173 5729 ἀλλά
3202 5650 3294 5700 καὶ
3319 5646 3408 5710 οὓς
3434 5643 3644 5699 οὐδέποτε

2129 5740 2342 5811 εἴδομεν
2369 5741 2568 5807 ἰδόντες
2600 5743 2775 5796 ἐκεῖσε
2811 5743 3150 5813 γνωρίσομεν
3177 5759 3190 5774 ·
3219 5742 3360 5798 καθὰ
3386 5742 3445 5812 δὴ
3469 5738 3550 5792 καὶ
3576 5731 3644 5785 τὸν
