3838 6226
253 359 361 422 7ἷῖ

1629 362 1997 424 EPISTOLA
2040 365 2140 425 VI.

3408 370 3516 432 778

268 471 527 541 Ἀϐραὰμ
562 471 590 524 6
616 470 874 534 πλούσιος
897 485 910 500 ·
937 470 987 524 εί
1025 471 1100 542 μὴ
1145 473 1252 541 γὰρ
1303 472 1600 544 ἒγνώρισεν
1646 474 1831 541 αὑτὸν,

1940 473 2092 528 dives
2115 490 2129 539 ;
2155 473 2258 528 nisi
2282 474 2428 527 enim
2456 487 2581 529 eum
2613 474 2978 545 cognovisset,
2997 475 3270 544 quomodo
3293 480 3516 528 nomine

252 565 378 627 πῶς
413 564 479 618 ἂν
512 563 774 617 ἐκάλεσεν
813 564 872 629 ἐξ
904 563 1205 631 ὀνόματος;
1237 564 1337 618 οὐκ
1383 564 1450 618 ἄν
1489 583 1575 625 τις
1613 565 1833 636 ἀμήχα-

250 672 371 717 νον.
398 654 476 718 ὡς
527 650 704 724 οἶμαι,
746 655 1038 724 ἡγήσεται.
1079 653 1172 721 Μὴ
1219 656 1313 708 καὶ
1356 656 1475 709 τόδε
1521 656 1585 710 τὸ
1616 658 1829 711 παιδίον

252 747 353 799 καὶ
386 747 542 816 τήνδε
566 748 667 818 τὴν
702 749 957 814 γυναῖκα,
980 749 1077 801 καὶ
1107 748 1198 801 τδν
1232 750 1465 818 γέροντα
1495 750 1703 803 ἐκεῖνον
1737 751 1832 803 ὑπ’

250 838 503 905 ἀλλήλων
546 838 959 909 ἐπιγνωσθῆναι
1002 840 1149 905 τότε,
1201 840 1249 892 εί
1299 838 1394 893 καὶ
1449 842 1578 909 μιᾶς
1611 840 1830 909 ήλικίας

251 932 351 983 καὶ
382 934 662 1000 σχήματος
693 932 811 993 ἑνὸς
850 932 1267 1001 ἀναστήσονται.
1311 933 1445 986 Οὐδὲ
1474 933 1583 1001 γὰρ
1610 933 1674 985 ἐκ
1702 950 1831 986 συσ-

252 1019 451 1087 σήμων
496 1020 591 1072 καὶ
644 1020 946 1089 σχημάτων
994 1022 1088 1074 καὶ
1125 1022 1356 1091 ἡλικιῶν
1402 1023 1435 1092 ή
1485 1023 1831 1091 γνωριμότης

248 1111 478 1163 ἐκεῖσε·
527 1111 668 1165 ἀλλά
718 1110 798 1177 τῷ
850 1113 1144 1183 διορατικῷ
1191 1116 1289 1183 τῆς
1337 1114 1513 1184 ψυχῆς
1564 1114 1830 1185 ὀφθαλμῷ

248 1199 596 1269 γνωριοῦμεν
622 1202 823 1262 πάντες
846 1203 972 1264 τοὺς
1006 1204 1231 1267 πάντας,
1256 1203 1328 1267 ὡς
1350 1207 1377 1257 6
1405 1207 1635 1274 ποιητὴς
1666 1204 1825 1274 ἡμῶν

248 1290 349 1341 καὶ
373 1288 618 1358 πλάστης
648 1289 974 1360 ηὐδόκησεν.
1006 1290 1152 1344 Αὐτὸ
1179 1291 1340 1345 τοῦτο
1365 1292 1462 1345 καὶ
1497 1294 1524 1345 6
1552 1292 1829 1357 θειότατος

279 1380 616 1443 Αναστάσιος
657 1381 1045 1453 ἀριδηλότερον
1074 1395 1158 1436 σοι
1204 1385 1527 1454 παρίστησι,
1565 1384 1660 1438 καὶ
1687 1383 1830 1437 οὕτω

249 1472 425 1540 φησί·
467 1474 572 1524 Καὶ
599 1473 700 1524 οῦκ
726 1475 790 1525 ὲκ
824 1476 1126 1544 συσσήμων
1171 1476 1466 1544 ἐπίγνωσις
1495 1477 1649 1530 ἔσται
1682 1478 1828 1532 τότε.

260 1563 406 1616 Ἀλλ’
440 1564 560 1617 οὐδὲ
600 1564 670 1617 τὰ
719 1568 1017 1636 γεννητικὰ
1051 1568 1225 1621 ταῦτα
1276 1570 1441 1639 μόρια
1484 1570 1545 1622 τό
1588 1587 1646 1622 τε
1692 1570 1827 1639 θῆλυ

246 1657 349 1708 καὶ
389 1657 450 1709 τὸ
478 1659 647 1726 άῤῥεν
704 1658 1060 1729 παρίστησιν,
1094 1662 1175 1713 ὅτι
1218 1662 1356 1730 μηδὲ
1389 1665 1445 1715 ὲν
1497 1663 1575 1732 τῷ
1606 1664 1828 1735 Χριστῷ

246 1750 423 1817 ἄρσεν
476 1751 572 1802 καὶ
627 1751 784 1821 θῆλυ,
842 1752 983 1805 καθά
1014 1770 1150 1822 φησι
1191 1754 1422 1816 Παῦλος.
1471 1755 1533 1808 Εί
1562 1756 1620 1808 δὲ
1653 1756 1828 1810 ταῦτα

1939 574 2191 621 vocasset
2233 565 2256 617 ?
2302 580 2461 620 nemo
2515 567 2702 636 utique
2746 567 3102 636 impossibile,
3148 575 3210 621 ut
3257 568 3517 630 arbitror,

1935 658 2221 730 iudicabit,
2248 666 2304 713 et
2352 658 2498 711 hunc
2529 674 2779 727 puerum,
2822 667 2878 713 et
2924 659 3064 714 hanc
3114 658 3423 723 mulierem,
3460 668 3518 712 et

1940 764 2128 804 senem
2159 749 2333 810 illum,
2371 749 2604 802 invicem
2641 756 2755 801 tum
2786 750 3058 820 cognitum
3089 750 3176 814 iri,
3213 750 3318 804 etsi
3351 751 3515 804 uuius

1935 842 2134 905 aetatis,
2169 843 2438 911 uniusque
2474 841 2659 911 ﬁgurze
2696 852 3005 912 resurgent.
3042 842 3229 910 Neque
3270 842 3416 896 enim
3448 856 3516 895 ex

1938 932 2248 1003 insignibus
2290 943 2345 988 et
2400 932 2589 1002 ﬁguris
2635 932 2708 985 ibi
2741 933 3025 1002 cognitio;
3064 933 3159 987 sed
3214 932 3514 1002 perspicaci

1934 1025 2129 1079 animae
2153 1024 2313 1079 oculo
2331 1038 2520 1078 omnes
2540 1024 2606 1078 ab
2627 1024 2882 1079 omnibus
2898 1034 3312 1095 cognoscentur,
3334 1042 3515 1094 quem-

1936 1115 2230 1170 admodum
2287 1114 2478 1168 factori
2538 1122 2594 1168 et
2661 1114 2833 1169 ﬁctori
2886 1102 3077 1170 nostro
3119 1117 3296 1170 visum
3332 1116 3514 1170 fuerit.

1939 1205 2126 1260 lsthuc
2175 1207 2350 1275 ipsum
2400 1214 2453 1260 et
2496 1206 2874 1263 divinissimus
2936 1207 3258 1262 Anastasius
3287 1209 3519 1262 manife—

1938 1297 2082 1351 stius
2118 1296 2216 1352 tibi
2249 1297 2422 1362 sistet,
2454 1305 2509 1351 et
2544 1298 2616 1351 ita
2655 1300 2735 1353 ait
2769 1320 2779 1354 :
2823 1318 2842 1351 ι
2880 1298 2948 1353 Ει
2975 1315 3086 1353 non
3111 1315 3178 1354 ex
3213 1300 3522 1369 insignibus

1939 1388 2179 1457 cognitio
2210 1398 2339 1443 tunc
2360 1389 2487 1444 erit.
2521 1407 2539 1439 ι
2574 1390 2683 1444 Sed
2716 1406 2892 1459 neque
2914 1390 3171 1460 genitalia
3208 1391 3323 1444 hmo
3352 1405 3524 1442 lllClll-

1948 1480 2044 1534 bra
2093 1492 2205 1536 tum
2242 1497 2449 1535 marem
2479 1492 2534 1535 et
2559 1481 2817 1536 feminam
2853 1483 3220 1547 constituent;
3263 1482 3393 1552 quia
3422 1496 3524 1534 ne-

1936 1589 2045 1643 que
2080 1573 2137 1627 in
2169 1573 2390 1629 Christo
2425 1590 2542 1629 mas
2568 1583 2624 1628 et
2655 1575 2880 1638 femina,
2910 1585 2971 1629 ut
3002 1576 3205 1629 Paulus
3235 1575 3434 1645 inquit.
3466 1574 3522 1628 Si

1937 1681 2067 1720 vero
2099 1666 2216 1720 haec
2247 1667 2318 1720 ita
2367 1668 2567 1721 habent
2596 1675 2651 1720 et
2696 1667 3001 1725 secundum
3041 1682 3296 1738 magnum
3354 1667 3525 1719 Atha-

1936 1760 2151 1811 nasiqu
2188 1773 2331 1813 unus
2366 1758 2529 1812 homo
2564 1759 2620 1813 in
2662 1760 3016 1827 generatione
3048 1774 3242 1813 omnes
3267 1773 3521 1825 resurge—

247 1841 423 1903 οὕτως
454 1841 569 1910 ἔχει
620 1845 713 1897 καὶ
750 1846 891 1898 κοιτά
916 1846 1008 1898 τὸν
1054 1848 1227 1916 μέγαν
1263 1848 1586 1903 Ἀθανάσιον
1632 1845 1711 1912 εἷς
1742 1851 1832 1903 ἆν-

1941 1867 2096 1915 mus;
2129 1867 2239 1907 una
2273 1853 2421 1907 enim
2461 1864 2593 1908 aetas
2628 1854 2772 1923 apud
2809 1870 3025 1917 omnes,
3070 1871 3174 1909 una
3212 1854 3382 1918 ﬁctio,
3416 1870 3521 1908 una

246 1931 475 2000 θρωπος
526 1935 586 1985 ὲν
631 1936 689 2004 τῇ
746 1935 1144 2008 παλιγγενεσία
1196 1939 1399 2002 πάντες
1441 1941 1784 2010 ἀνιστάμεθα
1814 1960 1827 1975 ·

250 2026 357 2091 μία
387 2028 497 2093 γάρ
527 2025 716 2095 ἡλικία
768 2028 918 2097 παρά
966 2031 1122 2095 πᾶσι,
1176 2032 1275 2099 μία
1308 2033 1524 2098 πλάσις,
1571 2035 1628 2085 ἒν
1665 2030 1826 2097 εῐδος,

246 2114 311 2167 ἓν
342 2116 532 2184 σχῆμα
560 2116 653 2170 καὶ
688 2117 921 2186 μέγεθος
944 2119 1025 2171 ἓν·
1051 2122 1306 2189 περιττὸν
1344 2122 1409 2175 ἂν
1445 2124 1529 2193 είη
1558 2125 1824 2195 διαφορὰν

247 2207 551 2277 σχημάτων
582 2208 864 2279 ἐπιζητεῖν
884 2224 901 2241 ⁸
934 2213 981 2263 εί
1012 2211 1120 2280 γάρ
1147 2213 1245 2282 τὴν
1276 2214 1534 2285 τοιαύτην
1562 2217 1826 2287 διαφορὰν

246 2300 283 2368 ἡ
328 2298 505 2368 φθορά
545 2301 977 2369 παρεισήγαγεν,
1009 2302 1225 2373 ἀνάγκη
1264 2307 1435 2368 πᾶσα,
1480 2307 1578 2376 τῆς
1610 2307 1828 2378 ἀφθαρ-

246 2393 372 2453 σίας
404 2392 688 2461 ἐλθούσης,
725 2394 897 2448 ταῦτα
934 2395 1111 2449 πάντα
1147 2396 1245 2449 σὺν
1291 2400 1355 2468 τῇ
1404 2399 1580 2470 φθορᾷ
1620 2400 1827 2469 παρελ-

243 2486 385 2539 θεῖν.
415 2486 523 2538 Καὶ
552 2486 695 2538 οὕτω
726 2488 829 2555 μὲν
861 2490 889 2539 6
911 2489 978 2540 τά
1004 2489 1122 2542 θεῖα
1153 2489 1230 2560 τῷ
1255 2491 1557 2561 ὁντισοφός
1594 2492 1826 2545 Ἀθανά-

244 2593 366 2640 σιος
391 2593 406 2607 δ
434 2578 516 2631 ὅτι
552 2578 642 2632 διὰ
670 2578 771 2650 τὴν
812 2581 1089 2650 ἁμαρτίαν
1126 2583 1159 2653 ή
1205 2583 1315 2636 τῶν
1361 2587 1660 2654 σχημάτων
1699 2586 1818 2638 δια-

245 2669 396 2736 φορὰ
429 2670 523 2724 καὶ
554 2672 585 2740 ἡ
613 2671 708 2724 τοῦ
733 2672 915 2743 γάμου
940 2675 1106 2744 ἀρχή*
1132 2677 1417 2746 καταρχὰς
1446 2678 1556 2746 γάρ
1584 2678 1740 2731 οὐδέν
1772 2696 1825 2731 τι

244 2760 492 2814 τοιοῦτον
542 2758 635 2832 ἧν,
673 2764 770 2818 ἁτε
827 2766 920 2818 τοῦ
961 2768 1071 2821 τῶν
1123 2767 1429 2837 ἀνθρώπων
1486 2770 1830 2839 πλεονασμοῦ

256 2853 406 2904 κατὰ
438 2853 563 2915 τοὺς
597 2854 886 2921 ἀγγέλους,
924 2857 999 2918 ὡς
1032 2859 1378 2928 προείρηται,
1419 2861 1663 2926 γίνεσθαι
1700 2862 1832 2930 μέλε

242 2942 437 3004 λοντος
462 2962 476 2975 ·
508 2946 807 3001 κάντεῦθεν
841 2950 917 3019 μὴ
952 2950 1209 3019 δεόμενον
1246 2952 1343 3020 τῆς
1375 2952 1484 3005 ἀπὸ
1511 2952 1606 3005 τοῦ
1638 2954 1830 3023 θήλεος

248 3035 527 3104 βοηθείαςο
562 3041 655 3093 καὶ
686 3041 796 3113 γὰρ
826 3045 875 3095 εί
929 3046 1005 3113 μὴ
1048 3043 1207 3114 ὤφθη
1259 3047 1597 3115 παρήκοοςιὸ
1635 3048 1828 3117 ’Δδάμ,

244 3127 356 3178 οὐκ
386 3128 454 3181 ἂν
481 3130 668 3200 ἐδέησε
702 3135 906 3201 γάμου,
938 3135 1030 3187 καὶ
1061 3136 1163 3204 τῆς
1199 3135 1277 3206 τῷ
1311 3139 1475 3206 γάμῳ
1497 3138 1685 3191 λοιπὸν
1711 3156 1833 3191 συν-

1934 1945 2168 2012 species,
2220 1961 2363 2000 unus
2396 1947 2634 2009 habitus,
2671 1955 2725 2001 et
2784 1946 3104 2015 magnitudo
3148 1962 3274 2009 una,
3327 1962 3521 2014 super-

1936 2036 2105 2091 ﬁuum
2141 2039 2361 2107 quidem
2404 2040 2569 2093 fuerit
2618 2041 2912 2109 ﬁgurarqu
2956 2041 3255 2094 discrimen
3302 2040 3522 2109 perqui-

1936 2145 2081 2183 rere.
2132 2128 2189 2183 Si
2239 2131 2385 2184 enim
2442 2132 2547 2185 tale
2602 2131 2897 2186 discrimen
2952 2132 3233 2200 corruptio
3282 2130 3520 2192 induxit,

1934 2224 2309 2277 necessarium
2339 2225 2562 2277 omnino
2592 2233 2694 2286 est,
2720 2224 3133 2292 incorruptione
3166 2223 3518 2285 adveniente,

1935 2313 2051 2367 hmc
2088 2315 2270 2368 omnia
2301 2331 2426 2371 cum
2454 2316 2809 2384 corruptione
2844 2317 3149 2384 prxterire.
3186 2314 3254 2368 Et
3293 2315 3367 2367 ita
3395 2315 3519 2382 qui-

1934 2410 2058 2464 dem
2120 2411 2429 2466 divinarum
2483 2428 2666 2466 rerum
2721 2411 3091 2481 peritissimus
3156 2410 3517 2463 Athanasius.

1933 2502 2069 2568 Quia
2100 2519 2196 2572 per
2224 2512 2507 2572 peccatum
2534 2504 2828 2573 ﬁgurarum
2854 2500 3177 2563 discrimen,
3210 2508 3266 2553 et
3302 2499 3525 2568 nuptia-

1935 2611 2057 2649 rum
2089 2596 2323 2650 iuitium.
2352 2596 2603 2651 Abinitio
2621 2595 2767 2650 enim
2794 2593 2929 2648 nihil
2958 2594 3062 2649 tale
3089 2601 3224 2658 erat,
3256 2591 3523 2660 siquidem

1938 2688 2026 2742 hic
2051 2688 2215 2743 homo
2239 2690 2708 2759 multiplicandus,
2728 2700 2787 2743 ut
2811 2689 3010 2758 angeli,
3030 2697 3183 2753 erat;
3207 2696 3257 2741 et
3284 2686 3413 2740 inde
3441 2685 3523 2738 fe-

1939 2779 2099 2833 minae
2120 2781 2321 2836 auxilio
2341 2764 2452 2836 non
2479 2782 2775 2851 indigebat.
2796 2781 2851 2835 Si
2871 2780 3019 2835 enim
3043 2777 3363 2832 inohediens
3379 2775 3525 2828 Ada-

1938 2879 2063 2920 mus
2074 2881 2183 2920 non
2198 2869 2555 2937 apparuisset,
2571 2870 2882 2938 nuptiarum
2896 2869 3115 2938 quidem
3130 2883 3239 2921 non
3256 2865 3518 2934 eguisset,

1936 2966 1993 3011 et
2051 2958 2272 3026 reliquae
2308 2960 2513 3028 nuptiis
2562 2962 2891 3015 necessaria:
2939 2958 3394 3014 constructionis.
3440 2958 3521 3011 Ad

1933 3050 2062 3119 quid
2118 3050 2267 3105 enim
2307 3052 2424 3107 haec
2477 3052 2797 3121 profuisset,
2858 3053 2903 3108 si
2957 3051 3267 3106 ctiamsine
3316 3048 3522 3119 nuptiis

1937 3141 2222 3198 hominum
2262 3144 2558 3199 multitudo
2592 3144 2884 3213 provenire
2918 3158 3030 3198 non
3064 3143 3393 3197 vetabatur?

243 3222 517 3291 τελούσης
544 3226 915 3294 κατασκευῆς.
968 3225 1065 3289 Εἰς
1093 3228 1145 3279 τί
1188 3230 1283 3282 καὶ
1326 3230 1438 3299 γὰρ
1483 3232 1833 3285 συνετέλεσεν
1874 3231 2039 3306 αὕτη,
2104 3235 2220 3305 είγε
2264 3235 2359 3289 καὶ
2394 3236 2574 3306 γάμου
2607 3236 2778 3307 χωρὶς
2816 3236 2990 3307 ήτῶν
3016 3233 3322 3305 ἀνθρώπων
3384 3234 3523 3303 πλη-

251 3317 360 3377 θὺς
394 3318 682 3387 προελθεῖν
706 3319 811 3375 οὐκ
842 3320 1154 3386 ὲκω).ύετο;

329 3410 625 3480 Προλαῡὼν
650 3413 678 3464 6
711 3412 867 3479 λόγος
901 3412 1149 3481 διείληφέ
1198 3431 1284 3467 σοι
1331 3419 1462 3485 περὶ
1502 3416 1698 3470 τούτου
1740 3434 1832 3470 σα-

2012 3414 2333 3471 Ριναεοοᾰοιιε
2374 3432 2555 3470 sermo
2594 3417 2854 3471 disseruit
2885 3416 2981 3471 tibi
3016 3417 3083 3471 de
3133 3416 3237 3470 hoc
3279 3418 3520 3486 apertis-

250 3505 547 3574 φέστερον.
580 3505 641 3558 El
667 3504 723 3556 δὲ
757 3505 932 3559 ταῦτα
958 3504 1134 3570 οὕτως
1162 3508 1296 3577 ἔχει,
1330 3510 1381 3562 εἰ
1410 3510 1499 3564 διὰ
1530 3510 1629 3581 τήν
1661 3529 1836 3580 παρα-

249 3598 393 3665 κοὴν
427 3598 525 3650 καὶ
562 3597 663 3666 τὴν
692 3598 800 3651 ἀπὸ
837 3598 933 3651 τοῦ
969 3599 1200 3653 θανάτου
1235 3602 1443 3672 φθορὰν
1475 3603 1652 3673 ἀρχὴν
1679 3604 1836 3673 ἔσχεν

246 3691 279 3743 6
316 3690 515 3757 γάμος,
538 3688 611 3752 ὡς
640 3689 668 3741 6
696 3690 932 3760 χρυσοῦς
961 3692 1060 3760 τὴν
1104 3692 1347 3759 γλῶττάν
1382 3712 1547 3763 φησιν
1573 3711 1588 3727 ο
1614 3697 1661 3748 εί
1698 3697 1838 3766 μετὰ

248 3782 322 3835 τὺ
354 3782 562 3851 ὑψηλὸν
593 3781 694 3850 τῆς
739 3783 973 3846 κτίσεως
1009 3785 1104 3836 ἐπὶ
1138 3786 1231 3837 τὸν
1282 3785 1574 3855 ἄνθρωπον
1607 3788 1838 3856 ἤνεγκεν

249 3876 285 3928 6
324 3874 458 3937 Θεὸς
506 3873 565 3926 τὸ
616 3874 720 3942 τῆς
770 3875 971 3943 ἀλόγου
1022 3875 1373 3945 κατασκευῆς
1429 3877 1649 3947 ἰδίωμα,
1702 3879 1778 3941 ὡς
1808 3880 1837 3932 6

249 3966 483 4036 Νύσσης
520 3966 705 4035 φησίν*
732 3966 900 4035 εξτῆς
944 3966 1210 4035 δευτέρας
1248 3969 1364 4019 ἐστὶ
1408 3969 1696 4039 κτίσεωςή
1729 3970 1838 4024 τῶν

252 4058 563 4127 σχημάτων
591 4056 825 4126 διαιρορά
880 4058 1025 4111 κατά
1055 4059 1147 4111 τὸν
1201 4060 1457 4130 Σιναῖτην
1496 4060 1639 4115 θεῖον
1678 4062 1838 4116 Ἀνα-

252 4150 487 4205 στάσιον
508 4167 521 4179 ’
554 4152 603 4202 εί
632 4150 771 4202 κατά
810 4151 903 4202 τὸν
934 4151 1151 4220 πρῶτον
1180 4154 1385 4205 ἐκεῖνον
1413 4152 1701 4224 ἄνθρωπον
1738 4158 1838 4226 μιᾷ

253 4244 382 4314 ἰδέᾳ
413 4242 507 4296 καὶ
530 4242 609 4295 ἑνὶ
641 4242 881 4312 σχήματι
910 4243 1112 4306 πάντες
1145 4244 1471 4314 ἐγείρονται,
1499 4245 1575 4309 ὡς
1607 4247 1634 4298 6
1661 4247 1838 4316 μέγας

250 4336 431 4405 φησιν
456 4336 799 4401 ’ΛΘανάσιος,
845 4334 940 4388 ἀτε
977 4335 1078 4404 τῆς
1111 4336 1251 4390 κατά
1295 4336 1354 4388 τὸ
1387 4337 1554 4408 ἄρρεν
1578 4339 1672 4393 καὶ
1706 4339 1837 4410 θῆλυ

248 4426 528 4495 διαφορᾶς
565 4424 792 4494 ὕστερον
842 4425 1299 4498 ὲπιτεχνηθείσης
1366 4427 1487 4497 Θεῷ
1534 4428 1604 4480 δι’
1634 4429 1835 4494 αἰτίαν,

246 4520 385 4588 ἥτις
409 4517 523 4570 ἀνω
548 4516 888 4587 διείληπται·
918 4517 970 4569 τί
998 4519 1102 4587 χρὴ
1139 4521 1235 4570 κοιλ⁵
1256 4518 1441 4586 λέγειν
1468 4521 1561 4573 ἐπὶ
1589 4520 1671 4592 τῷ
1707 4539 1840 4591 προ-

248 4609 503 4677 κειμένῳ
559 4606 877 4676 ζητήματις
910 4608 1099 4662 Ταῦτα
1152 4608 1583 4680 παρακαλοῦμεν
1622 4611 1837 4681 μαθεῖν.

250 4700 410 4766 Είγε
436 4699 530 4751 καὶ
563 4697 764 4767 μᾶλλον
800 4699 828 4750 6
855 4699 1220 4769 Δαμασκηνὸς
1266 4700 1520 4772 Ἰωάννης
1566 4703 1840 4757 ἐναντιοῦ-

249 4791 387 4844 σθαι
426 4791 536 4851 τοῖς
574 4790 891 4858 εἰρημένοις
946 4790 1116 4845 δοκεῖ.
1162 4792 1251 4844 Ἐν
1288 4793 1397 4863 γὰρ
1435 4795 1513 4863 τῷ
1564 4812 1837 4867 τεσσαρα-

248 4883 442 4952 κοστῷ
468 4884 718 4952 τετάρτῳ
762 4882 873 4934 τῶν
914 4884 1276 4953 Δογματικῶν
1329 4887 1496 4940 αὐτοῦ
1525 4891 1837 4958 κεφαλαίων

246 4974 357 5028 καὶ
382 4973 510 5027 τάδε
541 4976 666 5043 περὶ
693 4975 790 5027 τοῦ
822 4973 1044 5043 πρώτου
1073 4976 1363 5044 ἀνθρώπου
1383 4978 1559 5048 λέγων
1584 4980 1833 5050 εὖρηταν

257 5086 281 5118 ε
321 5066 524 5119 Τοῦτον
550 5066 735 5133 μέντοι
762 5066 856 5118 τὸν
888 5066 1178 5134 ἄνθρωπον
1197 5069 1403 5138 άρῤενα
1431 5073 1835 5125 κατεσκεύασεν

246 5158 284 5209 ὁ
320 5158 453 5220 Θεὲνς
483 5157 747 5225 μεταδοὺς
778 5157 927 5224 αὐτῷ
954 5160 1055 5228 τῆς
1086 5159 1280 5213 ἑαυτοῦ
1312 5162 1462 5225 θείας
1489 5165 1729 5235 χάριτος,
1755 5166 1836 5219 ἔτι

246 5254 316 5305 δὲ
337 5253 432 5304 καὶ
458 5251 556 5322 τῆς
578 5253 685 5304 τῶν
720 5252 985 5320 ἐπιγείων
1015 5253 1233 5306 πάντων
1266 5254 1460 5323 ἀρχῆς.
1491 5275 1509 5306 ι
1556 5256 1837 5310 Ἐντεῦθεν

247 5343 355 5397 οὖν
405 5343 787 5397 ἐναντιοῦσθαι
823 5341 1007 5396 δοκεῖ·
1046 5346 1140 5397 τὸν
1199 5346 1305 5416 γὰρ
1352 5347 1570 5417 πρῶτον
1623 5350 1835 5401 ἐκεῖνον

247 5436 551 5500 ἄνθρωπον
602 5436 809 5506 ἀρῥενα
842 5434 995 5507 παρά
1034 5436 1170 5490 Θεοῦ
1207 5439 1725 5507 κατασκευασθῆναι
1757 5443 1835 5494 εἰ-

252 5524 406 5590 πὼν,
434 5526 672 5598 ἀπορίαν
700 5528 760 5580 οὐ
787 5529 886 5597 τὴν
914 5529 1185 5599 τυχοῦσαν
1207 5530 1404 5599 ἐνῆκεν
1438 5533 1589 5601 ἡμῖν.
1620 5532 1681 5585 Ei
1708 5534 1835 5604 γὰρ,

248 5620 334 5683 ὡς
366 5621 395 5673 6
427 5620 602 5690 μέγας
655 5622 823 5692 φησὶν
857 5622 1202 5690 Ἀθανάσιος,
1237 5625 1294 5675 ἐν
1338 5627 1405 5696 τῇ
1444 5626 1841 5696 παλιγγενεσία

247 5712 471 5776 ⁴πάντες
520 5708 603 5776 εἷς
654 5714 1100 5784 ἀναστησόμεθα,
1155 5713 1302 5768 τοῦτ’
1350 5716 1499 5770 ἔστιν
1536 5719 1716 5788 ὁμοῖοι
1761 5719 1839 5787 τῷ

250 5805 469 5880 πρώτῳ
514 5807 788 5879 ἀνθρώπῳ
829 5809 968 5864 κατά
1020 5809 1207 5882 σχῆμα
1247 5812 1342 5866 καὶ
1392 5810 1624 5866 πλάσιν·
1660 5812 1839 5885 ἄρρην

1944 3507 2098 3561 sime.
2140 3508 2196 3561 Si
2223 3523 2353 3562 vero
2390 3510 2507 3563 hzec
2554 3510 2626 3562 ita
2674 3509 2897 3569 habent.
2932 3517 3157 3578 propter
3201 3508 3526 3562 inobcdien-

1947 3602 2073 3656 tiam
2126 3612 2181 3656 et
2209 3605 2616 3673 corruptionem
2650 3618 2770 3672 qua:
2816 3618 2880 3657 ex
2934 3612 3113 3657 morte
3166 3610 3271 3667 est,
3320 3602 3525 3669 nuptiae

1944 3694 2275 3763 principium
2307 3695 2573 3758 habuere,
2618 3705 2677 3750 ut
2704 3694 3131 3766 Chrysostomus
3170 3695 3271 3747 ait.
3315 3694 3370 3746 Si
3404 3703 3527 3763 post

1944 3785 2337 3839 sublimitatem
2371 3786 2695 3847 creationis,
2725 3786 2778 3839 in
2817 3787 3095 3840 hominem
3132 3784 3346 3838 induxit
3381 3784 3525 3837 Deus

1944 3873 2273 3928 irrationalis
2289 3875 2709 3928 constructionis
2732 3875 3143 3944 proprietatem,
3168 3883 3226 3927 ut
3248 3873 3526 3941 Nyssenus

1944 3969 2037 4023 ait.
2056 3965 2115 4021 Si
2147 3976 2234 4021 est
2257 3966 2512 4021 secunda:
2541 3966 2837 4021 creationis
2865 3966 3162 4035 ﬁgurarum
3198 3965 3519 4027 discrimen,

1942 4059 2095 4129 juxta
2130 4058 2394 4113 Sinaitem
2429 4058 2677 4113 divinum
2710 4058 3079 4112 Anastasium.
3121 4056 3177 4109 Si
3217 4056 3521 4111 secundum
3577 4047 3588 4057 ”

1946 4150 2183 4221 primum
2225 4150 2375 4204 illum
2411 4150 2717 4211 hominem,
2754 4166 2861 4204 una
2890 4150 3075 4220 specie
3106 4159 3163 4205 et
3205 4166 3308 4203 una
3353 4148 3525 4220 ﬁgura

1946 4259 2140 4299 omnes
2183 4254 2493 4313 resurgent,
2535 4251 2595 4297 ut
2646 4258 2882 4314 magnus
2936 4244 3111 4312 inquit
3161 4242 3524 4308 Athanasius;

1946 4337 2210 4406 siquidem
2242 4338 2409 4390 maris
2448 4344 2500 4390 et
2531 4334 2743 4390 femina!
2787 4334 3083 4389 discrimen
3116 4334 3521 4403 superfabrica-

1947 4437 2060 4483 tum
2108 4436 2195 4482 est
2240 4428 2517 4497 posterius
2567 4442 2596 4479 a
2659 4426 2789 4490 Deo,
2829 4436 3051 4496 propter
3104 4441 3223 4479 eam
3278 4440 3525 4487 causam,

1945 4536 2110 4591 quam
2148 4535 2311 4590 supra
2358 4519 2666 4583 retulimus,
2715 4519 2843 4588 quid
2892 4527 3104 4585 oportet
3146 4518 3325 4571 adhuc
3376 4517 3522 4585 loqui

1946 4626 2113 4681 super
2149 4610 2429 4680 proposita
2470 4608 2811 4679 qua-stioue?
2858 4608 2983 4662 llaac
3012 4618 3265 4677 optamus
3290 4607 3521 4661 discere.

1950 4700 2005 4754 Si
2041 4712 2098 4757 et
2130 4701 2301 4771 magis
2346 4701 2719 4755 Damascenus
2766 4698 3008 4751 Joannes
3037 4698 3198 4753 dictis
3242 4696 3522 4752 adversari

1870 4774 1917 4831 θ
1944 4794 2186 4849 videtur.
2214 4793 2274 4847 in
2322 4791 2741 4863 quadragesimo
2774 4799 2967 4860 quarto
3012 4790 3158 4845 cnim
3206 4792 3324 4860 ejus
3377 4792 3527 4860 capi-

1947 4898 2063 4944 tum
2089 4887 2517 4959 dogmaticorum
2556 4896 2611 4940 ct
2643 4887 2757 4939 haec
2786 4887 2851 4940 de
2878 4886 3057 4953 primo
3089 4885 3312 4939 homine
3339 4884 3524 4939 dicere

1945 4980 2417 5050 deprehenditur:
2458 4997 2475 5031 ι
2515 4979 2671 5033 llunc
2702 4978 2925 5048 quidem
2975 4978 3253 5032 hominem
3305 4994 3523 5032 mascu-

1944 5075 2056 5128 lum
2089 5072 2395 5127 construxit
2420 5072 2587 5136 Deus,
2626 5086 2748 5125 oum
2798 5086 2908 5125 sua;
2940 5070 3141 5125 divina:
3179 5072 3365 5139 gratiae
3402 5087 3525 5139 par-

1945 5167 2168 5237 ticipem
2190 5166 2432 5230 faciens;
2458 5165 2636 5218 adhuc
2656 5178 2784 5218 vero
2813 5173 2867 5219 et
2899 5164 3239 5219 terrestrium
3274 5164 3520 5217 omnium

1946 5261 2306 5331 principatus.
2335 5278 2353 5312 ι
2377 5258 2506 5312 Inde
2535 5258 2696 5327 igitur
2716 5258 2993 5317 adversari
3018 5258 3255 5313 videtur.
3280 5257 3517 5311 Primum

1946 5354 2093 5408 enim
2141 5352 2289 5406 illum
2343 5352 2619 5407 hominem
2677 5351 2987 5406 masculum
3037 5366 3069 5405 a
3118 5350 3229 5403 Deo
3274 5356 3518 5403 creatum

1944 5445 2114 5499 fuisse
2136 5444 2343 5507 dicens,
2371 5460 2479 5499 non
2506 5444 2909 5515 despiciendam
2933 5441 3339 5511 ambiguitatem
3365 5438 3522 5493 nobis

1945 5537 2149 5590 intulit.
2171 5536 2226 5590 Si
2260 5535 2433 5603 enim,
2459 5548 2518 5591 ut
2549 5552 2774 5606 magnus
2805 5535 3137 5589 Athanasius
3158 5532 3251 5596 ait,
3274 5530 3326 5583 in
3363 5544 3519 5598 rege-

1942 5631 2235 5683 ncratioue
2270 5645 2462 5684 omnes
2489 5646 2626 5685 unus
2654 5642 3025 5699 resurgenius,
3058 5626 3163 5680 hoc
3185 5633 3288 5689 est,
3309 5623 3518 5676 similes

1942 5720 2119 5791 primo
2151 5720 2357 5777 homini
2380 5723 2531 5794 juxta
2554 5722 2773 5791 ﬁguram
2820 5729 2876 5774 et
2909 5714 3518 5782 ﬁctionem;masculus

1944 5830 2121 5872 vcroa
2154 5818 2263 5874 Deo
2294 5819 2595 5888 productus
2626 5816 2837 5883 primus
2864 5812 2974 5881 ille,
2998 5822 3056 5869 ut
3077 5827 3259 5867 rerum
3296 5809 3516 5866 divina-
