3838 6226
429 306 538 370 779

1691 321 2106 385 MICIIAELIS
2142 326 2419 389 GLYC.‘E.
3533 337 3616 406 780

433 436 557 474 rum
591 421 796 491 peritus
831 419 1069 477 Joannes
1107 423 1214 490 ait;
1262 426 1394 495 quid
1420 437 1633 496 oportet
1672 432 1906 496 amplius
1935 432 2005 487 lo-

2110 438 2168 490 δέ
2208 439 2313 492 ὑπὸ
2356 439 2492 492 Θεοῦ
2528 439 2784 511 παρήχθη
2833 443 2859 496 6
2917 442 3125 512 πρῶτος
3179 446 3398 512 ἐκεῖνος,
3437 449 3620 512 ὡςὸτὰ

428 512 556 578 qui?
599 529 666 566 an
719 516 864 567 enim
911 517 1219 572 masculino
1254 518 1443 574 habitu
1475 535 1664 576 omnes
1695 533 2001 594 resurgant,

429 604 512 656 vel
538 605 642 658 alia
672 619 861 660 omnes
888 605 1083 678 ﬁgura,
1123 618 1182 663 ut
1215 610 1354 666 Deus
1381 615 1471 682 qui
1505 629 1605 669 nos
1637 615 1792 669 limit
1822 615 2006 670 novit?

428 693 482 747 Si
515 702 570 749 et
601 696 776 764 magis
807 698 882 752 ibi
910 702 1209 756 masculum
1245 712 1297 758 et
1331 704 1589 758 feminam
1617 721 1724 760 non
1753 722 1876 761 esse
1907 708 2002 770 ait.

2110 529 2229 583 Beia
2262 532 2425 599 σοφὸς
2467 531 2719 602 Ἰωάννης
2761 535 2928 603 φησί·
2964 537 3018 590 τί
3064 539 3172 609 χρὴ
3221 541 3314 593 καὶ
3349 541 3512 609 λέγειν
3548 541 3620 595 ἐπὶ

2109 621 2318 687 τούτοις
2344 639 2360 688 ;
2388 623 2449 676 Ei
2479 626 2587 694 γὰρ
2615 625 2884 696 ἀῤῥενικῷ
2919 630 3161 698 σχήματι
3202 631 3397 694 πάντες
3428 633 3620 703 sum.

2111 729 2315 777 σονται,
2362 714 2395 784 ἢ
2453 715 2594 767 κατὰ
2647 717 2834 784 σχῆμα
2870 718 3068 781 πάντες
3100 718 3306 787 ἕτερον,
3344 720 3415 781 ὡς
3461 717 3621 773 οἰδενὸ

320 3985 331 3995 .
422 3917 568 3969 enim
607 3915 877 3985 principio
915 3914 1224 3982 producens
1264 3913 1414 3966 illum
1454 3911 1619 3977 Deus,
1653 3928 1766 3967 sua
1799 3911 2002 3968 divini-

423 800 488 839 eo
510 789 660 857 quod
680 790 822 844 idem
855 792 928 846 sit
962 794 1189 850 habitus
1221 811 1236 850 :
1264 797 1400 852 alias
1426 797 1468 851 si
1499 798 1685 852 habuit
1705 800 2002 854 secundum

393 882 734 936 .masculum
775 883 1142 939 di'ﬂercntiam
1192 889 1538 956 congenitam
1589 902 1700 942 sua:
1752 888 2006 942 substan-

423 973 513 1027 tia:
546 975 755 1043 primus
788 977 975 1041 homo,
1007 979 1192 1033 videre
1222 989 1342 1034 erat
1385 979 1562 1032 statim
1589 990 1642 1033 et
1673 979 1926 1033 feminam
1955 980 2005 1034 ei

419 1067 772 1144 consistere.
805 1069 1074 1124 Masculus
1104 1070 1248 1124 enim
1289 1081 1506 1141 propter
1541 1071 1816 1146 feminam,
1837 1082 1886 1126 et
1919 1071 2004 1127 fe-

422 1159 568 1214 mina
606 1171 827 1231 propter
871 1163 1197 1227 masculum,
1231 1163 1540 1218 necessario
1585 1163 1712 1218 facti
1766 1172 1914 1228 sunt,
1947 1171 2006 1218 et

421 1254 698 1310 declarant
720 1257 824 1311 hoc
841 1257 1130 1327 omnigena
1151 1271 1348 1327 genera
1377 1257 1759 1311 animantium.
1781 1255 2002 1311 Nullum

422 1346 574 1397 enim
616 1359 805 1400 eorum
839 1360 869 1400 e
904 1355 1046 1400 terra
1076 1347 1299 1402 emersit
1339 1347 1458 1402 sine
1490 1348 1768 1419 conjugio.
1802 1345 2006 1402 Neces-

419 1437 596 1490 sarius
635 1437 782 1490 enim
817 1445 934 1492 erat
967 1439 1292 1494 concubitus
1341 1439 1460 1509 eius
1504 1440 1570 1495 ad
1611 1443 1828 1511 generis
1873 1453 2001 1493 suc-

420 1528 770 1592 cessionem;
811 1530 940 1598 quia
979 1531 1158 1585 noluit
1203 1541 1263 1585 ut
1295 1533 1518 1602 angelos
1553 1543 1608 1588 et
1658 1534 1772 1588 haec
1825 1531 2008 1587 multi-

419 1621 632 1692 plicari.
670 1621 780 1677 Sed
816 1623 935 1678 haec
963 1624 1184 1694 quidem
1215 1624 1522 1679 sublimiori
1575 1633 1764 1680 carent
1796 1631 1997 1688 mente,

2110 1623 2205 1692 τῆς
2233 1624 2370 1694 πρός
2392 1641 2451 1676 τε
2484 1623 2584 1694 τὴν
2624 1623 2719 1676 τοῦ
2750 1623 2943 1690 γένους
2982 1621 3233 1690 διαδοχήν
3259 1636 3276 1654 ο
3313 1621 3397 1674 ὅτι
3430 1621 3498 1689 μὴ
3525 1621 3633 1672 κατὰ

421 1723 482 1767 ut
511 1713 748 1769 invicem
780 1715 1091 1769 confirmari
1143 1716 1391 1786 possint;
1445 1730 1546 1769 nos
1578 1730 1708 1770 vero
1744 1730 1852 1769 non
1885 1721 2004 1768 tan-

2110 1700 2232 1782 τοὺς
2291 1717 2561 1784 ἀγγέλους
2619 1715 2851 1785 ἠθέλησε
2906 1716 3001 1768 καὶ
3049 1713 3220 1767 ταῦτα
3285 1712 3634 1781 πληθύνεσθαι.

421 1813 534 1858 tum
566 1803 780 1859 consilii
833 1805 1024 1873 inopes
1067 1773 1314 1874 quidem,
1353 1805 1446 1858 sed
1478 1816 1532 1860 et
1561 1806 1614 1859 in
1646 1806 1847 1874 quibus
1884 1805 2002 1875 ipsc

2119 1773 2283 1860 Ἀλλὰ
2308 1773 2482 1860 ταύτα
2514 1773 2611 1874 μὲν
2641 1773 2981 1874 ύψηλοτέρου
3005 1803 3178 1856 δεῖται
3207 1802 3354 1866 νοὸς,
3381 1773 3514 1853 εἴητε
3531 1801 3636 1869 πρὶς

421 1905 613 1950 contra
669 1910 728 1949 se
775 1895 1001 1950 veniens
1068 1895 1171 1950 sibi
1233 1897 1339 1966 ipsi
1413 1896 1762 1951 contrariaus
1841 1895 2004 1950 homo

2110 1899 2311 1969 ἄλληλα
2348 1897 2780 1968 συμδιὸάζὲσθαι
2804 1912 2818 1926 ⁶
2852 1896 3014 1966 ἡμεῖς
3045 1894 3103 1946 δὲ
3133 1893 3194 1946 ού
3232 1895 3397 1960 μόνον
3433 1893 3516 1943 ἐπὶ
3538 1891 3636 1941 τούσ-

423 1996 670 2057 apparet.
705 1987 959 2042 Ostendit
998 1987 1140 2042 cnim
1173 1988 1226 2042 in
1258 1997 1599 2042 antecessum
1633 1989 1866 2056 primum
1903 1989 2003 2042 ho-

2110 2009 2224 2053 τοις
2266 1990 2676 2062 ἀμηχανοῦντες
2737 1989 2860 2058 μὲν,
2921 1987 3056 2040 ἀλλὰ
3097 1988 3192 2040 καὶ
3237 1987 3327 2051 ἐφ’
3383 1980 3461 2047 οἷς
3503 1984 3631 2044 αὑτὸς

423 2081 632 2134 minem
683 2093 712 2132 a
745 2079 854 2134 Deo
884 2079 1054 2134 fuisse
1105 2080 1430 2150 productum
1457 2081 1782 2144 masculum,
1821 2081 2002 2135 divina

2110 2086 2286 2155 ἑαυτῷ
2318 2081 2678 2154 παρακατιὼν
2711 2084 2738 2134 ὁ
2771 2081 3059 2148 ἄνθρωπος
3096 2076 3507 2146 ἐναντιούμενος
3537 2076 3633 2140 gai-

420 2173 591 2243 gTat'la
628 2173 911 2244 dignatum
969 2173 1175 2237 fuisse,
1240 2181 1586 2227 terrenoruin
1639 2172 2001 2241 principatum

2110 2193 2253 2229 νεται
2282 2190 2297 2204 ⁸
2319 2173 2524 2242 ἔφθασε
2553 2171 2652 2240 μὲν
2683 2171 2792 2240 γὰρ
2817 2169 2911 2221 τὸν
2937 2168 3152 2238 πρῶτον
3187 2165 3476 2234 ἄνθρωπον
3500 2165 3638 2213 εἰπεῖν

420 2279 542 2318 esse
575 2273 952 2327 consecutum,
988 2273 1113 2334 post
1146 2278 1208 2318 ea
1246 2279 1375 2318 vero
1413 2273 1470 2318 et
1505 2264 1618 2316 haec
1660 2263 1726 2317 ad
1771 2263 2001 2318 verbum

2110 2268 2210 2320 ὑπὸ
2250 2265 2386 2318 Θεοῦ
2422 2261 2772 2334 παραχθῆναι
2819 2261 3026 2330 ἄρρενα
3073 2257 3222 2320 Θείας
3259 2259 3483 2327 χάριτος
3511 2254 3640 2318 ἀξιω-

420 2356 609 2412 snbdit
638 2374 652 2409 :
685 2374 704 2408 ι
743 2354 950 2411 Videns
982 2369 1113 2409 vero
1142 2369 1424 2425 praesagus
1457 2355 1599 2408 Deus
1629 2362 2005 2425 transgressu-

2110 2358 2265 2426 θῆναι
2302 2357 2397 2410 καὶ
2423 2355 2523 2412 τὴν
2551 2353 2662 2407 τῶν
2694 2352 2957 2419 ἐπιγείων
3004 2350 3180 2419 ἀρχὴν
3220 2347 3637 2419 ἐγχειρισθῆναι·

419 2461 540 2498 rum
595 2459 718 2500 esse
773 2454 829 2498 et
880 2443 1218 2513 corruptioni
1281 2443 1711 2512 subjiciendum,
1740 2445 2002 2510 produxit

2110 2451 2248 2521 μετὰ
2281 2448 2336 2500 δὲ
2363 2447 2652 2505 ταῦτακαὶ
2681 2445 2806 2499 τάδε
2840 2443 2981 2496 κατὰ
3011 2439 3157 2505 λέξιν
3182 2441 3466 2514 ἐπήγαγεν
3484 2457 3497 2471 ο
3529 2461 3545 2492 ι
3572 2444 3641 2492 Εἰ-

420 2538 680 2592 fezninam
707 2554 768 2590 cx
801 2539 943 2606 ipso,
963 2535 1296 2607 adjutorium
1327 2535 1429 2604 ipsi
1463 2535 1765 2589 secundum
1798 2535 2000 2604 ipsum,

2110 2543 2210 2605 δὼς
2242 2541 2299 2595 δὲ
2327 2539 2356 2591 ὁ
2396 2538 2757 2609 προγνώστης
2798 2536 2932 2599 Θεὸς
2967 2536 3049 2592 ὅτι
3088 2535 3145 2590 ὲν
3177 2537 3493 2607 παραϐάσει
3519 2535 3644 2601 γενήε-

421 2631 488 2684 ad
514 2631 730 2699 generis
752 2644 817 2684 cx
847 2630 1201 2683 successione
1231 2629 1701 2683 constitutionem.
1732 2627 2000 2698 Propter-

2110 2653 2281 2701 σεται,
2316 2635 2412 2686 καὶ
2439 2633 2520 2686 ὅτι
2547 2630 2727 2701 φθορᾷ
2765 2629 3143 2695 ὑποπεσεϊται,
3175 2631 3420 2699 παράγει
3453 2628 3508 2679 τὸ
3537 2624 3641 2692 θῆλυ

419 2740 481 2777 ca
520 2738 652 2779 uero
687 2738 794 2777 non
829 2737 1019 2794 parum
1054 2721 1463 2784 dubitavimus;
1504 2731 1728 2791 apparet
1759 2721 1927 2785 enim,
1957 2721 2000 2775 si

2110 2731 2166 2795 ἐξ
2200 2727 2367 2783 αὐτοῦ
2402 2725 2594 2797 βοηθὸν
2625 2721 2778 2792 αὐτῷ
2806 2719 2930 2775 κατ’
2961 2723 3126 2776 αὑτὸν
3182 2721 3323 2790 πρός
3368 2735 3436 2788 γε
3478 2718 3563 2786 τὴν
3597 2717 3644 2766 ἐκ

419 2817 657 2872 minime-
683 2815 1026 2885 corruptioni
1054 2815 1431 2885 subjiciendus
1467 2814 1555 2869 ille
1586 2813 1801 2878 fuisset,
1843 2812 2002 2867 femi-

2110 2823 2360 2891 διαδοχῆς
2383 2819 2479 2872 τοῦ
2512 2817 2705 2885 γένους
2731 2814 2992 2868 σύστασιν
3021 2831 3036 2845 ·
3075 2813 3156 2866 διὸ
3187 2812 3244 2866 δὲ
3287 2811 3383 2864 καὶ
3413 2809 3472 2863 οὐ
3507 2807 3642 2877 μικρὰ

417 2927 642 2971 ωηο-ει
669 2926 736 2965 eo
780 2925 890 2964 non
937 2909 1332 2979 producturum
1375 2907 1579 2973 fuisse;
1629 2907 1674 2963 si
1727 2921 1852 2962 vero
1882 2921 2003 2960 eam

2110 2914 2487 2984 Ιγπορήκαμεν.
2515 2906 2772 2960 Φαίνεται
2804 2907 2914 2975 γὰρ
2939 2903 3039 2969 ὡς,
3070 2905 3186 2972 είγε
3224 2906 3302 2972 μὴ
3337 2900 3514 2971 φθορᾷ
3540 2899 3645 2951 ὑπο-

420 3017 536 3056 non
562 3001 932 3073 produxisset,
968 3001 1250 3070 quomodo
1295 2999 1578 3054 hominum
1623 2997 2004 3066 multiplicatio

2110 3003 2290 3054 πεσεῖν
2317 2999 2522 3061 ἐκεῖνος
2550 2995 2798 3064 ἔμελλεν,
2838 2994 2939 3047 οὐκ
2987 2992 3054 3047 ἂν
3102 2993 3161 3059 ἐξ
3216 2990 3388 3044 αὑτοῦ
3441 2989 3500 3042 τὸ
3537 2987 3643 3054 θῆλυ

419 3097 562 3150 facta
596 3094 822 3148 fuisset?
853 3113 870 3145 ι
909 3092 1015 3148 Sed
1046 3092 1201 3162 juxta
1233 3091 1455 3163 angelos
1476 3090 1596 3144 sine
1643 3088 1922 3158 coniugio,
1945 3096 2004 3141 ut

2110 3094 2459 3164 παρήγαγεν.
2519 3089 2582 3142 Ei
2616 3087 2673 3142 δὶ
2720 3089 2795 3158 μὴ
2833 3085 2992 3140 τοῦτο
3052 3086 3406 3155 παρήγαγεν,
3451 3081 3556 3143 πῶς
3595 3077 3646 3130 ἂν

419 3185 698 3255 Nyssenus
729 3185 840 3248 ait;
873 3191 928 3237 et
960 3183 1119 3250 cujus
1148 3179 1319 3250 gratia
1343 3179 1511 3232 maris
1545 3175 1734 3231 habitu
1761 3175 2002 3245 produc-

2110 3183 2351 3251 ἐγεγόνει
2382 3180 2490 3233 τῶν
2513 3179 2816 3249 ἀνθρώπων
2838 3180 2866 3232 6
2893 3177 3247 3247 πληθυσμός;
3280 3194 3302 3227 ι
3348 3172 3510 3228 Ἀλλὰ
3534 3170 3646 3224 κατὰ

419 3283 534 3327 tum
569 3273 736 3327 luisse
760 3271 828 3327 ab
865 3271 1022 3325 initio
1053 3270 1222 3324 Adam
1258 3267 1352 3334 ait,
1387 3267 1504 3321 haec
1530 3266 1740 3320 discere
1772 3275 1999 3334 empta-

2110 3276 2234 3334 τοὺς
2262 3272 2528 3340 ἀγγέλους
2556 3271 2953 3334 ἀσυνδιάστως,
2982 3270 3058 3332 ὡς
3083 3271 3112 3322 6
3139 3269 3365 3337 Νύσσης
3395 3267 3542 3336 φησί.
3563 3264 3648 3317 Καὶ

418 3381 564 3418 nius.
602 3364 823 3418 Divinus
860 3361 1006 3416 enim
1055 3361 1182 3414 inde
1232 3358 1468 3413 laudatis
1510 3356 1767 3410 Patribus
1809 3363 1866 3411 et
1894 3355 1998 3410 sibi

2110 3369 2248 3429 τίνος
2277 3367 2464 3419 ἕνεκεν
2492 3365 2550 3416 ὲν
2572 3364 2653 3434 τῷ
2678 3364 2774 3418 τοῦ
2804 3365 3033 3433 ἄρρενος
3061 3363 3302 3432 σχήματι
3331 3352 3649 3428 παραχθῆναί

419 3455 525 3523 'rpsi
562 3454 732 3523 magis
761 3451 1040 3507 adversari
1071 3451 1524 3520 deprehenditur.
1561 3449 1674 3502 Nisi
1725 3449 1867 3502 forte
1904 3464 1999 3504 v0-

2110 3474 2239 3528 ιρησι
2281 3457 2402 3509 κατ’
2438 3453 2614 3523 ἀρχὰς
2655 3454 2748 3506 τὸν
2795 3452 2990 3520 Ἀδὰμ,
3038 3451 3212 3503 ταῦτα
3249 3445 3651 3518 παρακαλοῦμεν

420 3560 539 3599 cem
570 3544 878 3600 masculum
909 3543 994 3598 hic
1018 3543 1321 3598 secundum
1347 3543 1510 3596 aliam
1544 3539 1998 3608 signiﬁcationem

2110 3548 2322 3617 μαθεῖν.
2361 3546 2420 3599 '0
2453 3547 2561 3615 γὰρ
2594 3545 2736 3607 θεῖος
2783 3537 3033 3597 ἐντεῦθεν
3072 3543 3185 3602 τοῖς
3230 3557 3292 3592 τε
3333 3535 3645 3604 διαληφθεῦι

420 3637 594 3706 accipi
629 3637 816 3691 abillo
846 3637 1112 3702 dicimus;
1162 3637 1276 3691 haec
1322 3636 1469 3690 enim
1515 3635 1686 3689 dictio
1733 3634 2004 3704 signiﬁcat

2110 3627 2354 3709 Πατράσι
2392 3637 2487 3692 καὶ
2515 3636 2693 3706 ἑαυτῷ
2726 3635 2927 3705 μᾶλλον
2956 3630 3371 3696 ἐναντιούμενος
3405 3627 3646 3695 φαίνεταιο

422 3731 720 3801 aliquando
751 3739 806 3786 ct
827 3739 1137 3790 actuosum.
1165 3739 1218 3782 et
1256 3731 1478 3797 fortem,
1511 3739 1567 3784 et
1599 3730 1922 3798 perlectum.
1943 3734 2004 3781 ut

2110 3731 2156 3784 εί
2193 3729 2266 3800 μή
2306 3744 2410 3780 που
2450 3726 2550 3797 τὴν
2587 3726 2791 3797 ἄρρενα
2847 3721 2996 3786 λέξιν
3047 3719 3282 3774 ἐνταῦθα
3328 3718 3455 3770 καθ’
3485 3714 3649 3780 ἑτέραν

2111 806 2322 868 πλάσας
2347 807 2493 876 ἡμᾶς
2528 805 2661 868 Θεός
2683 824 2697 839 ·
2738 809 2792 860 εί
2819 825 2881 876 γε
2917 811 3010 862 καὶ
3059 811 3258 879 μᾶλλον
3292 811 3452 880 ἄρσεν
3478 813 3620 865 ἐκεῖσε

2110 899 2206 952 καὶ
2239 899 2373 968 θῆλυ
2406 899 2480 970 μὴ
2511 895 2651 954 εἷναί
2683 917 2814 969 φησι
2840 901 2929 954 διὰ
2953 901 3015 954 τὸ
3035 905 3231 956 ταυτὸν
3265 904 3374 974 ἄρα
3405 903 3489 955 τοῦ
3517 904 3622 971 σχή-

2113 1009 2284 1062 ματος
2307 1007 2324 1024 ⁶
2365 991 2540 1055 ἄλλως
2567 1009 2628 1045 τε
2661 993 2709 1046 εί
2737 993 2839 1064 τὴν
2881 993 3023 1044 κατὰ
3055 993 3116 1045 τὸ
3153 995 3320 1063 ἄρρεν
3346 989 3452 1062 εῖχε
3478 994 3625 1062 διαιρο-

2113 1081 2214 1151 ρὰν
2255 1083 2482 1153 συμφυῆ
2509 1085 2574 1154 τῇ
2607 1082 2840 1152 ὑπάρξει
2875 1083 3041 1137 αὐτοῦ
3065 1086 3094 1137 ὁ
3125 1084 3338 1152 πρῶτος
3362 1083 3624 1152 ἄνθρωπος

2106 1169 2174 1244 ἦν
2206 1174 2334 1227 ίδεῖν
2385 1174 2583 1228 αὐτίκα
2631 1173 2726 1226 καὶ
2755 1175 2817 1226 τὸ
2850 1173 2984 1242 θῆλυ
3024 1175 3373 1244 συνυπάρχον
3399 1172 3558 1241 αὐτῷ·
3584 1174 3629 1224 τὸ

2107 1264 2214 1336 γὰρ
2245 1266 2413 1332 ἄρσεν
2439 1265 2526 1318 διὰ
2557 1265 2618 1318 τδ
2648 1265 2780 1333 θῆλυ
2800 1307 2812 1328 ,
2837 1266 2933 1316 καὶ
2960 1264 3021 1317 τὸ
3061 1263 3194 1332 θῆλυ
3223 1265 3312 1316 διὰ
3345 1263 3403 1316 τὶ)
3424 1264 3568 1333 ἄρσεν
3585 1263 3631 1326 ἐξ

2107 1356 2354 1424 ἀνάγκης
2390 1355 2628 1420 ἐγένετο,
2661 1353 2753 1404 καὶ
2796 1353 3015 1420 δηλοῦσι
3055 1353 3214 1405 τοῦτο
3250 1351 3320 1403 τὰ
3357 1350 3634 1403 παντοδαπὰ

2106 1443 2236 1510 γένη
2263 1442 2370 1495 τῶν
2403 1439 2579 1503 ζώων.
2601 1439 2767 1492 Οὐδὲν
2787 1440 2895 1507 γὰρ
2922 1439 2985 1503 ἐξ
3008 1439 3191 1492 αὐτῶν
3213 1437 3323 1490 ἀπὸ
3352 1437 3450 1504 γῆς
3475 1436 3630 1499 ἐξῆλθε

2108 1531 2378 1599 συζυγίας
2409 1531 2580 1601 χωρίς
2603 1547 2621 1563 ο
2670 1531 2944 1597 ἀναγκαία
2974 1529 3080 1598 γὰρ
3125 1523 3196 1598 ἦν
3225 1530 3259 1598 ἡ
3299 1528 3537 1580 συνουσία
3559 1529 3634 1577 αὖ.

2107 3822 2352 3890 είπωμεν
2407 3819 2679 3890 σημασίαν
2729 3815 3068 3870 ὲκλαὸέσθαι
3111 3813 3202 3866 τὸν
3259 3811 3455 3877 ἅγιονο
3493 3809 3528 3876 ἡ
3562 3808 3649 3870 γάρ

2106 3911 2251 3978 λέξις
2284 3911 2424 3975 α’ύτη
2454 3909 2714 3980 σημαίνει
2743 3907 2876 3961 ποτὲ
2919 3907 3010 3958 καὶ
3059 3904 3120 3956 τὸ
3162 3903 3470 3973 πρακτικὸν
3499 3897 3583 3950 καὶ
3602 3894 3649 3944 τὸ

423 4008 550 4062 tatis
581 4007 757 4076 ipsum
788 4005 1110 4075 participem
1142 4003 1345 4069 elTecit,
1391 4013 1446 4060 et
1481 4014 1824 4060 terrenorum
1881 4020 2003 4061 om-

2110 4005 2352 4075 ῐσιχυρδν,
2387 4004 2481 4056 καὶ
2512 4002 2572 4056 τὸ
2598 4000 2829 4064 τέλειον,
2860 4001 2936 4061 ὼς
2964 3999 2998 4066 ἡ
3018 3992 3348 4064 ὲτυμολογία
3366 3992 3468 4060 τῆς
3494 3980 3651 4041 τοιαύ-

423 4101 575 4154 nium
612 4100 978 4170 principatum
1009 4095 1180 4152 dedit.
1387 4109 1390 4114 '
1843 4103 1851 4110 ‘
2107 4114 2206 4165 της
2243 4095 2542 4164 παρίστησι
2594 4092 2831 4158 λέξεωςο
2893 4088 3132 4142 τοιοῦτον
3185 4089 3296 4158 γὰρ
3356 4085 3454 4138 ἀπ’
3505 4079 3650 4149 ἀρχῆς

422 4195 770 4269 παραγαγὼν
802 4196 965 4250 αὑτὸν
997 4199 1024 4250 6
1087 4195 1220 4260 Θεὸς
1245 4195 1344 4261 τῆς
1406 4196 1600 4251 ἑαυτοῦ
1643 4197 1897 4266 θεότητος
1927 4193 2078 4264 αύτῷ
2115 4193 2420 4264 μετέδωκεν
2473 4189 2570 4244 καὶ
2624 4189 2725 4258 τὴν
2760 4188 2869 4240 τῶν
2921 4183 3182 4252 ἐπιγείων
3235 4183 3457 4236 πάντων
3506 4177 3651 4251 ἀρχὴν

422 4290 750 4362 ἐνεχείρισε.

492 4385 730 4441 Attende
768 4386 952 4457 igitur.
989 4387 1044 4440 Si
1073 4385 1217 4441 enim
1257 4394 1312 4441 et
1351 4385 1603 4440 animalis
1633 4386 1748 4440 lucc
1773 4400 2000 4455 genera-

2186 4379 2430 4450 Πρόσεχε
2457 4371 2574 4430 οὖν.
2613 4373 2674 4427 El
2713 4372 2820 4443 γὰρ
2861 4373 2956 4425 καὶ
2991 4367 3213 4438 ζιυώδης
3245 4368 3377 4436 ἡμῖν
3404 4369 3439 4435 ἡ
3464 4365 3649 4435 γένεσις

421 4478 497 4533 ιίο
525 4479 722 4542 hodie;
753 4489 1034 4550 peccatum
1081 4493 1201 4532 eam
1247 4478 1583 4533 conciliavit.
1637 4478 1704 4533 Et
1744 4492 1816 4530 ne
1845 4489 2005 4547 grave

2112 4473 2373 4542 σήμερον,
2407 4469 2522 4522 ἀλλ’
2555 4470 2588 4537 ἠ
2622 4466 2872 4537 ἁμαρτία
2909 4461 3111 4530 ταύτης
3142 4458 3403 4530 πρόξενος
3435 4458 3650 4525 γέγονεν.

419 4571 474 4625 id
501 4573 610 4627 tuis
631 4572 859 4626 auribus
881 4571 1151 4633 videatur,
1187 4569 1333 4624 hunc
1357 4572 1664 4624 sermonem
1721 4567 2004 4639 paululum

2111 4565 2221 4619 Καὶ
2253 4565 2305 4616 εἴ
2339 4579 2402 4631 γε
2441 4562 2516 4631 μὴ
2555 4558 2831 4630 βαρυνθῇς
2863 4555 2959 4619 τὰς
2979 4554 3167 4616 ἀκοὰς,
3217 4551 3412 4621 μικρὸν
3462 4551 3654 4600 ἐπανα-

420 4675 612 4714 rursus
649 4676 950 4716 assumam.
996 4659 1178 4714 Finxit
1223 4662 1369 4714 enim
1407 4661 1684 4715 hominem
1735 4660 1898 4723 Deus,
1949 4659 2003 4712 in

2111 4657 2352 4725 λήψομαι
2384 4652 2575 4706 τοῦτον
2622 4651 2803 4717 λόγον.
2834 4647 3078 4701 Ἔπλασε
3121 4645 3230 4713 γὰρ
3274 4642 3367 4694 τὸν
3397 4639 3654 4708 ἄνθρωπον

424 4753 675 4819 paradiso
705 4769 831 4808 eum
865 4753 1174 4818 collucavit,
1213 4761 1268 4808 et
1299 4768 1476 4822 neque
1507 4753 1826 4821 nuptiarum
1861 4750 2002 4820 apud

2110 4750 2139 4802 ὁ
2175 4749 2329 4811 θεὸς,
2363 4749 2421 4800 ὲν
2457 4743 2774 4816 παραδείσῳ
2807 4740 2969 4794 αὐτὸν
3017 4736 3191 4800 ἔθετο,
3221 4734 3319 4787 καὶ
3348 4732 3472 4822 οὔτε
3497 4729 3651 4822 γάμον

425 4818 551 4895 eum
585 4843 724 4895 ratio
749 4853 887 4904 erat.
921 4860 1099 4914 nequo
1125 4818 1401 4913 adjutorio
1423 4818 1640 4897 feminae
1665 4857 1804 4912 opus
1833 4818 2005 4897 habe-

2112 4837 2242 4906 παρ’
2271 4836 2434 4889 αὐτὸν
2477 4834 2633 4902 λόγος
2666 4827 2756 4902 ἦν,
2791 4829 2914 4884 οὔτε
2951 4825 3147 4897 βοηθοῦ
3179 4823 3272 4876 τοῦ
3299 4821 3488 4914 θήλεος
3510 4818 3650 4914 έχρῃῖ

427 4932 541 4985 bat.
579 4931 634 4984 Si
674 4934 820 4986 enim
844 4943 898 4986 et
921 4903 1161 4988 formans
1189 4903 1366 5005 ipsum
1418 4933 1562 4988 Deus
1587 4903 1806 4988 videbat
1837 4949 2005 5003 genus

2112 4903 2225 4995 ξεν.
2259 4930 2321 4981 Εἰ
2376 4927 2484 4998 γὰρ
2530 4923 2625 4978 καὶ
2661 4922 2909 4976 πλάττων
2968 4918 3131 4972 αὐτὸν
3179 4917 3208 4968 6
3251 4915 3380 4975 Θεὸς
3429 4903 3655 5005 eaea-rt

2113 5023 2270 5090 γένος
2301 5020 2362 5072 τὸ
2411 5016 2756 5086 ἀνθρώπινον
2804 5013 2971 5065 πόσον
3026 5008 3092 5062 ἂν
3147 5009 3236 5075 εῑη
3269 5005 3390 5058 κατ’
3427 4999 3653 5090 ἀριθμὸν,
3742 5033 3744 5035 ›

2111 5087 2250 5176 ἀλλὰ
2281 5112 2375 5164 καὶ
2411 5110 2534 5164 κατ’
2565 5109 2772 5160 ἐκεῖνον
2804 5105 2896 5157 τδν
2947 5100 3186 5171 πρῶτον,
3224 5097 3278 5148 εἴ
3305 5113 3368 5165 γε
3419 5096 3492 5164 μὴ
3524 5087 3654 5155 ὤφθη

2114 5220 2186 5256 πα
2198 5202 2418 5272 ρήκοος,
2445 5198 2818 5257 ἁσυνδιὰστως
2847 5195 3082 5254 ἅπαντες
3109 5187 3465 5258 παρήχθησαν
3492 5182 3551 5235 ἄν
3574 5194 3586 5206 ’
3618 5176 3654 5272 εξ

2111 5268 2220 5362 γὰρ
2254 5268 2349 5348 τεαὶ
2401 5290 2462 5344 τὸ
2513 5289 2704 5358 μέλλον
2749 5287 2850 5340 οὐκ
2899 5281 2968 5354 ἦν
3026 5283 3238 5350 ἀγνοῶν
3272 5283 3301 5332 6
3349 5278 3494 5339 Θεὸς,
3541 5268 3654 5366 diu)?

2113 5383 2286 5449 δεῖξαί
2319 5399 2378 5435 τε
2409 5383 2484 5444 ὡς
2517 5380 2711 5451 ἢθελεν
2762 5377 2948 5431 ὁποῖον
2981 5369 3124 5426 εἶναι
3169 5371 3433 5441 πρότερον
3475 5363 3562 5416 ἐπὶ
3590 5363 3656 5424 τῷ

2113 5477 2383 5549 ἀνθρώπῳ
2413 5474 2636 5528 σκοπόν.
2673 5474 2772 5525 Διὰ
2819 5470 2929 5538 γὰρ
2981 5465 3140 5520 τοῦτο
3183 5465 3278 5518 καὶ
3323 5462 3475 5532 μόνον
3517 5451 3653 5509 αὑτὸν

2115 5573 2429 5642 παρήγαγε,
2485 5570 2580 5621 καὶ
2635 5566 2918 5634 ἀφθαρσίᾳ
2964 5561 3250 5629 τετίμηκε.
3307 5556 3440 5611 Κατ’
3469 5554 3654 5642 ἐκεῖνον

2119 5667 2218 5736 μὲν
2249 5661 2344 5719 οὖν
2398 5664 2490 5717 τὸν
2547 5659 2784 5731 πρῶτον,
2841 5657 2999 5723 εῐπερ
3060 5651 3353 5704 ὑπακούων
3390 5649 3580 5716 ἔμεινε,
3604 5636 3655 5687 τὸ

2113 5759 2271 5825 γένος
2311 5757 2458 5810 ὄιπαν
2496 5751 2845 5819 παραχθῆναι
2873 5749 2932 5800 τὸ
2961 5743 3304 5812 ἀνθρώπινον
3332 5739 3562 5808 ἔμελλεν.
3601 5727 3654 5780 Ἡ

421 3824 744 3897 etymologia
803 3821 1118 3893 huiusmodi
1189 3821 1449 3876 dictionis
1503 3822 1748 3876 exhibet.
1817 3819 2000 3874 Talem

427 5026 730 5078 humanum
757 5033 1021 5092 quantum
1045 5026 1266 5094 quidem
1293 5041 1525 5080 numero
1554 5026 1797 5078 futurum
1821 5035 2002 5090 esset;

425 5116 522 5172 sed
549 5125 730 5170 tamen
767 5115 1074 5170 secundum
1108 5118 1258 5171 illuni
1280 5118 1540 5185 primum,
1562 5117 1660 5171 nisi
1686 5117 2008 5171 inobediens

423 5209 810 5279 deprehensus
859 5207 1076 5272 fuisset,
1123 5209 1496 5264 indubitanter
1549 5223 1743 5262 omnes
1787 5209 2008 5277 quidem

426 5300 681 5370 producti
713 5299 966 5354 fuissent.
995 5298 1051 5353 Si
1091 5301 1239 5354 enim
1275 5300 1523 5355 futurum
1566 5317 1676 5355 non
1724 5300 2012 5371 ignorabat

428 5393 595 5456 Deus,
627 5392 723 5448 sed
751 5392 992 5447 ostendit
1017 5391 1297 5461 quomodo
1327 5395 1526 5462 voluit;
1559 5395 1774 5465 qualem
1803 5395 2008 5448 indica-

427 5489 510 5543 vit;
567 5488 716 5556 prius
771 5502 937 5557 super
987 5485 1213 5541 homine
1267 5487 1664 5542 intentionem?
1711 5487 2008 5556 Propterea

429 5581 666 5634 enimet
723 5580 900 5634 solum
959 5581 1137 5650 ipsum
1189 5580 1463 5648 produxit,
1504 5588 1561 5633 et
1599 5579 2010 5634 immortalitate

433 5674 740 5730 honoravit.
774 5678 1090 5732 Secundum
1127 5675 1278 5729 illum
1307 5675 1473 5745 igitur
1505 5673 1764 5743 primum,
1805 5674 1848 5726 si
1879 5673 2009 5725 obc-

434 5765 588 5819 dicns
624 5769 1036 5838 permansisset,
1068 5780 1240 5835 genus
1273 5779 1436 5819 omne
1467 5763 1764 5817 humanum
1802 5761 2008 5828 produ-
