3838 6226
189 327 281 389 781

1503 326 1875 389 EPISTOLA
1918 328 2047 389 VII.

3303 332 3414 396 782

191 434 439 509 παρακοὴ
464 432 748 504 τοιγαροῦν
784 433 1162 505 ἀνατραπῆναι
1194 434 1372 489 πάντα
1404 435 1707 504 πεποίηκεν
1727 452 1741 468 °

1858 438 2074 493 nendum
2129 452 2277 507 erat;
2338 444 2703 500 inobedientia
2754 446 2901 499 enim
2960 456 3153 499 cuncta
3218 446 3416 499 inverti

188 531 303 583 τότε
325 528 435 596 γὰρ
459 526 589 595 θῆλυ
622 528 937 597 παρήγαγε,
962 526 1053 579 τὸν
1084 527 1259 597 γάμον
1304 527 1609 597 εἰσήνεγκε,
1644 529 1739 581 καὶ

188 623 281 689 τὴν
308 618 497 687 ζωώδη
553 618 761 684 ταύτην
813 618 1145 688 προύξένησε
1203 618 1437 686 γένεσιν.
1476 619 1567 672 Ἐν
1603 622 1737 691 τιμῇ

186 712 287 780 γὰρ
317 713 346 763 6
376 709 666 779 ἄνθρωπος
698 707 793 773 ὢν,
825 708 901 771 ὡς
932 712 959 761 6
990 709 1133 773 θεῖος
1176 709 1280 780 ἔφη
1325 710 1506 773 Δασὶδ,
1540 710 1631 763 καὶ
1662 711 1739 779 μὴ

188 801 404 865 συνιεὶς,
435 802 542 863 τοῖς
571 799 823 870 ἀνοήτοις
851 799 1041 869 γέγονε
1074 799 1217 853 κατὰ
1242 802 1454 868 γένεσιν
1484 801 1739 871 κτήνεσιν

187 893 360 961 ὁμοῖος
389 908 404 924 ο
444 891 564 945 ὅθεν
602 892 902 962 σχημάτων
926 892 1023 944 καὶ
1056 891 1282 960 ήλικιῶν
1312 892 1564 962 διαφορὰ,
1592 892 1740 944 νόσοι

186 1001 239 1036 τε
272 984 590 1047 πολυειδεῖς,
613 984 783 1054 ἄωροι
818 983 1062 1048 θάνατοι,
1092 984 1187 1036 καὶ
1226 982 1395 1053 μυρία
1424 983 1561 1038 ἄλλα
1590 982 1739 1036 δεινὰ

188 1076 591 1143 συναντήματα.
642 1075 741 1126 Διὰ
777 1074 983 1145 ταύτην
1026 1075 1125 1145 τήν
1174 1073 1363 1143 ζωὼδη
1399 1075 1629 1143 γένεσιν,
1664 1075 1739 1136 ὡς

182 1168 208 1215 6
236 1164 451 1232 Νύσσης
483 1167 635 1234 φησι,
665 1166 759 1219 καὶ
793 1166 987 1233 μέχρις
1012 1166 1221 1219 αἰώνων
1263 1166 1401 1217 ἑπτὰ
1439 1166 1725 1235 παρέτεινε

182 1258 244 1309 τὰ
269 1255 363 1323 τῆς
395 1255 543 1325 ζωῆς
574 1256 732 1326 ἡμῶν
760 1256 789 1307 6
812 1256 967 1321 Θεὸς,
999 1257 1071 1319 ὡς
1097 1260 1165 1327 τῇ
1194 1256 1416 1326 παρόδῳ
1437 1257 1541 1309 τῶν
1574 1273 1739 1323 προο-

184 1346 461 1416 ρισθεισῶν
494 1346 995 1417 συναπαρτισθῆναι
1018 1346 1205 1417 ψυχῶν
1231 1365 1243 1377 ·
1276 1348 1370 1401 καὶ
1400 1349 1519 1400 τότε
1550 1349 1738 1415 στῆναι

182 1437 273 1506 τήν
296 1438 466 1507 ῥοώδη
499 1437 591 1491 τοῦ
618 1440 811 1509 χρόνου
840 1440 1044 1508 ταύτην
1072 1440 1308 1509 κίνησιν,
1350 1440 1741 1509 ’Δμφιὸάλλειν

181 1526 268 1581 οὖν
302 1528 374 1591 ὼς
409 1526 567 1597 οἶμαι
601 1530 700 1582 ούκ
730 1529 974 1599 εὔλογον,
1005 1530 1121 1598 εῐγε
1163 1530 1257 1583 καὶ
1295 1530 1393 1600 μιᾷ
1433 1529 1619 1599 ἡλικίᾳ
1650 1529 1742 1582 καί⁵

184 1621 414 1691 σχήματι
455 1621 539 1673 έν¹ι
570 1621 689 1673 κατ’
722 1624 929 1675 ἐκεῖνον
970 1623 1063 1674 τὸν
1092 1623 1310 1691 πρῶτον
1347 1622 1741 1688 ἀναστήσονται

184 1712 411 1774 ἅπαντες
438 1727 450 1740 ’
487 1715 517 1781 ή
550 1714 656 1783 γὰρ
686 1714 985 1774 ἀνάστασις
1018 1714 1168 1765 οὐδὲν
1199 1712 1331 1766 ἄλλο
1359 1714 1507 1765 ἐστὶν
1546 1711 1583 1783 ἢ
1606 1712 1741 1780 πρὸς

184 1803 240 1855 τὸ
267 1805 491 1872 ἀρχαῖον
520 1804 627 1857 τῶν
654 1806 1020 1858 πεπτωκότων
1044 1806 1507 1868 ἀποκατάστασις.
1533 1803 1743 1857 Οὐκοῦν

185 1894 240 1947 τὺ
282 1896 497 1964 νήπιον,
537 1895 653 1963 εἴγε
685 1895 998 1966 τελευτήσει
1052 1898 1267 1966 νήπιον,
1321 1898 1742 1965 τριακονταέτης

182 1983 565 2053 ἀναστήσεται,
592 1986 686 2038 καὶ
720 1988 747 2039 6
778 1987 1174 2055 έκατονταέτης
1202 1987 1275 2048 ὼς
1303 1987 1463 2049 αὐτὸς
1495 2002 1742 2054 τριακον-

181 2077 372 2145 ταέτης
420 2078 782 2148 ἐγερθήσεται
820 2095 833 2108 ·
891 2081 1033 2133 κατὰ
1088 2079 1184 2149 τὴν
1238 2079 1464 2149 ήλικὶαν
1527 2080 1743 2141 πάντως

180 2172 382 2241 ἐκείνην
413 2172 542 2225 καθ’
564 2172 628 2243 ἢν
666 2174 772 2243 ἄρα
799 2173 892 2226 καὶ
918 2172 1269 2243 παραχθῆναι
1298 2170 1546 2240 ἔμελλον,
1582 2170 1740 2240 εἴπερ

184 2263 467 2319 ὑπακούων
507 2264 722 2333 ἔμεινεν
751 2268 777 2317 6
812 2266 1026 2332 πρῶτος
1054 2264 1361 2337 ἄνθρωπος.
1394 2263 1582 2331 Τούτῳ
1616 2262 1742 2332 μέν·

180 2373 257 2407 τοι
282 2357 356 2425 τῷ
387 2356 534 2427 λόγῳ
566 2356 660 2409 καὶ
708 2356 813 2425 ὅλῳ
865 2356 964 2426 βίῳ
995 2355 1189 2424 ὀδύνην
1220 2355 1344 2406 τινὰ
1398 2354 1538 2423 ἔχων
1586 2353 1742 2421 ὑγιὴς

180 2446 553 2518 εὑρεθήσεται,
584 2448 611 2499 ὅ
646 2464 705 2500 τε
739 2448 947 2517 μακρὸς
979 2449 1077 2501 καὶ
1105 2447 1132 2498 6
1174 2445 1249 2515 μὴ
1279 2442 1518 2505 τοιοῦτος
1556 2443 1743 2513 ἰσομε-

183 2539 276 2608 ρὴς
300 2538 626 2609 ὀφθήσεται.
674 2540 784 2593 Καὶ
830 2539 1082 2600 εἰκότως.
1118 2537 1230 2606 Τῆς
1273 2536 1383 2606 γὰρ
1430 2536 1745 2604 ἀνισότητος

181 2631 373 2701 ταύτης
414 2633 450 2703 ή
509 2631 729 2701 ζωώδης
774 2632 912 2700 αὑτὴ
962 2632 1174 2698 γένεσις
1225 2630 1375 2683 αἰτία
1411 2628 1744 2697 καθέστηκε.

194 2723 348 2778 Ἀλλὰ
375 2722 554 2777 ταῦτα
590 2723 771 2777 πάντα
800 2725 864 2792 τῇ
898 2721 994 2790 τῆς
1024 2720 1374 2782 ἀναστάσεως
1408 2719 1748 2789 θεραπευθῆ-

185 2831 332 2868 σεται
359 2816 572 2886 χάριτι,
611 2812 677 2867 Ἢ
706 2814 815 2883 γὰρ
846 2811 1269 2882 προσδοκωμένη
1299 2811 1458 2881 χάρις
1487 2810 1745 2871 ὲπάνοεός

183 2910 290 2963 ἐστι
319 2909 452 2976 πρὸς
503 2907 741 2977 εκείνην,
786 2905 861 2968 ὡς
890 2904 1127 2975 εἴρηται,
1176 2902 1275 2973 τὴν
1324 2900 1549 2971 πρώτην
1574 2902 1741 2979 ζωήν.

184 3004 241 3055 Εἰ
281 3003 460 3055 τοίνυν
500 3003 598 3072 μιᾷ
636 3000 835 3073 ήλικίᾳι
865 2999 961 3053 καὶ
1002 2998 1100 3068 μιᾷ
1127 2996 1321 3051 πλάσει
1360 2999 1453 3049 καὶ
1502 2997 1744 3065 σχήματι

1856 530 2011 584 fecit.
2055 530 2211 586 Tunc
2247 534 2391 587 enim
2438 532 2692 589 feminam
2726 537 3008 605 produxit,
3059 535 3277 604 nuptias
3334 535 3420 587 in-

1847 623 2015 687 vexit,
2041 632 2095 677 et
2130 625 2272 679 hanc
2305 624 2597 679 animalem
2642 628 3048 694 generationem
3082 626 3416 680 conciliavit.

1847 712 1906 766 ln
1942 713 2151 768 honore
2174 714 2325 768 enim
2358 714 2519 768 homo
2554 729 2679 769 cum
2710 725 2878 779 esset,
2909 728 2963 769 ut
2998 716 3217 769 divinus
3246 715 3413 768 David

1847 805 2085 869 dicebat,
2137 814 2192 859 et
2233 820 2339 859 non
2380 805 2733 876 intelligeret,
2780 806 3167 874 insipientibus
3218 803 3417 865 evasit,

1846 897 2148 951 secundum
2177 897 2608 967 generationem,
2646 897 2906 967 iumentis
2948 898 3236 961 assimilis;
3273 895 3419 950 unde

1848 988 2134 1043 habituum
2174 997 2461 1043 etaztatum
2486 988 2803 1054 discrimen,
2824 988 3109 1056 morbique
3136 988 3288 1050 varii,
3336 988 3419 1040 in-

1846 1082 2183 1150 tempestivae
2206 1091 2432 1143 mortes,
2459 1091 2513 1135 et
2540 1090 2812 1135 sescentae
2834 1081 2954 1133 alia:
2995 1096 3197 1145 asperae
3223 1080 3419 1132 adver-

1846 1171 2056 1226 sitatés.
2096 1171 2325 1241 Propter
2375 1172 2518 1243 hanc
2562 1170 2851 1225 animalem
2898 1170 3329 1241 generationem,
3363 1178 3421 1219 ut

1848 1260 2126 1331 Nissenus
2154 1263 2248 1327 ait,
2282 1272 2337 1316 et
2378 1276 2551 1329 usque
2578 1260 2644 1315 ad
2681 1271 2891 1332 septem
2933 1261 3127 1316 saecula
3179 1258 3425 1313 extendit

1844 1351 2010 1404 vitam
2040 1360 2279 1405 nostram
2316 1351 2480 1416 Deus,
2530 1351 2585 1404 in
2627 1354 2859 1405 transitu
2910 1350 3423 1420 pra-destinatarum

1849 1443 1917 1496 ad
1968 1442 2359 1512 perfectionem
2417 1444 2760 1505 animarum;
2802 1453 2855 1496 et
2901 1453 3030 1496 tunc
3068 1442 3275 1510 positus
3323 1440 3424 1492 fuit

1845 1533 2025 1590 ﬂuxus
2077 1537 2159 1591 sui
2218 1536 2479 1606 temporis
2537 1544 2742 1589 motus.
2802 1534 3091 1603 Ambigere
3130 1532 3312 1601 igitur,
3366 1538 3425 1583 ut

1845 1625 2104 1689 arbitror,
2149 1628 2443 1681 absurdum
2474 1635 2578 1692 est,
2611 1642 2679 1680 an
2705 1641 2809 1679 una
2830 1635 3010 1689 aetate,
3041 1635 3096 1678 et
3124 1638 3230 1676 una
3257 1622 3423 1690 ﬁgura

1848 1717 2153 1771 secundum
2185 1718 2333 1772 illum
2360 1719 2595 1786 primum
2627 1733 2821 1771 omnes
2863 1724 3168 1787 resurgcnt.
3218 1712 3425 1767 Resur-

1847 1808 2015 1862 rectio
2042 1810 2188 1863 enim
2217 1809 2349 1862 nihil
2383 1808 2530 1862 aliud
2549 1818 2652 1874 est,
2696 1825 2873 1878 quam-
2901 1810 2955 1862 in
2990 1808 3275 1873 antiquum
3306 1814 3421 1859 sta-

1850 1910 1961 1952 tum
1986 1915 2174 1953 eorum
2199 1901 2293 1970 qui
2323 1900 2660 1965 ceciderunt,
2679 1900 2972 1953 restitutio.
2999 1900 3116 1952 Non
3150 1900 3314 1964 igitur
3334 1897 3421 1950 iu-

1849 1992 1990 2056 fans,
2009 1992 2055 2046 si
2073 1992 2261 2047 infans
2286 2004 2536 2048 mortuus
2565 1992 2748 2058 fuerit,
2779 1992 2875 2047 sed
2915 1992 3134 2061 triginta
3157 2004 3421 2043 annorum

1848 2092 2098 2153 resurget
2128 2100 2140 2136 :
2176 2093 2232 2137 et
2263 2085 2354 2153 qui
2387 2094 2604 2139 centum
2630 2100 2802 2138 annos
2832 2094 2992 2137 natus
3023 2081 3298 2142 occubuit,
3330 2080 3423 2133 tri-

1854 2175 2004 2244 ginta
2044 2190 2314 2229 annorum
2366 2187 2527 2231 aetate
2560 2178 2675 2244 ipse
2714 2176 3062 2231 excitabitur.
3107 2172 3264 2228 Juxta
3296 2182 3425 2225 teta-

1852 2274 1965 2318 tem
2019 2264 2244 2317 omnino
2288 2264 2456 2330 illam,
2504 2265 2807 2319 secundum
2864 2281 3025 2333 quam
3085 2262 3422 2333 producendi

1852 2362 2031 2420 erant,
2072 2355 2115 2409 si
2143 2355 2348 2424 primus
2384 2356 2549 2409 homo
2580 2356 2842 2409 obediens
2876 2356 3285 2424 permansisset.
3315 2355 3425 2409 Hac

1852 2449 2065 2502 ratione
2103 2457 2157 2502 et
2194 2457 2304 2502 tota
2330 2448 2438 2502 vita
2472 2448 2682 2516 species
2715 2448 2976 2516 quasdam
3030 2447 3235 2499 habens
3275 2446 3423 2499 sani-

1854 2543 1983 2596 tatis
2013 2541 2347 2607 invenietur,
2380 2549 2435 2593 et
2476 2540 2598 2593 talis
2630 2554 2846 2609 semper
2877 2539 3046 2605 aequis
3083 2538 3289 2589 viribus
3318 2552 3426 2589 non

1850 2634 2117 2688 interibit.
2154 2632 2219 2688 Et
2251 2642 2636 2704 congruenter.
2668 2631 3058 2700 lnazqualitatis
3087 2632 3233 2684 enim
3261 2630 3427 2696 hujus

1851 2726 2103 2780 animalis
2138 2725 2253 2778 haac
2282 2724 2558 2795 generatio
2585 2739 2747 2777 causa
2779 2722 2903 2776 fuit.
2950 2722 3054 2775 Sed
3104 2723 3218 2773 hzce
3243 2719 3425 2772 omnia

1850 2818 2025 2887 gratia
2059 2817 2480 2871 resurrectionis
2506 2815 2868 2869 curabuntur.
2897 2812 3084 2866 Gratia
3119 2812 3265 2864 enim
3306 2825 3428 2878 qua:

1851 2917 2202 2977 exspectatur
2232 2922 2516 2978 regressus
2536 2916 2622 2961 est
2664 2906 2727 2959 ad
2761 2905 2907 2958 illam
2928 2944 2941 2969 ,
2976 2913 3037 2957 ut
3082 2904 3290 2957 dictum
3320 2910 3424 2961 est,

1850 2999 2089 3067 priorem
2128 2998 2313 3053 vitam.
2355 2997 2410 3052 Si
2460 2997 2625 3067 igitur
2671 2996 2859 3049 eadem
2897 3002 3085 3058 actate,
3133 3003 3189 3048 et
3236 2992 3423 3046 eadem

186 3094 259 3147 ἑνὶ
283 3094 417 3147 κατὰ
447 3093 543 3147 τὸν
571 3092 667 3145 ἕνα
693 3093 789 3146 καὶ
825 3091 1050 3162 πρῶτον
1093 3088 1379 3158 ἄνθρωπον
1409 3090 1740 3159 ἀναστήσονο

1858 3091 2016 3144 forma
2044 3098 2098 3143 et
2128 3089 2316 3143 habitu
2344 3089 2645 3143 secundum
2679 3101 2849 3141 unum
2892 3094 2948 3139 et
2984 3084 3218 3153 primum
3248 3082 3428 3137 homi-

184 3202 266 3237 ται
298 3184 561 3250 ἅπαντες,
592 3185 673 3238 ὅτι
696 3184 790 3237 καὶ
824 3182 946 3236 κατ’
976 3182 1297 3247 ὲκεῖνον,ὠς
1331 3180 1569 3251 εἴρηται,
1601 3192 1749 3249 παρ-μ

184 3277 409 3346 αχθῆναι
450 3276 657 3338 πάντες
697 3274 944 3346 ἔμελλον,
994 3274 1108 3341 εἴγε
1165 3274 1240 3342 μὴ
1307 3271 1512 3341 προέὸη
1548 3271 1617 3323 τὰ
1650 3270 1751 3340 τῆς

187 3370 465 3439 παρακοῆς
491 3384 507 3399 ο
536 3368 589 3421 τί
614 3368 720 3439 χρὴ
764 3366 858 3420 καὶ
886 3367 1068 3434 λέγειν
1108 3365 1201 3417 ἐπὶ
1248 3363 1326 3433 τῷ
1368 3362 1752 3434 προειρημένῳ

184 3460 450 3532 ζητήματι
473 3479 489 3528 ;
515 3460 614 3524 Δὸς
640 3459 733 3512 ἐπὶ
765 3457 977 3521 τούτοις
1007 3458 1305 3526 ἀπόκρισιν
1328 3470 1342 3485 ο
1371 3456 1529 3525 ήμεῖς
1560 3455 1667 3522 γὰρ
1702 3454 1750 3505 εί

185 3557 273 3608 καὶ
297 3554 498 3626 μικρόν
516 3571 566 3607 τι
590 3553 949 3623 προήχθημεν
974 3552 1171 3614 εἰπεῖν,
1191 3548 1287 3604 ἆτε
1309 3552 1421 3613 τοῖς
1437 3546 1751 3614 διαληφθεῖ-

188 3664 267 3700 σιν
287 3647 501 3701 ἄνωθεν
532 3646 709 3714 ἁγίοις
744 3646 1026 3716 ἑπόμενοι,
1055 3645 1170 3699 ἀλλ’
1205 3642 1346 3714 ὑπὲρ
1378 3643 1527 3713 ἡμᾶς
1557 3642 1592 3711 ἡ
1622 3640 1748 3694 τού-

186 3756 289 3793 των
314 3736 647 3807 κατάληψις.

764 3869 1109 3926 ΕΠΙΣΤΟΔΠ
1131 3870 1205 3924 Z'.

194 3985 275 4053 Τῷ
300 3988 485 4054 αὐτῷ.
534 4016 603 4027 —
656 3985 721 4040 El
777 3986 893 4054 χρὴ
949 3984 1278 4053 προσέχειν
1308 3982 1434 4054 τοῖς
1460 3978 1752 4050 λέγοι]σῶ

256 4057 345 4111 ὅτι
376 4062 450 4111 οὐ
491 4053 900 4125 γνωρίσουσιν
933 4054 1251 4125 ἀλλήλους
1298 4056 1353 4125 οι
1402 4053 1751 4125 ἀναστησό-

250 4144 419 4195 μενοι
464 4122 980 4195 τότείᾶνθρωποι·
1017 4126 1069 4195 εί
1113 4123 1184 4176 δὲ
1218 4122 1750 4195 καὶιγνωριορουᾳι,

254 4188 525 4261 δικαίους
569 4194 685 4263 μὲν
732 4188 1069 4263 ἁμαρτωλοὶ
1099 4188 1495 4262 γνωριοῦονινλ
1530 4193 1603 4246 οὐ
1623 4188 1753 4261 μὴν

255 4267 322 4319 δὲ
350 4265 450 4320 καὶ
481 4264 867 4335 ἁμαρτωλοὺς
898 4266 950 4318 οὶ
981 4264 1219 4317 δίκαιοι.

255 4379 318 4431 Ei
349 4377 406 4429 δέ
443 4394 527 4439 τις
557 4378 684 4444 περὶ
726 4373 819 4428 τοῦ
867 4375 1235 4444 γενησομένου
1266 4373 1327 4426 τό
1359 4390 1417 4425 τε
1447 4373 1752 4442 ἀναγνωρι-
1804 4348 1807 4351 Δ

1853 3194 1977 3234 nem
2027 3194 2221 3235 omnes
2278 3186 2584 3249 resurgent,
2640 3176 2765 3246 quia
2807 3185 2863 3230 et
2921 3173 3221 3228 secundum
3275 3172 3423 3225 illum

1853 3287 2065 3336 omnes,
2113 3279 2175 3325 ut
2214 3270 2421 3325 dictum
2468 3276 2588 3335 est,
2630 3268 2965 3339 producendi
3017 3266 3255 3323 fuerant.
3319 3265 3424 3317 nisi

1853 3366 2217 3420 inobedientia
2247 3366 2364 3435 ejus
2401 3362 2777 3432 processisset,
2810 3359 2940 3429 quid
2973 3372 3110 3426 opus
3144 3357 3215 3409 sit
3244 3355 3426 3408 dicere

1852 3473 2020 3527 super
2041 3458 2298 3527 praedicta
2327 3456 2651 3525 quaestione,
2688 3451 2976 3522 responde.
3008 3449 3119 3503 Nos
3143 3448 3287 3502 enim
3322 3446 3425 3499 etsi

1852 3551 2019 3605 breve
2049 3549 2258 3619 aliquid
2282 3550 2465 3604 dicere
2496 3547 2716 3602 adducti
2748 3558 2958 3608 sumus,
2988 3542 3238 3595 laudatos
3259 3555 3427 3608 supe-

1852 3644 1964 3697 rius
2013 3652 2230 3695 sanctos
2260 3644 2433 3697 secuti
2479 3642 2725 3704 fuimus;
2756 3639 2849 3693 sed
2904 3652 3063 3706 supra
3097 3652 3195 3690 nos
3232 3635 3425 3709 horum

1852 3733 2294 3802 comprehensio.

2400 3868 2731 3924 EPISTULA
2774 3866 2887 3921 VII.

1856 3982 2065 4038 Eidem.
2096 4014 2151 4025 —
2188 3983 2270 4036 Λη
2304 3990 2540 4051 oporteat
2582 3982 2850 4034 attendere
2876 3978 3182 4051 dicentibus,
3216 3992 3319 4039 eos,
3340 3978 3430 4042 qui

1925 4054 2271 4106 resurrecturi
2315 4048 2467 4114 sunt,
2520 4052 2748 4104 homines
2786 4061 2910 4103 tunc
2938 4065 3015 4101 οδε
3063 4048 3278 4100 invicem
3329 4060 3430 4096 non

1926 4125 2259 4191 cognituros;
2281 4125 2325 4176 si
2356 4138 2477 4176 vero
2508 4130 2838 4189 cognoscent,
2868 4136 2939 4171 an
2965 4119 3095 4187 justi
3126 4134 3156 4170 a
3189 4126 3428 4191 peccato-

1927 4187 2066 4247 rilius
2097 4201 2474 4264 cognoscentur
2495 4232 2510 4259 ,
2544 4187 2643 4244 non
2670 4207 2789 4244 vero
2820 4198 3112 4258 peccatores
3142 4205 3173 4241 α
3203 4187 3392 4255 justis.

1927 4373 1985 4427 Si
2016 4388 2146 4427 vero
2180 4372 2304 4441 quis
2340 4371 2408 4425 de
2444 4370 2625 4424 futura
2659 4376 2791 4422 tunc
2838 4364 3213 4435 recognitione
3253 4362 3429 4417 disce-

190 4466 323 4535 σμοῦ
350 4466 543 4536 μαθεῖν
571 4465 817 4536 βούλεται
842 4467 893 4518 εί
908 4482 971 4533 γε
997 4466 1130 4525 τέως
1152 4465 1461 4534 γενήσεται,
1488 4468 1584 4517 καὶ
1605 4466 1748 4527 ὅπως

1860 4477 1916 4516 re
1936 4460 2071 4518 vult.
2097 4474 2167 4512 an
2200 4473 2329 4515 vere
2356 4458 2482 4521 erit,
2511 4466 2567 4511 et
2599 4456 2873 4525 quomodo
2904 4455 2995 4508 liet
3020 4493 3034 4518 ,
3065 4462 3121 4507 et
3150 4468 3217 4506 an
3240 4468 3431 4506 omnes

189 4557 293 4626 ἄρα
328 4558 647 4628 γενήσεται,
676 4558 772 4610 καὶ
800 4559 848 4611 εί
877 4557 1081 4618 πάντες
1107 4557 1233 4619 τοὺς
1260 4557 1470 4618 πάντας
1490 4554 1756 4627 γνωριοῦ-

194 4666 291 4716 μεν
312 4666 325 4680 ·
357 4649 467 4701 τῶν
502 4650 873 4717 εὑαγγελικῶν
903 4649 997 4702 καὶ
1024 4648 1183 4701 θείων
1206 4649 1466 4719 ῥημάτων
1488 4649 1756 4719 πρότερον

192 4738 436 4794 ἀκουέτω
477 4740 588 4795 τῶν
635 4739 783 4793 οὕτω
832 4740 1139 4805 λεγόντωνο
1182 4758 1200 4789 ι
1248 4742 1358 4793 Καὶ
1388 4739 1601 4809 ἐπάρας
1630 4739 1755 4802 τοὺς

192 4828 503 4899 ὀφθαλμοὺς
531 4832 558 4882 6
592 4829 847 4890 πλούσιος
875 4832 934 4881 ὲν
964 4829 1038 4899 τῷ
1067 4830 1169 4901 ᾄδῃ
1199 4829 1467 4900 ἐγνώρισε
1488 4830 1578 4883 τὸν
1608 4848 1752 4882 πτω-

195 4918 285 4987 χδν
313 4920 586 4990 Λάζαρον,
619 4923 678 4972 ὲν
708 4918 785 4987 τῷ
812 4918 908 4971 τοῦ
947 4918 1199 4989 Ἁϐραάμ
1233 4919 1543 4989 καθήμενον
1570 4921 1757 4988 κόλπῳ

194 5005 340 5079 ὲφίἶ)
374 5014 467 5066 καὶ
496 5012 651 5080 ἔλεγε
680 5027 695 5043 ⁸
751 5013 932 5082 Πάτερ
988 5012 1263 5083 Ἀὕραὰμ,
1311 5010 1629 5064 ἀπόστειλον
1666 5012 1756 5064 τὸν

192 5101 463 5171 Λάζαρον.
499 5122 518 5154 ι
560 5101 844 5156 Ἐντεῦθεν
875 5102 969 5155 οὖν
1017 5102 1203 5171 σαφῶς
1251 5101 1649 5164 ἀποδέδεικται,
1680 5100 1755 5163 ὼς

194 5194 351 5262 είπερ
385 5195 755 5265 ἀκριὸὦςούκ
788 5195 1007 5263 ἐπέγνω
1041 5196 1131 5247 τὸν
1162 5193 1436 5273 Λάζαρον,
1474 5195 1567 5246 καὶ
1597 5192 1758 5246 αὑτὸν

194 5285 285 5337 τὸν
316 5287 664 5357 πατριάρχην
696 5286 796 5340 οὐκ
829 5284 896 5339 ἂν
944 5285 1203 5357 εκάλεσεν
1230 5285 1288 5351 ἐξ
1319 5284 1607 5353 ὀνόματος.
1648 5284 1758 5335 Καὶ

198 5379 386 5448 μήτις
433 5380 585 5449 εἴπῃ,
632 5378 720 5432 διὰ
755 5378 815 5430 τὸ
850 5376 1167 5447 παραϐολὴν
1213 5370 1353 5429 εἶναι
1401 5376 1461 5429 τὸ
1498 5378 1758 5448 πρᾶγμα,

197 5468 286 5523 τὸν
314 5472 517 5524 σκοπόν
540 5488 598 5523 τε
629 5469 1184 5539 ὑπεραναπόδεικτον,
1226 5468 1519 5522 κάντεῦθεν
1558 5470 1633 5539 μὴ
1669 5486 1761 5522 πε-

205 5560 445 5629 ριφέρειν
470 5560 676 5631 εναργῆ
704 5560 801 5631 τὴν
825 5559 1084 5630 ἀλήθειαν
1105 5576 1119 5589 ·
1157 5562 1213 5613 αἱ
1244 5560 1353 5630 γὰρ
1386 5561 1481 5614 τοῦ
1512 5562 1759 5631 Σωτῆρος

202 5651 360 5719 ἡμῶν
395 5650 539 5705 θεῖαι
577 5654 884 5724 παραϐολαὶ
908 5654 1048 5708 κατὰ
1076 5655 1166 5708 τὸν
1196 5654 1473 5708 θειότατον
1508 5654 1759 5722 Ἰωάννην

202 5743 290 5798 τὸν
320 5745 678 5819 Δαμασκηνὸν
721 5747 1062 5816 πραγμάτων
1096 5747 1407 5803 ἐνεστώτων
1451 5747 1543 5803 καὶ
1572 5746 1761 5799 ἀποδε-

1858 4554 1927 4606 ab
1964 4550 2219 4605 omnibus
2249 4556 2667 4619 cognoscentur,
2701 4546 3012 4615 evangelica
3033 4552 3086 4598 et
3108 4543 3287 4598 divina
3307 4557 3429 4595 vero

1858 4645 1925 4700 ba
1963 4643 2114 4713 prius
2155 4642 2341 4696 audiat
2382 4643 2456 4696 ita
2488 4640 2768 4696 dicentia:
2807 4659 2826 4691 ι
2876 4640 2941 4692 Ει
2989 4653 3111 4693 cum
3161 4636 3431 4690 elcvasset

1796 4730 1799 4731 ν
1859 4736 2047 4791 oculos
2080 4734 2232 4789 dives
2282 4734 2335 4786 in
2383 4733 2623 4798 inferno,
2651 4730 2904 4802 COgnorit
2936 4745 3231 4805 pauperem
3265 4728 3429 4781 Laza-

1858 4846 1980 4882 rum
2012 4828 2066 4881 in
2104 4834 2226 4882 sinu
2257 4826 2551 4881 Ahrahami
2578 4824 2882 4888 sedentem,
2914 4838 3082 4893 quare
3108 4831 3163 4875 ct
3194 4820 3429 4883 diccbat,

1861 4920 2020 4974 Pater
2053 4919 2349 4982 Abraham,
2377 4918 2567 4972 emitte
2594 4916 2881 4977 Lazarum,
2923 4922 3063 4967 etc.»
3101 4911 3234 4965 llinc
3268 4911 3431 4981 igitur

1860 5020 2047 5080 aperte
2074 5019 2358 5064 ostensum
2396 5018 2501 5077 est,
2544 5007 2648 5061 nisi
2682 5006 2848 5075 probe
2882 5005 3143 5061 Lazarum
3172 5012 3223 5057 ct
3248 5004 3425 5075 ipsum

1860 5104 2224 5173 patriarcham
2281 5101 2647 5173 cognovisset,
2692 5114 2788 5154 cos
2836 5098 3058 5157 nomine
3107 5104 3425 5152 vocaturum

1862 5212 1971 5249 non
2000 5194 2188 5249 fuisse.
2221 5194 2328 5248 Nec
2356 5193 2478 5263 quis
2510 5193 2655 5248 dicat
2696 5192 2752 5247 id
2781 5206 2900 5247 esse
2935 5190 3270 5262 parabolam,
3304 5203 3427 5241 sco-
3508 5207 3533 5245 ι,

1864 5302 2103 5356 pumquc
2140 5286 2562 5352 incompertum,
2597 5300 2659 5339 ac
2695 5285 2924 5355 proinde
2957 5280 3302 5337 manifestam
3336 5293 3427 5330 ve-

1865 5382 2080 5433 ritatem
2116 5393 2223 5431 non
2271 5376 2649 5431 circumferre.
2696 5377 2897 5430 Divina
2940 5374 3081 5428 enim
3126 5367 3429 5424 Servatoris

1863 5472 2033 5525 nostri
2083 5469 2531 5538 paraboleuxta
2585 5470 2988 5524 divinissintum
3024 5464 3285 5518 Joannem
3323 5460 3427 5511 Da-

1866 5578 2202 5625 tnasccnum,
2231 5578 2413 5616 rerum
2469 5562 2786 5616 instantium
2833 5570 2887 5613 et
2934 5558 3426 5612 demonstratarum

1865 5655 2252 5710 similitudines
2278 5664 2423 5709 sunt.
2463 5655 2541 5708 lla
2583 5654 2725 5710 enini
2762 5666 2847 5705 res
2876 5651 2941 5702 ab
2971 5650 3050 5702 eis
3083 5644 3426 5704 exhibentur.

1866 5748 2320 5818 qucnmdntoduin
2378 5747 2621 5818 profecto
2676 5740 2968 5813 aliquando
3028 5742 3222 5794 futurae
3280 5741 3425 5789 sunt.
