3838 6226
437 295 536 356 78⁸1
1699 302 2001 364 MICHAE.

2109 308 2116 359 ι
2152 308 2408 369 οιγαΕ
3542 321 3627 382 ’184

430 407 570 465 Hinc
598 417 654 460 et
701 406 965 464 Ecclesiae
1011 407 1268 467 doctores
1311 413 1656 470 occasionem
1710 415 1837 472 inde
1863 417 2001 472 arri-

2109 422 2412 490 δειγμένων
2443 423 2548 475 εἰσὶ
2605 425 2950 498 παραϐολαίο
2983 426 3126 481 οὕτω
3181 428 3284 497 γὰρ
3335 429 3628 496 παριστῶσιν

427 500 640 568 pientes
665 499 736 554 de
760 500 1130 571 recognitione
1147 503 1238 558 illa
1271 504 1530 574 placitum
1553 505 1698 562 inter
1718 521 1775 562 se
1797 509 2006 564 stabili-

426 603 646 646 verunt.
680 591 735 647 Si
769 593 916 647 enim
955 608 1018 649 ex
1052 595 1357 665 insignibus
1377 597 1464 653 hic
1487 597 1738 656 homines
1763 600 2000 658 invicem

427 697 486 738 se
511 695 874 753 cognoscunt,
905 685 995 739 ubi
1033 688 1320 764 perspicax
1351 689 1550 744 animae
1583 699 1780 746 nostrae
1810 692 2002 747 oculus

424 789 524 844 per
559 787 846 844 peccatum
877 775 1180 836 oﬂ‘uscatus
1207 787 1314 844 est,
1338 789 1498 850 atque
1525 781 1654 836 inde
1683 782 1866 838 videre
1891 796 2000 838 non

425 875 626 933 potest,
659 868 733 921 uti
762 869 914 939 prius
939 887 953 936 ;
977 870 1068 924 sed
1093 870 1170 926 ibi
1201 880 1259 926 et
1299 873 1418 928 sine
1453 873 1650 944 signis.
1693 875 1810 930 Una
1851 877 2000 931 enim

423 969 557 1015 aetas
610 962 755 1030 apud
810 976 1024 1027 omnes,
1081 973 1139 1018 et
1195 963 1369 1020 forma
1424 981 1560 1030 una,
1606 976 1666 1021 ut
1699 967 2002 1038 Scriptura

427 1052 640 1108 dicunt.
693 1053 899 1110 Omnes
940 1056 1008 1110 ah
1037 1057 1293 1112 omnibus
1333 1069 1753 1130 cognoscentur,
1785 1070 1844 1116 ut
1875 1078 2000 1118 mox

430 1161 616 1201 sermo
641 1147 737 1201 tibi
766 1149 1037 1205 ostendet.
1079 1148 1175 1205 Hic
1216 1153 1362 1205 enim
1391 1151 1439 1205 si
1474 1153 1720 1208 eamdem
1751 1163 1805 1208 et
1832 1171 1998 1211 unam

423 1253 616 1294 omnes
649 1239 870 1310 ﬁguram
911 1241 1194 1307 haberent,
1235 1258 1341 1296 non
1378 1243 1605 1299 minima
1646 1248 1770 1302 vita
1801 1249 1996 1303 confu-

423 1335 508 1387 sio
550 1336 908 1404 contingeret.
941 1335 1083 1388 Cur?
1123 1333 1260 1400 Quia
1293 1335 1636 1392 discernendi
1683 1337 1996 1395 facultatem

423 1438 580 1478 mens
605 1435 791 1479 nostra
818 1439 1006 1479 sanam
1039 1425 1237 1492 adhuc,
1264 1435 1323 1481 ut
1365 1428 1542 1498 prius,
1586 1444 1695 1485 non
1733 1431 1994 1500 possidet.

421 1512 834 1568 lulirmitatibus
901 1515 1065 1586 igitur
1128 1519 1335 1574 nostris
1409 1518 1591 1575 divina
1653 1523 1996 1591 providentia

423 1619 585 1673 opem
640 1605 848 1674 ferens,
891 1617 945 1662 et
974 1609 1349 1666 diversitatem
1399 1626 1692 1682 corporum
1737 1630 1839 1685 per
1881 1615 1996 1671 dis-

419 1697 800 1764 pensationem
842 1700 1037 1757 adesse
1068 1702 1229 1757 nobis
1255 1706 1547 1772 concessit,
1567 1715 1628 1760 ut
1649 1705 1776 1760 inde
1803 1722 1996 1762 omnes

419 1787 488 1842 ab
536 1788 769 1844 invicem
817 1804 1315 1862 cognoscercntur:
1372 1797 1467 1851 sed
1523 1796 1617 1862 ibi,
1659 1798 1844 1854 divine
1893 1799 1997 1868 vir,

419 1881 557 1934 nihil
601 1881 909 1950 huiusmodi
935 1885 1061 1939 erit.
1089 1886 1153 1940 Et
1179 1888 1223 1942 si
1251 1889 1330 1942 vis
1358 1903 1495 1944 auro
1524 1889 1784 1946 ﬂuentem
1830 1891 1999 1946 Joan-

420 1986 548 2026 nem
576 1973 726 2041 prius
747 1974 898 2040 audi,
928 1977 1038 2029 haec
1067 1977 1139 2032 ita
1164 1981 1582 2036 conﬁrmantem
1613 1989 1668 2036 et
1688 1981 2000 2048 dicentem,

420 2065 564 2132 quod
603 2079 710 2118 non
745 2066 920 2121 solum
955 2084 1049 2124 eos
1083 2071 1175 2139 qui
1227 2070 1315 2125 hic
1360 2073 1475 2128 noti
1525 2074 1684 2130 nobis
1730 2084 1876 2140 sunt,
1909 2090 2002 2131 co-

422 2171 769 2224 gnoscemus,
805 2159 898 2214 sed
940 2175 1036 2215 eos
1069 2177 1207 2232 quos
1239 2178 1522 2234 nunquam
1565 2165 1828 2221 vidimus.
1873 2167 2003 2222 Ete-

425 2249 538 2300 nim
574 2248 947 2307 Ahrahamum
982 2268 1088 2308 non
1129 2255 1335 2318 vidisti,
1377 2271 1557 2326 neque
1603 2255 1872 2328 lsaacum,
1902 2273 2003 2314 ne-

426 2356 534 2411 que
565 2343 806 2413 reliquos
837 2346 1096 2416 antiquos
1139 2359 1361 2417 patres;
1409 2350 1503 2405 sed
1545 2351 1737 2406 videns
1770 2352 1917 2422 ipsos
1946 2355 2002 2408 in
2031 2401 2042 2406 _

427 2435 520 2489 illo
548 2435 790 2490 horribili
824 2447 879 2491 et
908 2439 1186 2493 communi
1233 2451 1528 2508 conventu,
1583 2457 1906 2514 cognosces,
1949 2457 2005 2501 et

426 2544 550 2585 cum
582 2533 903 2602 cognoveris
931 2533 1082 2588 dices
1112 2551 1125 2586 :
1163 2533 1301 2590 Ecce
1335 2537 1630 2603 Abraham,
1661 2552 1788 2593 ecce
1829 2538 2004 2606 lsaac,

419 2637 549 2678 ecce
589 2622 776 2688 Jacob.
832 2641 960 2681 ecce
1002 2627 1218 2692 Petrus,
1245 2637 1298 2682 et
1330 2628 1557 2697 Paulus,
1581 2638 1635 2685 et
1664 2630 1859 2701 reliqui
1905 2633 2005 2687 de-

418 2712 638 2786 inceps.
682 2717 753 2772 Et
789 2717 954 2788 huius
986 2719 1065 2774 rei
1094 2720 1265 2790 gratia
1299 2737 1368 2776 ne
1397 2721 1618 2786 mirere,
1648 2737 1827 2792 neque
1862 2722 2008 2779 inso-

426 2809 545 2861 lens
581 2809 632 2862 id
663 2809 934 2866 existima.
971 2809 1028 2864 Si
1085 2813 1230 2867 enim
1287 2814 1398 2877 illa,
1428 2829 1562 2884 lquae
1615 2814 1668 2868 in
1721 2815 2002 2872 Dominiea

434 2901 690 2967 passione
737 2918 767 2956 a
827 2907 1054 2960 mortuis
1103 2921 1527 2963 resurrexerunt
1574 2923 1826 2978 corpora,
1877 2923 2003 2964 cum

423 2992 788 3064 prwﬁguratio
811 3005 994 3052 essent
1026 2997 1230 3052 ultimae
1273 3009 1325 3053 et
1364 3001 1674 3055 communis
1724 3015 2001 3056 resurrec-

2111 507 2272 566 αὗται
2301 515 2369 570 τὰ
2393 515 2716 585 πράγματα,
2741 519 2883 572 καθὰ
2911 517 2976 590 δὴ
3007 521 3099 574 καὶ
3135 519 3382 587 γενέσθαι
3410 519 3500 589 ὀψέ
3525 537 3627 574 ποτε

2113 606 2404 674 μέλλουσιν
2429 623 2442 638 ο
2475 607 2630 661 ἔνθεν
2659 626 2744 662 τοι
2792 611 2888 664 καὶ
2922 611 2972 664 oi
3015 609 3119 680 τῆς
3162 608 3480 679 Ἐκκλησίας
3514 610 3629 666 διδά-

2111 698 2302 750 σκαλοι
2336 700 2592 770 ἀφορμῆς
2633 700 2885 754 ἐντεῦθεν
2924 701 3254 772 δραξάμενοι
3293 701 3388 754 καὶ
3427 700 3484 753 τὸ
3527 703 3629 770 περὶ

2109 789 2206 842 τοῦ
2236 792 2662 863 ἀναγνωρισμοῦ
2709 793 2924 850 ἑκείνου
2972 794 3151 863 δόγμα
3188 793 3325 863 πρὸς
3351 794 3456 854 τοῖς
3480 792 3628 856 mox

2109 882 2597 938 διεῦεύαιὼσαντοο
2637 887 2686 938 εί
2718 885 2826 954 γάρ
2858 887 2922 938 ὲκ
2967 885 3263 955 συσσήμων
3295 884 3521 938 ἐνταῦθα
3539 887 3627 948 τοῖς

2110 974 2419 1044 ἀνθρώποις
2452 977 2712 1045 πρόσεστι
2739 978 2802 1031 τὸ
2831 977 3119 1048 γνωρίζειν
3150 975 3427 1049 ἀλλήλους,
3449 977 3534 1032 ἀτε
3557 977 3629 1030 τοῦ

2107 1064 2422 1134 διορατικοῦ
2445 1066 2544 1138 τῆς
2559 1067 2736 1137 ψυχῆς
2762 1068 2919 1136 ἡμῶν
2943 1067 3228 1138 ὀφθαλμοῦ
3252 1069 3341 1121 διὰ
3365 1069 3463 1136 τὴν
3487 1069 3631 1137 ἀμαρ-

2110 1155 2232 1208 τίαν
2257 1156 2706 1228 ἀμαυρωθέντος,
2738 1160 3037 1214 κάντεῦθεν
3080 1161 3212 1229 open
3243 1159 3343 1214 οὐκ
3373 1159 3627 1227 ἰσχύοντος,

2107 1246 2295 1318 ὥσπερ
2325 1248 2389 1322 δὴ
2421 1249 2518 1304 καὶ
2551 1249 2612 1304 τὸ
2644 1252 2948 1323 πρότερον·
2977 1252 3095 1308 ἀλλ’
3117 1255 3233 1306 ἐκεῖ
3254 1253 3351 1305 καὶ
3375 1253 3630 1320 συσσήμων

2106 1339 2235 1393 ἀνευ
2264 1355 2278 1372 °
2316 1341 2416 1408 μία
2461 1342 2570 1412 γάρ
2613 1343 2800 1410 ἡλικία
2834 1345 2987 1414 παρὰ
3013 1346 3148 1398 πᾶσι
3177 1347 3275 1400 καὶ
3311 1343 3448 1406 εἶδος
3476 1345 3545 1407 ἓν,
3574 1345 3631 1406 ὦς

2107 1448 2272 1500 φασιν
2301 1434 2358 1486 αἱ
2387 1433 2626 1503 Γραφαὶ,
2655 1436 2703 1488 οι
2731 1435 2932 1500 πάντες
2957 1437 3254 1507 γνωριοῦσι
3281 1435 3409 1500 τοὺς
3438 1437 3632 1497 πάντας,

2104 1525 2178 1587 ὼς
2212 1527 2240 1578 6
2268 1525 2424 1593 λόγος
2459 1525 2562 1596 ἤδη
2611 1527 2732 1596 μετ’
2776 1529 2838 1581 ού
2875 1528 3010 1583 πολὺ
3048 1531 3394 1598 παραστήσει
3427 1544 3540 1580 σοι·
3566 1529 3637 1580 ὲν»

2103 1615 2277 1669 ταῦθα
2297 1616 2408 1686 μὲν
2435 1620 2548 1686 γάρ
2589 1619 2639 1670 εί
2668 1619 2762 1671 τὸν
2797 1619 2959 1672 αὐτὸν
2993 1619 3088 1672 καὶ
3119 1620 3216 1672 ἕνα
3260 1615 3404 1688 εἶχον
3433 1617 3633 1680 ἅπαντες

2105 1711 2452 1781 χαρακτῆρα,
2485 1713 2582 1782 οὐχ
2612 1714 2645 1783 ἡ
2677 1713 2915 1782 τυχοῦσα
2945 1713 3011 1767 ἀν
3037 1713 3114 1783 τῷ
3145 1713 3245 1784 βίῳ
3295 1713 3470 1782 τούτῳ
3508 1712 3633 1765 συνιιέ⁶

2104 1817 2272 1854 πιπτε
2305 1801 2586 1872 σύγχυσις.
2630 1804 2788 1866 Τίνος
2815 1804 3037 1871 ἕνεκενς
3077 1805 3200 1858 Ὅτι
3239 1805 3303 1857 τὸ
3331 1805 3637 1873 διακριτικὶν

2103 1897 2130 1946 6
2157 1893 2280 1955 νοῦς
2308 1895 2337 1945 6
2363 1895 2629 1965 ἡμέτερος
2660 1896 2822 1968 ὑγιὴς
2848 1898 2998 1967 ἄρτι,
3029 1897 3174 1950 καθά
3215 1896 3313 1950 καὶ
3358 1895 3554 1964 πρώην,
3587 1895 3634 1944 οὐ

2104 1987 2388 2056 κέκτηται.
2412 1987 2542 2050 Ταῖς
2567 1987 2657 2041 οὖν
2678 1987 2983 2053 ἀσθενείαις
3013 1989 3172 2059 ἡμῶν
3199 1990 3232 2056 ἡ
3264 1987 3385 2040 θεία
3408 1984 3639 2056 βοηθοῦσα

2106 2080 2356 2149 πρόνοια,
2401 2083 2498 2132 καὶ⁵
2530 2081 2630 2151 τὴν
2665 2082 3029 2154 παραλλαγὴν
3076 2083 3184 2136 τῶν
3227 2081 3495 2152 σωμάτων
3521 2080 3637 2130 olito-

2105 2172 2346 2239 νομικῶς
2369 2173 2768 2242 προσγίνεσθαι
2789 2175 2922 2244 ἡμῖν
2947 2173 3398 2244 συγκεχώρηκεν,
3424 2176 3495 2237 ὼς
3509 2174 3640 2225 ἑπευ-

2108 2262 2217 2326 θῶς
2266 2262 2512 2326 ἅπαντας
2558 2263 2805 2318 ἐντεῦθεν
2838 2267 2935 2320 ἀπ’
2984 2265 3230 2335 ἀλλήλων
3279 2263 3636 2333 γνωρίζεσθαι.

2119 2354 2260 2409 Ἀλλ’
2291 2357 2431 2420 ἐκεῖ,
2459 2356 2730 2410 θεοείκελε
2755 2357 2907 2427 ἆνερ,
2927 2357 3169 2411 τοιοῦτον
3199 2358 3304 2410 οὐκ
3325 2357 3474 2410 ἐστιν
3494 2355 3637 2408 οὐδέν.

2107 2451 2218 2504 Καὶ
2270 2451 2318 2502 εί
2369 2447 2552 2519 βούλει
2604 2450 3056 2520 χρυσορῤήμονος
3102 2449 3356 2502 Ἰωάννου
3412 2447 3642 2516 πρότερον

2105 2543 2292 2606 ἄκουε,
2317 2542 2386 2594 τὰ
2419 2542 2547 2612 περὶ
2597 2541 2804 2595 τούτων
2855 2542 3001 2596 οὕτω
3048 2539 3530 2611 διαϐεϐαιουμένου
3566 2541 3641 2593 καὶ

2107 2633 2380 2702 λέγοντος,
2411 2633 2484 2693 ὡς
2515 2633 2574 2686 ού
2609 2633 2772 2702 μόνον
2800 2636 2928 2696 τοὺς
2960 2628 3062 2686 ὧδε
3100 2633 3386 2700 γνωστοὺς
3413 2628 3641 2699 γνωριοῦ-

2111 2748 2234 2802 μεν,
2272 2730 2409 2784 ἀλλά
2445 2730 2536 2782 καὶ
2591 2729 2685 2792 οὓς
2733 2728 2987 2782 οὐδέποτε
3038 2729 3250 2798 εἴδομεν
3273 2745 3290 2761 ·
3323 2727 3546 2795 καὶγὰρ
3571 2725 3644 2776 τδν

2121 2822 2370 2895 Ἀϐραὰμ
2401 2823 2500 2891 οὐχ
2538 2821 2812 2890 ἑώρακας,
2853 2821 2975 2874 οὐδὲ
3017 2821 3110 2873 τὸν
3164 2819 3377 2882 Ἰσαὰκ,
3407 2818 3519 2870 οὐδὲ
3543 2816 3643 2877 τοὺς

2108 2917 2330 2978 λοιποὺς
2379 2915 2831 2985 ἀρχαιοπάτορας
2854 2932 2869 2947 ⁸
2901 2912 3017 2967 ἀλλ’
3050 2912 3175 2966 ἰδὼν
3207 2912 3413 2974 αὐτοὺς
3447 2908 3534 2962 ἐπὶ
3567 2907 3649 2974 τῆς.

2109 3007 2346 3079 φρικτῆς
2394 3006 2612 3074 ἐκείνης
2664 3007 2762 3060 καὶ
2809 3006 2998 3073 κοινῆς
3052 3002 3426 3065 συνελεύσεως
3479 2999 3643 3068 γνωρί-

425 3086 590 3140 tionis
626 3086 678 3140 in
722 3097 965 3143 sanctam
989 3089 1270 3146 civitatem
1298 3092 1539 3162 ingressa
1567 3101 1716 3156 sunt,
1741 3100 1797 3145 et
1818 3092 2001 3147 multis

2109 3117 2242 3166 σεις,
2269 3101 2363 3154 καὶ
2379 3099 2657 3169 γνωρίσας
2682 3100 2845 3168 ἐρεῖςο
2862 3097 2999 3150 Ἰδοὺ
3031 3095 3309 3168 Ἀϐραὰμ,
3333 3094 3444 3147 ίδοὺ
3467 3091 3644 3153 Ἰσαὰκ,

422 3190 813 3249 apparuerunt,
848 3183 952 3237 hoc
978 3191 1082 3247 est,
1132 3183 1348 3253 cognita
1384 3191 1538 3248 sunt;
1585 3184 1690 3239 nisi
1722 3185 1870 3239 enim
1903 3199 1998 3240 co-

423 3270 736 3339 gnoscenda
809 3272 1063 3335 fuissent,
1123 3273 1267 3326 haud
1323 3275 1708 3343 apparuissent
1774 3276 1996 3344 utique;

422 3377 542 3414 cum
573 3370 753 3417 autem
802 3364 1207 3433 apparuissent,
1255 3367 1420 3420 simul
1467 3369 1681 3437 cognita
1730 3378 1879 3424 sunt.
1933 3370 1999 3426 Et

423 3455 538 3507 hznc
573 3455 714 3524 apud
755 3469 855 3508 eos
890 3456 981 3524 qui
1021 3455 1222 3509 nullam
1273 3456 1476 3512 habent
1516 3473 1697 3513 rerum
1728 3472 2000 3530 spectata-

422 3559 546 3598 rum
575 3545 959 3614 cognitionem.
985 3545 1158 3602 Nemo
1181 3548 1325 3603 enim
1346 3564 1534 3604 eorum
1563 3551 1656 3620 qui
1683 3559 1813 3606 tunc
1843 3552 1999 3607 adin-

421 3640 569 3695 venti
602 3640 854 3704 luerunt,
913 3647 975 3695 ut
1023 3637 1288 3694 auriﬂuus
1347 3641 1626 3696 invenitur
1679 3642 1885 3709 dicere,
1940 3643 1995 3697 in

424 3733 648 3787 humilia
711 3733 778 3788 88
837 3733 892 3787 in
965 3740 1213 3788 sanctum
1265 3719 1620 3802 Evangelium
1698 3735 1998 3789 secundum

423 3826 761 3892 Matthmum,
786 3826 854 3881 de
897 3825 1018 3880 visu
1071 3840 1168 3881 eos
1221 3826 1315 3896 qui
1364 3827 1489 3880 olim
1530 3826 1996 3892 obdormiveruut,

417 3921 596 3985 iustos
627 3921 901 3991 cognovit.
935 3917 1104 3973 Multo
1141 3918 1312 3988 magis
1349 3919 1660 3990 huiusmodi
1697 3919 1999 3990 recognitio

421 4013 480 4067 in
512 4012 601 4067 illa
649 4028 774 4066 vera
815 4020 872 4068 et
909 4020 1156 4067 extrema
1202 4010 1608 4070 resurrectione
1649 4012 1772 4066 crit.
1804 4010 1996 4066 Crassa

424 4104 568 4156 enim
603 4103 703 4156 hac
738 4117 922 4165 carne,
965 4103 1110 4157 tenui
1145 4110 1200 4156 et
1237 4102 1339 4156 levi
1377 4111 1507 4156 tunc
1541 4112 1596 4158 et
1631 4103 1998 4172 patriarchica

423 4193 635 4257 cﬂeeta,
659 4194 936 4264 perspicax
959 4194 1154 4248 animae
1199 4202 1399 4249 nostra:
1420 4195 1611 4249 oculus
1653 4196 1998 4264 apertissime

425 4302 537 4342 non
569 4287 975 4358 prohibebitur.
995 4287 1062 4341 Et
1083 4287 1405 4358 persuadeat
1426 4297 1477 4341 te
1499 4288 1708 4357 primus
1737 4288 1826 4343 ille
1858 4289 2002 4342 Ada-

424 4395 566 4435 mus.
590 4380 727 4435 Cum
746 4379 890 4435 enim
909 4394 1140 4434 asomno
1153 4379 1420 4434 excitatus
1440 4379 1655 4445 fuisset,
1672 4388 1726 4434 et
1746 4380 1910 4449 Evam
1937 4379 2005 4434 il-

2111 3191 2221 3245 ίδοὺ
2257 3189 2477 3256 Ἰακὼϐ,
2505 3189 2614 3242 ίδοὺ
2661 3189 2865 3259 Πέτρος
2901 3190 2996 3240 καὶ
3029 3185 3264 3248 Παῦλος,
3296 3188 3393 3238 κα)⁸
3423 3184 3472 3236 oi
3502 3180 3648 3234 λοιποὶ

2108 3282 2367 3352 καθεξῆς.
2399 3283 2508 3336 Kal.
2543 3279 2735 3333 τούτου
2765 3271 2926 3350 χάριν
2963 3278 3039 3349 μὴ
3067 3277 3339 3349 θαύμαζε,
3372 3275 3503 3347 μηδὲ
3527 3273 3648 3339 ξένον

2107 3393 2159 3430 τι
2189 3374 2348 3447 ἡγοῦ.
2378 3374 2440 3428 El
2473 3373 2579 3443 γὰρ
2614 3375 2796 3426 ἐκεῖνα
2822 3373 2890 3425 τά
2919 3372 3062 3425 κατά
3087 3388 3149 3440 γε
3181 3370 3242 3423 τὺ
3275 3371 3539 3440 σωτήριον
3565 3366 3649 3417 πάι

2111 3466 2200 3531 θος
2235 3468 2298 3520 ὲκ
2324 3465 2532 3537 νεκρῶν
2563 3466 2874 3518 ἀναστάντα
2905 3464 3132 3532 σώματα
3161 3461 3514 3531 προτύπωσις
3545 3454 3648 3507 ὅντα

2109 3562 2208 3630 τῆς
2236 3557 2555 3621 τελευταίας
2576 3558 2670 3610 καὶ
2691 3557 2878 3625 κοινῆς
2905 3553 3253 3616 ἀναστάσεως
3284 3552 3365 3613 είς
3398 3551 3494 3619 τὴν
3515 3546 3649 3614 ἁγίαν

2111 3651 2267 3704 πόλιν
2293 3649 2542 3719 εἰσῆλθον
2562 3648 2656 3700 καὶ
2678 3645 3106 3714 ἐνεφανίσθησαν
3132 3641 3373 3715 πολλοῖς,
3406 3637 3648 3692 τουτέστιν

2111 3742 2484 3812 ἐγνώσθησαν,
2511 3743 2560 3794 εἰ
2588 3740 2662 3811 μὴ
2692 3741 2802 3808 γὰρ
2827 3737 3136 3806 γνωσθῆναι
3185 3735 3419 3805 ἔμελλον
3469 3732 3560 3784 ούκ
3597 3729 3649 3780 ἂν

2110 3835 2566 3905 ἐνεφανίσθησαν,
2599 3829 3020 3907 ἐμφανισθέντες
3050 3829 3106 3881 δὲ
3125 3830 3274 3896 ὅμως
3292 3824 3646 3895 ἐγνώσθησαν*

2113 3930 2205 3982 καὶ
2233 3927 2406 3981 ταῦτα
2433 3925 2585 3996 παρά
2617 3926 2729 3987 τοῖς
2765 3923 3037 3994 μηδεμίαν
3063 3918 3368 3973 θεαθέντων
3392 3917 3650 3983 διάγνωσιν

2110 4017 2327 4089 ἔχουσιν
2349 4034 2363 4048 ·
2397 4016 2571 4080 οὐδεὶς
2607 4015 2715 4088 γὰρ
2755 4015 2863 4068 τῶν
2893 4014 3015 4066 τότε
3054 4010 3528 4081 παρευρεθέντων,
3549 4004 3650 4066 ὡςί

2113 4110 2520 4182 χρυσορρήμων
2538 4106 2768 4177 εὓρηται
2793 4104 2971 4173 λέγων
2995 4106 3051 4156 ὲν
3073 4105 3140 4172 τῇ
3163 4106 3244 4164 εἰς
3272 4100 3334 4153 τὸ
3363 4099 3507 4152 κατά
3529 4097 3652 4152 Ματ-

2114 4205 2266 4256 θαῑον
2319 4201 2473 4268 ἀγιον
2543 4197 2876 4266 Εὐαγγέλιον
2941 4195 3278 4264 ὀγδοηκοστῇ
3337 4192 3499 4262 ὀγδόῃ
3551 4193 3652 4258 ὀμι-

2108 4299 2220 4368 λίᾳ,
2247 4296 2345 4366 τὴν
2375 4295 2505 4347 θέαν
2527 4294 2634 4347 τῶν
2658 4283 2826 4344 πάλαι
2887 4289 3260 4360 κοιμηθέντων
3309 4288 3535 4341 δικαίων
3557 4279 3652 4348 ὲγί·

2116 4403 2314 4443 νωσκε’
2347 4387 2528 4457 πολλῷ
2561 4384 2763 4456 μᾶλλον
2792 4386 2820 4438 6
2850 4384 3092 4444 τοιοῦτος
3109 4377 3527 4449 ἁναγνωρισμὺς
3553 4370 3652 4428 κατ’

421 4474 528 4528 lam
557 4473 806 4538 vidisset,
837 4474 1114 4544 cognovit,
1132 4480 1328 4526 etcum
1351 4471 1718 4543 cognovisset,
1745 4472 1960 4528 dicebat
1985 4489 1998 4528 :

2109 4485 2326 4554 ἐκείνην
2351 4481 2642 4550 γενήσεται
2671 4479 2767 4549 τὴν
2786 4477 2964 4546 ἀληθῆ
2991 4465 3432 4530 καὶ’τε).ευταίαν
3454 4473 3652 4527 ἀνάστα·

428 4585 448 4618 ι
469 4567 580 4621 Hoc
597 4566 912 4638 igiturosex
931 4565 1150 4620 ossibus
1167 4565 1323 4629 meis,
1343 4573 1535 4620 etcaro
1549 4564 1617 4620 de
1634 4581 1798 4620 carne
1816 4581 1959 4620 mea.
1979 4584 1998 4617 ι

422 4661 502 4716 Νε
538 4660 700 4732 igitur
728 4660 890 4716 ﬁdem
952 4659 1217 4715 adhibere
1253 4675 1451 4713 renuas
1475 4660 1543 4713 iis
1573 4675 1694 4729 quae
1723 4659 2003 4716 dicuntur.

421 4751 579 4805 Tunc
606 4752 751 4806 enim
783 4752 850 4808 ad
873 4751 1141 4806 Adamum
1179 4751 1328 4805 illum
1360 4751 1756 4818 regrediemur.
1784 4750 1841 4804 Si
1859 4751 2008 4805 enim

425 4844 759 4899 resurrectio
791 4846 928 4900 nihil
955 4845 1102 4900 aliud
1121 4853 1206 4901 est
1228 4859 1388 4914 quatn
1409 4843 1784 4914 ad-antiquum
1803 4854 2005 4900 statum

427 4949 616 4990 eorum
669 4939 761 5006 qui
813 4937 1160 5004 ceciderunt,
1203 4936 1501 5001 restitutio,
1549 4940 1860 4992 necessario
1911 4952 2007 4992 co-

427 5042 758 5098 gnoscemus
787 5037 844 5083 et
876 5044 1013 5098 quos
1068 5046 1345 5100 nunquam
1381 5029 1619 5086 vidimus
1648 5031 1862 5086 fratres.
1882 5029 2007 5084 Ete-

427 5121 540 5173 nim
572 5119 631 5173 in
660 5135 892 5191 corpore
939 5135 1051 5174 uno
1082 5136 1275 5176 omnes
1304 5137 1475 5176 unum
1526 5121 1794 5177 habemus
1844 5130 2009 5190 caput

427 5212 732 5269 Christum.
787 5211 1112 5267 Necessario
1164 5213 1338 5284 igitur.
1388 5215 1575 5272 cuncti
1632 5224 1864 5272 cunctos
1915 5231 2008 5271 co-

427 5310 777 5376 gnoscemus.
813 5303 870 5360 Si
899 5304 1047 5359 enim
1091 5315 1146 5362 et
1176 5306 1407 5363 diversis
1452 5308 1794 5380 temporibus
1836 5308 2006 5380 geniti

426 5398 665 5462 fuimus;
702 5396 795 5453 sed
842 5396 1084 5451 omnium
1130 5413 1274 5453 unus
1306 5410 1391 5453 est
1429 5408 1583 5469 pater
1627 5397 1793 5456 Deus.
1830 5400 2009 5466 Quare

427 5498 484 5543 ct
508 5491 802 5542 convenire
824 5486 988 5543 simul
1011 5503 1201 5544 omnes
1241 5505 1270 5542 a
1311 5490 1510 5544 saeculo
1547 5507 1714 5561 usque
1753 5494 1807 5546 in
1843 5492 2007 5546 ﬁnem

428 5580 794 5646 conveniens;
860 5590 915 5637 et
970 5581 1153 5637 efferri
1215 5583 1582 5636 communiter
1635 5585 2007 5653 patriarchico

428 5672 521 5726 illo
555 5674 773 5744 gaudio.
815 5675 1108 5745 Propterea
1143 5673 1292 5728 enim
1333 5683 1387 5728 et
1437 5675 1529 5744 qui
1582 5677 2006 5744 promissionem

429 5777 831 5837 praeceperunt,
892 5769 966 5821 illi
1021 5767 1176 5836 juxta
1218 5783 1470 5837 magnum
1507 5769 1733 5825 Paulum
1765 5786 1875 5826 non
1917 5771 2008 5826 dc-

2113 4597 2196 4633 σιν
2219 4596 2232 4610 ·
2265 4581 2363 4651 τῆς
2395 4581 2503 4648 γὰρ
2561 4576 2797 4648 παχείας
2849 4573 3054 4644 ταύτης
3102 4572 3308 4639 caput;
3354 4567 3552 4636 λεπτῆς
3575 4563 3652 4618 καὶ

2109 4674 2318 4743 κούφης
2370 4671 2674 4742 τηνικαῦτα
2722 4669 2821 4722 καὶ
2856 4667 3262 4737 πατριαρχικῆς
3313 4660 3652 4732 γεγονυίας,ὁ

2107 4765 2422 4837 διορατικδς
2477 4765 2574 4834 τῆς
2623 4761 2808 4833 ψυχῆς
2859 4759 3016 4830 ἡμῶν
3065 4756 3348 4827 ὀφθαλμὸς
3377 4753 3652 4826 τρανότατα

2110 4861 2171 4912 ού
2236 4859 2529 4912 κωλύεται.
2590 4857 2699 4909 Kal.
2747 4853 2983 4908 πειθέτω
3036 4869 3096 4906 σε
3140 4852 3167 4904 6
3215 4851 3434 4920 πρῶτος
3477 4847 3650 4904 ἐκεῖνος

2123 4949 2295 5018 Ἀδάμ
2317 4965 2332 4982 ο
2370 4948 2599 5015 ἔξυπνος
2631 4947 2738 5017 γὰρ
2774 4941 3012 5012 γεγονὼς
3045 4941 3138 4995 καὶ
3167 4939 3267 5008 τὴν
3308 4936 3455 4990 Εὔαν
3469 4932 3654 5018 εκείνην

2113 5043 2238 5097 ἰδὼν
2260 5017 2567 5112 γὲγνὼρισε,
2602 5037 2697 5091 καὶ
2731 5033 3005 5105 γνωρίσας
3058 5033 3213 5099 ἔλεγε
3238 5047 3254 5060 ο
3310 5047 3330 5082 ι
3371 5028 3540 5081 Τοῦτο
3577 5017 3650 5112 οῦν

2109 5131 2322 5187 ὀστοῦν*
2339 5133 2402 5185 ἐκ
2426 5111 2540 5184 τῶν
2567 5129 2742 5182 ὀστῶν
2779 5144 2905 5196 μου,
2953 5124 3050 5178 καὶ
3081 5123 3219 5193 σὰρξ
3251 5123 3316 5173 ἐκ
3345 5119 3447 5187 τῆς
3479 5111 3650 5184 σαρκός

2105 5242 2240 5296 μου.
2292 5242 2311 5276 ι
2345 5222 2438 5294 Μὴ
2481 5218 2575 5276 οὖν
2628 5220 2848 5274 ἀπίστει
2897 5219 3010 5280 τοῖς
3041 5213 3399 5284 λεγομένοιςο
3442 5205 3649 5296 ὁπηνίκα

2109 5295 2220 5388 τὰρ
2250 5315 2343 5370 ἐπὶ
2373 5315 2466 5368 τὸν
2509 5313 2682 5382 Ἀδὰμ
2720 5313 2928 5365 ἐκεῖνον
2971 5306 3316 5376 ἐπέλθωμεν.
3343 5306 3376 5374 ἡ
3410 5301 3517 5369 γὰρ
3539 5295 3646 5350 ἀνά·

2113 5401 2490 5464 στασιςλούδὲν
2522 5400 2652 5453 ἀλλο
2679 5400 2830 5454 ἐστὶν
2861 5398 2895 5468 ἦ
2926 5397 3064 5467 πρὸς
3094 5396 3156 5448 τὸ
3187 5394 3414 5464 ἀρχαῖον
3442 5389 3548 5442 τῶν
3572 5398 3648 5436 πε·

2111 5496 2408 5550 πτωκὸτων
2441 5494 2912 5555 ἀποκατάστασις,
2947 5489 3006 5554 ἐξ
3036 5489 3282 5557 ἀνάγκης
3335 5481 3647 5554 γνωρίσομεν

2111 5589 2205 5641 καὶ
2236 5586 2328 5649 οὓς
2373 5587 2628 5640 οὐδέποτε
2667 5587 2905 5654 εἰδομεν,
2932 5582 3152 5652 ἀδελφοί
3181 5597 3194 5612 ·
3229 5581 3326 5633 καὶ
3373 5577 3479 5647 γάρ
3510 5575 3649 5638 ἐσμεν

2113 5682 2272 5751 σῶμα
2300 5680 2381 5744 ἓν,
2409 5681 2460 5732 οἱ
2498 5681 2696 5742 πάντες
2735 5678 2863 5748 μίαν
2908 5677 3106 5748 ἔχομεν
3158 5671 3396 5740 κεφαλὴν
3424 5664 3646 5730 τδνΧρι-

2114 5772 2254 5825 στὸν.
2313 5770 2401 5834 Ἐξ
2437 5771 2682 5840 ἀνάγκης
2730 5768 2822 5824 οὖν
2856 5769 2902 5822 oi
2939 5767 3132 5828 πάντες
3164 5761 3498 5834 γνωριοῦμεν
3545 5753 3643 5812 τοὺς
