3838 6226
127 335 216 398 185
1441 316 1821 400 EPISTOLAA
1854 340 1997 405 v11.
3248 344 3361 414 ηδε

127 450 373 511 ἅπαντας.
403 444 465 499 Ei
507 446 618 518 γὰρ
654 448 750 502 καὶ
786 448 933 505 κατά
966 449 1258 521 διαφόρους
1299 453 1524 522 named;
1556 455 1679 521 εγε-

1795 453 1876 508 lati
1907 461 2056 521 sunt,
2093 469 2163 511 ne
2193 454 2315 514 sine
2348 460 2510 518 nobis
2545 463 2919 535 perﬁciantur.
2975 460 3034 518 Si
3065 476 3196 519 vero
3240 463 3362 535 lia-0

127 542 379 610 γόνειμεν,
405 540 540 594 ἀλλά
578 541 803 597 πάντων
851 540 929 607 εἷς
965 546 1084 597 ἐστι
1130 546 1314 617 πατὴρ
1344 546 1371 597 6
1397 544 1553 610 Θεὸς,
1586 544 1672 615 ἐφ’

1801 554 1853 599 ta
1903 546 2127 612 habent,
2178 555 2454 619 quomodo
2495 557 2742 613 universi
2799 557 2869 612 ab
2914 555 3188 612 universis
3243 570 3356 609 non

127 627 166 701 ᾧ
192 632 279 687 καὶ
311 630 584 685 συνελθεῖν
612 633 731 704 ἅμα
762 636 887 698 τοὺς
912 637 1008 690 ἀπ’
1032 636 1229 701 αίῶνος
1262 637 1357 690 καὶ
1390 637 1553 708 μέχρι
1582 636 1674 690 τέ-

1795 642 2216 709 :ognosceutur?
2247 640 2325 697 Ne
2358 643 2527 714 igitur
2556 650 2792 719 amplius
2827 649 3035 704 dubita.
3094 648 3359 704 Commu-

127 724 236 785 λους
260 723 401 786 είκὸς
433 724 812 795 ἐμφορηθῆναι
865 727 1062 790 κοινῶς
1110 728 1210 798 τῆς
1259 718 1675 801 πατριαρχικῆς

1795 747 1905 787 nem
1936 732 2082 786 enim
2118 734 2264 789 illam
2295 718 2723 809 recognitionem
2766 750 2821 795 et
2860 742 3052 795 beatus
3091 739 3360 809 Ephraem

129 816 326 887 ἐκείνης
356 819 528 888 χαρᾶς
553 832 567 847 ·
594 819 688 871 ἐπὶ
721 819 829 888 γάρ
861 821 1041 890 τούτῳ
1070 821 1167 874 καὶ
1205 820 1306 892 τὴν
1344 822 1678 891 ἐπαγγελίαν

1795 821 2165 876 iemonstrans
2213 824 2468 881 dicebat:
2510 846 2528 879 ι
2565 826 2722 883 Tunc
2770 829 2864 883 lilii
2914 828 3361 885 condemnabunt

128 906 171 957 oi
195 905 546 973 προλαϐόντες
578 908 774 960 ἐκεῖνοι
808 909 950 963 κατά
984 909 1074 961 τὸν
1109 912 1283 979 μέγαν
1324 909 1539 964 Παῦλον
1576 910 1679 962 οὐκ

1795 924 2054 984 parentes,
2077 928 2138 969 ut
2170 931 2267 973 eos
2299 918 2395 987 qui
2428 920 2571 975 bona
2600 935 2764 990 opera
2793 936 2903 976 non
2936 921 3235 977 fecerunt.»
3261 923 3361 977 Et-

130 997 450 1065 ἐκομίσαντο,
483 998 570 1052 ἴνα
617 1000 690 1069 μὴ
730 1003 897 1071 χωρὶς
923 1002 1098 1071 ⁸ἡμῶν
1145 1001 1500 1056 τελειωθῶσι.
1531 1002 1594 1055 Εί
1621 1000 1679 1054 δὶ

1795 1008 1927 1061 enim
1954 1008 2058 1063 nisi
2097 1022 2431 1081 cognoscent
2466 1012 2726 1076 invicem,
2756 1015 3028 1082 quomodo
3056 1023 3307 1082 parentes
3329 1030 3361 1068 ι

130 1089 283 1141 ταῦτα
309 1089 477 1153 οὕτως
503 1090 636 1159 ἔχει,
672 1091 788 1154 πῶς
812 1092 941 1169 οὐχὶ
970 1092 1065 1145 καὶ
1109 1092 1439 1163 γνωριοῦσιν
1464 1093 1513 1145 οί
1539 1092 1681 1148 πάν-

1795 1099 1911 1154 liliis
1959 1100 2034 1154 ita
2081 1104 2638 1161 eondemnabuntur?
2672 1106 2789 1161 Non
2824 1107 2941 1160 haec
2978 1121 3111 1160 vero
3157 1106 3360 1168 solum,

130 1196 210 1243 τες
243 1182 359 1244 τοὺς
408 1182 658 1247 πάντας;
687 1184 782 1253 Μὴ
829 1179 924 1237 οὖν
974 1184 1065 1237 ἐπὶ
1118 1184 1282 1238 πλέον
1321 1185 1631 1254 ἀμφίϐαλλε
1661 1201 1676 1216 ο

1795 1193 1880 1246 ted
1907 1202 1964 1247 et
1990 1192 2185 1249 fratres
2216 1194 2288 1248 ibi
2313 1211 2341 1249 a
2372 1196 2630 1252 fratribus
2661 1208 3079 1269 cognoscentur,
3103 1208 3159 1252 et
3186 1197 3363 1251 maxi-

132 1273 211 1327 τὸν
241 1274 345 1345 γὰρ
379 1274 558 1327 κοινὸν
605 1278 811 1329 ἐκεῖνον
842 1277 1265 1349 ἀναγνωρισμὸν
1313 1280 1403 1331 καὶ
1443 1280 1471 1331 6
1508 1278 1683 1348 μακά-

1795 1298 1875 1339 ωο
1904 1294 2191 1355 propterea
2220 1287 2379 1341 simul
2412 1287 2715 1343 aliieientur
2745 1290 3052 1363 gaudio,.et
3076 1290 3367 1343 conlirmat

135 1383 234 1434 ριος
272 1365 509 1436 Ἐφρσῒμ
545 1368 828 1438 παριστῶν
880 1370 1036 1438 ἔλεγε
1063 1385 1078 1401 ·
1110 1370 1246 1424 Τότε
1297 1372 1464 1424 τέκνα
1508 1387 1682 1425 κατα-

1795 1391 2089 1433 termonem
2147 1395 2380 1449 magnus
2410 1381 2723 1452 Theologus
2776 1381 3093 1452 Gregorius.
3162 1380 3223 1434 lu
3281 1380 3373 1434 fu-

134 1461 360 1528 κρινοῦσι
387 1464 584 1526 γονεῖς,
616 1462 691 1525 ὡς
726 1461 802 1531 μὴ
832 1463 900 1515 τά
946 1464 1161 1535 χρηστὰ
1207 1463 1682 1533 διαπραξαμένους

1795 1468 1941 1523 nebri
1985 1468 2130 1523 enim
2179 1472 2428 1526 oratione
2471 1473 2525 1526 in
2564 1488 2722 1528 suum
2767 1472 2991 1526 fratrem
3046 1473 3367 1538 Cmsarium,

134 1551 288 1620 ἔργα·
320 1552 414 1605 καὶ
464 1553 573 1619 γὰρ
606 1554 656 1606 εί
712 1554 789 1624 μὴ
846 1557 1211 1623 γνωρίσουσιν
1249 1554 1532 1625 ἀλλήλους,
1564 1553 1684 1617 πῶς

1795 1570 1840 1615 et
1881 1561 1999 1615 haec
2026 1560 2302 1617 disserens
2346 1565 2653 1631 reperitur:
2690 1581 2709 1617 ι
2741 1562 2895 1619 Tunc
2930 1563 3229 1618 Caesarium
3281 1566 3363 1618 vi-

135 1641 272 1696 ἕσται
304 1646 411 1707 τοῖς
440 1643 659 1711 γονεῦσι
709 1647 860 1716 παρά
896 1647 1004 1700 τῶν
1034 1647 1240 1700 τέκνων
1270 1650 1304 1717 ἡ
1332 1648 1556 1717 τοιαύτη
1586 1664 1684 1701 κα-

1795 1652 1925 1708 debo
1966 1653 2338 1722 splendidum,
2382 1656 2698 1726 gloriosum,
2741 1657 3134 1722 exsultantem,
3176 1657 3360 1725 qualis

134 1734 364 1803 τάκρισις
388 1751 403 1801 ;
431 1736 508 1789 Οὐ
555 1735 729 1790 ταῦτα
777 1737 834 1790 δὲ
889 1737 1074 1805 μόνον,
1105 1736 1241 1790 ἀλλά
1280 1739 1377 1791 καὶ
1418 1736 1682 1807 ἀδελφοὺς

1795 1744 1922 1798 mihi
1950 1754 2007 1800 et
2035 1747 2338 1801 secundum
2372 1750 2612 1817 quietem
2636 1750 2787 1804 visus
2811 1759 2929 1815 est,
2963 1749 3195 1803 fratrum
3231 1749 3361 1804 cha-
3458 1728 3461 1731 δ

134 1795 293 1880 ἐκεῖσε
330 1795 694 1896 γνωρίσουσιν
749 1795 988 1897 ἀδελφοὶ,
1017 1795 1110 1883 καὶ
1146 1828 1381 1899 μεγίστη
1410 1828 1498 1882 διά
1524 1795 1684 1881 τοῦτο

1957 1795 2006 1800 -_
2036 1795 2338 1801 _,-_____"_
2376 1795 2612 1817 1---“-.-
2647 1795 2787 1804 η---
2814 1795 2929 1815 ---,
2963 1795 3195 1803 ---.._...
3234 1795 3336 1804 ν..-

1795 1836 2021 1893 rissime.
2052 1857 2072 1891 ι
2101 1838 2256 1904 Quod
2287 1856 2418 1895 vero
2450 1856 2561 1895 non
2582 1842 2755 1897 solum
2788 1854 2939 1907 tunc,
2964 1842 3060 1897 sed
3086 1852 3142 1896 et
3170 1842 3358 1906 modo,

136 1920 395 1973 συνέσεται
439 1921 717 1991 χαρμονή.
769 1921 881 1975 Καὶ
917 1922 1131 1991 βεϐαιοῖ
1159 1922 1253 1973 τὸν
1278 1920 1437 1988 λόγον
1462 1922 1490 1972 6
1519 1920 1685 1982 πολὺς

1795 1929 1881 1997 qui
1913 1930 1970 1983 in
2008 1928 2244 1986 Domino
2279 1933 2626 1987 dormierunt
2657 1934 2711 1987 in
2763 1934 2868 1988 hoc
2900 1934 3065 1988 simul
3095 1932 3368 1999 laetantur,

134 2013 183 2064 tv
208 2012 448 2082 θεολογίᾳ
482 2014 786 2083 Γρηγόριος
815 2027 829 2043 ⁸
858 2015 918 2067 ὲν
947 2012 1056 2081 γὰρ
1086 2012 1162 2081 τῷ
1195 2014 1276 2074 είς
1303 2011 1396 2064 τὸν
1422 2010 1686 2065 αὐτάδελ-

1795 2032 2015 2087 ιυιιειιυε
2062 2020 2390 2078 Athanasius
2426 2008 2665 2078 ostendit
2718 2023 2807 2085 ita:
2835 2023 3060 2078 dicens:
3104 2022 3261 2088 Quod
3316 2032 3371 2077 et

135 2120 221 2172 φον
250 2104 408 2159 αὐτοῦ
441 2105 745 2175 Καισάριον
790 2106 1064 2175 ἐπιταφίῳ
1098 2106 1242 2175 λόγῳ
1288 2105 1380 2159 καὶ
1416 2103 1541 2158 τάδε
1570 2104 1686 2156 δια-

1795 2108 1893 2164 hoc
1922 2109 1990 2165 iis
2023 2112 2117 2179 qui
2146 2113 2446 2178 salvantur,
2479 2114 2711 2183 largitur
2740 2114 2885 2169 Deus
2920 2123 3094 2183 usque
3122 2114 3187 2168 ad
3221 2129 3373 2168 com-

135 2197 407 2264 λαμδάνων
436 2196 708 2268 εὖρηται’
751 2216 771 2250 ι
818 2198 956 2253 Τότε
988 2199 1292 2267 Καισάρων
1318 2197 1518 2267 ὄψομαι
1547 2198 1686 2267 λαμ-

1795 2218 2010 2259 munem
2044 2208 2525 2272 resurrectionem,
2546 2207 2757 2262 scilicet
2780 2207 3099 2277 spiritaliter
3132 2207 3371 2261 invicem

133 2286 273 2355 πρὸν,
295 2285 524 2361 ἔνδοξον,
556 2288 947 2358 ἀγαλλόμενον,
993 2285 1103 2352 οἷός
1135 2306 1226 2358 μοι
1262 2289 1357 2342 καὶ
1386 2287 1510 2340 κατ’
1549 2286 1684 2356 δναρ

1795 2297 2133 2361 conversari,
2165 2306 2219 2351 et
2244 2298 2408 2353 simul
2437 2278 2644 2365 laetari;
2668 2310 2992 2368 peccatores
3024 2315 3156 2355 vero
3186 2310 3241 2354 et
3267 2300 3371 2354 hac

134 2373 319 2442 ὤφθης,
342 2375 591 2443 ἀδελφῶν
620 2376 862 2444 φίλτατε.
907 2396 927 2429 ι
962 2376 1086 2429 Ὅτι
1118 2376 1174 2430 δὲ
1211 2375 1270 2429 οὐ
1313 2375 1435 2429 τότε
1502 2376 1683 2446 μόνον,

1795 2384 2166 2439 consolatione
2200 2401 2416 2445 carere.
2462 2387 2652 2456 Neque
2684 2386 2855 2452 enim,
2880 2396 2938 2441 ut
2967 2389 3046 2441 ait
3079 2389 3373 2443 Damasce-

132 2466 251 2520 ἀλλά
273 2469 363 2521 καὶ
390 2467 486 2521 νῦν
517 2469 565 2521 oi
590 2471 646 2521 ὲν
676 2469 867 2540 Κυρίῳ
896 2468 1255 2539 κοιμηθέντες
1271 2469 1330 2521 ὲν
1349 2466 1525 2537 τούτῳ
1557 2482 1685 2520 συν-

1795 2491 1893 2531 nus
1951 2475 2213 2544 Joannes,
2260 2478 2614 2534 discernendi
2686 2481 3003 2535 facultatem
3059 2481 3151 2545 lii,
3211 2478 3373 2533 sicuti

132 2559 518 2629 ευφραίνονται,
548 2562 577 2613 6
613 2560 783 2631 μέγας
820 2561 1135 2625 ’Δοανάσιος
1167 2559 1370 2627 ἔδειξεν
1418 2560 1591 2624 οὕτως
1613 2561 1686 2614 εί-

1795 2568 1984 2633 sancti,
2046 2569 2350 2638 possident.
2398 2570 2457 2623 ln
2507 2570 2599 2625 illo
2631 2586 2761 2625 vero
2803 2573 3085 2626 communi
3137 2572 3374 2634 theatro,

133 2648 266 2703 πών·
294 2651 415 2705 Ὅτι
468 2652 568 2705 καὶ
620 2651 784 2705 τοῦτο
819 2654 934 2715 τοῖς
987 2651 1320 2721 σωζομένοις
1362 2651 1686 2722 κεχάρισται

1795 2661 1948 2741 sicuti
2001 2670 2158 2717 actus
2209 2664 2455 2717 omnium
2505 2663 2736 2719 revelati
2788 2671 2939 2728 sunt,
2992 2664 3065 2718 ita
3113 2670 3170 2717 et
3206 2662 3377 2716 facies

134 2740 269 2809 παρά
306 2739 466 2805 Θεοῦ,
492 2739 552 2792 τὸ
587 2740 753 2810 μέχρι
785 2739 886 2807 τῆς
918 2740 1106 2809 κοινῆς
1144 2740 1495 2801 ἀναστάσεως
1525 2738 1686 2807 ψυχι-

1795 2736 1929 2809 notas
1965 2754 2221 2808 omnibus
2251 2756 2505 2810 astabunt
2532 2796 2548 2821 ,
2577 2757 2753 2810 donec
2787 2758 2854 2811 ab
2892 2756 3127 2810 invicem
3162 2755 3375 2824 disjun-

137 2828 233 2890 κῶς
257 2828 523 2899 ἀλλήλους
557 2832 799 2885 συνεῖναι
845 2832 942 2885 καὶ
990 2830 1484 2901 συνευφραίνεσθαι
1508 2845 1523 2861 ο
1549 2830 1599 2882 oi
1627 2829 1686 2882 δὲ

1795 2853 2021 2917 gantur;
2052 2855 2109 2900 et
2137 2845 2445 2900 dimittetur
2480 2846 2713 2916 quilibet
2743 2849 2798 2901 in
2832 2848 3033 2907 locum,
3062 2860 3227 2915 quem
3263 2846 3396 2900 sibi.

135 2920 423 2991 ἁμαρτωλοὶ
454 2925 552 2977 καὶ
576 2923 782 2994 ταύτης
809 2923 1167 2994 παραμυθίας
1196 2922 1537 2993 ἐστέρηνται·
1563 2922 1686 2976 οὐδὲ

1795 2935 2135 3005 praeparavit.
2188 2937 2271 2990 Ab
2323 2937 2582 2991 omnibus
2610 2952 2740 2991 vero
2783 2952 2886 2992 nos
2943 2947 3252 3008 spectatum
3296 2934 3370 2989 iri

132 3014 225 3083 γὰρ
250 3016 386 3070 καθά
419 3031 590 3085 φησιν
612 3018 642 3070 ό
667 3016 1031 3085 Δαμασκηνὸς
1072 3015 1350 3084 Ἰωάννης,
1374 3014 1436 3068 τὸ
1459 3014 1686 3081 διαγνω-

1795 3027 1955 3082 etiam
2001 3041 2229 3097 magnus
2271 3025 2538 3081 Maximus
2589 3028 2879 3083 manifeste
2923 3031 3101 3083 docet.
3160 3027 3220 3081 In
3273 3041 3374 3082 sua

134 3106 300 3161 στικὸν
323 3111 417 3161 καί⁵
445 3107 618 3173 οὗτοι,
644 3108 899 3177 καθάπερ
944 3108 994 3160 oi
1042 3108 1216 3176 ἅγιοι,
1251 3107 1549 3174 κέκτηνται
1575 3120 1590 3135 ⁸
1628 3106 1686 3158 ὲν

1795 3121 1938 3175 enim
1970 3120 2224 3175 oratione
2263 3120 2331 3174 de
2357 3119 2585 3173 tristitia
2608 3135 2714 3189 que
2739 3119 3038 3175 secundum
3070 3118 3239 3173 Deum
3265 3127 3372 3183 est,

132 3198 305 3269 ἐκείνῳ
348 3201 404 3253 δὲ
437 3199 521 3269 τῷ
568 3199 839 3271 πανδήμῳ
887 3199 1104 3271 θεάτρῳ
1138 3198 1325 3260 καθὼς
1368 3198 1425 3250 αἱ
1455 3196 1683 3267 πράξεις

1795 3222 1847 3268 et
1885 3214 2000 3267 hinc
2024 3213 2091 3267 ad
2122 3212 2351 3268 verbum
2380 3213 2637 3267 dissertat
2664 3230 2678 3266 :
2728 3229 2746 3264 ι
2779 3210 2933 3266 Tunc
2963 3211 3085 3265 libri
3122 3208 3375 3280 aperien-

132 3289 332 3343 πάντων
362 3292 893 3362 ἀνακεκαλυμμέναι
921 3293 1085 3356 εἰσὶν,
1126 3290 1270 3345 οὕτω
1297 3288 1391 3342 καὶ
1419 3289 1489 3341 τά
1514 3290 1685 3359 πρόσ-

1795 3319 1880 3361 ιυι·
1903 3305 2016 3376 (die
2045 3305 2238 3375 judicii
2263 3304 2540 3375 videlicet)
2562 3314 2879 3359 nostrorum
2901 3319 3156 3374 operum,
3175 3310 3231 3356 et
3252 3316 3371 3357 scr-

131 3397 240 3436 ωπι
263 3384 520 3455 γνώριμα
550 3387 685 3440 πᾶσι
715 3387 1075 3441 καθίστανται
1105 3387 1211 3449 ἓως
1265 3380 1325 3437 οὗ
1354 3385 1386 3454 ἡ
1411 3384 1507 3436 ἀπ’
1524 3384 1686 3453 ἀλλή-

1795 3410 2056 3457 monum,
2113 3402 2169 3448 et
2225 3394 2656 3465 cogitationum,
2699 3394 2902 3463 scripta
2957 3390 3375 3463 diligentissime

132 3478 222 3529 λων
240 3478 506 3544 διάζευξις
529 3482 754 3550 γένηται
779 3497 793 3511 ο
815 3482 906 3534 καὶ
930 3482 1433 3552 ἀποπεμφθήσεται
1452 3482 1685 3543 ἕκαστος

1795 3490 2138 3543 continentes
2192 3502 2279 3553 ea,
2329 3502 2427 3557 per
2487 3502 2608 3556 quae
2666 3486 2914 3540 omnium
2968 3482 3226 3539 revelatio
3282 3481 3375 3536 ﬁet

132 3571 202 3632 εἰς
249 3571 303 3624 6v
328 3575 509 3642 ἑαυτῷ
537 3574 703 3627 τόπον
734 3575 1053 3644 ήτοίμακεν.
1084 3573 1209 3628 Ὀτι
1243 3573 1302 3627 δὲ
1332 3574 1437 3626 ὑπὸ
1467 3575 1686 3651 πάντων

1795 3595 1981 3635 eorum
2013 3593 2134 3649 qua:
2156 3594 2187 3633 a
2214 3579 2372 3633 nobis
2415 3577 2556 3632 facta
2587 3577 2790 3632 fuerint
2820 3579 2876 3631 in
2906 3576 3056 3631 omni
3095 3581 3371 3634 creatura,

1794 3672 1930 3727 adeo
1964 3682 2025 3726 ut
2054 3673 2288 3727 invicem
2318 3672 2370 3725 in
2403 3680 2620 3725 tantum
2655 3670 2901 3725 omnium
2933 3679 3157 3738 peccata
3187 3666 3374 3721 omnia

1792 3773 2212 3836 cognoscantur,
2261 3771 2526 3833 quantum
2579 3762 2814 3831 quilibet
2860 3776 2979 3825 sua,
3025 3760 3222 3814 librum
3259 3773 3375 3813 suae

1793 3852 2146 3910 conscientim
2171 3851 2381 3922 legens.
2418 3869 2438 3903 ι
2489 3849 2667 3920 Atque
2704 3851 2778 3904 ita
2822 3848 3043 3918 quidem
3091 3846 3373 3901 divinissi-

1793 3962 1915 4002 mus
1947 3945 2233 3999 Maximus.
2289 3942 2567 4013 Propheta
2627 3956 2757 3997 vero
2792 3940 2962 3995 lsaias
3006 3936 3371 4000 manifestius,

1794 4040 1839 4094 si
1878 4037 2296 4102 animadvertis,
2329 4036 2593 4105 placitum
2629 4035 2732 4090 hoc
2765 4044 2817 4088 te
2856 4030 3101 4089 docebit.
3148 4031 3222 4084 De
3249 4029 3373 4099 qui-

1793 4129 2024 4185 busdam
2056 4129 2203 4183 enim
2240 4128 2294 4182 in
2321 4137 2548 4197 peccato
2578 4125 2812 4181 mortuis
2840 4125 3006 4181 verba
3044 4122 3251 4177 faciens
3300 4120 3373 4174 ita

1791 4222 1977 4276 dicere
2022 4220 2492 4291 deprehenditur:
2548 4236 2567 4270 ι
2606 4217 2816 4273 Vermis
2869 4230 3058 4270 eorum
3092 4228 3203 4268 non
3251 4227 3373 4267 mo-

126 4309 227 4362 τῶν
276 4312 687 4381 πεπραγμένων
719 4311 851 4381 ἡμῖν
897 4310 991 4363 ἐπὶ
1036 4308 1219 4378 πάσης
1255 4309 1506 4375 κτίσεως,
1542 4309 1686 4363 ὥστε

1795 4314 1987 4379 rietur,
2018 4314 2239 4384 et-ignis
2271 4327 2461 4367 eorum
2496 4326 2603 4365 non
2630 4310 3030 4379 exstinguetur,
3052 4318 3103 4360 et
3124 4314 3289 4359 erunt
3319 4305 3373 4357 iu

127 4406 370 4457 τοσοῦτον
417 4404 664 4474 ἀλλήλων
698 4402 995 4471 γινώσκειν
1043 4403 1223 4463 πάσας
1254 4403 1350 4464 τὰς
1385 4401 1683 4472 ἁμαρτίας,

1795 4406 2167 4476 spectaculum
2208 4405 2358 4459 omni
2403 4403 2576 4458 carni.
2620 4421 2639 4455 ι
2688 4403 2871 4456 lsthuc
2928 4400 3109 4468 ipsum
3143 4406 3197 4451 ct
3242 4396 3373 4450 illud

128 4498 239 4550 ὅσον
270 4498 503 4561 ἕκαστος
538 4499 637 4561 τὰς
672 4496 867 4549 ἑαυτοῦ
916 4497 1018 4566 τὴν
1074 4493 1257 4565 βίϐλον
1291 4493 1686 4562 ἀναγινώσκων

1795 4498 2171 4567 evangelicum
2197 4496 2555 4565 divinumque
2588 4493 2795 4548 dictum
2826 4490 3093 4545 indicavit
3123 4489 3331 4541 habens
3356 4504 3371 4539 :

126 4591 217 4657 τῆς
243 4591 435 4644 ἑαυτοῦ
479 4589 860 4659 συνειδήσεως.
905 4607 924 4640 ι
963 4588 1072 4640 Καὶ
1101 4586 1245 4640 οὕτω
1280 4585 1378 4654 μὲν
1414 4588 1442 4639 ό
1474 4585 1686 4638 eamea:

1800 4606 1820 4639 ι
1858 4589 2021 4642 Pater
2052 4568 2292 4655 tuusqui
2338 4596 2390 4641 te
2421 4587 2572 4641 videt
2606 4587 2663 4639 in
2698 4583 2935 4646 occulto,
2974 4579 3166 4634 reddet
3189 4578 3285 4630 tibi
3318 4576 3372 4629 in

128 4694 208 4742 τος
237 4681 487 4751 Μάξιμος
512 4699 526 4713 ·
559 4682 587 4734 6
620 4682 676 4733 δέ
724 4697 788 4748 γε
830 4680 1119 4749 προφήτης
1174 4677 1405 4740 Ἡσαΐας
1436 4676 1688 4746 ἀριδηλό-

132 3662 598 3737 θεατρισθησονται
632 3666 699 3719 τὰ
734 3652 1005 3736 ἡμέτερα,
1037 3670 1132 3720 καὶ
1160 3670 1187 3720 ό
1228 3667 1402 3736 μέγας
1430 3666 1685 3735 Μάξιμος

129 3754 380 3826 ἀριδήλως
429 3756 592 3809 τοῦτο
630 3756 965 3828 παρίστησιν
993 3772 1007 3786 ·
1057 3758 1115 3809 tv
1150 3757 1260 3827 γὰρ
1311 3758 1388 3826 τῷ
1422 3760 1554 3824 περὶ
1583 3755 1687 3819 τῆς

132 3847 259 3899 κατά
280 3848 411 3901 Θεὸν
441 3849 620 3918 λύπης
646 3849 789 3919 λόγῳ
842 3849 1031 3916 αὐτοῦ,
1060 3852 1155 3903 καὶ
1187 3848 1314 3903 τάδε
1360 3849 1503 3902 κατά
1533 3850 1686 3919 ῥῆμα

129 3936 367 4001 (λέξειεν
409 3960 426 3991 ι
471 3939 794 4009 Τηνικαῦτα
848 3940 1021 4009 βίϐλοι
1070 3940 1401 4009 ἀνοίγονται,
1437 3939 1684 4010 δηλονότι

129 4030 180 4082 ἐν
206 4033 267 4102 τῇ
314 4033 502 4103 ἡμέρᾳ
543 4032 642 4102 τῆς
677 4031 935 4103 κρίσεως,
965 4030 1072 4086 τῶν
1102 4031 1391 4103 ἡμετέρων
1415 4031 1595 4102 ἔργων
1625 4049 1684 4085 τε

128 4126 214 4176 καὶ
239 4124 432 4193 λόγων,
469 4126 564 4178 καὶ
592 4124 871 4194 λογισμῶν
903 4124 1125 4195 ἔχουσαι
1161 4124 1300 4193 μετά
1321 4125 1506 4192 πάσης
1530 4125 1688 4195 ἀκριο

130 4216 268 4280 σείας
287 4218 355 4270 τὰ
374 4218 655 4288 ἔγγραφοι,
677 4217 746 4270 δι’
773 4213 849 4271 ὦν
876 4216 1136 4271 ἁπάντων
1164 4215 1448 4286 γύμνωσις
1475 4216 1685 4285 γίνεται

1798 4679 2106 4733 manifesto.
2139 4698 2157 4730 ι
2196 4678 2310 4732 Hoc
2334 4686 2418 4732 est
2456 4692 2639 4731 coram
2688 4674 2837 4729 omni
2884 4682 3156 4726 creatura.
3202 4667 3368 4722 Juxta

126 4787 291 4842 τερον,
321 4777 376 4827 εἰ
406 4793 471 4843 γε
499 4778 796 4846 προσέχῃς,
824 4775 884 4827 τὸ
924 4773 1103 4843 δόγμα
1151 4770 1309 4825 τοῦτο
1341 4769 1543 4835 διδάξει
1578 4786 1637 4822 σε
1668 4788 1685 4804 ο

128 4867 245 4934 περί
277 4885 435 4921 τινων
455 4869 561 4937 γὰρ
592 4869 649 4920 ὲν
685 4865 985 4937 ἁμαρτίαις
1030 4863 1378 4933 τεθνηκότων
1408 4863 1499 4916 τὸν
1528 4860 1687 4929 λόγον

126 4961 458 5029 ποιούμενος,
499 4960 673 5022 οὕτως
720 4958 954 5028 εὓρηται
1005 4957 1216 5023 λέγων·
1275 4973 1294 5007 ι
1354 4954 1417 5009 Ὀ
1466 4952 1686 5022 σκώληξ

126 5050 296 5105 αὐτῶν
323 5052 386 5104 οὑ
413 5052 748 5122 τελευτήσει,
775 5050 870 5103 καὶ
898 5049 959 5102 τὸ
988 5046 1100 5114 πῦρ
1153 5045 1331 5099 αὐτῶν
1360 5045 1420 5097 οὐ
1458 5044 1687 5113 σϐεσθῆ-

122 5157 295 5207 νσεται,
321 5142 417 5195 καὶ
446 5142 662 5196 ἔσονται
706 5142 787 5203 είς
836 5141 1030 5208 ὅρασιν
1065 5138 1219 5209 πάσῃ
1256 5134 1441 5206 σαρκί.
1490 5153 1509 5185 ι
1546 5133 1688 5187 Αὐτὸ

124 5234 275 5288 τοῦτο
319 5240 416 5289 καὶ
448 5237 509 5289 τὸ
552 5234 911 5303 εὐαγγελικὸν
967 5232 1146 5284 ἐκεῖνο
1198 5230 1294 5283 καὶ
1341 5228 1485 5281 θεῖον
1521 5226 1687 5296 ῥητὸν

128 5325 456 5397 ὑπεμφαίνει
498 5329 559 5381 τὸ
587 5329 749 5395 λέγον
774 5341 789 5357 ·
843 5324 907 5378 '0
938 5323 1131 5393 Πατήρ
1166 5339 1260 5375 σου
1293 5324 1321 5375 ὁ
1362 5320 1578 5392 βλέπων
1625 5334 1687 5371 σε

125 5418 180 5469 ὲν
202 5419 278 5488 τῷ
306 5419 530 5490 κρυπτῷ
556 5418 826 5473 ἀποδώσει
852 5433 937 5470 σοι
982 5419 1040 5470 ὲν
1071 5414 1151 5486 τῷ
1186 5411 1429 5483 φανεριῖν
1480 5431 1499 5463 ι
1531 5426 1688 5466 τουτ-

125 5508 287 5563 έστιν
314 5514 406 5564 ἐπὶ
453 5513 637 5583 πάσης
671 5510 903 5571 κτίσεως
928 5524 943 5540 '
978 5507 1125 5562 κατά
1162 5507 1273 5576 γὰρ
1307 5506 1399 5559 τὸν
1454 5505 1691 5575 χρυσορ-

130 5604 335 5671 ῥήμονα
379 5602 651 5674 Ἰωάννην,
693 5602 807 5655 εἴτε
842 5599 1258 5670 στεφανωθῆναι
1314 5598 1527 5667 μέλλεις
1574 5595 1685 5649 εἴτε

128 5694 540 5766 κατακριθῆναι,
567 5697 718 5748 πᾶσα
749 5693 909 5747 τοῦτο
943 5693 1063 5745 τότε
1113 5692 1251 5761 σὰρξ
1300 5693 1560 5759 γνωριεῖ·
1594 5691 1689 5743 καὶ

127 5783 230 5855 γὰρ
252 5787 501 5859 ἕκαστος,
534 5791 640 5845 εἴτε
672 5789 900 5852 δίκαιος,
927 5786 1037 5840 εἴτε
1065 5785 1158 5839 καὶ
1184 5784 1529 5855 ἁμαρτωλὸς,
1550 5801 1687 5852 γνω-

1796 4774 1941 4827 enim
1984 4772 2328 4841 auriloquum
2363 4769 2653 4832 Joannem,
2679 4768 2795 4822 sive
2836 4762 3204 4827 coronandus,
3259 4760 3375 4815 sive

1796 4866 2244 4920 condemnandus
2282 4879 2362 4928 es,
2398 4864 2446 4917 id
2492 4872 2621 4915 tunc
2666 4859 2845 4915 omnis
2885 4871 3010 4912 caro
3049 4863 3367 4925 cognoscet.

1798 4957 2009 5013 Etenim
2038 4958 2264 5027 quilibet
2295 4958 2411 5011 sive
2436 4957 2637 5026 justus,
2686 4954 2801 5008 sive
2837 4959 3093 5022 peccator
3131 4963 3373 5018 cognos-

1796 5058 1883 5103 cet
1910 5059 2040 5104 tunc
2074 5065 2289 5111 omnes,
2321 5056 2380 5102 ut
2413 5048 2522 5117 jam
2556 5045 2765 5100 dictum
2795 5052 2901 5105 est,
2929 5050 2985 5095 et
3023 5040 3092 5094 ab
3121 5039 3377 5094 omnibus

1796 5142 1999 5213 pariter
2034 5142 2150 5212 ipse
2176 5149 2559 5211 cognoscetur.
2611 5139 2673 5192 Et
2718 5138 2823 5190 hoc
2864 5132 3211 5189 manifestius
3264 5130 3375 5183 lin-

1799 5252 1959 5307 guam
1993 5250 2213 5298 aureus,
2246 5235 2300 5287 in
2336 5249 2437 5288 sua
2475 5232 2696 5288 homilia
2727 5231 2797 5285 50
2855 5230 2910 5282 in
2970 5226 3371 5283 Hexaemeron,

1799 5326 2060 5382 ostendit.
2096 5325 2237 5379 Dicit
2279 5324 2428 5379 enim
2463 5322 2940 5379 conversationem
2970 5324 3242 5374 nostram,
3274 5327 3375 5379 seu

1798 5418 1965 5483 bona,
1998 5431 2093 5471 seu
2127 5416 2269 5470 mala
2316 5424 2424 5481 est,
2457 5416 2527 5471 ab
2559 5414 2816 5469 omnibus
2846 5411 2921 5466 ibi
2943 5410 3124 5463 visum
3161 5404 3249 5467 iri,
3277 5399 3393 5471 qui~

1796 5510 1867 5565 ab
1912 5509 2120 5565 Adamo
2171 5508 2431 5563 videlicet
2485 5522 2655 5577 usque
2712 5503 2780 5558 ad
2838 5495 3387 5558 consummationem.

1798 5601 2022 5656 fuerint.
2074 5600 2140 5655 Et
2185 5601 2290 5655 hoc
2320 5608 2404 5656 est
2437 5599 2583 5669 quod
2637 5595 2853 5651 dicebat
2906 5588 3091 5644 divina
3123 5584 3330 5639 Littera
3358 5597 3391 5635 ιγ

1804 5713 1822 5744 ι
1864 5693 2022 5747 Pater
2059 5702 2185 5746 tuus
2214 5694 2303 5762 qui
2347 5692 2489 5747 videt
2518 5701 2566 5746 tc
2602 5691 2656 5742 in
2680 5684 2916 5748 occulto,
2944 5678 3125 5733 rell-let
3181 5673 3276 5728 tibi
3314 5674 3393 5727 im

1801 5782 2113 5839 manifesto.
2154 5802 2170 5832 ι
