3838 6226
471 300 576 368 787

1726 303 1780 363 Μ
1795 303 2147 364 [Cl-IAELIS
2188 304 2447 364 GLYC/E
3578 305 3661 368 788

478 413 617 483 ρίσει
669 411 788 466 τότε
845 413 1074 480 πάντας,
1124 413 1196 478 ὡς
1252 413 1355 485 ήδη
1409 415 1734 485 προείρηται
1765 429 1780 443 ’
1814 416 1908 469 καὶ
1977 417 2082 469 ὑπὸ
2114 415 2334 469 πάντων
2371 413 2524 478 αὖθις
2593 413 2752 477 αὐτὸς
2795 415 3250 486 γνωρισθήσεται.
3283 413 3387 469 Καὶ
3417 411 3560 466 τοῦτο
3587 433 3664 470 σα·

475 510 740 576 φέστερον
777 511 803 561 6
837 507 934 577 τὴν
993 505 1238 575 γλῶτταν
1289 508 1524 580 χρυσοῦς
1577 508 1639 560 ἐν
1701 510 1768 577 τῇ
1826 509 1907 570 εἰς
1958 507 2055 577 τὴν
2105 505 2444 578 Ἐξαήμερον
2497 511 2793 578 τριακοστῇ
2873 508 3064 578 πρώτῃ
3113 507 3280 562 αὐτοῦ
3310 507 3491 578 ὁμιλίᾳ
3529 511 3664 572 περί·

475 617 634 670 στησι
666 619 674 630 ’
704 600 852 668 λέγει
879 601 986 670 γὰρ
1015 600 1096 653 ὅτι
1128 603 1226 670 τὴν
1260 600 1534 654 πολιτείαν
1588 600 1745 670 ἡμῶν
1775 601 1884 652 είτε
1915 600 2127 670 χρηστή
2193 601 2361 666 ἐστιν,
2386 601 2498 653 είτε
2563 603 2660 655 καὶ
2719 601 2919 671 φαύλη,
2947 603 3077 656 ἰδεῖν
3099 601 3337 664 ἅπαντες
3363 602 3531 652 ἐκεῖσε
3560 603 3664 669 μέλ-

473 691 656 744 λουσιν
689 693 736 744 οί
773 693 881 746 ἀπὸ
915 692 1009 746 τοῦ
1055 693 1226 763 Ἀδὰμ
1261 693 1463 762 δηλαδὴ
1490 691 1584 746 καὶ
1612 693 1772 761 μέχρι
1798 691 1896 760 τῆς
1921 689 2256 752 συντελείας.
2289 693 2400 744 Καὶ
2432 690 2591 745 τοῦτό
2639 694 2808 757 ἐστιν,
2870 693 3007 760 ὅπερ
3047 693 3199 762 ἔλεγε
3263 693 3322 746 τὸ
3383 693 3600 764 γράμμα
3622 700 3668 747 τὸ

474 784 642 836 θεῖονο
682 784 740 838 '0
798 785 986 855 Πατήρ
1035 800 1130 838 σου
1172 786 1199 838 6
1249 785 1462 850 βλέπων
1504 798 1563 836 σε
1606 785 1662 836 ἐν
1707 781 1788 852 τῷ
1817 781 2048 852 κρυπτῷ
2085 783 2358 836 ἀποδώσει
2395 801 2476 838 σοι
2503 786 2562 838 ἐν
2590 785 2666 855 τῷ
2699 785 2972 857 σφανερῷ.
3665 815 3668 817 λ

547 877 692 933 Bene
723 879 889 946 igitur
913 892 1096 933 sermo
1123 878 1378 947 superius
1411 875 1647 940 dicebat,
1675 889 2048 944 unumquem-r

2219 876 2420 940 Καλῶς
2460 873 2555 932 οὖν
2599 881 2628 931 6
2677 879 2836 946 λόγος
2885 879 3096 934 ἄνωθεν
3123 879 3330 948 ἔλεγεν,
3357 882 3440 935 ὅτι
3473 882 3670 945 ἕκαστος

475 984 585 1040 quc
618 970 940 1024 mittendum
966 984 1088 1024 esse
1119 970 1173 1024 in
1208 969 1590 1037 locum,quem
1613 967 1718 1020 sibi
1737 965 1968 1034 paravit,
1990 974 2047 1019 et

472 1061 607 1129 justi
651 1061 871 1130 quidem
907 1077 1028 1116 cum
1073 1061 1184 1116 Deo
1234 1063 1292 1115 "et
1347 1059 1603 1114 invicem.
1659 1058 1730 1114 Et
1784 1059 1858 1114 ita
1898 1058 2044 1114 enim

475 1155 612 1210 dicit
662 1156 932 1211 maximus
988 1155 1186 1210 Paulus
1232 1155 1532 1224 inquiens:
1591 1172 1610 1206 ι
1650 1153 1863 1223 Ubique
1917 1169 2042 1208 cum

475 1248 708 1303 Domino
744 1249 968 1321 erimus.
1011 1266 1030 1299 ι
1079 1248 1402 1302 Peccatores
1430 1261 1560 1301 vero
1591 1249 1646 1300 in
1683 1247 2048 1302 exterioribus

476 1339 634 1397 locis,
683 1342 776 1407 qui
809 1348 864 1392 et
903 1337 1064 1392 simul
1097 1338 1472 1402 invicem,sed
1511 1339 1674 1393 simul
1708 1340 1827 1394 sine
1857 1348 2046 1394 mutua

473 1429 809 1498 cognitione.
839 1430 907 1483 Et
950 1429 1267 1499 hujnsmodi
1307 1430 1457 1484 enim
1506 1431 1884 1486 consolatione
1929 1432 2045 1502 pri-

473 1527 693 1572 vantur.
722 1518 853 1574 Rern
880 1529 1062 1575 autem
1099 1521 1174 1574 ita
1207 1521 1432 1588 habere,
1451 1529 1508 1576 et
1541 1532 1854 1590 peccatores
1881 1523 2046 1577 simul

474 1610 705 1665 invicem
757 1612 934 1681 puniti
973 1627 1086 1667 non
1145 1614 1368 1682 quidem
1423 1616 1644 1671 videant
1697 1631 1755 1671 se
1812 1613 2047 1671 invicem

472 1702 694 1769 majoris
741 1703 1001 1757 tormenti
1053 1706 1250 1776 gratia,
1309 1714 1372 1760 et
1435 1706 1614 1777 ipsum
1668 1707 2045 1762 auriﬂuentem

473 1795 618 1848 audi.
651 1793 711 1848 In
745 1795 1097 1865 Expositione
1128 1798 1275 1851 enim
1324 1797 1577 1867 Epistolas
1615 1798 1683 1853 ad
1710 1798 1965 1854 Hebraeos
1993 1807 2048 1853 et

473 1884 591 1938 haec
621 1887 689 1938 de
727 1886 827 1940 hoc
855 1887 974 1954 ipso
1003 1886 1259 1940 disserit:
1286 1884 1346 1940 In
1374 1887 1497 1957 igne
1521 1887 1731 1956 punitis
1759 1887 2050 1941 tenebroso

473 1983 605 2030 tunc
659 1992 837 2044 neque
874 1978 1152 2047 proximos
1186 1978 1373 2034 videre
1417 1981 1771 2049 permittitur.
1820 1979 2050 2035 Videtur

472 2079 655 2124 autem
691 2073 845 2126 solus
871 2072 1103 2142 quilibet
1134 2073 1246 2142 pati
1278 2088 1344 2127 ex
1370 2089 1436 2128 eo
1471 2074 1616 2142 quod
1645 2089 1824 2142 neque
1845 2073 2047 2138 videat,

471 2177 653 2232 neque
690 2163 962 2219 videatur.
999 2164 1056 2218 Si
1088 2166 1234 2218 enim
1273 2165 1435 2234 ignis,
1469 2167 1804 2235 caliginosus
1862 2173 2047 2220 tamen

2148 965 2648 1035 ἀποπεμφθήσεται
2680 969 2759 1031 είς
2782 967 2841 1021 ὃν
2869 967 3052 1038 ἐαυτῷ
3088 968 3253 1022 τόπον
3281 969 3540 1040 ήτοίμακε
3561 987 3575 1002 ·
3599 973 3672 1024 καὶ

2147 1057 2197 1110 οἱ
2247 1056 2346 1126 μέν
2380 1055 2580 1110 δίκαιοι
2635 1061 2775 1127 μετὰ
2822 1056 2956 1111 Θεοῦ
3001 1059 3096 1111 καὶ
3128 1058 3395 1128 ἀλλήλων,
3423 1061 3517 1112 καὶ
3555 1060 3680 1114 οὕτω

2147 1149 2278 1220 γὰρ,
2315 1152 2502 1220 φησὶν,
2527 1153 2556 1203 6
2586 1151 2889 1221 πάμμεγας
2937 1153 3148 1216 Παῦλος
3192 1151 3370 1218 ἔλεγε,
3401 1169 3420 1204 ι
3469 1152 3670 1206 Πάντοτε

2149 1243 2248 1296 σὺν
2281 1243 2474 1314 Κυρίῳ
2507 1243 2766 1313 ἐσόμεθα.
2818 1263 2836 1296 i
2873 1245 2935 1297 υἱ
2972 1244 3029 1298 δέ
3059 1245 3378 1315 ἁμαρτωλοὶ
3419 1247 3477 1297 ἐν
3520 1245 3675 1306 τόποις

2147 1335 2457 1405 ἐξωτέροις,
2501 1338 2551 1389 εἰ
2601 1340 2694 1390 καὶ
2730 1337 2850 1407 μετ’
2878 1337 3146 1407 ἀλλήλων,
3195 1337 3312 1391 ἀλλ’
3358 1338 3492 1404 ὁμοῦ
3525 1339 3674 1406 πάσης

2148 1411 2506 1497 παραμυθίας
2539 1429 2882 1498 ἐστέρηνται.
2915 1429 3037 1482 Ὀτι
3086 1429 3141 1481 δὲ
3179 1429 3352 1481 ταῦτα
3377 1429 3542 1490 οὕτως
3567 1427 3675 1496 ἔχει,

2148 1520 2242 1572 καὶ
2265 1520 2347 1572 ὅτι
2385 1519 2503 1589 μετ’
2529 1519 2777 1590 ἀλλήλων
2809 1523 2858 1574 οί
2887 1522 3206 1590 ἁμαρτω).οὶ
3263 1521 3600 1590 κολαζόμενοι
3627 1523 3674 1571 οὐ

2151 1610 2250 1681 μέν
2281 1607 2374 1665 οὖν
2424 1611 2630 1680 ὁρῶσιν
2673 1612 2936 1682 ἀλλήλους
2965 1614 3053 1666 διὰ
3089 1614 3310 1682 μείζονα
3345 1613 3578 1673 κόλασιν,
3603 1613 3677 1665 καὶ

2149 1703 2312 1756 αὑτοῦ
2344 1702 2436 1756 τοῦ
2483 1704 2945 1775 Χρυσορρήμονος
2983 1704 3149 1759 ἄκουε
3174 1722 3187 1735 ·
3218 1709 3275 1757 ἐν
3306 1707 3416 1775 γὰρ
3444 1709 3508 1772 τῇ
3537 1707 3679 1774 ἑρμη-

2149 1797 2267 1867 νεία
2295 1799 2395 1867 τῆς
2432 1798 2572 1868 πρὸς
2626 1798 2919 1868 Ἐὅραίους
2952 1801 3240 1868 ἐπιστολῆς
3273 1803 3370 1853 καὶ
3419 1800 3541 1852 τάδε
3582 1801 3681 1868 περὶ

2150 1890 2340 1942 τούτου
2386 1890 2680 1956 διέξεισινο
2717 1891 2808 1943 Ἐν
2866 1893 3000 1964 πυρὶ
3045 1894 3404 1962 κολαζόμενοι
3453 1893 3681 1956 σκοτεινῷ

2147 1982 2266 2035 τότε
2293 1981 2414 2035 οὐδέ
2445 1982 2572 2044 τοὺς
2607 1982 2836 2053 πλησίον
2876 1986 3010 2055 ὁρᾷν
3053 1984 3487 2054 συγχωρούμεθα
3510 2001 3525 2016 ⁸
3564 1983 3682 2037 δοκεῖ

2148 2075 2206 2127 δέ
2254 2078 2414 2144 μόνος
2462 2075 2693 2138 ἕκαστος
2743 2075 2972 2145 πάσχειν
3001 2077 3066 2129 ἐκ
3104 2076 3196 2129 τοῦ
3236 2079 3376 2145 μήτε
3413 2078 3542 2146 όρᾷν
3573 2078 3684 2143 μήτε

2149 2167 2382 2236 ὁρᾶσθαι
2409 2183 2423 2195 ·
2455 2168 2504 2220 ει
2537 2169 2646 2237 γὰρ
2685 2168 2780 2220 καὶ
2813 2167 2943 2236 πῦρ,
2972 2167 3108 2220 ἀλλά
3146 2168 3379 2238 ζοφερόν
3419 2169 3584 2232 ἐστιν,
3611 2167 3684 2220 ᾶτε

471 2262 578 2318 cst,
615 2254 882 2324 siquidem
912 2266 1062 2310 certe
1091 2257 1211 2328 ejus
1225 2233 1517 2311 efﬁcientia
1547 2233 1860 2312 illuminans
1881 2257 2046 2327 iustis

2155 2233 2212 2329 δὴ
2259 2259 2358 2326 τῆς
2393 2233 2730 2326 φωτιστικῆς
2777 2233 2945 2313 αὐτοῦ
2996 2233 3294 2329 ἐνεργείας-
3325 2260 3443 2321 τοῖς
3491 2259 3684 2320 δικαίοις

471 2343 766 2399 distributa
790 2355 894 2399 est.
922 2345 1068 2400 Bene
1096 2346 1262 2416 igitur
1291 2347 1566 2416 Propheta
1588 2348 1805 2402 dicebat
1835 2365 1848 2402 :
1879 2366 1898 2400 ι
1929 2348 2044 2402 Vox

471 2434 690 2489 Domini
739 2437 1092 2506 praecideritis
1140 2437 1412 2493 ﬂammam
1451 2439 1617 2509 ignis.
1657 2457 1676 2491 ι
1727 2439 1866 2505 Quia
1917 2455 2048 2496 vero

472 2529 772 2581 secundum
812 2529 1000 2583 divum
1030 2528 1322 2598 Ephraem,
1347 2540 1405 2585 et
1456 2547 1514 2586 se
1551 2532 1788 2586 invicem
1827 2533 2045 2603 cognati

470 2618 760 2678 videbunt.
808 2629 864 2674 et
913 2635 1135 2674 manum
1172 2625 1454 2692 porrigere
1488 2638 1596 2678 non
1643 2633 1903 2692 poterunt
1945 2625 2046 2690 eis,

473 2719 665 2768 contra
695 2727 834 2781 quos
862 2713 1090 2768 inducta
1123 2713 1290 2768 fuerit
1320 2715 1561 2786 negatio,
1587 2725 1643 2771 et
1665 2717 1782 2786 ipse
1806 2719 2048 2786 linguam

472 2821 676 2862 aureus
716 2807 772 2861 in
825 2807 1068 2862 secunda
1100 2808 1337 2878 Epistola
1369 2809 1436 2864 ad
1465 2808 1785 2865 Corinthios
1817 2811 2050 2867 manife-

472 2899 718 2954 stissime
763 2899 1010 2954 ostendit
1035 2899 1275 2955 dicens:
1331 2919 1350 2952 ι
1387 2899 1583 2978 Omnia
1629 2901 1704 2955 ibi
1747 2901 2049 2973 incognita,

474 2992 578 3046 etsi
615 2991 732 3046 Noe
761 2992 853 3058 sit,
883 3002 940 3047 et
965 2989 1224 3058 Jacobus,
1256 3002 1310 3047 et
1337 2991 1561 3060 Daniel;
1590 3003 1646 3047 et
1674 2992 1720 3047 si
1757 2992 2054 3049 familiares

479 3083 701 3138 videant
733 3085 980 3153 punitos,
1019 3099 1242 3138 manum
1263 3084 1453 3138 auxilii
1491 3084 1574 3139 eis
1600 3099 1711 3138 non
1745 3084 2051 3154 porrigunt.

472 3173 690 3232 Etenim
718 3174 997 3244 continget
1042 3184 1102 3228 ut
1151 3184 1208 3229 et
1242 3173 1532 3238 naturalis,
1565 3174 1874 3244 compassio
1922 3183 2054 3230 tunc

475 3265 776 3331 auferatur,
822 3273 883 3320 ut
913 3265 1041 3320 inde
1056 3266 1369 3336 perspicere
1391 3266 1462 3322 sit
1481 3266 1754 3334 iustorum
1773 3265 2043 3320 laetitiam.

475 3359 545 3412 Et
581 3357 854 3427 quomodo
890 3357 1037 3412 enim
1069 3373 1205 3427 pura
1243 3366 1372 3414 tunc
1420 3357 1606 3412 laetitia
1651 3372 1763 3412 non
1795 3357 2051 3412 fruentur

471 3452 631 3522 justi,
661 3451 932 3520 siquidem
965 3459 1021 3506 et
1067 3450 1370 3506 vindictam
1399 3450 1793 3506 existimabunt
1823 3451 2055 3520 injusto-

2148 2349 2608 2421 ἀπονεμηθείσης.
2630 2351 2825 2413 Καλῶς
2846 2349 2939 2404 οὖν
2959 2354 2986 2404 ὁ
3011 2352 3304 2421 Προφήτης
3333 2351 3538 2420 ἐλεγε·‹
3564 2351 3685 2401 Φωνὴ

2148 2439 2356 2506 Κυρίου
2390 2438 2775 2501 διακόπτοντος
2821 2439 2993 2507 φλόγα
3040 2440 3252 2509 πυρός.
3292 2459 3312 2492 ε
3349 2440 3475 2492 Ὀτι
3501 2439 3554 2492 δέ
3576 2441 3687 2490 κατὰ

2148 2529 2241 2583 τὸν
2273 2529 2416 2584 θεῖον
2455 2529 2696 2601 Ἐφραῒμ
2739 2532 2835 2584 καὶ
2867 2531 3130 2601 ἀλλήλους
3167 2533 3216 2585 οι
3259 2534 3544 2600 συγγενεῖς
3581 2530 3689 2582 θεωο

2153 2622 2404 2691 ρήσουσι,
2432 2622 2528 2675 καὶ
2559 2621 2747 2690 ὀρέξαι
2794 2623 2952 2692 χεῖρα
2993 2624 3055 2674 οὺ
3102 2622 3426 2693 δυνήσονται
3454 2625 3563 2685 τοῖς
3591 2622 3689 2672 καθ’

2149 2707 2226 2766 ὧν
2255 2712 2561 2783 ἐξενεχθείη
2619 2719 2742 2766 τότε
2791 2714 2823 2782 ἡ
2867 2711 3162 2781 ἀπόφασις,
3214 2714 3311 2766 καὶ
3375 2712 3587 2774 αὐτὸςό
3613 2710 3688 2778 τὴν

2151 2805 2400 2874 γλῶτταν
2453 2803 2688 2876 χρυσοῦς
2734 2804 2792 2856 ἐν
2822 2805 2888 2874 τῇ
2941 2804 3079 2873 πρὸς
3120 2803 3447 2872 Κορινθίους
3495 2802 3691 2870 δευτέρα

2152 2897 2415 2968 ἐπιστολῇ
2453 2896 2768 2964 σαφέστατα
2813 2894 3020 2960 ἔδειξεν
3069 2894 3244 2958 οὕτως
3277 2893 3493 2948 εἰπών·
3539 2893 3692 2946 Πάντα

2153 2993 2335 3045 ἐκεῖσε
2385 2989 2774 3057 ἅσύγγνωστα,
2810 2987 2914 3041 κᾶν
2963 2986 3090 3040 Νῶε
3131 2983 3221 3057 ἦν,
3269 2986 3375 3040 κᾶν
3424 2985 3564 3051 Ἰὼϐ,
3610 2983 3692 3036 xiv

2156 3082 2358 3152 Δανιήλ
2381 3097 2396 3113 ο
2417 3082 2513 3134 καὶ
2536 3081 2663 3142 τοὺς
2685 3080 2919 3142 οἰκείους
2943 3078 3094 3133 ἴδωσι
3116 3078 3541 3148 κολαζομένους,
3561 3076 3691 3146 χεῖρα

2157 3175 2414 3246 βοηθείας
2446 3174 2632 3236 αὐτοῖς
2661 3173 2762 3226 οὐκ
2791 3172 3084 3241 ὀρέγουσι·
3127 3171 3224 3226 καὶ
3253 3171 3364 3238 γὰρ
3396 3171 3491 3222 καὶ
3531 3169 3622 3236 τὴν
3647 3167 3693 3216 ἐκ

2153 3269 2253 3340 τῆς
2274 3268 2492 3338 φύσεως
2515 3266 2854 3336 ἀναιρεῖσθαι
2884 3263 3176 3333 συμϐαίνει
3200 3263 3320 3316 τότε
3352 3259 3694 3331 συμπάθειαν,

2156 3365 2231 3428 ὡς
2261 3360 2513 3416 ἐντεῦθεν
2541 3359 2782 3429 καθορᾷν
2809 3354 2950 3413 εἶναι
2979 3359 3081 3427 τὴν
3105 3355 3217 3410 τῶν
3263 3354 3497 3408 δικαίων
3523 3355 3696 3420 $6990-

2160 3455 2350 3524 σύνην.
2384 3453 2495 3506 Καὶ
2523 3451 2644 3514 πῶς
2671 3453 2780 3522 γὰρ
2809 3452 2870 3504 οὐ
2902 3451 3150 3520 καθαρᾶς
3201 3447 3576 3501 ἀπολαύσουσι
3598 3444 3694 3497 τότε

476 3559 599 3597 rum
631 3543 970 3612 punitionem
995 3544 1018 3597 l
1052 3563 1070 3596 ι
1101 3543 1168 3598 Et
1190 3543 1318 3598 audi
1341 3542 1472 3614 quid
1495 3542 1642 3598 dicat
1666 3542 1888 3597 Juliano
1916 3559 2049 3613 pra:-

2157 3551 2256 3620 τῆς
2287 3545 2626 3618 εὐφροσύνης
2655 3545 2706 3598 oi
2733 3543 2952 3610 δίκαιοι,
2974 3543 3027 3595 εί
3046 3558 3110 3610 γε
3133 3541 3227 3594 καὶ
3247 3539 3532 3608 ἐκδίκησιν
3552 3538 3698 3606 ἥγην-

475 3635 766 3691 varicatori
806 3651 1036 3708 magnus
1089 3634 1294 3691 Christi
1350 3645 1558 3706 martyr
1598 3644 1654 3690 et
1690 3635 2052 3690 certaminum

477 3731 654 3784 victor
712 3730 1030 3785 Artemius:
1080 3749 1099 3781 ι
1139 3729 1417 3785 Ultionem
1471 3743 1604 3783 vero
1657 3743 1872 3795 eorum,
1931 3744 2052 3796 quae

477 3823 612 3878 mihi
643 3837 674 3877 a
707 3831 758 3876 te
789 3823 949 3886 ﬁunt,
990 3830 1120 3876 tunc
1148 3821 1440 3891 accipiam,
1469 3820 1694 3891 quando
1726 3819 1869 3890 ignis
1899 3833 2053 3874 com-

477 3915 786 3983 prehendet
826 3921 882 3968 et
933 3922 1195 3982 perpetua
1248 3911 1488 3982 punitio.
1530 3929 1549 3964 ι
1597 3912 1663 3965 Ει
1706 3911 1752 3965 si
1790 3911 1897 3976 his,
1933 3925 2055 3980 quae

479 4005 755 4070 dicuntur,
786 4019 897 4059 non
930 4003 1302 4071 pe’rsuaderis,
1341 4003 1613 4072 parabolae
1649 4001 1838 4057 divitis
1865 4012 1918 4056 et
1948 4000 2052 4055 La-

479 4096 591 4149 zari
624 4096 808 4150 crede.
857 4095 996 4150 Vide
1046 4097 1192 4150 enim
1246 4095 1522 4164 quomodo
1569 4095 1915 4149 Abrahamus
1957 4095 2050 4148 ille

479 4187 812 4253 misericors,
841 4197 898 4242 et
945 4189 1221 4256 hOSpitum
1272 4203 1488 4250 amans,
1541 4203 1572 4241 a
1612 4187 1783 4242 divite
1831 4197 2053 4258 rogatus

479 4293 656 4348 neque
685 4279 1079 4349 aliquantisper
1106 4280 1284 4351 ignem
1303 4279 1563 4334 concidit.
1592 4279 1868 4350 Agitatum
1891 4280 2046 4334 vide-—

475 4371 570 4425 bat
595 4371 838 4438 divitem,
867 4381 921 4427 et
953 4372 1094 4427 srilla
1119 4373 1294 4442 ipsum
1317 4374 1569 4441 dignatus
1592 4389 1702 4427 non
1728 4383 1831 4428 est.
1859 4374 2051 4427 Ablata

472 4464 622 4518 enim
675 4465 747 4520 ibi
794 4464 977 4520 fuerat
1017 4466 1244 4521 omnino
1291 4474 1554 4520 consueta
1594 4465 1683 4520 hic
1731 4465 2052 4534 patriarchae

471 4558 803 4628 compassio.
837 4557 993 4615 Unde
1028 4557 1340 4613 inﬂexibilis
1384 4557 1522 4612 adeo
1562 4557 1848 4612 videbatur
1899 4557 2050 4610 diviti

470 4657 526 4700 et
554 4648 968 4706 immisericors.

2159 3660 2249 3695 ται
2297 3641 2406 3694 τῶν
2455 3639 2657 3692 ἀδίκων
2691 3638 2791 3705 τὴν
2841 3637 3102 3703 κόλασιν;
3153 3635 3264 3688 Καὶ
3295 3633 3464 3686 ἄκουε
3509 3632 3562 3684 τί
3591 3646 3698 3697 φησι

2161 3732 2298 3804 πρὸς
2319 3731 2630 3786 ,Ἰουλιανὺν
2671 3729 2768 3786 τὸν
2820 3727 3154 3798 Παραϐάτην
3180 3727 3209 3778 6
3235 3726 3329 3780 τοῦ
3360 3726 3598 3793 Χριστοῦ
3627 3741 3699 3790 με·

2160 3822 2521 3892 γαλομάρτυρ
2572 3820 2668 3874 καὶ
2697 3819 2996 3889 ἀθλοφόρος
3038 3816 3324 3888 Ἀρτέμιος
3349 3833 3365 3847 °
3401 3837 3422 3868 ι
3484 3815 3701 3879 Ἐκδίκη-

2161 3933 2248 3969 σιν
2285 3915 2342 3967 δέ
2381 3913 2490 3967 τῶν
2530 3912 2683 3982 παρὰ
2715 3910 2810 3964 σοῦ
2843 3927 2932 3986 μοι
2979 3910 3340 3978 ἐπαγομένων
3375 3909 3557 3960 ἐκεῖσε
3583 3905 3705 3969 δέξο-

2165 4023 2284 4078 μαι,
2311 4006 2474 4076 ἡνίκα
2497 4003 2558 4057 τὸ
2584 4003 2697 4074 πῦρ
2725 4004 2905 4056 ἐκεῖνο
2929 4001 3332 4070 καταλήψεται,
3363 3999 3464 4054 καὶ
3489 4000 3522 4067 ἡ
3545 3999 3703 4051 διαιωο

2159 4099 2380 4165 νίζουσα
2430 4097 2688 4159 κόλασις·
2738 4115 2757 4148 ι
2793 4096 2888 4149 καὶ
2923 4094 2974 4147 εί
3028 4093 3104 4164 μὴ
3144 4093 3322 4147 πείθει
3362 4095 3477 4156 τοῖς
3502 4091 3704 4160 λεγομέ-

2159 4210 2291 4259 νοις,
2316 4194 2382 4262 τῇ
2419 4191 2560 4245 κατὰ
2586 4189 2678 4243 τὸν
2705 4188 2961 4241 πλούσιον
2990 4186 3276 4257 παραϐολῇ
3305 4186 3403 4239 καὶ
3429 4184 3523 4237 τὸν
3552 4185 3705 4244 Λάζα-

2162 4300 2254 4353 ρον
2277 4279 2703 4351 πείσθητι.”ορα
2729 4279 2838 4349 γὰρ
2864 4277 2955 4330 τὸν
2991 4277 3240 4347 Ἀϐραὰμ
3261 4277 3470 4328 ἐκεῖνον
3496 4275 3585 4327 τὸν
3611 4273 3705 4327 ll:-

2160 4375 2336 4442 ήμονα
2364 4372 2458 4426 καὶ
2490 4371 2788 4440 φιλόξενον,
2821 4369 2939 4433 πῶς
2970 4368 3075 4421 ὑπὸ
3108 4367 3202 4420 τοῦ
3256 4367 3518 4420 πλουσίου
3550 4380 3704 4434 παρε-

2159 4462 2324 4516 καλού
2335 4479 2514 4532 μενος,
2542 4461 2664 4516 οὐδέ
2691 4460 2752 4513 τὸ
2783 4459 2942 4530 τυχὸν
2971 4459 3121 4527 αὐτῷ
3168 4459 3472 4512 συνέκοπτε
3496 4457 3560 4511 τὸ
3588 4457 3699 4522 πῦρ

2157 4556 2498 4625 πολούμενον
2527 4555 2673 4625 ἐώρα
2707 4556 2799 4606 τὸν
2837 4553 3115 4618 πλούσιον,
3139 4553 3234 4603 καὶ
3277 4553 3538 4617 σταγόνος
3567 4548 3702 4602 αὑτὸν

2155 4649 2255 4701 οὐκ
2305 4647 2573 4716 ὴξίὼσεν·
2624 4645 2870 4717 ἀνῄρητο
2905 4644 3016 4714 γὰρ
3071 4646 3251 4696 ἐκεῖσε
3302 4638 3703 4703 παντάπασινή

470 4742 716 4804 φυσικῶς
759 4743 992 4796 ἐνταῦθα
1049 4744 1330 4815 προσοῦσα
1363 4740 1441 4812 τῷ
1474 4742 1787 4812 πατριάρχῃ
1853 4737 2205 4809 συμπάθεια’
2237 4741 2361 4794 ὅθεν
2411 4739 2676 4811 ἀκαμπὴς
2735 4738 2830 4792 ἐπὶ
2895 4736 3154 4793 τοσοῦτον
3193 4739 3410 4805 ἑωρᾶτο
3451 4737 3528 4806 τῷ
3556 4737 3702 4787 uisu-

465 4837 571 4904 δίῳ
601 4841 695 4892 καὶ
723 4839 1087 4910 ἄσπλαγχνος.

544 4927 619 4982 De
661 4930 839 4984 futura
881 4933 1050 5000 igitur
1091 4941 1225 4986 tunc
1258 4930 1540 4986 communi
1583 4929 1966 4999 recognitione
1999 4938 2057 4984 et

473 5029 697 5076 sanctus
749 5021 1076 5077 Theodorus
1125 5021 1370 5078 Studites
1427 5023 1593 5078 latius
1646 5022 1924 5076 dissertat.
1992 5020 2052 5074 ln

470 5113 543 5167 22
571 5114 717 5169 enim
753 5130 851 5168 sua
897 5114 1183 5170 Catechesi
1225 5125 1281 5169 et
1314 5116 1430 5170 hmc
1459 5117 1528 5171 de
1559 5117 1661 5170 hoc
1715 5114 1836 5182 ipso
1868 5113 2054 5182 dispu-

474 5215 555 5260 tat
585 5223 598 5260 :
639 5225 656 5258 r
699 5206 895 5261 Verbis
927 5205 1215 5263 inutilibus
1243 5216 1460 5262 certant
1485 5206 1795 5276 quidanrad
1819 5205 2050 5258 subster-

478 5301 689 5354 sionem
728 5297 1089 5363 audientium,
1122 5298 1175 5353 in
1209 5300 1626 5370 regeneratione
1673 5312 1774 5352 nos
1815 5296 2055 5351 invicem

481 5390 627 5446 haud
682 5391 1002 5462 cognituros
1045 5405 1187 5455 esse,
1237 5392 1456 5462 quando
1492 5390 1709 5446 venerit
1749 5389 1922 5443 Filius
1960 5389 2053 5443 Dei

484 5485 733 5556 iudicare
777 5486 1057 5541 universa.
1111 5485 1312 5542 Dicunt
1359 5487 1547 5540 enim:
1592 5483 1880 5550 Quomodo
1930 5497 2054 5537 cum

488 5579 890 5635 resurrexcrint
917 5577 1169 5633 homines
1198 5579 1506 5647 incorrupti
1535 5585 1865 5648 cognoscent
1890 5591 1946 5631 se
1974 5574 2056 5628 in—

558 5732 670 5804 (84)
711 5731 932 5790 Videtur
961 5729 1270 5785 addcnium
1302 5731 1384 5784 οὐ.

2229 4928 2362 5000 Περὶ
2396 4927 2578 5000 μέντοι
2606 4927 2701 4980 τοῦ
2725 4927 3094 4998 γενησομένου
3119 4927 3239 4979 τότε
3272 4924 3452 4978 κοινοῦ
3479 4925 3700 4989 ἀναγνω-

2159 5019 2356 5092 ρισμοῦ
2387 5021 2484 5074 καὶ
2529 5023 2558 5074 ὁ
2603 5023 2662 5075 ἐν
2710 5021 2886 5088 ἁγίοις
2929 5019 3204 5088 Θεόδωρος
3230 5019 3258 5071 ὁ
3297 5017 3582 5084 Στουδίτηε
3601 5016 3700 5066 δια·

2154 5114 2425 5184 λαμϐάνει
2460 5112 2818 5183 πλατύτερον.
2857 5112 2946 5165 Ἐν
2975 5113 3087 5180 γὰρ
3116 5113 3336 5180 εἰκοστῇ
3363 5111 3591 5177 δευτέρα
3611 5104 3702 5156 τῶν

2153 5207 2317 5261 αὑτοῦ
2346 5199 2766 5276 Κατηχήσεωνί
2787 5206 2883 5256 καὶ
2920 5203 3049 5257 τάδε
3082 5203 3212 5272 περὶ
3239 5202 3431 5255 τούτου
3453 5201 3664 5264 διέξεισι
3687 5213 3695 5225 ·

2173 5317 2192 5350 ι
2243 5296 2628 5368 Λογομαχοῦσί
2655 5313 2797 5358 τινες
2835 5295 2924 5348 ἐπὶ
2967 5297 3319 5364 καταστροφῇ
3357 5294 3464 5346 τῶν
3492 5291 3699 5344 ἀκουόν-

2157 5389 2387 5454 των,ὄτι
2419 5387 2531 5458 (84)
2591 5385 2934 5456 γνωριοῦμεν
2987 5384 3252 5455 ἀλλήλους
3306 5386 3365 5439 ἐν
3421 5385 3485 5452 τῇ
3529 5383 3701 5443 παλιγ·

2158 5479 2400 5552 γενεσία,
2426 5481 2557 5533 ὅταν
2597 5479 2724 5550 ἔλθῃ
2755 5481 2784 5533 6
2819 5479 2945 5539 Υίὸς
2970 5478 3068 5531 τοῦ
3097 5476 3234 5529 Θεοῦ
3269 5478 3448 5547 κρῖναι
3475 5475 3546 5528 τὰ
3585 5471 3700 5540 σύμ-

2159 5588 2356 5628 παντα.
2385 5572 2618 5640 Λέγουσι
2646 5571 2777 5643 γὰρ,
2827 5569 2946 5632 Πῶς
2991 5567 3310 5638 ἐγερθέντες
3355 5569 3403 5622 οι
3445 5565 3700 5636 ἄνθρωποι
