3838 6226
125 356 216 419 789
1423 349 1786 412 EPISTULA
1825 349 1954 413 VII.
3211 349 3315 416 790

125 476 358 544 ἄφθαρτοι
409 473 765 543 γνωρίσουσιν
795 473 1081 543 ἀλλήλους,
1116 461 1352 542 ὁπηνίκα
1395 469 1645 531 Ἰουδαῖος

1787 482 1944 532 tcem,
1983 463 2200 536 quando
2229 479 2337 518 non
2366 465 2589 520 Iudaeus
2621 464 2748 531 erit,
2784 480 2885 520 nec
2917 463 3178 520 Graecus?
3202 482 3313 520 non

120 572 208 649 ,οὐκ
235 567 306 619 ἔνι
332 565 419 617 καὶ
446 564 667 633 Ἕλλην,
700 565 759 617 οὐ
793 565 1026 634 Σκύθης,
1052 567 1109 617 οὐ
1147 563 1441 634 βάρϐαρος,
1473 563 1534 615 οὐ
1564 580 1652 632 μι-

1780 560 1974 630 icytha,
2031 572 2138 610 non
2181 555 2486 610 Barbarus?
2537 571 2642 610 non
2690 572 2898 626 parvus
2936 567 2992 612 et
3047 571 3314 626 magnus;

129 660 256 726 κρ³.ς,
287 653 374 705 καὶ
398 651 594 721 μέγας.
615 653 714 704 οὐκ
743 653 930 722 ἄρσεν,
960 653 1054 704 καὶ
1075 649 1232 719 θῆλυ,
1255 650 1316 703 οὐ
1348 648 1534 716 μέλας.
1557 647 1654 699 καὶ

1780 667 1865 706 non
1901 665 2017 704 mas
2044 658 2096 702 et
2132 647 2373 710 femina;
2401 662 2512 700 non
2545 647 2697 717 niger
2727 659 2780 701 et
2806 647 3017 713 ﬂavus;
3050 661 3160 701 non
3195 661 3316 700 ser-

130 747 308 812 €1v0b;,
343 746 399 795 οὐ
434 743 640 804 δοῦλος,
665 745 755 795 καὶ
781 743 1080 813 ,ἐλεύθερος
1107 758 1121 772 ⁸
1153 741 1284 794 ἀλλὰ
1322 741 1519 802 πάντες
1548 739 1653 804 ἀγ-

1780 758 1852 795 νιιε
1886 749 1940 796 et
1969 740 2140 793 liber?
2170 737 2265 792 sed
2308 752 2501 791 omnes
2531 738 2842 805 angelorum
2875 738 3085 791 similes
3109 738 3316 792 erunt?

129 838 382 908 γελοειδεῑς
411 836 555 901 τίσις
586 837 724 897 Τοὺς
759 835 1036 896 τοιούτους
1067 834 1286 896 πάντως
1330 831 1591 885 ἀδύνατον
1618 829 1652 899 ἢ

1780 831 2080 902 lujus‘modi
2117 828 2342 882 omnino
2371 826 2710 896 impossibile
2761 835 2818 880 ut
2860 837 3194 896 cognoscant
3229 825 3318 880 vel

125 930 361 1000 γνωρίσαι
389 928 421 997 ἢ
459 927 849 997 γνωρισθῆναι.
876 928 980 979 Καὶ
1003 926 1145 978 οὕτω
1168 925 1266 996 μὲν
1294 925 1492 976 ἐκείνοι
1519 938 1653 990 φρο-

1780 929 2178 1000 ognoscantur.
2197 919 2262 972 Et
2280 921 2354 972 ita
2372 919 2591 988 quidem
2616 917 2690 970 illi
2713 927 2768 971 et
2784 918 3026 972 sentiunt
3041 930 3092 972 et
3108 918 3317 974 dicunt.

126 996 276 1084 νοῦσι,
299 1019 390 1072 καὶ
413 996 669 1090 λέγουσιν
694 1036 709 1051 ο
751 1019 913 1087 ἡμεῖς
939 1018 996 1070 δὲ
1027 1017 1165 1087 πρὸς
1198 1016 1394 1076 αὐτοὺς
1423 1012 1656 1066 ἀντιτεί-

1780 1015 1864 1068 tos
1898 1022 2076 1091 autem
2108 996 2293 1066 contra
2324 1019 2532 1064 stantes
2553 1009 2631 1064 eis
2659 1011 2733 1062 ita
2754 1009 2987 1064 dicimus
3021 1028 3038 1062 :
3059 1009 3321 1063 Humanis

125 1132 283 1176 νοντες
345 1111 484 1167 οὕτω
537 1113 814 1182 λέγομενο
859 1113 923 1165 Oi
971 1113 1250 1179 λογισμοῖς
1298 1106 1656 1176 ἀνθρωπίνοις

1780 1103 2263 1160 utiocinationibus
2291 1101 2516 1164 addicti,
2558 1102 2804 1169 adeoque
2847 1114 2956 1152 non
3007 1099 3321 1169 cognituros

127 1205 454 1271 ἑπιδιδόμενοι
491 1204 598 1254 κάκ
633 1201 827 1254 τούτου
874 1201 933 1253 τὸ
971 1199 1044 1269 μὴ
1067 1197 1367 1268 γνωρίζειν
1395 1195 1658 1266 ἀλλήλους

127 1297 280 1347 ἐκεῖσε
308 1293 720 1363 διατεινόμενοι,
749 1291 974 1360 πρώτην
1009 1290 1180 1358 αὐτὴν
1216 1288 1572 1356 ἀθετήσουσιν
1595 1286 1658 1337 ὲκ

125 1385 313 1455 νεκρῶν
341 1383 448 1435 τῶν
480 1384 752 1450 σωμάτων
781 1383 1099 1435 ἀνάστασιν·
1121 1381 1214 1432 καὶ
1245 1378 1558 1446 θαυμαστὸν
1597 1375 1657 1428 οὐ

125 1477 355 1532 τοσοῦτόν
379 1479 495 1529 εστι
523 1475 667 1530 κατά
690 1491 754 1542 γε
782 1474 918 1535 τέως
948 1473 1008 1525 τὸ
1030 1470 1221 1526 δοκοῦν
1253 1471 1439 1533 αὐτοῖς
1461 1485 1476 1500 ’
1503 1468 1660 1534 σῶμα

1761 1211 1819 1250 se
1844 1195 2074 1248 invicem
2110 1193 2186 1247 ibi
2225 1196 2633 1260 pertendentes,
2665 1192 2902 1260 primum
2927 1191 3098 1260 ipsam
3130 1204 3322 1258 repro—

1757 1287 1887 1340 bant
1913 1300 2200 1355 corporum
2226 1300 2254 1338 a
2281 1283 2509 1336 mortuis
2547 1284 3030 1336 resurrectionem.
3065 1281 3131 1334 Et
3157 1282 3325 1334 mira:

1757 1379 1886 1434 bills
1909 1393 1995 1432 res
2033 1379 2149 1432 hmc
2179 1382 2330 1429 tanta
2361 1390 2471 1427 non
2504 1385 2608 1438 est,
2645 1384 2703 1428 ut
2731 1375 2864 1442 ipsis
2913 1375 3149 1430 videtur.
3189 1374 3329 1427 Cor-

1758 1487 1863 1542 pus
1892 1471 2036 1525 enim
2061 1469 2204 1538 quod
2233 1467 2488 1530 difﬂuxit,
2520 1466 2722 1535 Corpus
2750 1465 2891 1532 quod
2921 1464 3063 1519 forte
3091 1481 3118 1517 a
3150 1465 3327 1518 bestia

125 1571 218 1636 γὰρ
250 1567 518 1638 διαρρυὲν,
557 1565 716 1633 σῶμα
768 1563 974 1633 βρωθὲν
1010 1562 1115 1615 ὑπὸ
1161 1561 1352 1630 θηρίου
1407 1557 1590 1626 τυχὸν,
1624 1556 1658 1626 ἢ

1780 1565 2077 1618 let-oratum
2109 1569 2214 1626 est,
2248 1561 2332 1614 vel
2361 1558 2506 1629 pisce
2528 1558 2610 1611 vel
2651 1557 2858 1610 volucri
2885 1596 2899 1621 ,
2933 1554 3331 1623 quomodoite-

129 1659 289 1730 ἰχθύος
315 1659 346 1729 ἢ
379 1657 638 1725 πετηνοῦ,
669 1656 786 1719 πῶς
815 1656 970 1719 αὖθις
1001 1655 1080 1716 είς
1103 1653 1159 1706 ἓν
1189 1651 1336 1720 αύτῷ
1369 1649 1662 1717 συναχθείη

1780 1671 1880 1710 ὐιη
1899 1656 1952 1708 in
1972 1670 2134 1708 unum
2151 1651 2251 1722 ipsi
2270 1653 2558 1705 collectum
2579 1649 2741 1702 fuerit
2757 1657 2810 1701 et
2826 1648 3102 1717 resurget?
3116 1647 3180 1698 Et
3197 1659 3332 1712 quo-

125 1753 206 1805 καὶ
249 1751 643 1819 ἁναστήσαιτος
697 1750 804 1800 Καὶ
842 1747 960 1809 πῶς
1007 1746 1150 1798 οὕτω
1183 1742 1436 1812 διαχυθὲν
1464 1742 1546 1804 είς
1565 1739 1661 1808 τὴν

1780 1748 1924 1800 nodo
1943 1747 2015 1800 ita
2034 1744 2357 1798 dissolutum
2373 1744 2424 1795 in
2441 1741 2674 1811 priorem
2699 1738 3059 1794 conditionem
3077 1735 3331 1791 redierit?

127 1842 378 1912 προτέραν
405 1841 681 1912 ἐπανέλθῃ
707 1839 1044 1894 κατάστασιν
1067 1855 1081 1902 ;
1115 1835 1254 1889 Ἀλλ’
1282 1835 1439 1900 ᾶιρες,
1465 1835 1513 1885 εί
1541 1831 1664 1902 βού-

1780 1829 1870 1892 Scd
1890 1851 2080 1907 apage,
2101 1835 2146 1889 si
2171 1835 2270 1896 vis,
2292 1832 2598 1903 hujusmodi
2623 1831 2835 1884 curiose
2859 1837 3193 1895 scrutantes;
3214 1829 3332 1882 ani-

126 1935 217 1996 λει,
261 1937 380 1997 τοὺς
421 1933 646 1986 τοιαῦτα
694 1929 1233 2000 περιεργαζομένους
1261 1943 1276 1960 ο
1323 1925 1544 1996 ψυχικοὶ
1570 1924 1665 1977 καὶ

1780 1929 1934 1982 males
1962 1927 2105 1982 enim
2134 1941 2255 1981 cum
2285 1925 2388 1994 ipsi
2419 1923 2547 1988 sint,
2570 1924 2722 1993 juxta
2747 1921 3060 1990 Apostolnm
3079 1921 3331 1984 Paulum,

1767 2019 2034 2090 siquidem
2065 2031 2317 2086 magnum
2351 2015 2531 2070 dicere
2564 2023 2796 2083 oportet,
2830 2029 2936 2067 non
2961 2014 3186 2082 capiunt
3215 2013 3328 2081 spi-
3377 2009 3383 2020 “

1769 2111 1968 2165 ritalia.
2001 2109 2180 2178 Apage
2225 2108 2374 2176 ipsos
2422 2105 2690 2173 siquidem
2730 2104 2802 2158 ita
2835 2105 3101 2160 sentiunt.
3135 2121 3153 2153 ι
3201 2103 3334 2155 Dico

1768 2203 2038 2272 profecto,
2088 2215 2196 2254 non
2249 2213 2579 2268 cognoscere
2629 2197 2701 2250 ibi
2749 2211 2806 2250 se
2855 2195 3112 2256 invicem,
3167 2193 3333 2247 etiam

1770 2296 1948 2364 ipsum
1979 2293 2222 2346 futurum
2260 2289 2524 2360 judicium
2558 2297 2826 2349 evertere,
2861 2296 2922 2340 ut
2953 2285 3210 2340 laudatus
3248 2283 3335 2337 vir

1769 2385 1990 2440 divinus
2023 2379 2416 2436 ait.‘Judicium
2439 2377 2584 2432 enim
2608 2375 2946 2446 cognitarum
2977 2386 3338 2442 personarum

1771 2473 2055 2532 consuevit
2098 2485 2241 2536 esse,
2294 2467 2752 2539 quemadmodum
2792 2474 2847 2520 et
2893 2466 3158 2534 s'criptum
3209 2469 3338 2516 est:

1781 2586 1798 2619 ι
1835 2569 2067 2635 Arguam
2096 2573 2172 2628 te,
2199 2573 2253 2616 et
2281 2561 2470 2616 sistam
2508 2567 2694 2613 contra
2717 2555 2910 2611 faciem
2938 2565 3086 2609 tuam
3114 2559 3341 2624 peccata

1776 2672 1886 2713 tua.
1922 2675 1941 2709 ι
1977 2656 2053 2710 lla
2087 2664 2144 2709 ut
2175 2653 2280 2708 nisi
2312 2665 2706 2723 cognoscemus
2737 2661 2840 2702 nos
2866 2646 3094 2700 invicem
3122 2685 3136 2709 ,
3161 2657 3347 2711 neque

128 2755 380 2824 ἁμαρτίας
409 2772 528 2816 σου,
554 2753 694 2806 ὥστε
724 2753 773 2805 εί
801 2751 861 2803 ού
880 2747 1222 2818 γνωρίσομεν
1249 2744 1530 2813 ἀλλήλους,
1553 2740 1673 2794 οὐδὲ

1780 2751 2096 2816 iudicemur.
2115 2745 2235 2799 Non
2278 2743 2503 2812 judicati
2547 2757 2698 2805 vero,
2717 2755 2822 2793 non
2841 2738 3168 2806 accipiemus
3185 2735 3343 2804 digna

126 2847 528 2919 κριθησόμεθαῖξ·
549 2847 622 2918 μὴ
651 2847 960 2917 κρινόμενοι
985 2843 1043 2895 δὲ
1060 2843 1119 2894 οὐ
1136 2836 1422 2908 ληψόμεθα
1446 2835 1513 2887 τὰ
1539 2848 1673 2886 κατ-

1780 2841 1836 2894 iis
1857 2855 1976 2908 quae
1997 2853 2026 2891 a
2048 2836 2208 2890 nobis
2226 2835 2278 2887 in
2298 2835 2406 2887 vita
2429 2833 2570 2888 facta
2590 2831 2812 2886 fuerint.
2837 2830 3119 2895 Quomodo
3140 2841 3271 2881 vero
3288 2832 3349 2880 et

127 2917 240 3006 ἀξια
289 2917 395 2994 τῶν
458 2939 809 3009 βεϐιωμένων
844 2938 996 3005 ἡμῖν.
1046 2932 1170 2994 Πῶς
1205 2931 1389 2983 δὲκαὶ
1437 2928 1486 2980 ot
1539 2923 1674 2978 ἀπύ-

1780 2931 2001 3002 apostoli
2015 2943 2175 2998 super
2197 2925 2482 2981 duodecim
2508 2924 2728 2979 sedibus
2751 2921 3039 2982 sedebunt,
3060 2917 3344 2973 duodecim

126 2027 222 2096 γὲρ
251 2025 394 2088 εντες
442 2025 597 2078 αὐτοὶ
626 2022 767 2076 κατά
799 2021 888 2075 τὸν
929 2020 1231 2074 ἀπόστολον
1261 2018 1494 2080 Παῦλον,
1519 2017 1572 2068 εί
1600 2031 1664 2083 γε

125 2115 182 2180 δὴ
207 2114 290 2166 τὸν
321 2115 494 2182 μέγαν
529 2113 704 2164 εἰπεῖν
738 2112 798 2163 οὐ
830 2111 1076 2180 δέχονται
1109 2108 1177 2162 τὰ
1203 2109 1295 2161 τοῦ
1333 2106 1662 2175 πνεύματοςτ

125 2208 243 2274 ἄφες
271 2205 463 2266 αὐτοὺς
492 2206 541 2257 si
574 2222 638 2272 γε
672 2204 734 2256 τδ
761 2201 999 2256 τοιοῦτον
1034 2202 1288 2270 φρόνημα
1310 2238 1327 2255 .
1355 2217 1373 2249 ι
1408 2199 1567 2264 Λέγω
1601 2195 1667 2264 δὴ

124 2299 175 2349 τὸ
210 2298 279 2367 μή
309 2297 599 2366 γνωρίζειν
635 2295 899 2363 ἀλλήλους
947 2294 1151 2356 ἐκεῖσε,
1181 2293 1273 2344 καὶ
1301 2288 1473 2357 αὐτῆς
1513 2287 1669 2339 ἀναι-

129 2390 318 2456 ρετικόν
342 2390 458 2440 ἐστι
483 2389 578 2456 τῆς
607 2386 908 2456 μελλούσης
929 2382 1284 2453 κρίσεωςωῦς
1301 2384 1330 2434 ὁ
1352 2377 1670 2447 διαληφθεὶς

126 2480 215 2546 ἔφη
243 2480 380 2540 θεῖος
408 2479 552 2548 ἀνήρ
571 2493 584 2508 ο
613 2478 796 2547 κρίσις
846 2476 954 2545 γὰρ
984 2473 1418 2542 ἐπεγνωσμένων
1453 2465 1670 2537 προσώ-

125 2587 228 2621 πων
254 2570 405 2622 εἴωθε
437 2568 704 2637 γίνεσθαι,
728 2566 870 2620 καθά
915 2568 1008 2618 καὶ
1031 2565 1375 2633 γέγραπται·
1410 2577 1430 2612 ι
1481 2557 1666 2625 Ἐλέγ-

126 2662 191 2726 Eo)
225 2679 300 2725 σε,
350 2663 446 2715 καὶ
496 2661 830 2731 παραστήσω
877 2659 1017 2712 κατὰ
1079 2655 1373 2724 πρόσωπᾶν
1428 2668 1522 2704 σου
1570 2651 1669 2710 τὰς

127 3034 287 3087 στολοι
316 3035 406 3087 ἐπὶ
437 3032 651 3087 δώδεκα
677 3029 884 3100 Θρόνιον
909 3025 1194 3080 καθίσουσι
1216 3022 1314 3084 τὰς
1339 3021 1548 3074 δώδεκα
1573 3033 1674 3086 φυ-

1775 3019 2128 3078 tribuslsrael
2145 3017 2468 3085 iudicantes,
2507 3014 2552 3069 si
2577 3029 2686 3067 non
2711 3019 3036 3081 cognoscent
3051 3005 3346 3078 quosjudi-

124 3125 210 3189 λὰς
241 3127 524 3196 κρίνοντες
573 3121 669 3175 τοῦ
714 3097 973 3192 ⁷Ἰσραὴλ,
1016 3117 1177 3186 εῐπερ
1209 3115 1270 3168 οὐ
1311 3111 1672 3181 γνωρίσουσιν

1780 3123 1904 3170 cant
1919 3114 1942 3166 ?
1955 3110 2236 3176 Quomodo
2253 3123 2377 3161 vero
2398 3115 2454 3160 et
2466 3106 2655 3160 beatus
2678 3102 2781 3158 Job
2797 3101 3041 3171 duplices
3057 3099 3192 3154 filios
3210 3097 3347 3151 reci-

125 3217 208 3281 οὓς
245 3218 532 3288 κρίνουσις
572 3216 697 3278 Πῶς
725 3215 782 3267 δὲ
818 3213 913 3266 καὶ
945 3213 974 3264 ὁ
1021 3208 1290 3280 μακάριος
1327 3204 1450 3259 Ἰὼϐ
1483 3201 1677 3257 διπλα-

127 3310 262 3373 σίους
313 3310 441 3374 τοὺς
495 3309 690 3368 παῖδας
744 3305 1108 3376 ἀπολήψεται,
1141 3303 1299 3371 είπερ
1325 3299 1386 3351 οὺ
1419 3295 1678 3366 γνωρίσει

124 3401 306 3462 αὖτοὺς
335 3403 392 3452 ὲν
426 3402 496 3468 τῇ
532 3397 781 3468 βασιλείᾳ
821 3397 930 3449 τῶν
974 3393 1258 3462 οὐρανῶν;
1311 3387 1530 3458 Ἐπειδὴ
1553 3385 1680 3468 τοὺς

128 3489 219 3560 μὲν
250 3459 496 3545 ἐνταῦθα.
532 3459 806 3557 ἀπείλησε
833 3503 847 3516 ·
879 3488 1007 3547 τοὺς
1045 3459 1102 3538 δὲ
1139 3481 1450 3554 ὲπήγγελτο
1497 3481 1553 3533 ὲν
1603 3459 1680 3544 τῷ

128 3583 364 3651 μέλλοντι
400 3584 566 3634 αἰῶνι
599 3579 892 3650 λήψεσθαι.
915 3579 1028 3630 (ὶύκ
1054 3575 1168 3635 οὖν,
1194 3574 1434 3640 ἀδελφοὶ,
1459 3567 1682 3623 πιστεύ-

125 3692 270 3739 οντες
298 3675 691 3744 πιστεύσομεν,
724 3673 807 3724 ὂτι
836 3671 931 3724 καὶ
971 3665 1393 3735 ἀναστησόμεθα
1425 3665 1520 3718 καὶ
1543 3679 1683 3729 γνω-

128 3766 341 3837 ριοῦμεν
377 3768 528 3837 ἡμᾶς
579 3767 665 3832 ἐφ’
708 3758 789 3826 οἷς
824 3764 1025 3830 ἐσμεν·
1059 3758 1172 3812 ἀλλ’
1211 3760 1268 3810 εν
1301 3757 1414 3818 τοῖς
1469 3755 1569 3822 τῆς
1619 3752 1683 3805 ἀ-

126 3861 392 3928 φθαρσίας
427 3858 676 3919 κάλλεσι,
709 3853 852 3908 καθά
876 3853 938 3921 δή
963 3851 1058 3904 καὶ
1091 3849 1438 3919 προείρηται.
1459 3845 1527 3898 Οἱ
1555 3858 1685 3912 προ-

124 3951 354 4019 πάτορες
412 3950 575 4020 ἡμῶν
627 3950 684 4000 ὲν
735 3945 814 4014 τῷ
887 3941 1202 4014 παραδείσῳ
1259 3941 1354 3992 καὶ
1423 3937 1530 4006 πρὸ
1586 3933 1685 4001 τῆς

1778 3205 1909 3277 piet,
1925 3203 1966 3257 si
1983 3217 2090 3255 non
2104 3206 2392 3270 cognoscet
2408 3210 2503 3250 eos
2517 3194 2570 3248 in
2591 3207 2754 3263 regno
2771 3191 3032 3246 caelorum
3046 3187 3067 3241 ?
3082 3184 3346 3252 Quoniam

1777 3297 1912 3352 alios
1941 3293 2157 3362 quidem
2175 3291 2260 3345 hic
2281 3287 2488 3357 recepit
2508 3285 2676 3352 ,alios
2705 3298 2833 3338 vero
2856 3282 2909 3336 in
2941 3281 3128 3334 futuro
3145 3278 3346 3332 saeculo

1778 3403 1836 3444 se
1884 3395 2231 3455 recepturum
2266 3379 2683 3450 promiss'onem
2731 3372 2961 3443 accepit.
3003 3369 3343 3439 Non-igitur,

1779 3480 1994 3544 fratres,
2020 3476 2304 3532 credentes
2340 3471 2628 3528 credemus
2644 3476 2698 3521 et
2715 3481 2816 3521 nos
2848 3465 3351 3523 resurrecturos,et

1779 3583 1879 3622 nos
1902 3565 2214 3636 cognituros
2232 3564 2286 3616 in
2308 3563 2392 3616 his
2409 3560 2464 3614 in
2484 3560 2681 3629 quibus
2699 3571 2916 3619 sumus;
2935 3553 3028 3608 sed
3051 3552 3106 3605 in
3129 3551 3352 3604 immor-

1781 3660 2008 3715 talitatis
2043 3653 2559 3727 pulchritudinibus,
2595 3646 3053 3718 quemadmodum
3097 3649 3153 3697 et
3171 3691 3188 3710 ι,
3211 3655 3352 3710 prze-
3428 3665 3441 3680 ι-

1780 3752 1982 3808 dictum
2003 3758 2106 3803 est.
2129 3745 2458 3800 Primienim
2496 3741 2670 3796 nostri
2710 3746 2966 3806 parentes
3007 3735 3060 3788 in
3101 3731 3354 3802 paradiso

1783 3858 1838 3900 et.
1880 3853 2006 3898 ante
2050 3837 2632 3909 transgressionem.“
2657 3830 2887 3886 invicem
2935 3822 3352 3895 cognoscebant,

1785 3951 1910 3992 cum
1965 3930 2326 4001 corruptionis
2378 3937 2631 3995 expertes
2675 3929 2890 3983 essent;
2918 3926 2976 3972 et
3023 3924 3146 3984 post
3178 3924 3356 3968 trans-

1785 4026 2117 4099 grchionem
2135 4017 2470 4090 corruptioni
2501 4014 2730 4084 subjecti
2759 4010 2958 4082 pariter
2985 4022 3044 4062 se
3074 4016 3360 4074 cognosce-

1787 4093 1936 4176 bant.
1960 4117 2114 4171 llnde
2135 4111 2458 4168 credendum
2483 4108 2703 4162 fratrem
2733 4118 2762 4158 a
2791 4103 2953 4156 fratre
2973 4099 3246 4166 cognitum
3267 4093 3357 4155 iri,

1789 4221 1844 4266 et
1871 4226 1900 4264 a
1931 4217 2084 4278 patre
2117 4205 2374 4268 lilium,et
2397 4199 2646 4255 maritum
2680 4195 2746 4250 ab
2772 4207 2957 4256 uxore,
2991 4197 3045 4243 et
3081 4188 3148 4240 ab
3185 4184 3361 4238 amico

1794 4303 2058 4357 amicum.
2096 4294 2410 4351 Addiderim
2441 4305 2593 4348 vero.
2643 4297 2698 4341 et
2741 4293 2953 4341 ascetes
2996 4288 3233 4334 ascetem
3273 4288 3364 4326 ('0-

125 4041 488 4112 παραῦἅσεως
529 4039 638 4107 γὰρ
671 4036 937 4105 ἀλλήλους
968 4031 1268 4102 ὲγνώριζον
1299 4028 1568 4099 ἄφθαρτοι
1602 4026 1688 4078 δν-

123 4149 228 4196 τες,
259 4133 358 4188 καὶ¹
420 4131 560 4201 μετὰ
603 4129 702 4199 τὴν
755 4126 1070 4196 παράϐασιν
1116 4123 1293 4192 φθορᾷ
1338 4121 1686 4188 ὑποκείμενοι

126 4223 384 4284 ὡσαύτως
419 4220 719 4289 ἐγνώριζον
743 4235 756 4250 ·
793 4218 916 4270 ὅθεν
968 4215 1283 4268 πιστευτέον
1315 4214 1395 4265 ὅτι
1429 4204 1710 4279 γνωρίσει

126 4315 350 4384 ἀδελφὸς
386 4315 642 4380 ἀδελφὸν,
685 4313 783 4364 καὶ
829 4310 1012 4379 πατὴρ
1064 4307 1278 4370 τέκνον,
1307 4306 1401 4358 καὶ
1428 4303 1566 4371 γυνὴ
1597 4300 1689 4352 τὸν

130 4378 409 4469 σύνευνον,
436 4378 709 4469 καὶ-φίλος
743 4400 834 4453 τὸν
863 4378 1016 4468 φίλον
1040 4414 1055 4428 ·
1089 4396 1385 4464 προσθείην
1417 4394 1462 4446 δ’
1503 4393 1569 4446 ἂν
1597 4390 1676 4445 καί

1794 4400 2038 4463 gnoscet,
2071 4398 2126 4443 et
2165 4385 2449 4441 confessor
2485 4378 2883 4440 confessorem,
2917 4381 2972 4426 et
3010 4378 3215 4436 martyr
3239 4380 3362 4418 eum

129 4496 372 4563 ἀσκητὴς
395 4458 507 4545 ’τὸν
532 4458 799 4559 ἀσκητὴν,
851 4458 944 4541 καὶ
996 4458 1350 4556 ὁμολογητὴς
1381 4483 1472 4536 τὸν
1502 4479 1676 4549 ὁμολο·

1797 4458 1890 4554 qui
1919 4498 2022 4536 una
2070 4475 2384 4538 certaverit,
2438 4481 2493 4526 et
2544 4471 2850 4537 apostolum
2895 4458 3262 4530 coapostolu_s,
3312 4461 3366 4506 et

125 4589 296 4656 γητήν
321 4602 336 4618 ο
357 4586 580 4655 μάρτυρ
613 4586 704 4635 τὸν
739 4581 1020 4641 σύναθλον,
1047 4579 1140 4630 καὶ
1162 4576 1454 4630 ἀπόστολον
1485 4577 1514 4626 ὀ
1537 4589 1676 4626 συνα·

1799 4574 2042 4632 universi
2073 4571 2380 4628 universos,
2406 4573 2462 4616 ut
2487 4563 2730 4616 omnium
2759 4553 3028 4610 habitatio
3064 4551 3115 4603 in
3132 4549 3242 4601 Deo
3271 4544 3364 4606 sit,

129 4678 412 4740 πόστολος,
471 4675 566 4728 καὶ
613 4674 809 4735 πάντες
850 4671 971 4730 τοὺς
1009 4671 1238 4729 πάντας,
1267 4667 1356 4719 ἵνα
1401 4668 1432 4733 ἠ
1483 4665 1676 4718 πάντωτ

1797 4669 1888 4739 qui
1922 4681 2043 4721 cum
2069 4661 2322 4717 omnibus
2345 4655 2502 4710 bonis
2520 4652 2684 4706 etiam
2706 4665 2763 4702 se
2787 4646 3017 4700 invic'cm
3041 4651 3368 4710 cognoscere

127 4769 382 4823 κατοικία
409 4769 467 4819 ὲν
492 4765 583 4836 ,τῷ
614 4764 732 4834 Θεῷ
784 4763 862 4834 τῷ
917 4762 1055 4830 μετὰ
1088 4760 1306 4812 πάντων
1337 4757 1447 4810 τῶν
1477 4752 1676 4822 ἀγαθῶ·

1798 4729 2043 4830 largitur.
2065 4753 2170 4808 Sed
2193 4761 2248 4806 et
2267 4750 2560 4816 disponens
2584 4757 2648 4796 co
2664 4748 3047 4807 tempore,quo
3061 4729 3372 4802 pcregrina~

125 4819 466 4930 δωρουμένῳ
492 4819 604 4910 ‘th
648 4819 715 4908 τό
755 4819 1044 4923 γνωρίζειν
1099 4852 1359 4919 ἀλλήλους
1389 4864 1402 4879 ·
1440 4819 1576 4900 ἀλλὰ
1624 4865 1676 4900 κε

1793 4819 1953 4907 batur
1968 4848 2185 4904 divinus
2217 4843 2307 4897 liic
2329 4842 2431 4900 vir,
2449 4849 2503 4892 et
2520 4836 2633 4890 lucc
2650 4829 2718 4886 ad
2754 4830 2976 4885 verbum
3001 4824 3215 4880 dicebat
3237 4841 3249 4875 :
3274 4841 3290 4872 ι
3311 4819 3368 4874 Si

128 4915 454 5018 διαθέμενος
489 4947 611 5000 καθ’
655 4945 715 4998 ὃν
763 4915 1017 5011 ἐξεδήμει
1063 4915 1255 5010 καιρὸν
1298 4943 1326 4993 ὁ
1357 4940 1496 5000 θεῖος
1541 4931 1676 4996 οὗτοι

1800 4943 2030 4998 salutem
2059 4943 2383 4992 consecutus
2401 4931 2576 4992 fuero,
2601 4941 2708 4980 non
2752 4922 2978 4978 cessabo
3009 4933 3165 4972 orare
3195 4915 3373 4970 Domi-

126 5045 261 5114 ἀνὴρ
285 5005 400 5098 ,καὶ
435 5005 562 5094 τάδε
601 5038 743 5092 κατὰ
773 5005 1176 5100 Eadem“;
1230 5051 1248 5083 ι
1297 5030 1426 5083 Ἐὰν
1454 5028 1676 5097 ὲπιτύχιι

1802 5049 1931 5088 num
1949 5032 2204 5086 audacter
2225 5040 2322 5095 pro
2338 5021 2587 5076 omnibus
2610 5017 2780 5079 vobis,
2799 5021 3118 5082 exspectans
3137 5005 3375 5076 singulos

129 5100 433 5204 σωτήρίας,
461 5133 520 5185 ού
567 5132 774 5199 σιγήσω
805 5129 1016 5181 δέεσθαι
1041 5123 1133 5178 τοῦ
1181 5125 1380 5192 Κυρίου
1408 5120 1676 5189 τολμηρῶς

1805 5133 2025 5195 propter
2045 5117 2448 5173 secessionema
2479 5107 2681 5164 mundo
2702 5113 2967 5173 spectare,
2993 5111 3046 5156 et
3075 5100 3374 5167 SUstiipcl‘t‘,

126 5187 528 5298 {inspu'rtc'xvtmv
558 5187 732 5291 ὑμῶν,
761 5218 1190 5289 προσδεχόμενος
1223 5187 1319 5266 ἕνα
1350 5213 1472 5265 καθ’
1496 5187 1676 5263 meo

1803 5225 1858 5271 et
1885 5210 2199 5282 amplexari.
2223 5206 2408 5260 Talem
2444 5202 2594 5256 enim
2623 5199 2870 5253 fiduciam
2897 5190 3245 5261 habeo,quod
3263 5187 3378 5255 ejus

1804 5307 2020 5362 bonitas
2041 5302 2227 5356 eodem
2250 5305 2495 5363 tempore
2519 5301 2576 5346 ut
2597 5291 2682 5344 hic
2705 5286 3186 5344 servabitcunctos
3209 5292 3306 5332 nos
3324 5275 3376 5324 in

125 5322 219 5382 τῆς
246 5319 358 5374 ἀπὸ
373 5316 472 5371 τοῦ
487 5317 689 5384 κόσμου
715 5312 1114 5382 ἀναχωρήσεως
1141 5309 1384 5376 θεωρεῖν,
1409 5307 1504 5359 καὶ
1529 5321 1698 5373 προσ-

122 5412 460 5480 λαμϐάνειν,
491 5408 584 5461 καὶ
629 5403 1155 5474 προσασπάζεσθαιο
1209 5399 1532 5466 πεποίθησιν
1591 5399 1676 5467 γὰέ

1805 5399 1984 5454 futuro
2009 5392 2229 5455 saeculo,
2259 5388 2348 5457 qui
2374 5388 2494 5454 ejus
2526 5393 2790 5453 praecepta
2827 5373 3246 5434 servaverimus.
3283 5385 3300 5414 ι

2325 5477 2335 5480 ³
2542 5476 2552 5480 ³
2739 5471 2752 5480 ι
2819 5469 2844 5480 ι·
2908 5468 2921 5479 ο
3042 5460 3073 5480 ..ν
3135 5455 3300 5480 --!\‘...

3178 5455 3378 5508 ἑλλοντι

127 5460 403 5568 τοῖαύτην
431 5460 560 5568 έχω,
592 5460 742 5565 ὅτιιή
776 5460 1050 5564 ἀγαθότης
1097 5491 1263 5547 αὑτοῦ
1312 5491 1405 5544 ἐπὶ
1429 5460 1518 5542 ’τδ
1573 5460 1706 5542 αὐτὸ
1740 5488 1814 5552 ὡς
1847 5483 2084 5539 ἐνταῦθα
2112 5477 2436 5548 διατηρήσει
2485 5476 2690 5534 πάντας
2730 5469 2877 5539 ἡμᾶς
2905 5468 2962 5517 ἐν
3003 5460 3080 5530 τῷ
3132 5460 3196 5528 μέ

127 5597 292 5650 αἰῶνι
327 5594 430 5655 τὰς
469 5593 685 5654 ἐντολὰς
718 5591 880 5643 αὑτοῦ
911 5588 1310 5657 τετηρηκότας.
1361 5603 1379 5635 ι

201 5688 334 5740 Ὀτι
363 5685 425 5737 δὲ
488 5688 534 5737 ot
560 5686 758 5745 πάντες
799 5683 924 5746 τοὺς
953 5682 1158 5742 πάντας
1202 5675 1568 5747 γωριοῦμεν,
1609 5673 1706 5727 καὶ

130 5781 192 5834 ού
213 5781 421 5835 δίκαιοι
453 5777 690 5840 δικαίους
722 5777 901 5845 μόνον,
937 5774 1084 5828 καθά
1126 5789 1292 5835 τινες-
1324 5771 1554 5832 οἴονται,
1608 5785 1675 5821 κα

1805 5763 1932 5835 justi
1977 5761 2150 5830 justus
2198 5765 2430 5820 tantum,
2471 5761 2527 5807 ut
2560 5746 2779 5820 quidam
2816 5741 3028 5813 putant,

1881 5668 2036 5736 Quod
2089 5679 2218 5721 vero
2265 5663 2449 5717 cuncti
2491 5666 2717 5717 cunctos
2743 5657 3135 5721 cognoscemus
3177 5646 3230 5694 et
3263 5650 3375 5689 non

3069 5742 3124 5788 et
3167 5731 3220 5786 in
3273 5740 3380 5780 sua
