3838 6226
431 327 534 392 791

1675 333 2096 397 MICHAELIS
2133 336 2393 399 GLYC/E

3574 333 3671 396 732

428 443 672 515 Epistola
709 441 776 496 ad
807 439 1099 512 Cyriacum
1128 441 1444 514 episcopum
1483 458 1649 500 aurea
1676 447 1841 502 verba
1870 447 1997 501 fun-

2108 452 2159 503 iv
2192 453 2256 522 τῇ
2290 451 2422 519 πρὸς
2459 449 2736 522 κυριακὸν
2767 449 3067 504 ἐπίσκοπον
3122 448 3383 517 ἐπιστολῇ
3419 445 3595 499 αὐτοῦ
3646 449 3670 498 ὁ

428 534 564 589 dens
615 532 854 588 Joannes
897 533 1237 602 apertissime
1273 536 1517 592 ostendit
1562 537 1638 592 ita
1670 539 1901 594 dicens:
1939 540 1994 594 Si

427 639 558 678 vero
603 634 659 678 et
701 624 791 680 hic
837 623 1070 680 invicem
1110 640 1220 680 non
1267 628 1648 695 convenimus,
1693 638 1872 685 tamen
1917 631 1993 686 ibi

435 729 600 770 nemo
627 716 1003 785 prohibiturus
1030 731 1130 770 nos
1162 717 1304 772 inter
1353 734 1454 773 nos
1491 720 1724 775 invicem
1759 737 1993 777 conver-

426 815 558 876 sari,
599 823 654 869 et
690 815 997 870 videbimus
1035 828 1132 868 eos
1175 815 1270 885 qui
1303 831 1403 870 nos
1453 817 1507 870 in
1534 817 1784 871 exsilium
1831 819 1996 874 mise-

430 914 581 966 runt.
631 918 691 959 ut
727 904 966 966 Lazarus
1017 905 1265 972 divitem,
1305 914 1358 960 et
1399 915 1665 974 martyres
1712 917 1993 979 tyrannos.

430 996 642 1050 Etenim
693 996 923 1065 quilibet
969 1004 1099 1050 tunc
1141 1007 1344 1065 martyr
1385 995 1665 1064 proprium
1704 1005 1994 1068 tyrannum

429 1094 742 1154 cognoscet,
759 1094 812 1138 ct
838 1084 1069 1151 quilibet
1095 1093 1354 1154 tyrannus
1380 1085 1658 1154 prOprium
1684 1099 1994 1158 martyrem,

430 1191 589 1243 quem
618 1177 903 1229 cruciavit.
942 1175 1054 1228 Nec
1076 1190 1195 1228 mea
1228 1175 1392 1229 verba
1429 1185 1578 1230 sunt.
1606 1176 1744 1231 Audi
1775 1178 1998 1249 Sapien-

433 1267 558 1318 tiam
590 1266 904 1319 dicentem:
953 1285 972 1316 r
1012 1267 1166 1320 Tunc
1208 1265 1259 1318 in
1306 1282 1496 1338 magna
1537 1269 1788 1324 libertate
1831 1271 1999 1328 stabit

427 1359 608 1426 justus
656 1367 845 1412 contra
897 1355 1093 1410 faciem
1142 1371 1331 1412 eorum
1386 1359 1481 1427 qui
1526 1374 1652 1414 eum
1702 1362 1997 1419 tribulave-

433 1457 578 1503 runt.
625 1468 644 1500 ι
693 1448 989 1519 Propterea
1043 1459 1224 1529 autem
1263 1451 1492 1507 omnino
1547 1461 1602 1508 et
1657 1454 1996 1522 punitionem

431 1540 635 1608 impiis,
665 1549 722 1594 et
743 1541 988 1609 requiem
1018 1541 1201 1609 iustis,
1230 1558 1259 1597 e
1282 1543 1504 1614 regione
1529 1544 1678 1611 fecit,
1699 1557 1758 1600 ut
1781 1547 1999 1602 videant

365 1651 367 1656 ·
428 1646 490 1684 se
522 1631 753 1685 invicem
788 1641 844 1686 et
881 1643 1237 1704 cognoscant,
1271 1636 1736 1702 quemadmodum
1763 1636 2000 1693 Lazarus

430 1721 677 1776 divitem.
761 1720 1160 1781 Testimonium
1230 1728 1480 1796 perhibet
1553 1729 1711 1785 simul
1787 1731 1856 1786 de
1917 1731 2000 1786 his

2098 545 2501 614 χρυσορῤήμων
2567 544 2822 612 Ἰωάννης
2881 543 3194 610 σαφέστατα
3227 540 3464 606 ἔδειξεν,
3501 539 3670 600 οὕτως

2097 632 2286 685 είπὼν·
2317 634 2379 686 Ei
2403 633 2460 686 δὲ
2488 635 2582 687 καὶ
2608 629 2708 688 ὦδε
2733 634 2993 704 ἀλλήλους
3035 633 3098 686 οὐ
3121 633 3505 702 συντύχωμεν,
3563 629 3669 683 ἀλλ’

2096 726 2275 778 ἐκεῖσε
2301 725 2477 789 οὐδεὶς
2515 727 2544 778 6
2598 726 2856 780 κωλύσων
2886 727 3033 796 ήμᾶς
3097 725 3219 793 μετ’
3263 723 3521 794 ἀλλήλων
3563 723 3672 774 Gii-

2097 833 2236 882 γειν,
2263 819 2359 872 καὶ
2386 818 2627 888 ὀψόμεθα
2646 819 2774 880 τοὺς
2808 817 3162 889 ὲξορίοαντας
3201 817 3368 888 ἡμᾶς,
3422 814 3624 882 ὥσπερ
3648 817 3673 864 6

2095 907 2346 978 Λάζαρος
2374 909 2466 963 τδν
2484 908 2762 972 πλούσιον,
2785 909 2879 962 καὶ
2924 908 2975 959 oi
3006 907 3281 977 μάρτυρες
3310 907 3438 967 τοὺς
3474 904 3674 972 τυράν-

2098 1012 2241 1058 νους·
2277 997 2372 1050 καὶ
2399 997 2508 1067 γὰρ
2535 997 2772 1060 ἕκαστος
2796 997 2918 1050 τότε
2950 996 3168 1066 μάρτυρ
3193 996 3285 1047 τὸν
3309 995 3444 1047 [διον
3469 992 3673 1061 τύραν-

2099 1105 2189 1142 νον
2215 1089 2599 1158 ὲπιγνὼσεται,
2631 1091 2729 1144 καὶ
2777 1089 3010 1152 ἕκαστος
3065 1088 3329 1158 τύραννος
3371 1089 3463 1140 τὸν
3543 1086 3672 1137 ἴδιον

2102 1182 2375 1252 μάρτυρα,
2417 1183 2475 1236 ὃν
2506 1184 2754 1237 ἐκόλασε.
2808 1183 2919 1235 Καὶ
2970 1181 3072 1235 οὐκ
3135 1181 3244 1249 ἐμὰ
3301 1178 3371 1231 τὰ
3421 1180 3672 1248 ῥήματα·

2099 1274 2330 1327 ἄκουσον
2368 1275 2465 1344 τῆς
2503 1274 2704 1344 Σοφὶας
2756 1273 3056 1344 λεγούσηςο
3129 1291 3150 1324 ι
3188 1272 3322 1324 Τότε
3386 1274 3445 1322 ὲν
3501 1269 3672 1336 πολλῇ

2102 1366 2388 1436 παρρησία
2425 1367 2680 1435 στήσεται
2713 1367 2741 1419 6
2771 1365 2980 1427 δίκαιος
3021 1365 3163 1416 κατᾶ
3211 1362 3517 1432 πρόσωπον
3566 1362 3674 1412 τῶν

2103 1458 2408 1528 Θλιψάντων
2440 1459 2606 1512 αὐτόν
2627 1475 2675 1511 σι
2707 1456 2911 1511 Τούτου
2929 1457 2987 1509 δὲ
3006 1455 3224 1519 πάντως
3250 1455 3414 1507 ἕνεκα
3444 1454 3551 1506 καὶ
3579 1455 3676 1522 τὴν

2106 1548 2324 1603 κόλασιν
2359 1551 2471 1614 τοῖς
2493 1549 2736 1616 ἀσεϐέσι,
2796 1549 2891 1603 καὶ
2921 1549 3020 1618 τὴν
3051 1546 3354 1600 ἀνάπαυσιν
3407 1549 3527 1607 τοῖς
3600 1544 3676 1595 δν.-

2102 1629 2298 1699 καίοις,
2331 1637 2644 1702 εξεναντίας
2665 1637 2939 1704 ἐποίησεν,
2969 1635 3056 1687 ἴνα
3101 1633 3373 1704 βλέπωσιν
3405 1633 3676 1702 ἀλλήλους

2102 1725 2196 1777 καὶ
2223 1723 2583 1792 γνωρίζωσιν,
2608 1724 2799 1794 ὥσπερ
2847 1727 2874 1777 6
2933 1722 3184 1794 Λάζαρος
3243 1722 3334 1774 τὸν
3390 1721 3675 1784 πλούσιον,

431 1823 485 1872 et
535 1814 784 1886 Dialogus
829 1815 1046 1872 divinus
1089 1815 1382 1890 Gregorius
1416 1819 1608 1876 dicens
1645 1839 1660 1873 :
1693 1841 1712 1874 ι
1758 1821 1825 1876 Et
1873 1823 1998 1878 boni

2108 1813 2199 1866 καὶ
2221 1813 2249 1864 6
2294 1813 2549 1876 πλούσιος
2572 1813 2663 1866 τὸν
2690 1811 2963 1881 Λάζαρον.
3023 1812 3508 1880 Συνεπιμαρτυρεῖ
3558 1809 3677 1862 τού-

433 1904 625 1969 malos,
643 1914 698 1960 et
742 1906 868 1960 mali
916 1906 1090 1962 bonos
1141 1919 1476 1981 cognoscent
1521 1921 1672 1976 tunc,
1700 1927 1734 1967 ο
1773 1912 1997 1968 Ροιτε..

429 1993 548 2048 Nisi
577 1995 726 2049 enim
761 1998 814 2052 id
847 2010 1012 2063 esset,
1043 1999 1188 2055 haud
1220 2001 1407 2070 utique
1431 2002 1500 2057 ab
1532 2002 1767 2058 invicem
1798 2004 2002 2075 cogniti

434 2085 666 2141 fuissent
697 2096 754 2141 et
799 2089 1100 2150 Abraham.
1137 2103 1194 2146 et
1243 2093 1512 2160 Lazarus,
1557 2104 1615 2148 et
1663 2095 1835 2151 dives.
1880 2095 2002 2151 ΙΙωο

432 2191 565 2232 vero
597 2178 668 2230 ita
705 2195 763 2233 se
796 2179 1022 2245 habere,
1067 2192 1122 2236 et
1157 2199 1260 2238 nos
1289 2200 1417 2240 vere
1463 2189 1799 2256 cognituros.
1840 2188 2000 2242 etiam

433 2282 552 2333 eos,
580 2285 717 2338 quos
755 2287 1034 2342 nunquam
1064 2276 1325 2346 vidimus,
1359 2278 1605 2332 videntes
1633 2294 1730 2334 eos
1767 2281 1860 2344 ibi,
1895 2297 2001 2336 non

433 2360 609 2414 solum
642 2378 707 2416 ex
747 2364 936 2419 divitis
970 2374 1026 2422 et
1065 2367 1254 2423 Lazari
1299 2370 1553 2439 parabola
1588 2374 2006 2442 comprehendi-

434 2468 578 2519 mus,
623 2456 716 2511 sed
765 2457 931 2513 etiam
986 2475 1053 2514 ex
1083 2461 1205 2531 ipso
1243 2461 1480 2518 Domino
1522 2465 1652 2520 Jesu
1681 2466 1904 2523 Christo
1949 2479 2007 2524 et

436 2545 732 2603 Servatore
771 2561 982 2606 nostro.
1017 2552 1074 2606 In
1123 2553 1246 2622 ipso
1270 2553 1417 2609 enim
1467 2555 1763 2629 Evangelio
1808 2575 2006 2616 secun-

433 2638 563 2692 dum
594 2639 795 2696 Lucam
828 2650 882 2696 et
913 2643 1030 2697 haec
1060 2642 1130 2698 ad
1164 2647 1430 2714 quosdam
1451 2663 1561 2702 non
1590 2659 1734 2704 recte
1763 2651 2006 2709 viventes

433 2730 616 2785 dicere
650 2734 956 2802 reperitur:
985 2752 1003 2786 ι
1041 2735 1302 2792 Recedite
1325 2753 1354 2792 a
1382 2753 1489 2800 me.
1523 2741 1762 2810 operarii
1803 2743 2007 2813 iniqui-

434 2826 601 2887 tatis;
633 2823 706 2878 ibi
751 2825 856 2879 erit
893 2826 1056 2882 ﬂetus
1099 2837 1156 2884 et
1203 2829 1412 2885 stridor
1456 2830 1738 2897 dentium;
1786 2835 2007 2905 quando

435 2913 694 2968 videbitis
723 2916 1022 2983 Abraham,
1071 2928 1128 2975 et
1182 2921 1357 2988 Isaac,
1405 2930 1459 2978 et
1486 2921 1676 2990 Jacob,
1716 2934 1772 2981 et
1813 2942 2007 2983 omnes

432 3009 736 3078 prapbetas
764 3010 820 3064 in
853 3026 1022 3082 regno
1047 3014 1338 3078 calorum,
1376 3028 1474 3069 vos
1515 3029 1650 3070 vero
1677 3025 1829 3072 extra
1865 3017 2008 3087 ejec-

434 3109 541 3154 tos.
577 3119 596 3152 ›
637 3101 986 3172 Exploratum
1013 3103 1178 3174 igitur
1207 3112 1438 3159 cunctos
1464 3109 1834 3163 communiter
1868 3107 2010 3164 invi-

433 3205 553 3245 cem
601 3194 801 3248 nosibi
831 3195 1184 3265 cognituros;
1229 3206 1283 3249 et
1311 3211 1422 3250 non
1454 3197 1776 3267 simpliciter
1807 3201 1881 3255 ita
1913 3215 2008 3256 co-

433 3296 781 3351 gnoscemus,
836 3285 935 3338 sed
982 3286 1330 3342 manifestius
1378 3297 1435 3343 et
1472 3291 1665 3358 purius
1719 3293 2010 3349 universos

433 3374 736 3442 perspicaci
770 3375 966 3430 animm
999 3378 1182 3432 oculo.
1218 3380 1285 3432 Et
1316 3382 1666 3436 manifestum
1700 3399 1767 3439 ex
1795 3385 1865 3440 iis
1889 3402 2010 3457 quae

436 3480 664 3534 magnus
693 3465 916 3522 Simeon
950 3467 1178 3540 Stylites
1207 3487 1319 3526 sua:
1357 3475 1524 3529 matri
1554 3477 1794 3543 dicebat,
1827 3496 2007 3548 quan-

437 3555 508 3608 do
548 3566 607 3611 ut
639 3557 705 3610 ab
739 3557 858 3628 ipsa
907 3559 1192 3614 videretur
1226 3563 1280 3616 vi
1330 3563 1696 3632 adigebatur:
1751 3585 1772 3618 ι
1817 3569 1876 3623 Si
1913 3571 2007 3625 tibi

434 3645 730 3715 videtur,o
781 3660 987 3719 mater,
1044 3664 1295 3710 mutuum
1355 3657 1616 3713 intuitum
1670 3660 1726 3714 in
1777 3660 2008 3716 alterum

443 3742 704 3797 saeculum
731 3743 1064 3813 rejiciamus,
1089 3757 1143 3803 et
1168 3747 1214 3802 sl
1237 3747 1348 3804 Deo
1374 3750 1639 3819 placuerit
1663 3754 2010 3808 conversatio

435 3849 645 3901 nostra,
673 3846 961 3907 postquam
1001 3839 1132 3896 hinc
1175 3841 1621 3910 discesserimus,
1666 3860 1774 3900 una
1805 3847 2011 3901 conlae-

435 3928 702 3984 tabimur.
737 3949 758 3984 ι
793 3931 860 3986 Et
893 3933 1152 4004 princeps
1189 3931 1386 3990 Petrus
1409 3937 1748 3993 enucleatius
1769 3939 2011 3994 ostendit

435 4020 634 4076 Fausto
659 4023 956 4079 Clementis
985 4028 1152 4096 patri,
1189 4042 1314 4082 cum
1353 4031 1598 4084 nondum
1631 4041 1780 4087 esset
1806 4032 2010 4088 illumi-

433 4125 619 4179 natus,
673 4115 748 4168 ita
785 4116 1014 4171 dicens:
1053 4136 1073 4168 ι
1117 4117 1357 4189 Propera
1402 4122 1594 4178 eadem
1639 4117 1846 4181 sentire
1885 4141 2008 4181 cum

435 4219 605 4258 uxore
639 4216 693 4261 et
723 4206 869 4274 ﬁliis,
903 4219 961 4263 nt
1002 4220 1060 4265 et
1103 4212 1191 4267 hic
1217 4228 1322 4268 una
1347 4215 1518 4281 vivas,
1550 4224 1606 4272 et
1633 4216 1708 4273 ibi
1736 4229 1861 4290 post
1893 4222 2009 4274 ani-

438 4309 538 4348 ma:
567 4313 597 4349 ιι
632 4310 864 4366 corpore
901 4301 1307 4370 separationem
1334 4321 1440 4361 una
1466 4321 1590 4362 cum
1621 4310 1700 4365 eis
1736 4311 1790 4364 in
1817 4311 2008 4389 laetitia

434 4388 588 4446 vivas
619 4389 754 4461 (85).
788 4411 806 4443 ι
839 4392 1126 4459 Quomodo
1149 4414 1280 4454 vero
1308 4409 1364 4455 et
1394 4403 1850 4470 quemadmodum
1874 4420 2011 4459 uxor

2104 1918 2218 1964 τοις
2235 1901 2332 1954 καὶ
2353 1905 2379 1954 6
2409 1902 2666 1970 Διάλογος
2689 1902 2829 1964 Θείος
2849 1898 3148 1969 Γρηγόριος
3162 1898 3359 1965 λέγων,
3383 1898 3466 1949 ὅτι
3512 1915 3535 1948 ι
3568 1897 3679 1948 Καὶ

2105 1994 2155 2046 ei
2213 1993 2412 2062 ἀγαθοὶ
2449 1995 2576 2056 τοὺς
2653 1991 2945 2062 πονηροὺς,
2999 1991 3095 2044 καὶ
3183 1991 3232 2042 oi
3273 1989 3506 2058 πονηροὶ
3556 1991 3678 2050 τοὺς

2106 2086 2345 2154 ἀγαθοὺς
2393 2086 2720 2156 γνωρίσουσι
2771 2084 2914 2146 τότε,
2958 2076 3004 2136 ὦ
3050 2081 3282 2150 Πέτρε.»
3315 2081 3379 2132 Ei
3435 2080 3519 2150 μὴ
3572 2079 3681 2149 γὰρ

2104 2177 2266 2230 τοῦτο
2323 2173 2411 2250 ἦν,
2452 2178 2551 2232 οὐκ
2581 2179 2648 2232 ἃν
2703 2178 2798 2230 ἀπ’
2831 2177 3077 2246 ἀλλήλων
3132 2173 3488 2248 ἐγνώσθησαν
3537 2176 3568 2226 ὅ
3622 2191 3682 2225 τε

2118 2267 2393 2339 ’Δσραάμ,
2426 2270 2567 2322 καὶό
2606 2269 2880 2337 Λάζαρος,
2929 2269 3024 2320 καὶ
3081 2270 3109 2320 ὁ
3149 2267 3426 2328 πλούσιος.
3462 2266 3600 2317 Ὀτι
3626 2265 3682 2317 δὲ

2105 2361 2277 2414 ταῦτα
2313 2361 2486 2424 οὕτως
2514 2361 2652 2431 ἔχει,
2675 2362 2770 2414 καὶ
2791 2361 2873 2414 ὅτι
2899 2359 3240 2430 γνωριοῦμεν
3306 2360 3365 2411 ἐν
3422 2358 3680 2426 ἀληθεία,

2107 2453 2202 2505 καὶ
2217 2451 2312 2515 οὒς
2339 2452 2598 2507 οὐδέποτε
2627 2453 2860 2522 εἴδομεν,
2898 2452 3100 2513 ἰδόντες
3128 2451 3326 2512 αὐτοὺς
3347 2449 3561 2510 ἐκεῖσε,
3620 2451 3678 2500 οὐ

2111 2546 2274 2614 μόνον
2299 2549 2362 2599 ὲκ
2393 2547 2491 2616 τῆς
2528 2545 2845 2616 παραϐολῆς
2879 2545 2974 2598 τοῦ
3013 2544 3292 2605 πλουσίου,
3321 2544 3417 2596 καὶ
3442 2543 3544 2595 τοῦ
3571 2544 3680 2595 Λα-

2108 2632 2275 2703 ζάρου
2301 2633 2458 2688 τοῦτο
2489 2633 2999 2703 καταλαμϐάνομεν,
3059 2633 3196 2686 ἀλλὰ
3238 2632 3333 2685 καὶ
3386 2629 3449 2695 ἐξ
3505 2630 3678 2683 αὑτοῦ

2107 2725 2204 2778 τοῦ
2260 2725 2465 2795 Κυρίου
2509 2725 2685 2795 Ἰησοῦ
2720 2723 2958 2793 Χριστοῦ
3002 2724 3098 2778 καὶ
3128 2723 3383 2793 Σωτῆρος
3407 2723 3595 2791 ἡμῶν
3623 2724 3678 2773 ἐν

2109 2817 2216 2889 γὰρ
2248 2817 2399 2888 αὐτῷ
2461 2817 2536 2886 τῷ
2582 2816 2727 2870 κατὰ
2775 2816 2990 2870 Λουκᾶν
3049 2813 3373 2882 Εὑαγγελίῳ
3423 2815 3521 2866 καὶ
3551 2811 3677 2866 τάδε

2110 2910 2248 2979 πρός
2279 2926 2433 2972 τινας
2467 2911 2528 2962 οὐ
2571 2909 2755 2972 καλῶς
2803 2909 3264 2976 πολιτευομένους
3322 2907 3560 2976 εὓρηται
3593 2905 3676 2958 λέ-

2107 3016 2242 3070 γων·
2271 3019 2289 3052 r
2337 3000 2624 3055 ’Δπέλθετε
2651 3001 2745 3056 ἀπ’
2770 3000 2927 3072 ἐμοῦ,
2950 3000 2999 3054 oi
3033 2999 3262 3069 ἐργάται
3317 2999 3418 3062 τῆς
3441 2996 3676 3057 ἀδικίας·

2109 3098 2228 3151 ἐκεῖ
2251 3098 2406 3152 ἔσται
2435 3101 2462 3152 6
2485 3099 2784 3168 κλαυθμὸς,
2816 3100 2912 3152 καὶ
2938 3099 2967 3151 ὁ
2991 3096 3236 3167 βρυγμὸς
3265 3095 3376 3148 τῶν
3423 3095 3673 3148 ὀδόντων·

2111 3191 2239 3245 ὅταν
2265 3190 2465 3259 ὄψεσθε
2497 3192 2589 3244 τὸν
2604 3190 2882 3262 Ἀϐραάμ,
2934 3189 3025 3243 τὸν
3054 3189 3261 3253 Ἰσαὰκ,
3333 3187 3426 3240 τὸν
3461 3184 3677 3245 Ἰακὼϐ,

2112 3284 2206 3337 καὶ
2234 3284 2437 3346 πάντας
2469 3285 2595 3347 τοὺς
2655 3285 2942 3354 προφήτας
2975 3286 3032 3336 ὲν
3061 3285 3129 3351 τῇ
3163 3279 3419 3350 βασιλείᾳ
3447 3277 3559 3328 τῶν
3595 3276 3679 3326 οὐ·

2117 3377 2314 3445 ρανῶν,
2355 3377 2501 3446 ὑμᾶς
2560 3376 2618 3430 δὲ
2673 3375 3103 3443 ἐκϐαλλομένους
3165 3373 3289 3435 ἔξω.
3337 3389 3357 3422 ι
3413 3369 3680 3440 Πρόδηλον

2111 3463 2203 3521 οὖν
2230 3467 2314 3521 ὃτι
2343 3467 2534 3532 κοινῶς
2553 3468 2799 3530 ἅπαντας
2814 3467 3076 3537 ἀλλήλους
3104 3466 3284 3518 ἐκεῖσε
3313 3462 3673 3530 γνωρίσομεν,

2113 3561 2206 3612 καὶ
2231 3559 2330 3630 οὐχ
2363 3559 2550 3623 ἁπλῶς
2579 3559 2721 3614 οὕτω
2751 3559 3120 3628 γνωρίσομεν,
3167 3555 3306 3608 ἀλλά
3354 3552 3679 3622 τρανότερόν

2111 3669 2168 3705 τε
2194 3654 2287 3706 καὶ
2314 3652 2695 3724 καθαρώτερον
2714 3653 2791 3723 τῷ
2834 3649 3130 3721 διορατικῷ
3163 3651 3371 3714 πάντας
3393 3645 3488 3714 τῆς
3504 3652 3679 3718 ψυχῆς

2113 3742 2401 3812 ὀφθαλμῷ.
2429 3744 2537 3796 Καὶ
2570 3744 2729 3812 δῆλον
2758 3743 2817 3807 ἑξ
2843 3737 2918 3798 ὧν
2938 3747 2964 3797 6
2990 3743 3161 3813 μέγας
3189 3743 3404 3812 Σιμεὼν
3446 3743 3474 3794 ὁ
3498 3740 3680 3792 Στυλί-

2112 3851 2211 3904 της
2234 3835 2369 3905 πρὸς
2389 3836 2488 3907 τὴν
2517 3835 2684 3890 αὑτοῦ
2716 3837 2929 3907 μητέρα
2958 3836 3136 3904 ἔλεγε,
3159 3834 3325 3905 ἡνίκα
3355 3835 3485 3904 παρ’
3507 3831 3678 3900 αὐτῆς

2111 3927 2342 3997 ὀφθῆναι
2371 3927 2758 3998 παρεδιάζετο·
2798 3947 2817 3980 r
2863 3929 2929 3981 Ετ
2959 3945 3042 3981 σοι
3079 3929 3252 3987 δοκεῖ,
3286 3920 3332 3978 ὦ
3365 3929 3559 3995 μῆτερ,
3589 3925 3682 3989 τὴν

2115 4019 2363 4088 ἀλλήλων
2386 4020 2518 4073 θέαν
2540 4019 2618 4090 τῷ
2645 4021 2856 4073 ἐκεῖθεν
2879 4019 3042 4073 αιῶνι
3082 4015 3519 4087 ταμιευσάμεθα·
3589 4016 3680 4066 καὶ

2113 4113 2273 4182 εἰπερ
2303 4113 2594 4183 εὐάρεστος
2626 4114 2706 4182 τῷ
2737 4112 2858 4182 Θεῷ
2885 4113 2920 4182 ή
2950 4110 3198 4164 πολιτεία
3231 4109 3388 4178 ήμῶν
3415 4107 3558 4175 μετὰ
3587 4106 3680 4172 τὴν

2113 4201 2327 4254 ἐκεῖθεν
2371 4201 2634 4272 ἐκδημίαν
2661 4203 2719 4255 ἐν
2747 4201 2929 4272 ταυτῷ
2946 4197 3473 4268 συνευφραινόμεθα.
3489 4213 3507 4246 ι
3530 4196 3642 4246 Καὶ
3659 4194 3683 4243 6

2113 4298 2413 4365 κορυφαῖος
2469 4296 2680 4365 Πέτρος
2735 4293 3123 4363 ἀριδηλότερον
3191 4289 3364 4354 ἔδειξε
3411 4290 3548 4357 πρὸς
3599 4286 3683 4337 τὸν

2112 4391 2207 4441 τοῦ
2240 4389 2556 4458 Κλήμεντος
2583 4388 2799 4457 πατέρα
2825 4385 3069 4440 Φαῦστον
3095 4383 3177 4437 ἐτι
3207 4384 3510 4453 ἀφώτιστον
3532 4383 3680 4442 ὅντα,

434 4496 542 4536 una
593 4499 717 4539 cum
774 4489 999 4558 preprio
1042 4491 1160 4547 viro
1209 4493 1335 4558 erit,
1389 4505 1444 4550 et
1494 4496 1663 4552 simul.
1685 4499 1999 4565 exsultabit,

2108 4480 2277 4544 οὕτως
2297 4479 2490 4533 εἰπών’
2530 4497 2549 4531 ι
2587 4479 2828 4532 Σπεῦσόν
2867 4495 2926 4530 σε
2955 4479 3238 4547 ὁμόρφονα
3285 4475 3540 4544 γενέσθαι
3591 4493 3680 4565 γο-

433 4589 599 4630 aurca
655 4578 817 4633 verba
879 4579 1119 4638 fundens
1169 4583 1410 4640 Joannes
1461 4587 1858 4644 demonstrabit
1907 4589 2004 4644 tibi

435 4669 803 4735 apertissime.
835 4667 1120 4729 Juniorem
1157 4675 1304 4729 enim
1336 4676 1552 4731 viduam
1601 4679 1900 4734 exhortans
1946 4685 2007 4732 ut

437 4757 672 4812 animum
721 4776 833 4815 non
887 4762 1258 4834 desponderet
1305 4775 1359 4820 et
1409 4769 1526 4823 haec
1575 4769 1838 4824 adducit:
1885 4788 1904 4823 ι
1948 4769 2006 4825 Si

435 4862 566 4900 vero
607 4861 663 4903 et
712 4851 853 4909 facie
904 4857 969 4910 ad
1013 4857 1207 4911 faciem
1241 4858 1322 4912 vis
1352 4860 1637 4930 proprium
1678 4862 1852 4916 virum
1885 4877 2010 4916 con-

439 4938 650 5004 spicere
673 4955 688 5005 ;
711 4943 840 4996 novi
875 4946 1020 4999 enim
1050 4956 1102 5000 te
1133 4946 1188 5002 id
1216 4950 1448 5002 maxime
1468 4950 1815 5016 desiderare;
1848 4966 2008 5006 serva

438 5029 538 5096 ipsi
561 5039 738 5084 torum
762 5035 1015 5092 abaltero
1033 5039 1146 5092 viro
1173 5039 1456 5105 intactum,
1486 5052 1539 5096 et
1564 5043 1725 5097 vitam
1745 5044 2008 5098 exhibere

437 5129 625 5190 satagc
663 5123 710 5175 ei
750 5127 1037 5194 aequalem,
1071 5137 1127 5184 et
1157 5133 1383 5186 omnino
1417 5133 1470 5186 in
1501 5134 1753 5189 eumdem
1787 5135 1893 5214 ibis
1926 5135 2008 5189 lo-

433 5228 556 5266 cum
586 5229 708 5268 cum
763 5217 904 5286 ipso,
952 5233 1062 5274 non
1119 5234 1176 5276 ut
1215 5235 1443 5295 cognata
1487 5227 1652 5291 illius,
1708 5228 1801 5282 sed
1851 5238 1910 5281 ut
1947 5243 2009 5283 ea

433 5323 558 5376 quae
597 5310 846 5364 eamdem
889 5329 1115 5382 prorsus
1169 5317 1332 5370 vitam
1387 5321 1712 5376 institueris.
1752 5323 1806 5376 Si
1862 5325 2010 5377 enim

435 5399 725 5469 Lazarum,
751 5405 967 5475 ignotus
995 5423 1117 5464 cum
1158 5417 1304 5464 esset
1345 5415 1672 5484 Abrahamo,
1730 5416 1776 5469 is
1814 5416 1864 5469 in
1893 5433 2013 5473 eos-

2113 4574 2262 4627 ναικὶ
2287 4574 2382 4626 καὶ
2415 4573 2650 4637 τέκνοις,
2679 4573 2824 4633 ὅπως
2854 4571 2948 4624 καὶ
2981 4568 3220 4622 ἐνταῦθα
3252 4567 3560 4637 ὁμοδίαιτος
3598 4560 3682 4638 ᾖς,

2114 4667 2338 4719 κάκεῖσε
2372 4665 2509 4736 μετὰ
2548 4665 2638 4718 τὸν
2670 4664 2777 4716 ἀπὸ
2801 4662 2895 4716 τοῦ
2923 4662 3179 4728 σώματος
3234 4665 3336 4732 τῆς
3369 4661 3546 4730 ψυχῆς
3578 4677 3682 4729 χω-

2119 4757 2312 4828 ρισμὸν
2349 4756 2522 4809 συνὼν
2555 4757 2612 4809 ὲν
2637 4756 2944 4824 εὐφροσύνῃ
2966 4754 3179 4825 διάγῃς.
3232 4771 3252 4805 s
3293 4755 3478 4814 Ὅπως
3495 4753 3551 4803 δὲ
3587 4750 3681 4802 καὶ

2114 4851 2235 4904 τίνα
2263 4853 2464 4923 τρόπον
2497 4853 2530 4922 ή
2566 4849 2704 4920 γυνὴ
2725 4850 2804 4917 τῷ
2845 4850 2960 4919 ίδίῳ
2986 4849 3175 4918 μέλλει
3238 4848 3399 4918 ἀνδρὶ
3453 4845 3687 4901 συνεῖναί

2117 4960 2175 4996 τε
2215 4945 2309 4996 καὶ
2368 4942 2827 5011 συναγάλλεσθαι,
2887 4943 2915 4994 6
2965 4943 3380 5012 χρυσορῤήμων
3437 4941 3688 5004 Ἰωάννης

2119 5036 2360 5106 παριστᾷ
2391 5052 2470 5089 σοι
2523 5037 2873 5103 σαφέσταταο
2897 5035 3140 5105 νεωτέρα
3175 5035 3285 5104 γάρ
3328 5051 3440 5087 τινι
3497 5047 3690 5103 χηρευσ

2121 5129 2261 5200 σάσῃ
2300 5128 2578 5198 παραινῶν
2602 5126 2676 5196 μὴ
2703 5128 2952 5196 ἀθυμεῖν,
2982 5127 3178 5194 ἐπάγει
3209 5126 3301 5177 καὶ
3328 5124 3476 5178 τάδε·
3507 5142 3526 5173 ι
3555 5123 3619 5176 ΕΞ
3640 5119 3691 5171 ἃ

2120 5221 2214 5272 καὶ
2243 5219 2532 5289 πρόςωπον
2565 5217 2741 5289 βούλει
2772 5220 2909 5286 πρὸς
2935 5219 3230 5288 πρόσωπον
3269 5216 3398 5269 ἰδεῖν
3449 5217 3540 5268 τὸν
3563 5214 3692 5266 ἴδιον

2119 5313 2313 5381 ἄνδραο
2334 5313 2494 5366 τοῦτο
2519 5315 2626 5384 γάρ
2648 5310 2763 5367 οἶδα
2793 5315 2875 5367 ὅτι
2911 5313 3151 5381 μάλιστα
3185 5311 3398 5370 ποθεῖς
3427 5305 3688 5376 διαφύλα-

2123 5404 2211 5470 ξον
2239 5405 2387 5475 αὐτῷ
2417 5403 2517 5474 τὴν
2553 5403 2715 5472 εὐνὴν
2780 5402 3063 5468 ἀνέπαφον
3115 5401 3314 5469 ἀνδρδς
3345 5397 3556 5466 ἐτέρου,
3599 5390 3690 5444 καὶ

435 5508 562 5547 uem
602 5495 758 5551 sinus
782 5512 968 5553 secum
997 5500 1251 5569 adduxit;
1283 5504 1482 5560 multos
1517 5507 1682 5561 etiam
1711 5507 1779 5563 ab
1803 5508 2004 5563 oriente

2126 5496 2239 5568 βίον
2271 5496 2646 5562 ἐπιδείξασθαι
2669 5495 2975 5549 σπούδασον
3013 5495 3132 5547 ἶσον
3168 5493 3386 5562 ἐκείνῳ,
3414 5490 3539 5596 καὶ.
3559 5490 3692 5588 παγ-

432 5593 495 5640 et
518 5589 827 5660 occidente,
870 5603 930 5648 ut
959 5609 1084 5649 cum
1118 5595 1240 5666 ipso
1289 5599 1634 5666 recumbunt,
1674 5611 1832 5669 parat
1880 5617 2004 5658 con-

2122 5606 2232 5654 τως
2261 5590 2340 5654 εἰς
2369 5588 2463 5644 τὸν
2497 5586 2662 5642 αὐτὸν
2711 5585 3002 5641 ἀπελεύσει
3052 5584 3236 5657 χῶρον
3265 5583 3433 5653 αὐτῷ,
3487 5583 3586 5647 οὐχ
3617 5583 3691 5632 ὼς

2072 5686 2086 5696 υ

2051 5699 2081 5707 ⁵,
2492 5713 2528 5725 ,ομ
2591 5711 2600 5716 -
2638 5711 2751 5724 σονς,-

505 5762 623 5836 (⁸⁵)
664 5764 718 5820 Μ
755 5783 820 5823 εἰ
853 5784 902 5840 ιιι
925 5771 1186 5840 ocrypliis
1221 5779 1518 5840 sumptum.
