3838 6226
127 326 215 391 793

1422 320 1788 384 EPISTOLA
1825 321 1999 386 νιιι.

3219 324 3324 389 794

132 437 368 508 συγγενὴς
387 435 613 499 ικείνου,
645 437 761 493 ἀλλ’
796 435 871 501 ὥς
914 438 1016 508 τὴν
1040 436 1211 507 αὐτὴν
1244 435 1458 499 πάντως
1485 437 1644 501 δεξα-

1755 437 1987 493 rersatio
2012 451 2108 507 per
2137 437 2320 492 omnia
2344 436 2574 505 similis;
2604 446 2659 493 et
2687 445 2737 493 te
2757 452 2883 496 cum
2918 436 3151 492 honesto
3178 434 3325 491 The-

130 532 247 603 μίνη
265 530 548 584 πολιτείαν.
586 532 647 583 El
675 532 785 602 γάρ
830 531 919 585 τὸν
950 530 1201 602 Λάζαρον
1246 530 1464 598 ἀγνῶτα
1519 530 1648 585 ὄντα

129 622 193 693 τῷ
217 621 448 689 ’Δόραάμ
471 623 551 684 εις
576 624 702 687 τοὺς
732 624 929 687 αὐτοὺς
983 623 1216 686 κόλπους
1248 622 1398 693 αὐτῷ
1447 622 1647 691 ἤγαγε,

130 715 207 769 καὶ
238 714 448 775 πολλοὺς
472 715 565 765 ἀπ’
592 716 868 768 ἀνατολῶν
900 715 993 767 καὶ
1026 714 1247 784 δυσμῶν
1291 712 1647 782 ἀνακλιθῆναι

130 806 235 875 μετ’
256 805 412 859 αὑτοῦ
434 808 839 877 παρασκευάζει
869 808 932 860 τὸ
956 808 1052 877 τῆς
1079 806 1355 869 πολιτείας
1402 806 1649 875 ἀπαράλ-

127 895 314 959 λακτον,
353 895 443 948 καί
498 912 559 949 σε
621 899 757 965 μετά
819 897 912 950 τοῦ
946 898 1111 951 καλοῦ
1172 897 1446 965 Θηρασίου
1501 898 1651 963 ὁτῆς

127 985 434 1049 ἀναστάσεως
468 985 744 1051 ἐκδέξεται
772 989 959 1051 τόπος,
994 988 1059 1042 ἂν
1083 987 1274 1053 ἐκείνῳ
1305 986 1381 1056 τῷ
1408 986 1510 1056 βίῳ
1558 986 1649 1037 θέ-

127 1078 208 1147 λῃς
239 1076 322 1128 τὸν
364 1075 525 1129 αὐτὸν
578 1076 999 1140 ἐπιδείξασθαι(
1026 1078 1167 1131 οὕτω
1215 1079 1307 1130 καὶ
1334 1076 1431 1147 τὴν
1484 1076 1652 1144 αὐτὴν

127 1168 292 1236 ἐκείνῳ
316 1169 653 1234 κατοικήσεις
688 1168 915 1238 σκηνὴν,
952 1169 1048 1221 καὶ
1096 1167 1433 1238 συναφθῆναι
1489 1168 1653 1221 πάλιν

125 1260 250 1331 αὑτῷ
272 1262 482 1330 δυνήσει
537 1263 615 1324 είς
649 1266 789 1327 τοὺς»
823 1267 1125 1329 ἀθανάτους
1169 1267 1412 1328 ἐκείνους
1451 1266 1656 1328 αἰῶνας

124 1350 174 1402 οὗ
200 1350 388 1420 ταύτην
422 1353 519 1421 τὴν
565 1353 661 1406 τοῦ
714 1354 895 1425 γάμου
947 1356 1266 1424 συνάφειαν,
1322 1354 1435 1408 ἀλλ’
1462 1355 1656 1424 ἑτέραν

124 1440 276 1510 πολλῷ
300 1442 563 1510 βελτίονα.
602 1445 748 1517 Αὕτη
775 1448 878 1517 μὲν
910 1449 1013 1517 γὰρ
1039 1448 1305 1517 σωμάτων
1354 1446 1471 1499 ἔστι
1522 1464 1659 1515 συμ-

123 1533 275 1601 πλοκὴ
310 1534 487 1601 μόνον’
545 1536 667 1589 τότε
694 1538 751 1589 δὲ
774 1539 951 1607 ψυχῆς
1001 1542 1119 1591 ἐστι
1148 1539 1283 1606 πρὸς
1317 1538 1495 1607 ψυχὴν
1527 1538 1654 1589 ἔνω-

123 1638 192 1684 σις
212 1624 566 1694 ἀκριόεστέρα
632 1631 727 1681 καὶ
756 1629 920 1699 ήδΐων
966 1629 1146 1699 πολλῷ
1209 1629 1304 1682 καὶ
1356 1629 1601 1698 βελτίων.
1634 1646 1653 1679 ι

1756 530 1903 584 rosio
1934 529 2359 583 resurrectionis
2405 530 2560 586 locus
2596 531 2853 599 excipiet,
2899 531 2942 586 si
2985 529 3077 584 illa
3103 528 3213 583 vita
3245 528 3327 597 ip-

1754 636 1877 676 sum
1906 620 2171 677 exhibere
2207 621 2468 677 volueris.
2517 621 2595 677 Ita
2633 634 2689 677 et
2717 624 2860 678 idem
2908 638 3031 678 cum
3073 620 3191 691 ipso
3238 629 3325 675 ta~

1755 710 2111 766 bernaculuni
2166 711 2459 777 habitabis,
2505 721 2560 766 et
2614 714 2776 767 simul
2815 713 3072 784 conjungi
3122 712 3324 767 iterum

1756 806 1962 872 poteris
1994 819 2092 873 per
2146 794 2471 860 immurtalia
2522 806 2613 859 illa
2662 807 2880 869 sacula,
2918 824 3023 861 non
3066 807 3166 860 hac
3217 822 3320 859 nu-

1757 891 1994 961 ptiarum
2026 894 2240 961 copula,
2274 895 2369 950 sed
2398 896 2501 949 alia
2554 896 2731 950 multo
2755 896 2985 950 meliori.
3022 895 3146 950 llaec
3175 897 3321 950 enim

1759 998 2049 1053 corporum
2080 996 2290 1041 tantum
2323 996 2407 1041 est
2434 989 2783 1058 complexus;
2813 998 2944 1043 tunc
2972 1003 3098 1042 vero
3130 990 3325 1043 animae

1759 1077 1868 1131 erit
1902 1092 2025 1131 cum
2063 1078 2245 1131 anima
2274 1080 2595 1147 conjunctio
2620 1080 2887 1144 exactior,
2919 1088 2973 1135 et
3003 1079 3171 1133 multo
3200 1095 3328 1132 sua-

1760 1170 1880 1224 vior
1930 1185 1993 1225 ac
2052 1171 2413 1238 praestantior.
2456 1191 2475 1224 ι
2536 1172 2593 1227 Si
2651 1187 2783 1227 vero
2832 1173 2946 1226 bzec
2995 1172 3069 1224 ita
3102 1170 3327 1232 habent,

1754 1263 1925 1316 satius
1983 1272 2064 1316 est
2115 1272 2173 1316 ut
2225 1273 2504 1317 taceamus
2541 1273 2596 1318 et
2627 1265 2917 1334 diligamus
2971 1278 3091 1331 qua:
3125 1261 3329 1330 scripta

1754 1353 1995 1415 fuerunt,
2030 1364 2087 1407 et
2120 1370 2226 1408 non
2265 1355 2540 1409 contraria
2565 1356 2865 1409 sentiamus
2891 1353 3177 1423 pr0phetis
3206 1351 3330 1421 Spi-

1755 1444 1925 1509 ritus;
1956 1460 2027 1499 ne
2065 1445 2206 1500 forte
2232 1456 2287 1500 et
2314 1456 2503 1501 contra
2545 1462 2644 1501 nos
2670 1447 2939 1500 inferatur
2976 1443 3330 1513 propheticus

1757 1550 1938 1591 sermo
1962 1537 2057 1605 qui
2080 1538 2213 1591 dicit
2239 1554 2255 1593 :
2288 1557 2305 1588 ι
2338 1538 2425 1593 Va:
2450 1538 2517 1591 iis
2536 1534 2627 1606 Qui
2653 1538 2759 1592 sibi
2792 1536 2927 1606 ipsis
2949 1543 3076 1589 sunt
3105 1533 3327 1601 sapieu-
3388 1578 3399 1588 .

1761 1637 1864 1693 tes,
1892 1633 1948 1679 at
1974 1642 2157 1682 coram
2192 1636 2253 1682 se
2284 1628 2466 1697 periti.
2509 1646 2528 1679 ι

120 1711 419 1765 Είδὲταῠτα
450 1714 625 1780 οὓτως
656 1717 794 1787 εχει,
823 1721 1043 1789 σιωπᾷν
1084 1722 1231 1789 ἡμᾶς
1255 1718 1479 1788 ἄμεινον
1536 1717 1785 1784 στέργειν
1836 1733 1897 1768 τε
1964 1716 2032 1769 τὰ
2095 1718 2482 1788 γεγραμμένα,
2533 1718 2627 1772 καὶ
2673 1718 2749 1789 μὴ
2798 1717 3057 1772 τάναντία
3112 1717 3329 1787 φρονεῖν

119 1809 211 1868 τοῖς
233 1808 529 1879 ὑποφήταις
554 1812 646 1863 τοῦ
704 1814 1041 1882 [Ινεύματοςο
1096 1814 1182 1866 ἴνα
1247 1814 1321 1883 μὴ
1374 1816 1468 1867 καὶ
1532 1814 1655 1866 καθ’
1691 1810 1849 1880 ἡμῶν
1877 1814 1908 1865 ό
1938 1813 2277 1882 προφητικὸς
2304 1812 2613 1884 ἐξενεχθείη
2656 1813 2813 1881 λόγος
2851 1816 2879 1867 ὁ
2916 1814 3115 1882 λέγων’
3158 1811 3321 1864 «Οὐαὶ

118 1906 158 1956 ol
183 1907 302 1975 παρ’
336 1908 552 1972 ἑαυτοῖς
582 1912 755 1978 σοφοὶ,
782 1911 877 1963 καὶ
900 1911 1133 1965 ἐνώπιον
1184 1911 1364 1965 αὐτῶν
1426 1911 1814 1980 ἐπιστήμονες.
1850 1924 1869 1959 ι

619 2024 960 2077 ΕΠΙΣΊῸΛΗ
1016 2021 1098 2078 H'.

122 2121 193 2189 Τῷ
205 2128 530 2200 τιμιωτάτῳ
551 2131 794 2199 μοναχῷ
820 2133 980 2200 κιερῷ
1029 2132 1265 2200 Ἡσαΐᾳ.
1296 2160 1361 2172 ~—
1383 2133 1522 2200 Περὶ
1546 2134 1650 2187 τοῦ

172 2195 282 2273 εἴτε
303 2195 741 2273 προκόπτεινοί
767 2195 981 2255 eadem
1034 2195 1326 2269 μέλλουσι
1391 2195 1541 2256 κίίτά
1586 2220 1653 2273 re

172 2270 407 2342 γνῶσιν,
445 2271 542 2342 καί
585 2270 796 2335 δόξαν,
821 2272 941 2324 εἴτε
962 2273 1154 2340 καὶμὴ
1186 2274 1335 2341 μετὰ
1364 2274 1476 2342 τὴν
1507 2272 1653 2325 ἐκεῖ·

174 2349 241 2387 σε
266 2335 787 2395 ἀποκατάστασιν.

174 2447 386 2517 Πρῶτον
413 2451 517 2519 μὲν
549 2449 642 2505 οὖν
693 2456 786 2508 ἐπὶ
846 2455 1056 2518 τούτοις
1111 2456 1407 2523 ἀναγκαῖον
1454 2459 1649 2521 εἰπεῖν,

113 2532 354 2591 θεοείκελε
388 2541 544 2611 ἄνερ,
575 2544 735 2596 όποία
768 2545 851 2605 τίς
880 2548 1033 2598 ἐστιν
1104 2548 1138 2615 ὴ
1171 2550 1350 2600 ἐκεῖσε
1408 2551 1520 2612 τοῖς
1568 2549 1650 2602 δι·-

112 2625 274 2688 καίοις
301 2628 786 2701 ἀποταμιευομένη
815 2636 1172 2696 κατάστασις·
1230 2638 1322 2689 καὶ
1353 2637 1498 2699 ὅπως
1557 2640 1653 2693 αὐε-

110 2715 204 2767 τῶν
228 2717 449 2783 ἕκαστος
483 2727 578 2778 καὶ
598 2726 718 2777 τίνα
750 2726 952 2795 τρόπον
1010 2727 1153 2795 μετά
1193 2728 1407 2780 ἐνθένδε
1466 2730 1651 2800 βιοτὴν

110 2814 487 2871 ἀναπαύσεται·
512 2819 653 2874 οὕτω
684 2822 789 2891 γὰρ
826 2821 891 2874 ἂν
912 2822 1052 2891 καὶὴ
1079 2824 1205 2891 περὶ
1236 2823 1331 2875 τοῦ
1354 2826 1649 2892 κεφαλαίου

108 2904 245 2960 τοῦδε
313 2909 613 2981 συζήτησις
670 2914 1118 2983 ὲκφαντικωτέρα
1178 2917 1471 2986 γενήσεται
1537 2923 1651 2980 τοῖς

108 2999 474 3071 προσέχουσιν.
535 3005 595 3057 El
662 3007 769 3073 γάρ
819 3007 913 3058 καὶ
972 3007 1220 3076 Σωτῆρος
1256 3008 1417 3077 ἡμῶν
1473 3008 1650 3078 Ὶῃσοῦ

107 3088 322 3156 Χριστοῦ
353 3095 412 3145 ὲν
440 3093 799 3161 Εὐαγγελίοις
846 3097 1185 3166 ἀκούσαιμεν
1242 3099 1514 3166 λέγοντος,
1567 3102 1650 3155 ὅτι

108 3194 125 3226 ι
156 3177 238 3232 Ἐν
270 3184 335 3250 τῇ
363 3184 514 3253 οἰκία
540 3184 632 3237 τοῦ
654 3186 861 3253 Πατρός
890 3204 991 3255 μου
1021 3188 1212 3241 πολλαί
1264 3190 1420 3255 μοναί
1451 3193 1644 3255 slew,»

103 3268 205 3321 ἀλλ’
229 3272 285 3324 οὐ
310 3274 577 3343 διαφοράν
599 3278 719 3345 οίκη
731 3280 914 3345 μάτων
934 3278 1087 3332 ἔνθεν
1115 3282 1375 3333 κάκεῖθεν
1412 3285 1649 3354 ἐγηγερ-

2284 2020 2623 2077 EPISTOLA
2667 2022 2801 2078 Vill.

1758 2128 2052 2182 Admodum
2122 2129 2414 2183 venerando
2474 2131 2724 2183 monacho
2783 2130 2972 2182 domno
3034 2129 3327 2183 Esaia-—

1834 2198 2019 2252 Utrum
2046 2202 2171 2265 iusti
2205 2202 2458 2268 proﬁcere
2499 2201 2717 2253 debeant
2756 2202 2973 2252 scientia
3038 2211 3085 2253 et
3132 2200 3323 2268 gloria,

1829 2269 1910 2321 vel
1939 2284 2061 2334 non,
2090 2280 2204 2337 post
2232 2286 2368 2335 eam,
2400 2286 2515 2338 quae
2559 2270 2631 2323 ibi
2662 2271 2783 2336 erit,
2822 2271 3223 2323 restitutionem.

1830 2445 2072 2500 Primum
2124 2446 2348 2515 quidem
2396 2447 2559 2516 igitur
2606 2447 2673 2501 de
2730 2448 2814 2502 his
2863 2447 3047 2501 dicere
3100 2462 3329 2503 necesse

1757 2544 1861 2601 est,
1889 2536 2075 2592 divine
2098 2539 2201 2602 vir,
2238 2541 2414 2608 qualis
2450 2540 2708 2593 videlicet
2756 2541 2999 2595 conditio
3052 2551 3159 2607 est,
3208 2556 3329 2609 qute

1758 2632 2029 2701 ibi-iustis
2061 2642 2412 2707 reservatur,
2455 2641 2511 2686 et
2563 2633 2841 2702 quomodo
2887 2634 3130 2703 ipsorum
3164 2634 3327 2703 quili-

1758 2722 1850 2776 bet
1884 2732 2007 2792 post
2064 2726 2202 2776 hanc
2246 2724 2410 2776 vitam
2468 2725 2797 2793 requiescet.
2853 2724 2928 2778 lta
2976 2728 3119 2779 enim
3168 2736 3219 2780 et
3252 2729 3329 2780 ide

1758 2817 1936 2882 capite
1971 2816 2074 2869 hoc
2127 2816 2359 2883 quaestio
2409 2817 2818 2872 attendeutibus
2856 2820 3160 2873 evidentior
3215 2821 3323 2873 lict.

1759 2904 1814 2957 Si
1871 2905 2014 2957 enim
2065 2915 2119 2958 et
2149 2904 2496 2960 Servatorem
2533 2919 2778 2962 nostrum
2816 2908 3004 2963 Jesum
3049 2912 3324 2966 Christum

1760 2994 1813 3047 in
1844 2995 2152 3065 Evangeliis
2181 2998 2454 3051 dicentem
2502 2999 2809 3059 audiamus,
2854 3002 2908 3054 in
2957 3003 3120 3055 domo
3153 3004 3325 3057 l’atris

1757 3085 1839 3138 sui
1896 3088 2091 3141 multas
2118 3102 2237 3142 esse
2294 3090 2645 3149 mansiones,
2693 3106 2801 3143 non
2854 3093 3043 3158 utique
3099 3096 3324 3147 domici-

1758 3172 1951 3227 liorum
2003 3176 2367 3232 dill‘erentiam
2410 3179 2512 3234 hac
2564 3191 2618 3234 et
2654 3181 2776 3234 illac
2831 3183 3214 3250 excitaturum,
3269 3197 3324 3240 et

1757 3279 1788 3319 a
1850 3266 2014 3334 justis
2072 3269 2385 3325 haereditate
2430 3273 2830 3340 adeundorum,
2874 3276 2967 3329 sed
3022 3275 3320 3331 charisma-

103 3362 268 3427 μένων
302 3368 535 3430 καὶτοῖς
586 3369 812 3432 δικαίοις
870 3372 1433 3442 ἀποκεκληρωμένων,
1494 3394 1649 3446 χαρι-

1759 3364 1871 3409 tum
1928 3361 2290 3429 proprietates
2346 3365 2696 3434 evangelicus
2751 3375 2805 3419 et
2859 3367 3077 3421 divinus
3141 3384 3321 3423 seruio

103 3454 308 3521 σμάτων
344 3459 401 3511 δὲ
438 3459 708 3528 ἰδιότητας
739 3464 766 3515 ό
790 3463 1146 3530 εὐαγγελικὸς
1188 3468 1281 3517 καὶ
1324 3466 1463 3531 θεῖος
1493 3469 1648 3535 λόγος

99 3542 330 3599 ἐντεῦθεν
370 3549 748 3619 ὑπεμνήσατο.
792 3553 927 3621 Περὶ
961 3556 1074 3617 τοῖς
1132 3559 1440 3627 χαρίσμασι
1463 3558 1648 3612 λοιπὸν

97 3635 150 3685 τὸ
198 3636 478 3710 διάφορον·
548 3644 580 3713 ἠ
650 3644 757 3713 γὰρ
845 3644 981 3715 μονὴ
1061 3649 1157 3716 μία
1240 3651 1334 3701 καὶ
1387 3650 1449 3701 ού
1520 3652 1649 3703 πο).-

94 3725 191 3779 λαί.
235 3730 329 3793 Τίς
388 3732 448 3784 δὲ
501 3733 534 3802 ὴ
592 3737 728 3804 μονὴ
771 3720 974 3805 ’ἐκείνη
1022 3738 1117 3790 καὶ
1176 3739 1341 3792 πόθεν
1395 3744 1508 3804 τοῖς
1568 3744 1647 3797 δι-

94 3818 253 3882 καίοις
280 3823 695 3892 ἀπονενεμηται
721 3826 789 3877 τὰ
812 3826 1148 3896 χαρίσματα,
1178 3831 1341 3893 αὐτὸς
1384 3832 1413 3884 ό
1445 3834 1648 3905 Κύριος

91 3910 237 3977 ἡμῶν
271 3913 485 3993 Ὶησούς
514 3915 748 3982 Χριστὸς
778 3919 890 3979 τοῖς
922 3920 1056 3972 πᾶσι
1096 3922 1270 3975 πάντα
1316 3924 1435 3976 τότε
1493 3926 1646 3979 καθί-

92 4016 292 4059 σταται.
324 3992 503 4067 Αὐτός
528 4008 677 4061 ἐστιν
715 4009 748 4079 ὴ
784 4012 940 4078 μονὴ,
973 4011 1067 4064 καὶ
1097 4013 1130 4083 ἡ
1164 4014 1524 4085 ἀνεκλάλητος
1541 4019 1648 4072 τῶν
1691 4088 1698 4095 _

87 4091 301 4149 δικαίων
352 4098 503 4168 χαρά
531 4113 544 4128 ⁶
570 4099 730 4161 αὐτὸς
774 4101 806 4171 ἠ
838 4101 1155 4169 ἀπόλαυσις,
1186 4103 1396 4176 αὐτὸςή
1428 4106 1648 4161 πάντων

87 4187 398 4253 ἀνάστασις.
432 4193 543 4245 Καὶ
573 4191 731 4245 τοῦτο
768 4193 929 4261 δῆλον
962 4189 1116 4259 EEth
1145 4199 1172 4249 ὁ
1206 4196 1468 4266 Θεολόγος
1509 4200 1649 4271 Γρη-

85 4280 260 4350 γόριος
276 4282 459 4347 οὕτως
489 4284 723 4355 εὓρηται
746 4285 941 4353 λέγων·
997 4305 1015 4338 ι
1056 4289 1250 4341 Οὐκέτι
1301 4290 1486 4345 λοιπὸν
1520 4293 1648 4346 ἀθε-

82 4375 228 4441 τήσω
253 4377 320 4430 τά
345 4377 752 4447 ὁμολογηθέντα
783 4397 874 4449 μοι
900 4382 961 4433 ὲν
1005 4381 1084 4450 τῷ
1143 4382 1507 4454 βαπτίσματι,
1558 4387 1646 4441 ἵνα

86 4467 156 4537 μὴ
186 4473 283 4539 τῆς
307 4472 521 4523 ἐκεῖθεν
554 4473 776 4525 ὲκπέσω
823 4475 1250 4544 μακαριότητος.
1299 4476 1362 4530 Ἦ
1391 4479 1447 4531 δέ
1498 4480 1647 4533 ἐστιν

82 4556 113 4625 ἡ
168 4560 264 4626 τῆς
318 4562 552 4632 Τριάδος
612 4563 969 4632 ἑκτυπωτέρα
1027 4565 1351 4634 κατάληψις.
1398 4586 1417 4620 ι
1490 4570 1641 4639 Πρὸς

80 4649 279 4715 τούτοις
309 4651 370 4705 δὲ
408 4652 503 4706 καὶ
531 4655 557 4705 ό
607 4653 904 4716 ὁσιώτατος
966 4655 1250 4725 Βαρλαάμ,
1298 4659 1385 4718 τίς
1430 4661 1643 4731 ἐστινὴ

81 4738 324 4824 βασιλεία
358 4745 471 4796 τῶν
524 4746 773 4815 οὐρανῶν
810 4748 1129 4817 ἐρωτηθεὶς,
1187 4751 1447 4822 τοιαύτην
1510 4754 1647 4824 πρὸς

77 4835 165 4885 τὸν
229 4836 477 4906 Ἰωάσαφ
552 4842 765 4895 ἐκεῖνον
825 4844 1122 4913 ἐποιήσατο
1175 4846 1277 4912 τῆν
1332 4847 1647 4916 ἀπόκρισιν,

85 4940 101 4971 ι
146 4923 236 4987 Ὠς
261 4930 328 4978 ὲκ
360 4928 585 4997 Γραφῆς
617 4931 915 5001 μεμάθηκα
958 4931 1135 5000 ἔγωγε
1186 4935 1246 4986 τὸ
1287 4934 1517 5003 πλησίον
1560 4952 1652 5004 γε·

78 5016 261 5070 νέσθαι
296 5022 402 5087 τῆς
432 5020 663 5090 θεωρίας
695 5022 797 5092 τῆς
827 5024 987 5091 ἁγίας
1011 5025 1259 5095 Τριάδοςο
1314 5034 1405 5079 καὶ
1460 5030 1657 5081 ἀνακε-

79 5108 422 5180 καλυμμένῳ
452 5112 530 5182 τῷ
563 5114 841 5185 προσώπῳ
870 5114 969 5186 τὴν
1004 5116 1162 5183 δόξαν
1193 5118 1367 5188 αὐτῆς
1397 5119 1650 5190 ἐνοπτρί-

75 5194 287 5263 ζεσθαὶ.
327 5204 524 5258 Ἔνθεν
544 5222 629 5258 τοι
682 5208 777 5261 καὶ
837 5208 913 5277 τῷ
948 5210 1126 5280 νοητῷ
1164 5212 1262 5280 μὲν
1298 5210 1434 5280 ἡλίῳ
1486 5213 1646 5266 επεν.

72 5293 435 5358 τρανίσουσιν
491 5295 729 5358 ἅπαντας
760 5298 977 5363 δίκαιοι,
1021 5302 1227 5353 καὶτοῦ
1255 5301 1399 5354 θείου
1431 5302 1640 5356 ἐκείνου

73 5384 247 5447 φωτὸς
272 5389 604 5455 γενήσονται
640 5392 878 5461 μέτοχοι,
898 5394 945 5445 εἰ
982 5396 1073 5447 καὶ
1106 5394 1181 5465 μὴ
1236 5396 1435 5464 ἐπίσης
1470 5397 1646 5449 ᾶπαν-

72 5490 158 5537 τες
193 5491 207 5504 ·
239 5477 385 5533 ἀλλά
422 5481 563 5533 κατὰ
590 5482 687 5554 τὴν
715 5484 910 5537 ἑαυτοῦ
932 5486 1079 5554 ὅμως
1119 5485 1473 5557 καθαρότητα
1521 5488 1647 5540 ἔκα-

74 5583 213 5632 στος.
257 5571 534 5645 Καθάπερ
568 5577 675 5646 γὰρ
704 5578 729 5628 ὀ
754 5577 1010 5647 αἰσθητὸς
1052 5572 1209 5641 οὗτος
1260 5580 1412 5651 ἥλιος
1471 5581 1647 5643 κοινὸς

70 5661 148 5722 εἰς
182 5662 315 5715 θέαν
344 5664 520 5719 ἆπασι
550 5672 852 5736 πρόκειται,
886 5672 985 5724 καὶ
1018 5669 1163 5723 οὕτω
1186 5671 1284 5740 μὲν
1308 5673 1552 5736 ἔλασσον,
1573 5673 1647 5743 τῷ

72 5750 126 5802 δὲ
156 5752 526 5826 σφοδρότερον
546 5758 645 5821 τὰς
682 5758 908 5824 ἀκτῖνας
939 5760 1100 5815 αὐτοῦ
1164 5762 1484 5833 ἔπαφίησιψ
1531 5763 1648 5817 ἀλλ’

1752 3448 1879 3503 inde
1926 3455 2397 3509 commemoravit.
2458 3457 2726 3512 Caeterum
2782 3458 3174 3515 charismatum
3232 3464 3318 3516 di—

1750 3542 1987 3596 scrimeu
2028 3555 2132 3611 est,
2187 3562 2290 3600 una
2320 3548 2464 3602 enim
2512 3552 2745 3617 mansio,
2786 3568 2893 3607 non
2942 3554 3143 3608 multae.
3190 3554 3321 3620 Quae

1750 3649 1883 3689 vero
1922 3638 2136 3692 mansio
2164 3640 2277 3702 illa,
2309 3650 2364 3694 et
2391 3642 2535 3696 unde
2559 3644 2723 3711 justis
2769 3645 3098 3699 charismata
3134 3646 3321 3700 distri-

1748 3724 2003 3791 buantur,
2041 3729 2155 3797 ipse
2203 3731 2467 3786 Dominus
2498 3745 2683 3789 noster
2713 3733 2872 3790 Jesus
2905 3738 3156 3799 Christus
3180 3756 3317 3793 cun-

1747 3818 1853 3873 ctis
1880 3820 2063 3874 omnia
2097 3831 2226 3876 tunc
2257 3824 2589 3880 constitutus
2634 3836 2736 3882 est.
2789 3827 2907 3897 Ipse
2957 3841 3039 3885 est
3085 3834 3316 3897 mansio,

1748 3923 1803 3965 et
1832 3910 2105 3969 ineﬂabile
2141 3914 2409 3984 iustorum
2443 3918 2739 3986 gaudium;
2792 3919 2908 3990 ipse
2956 3921 3168 3986 fruitio,
3198 3924 3319 3993 ipse

1751 4004 1999 4059 omnium
2036 4009 2388 4063 resurrectio.
2420 4009 2488 4062 Et
2516 4010 2566 4064 id
2602 4011 2951 4067 manifestum
2982 4028 3048 4067 ex
3084 4014 3149 4069 iis
3198 4031 3318 4085 quae

1748 4094 2058 4168 Tlteologus
2106 4100 2403 4171 Gregorius
2451 4104 2523 4157 ita
2561 4103 2746 4159 dicere
2788 4109 3058 4175 reperitur
3092 4126 3107 4161 :
3153 4127 3170 4161 t
3201 4110 3316 4163 Cte-

1750 4195 1926 4241 terum
1962 4205 2034 4244 ne
2077 4192 2307 4261 amplius
2350 4204 2725 4261 contemnam,
2767 4214 2888 4266 qua:
2942 4199 2995 4253 in
3046 4200 3317 4270 baptismo

1750 4281 2036 4337 confessus
2065 4300 2209 4349 sum,
2248 4301 2316 4339 ne
2367 4286 2456 4340 illa
2489 4288 2830 4344 beatitudine
2872 4292 3143 4347 excidam.
3191 4294 3316 4347 llarc

1749 4383 1930 4428 autem
1970 4384 2053 4430 est
2110 4374 2392 4432 Trinitatis
2438 4372 2758 4448 expressior
2813 4382 3253 4451 comprehensio.
3289 4402 3307 4435 ι

1747 4465 1978 4535 Insuper
2030 4477 2084 4522 et
2154 4469 2531 4524 sanctissimus
2586 4470 2855 4534 Barlaam,
2894 4473 3023 4540 quid
3095 4474 3164 4526 sit
3225 4488 3314 4526 re-

1748 4574 1917 4628 gnum
1968 4560 2233 4614 caelorum
2272 4561 2656 4632 interrOgatus,
2705 4563 2867 4617 talem
2913 4561 3187 4631 Joasaplio
3241 4563 3313 4616 illi

1750 4652 2165 4720 responsionem
2198 4650 2347 4707 dedit
2373 4670 2387 4707 :
2427 4670 2445 4704 t
2477 4654 2544 4709 Ut
2573 4671 2636 4709 cx
2664 4656 2947 4724 Scriptura
2980 4656 3097 4725 ipse
3128 4656 3315 4720 didici,

1750 4744 2193 4812 contemplationi
2237 4756 2440 4800 sancta:
2489 4744 2776 4801 Trinitatis
2823 4749 3129 4816 proximum
3176 4749 3313 4816 lieri,

1751 4845 1806 4887 et
1841 4836 2077 4889 revelata
2118 4836 2254 4889 facie
2305 4836 2536 4907 gloriam
2576 4840 2711 4906 ejus
2759 4837 2980 4892 intueri.
3016 4856 3034 4889 ι
3075 4838 3213 4893 llinc
3262 4850 3319 4897 et

1749 4928 1819 4981 ab
1868 4928 2195 4998 intelligibili
2239 4930 2461 4998 quidem
2514 4930 2615 4983 soli
2656 4930 3077 4984 illustrabuntur
3124 4947 3317 4987 omnes

1747 5019 1905 5088 justi,
1937 5028 1994 5073 et
2026 5019 2225 5073 divinae
2275 5019 2420 5073 illius
2455 5020 2593 5073 lucis
2640 5021 2932 5090 participes
2989 5020 3138 5083 ﬁent.
3193 5024 3320 5078 licet

1753 5128 1861 5167 non
1892 5128 1959 5167 ex
1995 5128 2152 5179 aequo
2184 5128 2397 5177 omnes,
2430 5113 2525 5166 sed
2555 5114 2710 5181 juxta
2736 5129 2888 5168 suam
2928 5118 3130 5183 pariter
3158 5132 3316 5169 mun-

1752 5206 1947 5260 ditiam
1979 5204 2225 5272 quilibet.
2262 5204 2433 5259 Sicuti
2474 5204 2617 5257 enim
2658 5204 2876 5259 sensilis
2922 5206 3011 5260 hic
3046 5206 3125 5259 sol
3164 5221 3315 5259 com-

1751 5301 1932 5355 munis
1990 5298 2055 5350 ad
2094 5298 2485 5367 spectaculum
2538 5297 2795 5354 omnibus
2852 5300 3209 5369 proponitur,
3260 5306 3315 5350 et

1740 5392 1871 5447 huic
1901 5391 2109 5453 minus,
2155 5390 2231 5443 illi
2268 5389 2651 5449 vehementius
2695 5392 2879 5447 radios
2917 5407 3047 5446 suos
3074 5390 3309 5451 emittit,

1744 5484 1840 5539 sed
1880 5481 2095 5551 Epariler
2143 5482 2294 5552 juxta
2346 5484 2632 5538 oculorum
2682 5484 3097 5554 dispositionem
3142 5481 3312 5549 quili-

1741 5578 1835 5633 bet
1864 5585 1918 5631 et
1972 5575 2097 5630 inde
2131 5576 2395 5646 fulgorem
2433 5578 2652 5648 recipit;
2707 5578 2781 5632 ita
2832 5586 2887 5633 et
2919 5576 2988 5631 de
3019 5576 3110 5629 illo
3159 5574 3313 5627 inac-

1744 5685 1901 5726 cesso
1951 5668 2265 5739 Splendure,
2316 5678 2370 5723 et
2416 5670 2514 5734 eis,
2560 5670 2653 5739 qui
2690 5670 2789 5738 ipsi
2846 5669 3136 5729 inhaerent,
3184 5674 3314 5719 tunc

1748 5763 1862 5819 fore
1891 5762 2070 5818 crede.
2114 5763 2276 5818 Juxta
2324 5764 2472 5820 enim
2512 5764 2731 5819 beatum
2769 5760 2997 5816 Paulum
3050 5758 3313 5815 transfor-
