3838 6226
449 324 556 387 795

1713 309 2132 374 MlCllAELIS
2169 307 2427 370 GLYCIE

3578 314 3682 378 Μ

450 435 624 492 mabit
657 442 785 488 tunc
825 431 928 487 hoc
967 438 1214 486 nostrum
1260 429 1466 486 humile
1493 443 1692 500 corpus
1728 429 2008 492 Servator,

2123 427 2268 497 ὅμως
2289 425 2428 479 κατὰ
2455 428 2551 495 τὴν
2582 423 2691 478 τῶν
2720 423 2984 496 ὀμμάτων
3025 427 3264 482 διάθεσιν
3299 428 3561 495 ἕκαστος,
3595 433 3687 484 καὶ

452 537 513 580 ut
549 523 764 592 corpori
817 537 916 575 suo
966 521 1246 576 conforme
1277 520 1388 576 ﬁat.
1428 520 1697 575 Caeterum
1748 520 1864 588 ipse
1914 518 2006 572 lux

451 624 572 679 est;
624 616 743 684 ipse
780 614 1060 668 ineffabile
1103 614 1236 668 illud
1273 614 1569 683 gaudium:
1611 613 1728 682 ipse
1776 611 2013 666 mansio-

450 723 551 761 nes
581 708 796 769 multae;
831 706 946 775 ipse
1014 706 1208 770 sedes;
1243 707 1362 775 ipse
1423 719 1650 766 mensa;
1698 703 1816 772 ipse
1858 703 2014 757 cibus

451 812 506 854 et
541 809 723 869 potus,
762 809 818 853 et
857 813 1042 860 omne,
1069 799 1119 851 si
1153 798 1278 867 quid
1326 797 1496 860 aliud,
1531 795 1673 865 quod
1711 807 1878 848 suave
1915 793 2008 845 sit.

452 891 574 960 Ipse
601 901 685 944 est
721 891 985 945 bonorum
1017 888 1229 941 illorum
1267 888 1630 957 participatio,
1668 899 1784 954 qua:
1822 884 2012 938 oculus

454 999 562 1037 non
599 984 752 1047 vidit,
807 997 910 1036 nec
946 982 1096 1035 auris
1141 981 1372 1042 audivit,
1415 994 1517 1033 nec
1551 978 1602 1032 in
1637 993 1732 1034 cor
1776 976 2012 1030 hominis

455 1076 840 1132 ascenderunt.
891 1074 1030 1141 Quid
1077 1074 1222 1128 enim
1271 1072 1643 1126 admirabilius
1671 1081 1728 1125 et
1767 1069 2012 1124 ineffabi-

453 1170 560 1222 lius
593 1183 754 1236 quam
806 1182 903 1236 per
949 1167 1216 1221 visionem
1271 1165 1371 1234 ipsi
1427 1165 1544 1234 ejus
1591 1162 1749 1216 faciei
1789 1161 2013 1216 astare?

453 1259 666 1312 Nornnt
697 1259 771 1312 illi
811 1257 1165 1311 enarrabilem
1217 1256 1356 1310 hanc
1400 1263 1456 1308 et
1498 1253 1795 1308 inauditam
1831 1253 2011 1306 exsul-

455 1350 753 1410 tationem.
807 1348 900 1416 qui
959 1346 1098 1415 apud
1165 1347 1314 1415 ipsos
1379 1346 1712 1414 imperantes
1787 1343 2012 1398 liberta-

456 1451 563 1493 tem
610 1439 825 1493 dicendi
878 1437 1226 1508 participant,
1251 1437 1342 1507 qui
1383 1439 1643 1492 continuo
1691 1443 1890 1490 astant.
1949 1433 2013 1488 Et

451 1530 577 1598 quid
645 1530 811 1582 multa
861 1529 1040 1582 dicre
1107 1537 1366 1597 oportet,
1409 1536 1465 1580 et
1522 1525 1734 1597 singula
1783 1538 2008 1578 enume-

435 1612 611 1672 'rare?
641 1621 758 1688 Ipse
791 1630 872 1673 est
903 1622 1144 1673 omnium
1193 1619 1444 1688 requies;
1495 1618 1613 1687 ipse
1651 1625 1734 1672 est
1777 1616 2008 1686 punitio.

449 1712 518 1765 Et
573 1714 911 1780 exploratum
954 1727 1018 1765 ex
1073 1713 1160 1774 iis,
1192 1727 1314 1780 quae
1367 1709 1673 1781 Theologus
1721 1709 2013 1780 Gregorius

2111 516 2209 587 τὴν
2236 516 2510 584 ἔὶλαμψιν
2539 514 2751 570 ἐκεῖθεν
2783 517 3106 588 εισδέχεται·
3138 519 3282 574 οὕτω
3331 522 3427 573 καὶ
3460 521 3565 572 ἐπὶ
3590 521 3685 588 τῆς

2113 609 2412 678 ἀπροσίτου
2440 608 2659 678 ἐκείνης
2683 609 3059 679 μαρμαρυγῆς
3106 613 3198 664 καὶ
3250 613 3356 665 τῶν
3406 615 3688 680 ἐπεντρα-

2113 703 2379 756 νισάντων
2401 703 2536 772 αὐτῇ
2565 704 2870 773 τηνικαῦτα
2897 706 3221 774 γενήσεσθαι
3253 707 3510 760 πίστευεο
3543 707 3689 759 κατὰ

2085 793 2220 861 ’γὰρ
2273 794 2364 846 τὸν
2383 793 2654 864 μακάριον
2676 795 2886 848 Παῦλον
2946 798 3417 867 μετασχηματίσει
3462 799 3603 851 τότε
3631 799 3687 848 τὸ

2115 883 2270 952 σῶμα
2299 885 2396 952 τῆς
2432 885 2823 948 ταπεινώσεως
2859 885 3014 955 ἡμῶν
3051 888 3080 938 ό
3113 887 3299 956 Σωτὴρ
3357 893 3439 952 είς
3465 889 3536 942 τό
3593 906 3688 956 γε·

2115 973 2305 1026 νόσοαι
2338 971 2671 1043 σύμμορφον
2729 973 2806 1043 τῷ
2865 975 3076 1043 σώματι
3126 977 3226 1045 τῆς
3279 977 3434 1047 δόξης
3482 978 3682 1032 αὑτοῦ.

2113 1066 2288 1128 Αὐτὸς
2319 1065 2506 1119 λοιπὸν
2533 1067 2768 1137 ὑπάρχει
2797 1066 2856 1119 τδ
2885 1068 3021 1136 φῶς·
3055 1067 3215 1130 αὐτὸς
3245 1071 3277 1137 ἡ
3307 1068 3686 1139 ὰνεκλάλητος

2115 1160 2301 1230 ἐκείνη
2335 1161 2510 1230 χαρά·
2548 1160 2713 1222 αὐτὸς
2743 1159 2801 1233 αξ
2829 1161 3024 1214 πολλαὶ
3046 1161 3225 1230 μοναί·
3257 1162 3418 1224 αὐτὸς
3454 1164 3512 1214 οἱ
3559 1163 3684 1230 θρό-

2114 1265 2216 1304 νοι·
2250 1251 2410 1312 αὐτὸς
2445 1251 2775 1320 ήτρὰπεζα·
2805 1251 2971 1313 αὐτὸς
2999 1253 3030 1321 ὴ
3054 1252 3278 1320 βρῶσις,
3311 1254 3451 1321 καὶή
3487 1252 3679 1314 πότις,

2113 1343 2206 1394 καὶ
2235 1343 2364 1409 πᾶν,
2385 1345 2436 1396 ετ
2458 1360 2510 1395 τι
2544 1343 2727 1412 ἕτερον
2751 1344 2984 1414 ἥδυσμα·
3027 1345 3188 1406 αὑτός
3246 1347 3362 1397 ἐστι
3388 1345 3496 1397 τῶν
3545 1347 3684 1410 ἀγα-

2116 1434 2224 1486 θῶν
2253 1435 2475 1487 ἐκείνων
2504 1435 2536 1504 ἡ
2568 1434 2802 1503 μέθεξις·
2830 1435 2866 1488 ἃ
2886 1435 3161 1505 ὀφθαλμὸς
3191 1436 3288 1488 οὐκ
3306 1430 3434 1502 οἵδε,
3457 1440 3563 1488 καὶ
3595 1435 3687 1497 οὖς

2113 1517 2214 1579 όὺκ
2243 1527 2495 1596 ἤκουσεν,
2525 1527 2616 1580 καὶ
2635 1528 2724 1580 ἐπὶ
2754 1527 2977 1598 καρδίαν
2998 1528 3283 1597 ἀνθρώπου
3333 1530 3434 1581 οὐκ
3486 1529 3686 1595 ἁνέὄη.

2116 1617 2180 1669 Τί
2211 1618 2302 1669 καὶ
2333 1617 2901 1688 γὰρπαραδοξότερόν
2938 1637 2987 1672 τι
3018 1621 3116 1672 καὶ
3159 1621 3535 1691 ἀρῥητότερον
3591 1621 3686 1672 τοῦ

2115 1705 2203 1758 διὰ
2237 1705 2366 1768 θέας
2397 1707 2546 1775 αὑτῷ
2568 1708 2662 1761 καὶ
2734 1709 3184 1779 αὐτοπροσώπως
3221 1711 3362 1764 οὕτω
3412 1712 3690 1781 παρίστα-

455 1801 669 1855 dieebat
704 1819 716 1853 :
757 1820 774 1852 ι
812 1802 1008 1855 Sancta
1062 1799 1304 1856 Trinitas
1347 1801 1599 1857 omnibus
1631 1808 1759 1853 tunc
1808 1813 2010 1868 cogno—

2123 1797 2273 1860 σθαις
2307 1798 2514 1850 Ἵσασιν
2535 1800 2732 1851 ἐκεῖνοι
2757 1799 2858 1866 τὴν
2890 1801 3288 1872 ἀνεκδιήγητον
3333 1806 3547 1872 ταύτην
3601 1805 3694 1854 καὶ

449 1901 665 1955 scetur,
729 1891 812 1944 his
858 1891 1074 1959 quidem
1126 1891 1451 1960 splendore,
1509 1889 1614 1945 illis
1664 1903 1793 1943 vero
1854 1887 2012 1957 puni-

452 1982 619 2035 tione.
656 2001 673 2033 ι
719 1982 782 2036 Et
835 1983 1074 2037 iterum:
1112 2001 1130 2033 ‹
1165 1982 1278 2036 Lux
1336 1982 1444 2036 illic
1498 1981 1650 2051 puris
1704 1980 1796 2034 Dei
1851 1980 2008 2043 visio,

449 2089 610 2141 quam
644 2081 698 2127 et
749 2088 974 2143 regnum
1026 2074 1286 2128 ccelorum
1344 2073 1729 2136 nominamus;
1779 2069 2011 2124 teuebra:

448 2180 576 2220 vero
634 2174 812 2219 mente
863 2166 1149 2220 exemeatis
1209 2164 1302 2218 Dei
1356 2165 1682 2218 alienatio.»
1744 2162 2010 2218 Catterum

447 2267 593 2311 stant
622 2258 750 2326 justi
791 2266 920 2310 tunc
954 2257 1274 2311 mirabiliter
1307 2257 1516 2325 fulgore
1559 2254 1764 2324 perfusi
1799 2264 1849 2307 et
1908 2252 2013 2306 ful-

449 2363 674 2421 gon'es,
729 2360 788 2402 ut
838 2365 1036 2417 corpus
1091 2350 1420 2418 pellucidum
1482 2347 1828 2415 splendorem
1883 2345 2012 2400 solis

447 2442 750 2511 excipiens.
807 2441 966 2494 Stant
1016 2439 1308 2494 ineﬂ‘abilis
1349 2439 1492 2492 illius
1546 2437 1683 2490 lucis
1731 2434 2013 2489 eﬂ‘usionis

449 2534 767 2603 participes,
796 2534 948 2602 juxta
990 2547 1142 2588 suam
1175 2532 1429 2600 quisque,
1459 2541 1518 2585 ut
1545 2530 1751 2584 dictum
1779 2539 1885 2592 est,
1917 2544 2014 2595 pu-

453 2627 693 2680 ritatem.
734 2625 914 2687 Stant,
971 2623 1366 2694 intelligibilcm
1403 2623 1548 2677 illam
1601 2621 1826 2691 gloriam
1863 2635 2011 2674 com-

450 2719 880 2789 prehendentes,
915 2717 1072 2786 cujus
1102 2717 1398 2786 participes
1430 2715 1544 2769 ﬁeri
1577 2714 1725 2785 digni
1753 2713 1977 2767 fuerunt
1999 2751 2011 2771 .
2055 2713 2063 2725 '

450 2809 606 2878 rujus
638 2807 784 2860 nulla
837 2807 1034 2864 deinde
1085 2807 1342 2870 satietas,
1383 2805 1530 2859 nulla
1565 2819 1845 2868 mensura,
1892 2802 2016 2857 finis

449 2901 652 2954 nullus.
689 2901 794 2954 Sed
852 2914 919 2954 ne
954 2899 1292 2969 peregrinam
1337 2912 1450 2950 rem
1485 2897 1624 2951 hanc
1676 2894 2010 2948 existimato.

447 2994 503 3048 Si
536 2994 680 3046 enim
714 2992 1121 3061 incorruptibili
1153 2991 1263 3061 regi
1297 3001 1484 3044 astans
1524 2990 1830 3043 satietatem
1905 3002 2013 3039 non

2112 1890 2450 1958 ἀνήκουστον
2478 1890 2822 1958 ἁγαλλίασιν,
2886 1893 2937 1945 oi
2993 1895 3125 1963 παρ’
3149 1895 3333 1956 αὐτοῖς
3380 1897 3493 1956 τοῖς
3555 1911 3691 1964 κραο

2112 1981 2264 2034 τοῦσι
2293 1982 2610 2052 παῤῥησίας
2639 1982 2979 2052 μετέχοντες,
3011 1985 3063 2036 οἱ
3104 1985 3371 2054 διηνεκῶς
3411 1989 3691 2056 παριστά-

2117 2090 2290 2142 μενοι.
2323 2074 2430 2126 Kal.
2472 2073 2524 2125 τί
2557 2074 2660 2144 χρὴ
2696 2074 2871 2128 πολλὰ
2922 2073 3126 2142 λέγειν,
3187 2077 3282 2127 καὶ
3346 2077 3692 2144 ἀπαριθμεῖν

2112 2165 2236 2218 καθ’
2261 2166 2488 2220 ἕκαστον
2515 2183 2530 2230 ;
2562 2167 2732 2230 Αὺτδς
2778 2168 2809 2237 ὴ
2864 2167 3083 2220 πάντων
3139 2168 3467 2230 ἀνάπαυσις·
3523 2169 3691 2229 αὐτὸς

2115 2256 2209 2308 καὶ
2235 2257 2267 2324 ἡ
2301 2255 2540 2317 κόλασις.
2570 2257 2679 2310 Καὶ
2714 2256 2873 2324 δῆλον
2902 2254 2960 2319 ἐξ
2985 2251 3059 2311 ὧν
3118 2259 3144 2308 ὁ
3173 2256 3434 2323 Θεολόγος
3476 2257 3693 2324 Γρηγό-

2118 2365 2231 2417 ριος
2263 2349 2469 2416 ἔλεγεν·
2504 2367 2522 2401 ι
2571 2344 2640 2402 Ὦ
2679 2350 2836 2417 τριὰς
2869 2350 2999 2415 ἁγία
3053 2351 3188 2402 πᾶσι
3213 2350 3332 2402 τότε
3369 2349 3693 2418 γνωσθησό-

2118 2441 2275 2510 μένη·
2309 2443 2418 2504 τοῖς
2467 2442 2564 2510 μὲν
2592 2444 2656 2514 τῇ
2693 2443 2976 2512 ἐλλάμψει,
3006 2445 3120 2509 τοῖς
3163 2444 3219 2498 δὲ
3256 2446 3324 2513 τῇ
3384 2442 3616 2497 κολάσει
3643 2460 3690 2491 ·ι

2119 2534 2210 2584 καὶ
2235 2528 2410 2595 αὖθις·
2440 2551 2457 2582 ι
2493 2533 2610 2595 Φῶς
2649 2534 2854 2587 ἐκεῖθεν
2891 2536 3001 2597 τοῖς
3052 2532 3484 2603 κεκαθαρμένοις
3517 2534 3556 2602 ἡ
3603 2531 3694 2584 τοῦ

2117 2620 2251 2672 Θεοῦ
2285 2619 2506 2689 θεωρία,
2531 2622 2598 2691 ἢν
2636 2621 2700 2690 δὴ
2730 2624 2826 2675 καὶ
2866 2621 3140 2692 βασιλείαν
3173 2621 3422 2692 οὐρανῶν
3481 2621 3688 2690 ὄνομα·

2119 2710 2302 2780 ζομεν·
2339 2712 2527 2774 σκότος
2556 2713 2614 2765 δὲ
2645 2714 2756 2776 τοῖς
2785 2712 2882 2782 τὴν
2935 2713 3176 2767 διάνοιαν
3212 2712 3627 2781 τυφλώττουσιν
3660 2715 3688 2780 ἡ

2119 2800 2211 2854 τοῦ
2244 2801 2380 2854 Θεοῦ
2422 2802 2796 2872 ἀλλοτρίωσις.
2835 2822 2855 2856 ι
2895 2805 3176 2858 Ἶστανται
3200 2805 3384 2857 λοιπὸν
3414 2804 3465 2855 οἱ
3490 2804 3692 2855 δίκαιοι

2119 2895 2240 2946 τότε
2299 2895 2622 2964 παραδόξως
2675 2897 3088 2966 ’ὲλλαμπόμενοί
3145 2913 3202 2949 τε
3243 2898 3337 2948 καὶ
3377 2896 3695 2966 Mra-mana;

2120 2981 2375 3052 καθάπερ
2403 2981 2464 3034 τὸ
2488 2983 2647 3053 σῶμα
2677 2983 2937 3051 διαφανὲς
2993 2985 3366 3053 μαρμαρυγὴν
3429 2983 3588 3054 ἡλίου
3613 2985 3695 3034 δε-

448 3084 601 3138 uovit
626 3085 921 3154 spectaculi
954 3085 1099 3138 illius
1153 3093 1208 3138 et
1252 3081 1704 3144 conversationis,
1727 3079 1821 3134 sed
1852 3093 2016 3147 quan-

2123 3078 2374 3147 χόμενον·
2408 3076 2658 3129 ἵστανται
2693 3077 2790 3146 τῆς
2819 3077 3056 3148 ἁρρἡου
3090 3075 3306 3145 ἐκείνης
3350 3074 3694 3144 φωτοχυσίες

449 3189 562 3230 tum
608 3178 723 3246 ipse
768 3177 1002 3238 fruatur,
1051 3185 1261 3230 tantum
1310 3175 1599 3236 desideret,
1651 3185 1705 3227 et
1743 3173 1903 3226 liccat
1942 3173 2010 3226 ob

447 3284 564 3322 eam
621 3269 831 3321 deliciis
889 3268 1145 3330 afﬂuere,
1204 3266 1374 3319 multo
1408 3266 1577 3334 magis
1643 3266 1686 3317 is
1728 3264 1817 3332 qui
1867 3260 2009 3316 inef-

447 3360 600 3414 fabili
643 3361 729 3414 illa
754 3361 920 3428 gloria
957 3359 1169 3427 impleri
1208 3368 1259 3412 et
1302 3357 1498 3410 deferri
1527 3357 1778 3425 dignatus
1826 3355 2009 3408 fuerit,

448 3447 515 3520 ἦς
540 3452 639 3502 οὐκ
667 3451 781 3504 ἔστι
810 3451 968 3517 κόρος
1001 3451 1204 3502 λοιπόν·
1231 3450 1329 3500 οὐκ
1356 3450 1472 3500 ἔστι
1501 3449 1714 3516 μέτρον,
1747 3446 1844 3498 οὐκ
1897 3445 2011 3498 ἐστι

2140 3170 2472 3240 μετέχοντες
2499 3169 2636 3222 κατὰ
2666 3171 2766 3238 τὴν
2793 3169 2986 3221 ἑαυτοῦ
3021 3169 3272 3231 ἕκαστος,
3331 3168 3404 3229 ὡς
3455 3166 3691 3235 εἴρηται,

2122 3261 2471 3328 καθαρότητα
2498 3276 2510 3290 ·
2533 3261 2778 3314 ἵστανται
2800 3261 2894 3329 τὴν
2916 3260 3275 3330 ἀπερινόητον
3300 3255 3693 3327 ὲκείϊην.δόξιν

2121 3353 2528 3423 περινοούμενοι
2569 3347 2633 3420 ἧς
2674 3353 2890 3424 μέτοχοι
2938 3352 3188 3420 γενέσθαι
3233 3353 3692 3421 κατηξιιὶιῧηςανο

2119 3444 2415 3507 τελείωσις.
2434 3443 2595 3498 ’Λλλὰ
2621 3444 2696 3515 μὴ
2733 3446 2884 3510 ξένον
2907 3446 2969 3498 τὸ
2997 3448 3233 3515 πρᾶγμα
3261 3446 3420 3516 ἡγοῦ·
3487 3445 3538 3495 εἰ
3589 3444 3689 3509 γὰρ

451 3548 714 3617 ἀφθάρτῳ
738 3546 948 3615 βασιλεῖ
974 3545 1372 3614 παριστάμενος
1405 3543 1565 3610 κόρον
1591 3541 1690 3593 οὐκ
1718 3535 1825 3592 οἶδε
1857 3539 1955 3604 τῆς
1982 3540 2188 3594 ἐκείνου
2230 3543 2359 3599 θέας
2384 3544 2478 3592 καὶ
2507 3540 2754 3617 ὁμιλίας·
2778 3541 2894 3594 ἀλλ’
2925 3545 3048 3595 ὅσον
3088 3541 3153 3595 ἂν
3179 3542 3340 3604 αὐτὸς
3370 3542 3690 3595 ἀπολαύοιτο

456 3642 712 3694 τοσοῦτον
743 3642 977 3708 ἐφίεται,
1021 3639 1113 3690 καὶ
1163 3639 1341 3703 ἔξεστι
1401 3634 1603 3704 ταύτης
1647 3635 2021 3702 κατατρυφᾷν·
2064 3631 2243 3703 πολλῷ
2281 3629 2482 3702 parum.
2556 3634 2706 3697 ὅστις
2773 3635 3012 3704 ἀρρήτου
3045 3635 3204 3706 δόξης
3255 3637 3468 3708 ἐκείνης
3520 3639 3690 3708 ἔριφοι

458 3734 664 3804 ρεῖσοαι
705 3734 825 3786 τότε
856 3730 1238 3800 καταξιωθείη.
1735 3793 1748 3804 _

527 3829 670 3882 Bene
703 3827 868 3896 igitur
916 3827 1044 3880 hinc
1091 3825 1223 3895 justi
1283 3834 1340 3878 et
1386 3823 1555 3894 gloria
1600 3831 1656 3876 et
1707 3819 2020 3891 cognitione

453 3923 717 3990 prolicere
747 3922 1038 3984 dicuntur;
1075 3927 1128 3970 et
1163 3917 1284 3972 audi
1323 3916 1620 3986 quiddieat
1643 3914 2022 3968 sanctissimus

453 4013 691 4066 Joannes
720 4028 746 4065 a
778 4012 972 4065 Scala:
1003 4027 1021 4060 ι
1056 4008 1314 4074 Quaedam
1341 4022 1468 4061 vero
1493 4022 1703 4068 eorum,
1739 4020 1857 4074 quae
1882 4005 2025 4059 facta

457 4115 607 4169 sunt,
654 4103 724 4156 ab
765 4117 851 4166 eo,
907 4101 1000 4170 qui
1051 4099 1200 4164 fecit,
1259 4097 1420 4152 finem
1479 4098 1808 4161 habuerunt,
1857 4097 2026 4150 veluti

457 4195 772 4263 imperium,
801 4191 1058 4262 regnum"
1081 4201 1136 4245 et
1164 4191 1394 4253 divitiae;
1428 4190 1601 4244 virtus
1644 4201 1825 4244 autem
1866 4189 2026 4242 finem

441 4284 726 4337 infinitum
785 4283 1046 4352 possidet,
1103 4283 1157 4335 in
1205 4297 1307 4351 qua
1345 4281 1693 4350 proﬁcientes
1742 4296 2021 4350 nunquam

455 4377 820 4444 quiescemus,
847 4389 957 4429 non
995 4375 1098 4454 hoc
1131 4373 1351 4438 saeculo,
1386 4389 1494 4428 non
1526 4373 1747 4439 futuro;
1793 4375 1912 4429 luce
1943 4375 2024 4428 lu-

2196 3824 2392 3888 Καλῶς
2424 3825 2516 3878 οὖν
2547 3825 2638 3877 ἐπὶ
2667 3824 2876 3886 τούτοις
2936 3826 2984 3878 οί
3037 3827 3238 3882 δίκαιοι
3294 3831 3384 3882 καὶ
3422 3831 3546 3903 δόξῃ
3601 3831 3688 3883 καὶ

2126 3917 2324 3984 γνώσει
2367 3919 2699 3986 προκόπτειν
2733 3919 3009 3985 λέγονται·
3041 3923 3135 3974 καὶ
3153 3920 3318 3974 ἄκουε
3363 3921 3416 3975 τί
3454 3941 3626 3990 φησιν
3659 3922 3687 3972 ό

2127 4009 2224 4075 τῆς
2257 4009 2540 4078 Κλίμακος
2562 4008 2862 4076 ἁγιώτατος
2907 4009 3180 4081 Ἰωάννης·
3217 4030 3235 4062 ι
3276 4011 3408 4064 Τινὰ
3439 4013 3534 4080 μὲν
3584 4011 3685 4063 τῶν

2128 4102 2430 4170 γεγονότων
2454 4100 2548 4153 καὶ
2577 4101 2729 4164 τέλος
2757 4101 2907 4172 παρᾶ
2937 4102 3029 4155 τοῦ
3063 4105 3431 4172 πεποιηκότος
3461 4104 3684 4172 ἐσχήκα-

2133 4206 2238 4245 σιν·
2269 4187 2402 4254 οἷον,
2433 4191 2722 4262 ἡγεμονία,
2756 4191 3003 4261 βασιλεία
3033 4191 3127 4246 καὶ
3149 4193 3398 4256 πλοῦτος·
3453 4196 3484 4262 ἡ
3523 4193 3683 4262 ἀρετή

2128 4284 2187 4338 δὲ
2216 4283 2276 4337 τὸ
2307 4283 2482 4352 πέρας
2514 4283 2821 4351 ἀπέραντον
2851 4282 3132 4352 κεκτῆται·
3179 4285 3238 4336 ὲν
3359 4285 3682 4354 προκόπτον-

2128 4394 2220 4440 τες
2255 4376 2512 4430 οὑδέποτε
2549 4374 2951 4445 καταλήξομεν·
2988 4375 3048 4428 οὐ
3111 4375 3254 4429 κατὰ
3305 4377 3394 4429 τὸν
3454 4377 3688 4445 παρόντα

454 4484 570 4522 cem
609 4468 853 4523 scientiae
880 4468 1241 4536 accipientes.
1289 4467 1448 4522 Juxta
1484 4468 1625 4522 hanc
1670 4468 1834 4539 igitur
1875 4483 2016 4521 sum-

2131 4469 2323 4533 αίῶνα,
2354 4469 2415 4521 οὐ
2445 4468 2584 4521 κατὰ
2613 4467 2706 4530 τὸν
2737 4467 3020 4536 μέλλοντα·
3083 4466 3227 4537 φωτὶ
3280 4467 3395 4536 φῶς
3442 4468 3686 4534 γνώσεως

459 4574 603 4631 ptam
627 4561 1150 4616 demonstrationem
1171 4560 1516 4616 manifestum
1545 4571 1649 4624 est,
1669 4559 1812 4629 quod
1845 4575 2022 4629 neque

457 4653 827 4724 intelligibiles
861 4653 1195 4706 substantias
1224 4668 1331 4706 non
1367 4653 1715 4721 proficientes
1742 4668 1843 4723 ego
1874 4653 2025 4708 dixe-

457 4744 591 4814 rim;
627 4744 856 4812 gloriam
887 4760 1016 4798 vero
1065 4743 1236 4812 gloria
1290 4757 1505 4811 semper
1547 4742 1720 4810 magis
1771 4743 2023 4810 excipere

453 4841 510 4885 et
563 4836 870 4900 scientiam,
903 4849 1066 4905 supra
1102 4835 1407 4898 scientiam,
1453 4833 1674 4899 definio,
1731 4833 1870 4887 sicut
1906 4832 2025 4887 dei-

459 4925 657 4992 loquus
680 4937 735 4979 et
789 4943 1022 4995 magnus
1076 4927 1216 4981 dixit
1273 4926 1582 4996 Dionysius.
1614 4944 1632 4978 ι
1703 4924 1802 4979 His
1858 4925 2026 4992 igitur

457 5015 659 5069 laudati
683 5015 928 5080 Joannis,
953 5028 1002 5072 et
1031 5017 1352 5073 divinissimi
1375 5016 1690 5071 Damasceni
1721 5017 1886 5070 verba
1911 5031 2028 5069 om-

457 5104 590 5157 nino
640 5107 974 5174 eoncinunt;
1030 5108 1163 5163 dicit
1211 5111 1356 5162 enim
1409 5118 1465 5162 et
1510 5108 1646 5177 ipse,
1700 5115 2023 5176 potestatem

458 5196 661 5249 habere
705 5199 930 5264 angelos
969 5200 1250 5264 manendi,
1307 5209 1363 5254 et
1400 5186 1730 5270 'proficiendi
1765 5199 1819 5251 in
1858 5198 2023 5262 bono,

457 5296 512 5344 et
552 5301 663 5340 non
695 5286 872 5340 solum
895 5289 1272 5357 ,angelos,sed
1310 5301 1363 5345 et
1406 5293 1582 5360 ipsum
1629 5289 2026 5360 protoplastum

461 5377 759 5432 hominem.
786 5375 844 5430 Si
865 5377 1032 5447 igitur
1056 5387 1108 5432 et
1136 5380 1346 5448 primus
1368 5381 1459 5434 ille
1488 5381 1659 5435 Adam
1699 5388 2023 5449 potestatem

463 5470 654 5524 habuit
678 5470 1003 5539 persistendi
1023 5480 1076 5524 et
1097 5470 1412 5540 proficiendi
1437 5473 1491 5526 in
1513 5474 1656 5527 bono
1675 5471 2026 5542 ;~‘.respiciunt

462 5576 594 5615 vero
616 5562 834 5629 pariter,
854 5577 973 5632 qua:
1004 5564 1464 5618 resurrectionem
1499 5565 1753 5627 attinent,
1795 5563 1859 5616 ad
1883 5562 2027 5616 anti-

465 5668 626 5721 quam
649 5653 792 5708 illam
830 5664 885 5709 et
926 5654 1210 5726 pristinam
1243 5655 1637 5719 conditionem,
1668 5665 1728 5708 ut
1751 5654 2027 5724 Nyssenus

469 5747 626 5802 divus
655 5747 954 5817 Gregorius
991 5748 1163 5816 dixit;
1196 5749 1538 5818 evploratum
1589 5745 1812 5800 omnino
1841 5755 1924 5802 est
1973 5757 2028 5800 et

2129 4555 2660 4631 προσλαμϐάνονῐες.
2719 4560 2878 4614 Κατὰ
2913 4559 3118 4629 ταύτην
3151 4561 3252 4630 μὲν
3301 4559 3392 4613 οὖν
3442 4561 3539 4628 τὴν
3579 4560 3684 4611 δισ-

2127 4653 2426 4723 ληφθείσαν
2455 4653 2696 4722 δηλονότι
2729 4653 3030 4718 ἀπόδειξιν,
3073 4652 3196 4706 οὐδὲ
3251 4654 3350 4715 τὰς
3382 4652 3573 4722 νοερὰς
3605 4653 3686 4702 οὺς

2128 4745 2248 4810 σίας
2279 4745 2699 4816 ἁπροσκόπτους
2719 4745 2894 4812 ἔγωγε
2929 4745 3143 4814 είποιμι
3175 4743 3263 4809 ἂν,
3295 4744 3453 4810 δόξαν
3489 4742 3543 4811 δὲ
3571 4739 3685 4808 δόξῃ

2131 4837 2334 4905 μᾶλλον
2413 4837 2503 4891 ἀεὶ
2563 4821 3118 4905 προσλαμϐανόύσας,
3175 4841 3274 4889 καὶ
3333 4835 3534 4903 γνῶσιν
3602 4835 3687 4886 ἐπὶ

2128 4930 2331 4996 γνώσει
2362 4929 2642 4999 ὁρίζομαι,
2696 4926 2878 4990 καθὼς
2928 4929 2956 4980 ὁ
3019 4927 3338 4999 θεοφάντωρ
3389 4929 3483 4980 καὶ
3525 4927 3687 4996 μέγας

2127 5021 2230 5090 ἔφη
2278 5021 2586 5082 Διονύσιος.
2619 5037 2638 5070 ι
2679 5019 2905 5083 Τούτοις
2939 5019 3036 5087 μὲν
3097 5019 3190 5073 οὖν
3231 5023 3343 5082 τοῖς
3377 5018 3470 5072 τοῦ
3515 5019 3690 5081 διαὶ-ιζ·-

2129 5112 2357 5182 φθέντος
2407 5111 2610 5180 δηλαδὴ
2635 5109 2888 5164 Ἰωάννου
2915 5111 3008 5162 καὶ
3052 5092 3118 5164 τὰ
3163 5109 3260 5163 τοῦ
3305 5111 3575 5163 θειοτάτου
3599 5111 3690 5159 Aac

2131 5199 2414 5270 μασκηνοῦ
2465 5199 2784 5252 παντάπασι
2848 5201 3174 5268 συμφωνεῖ·
3233 5199 3383 5265 λέγει
3448 5199 3550 5266 γὰρ
3606 5193 3691 5246 καὶ

2129 5292 2294 5354 αὐτὸς
2322 5289 2573 5353 ἐξουσίαν
2601 5289 2747 5356 ἔχειν
2777 5290 2903 5352 τοὺς
2931 5289 3200 5357 ἀγγέλους
3240 5291 3422 5357 μένειν
3447 5289 3536 5340 καὶ
3571 5301 3690 5352 προ-

2130 5377 2355 5432 κόπτειν
2377 5379 2435 5428 ὲν
2457 5377 2545 5445 ,τῷ
2576 5375 2769 5446 ἁγαθῷ
2795 5417 2808 5442 ,
2835 5377 2931 5429 καὶ
2962 5377 3023 5428 οὺ
3059 5376 3220 5444 μόνον
3265 5377 3390 5437 τοὺς
3415 5372 3683 5442 ἀγγέλους,

2130 5468 2269 5522 ἀλλὰ
2300 5469 2393 5520 καὶ
2425 5467 2586 5520 αὑτὸν
2639 5467 2734 5520 τὸν
2797 5467 3227 5535 πρωτόπλαστον
3285 5469 3580 5539 ἄνθρωπον.
3632 5464 3684 5514 ΕΞ

2129 5559 2429 5613 τοίνυνκαὶ
2460 5561 2488 5611 ό
2536 5546 2776 5629 πρῶτος
2803 5559 3010 5630 ἐκεῖνος
3066 5559 3244 5627 Ἀδὰμ
3293 5558 3529 5622 ἐξουσίαν
3581 5549 3682 5620 εἶχε

2135 5653 2337 5722 μένειν,
2399 5651 2496 5704 καὶ
2524 5650 2862 5720 προκόπτειν
2911 5651 2970 5702 ὲν
3016 5650 3096 5721 τῷ
3146 5651 3364 5720 ἀγαθῷ,
3421 5647 3589 5717 ἀφορᾷ
3630 5645 3680 5692 ’Ξὲ

2131 5745 2278 5814 ὅμως
2310 5744 2407 5799 καὶ
2442 5741 2509 5816 τᾲ
2533 5743 2632 5814 τῆς
2665 5742 3014 5806 ἀναστάσεως
3055 5744 3134 5805 εἰς
3162 5745 3260 5813 τὴν
3293 5743 3519 5812 ἀρχαίαν
3545 5735 3685 5789 ἐκεί-
