3838 6226
124 334 219 397 797

1458 330 1827 394 EPISTOLA
1868 330 2038 391 VIII.

3263 338 3370 403 798

124 471 214 521 νην
268 448 363 502 καὶ
421 445 643 518 πρώτην
698 444 1060 508 κατάστασιν,
1118 444 1193 504 ὡς
1251 444 1532 514 ύΝύσσης
1586 447 1688 515 ἐφη

1800 445 1944 514 ipsos
1984 444 2205 513 angelos
2236 441 2467 498 scientia
2498 452 2554 498 et
2590 442 2763 513 gloria
2801 442 3093 513 proﬁcere,
3132 454 3189 500 ut
3238 464 3377 516 pne-

126 546 255 605 θεΐος
284 540 605 610 Γρηγόριος,
638 538 864 608 εὔδηλον
900 538 1117 599 πάντως
1154 539 1249 590 καὶ
1302 540 1502 601 αὐτοὺς
1560 537 1689 601 τοὺς

126 632 376 701 ἀγγέλους
399 631 541 685 κατά
603 647 669 698 γε
721 630 924 694 γνῶσιν
959 631 1053 683 καὶ
1112 630 1273 694 δόξαν
1330 630 1687 699 προκόπτειν,

126 726 192 785 ὡς
218 727 245 776 6
271 722 427 789 λόγος
462 721 676 789 φθάσας
723 720 1012 789 ἐγνώρισε·
1044 720 1140 773 καὶ
1188 721 1381 773 τούτου
1405 720 1569 789 χάριν
1611 718 1688 788 μή

126 814 386 883 θαύμαζε.
414 813 476 865 Ei
498 812 609 881 γὰρ
641 813 737 865 καὶ
764 811 1043 883 μυστήριά
1064 828 1185 865 τινα
1219 812 1339 865 τότε
1368 810 1689 881 μεμαθηκέ-

127 926 203 960 ναι
227 907 530 976 μέλλουσιν,
558 906 702 973 άπερ
730 906 983 959 ἐντεῦθεν
1014 906 1099 959 διά
1141 907 1202 958 τὸ
1230 906 1560 976 άδιάληπτον
1590 906 1690 958 αύ-

124 1000 223 1053 τῶν
244 999 649 1052 καταλαὸέσθαι
676 999 775 1050 οὐκ
800 997 1054 1068 ἴσχυσαν,
1087 999 1161 1061 ὡς
1191 1000 1220 1050 6
1264 999 1525 1065 Θεολόγος
1582 998 1689 1067 ἔφη

126 1094 432 1162 Γρηγόρεος,
472 1091 589 1154 πῶς
622 1092 751 1159 οὐχι
782 1092 877 1143 καὶ
925 1090 1126 1158 γνῶσιν
1156 1090 1251 1143 ἐπὶ
1297 1088 1499 1156 γνώσει
1552 1089 1689 1158 φαίη

128 1204 201 1247 τις
265 1186 329 1238 ἂν
384 1185 496 1247 τοῖς
565 1183 828 1245 τοιούτοις
893 1182 1318 1252 προστίθεσθαις
1394 1182 1690 1238 κάντεῦθεν

129 1278 448 1345 προκόπτειν
483 1274 679 1337 αὐτοὺς
708 1275 802 1327 καὶ
834 1277 946 1335 τοῖς
1006 1273 1323 1343 ἔμπροσθεν
1378 1274 1690 1327 ἐπεκτείνε-

130 1370 242 1420 σθαι
269 1368 355 1420 διὰ
413 1366 515 1435 τῆς
561 1367 672 1419 τῶν
728 1368 990 1419 τοιούτων
1042 1368 1367 1436 μαθήσεως;
1398 1368 1449 1419 εἷ
1481 1384 1545 1435 γε
1595 1366 1690 1420 καὶ

131 1457 320 1526 μᾶλλον
370 1459 399 1511 6
476 1457 746 1535 ⁴ήμέτερος
805 1462 931 1521 νοῦς
992 1459 1328 1528 προκόπτειν
1373 1459 1529 1512 εἴωθε
1581 1460 1689 1522 τοῖς

132 1551 462 1620 μαθήμασιν,
506 1552 582 1609 ώς
640 1551 668 1602 ὁ
733 1554 906 1617 μέγας
946 1551 1083 1618 φησι
1139 1548 1443 1611 Βισιλείος.
1508 1549 1684 1601 Τοῦτο

130 1644 299 1709 μέντοι
350 1640 412 1693 τὸ
447 1641 627 1709 δόγμα
658 1642 752 1694 καὶ
798 1643 826 1692 ό
860 1642 1162 1711 πάμμεγας
1236 1640 1446 1702 Παῦλος
1498 1641 1692 1708 ινὲφη-

127 1732 396 1796 γενοῦ-τως
436 1731 631 1785 εἰπών·
669 1750 688 1783 ι
731 1734 827 1785 Ἐκ
882 1734 1079 1802 μέρους
1142 1734 1266 1803 άρτι
1324 1732 1687 1802 γινώσκομεν,

127 1825 211 1875 καὶ
237 1828 297 1877 ἐκ
329 1828 534 1894 μέρους
562 1824 1005 1895 προφητεύομεν·
1061 1825 1190 1878 ὅταν
1232 1824 1289 1875 δέ
1326 1823 1455 1893 ἐλθῃ
1495 1826 1554 1875 τὸ
1606 1822 1693 1874 τέ-

126 1918 276 1983 λειον,
302 1922 425 1972 τότε
454 1921 521 1971 ἐκ
556 1919 756 1988 μέρους
787 1918 1294 1989 καταργηθήσεται,
1318 1917 1439 1969 τότε
1462 1913 1697 1983 ἐπιγνώ-

129 2025 300 2075 σομεν,
332 2005 521 2068 καθὼς
552 2008 658 2077 ἄρα
694 2008 785 2059 καὶ
809 2007 1257 2077 ἐπεγνώσθημεν.
1297 2025 1317 2058 ι

191 2099 392 2151 Οὐκοῦν
422 2097 797 2167 άμφιὸάλλειν
849 2099 943 2151 ἐπὶ
991 2098 1155 2152 πλέον
1209 2099 1309 2153 οὐκ
1355 2097 1598 2166 εὔλογον*
1644 2098 1695 2152 εί

133 2193 229 2259 γὰρ
276 2191 439 2244 αὑτὸν
497 2193 525 2244 6
554 2190 818 2259 Θεολόγος
875 2192 966 2243 τὸν
1003 2191 1230 2261 Κύριον,
1273 2192 1435 2261 ἡνίκα
1488 2191 1557 2244 τὰ
1587 2191 1696 2244 τῶν

128 2284 441 2351 ἀπορρήτων
471 2280 694 2334 ἐκείνων
725 2276 838 2344 τοῖς
872 2281 1044 2347 ἀξίοις
1075 2284 1448 2352 παραγυμνοῖ,
1495 2283 1687 2352 τρέφε-

139 2378 251 2430 σθαι
299 2376 448 2441 λέγει
513 2375 654 2427 κατὰ
709 2374 874 2444 νόμον
932 2375 1295 2445 ἀνθρώπινον·
1347 2376 1522 2446 τροφὴ
1585 2376 1696 2445 γάρ

131 2471 265 2523 ἐστιν
288 2471 320 2539 ή
342 2468 548 2533 δίδαξις
572 2469 670 2521 καὶ
703 2468 797 2521 τοῦ
824 2467 1096 2536 λέγοντος
1144 2468 1197 2521 τί
1225 2467 1331 2538 χρὴ
1373 2466 1467 2521 καὶ
1515 2466 1695 2535 λέγειν

133 2561 383 2632 περὶτῶν
434 2560 848 2630 διδασκομένων
896 2560 1113 2626 αὑτῶνς
1151 2560 1264 2613 Καὶ
1316 2561 1694 2629 τραφήσονται

133 2655 336 2715 πάντως
364 2656 482 2716 τοῖς
514 2654 737 2705 ἐκείνων
788 2651 1107 2721 διδάγμασι,
1173 2652 1270 2703 καὶ
1316 2652 1695 2721 πνευματικήν

133 2747 356 2799 ἐπίδοσιν
382 2742 767 2805 ἐπιδώσουσιν,
796 2742 869 2806 ώς
890 2745 919 2795 6
943 2742 1102 2808 λόγος
1130 2742 1340 2811 φθάσας
1358 2742 1691 2811 ἐγνώρισεν;

132 2836 260 2890 οὕτω
298 2838 395 2908 μὲν
420 2836 481 2890 οἱ
492 2854 565 2889 τω
588 2836 683 2889 καὶ
704 2837 823 2897 ταῖς
852 2835 1185 2906 ὑπερτάταις
1232 2834 1385 2886 ἔσται
1409 2832 1693 2901 δυνάμεσι.

134 2930 296 2991 Πολλὰ
339 2930 453 3001 γὰρ
486 2929 581 2982 καὶ
612 2926 782 2982 ταῦτα
816 2926 1275 2989 διαδιδάσκουσιν,
1300 2924 1375 2986 ώς
1429 2924 1458 2977 6
1488 2922 1697 2976 θειότα-

132 3028 212 3087 τός
258 3042 391 3096 φησι
424 3023 722 3084 Διονύσιος.
757 3020 868 3073 Καὶ
888 3020 992 3090 ὅρα
1015 3018 1121 3090 πρὸ
1151 3018 1262 3071 τῶν
1322 3017 1500 3071 ἄλλων
1554 3013 1694 3069 αὐτὰ

129 3121 190 3170 τὰ
219 3116 566 3186 ἐξαπτέρυγα
590 3113 857 3184 σεραφὶμ,
889 3107 967 3166 ὧν
1026 3114 1054 3165 6
1108 3112 1397 3180 προφήτης
1464 3108 1691 3167 Ἡσαΐας
1718 3154 1760 3211 c

132 3209 319 3279 θεωρὸς
352 3206 754 3279 ἐχρημάτισεν.
818 3203 885 3257 Ei
918 3202 992 3272 μὴ
1023 3205 1131 3270 γὰρ
1166 3202 1258 3253 ἐπὶ
1308 3199 1466 3270 δόξης
1523 3200 1692 3267 ἐπλη-

133 3302 279 3370 ροῦτο
308 3297 672 3367 θεοπρεποῦς,
732 3296 781 3348 εἰ
834 3295 910 3364 μὴ
957 3293 1079 3346 καθ’
1105 3292 1255 3365 ὥραν
1317 3292 1696 3361 ἡστράπτοντο

134 3393 517 3463 μαρμαρυγαῖς
543 3406 655 3443 τισι
689 3386 968 3456 γνώσεως,
1033 3386 1134 3438 οὐκ
1183 3386 1250 3439 ἂν
1310 3382 1694 3453 ὑπερεκπλητ-

129 3490 315 3557 σειόμενα
340 3486 462 3546 ταῖς
494 3480 704 3535 ἑαυτῶν
743 3479 1114 3532 ἐκαλύπτοντο
1160 3474 1447 3545 πτέρυξιν,
1502 3475 1602 3527 οὐκ
1629 3474 1694 3526 ἂν

130 3575 200 3643 εἷς
224 3578 357 3649 πρὸς
387 3580 483 3630 τὸν
512 3576 705 3645 ἕτερον
739 3573 1079 3636 ἀτενίζοντες
1104 3569 1307 3622 οὑτωσὶ
1344 3567 1440 3620 καὶ
1484 3583 1694 3637 κεκρα-

127 3676 268 3737 γέναι
296 3666 717 3740 παρεδιάξοντο,
752 3684 770 3716 ι
799 3666 1009 3732 Ἀγιος,
1039 3661 1215 3730 ἅγιος,
1246 3662 1400 3728 άγιος
1431 3660 1688 3728 Κύριος.»

128 3765 285 3817 Τοῦτο
310 3765 417 3832 γὰρ
450 3764 479 3815 6
516 3759 918 3831 χρυσορρήμων
950 3754 1207 3823 Ἰωάννης
1253 3754 1419 3822 φησὶν
1446 3752 1694 3821 ἀνεκδιη-

127 3857 283 3924 γήτου
319 3854 550 3925 σημεῖον
583 3848 915 3917 ἐκπλήξεως.

192 3948 249 3999 Ei
292 3949 348 4001 δὲ
388 3944 563 3999 ταῦτα
613 3941 787 4004 οὓτως
843 3939 979 4009 ἔχει,
1016 3939 1231 4000 πάντως
1289 3936 1591 4009 ἐπα-πορεῖν
1634 3952 1693 3987 σε

127 4039 218 4090 οὐκ
241 4038 414 4103 ἄξιον,
443 4033 498 4087 εἴ
525 4050 584 4102 γε
608 4034 735 4094 τοὺς
769 4031 961 4097 ἁγίους
993 4030 1135 4083 κατά
1167 4045 1232 4096 γε
1265 4028 1467 4097 γνῶσιν
1489 4026 1583 4081 καὶ
1611 4022 1705 4078 δός

127 4130 215 4193 ξαν
241 4127 578 4198 προκόπτειν
613 4127 668 4186 ἐς
702 4121 951 4192 διηνεκὲς
990 4121 1039 4172 oi
1065 4121 1203 4173 θεῖοι
1232 4120 1475 4190 Πατέρες
1504 4135 1686 4187 παρα-

123 4222 436 4275 δεδώκασιν·
519 4219 613 4272 τὸν
668 4217 779 4285 γάρ
849 4214 1228 4284 άκατανόητον
1280 4212 1693 4282 ἐπιχειροῦντες

124 4311 234 4363 τότε
266 4310 597 4380 κατανοῆσαι
630 4308 679 4359 οί
711 4306 909 4359 δίκαιοι
966 4303 1085 4366 πῶς
1143 4303 1239 4371 τῆς
1289 4302 1549 4372 τοιαύτης
1604 4304 1693 4371 ὁρ-

128 4409 224 4475 μῆς
256 4404 692 4459 άποπαύσονται·
747 4401 841 4453 καὶ
886 4398 1008 4451 τίνα
1062 4396 1268 4465 τρόπον
1336 4393 1689 4466 ὲπιθήσονται

124 4503 284 4571 πέρας
314 4499 392 4569 τῷ
414 4496 780 4568 ἐγχειρήματι
809 4494 904 4545 τὸν
948 4492 1333 4558 ἀκατάληπτον
1384 4486 1690 4558 τηνικαῦτα
1725 4493 1768 4549 D

123 4592 523 4647 καταλαϐέσθαι
550 4589 910 4659 πειρώμενοι,
944 4585 1060 4647 πῶς
1104 4584 1209 4653 τῆς
1234 4584 1477 4653 ἐφέσεως
1519 4582 1690 4650 αὐτῆς

123 4684 468 4754 ἐπιτύχωσιν,
506 4683 557 4734 εἴ
586 4696 723 4731 ποτε
758 4676 1149 4748 προὸαίνοντες
1182 4673 1276 4726 τοῦ
1311 4673 1515 4743 δρόμου
1542 4672 1693 4733 τέλος

124 4778 476 4842 εἰσδέξονταις
562 4771 836 4840 Ἐφίενται
877 4768 976 4836 μὲν
1028 4768 1137 4819 τῶν
1213 4764 1547 4833 ἔμπροσθεν,
1599 4763 1692 4814 καὶ

122 4871 234 4930 ταῖς
262 4869 459 4937 όρμαῐς
494 4864 774 4932 ἀναλόγως
807 4861 1142 4931 προκόπτειν
1196 4856 1515 4925 νομίζουσιν
1560 4855 1694 4906 ἐκα-

126 4976 260 5022 ττος,
294 4959 408 5012 ἀλλ’
440 4962 516 5022 εἰς
542 4956 673 5011 αὐτὸ
697 4955 757 5008 τδ
784 4955 960 5022 πέρας
990 4949 1289 5019 ἀφικέσθαι
1319 4950 1379 5000 οὐ
1411 4947 1692 5001 δύνανται.

125 5054 236 5117 ηὼς
264 5053 373 5122 γὰρ
395 5054 514 5106 ὅλου
543 5049 710 5105 αὐτοῦ
732 5046 1120 5119 περιλαόέσθαι
1146 5042 1459 5113 ἰσχύσουσιν
1490 5042 1697 5111 ἀπρόσ-

123 5161 223 5197 ιτον
291 5145 421 5199 ὅντα
479 5144 815 5206 παντάπασι,
877 5141 972 5194 καὶ
1030 5136 1461 5206 ἀκατάληπτονς
1510 5136 1697 5205 Ταύτῃ

119 5253 193 5287 τοι
223 5237 316 5290 καὶ
336 5237 590 5289 διώκουσι
620 5235 741 5304 μὲν,
777 5232 837 5284 οὐ
867 5228 1355 5300 καταλαμϐάνουσι
1384 5228 1459 5292 δέ,
1491 5225 1696 5295 γνῶσιν

121 5328 202 5380 ἀεὶ
236 5327 755 5399 προσλαμϐάνοντες
801 5325 895 5377 ἐπὶ
917 5320 1141 5390 γνώσει,
1168 5323 1263 5375 καὶ
1293 5322 1389 5375 ἐπὶ
1438 5321 1694 5390 προκοπῇ

124 5424 425 5492 προκοπήνθ
458 5423 573 5476 ἀλλ’
606 5419 995 5490 ὑπερπλήρους
1031 5418 1185 5481 ὄντος
1234 5416 1327 5470 τοῦ
1394 5434 1696 5473 κατανοουο

125 5517 304 5585 μένου,
338 5518 452 5579 πῶς
496 5517 649 5569 ἔσται
692 5516 901 5577 τούτοις
932 5513 1114 5566 τελεία
1151 5510 1247 5564 τοῦ
1293 5512 1540 5566 τοιούτου
1599 5528 1697 5565 κα.-

122 5608 378 5676 τά)ηψις;
414 5609 547 5661 Πότε
572 5609 627 5660 δὲ
654 5606 745 5659 καὶ
778 5606 877 5673 τῆς
908 5607 999 5656 ἐπὶ
1028 5605 1096 5657 τά
1126 5603 1313 5675 πρόσω
1350 5605 1525 5674 φορᾶς
1574 5605 1697 5656 ἐπι-

122 5700 416 5765 λάθωνται;
481 5702 617 5754 Πότε
673 5701 1076 5770 προκόπτοντες
1156 5698 1488 5766 στήσονται;
1555 5696 1693 5750 Πότε

124 5793 219 5864 τῆς
297 5794 505 5853 ἐκεῖθεν
561 5794 716 5864 δόξης
773 5791 1174 5864 ὲμςορούμενοι
1224 5788 1691 5861 κορεσθήσονται;

1793 538 1994 593 cedens
2029 551 2213 590 sermo
2256 535 2647 591 rnauil'estavit.
2703 537 2769 591 Et
2813 548 3102 608 propterea
3152 554 3221 593 ne
3277 541 3378 593 mi-

1797 647 1943 686 rere.
1979 629 2034 685 Si
2070 630 2215 684 enim
2246 640 2301 683 et
2339 630 2597 697 mysteria
2626 630 2871 697 quaedam
2910 640 3042 685 tunc
3069 639 3129 684 ut
3158 632 3375 687 discant

1792 721 2042 775 futurum
2094 731 2201 783 εει,
2251 735 2373 789 quae
2405 720 2497 774 hic
2546 720 2616 773 ob
2645 736 2832 773 eorum
2870 723 3192 777 tenuitatem
3221 738 3373 777 com-

1792 814 2141 882 prehendere
2193 828 2301 865 non
2341 821 2595 882 potuere,
2648 822 2705 866 ut
2737 813 3047 885 Theologus
3079 815 3374 885 Gregorius

1793 906 1892 969 ait,
1924 905 2197 974 quomodo
2254 920 2366 958 non
2417 914 2472 959 et
2528 904 2816 959 scientiam
2876 920 3041 973 supra
3090 911 3376 962 scientiam

1793 990 2099 1067 dicat-quis
2154 997 2353 1051 talibus
2394 1013 2501 1051 non
2552 998 2699 1062 addi,
2735 1014 2799 1053 ae
2846 999 3074 1068 proinde
3106 1003 3377 1070 proﬁcere

1795 1093 1966 1160 ipsos,
2018 1098 2072 1143 et
2120 1089 2207 1148 iis.
2262 1105 2382 1159 qua:
2417 1102 2577 1143 antea
2625 1091 3004 1159 possidebant,
3060 1092 3376 1163 adiungere.

1794 1198 1893 1253 per
1949 1198 2135 1236 rerum
2206 1182 2522 1251 huiusmodi
2580 1183 2929 1237 doctrinam?
2990 1184 3032 1237 si
3098 1193 3153 1237 et
3210 1186 3379 1255 magis

1794 1289 1979 1330 nostra
2005 1291 2159 1330 mens
2191 1276 2460 1344 proﬁcere
2492 1279 2782 1330 consuevit
2812 1277 3139 1344 disciplinis,
3180 1288 3231 1332 ut
3267 1295 3379 1331 ma-

1793 1384 1933 1437 guus
1970 1368 2208 1422 Basilius
2258 1368 2457 1434 inquit.
2499 1366 2613 1421 Hoc
2655 1380 2808 1422 certe
2855 1370 3114 1436 placitum
3156 1382 3210 1423 et
3263 1387 3377 1422 om-

1795 1462 1929 1515 nino
1986 1476 2213 1530 magnus
2263 1458 2467 1512 Paulus
2531 1462 2747 1529 aperuit
2812 1464 2885 1514 ita
2936 1462 3124 1515 dit-ens
3176 1480 3187 1513 :
3244 1480 3261 1511 ι
3302 1462 3374 1514 Ex

1794 1566 1949 1622 parte
1997 1553 2270 1621 siquidem
2322 1554 2727 1623 cognosrimus,
2763 1563 2815 1607 et
2841 1570 2903 1606 ex
2953 1564 3101 1622 parte
3136 1557 3373 1622 prophe-

1795 1655 2011 1710 tamus;
2064 1662 2189 1699 cum
2271 1657 2451 1717 aqtem
2512 1647 2774 1717 perfectio
2838 1647 3069 1709 venerit,
3129 1658 3258 1699 tunc
3309 1661 3375 1698 ex

1797 1749 1951 1808 parte.
1984 1740 2377 1803 cvacuabitur;
2412 1749 2541 1794 tunc
2584 1756 2983 1809 cognoscemus
3014 1740 3154 1795 sicut
3191 1740 3375 1806 utique

1725 1818 1765 1872 Β
1797 1843 1851 1888 et
1890 1832 2091 1903 cogniti
2122 1848 2331 1889 sumus.
2358 1852 2377 1885 ι

1866 2102 1987 2157 Νοη
2026 2102 2189 2172 igitur
2221 2101 2547 2156 rationabile
2600 2109 2684 2154 est
2724 2099 2959 2171 amplius
3012 2099 3277 2154 dubitare.
3322 2098 3377 2153 Si

1797 2194 1943 2247 enim
1978 2193 2119 2247 idem
2150 2194 2459 2258 Theologus
2495 2192 2809 2254 Dominum,
2851 2207 2972 2244 eum
3036 2207 3228 2245 arcana
3287 2192 3378 2244 illa

1799 2283 1980 2350 dignis
2025 2283 2408 2349 denudaverit,
2448 2284 2531 2337 ali
2579 2284 2709 2337 dicit
2764 2284 2915 2353 juxta
2972 2282 3265 2335 humanam
3300 2283 3381 2335 Ie-

1799 2390 1952 2448 gem;
1988 2377 2306 2430 alimentum
2339 2377 2482 2429 enim
2513 2384 2597 2429 est
2629 2374 2871 2462 dpetrina
2911 2375 3074 2427 etiam
3112 2374 3377 2437 dicentis;

1799 2471 1931 2539 quid
1964 2478 2182 2540 oportet
2217 2468 2399 2523 dicere
2432 2468 2497 2521 de
2533 2467 2643 2531 his,
2678 2468 2767 2536 qui
2792 2466 3099 2520 docentur?
3136 2466 3199 2519 Et
3227 2467 3382 2519 alen-

1800 2573 1891 2619 tur
1924 2562 2151 2616 omnino
2182 2562 2401 2615 illorum
2442 2560 2811 2622 documentis,
2854 2568 2907 2613 et
2944 2559 3243 2628 spiritalem
3295 2575 3385 2611 ae-

1799 2661 2104 2715 cessionem
2133 2658 2421 2728 adjicient,
2441 2666 2501 2711 ut
2528 2657 2846 2727 praacedeus
2871 2670 3053 2710 sermo
3085 2656 3379 2723 exposuit.

1798 2753 1875 2807 Ita
1906 2754 2161 2819 quidem,
2200 2752 2272 2805 ita
2319 2752 2485 2804 etiam
2530 2749 2801 2819 supremis
2830 2750 2935 2802 erit
2980 2747 3380 2817 potestatibus:

1798 2843 1969 2899 multa
2016 2843 2162 2898 enim
2192 2851 2247 2896 et
2295 2844 2409 2895 haec
2448 2842 2689 2903 discunt,
2734 2850 2793 2893 ut
2847 2840 3222 2893 divinissimus
3258 2840 3383 2892 Dio.

1799 2938 1990 3007 nysius
2037 2935 2247 3004 inquit;
2280 2942 2335 2988 et
2370 2932 2494 2986 vide
2543 2942 2668 2987 ante
2719 2934 2820 2986 alia
2868 2933 2985 3002 ipsa
3015 2947 3109 2986 sex
3164 2932 3263 2988 alis
3304 2934 3383 2986 iu-

1799 3038 2007 3086 structa
2067 3025 2353 3095 Seraphim
2423 3040 2657 3092 quormu
2708 3024 2972 3094 prorihcta
3026 3027 3193 3081 Isaias
3255 3042 3383 3095 spc-

1797 3132 1976 3179 ctator
2002 3121 2121 3175 fuit.
2147 3117 2261 3173 Nisi
2291 3114 2439 3173 enim
2471 3116 2657 3173 divina
2692 3118 2861 3187 gloria
2896 3117 3101 3188 repleta
3125 3117 3379 3182 fuissent,

1799 3214 1903 3270 nisi
1955 3211 2253 3268 identidem
2296 3210 2626 3280 quibusdam
2693 3209 2937 3263 scientia:
2996 3209 3379 3278 splendoribus

1800 3308 2190 3379 fulgurasseut,
2228 3318 2332 3357 non
2370 3304 2561 3373 utique
2592 3302 2946 3357 mirabilitate
2984 3301 3233 3372 perculsa
3265 3302 3379 3356 suis

1797 3414 1858 3455 ss
1917 3398 2019 3454 alis
2093 3396 2569 3461 abscondissent;
2638 3410 2749 3447 non
2837 3394 3027 3463 utique
3090 3409 3256 3447 unum
3324 3393 3376 3447 in

1801 3494 1967 3546 alium
2016 3489 2311 3544 intendens
2370 3488 2444 3541 ita
2504 3494 2559 3541 et
2615 3486 2853 3540 clamare
2906 3485 3376 3554 compelleretur:

1806 3604 1823 3636 ι
1864 3584 2126 3647 Sanctus,
2157 3591 2404 3645 sanctus,
2442 3588 2664 3635 sanctus
2706 3578 2990 3633 Dominus.
3027 3598 3045 3629 ι
3089 3579 3200 3632 Hoc
3232 3578 3377 3632 enim

1798 3694 1963 3733 aurea
2013 3677 2179 3732 verba
2216 3674 2454 3729 fundens
2500 3671 2744 3727 Joannes
2790 3672 2865 3726 ait
2916 3673 3207 3729 ineﬂ'abilis
3266 3684 3352 3728 stu

1798 3771 1950 3841 poris
1989 3769 2227 3837 signum.

1870 3952 1924 4007 Si
1962 3965 2093 4005 vero
2131 3950 2250 4003 haec
2279 3950 2353 4003 ita
2386 3948 2612 4012 habent,
2646 3946 2958 4016 ambiguum
3001 3953 3053 4000 te
3090 3946 3375 4000 traducere

1798 4046 2083 4113 indignum
2124 4042 2349 4098 omnino
2377 4052 2481 4107 est,
2507 4057 2576 4095 an
2610 4049 2832 4095 sanctos
2864 4041 3167 4095 secundum
3197 4040 3378 4093 scien-

1800 4141 1929 4194 tiam
1966 4147 2020 4194 et
2050 4138 2279 4209 gloriam
2320 4137 2583 4191 continuo
2632 4135 2899 4205 proﬁcere
2950 4133 3123 4188 divini
3192 4132 3379 4188 Patres

1797 4232 2140 4288 tradiderint.
2164 4230 2782 4307 Ineomprehensibilem
2811 4228 2956 4283 enim
2992 4229 3379 4298 aggredientes

1800 4334 1928 4379 tunc
1991 4324 2297 4391 intelligere
2349 4322 2631 4391 quomodo
2696 4320 2765 4375 ab
2824 4320 3139 4389 huiusmodi
3177 4321 3377 4389 impetu

1796 4418 2127 4488 quiescent,
2184 4424 2238 4471 et
2294 4430 2535 4485 quonam
2566 4414 2727 4468 modo
2762 4415 3023 4482 adiicient
3084 4413 3376 4467 terminum

1797 4510 2173 4583 aggressioni?
2223 4509 2779 4579 lncomprehensibile
2834 4517 2964 4562 tunc
3012 4508 3377 4575 comprehen-

1797 4603 1929 4657 dere
1975 4611 2261 4662 eonautcs,
2302 4598 2580 4668 quomodo
2617 4597 2874 4653 desiderii
2920 4605 3203 4666 compotes
3247 4598 3377 4660 εἰη,

1798 4695 1841 4747 si
1888 4708 2127 4761 unquam
2158 4689 2569 4761 progredientes
2618 4704 2814 4743 cursus
2862 4689 3026 4742 linem
3081 4703 3380 4757 assequau-

1799 4796 1888 4839 tur
1916 4786 1937 4839 ?
1970 4785 2387 4855 Coucupiscunt
2439 4783 2657 4853 quidem
2692 4797 2776 4843 ea.
2822 4798 2943 4853 quae
2998 4789 3125 4835 ante
3180 4782 3383 4836 habue-

1800 4884 1948 4942 runt,
1986 4887 2042 4929 et
2094 4874 2391 4945 impetibus
2447 4882 2817 4945 congruenter
2869 4871 3138 4942 proﬁcere
3188 4882 3381 4942 putant

1799 4968 2060 5039 quilibet;
2098 4968 2189 5023 sed
2231 4968 2295 5021 ad
2347 4967 2528 5035 ipsum
2566 4967 2728 5020 ﬁnem
2776 4964 3067 5034 pervenire
3113 4980 3218 5018 non
3254 4981 3382 5033 pos-

1800 5070 1949 5113 sunt.
1981 5057 2267 5124 Quomodo
2296 5058 2442 5111 enim
2485 5057 2662 5126 ipsum
2700 5064 2874 5110 totum
2908 5055 3383 5125 comprehendere

1797 5152 2081 5216 valebunt,
2124 5166 2244 5204 cum
2284 5149 2377 5207 sit.
2405 5148 2737 5203 omnimodis
2780 5149 3126 5203 inaccessum
3176 5154 3231 5200 et
3297 5147 3382 5199 iu-

1801 5242 2349 5313 comprehensibile?
2384 5240 2475 5296 Sic
2523 5251 2929 5311 persequuntur
2983 5240 3228 5310 quidem,
3272 5252 3378 5289 non

1802 5346 1982 5391 autem
2037 5335 2544 5403 comprehendunt,
2603 5334 2890 5390 scientiam
2943 5346 3162 5401 semper
3218 5344 3378 5397 supra

1802 5426 2086 5483 scientiam
2126 5427 2476 5495 recipientes,
2514 5436 2569 5480 et
2608 5414 2923 5497 profectum
2973 5438 3138 5492 supra
3191 5420 3377 5491 profe-

1801 5529 1974 5572 ctum.
2002 5515 2110 5571 Sed
2143 5517 2477 5586 superpleno
2506 5521 2806 5572 exslsteme
2840 5531 2929 5578 co,
2952 5513 3094 5584 quod
3129 5525 3375 5577 compre-

1804 5610 2083 5674 henditur,
2117 5610 2392 5679 quomodo
2424 5611 2529 5664 erit
2555 5610 2848 5675 terminata
2879 5603 3378 5675 hujusmodi.com-

1802 5703 2138 5773 prehensio?
2169 5702 2472 5773 Aliquando
2508 5718 2633 5756 vero
2665 5698 2957 5754 delationis
3007 5697 3069 5748 ad
3118 5690 3374 5747 ulteriora

1802 5793 1952 5851 obliti
1992 5792 2217 5863 fuerint,
2256 5792 2549 5860 aliquando
2602 5789 2946 5854 proﬁcientes
2982 5787 3203 5842 Stabunt
3276 5784 3371 5836 ali-
