  <div class='ocr_page' id='page_1' title='image "/cluster/home/n/w/nwhite01/storage/ocr_20150623/158/mdp.39015078384701/439.png"; bbox 0 0 3838 6226; ppageno 0'>
   <div class='ocr_carea' id='block_1_1' title="bbox 390 295 505 364">
    <p class='ocr_par' dir='ltr' id='par_1_1' title="bbox 390 295 505 364">
     <span class='ocr_line' id='line_1_1' title="bbox 390 295 505 364; baseline -0.017 -1"><span class='ocrx_word' id='word_1_1' title='bbox 390 295 505 364; x_wconf 78' lang='lat'><strong>799</strong></span> 
     </span>
    </p>
   </div>
   <div class='ocr_carea' id='block_1_2' title="bbox 1668 291 2394 356">
    <p class='ocr_par' dir='ltr' id='par_1_2' title="bbox 1668 291 2394 356">
     <span class='ocr_line' id='line_1_2' title="bbox 1668 291 2394 356; baseline 0.001 -4"><span class='ocrx_word' id='word_1_2' title='bbox 1668 291 2092 356; x_wconf 78' lang='lat' dir='ltr'><strong>MICHAELIS</strong></span> <span class='ocrx_word' id='word_1_3' title='bbox 2135 291 2394 354; x_wconf 78' lang='lat' dir='ltr'><strong>GLYC/E</strong></span> 
     </span>
    </p>
   </div>
   <div class='ocr_carea' id='block_1_3' title="bbox 3536 291 3655 357">
    <p class='ocr_par' dir='ltr' id='par_1_3' title="bbox 3536 291 3655 357">
     <span class='ocr_line' id='line_1_3' title="bbox 3536 291 3655 357; baseline -0.025 0"><span class='ocrx_word' id='word_1_4' title='bbox 3536 291 3655 357; x_wconf 72' lang='lat' dir='ltr'><strong>suo</strong></span> 
     </span>
    </p>
   </div>
   <div class='ocr_carea' id='block_1_4' title="bbox 390 367 1992 483">
    <p class='ocr_par' dir='ltr' id='par_1_4' title="bbox 390 403 1967 483">
     <span class='ocr_line' id='line_1_4' title="bbox 390 403 1967 483; baseline -0.004 -15"><span class='ocrx_word' id='word_1_5' title='bbox 390 411 613 483; x_wconf 82' lang='lat' dir='ltr'><strong>quando</strong></span> <span class='ocrx_word' id='word_1_6' title='bbox 663 410 750 466; x_wconf 89' lang='lat' dir='ltr'><strong>illa</strong></span> <span class='ocrx_word' id='word_1_7' title='bbox 800 407 974 481; x_wconf 74' lang='lat' dir='ltr'><strong>gloria</strong></span> <span class='ocrx_word' id='word_1_8' title='bbox 1027 405 1192 462; x_wconf 79' lang='lat' dir='ltr'><strong>delati</strong></span> <span class='ocrx_word' id='word_1_9' title='bbox 1246 403 1617 462; x_wconf 75' lang='lat' dir='ltr'><strong>satiabuntur.</strong></span> <span class='ocrx_word' id='word_1_10' title='bbox 1665 405 1773 462; x_wconf 91' lang='lat' dir='ltr'><strong>Sed</strong></span> <span class='ocrx_word' id='word_1_11' title='bbox 1823 415 1878 463; x_wconf 91' lang='lat' dir='ltr'><strong>et</strong></span> <span class='ocrx_word' id='word_1_12' title='bbox 1923 407 1967 462; x_wconf 94' lang='lat' dir='ltr'><strong>si</strong></span> 
     </span>
    </p>
   </div>
   <div class='ocr_carea' id='block_1_5' title="bbox 2101 367 3656 483">
    <p class='ocr_par' dir='ltr' id='par_1_5' title="bbox 2101 367 3656 480">
     <span class='ocr_line' id='line_1_5' title="bbox 2101 367 3656 480; baseline -0.007 -17"><span class='ocrx_word' id='word_1_13' title='bbox 2101 408 2229 463; x_wconf 63' lang='lat' dir='ltr'><strong>Alit‘</strong></span> <span class='ocrx_word' id='word_1_14' title='bbox 2261 409 2311 463; x_wconf 77' lang='grc' dir='ltr'><strong>ει</strong></span> <span class='ocrx_word' id='word_1_15' title='bbox 2343 407 2439 462; x_wconf 74' lang='grc' dir='ltr'><strong>καὶ</strong></span> <span class='ocrx_word' id='word_1_16' title='bbox 2467 404 2799 480; x_wconf 74' lang='grc' dir='ltr'><strong>κορεσθῆναι</strong></span> <span class='ocrx_word' id='word_1_17' title='bbox 2845 422 2976 460; x_wconf 81' lang='grc' dir='ltr'><strong>ποτε</strong></span> <span class='ocrx_word' id='word_1_18' title='bbox 3033 367 3285 474; x_wconf 28' lang='grc' dir='ltr'><strong>,δόξουσιν</strong></span> <span class='ocrx_word' id='word_1_19' title='bbox 3338 402 3430 456; x_wconf 72' lang='grc' dir='ltr'><strong>ἐπὶ</strong></span> <span class='ocrx_word' id='word_1_20' title='bbox 3476 401 3656 454; x_wconf 68' lang='grc' dir='ltr'><strong>πλέον</strong></span> 
     </span>
    </p>
   </div>
   <div class='ocr_carea' id='block_1_6' title="bbox 395 493 1962 568">
    <p class='ocr_par' dir='ltr' id='par_1_6' title="bbox 395 493 1962 568">
     <span class='ocr_line' id='line_1_6' title="bbox 395 493 1962 568; baseline -0.003 -15"><span class='ocrx_word' id='word_1_21' title='bbox 395 513 635 568; x_wconf 86' lang='lat' dir='ltr'><strong>unquam</strong></span> <span class='ocrx_word' id='word_1_22' title='bbox 675 496 855 551; x_wconf 84' lang='lat' dir='ltr'><strong>satiati</strong></span> <span class='ocrx_word' id='word_1_23' title='bbox 901 509 1025 549; x_wconf 87' lang='lat' dir='ltr'><strong>esse</strong></span> <span class='ocrx_word' id='word_1_24' title='bbox 1080 493 1436 558; x_wconf 84' lang='lat' dir='ltr'><strong>videbuntur,</strong></span> <span class='ocrx_word' id='word_1_25' title='bbox 1487 495 1725 566; x_wconf 82' lang='lat' dir='ltr'><strong>amplius</strong></span> <span class='ocrx_word' id='word_1_26' title='bbox 1765 497 1962 550; x_wconf 83' lang='lat' dir='ltr'><strong>iterum</strong></span> 
     </span>
    </p>
   </div>
   <div class='ocr_carea' id='block_1_7' title="bbox 398 584 1970 660">
    <p class='ocr_par' dir='ltr' id='par_1_7' title="bbox 398 584 1970 660">
     <span class='ocr_line' id='line_1_7' title="bbox 398 584 1970 660; baseline -0.001 -16"><span class='ocrx_word' id='word_1_27' title='bbox 398 589 651 644; x_wconf 84' lang='lat' dir='ltr'><strong>sitientes</strong></span> <span class='ocrx_word' id='word_1_28' title='bbox 700 587 1070 642; x_wconf 81' lang='lat' dir='ltr'><strong>invenientur.</strong></span> <span class='ocrx_word' id='word_1_29' title='bbox 1106 587 1172 642; x_wconf 87' lang='lat' dir='ltr'><strong>Et</strong></span> <span class='ocrx_word' id='word_1_30' title='bbox 1217 585 1322 641; x_wconf 86' lang='lat' dir='ltr'><strong>tale</strong></span> <span class='ocrx_word' id='word_1_31' title='bbox 1349 584 1478 656; x_wconf 90' lang='lat' dir='ltr'><strong>quid</strong></span> <span class='ocrx_word' id='word_1_32' title='bbox 1534 585 1616 642; x_wconf 85' lang='lat' dir='ltr'><strong>eis</strong></span> <span class='ocrx_word' id='word_1_33' title='bbox 1644 587 1970 660; x_wconf 74' lang='lat' dir='ltr'><strong>contingere</strong></span> 
     </span>
    </p>
   </div>
   <div class='ocr_carea' id='block_1_8' title="bbox 327 676 1969 748">
    <p class='ocr_par' dir='ltr' id='par_1_8' title="bbox 327 676 1969 748">
     <span class='ocr_line' id='line_1_8' title="bbox 327 676 1969 748; baseline -0.001 -14"><span class='ocrx_word' id='word_1_34' title='bbox 327 679 329 682; x_wconf 46' lang='grc'><em>⁴</em></span> <span class='ocrx_word' id='word_1_35' title='bbox 396 680 614 734; x_wconf 88' lang='lat' dir='ltr'><strong>videtur</strong></span> <span class='ocrx_word' id='word_1_36' title='bbox 645 680 806 748; x_wconf 86' lang='lat' dir='ltr'><strong>quale</strong></span> <span class='ocrx_word' id='word_1_37' title='bbox 852 678 942 743; x_wconf 87' lang='lat' dir='ltr'><strong>iis,</strong></span> <span class='ocrx_word' id='word_1_38' title='bbox 997 676 1088 747; x_wconf 88' lang='lat' dir='ltr'><strong>qui</strong></span> <span class='ocrx_word' id='word_1_39' title='bbox 1140 676 1376 747; x_wconf 79' lang='lat' dir='ltr'><strong>aliquam</strong></span> <span class='ocrx_word' id='word_1_40' title='bbox 1412 687 1786 736; x_wconf 78' lang='lat' dir='ltr'><strong>creaturarum</strong></span> <span class='ocrx_word' id='word_1_41' title='bbox 1841 693 1969 748; x_wconf 79' lang='lat' dir='ltr'><strong>per-</strong></span> 
     </span>
    </p>
   </div>
   <div class='ocr_carea' id='block_1_9' title="bbox 397 764 1972 836">
    <p class='ocr_par' dir='ltr' id='par_1_9' title="bbox 397 764 1972 836">
     <span class='ocr_line' id='line_1_9' title="bbox 397 764 1972 836; baseline 0.001 -18"><span class='ocrx_word' id='word_1_42' title='bbox 397 765 510 819; x_wconf 85' lang='lat' dir='ltr'><strong>dite</strong></span> <span class='ocrx_word' id='word_1_43' title='bbox 547 775 753 820; x_wconf 86' lang='lat' dir='ltr'><strong>amant.</strong></span> <span class='ocrx_word' id='word_1_44' title='bbox 791 765 1056 820; x_wconf 89' lang='lat' dir='ltr'><strong>Desiderii</strong></span> <span class='ocrx_word' id='word_1_45' title='bbox 1095 764 1244 819; x_wconf 77' lang='lat' dir='ltr'><strong>enim</strong></span> <span class='ocrx_word' id='word_1_46' title='bbox 1280 764 1414 836; x_wconf 78' lang='lat' dir='ltr'><strong>ipsis</strong></span> <span class='ocrx_word' id='word_1_47' title='bbox 1445 766 1796 820; x_wconf 79' lang='lat' dir='ltr'><strong>succenditur</strong></span> <span class='ocrx_word' id='word_1_48' title='bbox 1823 765 1972 820; x_wconf 82' lang='lat' dir='ltr'><strong>flam-</strong></span> 
     </span>
    </p>
   </div>
   <div class='ocr_carea' id='block_1_10' title="bbox 399 855 1970 927">
    <p class='ocr_par' dir='ltr' id='par_1_10' title="bbox 399 855 1970 927">
     <span class='ocr_line' id='line_1_10' title="bbox 399 855 1970 927; baseline 0.002 -18"><span class='ocrx_word' id='word_1_49' title='bbox 399 872 508 922; x_wconf 69' lang='lat' dir='ltr'><strong>ma,</strong></span> <span class='ocrx_word' id='word_1_50' title='bbox 547 873 658 911; x_wconf 93' lang='lat' dir='ltr'><strong>non</strong></span> <span class='ocrx_word' id='word_1_51' title='bbox 694 856 1062 927; x_wconf 78' lang='lat' dir='ltr'><strong>exstinguitur</strong></span> <span class='ocrx_word' id='word_1_52' title='bbox 1096 871 1246 922; x_wconf 86' lang='lat' dir='ltr'><strong>vero,</strong></span> <span class='ocrx_word' id='word_1_53' title='bbox 1276 855 1545 924; x_wconf 81' lang='lat' dir='ltr'><strong>siquidem</strong></span> <span class='ocrx_word' id='word_1_54' title='bbox 1577 869 1664 920; x_wconf 87' lang='lat' dir='ltr'><strong>eo,</strong></span> <span class='ocrx_word' id='word_1_55' title='bbox 1703 858 1845 925; x_wconf 90' lang='lat' dir='ltr'><strong>quod</strong></span> <span class='ocrx_word' id='word_1_56' title='bbox 1872 858 1970 912; x_wconf 88' lang='lat' dir='ltr'><strong>de-</strong></span> 
     </span>
    </p>
   </div>
   <div class='ocr_carea' id='block_1_11' title="bbox 397 947 1970 1016">
    <p class='ocr_par' dir='ltr' id='par_1_11' title="bbox 397 947 1970 1016">
     <span class='ocr_line' id='line_1_11' title="bbox 397 947 1970 1016; baseline 0.003 -15"><span class='ocrx_word' id='word_1_57' title='bbox 397 949 662 1012; x_wconf 82' lang='lat' dir='ltr'><strong>siderant,</strong></span> <span class='ocrx_word' id='word_1_58' title='bbox 693 949 930 1002; x_wconf 81' lang='lat' dir='ltr'><strong>maxime</strong></span> <span class='ocrx_word' id='word_1_59' title='bbox 997 947 1104 1002; x_wconf 84' lang='lat' dir='ltr'><strong>frui</strong></span> <span class='ocrx_word' id='word_1_60' title='bbox 1167 963 1278 1003; x_wconf 90' lang='lat' dir='ltr'><strong>non</strong></span> <span class='ocrx_word' id='word_1_61' title='bbox 1338 955 1730 1016; x_wconf 84' lang='lat' dir='ltr'><strong>assequuntur.</strong></span> <span class='ocrx_word' id='word_1_62' title='bbox 1767 947 1833 1004; x_wconf 87' lang='lat' dir='ltr'><strong>Et</strong></span> <span class='ocrx_word' id='word_1_63' title='bbox 1868 949 1970 1006; x_wconf 85' lang='lat' dir='ltr'><strong>hoc</strong></span> 
     </span>
    </p>
   </div>
   <div class='ocr_carea' id='block_1_12' title="bbox 397 1037 1969 1109">
    <p class='ocr_par' dir='ltr' id='par_1_12' title="bbox 397 1037 1969 1109">
     <span class='ocr_line' id='line_1_12' title="bbox 397 1037 1969 1109; baseline -0.001 -14"><span class='ocrx_word' id='word_1_64' title='bbox 397 1047 501 1104; x_wconf 86' lang='lat' dir='ltr'><strong>est,</strong></span> <span class='ocrx_word' id='word_1_65' title='bbox 529 1039 671 1109; x_wconf 89' lang='lat' dir='ltr'><strong>quod</strong></span> <span class='ocrx_word' id='word_1_66' title='bbox 715 1049 902 1093; x_wconf 88' lang='lat' dir='ltr'><strong>sancta</strong></span> <span class='ocrx_word' id='word_1_67' title='bbox 939 1038 1221 1108; x_wconf 76' lang='lat' dir='ltr'><strong>Scriptura</strong></span> <span class='ocrx_word' id='word_1_68' title='bbox 1255 1037 1502 1092; x_wconf 86' lang='lat' dir='ltr'><strong>divinum</strong></span> <span class='ocrx_word' id='word_1_69' title='bbox 1545 1038 1696 1093; x_wconf 90' lang='lat' dir='ltr'><strong>illum</strong></span> <span class='ocrx_word' id='word_1_70' title='bbox 1729 1054 1969 1096; x_wconf 88' lang='lat' dir='ltr'><strong>amorem</strong></span> 
     </span>
    </p>
   </div>
   <div class='ocr_carea' id='block_1_13' title="bbox 399 1131 1974 1197">
    <p class='ocr_par' dir='ltr' id='par_1_13' title="bbox 399 1131 1974 1197">
     <span class='ocr_line' id='line_1_13' title="bbox 399 1131 1974 1197; baseline -0.001 -10"><span class='ocrx_word' id='word_1_71' title='bbox 399 1132 675 1187; x_wconf 74' lang='lat' dir='ltr'><strong>exhibens</strong></span> <span class='ocrx_word' id='word_1_72' title='bbox 713 1131 882 1186; x_wconf 88' lang='lat' dir='ltr'><strong>dicit:</strong></span> <span class='ocrx_word' id='word_1_73' title='bbox 921 1148 939 1180; x_wconf 81' lang='grc' dir='ltr'><strong>ι</strong></span> <span class='ocrx_word' id='word_1_74' title='bbox 974 1131 1074 1196; x_wconf 88' lang='lat' dir='ltr'><strong>Qui</strong></span> <span class='ocrx_word' id='word_1_75' title='bbox 1105 1131 1437 1184; x_wconf 83' lang='lat' dir='ltr'><strong>manducant</strong></span> <span class='ocrx_word' id='word_1_76' title='bbox 1462 1146 1570 1194; x_wconf 88' lang='lat' dir='ltr'><strong>me,</strong></span> <span class='ocrx_word' id='word_1_77' title='bbox 1599 1132 1868 1197; x_wconf 88' lang='lat' dir='ltr'><strong>esurient,</strong></span> <span class='ocrx_word' id='word_1_78' title='bbox 1917 1140 1974 1186; x_wconf 88' lang='lat' dir='ltr'><strong>et</strong></span> 
     </span>
    </p>
   </div>
   <div class='ocr_carea' id='block_1_14' title="bbox 402 1221 1975 1295">
    <p class='ocr_par' dir='ltr' id='par_1_14' title="bbox 402 1221 1975 1295">
     <span class='ocr_line' id='line_1_14' title="bbox 402 1221 1975 1295; baseline -0.001 -17"><span class='ocrx_word' id='word_1_79' title='bbox 402 1226 493 1295; x_wconf 78' lang='grc' dir='ltr'><strong>(ιιιί</strong></span> <span class='ocrx_word' id='word_1_80' title='bbox 536 1225 729 1279; x_wconf 86' lang='lat' dir='ltr'><strong>bibunt</strong></span> <span class='ocrx_word' id='word_1_81' title='bbox 757 1237 868 1285; x_wconf 90' lang='lat' dir='ltr'><strong>mc,</strong></span> <span class='ocrx_word' id='word_1_82' title='bbox 903 1222 1110 1276; x_wconf 82' lang='lat' dir='ltr'><strong>sitient.</strong></span> <span class='ocrx_word' id='word_1_83' title='bbox 1147 1240 1164 1272; x_wconf 78' lang='grc' dir='ltr'><strong>ι</strong></span> <span class='ocrx_word' id='word_1_84' title='bbox 1196 1221 1321 1276; x_wconf 68' lang='lat' dir='ltr'><strong>Haec</strong></span> <span class='ocrx_word' id='word_1_85' title='bbox 1354 1223 1522 1292; x_wconf 80' lang='lat' dir='ltr'><strong>igitur</strong></span> <span class='ocrx_word' id='word_1_86' title='bbox 1551 1235 1864 1278; x_wconf 85' lang='lat' dir='ltr'><strong>sanctorum</strong></span> <span class='ocrx_word' id='word_1_87' title='bbox 1886 1231 1975 1277; x_wconf 82' lang='lat' dir='ltr'><strong>est</strong></span> 
     </span>
    </p>
   </div>
   <div class='ocr_carea' id='block_1_15' title="bbox 403 1313 1968 1386">
    <p class='ocr_par' dir='ltr' id='par_1_15' title="bbox 403 1313 1968 1386">
     <span class='ocr_line' id='line_1_15' title="bbox 403 1313 1968 1386; baseline -0.003 -14"><span class='ocrx_word' id='word_1_88' title='bbox 403 1319 476 1374; x_wconf 89' lang='lat' dir='ltr'><strong>ibi</strong></span> <span class='ocrx_word' id='word_1_89' title='bbox 530 1315 793 1372; x_wconf 79' lang='lat' dir='ltr'><strong>conditio.</strong></span> <span class='ocrx_word' id='word_1_90' title='bbox 832 1313 959 1368; x_wconf 82' lang='lat' dir='ltr'><strong>Inde</strong></span> <span class='ocrx_word' id='word_1_91' title='bbox 1007 1313 1284 1383; x_wconf 84' lang='lat' dir='ltr'><strong>profectus</strong></span> <span class='ocrx_word' id='word_1_92' title='bbox 1311 1314 1472 1385; x_wconf 87' lang='lat' dir='ltr'><strong>justis</strong></span> <span class='ocrx_word' id='word_1_93' title='bbox 1505 1315 1968 1386; x_wconf 81' lang='lat' dir='ltr'><strong>superadjicitur:</strong></span> 
     </span>
    </p>
   </div>
   <div class='ocr_carea' id='block_1_16' title="bbox 404 1405 1973 1476">
    <p class='ocr_par' dir='ltr' id='par_1_16' title="bbox 404 1405 1973 1476">
     <span class='ocr_line' id='line_1_16' title="bbox 404 1405 1973 1476; baseline -0.001 -16"><span class='ocrx_word' id='word_1_94' title='bbox 404 1410 529 1462; x_wconf 90' lang='lat' dir='ltr'><strong>inde</strong></span> <span class='ocrx_word' id='word_1_95' title='bbox 563 1407 790 1460; x_wconf 88' lang='lat' dir='ltr'><strong>scientia</strong></span> <span class='ocrx_word' id='word_1_96' title='bbox 828 1407 961 1474; x_wconf 90' lang='lat' dir='ltr'><strong>ipsis</strong></span> <span class='ocrx_word' id='word_1_97' title='bbox 986 1405 1362 1474; x_wconf 81' lang='lat' dir='ltr'><strong>multipliciter</strong></span> <span class='ocrx_word' id='word_1_98' title='bbox 1388 1416 1820 1476; x_wconf 54' lang='lat' dir='ltr'><strong>superaugetut;</strong></span> <span class='ocrx_word' id='word_1_99' title='bbox 1849 1406 1973 1459; x_wconf 87' lang='lat' dir='ltr'><strong>inde</strong></span> 
     </span>
    </p>
   </div>
   <div class='ocr_carea' id='block_1_17' title="bbox 398 1495 1974 1568">
    <p class='ocr_par' dir='ltr' id='par_1_17' title="bbox 398 1495 1974 1568">
     <span class='ocr_line' id='line_1_17' title="bbox 398 1495 1974 1568; baseline 0 -19"><span class='ocrx_word' id='word_1_100' title='bbox 398 1498 672 1564; x_wconf 73' lang='lat' dir='ltr'><strong>iustorum</strong></span> <span class='ocrx_word' id='word_1_101' title='bbox 717 1495 888 1568; x_wconf 79' lang='lat' dir='ltr'><strong>gloria</strong></span> <span class='ocrx_word' id='word_1_102' title='bbox 939 1495 1292 1564; x_wconf 83' lang='lat' dir='ltr'><strong>multiplicari</strong></span> <span class='ocrx_word' id='word_1_103' title='bbox 1337 1499 1643 1552; x_wconf 74' lang='lat' dir='ltr'><strong>consuevit.</strong></span> <span class='ocrx_word' id='word_1_104' title='bbox 1695 1498 1805 1551; x_wconf 83' lang='lat' dir='ltr'><strong>Cur</strong></span> <span class='ocrx_word' id='word_1_105' title='bbox 1843 1511 1974 1550; x_wconf 83' lang='lat' dir='ltr'><strong>vero</strong></span> 
     </span>
    </p>
   </div>
   <div class='ocr_carea' id='block_1_18' title="bbox 405 1587 1976 1660">
    <p class='ocr_par' dir='ltr' id='par_1_18' title="bbox 405 1587 1976 1660">
     <span class='ocr_line' id='line_1_18' title="bbox 405 1587 1976 1660; baseline 0.001 -19"><span class='ocrx_word' id='word_1_106' title='bbox 405 1587 552 1641; x_wconf 73' lang='lat' dir='ltr'><strong>lne&#39;c?</strong></span> <span class='ocrx_word' id='word_1_107' title='bbox 601 1599 654 1640; x_wconf 90' lang='lat' dir='ltr'><strong>et</strong></span> <span class='ocrx_word' id='word_1_108' title='bbox 708 1592 863 1656; x_wconf 89' lang='lat' dir='ltr'><strong>cujus</strong></span> <span class='ocrx_word' id='word_1_109' title='bbox 925 1587 1004 1640; x_wconf 83' lang='lat' dir='ltr'><strong>rei</strong></span> <span class='ocrx_word' id='word_1_110' title='bbox 1058 1595 1230 1658; x_wconf 74' lang='lat' dir='ltr'><strong>gratia</strong></span> <span class='ocrx_word' id='word_1_111' title='bbox 1291 1605 1570 1658; x_wconf 87' lang='lat' dir='ltr'><strong>nunquam</strong></span> <span class='ocrx_word' id='word_1_112' title='bbox 1627 1589 1976 1660; x_wconf 77' lang='lat' dir='ltr'><strong>proficientes</strong></span> 
     </span>
    </p>
   </div>
   <div class='ocr_carea' id='block_1_19' title="bbox 403 1675 1977 1746">
    <p class='ocr_par' dir='ltr' id='par_1_19' title="bbox 403 1675 1977 1746">
     <span class='ocr_line' id='line_1_19' title="bbox 403 1675 1977 1746; baseline -0.001 -17"><span class='ocrx_word' id='word_1_113' title='bbox 403 1677 610 1730; x_wconf 88' lang='lat' dir='ltr'><strong>stant?</strong></span> <span class='ocrx_word' id='word_1_114' title='bbox 649 1676 783 1743; x_wconf 88' lang='lat' dir='ltr'><strong>Quia</strong></span> <span class='ocrx_word' id='word_1_115' title='bbox 838 1675 988 1729; x_wconf 90' lang='lat' dir='ltr'><strong>illum</strong></span> <span class='ocrx_word' id='word_1_116' title='bbox 1020 1715 1035 1740; x_wconf 85' lang='lat'><strong>,</strong></span> <span class='ocrx_word' id='word_1_117' title='bbox 1092 1676 1184 1744; x_wconf 83' lang='lat' dir='ltr'><strong>qui</strong></span> <span class='ocrx_word' id='word_1_118' title='bbox 1236 1677 1522 1746; x_wconf 84' lang='lat' dir='ltr'><strong>superﬂuit</strong></span> <span class='ocrx_word' id='word_1_119' title='bbox 1563 1687 1617 1731; x_wconf 91' lang='lat' dir='ltr'><strong>et</strong></span> <span class='ocrx_word' id='word_1_120' title='bbox 1674 1676 1977 1746; x_wconf 87' lang='lat' dir='ltr'><strong>incompre-</strong></span> 
     </span>
    </p>
   </div>
   <div class='ocr_carea' id='block_1_20' title="bbox 2071 494 3656 570">
    <p class='ocr_par' dir='ltr' id='par_1_20' title="bbox 2071 494 3656 570">
     <span class='ocr_line' id='line_1_20' title="bbox 2071 494 3656 570; baseline -0.008 -15"><span class='ocrx_word' id='word_1_121' title='bbox 2071 499 2227 564; x_wconf 78' lang='grc' dir='ltr'><strong>αὖθις</strong></span> <span class='ocrx_word' id='word_1_122' title='bbox 2252 499 2512 570; x_wconf 81' lang='grc' dir='ltr'><strong>διψῶντες</strong></span> <span class='ocrx_word' id='word_1_123' title='bbox 2557 498 2922 569; x_wconf 76' lang='grc' dir='ltr'><strong>εὑρίσκονται.</strong></span> <span class='ocrx_word' id='word_1_124' title='bbox 2980 498 3093 552; x_wconf 78' lang='grc' dir='ltr'><strong>Καὶ</strong></span> <span class='ocrx_word' id='word_1_125' title='bbox 3135 495 3347 550; x_wconf 78' lang='grc' dir='ltr'><strong>τοιοῦτο</strong></span> <span class='ocrx_word' id='word_1_126' title='bbox 3401 494 3656 560; x_wconf 74' lang='grc' dir='ltr'><strong>πάσχειν</strong></span> 
     </span>
    </p>
   </div>
   <div class='ocr_carea' id='block_1_21' title="bbox 2070 587 3659 662">
    <p class='ocr_par' dir='ltr' id='par_1_21' title="bbox 2070 587 3659 662">
     <span class='ocr_line' id='line_1_21' title="bbox 2070 587 3659 662; baseline -0.004 -18"><span class='ocrx_word' id='word_1_127' title='bbox 2070 591 2314 645; x_wconf 68' lang='grc' dir='ltr'><strong>ἐοίκασιν</strong></span> <span class='ocrx_word' id='word_1_128' title='bbox 2338 593 2528 646; x_wconf 73' lang='grc' dir='ltr'><strong>ὁποῖον</strong></span> <span class='ocrx_word' id='word_1_129' title='bbox 2565 590 2616 646; x_wconf 79' lang='grc' dir='ltr'><strong>σῖ</strong></span> <span class='ocrx_word' id='word_1_130' title='bbox 2637 591 2773 662; x_wconf 79' lang='grc' dir='ltr'><strong>πρός</strong></span> <span class='ocrx_word' id='word_1_131' title='bbox 2792 607 2846 644; x_wconf 91' lang='grc' dir='ltr'><strong>τι</strong></span> <span class='ocrx_word' id='word_1_132' title='bbox 2879 589 2988 642; x_wconf 83' lang='grc' dir='ltr'><strong>τῶν</strong></span> <span class='ocrx_word' id='word_1_133' title='bbox 3007 589 3176 642; x_wconf 73' lang='grc' dir='ltr'><strong>ὄντων</strong></span> <span class='ocrx_word' id='word_1_134' title='bbox 3199 587 3488 658; x_wconf 66' lang='grc' dir='ltr'><strong>ἐρωτικῶς</strong></span> <span class='ocrx_word' id='word_1_135' title='bbox 3531 588 3659 639; x_wconf 81' lang='grc' dir='ltr'><strong>δια-</strong></span> 
     </span>
    </p>
   </div>
   <div class='ocr_carea' id='block_1_22' title="bbox 2073 675 3658 752">
    <p class='ocr_par' dir='ltr' id='par_1_22' title="bbox 2073 675 3658 752">
     <span class='ocr_line' id='line_1_22' title="bbox 2073 675 3658 752; baseline -0.005 -16"><span class='ocrx_word' id='word_1_136' title='bbox 2073 682 2338 752; x_wconf 74' lang='grc' dir='ltr'><strong>κείμενοι·</strong></span> <span class='ocrx_word' id='word_1_137' title='bbox 2365 681 2532 736; x_wconf 82' lang='grc' dir='ltr'><strong>πόθου</strong></span> <span class='ocrx_word' id='word_1_138' title='bbox 2559 682 2659 752; x_wconf 73' lang='grc' dir='ltr'><strong>μὲν</strong></span> <span class='ocrx_word' id='word_1_139' title='bbox 2687 681 2794 750; x_wconf 88' lang='grc' dir='ltr'><strong>γάρ</strong></span> <span class='ocrx_word' id='word_1_140' title='bbox 2819 679 3002 742; x_wconf 79' lang='grc' dir='ltr'><strong>αὐτοῖς</strong></span> <span class='ocrx_word' id='word_1_141' title='bbox 3051 678 3439 732; x_wconf 81' lang='grc' dir='ltr'><strong>ὐπανάπτεται</strong></span> <span class='ocrx_word' id='word_1_142' title='bbox 3491 675 3658 744; x_wconf 67' lang='grc' dir='ltr'><strong>φλόξ·</strong></span> 
     </span>
    </p>
   </div>
   <div class='ocr_carea' id='block_1_23' title="bbox 2073 768 3660 839">
    <p class='ocr_par' dir='ltr' id='par_1_23' title="bbox 2073 768 3660 839">
     <span class='ocr_line' id='line_1_23' title="bbox 2073 768 3660 839; baseline -0.006 -12"><span class='ocrx_word' id='word_1_143' title='bbox 2073 774 2136 828; x_wconf 83' lang='grc' dir='ltr'><strong>οὐ</strong></span> <span class='ocrx_word' id='word_1_144' title='bbox 2162 773 2446 827; x_wconf 70' lang='grc' dir='ltr'><strong>σϐέννυται</strong></span> <span class='ocrx_word' id='word_1_145' title='bbox 2468 771 2547 835; x_wconf 66' lang='grc' dir='ltr'><strong>δὲ,</strong></span> <span class='ocrx_word' id='word_1_146' title='bbox 2587 773 2701 838; x_wconf 85' lang='grc' dir='ltr'><strong>εῐγε</strong></span> <span class='ocrx_word' id='word_1_147' title='bbox 2739 769 2833 824; x_wconf 84' lang='grc' dir='ltr'><strong>τοῦ</strong></span> <span class='ocrx_word' id='word_1_148' title='bbox 2865 769 3202 839; x_wconf 64' lang='grc' dir='ltr'><strong>ποθουμένου</strong></span> <span class='ocrx_word' id='word_1_149' title='bbox 3255 770 3348 822; x_wconf 73' lang='grc' dir='ltr'><strong>καὶ</strong></span> <span class='ocrx_word' id='word_1_150' title='bbox 3399 768 3660 837; x_wconf 76' lang='grc' dir='ltr'><strong>μάλιστα</strong></span> 
     </span>
    </p>
   </div>
   <div class='ocr_carea' id='block_1_24' title="bbox 2074 859 3658 931">
    <p class='ocr_par' dir='ltr' id='par_1_24' title="bbox 2074 859 3658 931">
     <span class='ocr_line' id='line_1_24' title="bbox 2074 859 3658 931; baseline -0.006 -11"><span class='ocrx_word' id='word_1_151' title='bbox 2074 863 2485 920; x_wconf 83' lang='grc' dir='ltr'><strong>κατάπολαῦσαι</strong></span> <span class='ocrx_word' id='word_1_152' title='bbox 2511 863 2573 916; x_wconf 83' lang='grc' dir='ltr'><strong>οὐ</strong></span> <span class='ocrx_word' id='word_1_153' title='bbox 2597 863 2886 931; x_wconf 70' lang='grc' dir='ltr'><strong>φθάσουσι.</strong></span> <span class='ocrx_word' id='word_1_154' title='bbox 2941 862 3052 916; x_wconf 76' lang='grc' dir='ltr'><strong>Καὶ</strong></span> <span class='ocrx_word' id='word_1_155' title='bbox 3092 859 3249 913; x_wconf 77' lang='grc' dir='ltr'><strong>τοῦτο</strong></span> <span class='ocrx_word' id='word_1_156' title='bbox 3280 861 3431 912; x_wconf 76' lang='grc' dir='ltr'><strong>ἐστιν</strong></span> <span class='ocrx_word' id='word_1_157' title='bbox 3505 859 3658 925; x_wconf 77' lang='grc' dir='ltr'><strong>ὅπερ</strong></span> 
     </span>
    </p>
   </div>
   <div class='ocr_carea' id='block_1_25' title="bbox 2074 949 3661 1030">
    <p class='ocr_par' dir='ltr' id='par_1_25' title="bbox 2074 949 3661 1030">
     <span class='ocr_line' id='line_1_25' title="bbox 2074 949 3661 1030; baseline -0.004 -18"><span class='ocrx_word' id='word_1_158' title='bbox 2074 961 2108 1030; x_wconf 79' lang='grc' dir='ltr'>ἠ</span> <span class='ocrx_word' id='word_1_159' title='bbox 2140 959 2268 1026; x_wconf 83' lang='grc' dir='ltr'><strong>ἀγῖα</strong></span> <span class='ocrx_word' id='word_1_160' title='bbox 2295 956 2484 1028; x_wconf 84' lang='grc' dir='ltr'><strong>Γραφὴ</strong></span> <span class='ocrx_word' id='word_1_161' title='bbox 2513 957 2603 1009; x_wconf 71' lang='grc' dir='ltr'><strong>τον</strong></span> <span class='ocrx_word' id='word_1_162' title='bbox 2651 956 2793 1009; x_wconf 90' lang='grc' dir='ltr'><strong>θεῖον</strong></span> <span class='ocrx_word' id='word_1_163' title='bbox 2836 955 3044 1008; x_wconf 71' lang='grc' dir='ltr'><strong>ἐκεῖνον</strong></span> <span class='ocrx_word' id='word_1_164' title='bbox 3086 953 3265 1023; x_wconf 71' lang='grc' dir='ltr'><strong>ἔρωτα</strong></span> <span class='ocrx_word' id='word_1_165' title='bbox 3306 949 3661 1021; x_wconf 74' lang='grc' dir='ltr'><strong>παριστῶσά</strong></span> 
     </span>
    </p>
   </div>
   <div class='ocr_carea' id='block_1_26' title="bbox 2074 1043 3663 1117">
    <p class='ocr_par' dir='ltr' id='par_1_26' title="bbox 2074 1043 3663 1117">
     <span class='ocr_line' id='line_1_26' title="bbox 2074 1043 3663 1117; baseline -0.003 -16"><span class='ocrx_word' id='word_1_166' title='bbox 2074 1063 2259 1117; x_wconf 80' lang='grc' dir='ltr'><strong>φησιν·</strong></span> <span class='ocrx_word' id='word_1_167' title='bbox 2293 1065 2312 1098; x_wconf 80' lang='grc' dir='ltr'><strong>ι</strong></span> <span class='ocrx_word' id='word_1_168' title='bbox 2341 1048 2403 1100; x_wconf 84' lang='lat' dir='ltr'><strong>Ol</strong></span> <span class='ocrx_word' id='word_1_169' title='bbox 2428 1043 2736 1114; x_wconf 70' lang='grc' dir='ltr'><strong>τρώγοντες</strong></span> <span class='ocrx_word' id='word_1_170' title='bbox 2764 1062 2832 1114; x_wconf 89' lang='grc' dir='ltr'><strong>με</strong></span> <span class='ocrx_word' id='word_1_171' title='bbox 2865 1044 3204 1109; x_wconf 84' lang='grc' dir='ltr'><strong>πεινάσουσι,</strong></span> <span class='ocrx_word' id='word_1_172' title='bbox 3225 1045 3316 1096; x_wconf 79' lang='grc' dir='ltr'><strong>καὶ</strong></span> <span class='ocrx_word' id='word_1_173' title='bbox 3375 1046 3423 1096; x_wconf 80' lang='grc' dir='ltr'><strong>οῖ</strong></span> <span class='ocrx_word' id='word_1_174' title='bbox 3463 1043 3663 1096; x_wconf 63' lang='lat' dir='ltr'><strong>stivav-</strong></span> 
     </span>
    </p>
   </div>
   <div class='ocr_carea' id='block_1_27' title="bbox 2072 1135 3663 1210">
    <p class='ocr_par' dir='ltr' id='par_1_27' title="bbox 2072 1135 3663 1210">
     <span class='ocr_line' id='line_1_27' title="bbox 2072 1135 3663 1210; baseline -0.006 -15"><span class='ocrx_word' id='word_1_175' title='bbox 2072 1157 2163 1204; x_wconf 87' lang='grc' dir='ltr'><strong>τες</strong></span> <span class='ocrx_word' id='word_1_176' title='bbox 2184 1157 2252 1209; x_wconf 85' lang='grc' dir='ltr'><strong>με</strong></span> <span class='ocrx_word' id='word_1_177' title='bbox 2271 1139 2612 1210; x_wconf 73' lang='grc' dir='ltr'><strong>διψήσουσιν.</strong></span> <span class='ocrx_word' id='word_1_178' title='bbox 2630 1157 2648 1190; x_wconf 82' lang='grc' dir='ltr'><strong>ι</strong></span> <span class='ocrx_word' id='word_1_179' title='bbox 2683 1137 2829 1207; x_wconf 68' lang='grc' dir='ltr'><strong>Αὕτη</strong></span> <span class='ocrx_word' id='word_1_180' title='bbox 2857 1137 2956 1207; x_wconf 84' lang='grc' dir='ltr'><strong>μὲν</strong></span> <span class='ocrx_word' id='word_1_181' title='bbox 2983 1135 3123 1205; x_wconf 73' lang='grc' dir='ltr'><strong>οὖνὴ</strong></span> <span class='ocrx_word' id='word_1_182' title='bbox 3149 1139 3298 1207; x_wconf 73' lang='grc' dir='ltr'><strong>παρὰ</strong></span> <span class='ocrx_word' id='word_1_183' title='bbox 3323 1138 3434 1199; x_wconf 84' lang='grc' dir='ltr'><strong>τοῖς</strong></span> <span class='ocrx_word' id='word_1_184' title='bbox 3469 1136 3663 1203; x_wconf 79' lang='grc' dir='ltr'><strong>ἁγίοις</strong></span> 
     </span>
    </p>
   </div>
   <div class='ocr_carea' id='block_1_28' title="bbox 2077 1227 3662 1300">
    <p class='ocr_par' dir='ltr' id='par_1_28' title="bbox 2077 1227 3662 1300">
     <span class='ocr_line' id='line_1_28' title="bbox 2077 1227 3662 1300; baseline -0.006 -13"><span class='ocrx_word' id='word_1_185' title='bbox 2077 1235 2256 1287; x_wconf 67' lang='grc' dir='ltr'><strong>ἐκεῖσε</strong></span> <span class='ocrx_word' id='word_1_186' title='bbox 2275 1235 2629 1294; x_wconf 77' lang='grc' dir='ltr'><strong>κατάστασιςο</strong></span> <span class='ocrx_word' id='word_1_187' title='bbox 2657 1231 2906 1285; x_wconf 71' lang='grc' dir='ltr'><strong>ἐντεῦθεν</strong></span> <span class='ocrx_word' id='word_1_188' title='bbox 2925 1231 2957 1300; x_wconf 78' lang='grc' dir='ltr'><strong>ἡ</strong></span> <span class='ocrx_word' id='word_1_189' title='bbox 3000 1227 3249 1299; x_wconf 80' lang='grc' dir='ltr'><strong>προκοπὴ</strong></span> <span class='ocrx_word' id='word_1_190' title='bbox 3269 1231 3381 1290; x_wconf 74' lang='grc' dir='ltr'><strong>τοῖς</strong></span> <span class='ocrx_word' id='word_1_191' title='bbox 3406 1228 3662 1288; x_wconf 74' lang='grc' dir='ltr'><strong>δικαίοις</strong></span> 
     </span>
    </p>
   </div>
   <div class='ocr_carea' id='block_1_29' title="bbox 2076 1318 3665 1394">
    <p class='ocr_par' dir='ltr' id='par_1_29' title="bbox 2076 1318 3665 1394">
     <span class='ocr_line' id='line_1_29' title="bbox 2076 1318 3665 1394; baseline -0.008 -16"><span class='ocrx_word' id='word_1_192' title='bbox 2076 1324 2542 1394; x_wconf 85' lang='grc' dir='ltr'><strong>προσεπιγίνεται,</strong></span> <span class='ocrx_word' id='word_1_193' title='bbox 2571 1319 2822 1374; x_wconf 71' lang='grc' dir='ltr'><strong>ἐντεῦθεν</strong></span> <span class='ocrx_word' id='word_1_194' title='bbox 2868 1321 2911 1389; x_wconf 47' lang='grc' dir='ltr'><strong>ἠέ</strong></span> <span class='ocrx_word' id='word_1_195' title='bbox 2933 1319 3131 1388; x_wconf 80' lang='grc' dir='ltr'><strong>γνῶσις</strong></span> <span class='ocrx_word' id='word_1_196' title='bbox 3176 1318 3358 1381; x_wconf 80' lang='grc' dir='ltr'><strong>αὐτοῖς</strong></span> <span class='ocrx_word' id='word_1_197' title='bbox 3386 1320 3470 1380; x_wconf 74' lang='grc' dir='ltr'><strong>εἰς</strong></span> <span class='ocrx_word' id='word_1_198' title='bbox 3519 1318 3665 1385; x_wconf 59' lang='lat' dir='ltr'><strong>alii.</strong></span> 
     </span>
    </p>
   </div>
   <div class='ocr_carea' id='block_1_30' title="bbox 2078 1408 3664 1480">
    <p class='ocr_par' dir='ltr' id='par_1_30' title="bbox 2078 1408 3664 1480">
     <span class='ocr_line' id='line_1_30' title="bbox 2078 1408 3664 1480; baseline -0.004 -13"><span class='ocrx_word' id='word_1_199' title='bbox 2078 1415 2167 1478; x_wconf 89' lang='grc' dir='ltr'><strong>θος</strong></span> <span class='ocrx_word' id='word_1_200' title='bbox 2195 1412 2513 1478; x_wconf 67' lang='grc' dir='ltr'><strong>ἐπαύξεται,</strong></span> <span class='ocrx_word' id='word_1_201' title='bbox 2547 1410 2805 1464; x_wconf 76' lang='grc' dir='ltr'><strong>ἐντεῦθεν</strong></span> <span class='ocrx_word' id='word_1_202' title='bbox 2829 1411 2863 1480; x_wconf 82' lang='grc' dir='ltr'><strong>ἡ</strong></span> <span class='ocrx_word' id='word_1_203' title='bbox 2893 1411 3002 1463; x_wconf 83' lang='grc' dir='ltr'><strong>τῶν</strong></span> <span class='ocrx_word' id='word_1_204' title='bbox 3039 1409 3269 1462; x_wconf 72' lang='grc' dir='ltr'><strong>δικαίων</strong></span> <span class='ocrx_word' id='word_1_205' title='bbox 3294 1409 3421 1472; x_wconf 78' lang='grc' dir='ltr'><strong>δόξα</strong></span> <span class='ocrx_word' id='word_1_206' title='bbox 3481 1408 3664 1461; x_wconf 76' lang='grc' dir='ltr'><strong>πολυ-</strong></span> 
     </span>
    </p>
   </div>
   <div class='ocr_carea' id='block_1_31' title="bbox 2078 1502 3661 1570">
    <p class='ocr_par' dir='ltr' id='par_1_31' title="bbox 2078 1502 3661 1570">
     <span class='ocr_line' id='line_1_31' title="bbox 2078 1502 3661 1570; baseline -0.006 -8"><span class='ocrx_word' id='word_1_207' title='bbox 2078 1506 2472 1570; x_wconf 76' lang='grc' dir='ltr'><strong>πλασιάζεσθαι</strong></span> <span class='ocrx_word' id='word_1_208' title='bbox 2494 1504 2672 1558; x_wconf 81' lang='grc' dir='ltr'><strong>εἴωθε.</strong></span> <span class='ocrx_word' id='word_1_209' title='bbox 2701 1503 2797 1559; x_wconf 85' lang='grc' dir='ltr'><strong>Διὰ</strong></span> <span class='ocrx_word' id='word_1_210' title='bbox 2823 1503 2955 1556; x_wconf 80' lang='grc' dir='ltr'><strong>τίδὲ</strong></span> <span class='ocrx_word' id='word_1_211' title='bbox 2979 1502 3186 1567; x_wconf 61' lang='lat' dir='ltr'><strong>causa;</strong></span> <span class='ocrx_word' id='word_1_212' title='bbox 3227 1503 3318 1555; x_wconf 82' lang='grc' dir='ltr'><strong>καὶ</strong></span> <span class='ocrx_word' id='word_1_213' title='bbox 3349 1503 3506 1564; x_wconf 81' lang='grc' dir='ltr'><strong>τινος</strong></span> <span class='ocrx_word' id='word_1_214' title='bbox 3538 1502 3661 1553; x_wconf 69' lang='lat' dir='ltr'><strong>Evs-</strong></span> 
     </span>
    </p>
   </div>
   <div class='ocr_carea' id='block_1_32' title="bbox 2079 1593 3662 1666">
    <p class='ocr_par' dir='ltr' id='par_1_32' title="bbox 2079 1593 3662 1666">
     <span class='ocr_line' id='line_1_32' title="bbox 2079 1593 3662 1666; baseline -0.006 -13"><span class='ocrx_word' id='word_1_215' title='bbox 2079 1617 2172 1653; x_wconf 89' lang='grc' dir='ltr'><strong>κεν</strong></span> <span class='ocrx_word' id='word_1_216' title='bbox 2224 1598 2482 1652; x_wconf 81' lang='grc' dir='ltr'><strong>οὐδέποτε</strong></span> <span class='ocrx_word' id='word_1_217' title='bbox 2552 1598 2952 1666; x_wconf 82' lang='grc' dir='ltr'><strong>προκόπτοντες</strong></span> <span class='ocrx_word' id='word_1_218' title='bbox 3022 1595 3304 1659; x_wconf 72' lang='grc' dir='ltr'><strong>ἵσταν-ταις</strong></span> <span class='ocrx_word' id='word_1_219' title='bbox 3367 1595 3501 1647; x_wconf 83' lang='grc' dir='ltr'><strong>Ὅτι</strong></span> <span class='ocrx_word' id='word_1_220' title='bbox 3567 1593 3662 1645; x_wconf 59' lang='grc' dir='ltr'><strong>τὸν</strong></span> 
     </span>
    </p>
   </div>
   <div class='ocr_carea' id='block_1_33' title="bbox 2081 1684 3665 1762">
    <p class='ocr_par' dir='ltr' id='par_1_33' title="bbox 2081 1684 3665 1762">
     <span class='ocr_line' id='line_1_33' title="bbox 2081 1684 3665 1762; baseline -0.007 -17"><span class='ocrx_word' id='word_1_221' title='bbox 2081 1691 2410 1762; x_wconf 74' lang='grc' dir='ltr'><strong>ὑπερπλήρη</strong></span> <span class='ocrx_word' id='word_1_222' title='bbox 2458 1689 2553 1743; x_wconf 76' lang='grc' dir='ltr'><strong>καὶ</strong></span> <span class='ocrx_word' id='word_1_223' title='bbox 2581 1689 2967 1756; x_wconf 76' lang='grc' dir='ltr'><strong>ἀκατάληπτον</strong></span> <span class='ocrx_word' id='word_1_224' title='bbox 3016 1687 3313 1752; x_wconf 72' lang='grc' dir='ltr'><strong>κατασχεῖν</strong></span> <span class='ocrx_word' id='word_1_225' title='bbox 3352 1686 3446 1740; x_wconf 75' lang='grc' dir='ltr'><strong>ἐπὶ</strong></span> <span class='ocrx_word' id='word_1_226' title='bbox 3485 1684 3665 1736; x_wconf 78' lang='grc' dir='ltr'><strong>πλέον</strong></span> 
     </span>
    </p>
   </div>
   <div class='ocr_carea' id='block_1_34' title="bbox 408 1766 1992 1854">
    <p class='ocr_par' dir='ltr' id='par_1_34' title="bbox 408 1766 1981 1838">
     <span class='ocr_line' id='line_1_34' title="bbox 408 1766 1981 1838; baseline -0.001 -17"><span class='ocrx_word' id='word_1_227' title='bbox 408 1767 702 1822; x_wconf 89' lang='lat' dir='ltr'><strong>hensibilis</strong></span> <span class='ocrx_word' id='word_1_228' title='bbox 755 1777 839 1821; x_wconf 89' lang='lat' dir='ltr'><strong>est</strong></span> <span class='ocrx_word' id='word_1_229' title='bbox 873 1768 1159 1822; x_wconf 89' lang='lat' dir='ltr'><strong>continere</strong></span> <span class='ocrx_word' id='word_1_230' title='bbox 1219 1769 1456 1838; x_wconf 83' lang='lat' dir='ltr'><strong>amplius</strong></span> <span class='ocrx_word' id='word_1_231' title='bbox 1509 1769 1845 1824; x_wconf 84' lang='lat' dir='ltr'><strong>desiderant.</strong></span> <span class='ocrx_word' id='word_1_232' title='bbox 1899 1766 1981 1820; x_wconf 87' lang='lat' dir='ltr'><strong>Ne</strong></span> 
     </span>
    </p>
   </div>
   <div class='ocr_carea' id='block_1_35' title="bbox 2101 1766 3666 1854">
    <p class='ocr_par' dir='ltr' id='par_1_35' title="bbox 2101 1777 3666 1854">
     <span class='ocr_line' id='line_1_35' title="bbox 2101 1777 3666 1854; baseline -0.005 -19"><span class='ocrx_word' id='word_1_233' title='bbox 2101 1785 2345 1854; x_wconf 72' lang='grc' dir='ltr'><strong>εφίενται.</strong></span> <span class='ocrx_word' id='word_1_234' title='bbox 2377 1783 2468 1852; x_wconf 82' lang='grc' dir='ltr'><strong>Μὴ</strong></span> <span class='ocrx_word' id='word_1_235' title='bbox 2503 1781 2718 1836; x_wconf 77' lang='grc' dir='ltr'><strong>οὖνέπὶ</strong></span> <span class='ocrx_word' id='word_1_236' title='bbox 2779 1780 2942 1833; x_wconf 82' lang='grc' dir='ltr'><strong>πλέον</strong></span> <span class='ocrx_word' id='word_1_237' title='bbox 2997 1779 3328 1848; x_wconf 75' lang='grc' dir='ltr'><strong>ἀμφῖὸαλλεο</strong></span> <span class='ocrx_word' id='word_1_238' title='bbox 3391 1777 3666 1838; x_wconf 71' lang='grc' dir='ltr'><strong>τοιαύτας</strong></span> 
     </span>
    </p>
   </div>
   <div class='ocr_carea' id='block_1_36' title="bbox 409 1853 1979 1928">
    <p class='ocr_par' dir='ltr' id='par_1_36' title="bbox 409 1853 1979 1928">
     <span class='ocr_line' id='line_1_36' title="bbox 409 1853 1979 1928; baseline -0.002 -18"><span class='ocrx_word' id='word_1_239' title='bbox 409 1858 570 1926; x_wconf 75' lang='lat' dir='ltr'><strong>igitur</strong></span> <span class='ocrx_word' id='word_1_240' title='bbox 607 1857 920 1928; x_wconf 81' lang='lat' dir='ltr'><strong>ambiguum</strong></span> <span class='ocrx_word' id='word_1_241' title='bbox 955 1867 1007 1910; x_wconf 90' lang='lat' dir='ltr'><strong>te</strong></span> <span class='ocrx_word' id='word_1_242' title='bbox 1035 1856 1334 1922; x_wconf 85' lang='lat' dir='ltr'><strong>traducito,</strong></span> <span class='ocrx_word' id='word_1_243' title='bbox 1363 1872 1489 1910; x_wconf 92' lang='lat' dir='ltr'><strong>cum</strong></span> <span class='ocrx_word' id='word_1_244' title='bbox 1516 1855 1827 1926; x_wconf 69' lang='lat' dir='ltr'><strong>huiusmodi</strong></span> <span class='ocrx_word' id='word_1_245' title='bbox 1867 1853 1979 1924; x_wconf 77' lang='lat' dir='ltr'><strong>jam</strong></span> 
     </span>
    </p>
   </div>
   <div class='ocr_carea' id='block_1_37' title="bbox 407 1945 1868 2017">
    <p class='ocr_par' dir='ltr' id='par_1_37' title="bbox 407 1945 1868 2017">
     <span class='ocr_line' id='line_1_37' title="bbox 407 1945 1868 2017; baseline 0.001 -18"><span class='ocrx_word' id='word_1_246' title='bbox 407 1950 478 2000; x_wconf 89' lang='lat' dir='ltr'><strong>de</strong></span> <span class='ocrx_word' id='word_1_247' title='bbox 539 1946 643 1999; x_wconf 86' lang='lat' dir='ltr'><strong>hoc</strong></span> <span class='ocrx_word' id='word_1_248' title='bbox 695 1945 1191 2000; x_wconf 86' lang='lat' dir='ltr'><strong>demonstrationes</strong></span> <span class='ocrx_word' id='word_1_249' title='bbox 1222 1954 1276 2000; x_wconf 90' lang='lat' dir='ltr'><strong>et</strong></span> <span class='ocrx_word' id='word_1_250' title='bbox 1326 1955 1504 2000; x_wconf 85' lang='lat' dir='ltr'><strong>tantas</strong></span> <span class='ocrx_word' id='word_1_251' title='bbox 1559 1947 1868 2017; x_wconf 85' lang='lat' dir='ltr'><strong>acceperis.</strong></span> 
     </span>
    </p>
   </div>
   <div class='ocr_carea' id='block_1_38' title="bbox 959 2060 1430 2116">
    <p class='ocr_par' dir='ltr' id='par_1_38' title="bbox 959 2060 1430 2116">
     <span class='ocr_line' id='line_1_38' title="bbox 959 2060 1430 2116; baseline 0.006 -3"><span class='ocrx_word' id='word_1_252' title='bbox 959 2060 1294 2115; x_wconf 75' lang='lat' dir='ltr'><strong>EPISTULA</strong></span> <span class='ocrx_word' id='word_1_253' title='bbox 1336 2060 1430 2116; x_wconf 80' lang='lat' dir='ltr'><strong>IX.</strong></span> 
     </span>
    </p>
   </div>
   <div class='ocr_carea' id='block_1_39' title="bbox 410 2175 1981 2244">
    <p class='ocr_par' dir='ltr' id='par_1_39' title="bbox 410 2175 1981 2244">
     <span class='ocr_line' id='line_1_39' title="bbox 410 2175 1981 2244; baseline -0.001 -13"><span class='ocrx_word' id='word_1_254' title='bbox 410 2176 615 2231; x_wconf 79' lang='lat' dir='ltr'><strong>Eidem.</strong></span> <span class='ocrx_word' id='word_1_255' title='bbox 662 2206 732 2220; x_wconf 90' lang='lat'><strong>—-</strong></span> <span class='ocrx_word' id='word_1_256' title='bbox 783 2175 972 2230; x_wconf 82' lang='lat' dir='ltr'><strong>Utrum</strong></span> <span class='ocrx_word' id='word_1_257' title='bbox 1038 2184 1276 2244; x_wconf 76' lang='lat' dir='ltr'><strong>oporteat</strong></span> <span class='ocrx_word' id='word_1_258' title='bbox 1331 2178 1603 2231; x_wconf 81' lang='lat' dir='ltr'><strong>attendere</strong></span> <span class='ocrx_word' id='word_1_259' title='bbox 1669 2177 1981 2243; x_wconf 77' lang='lat' dir='ltr'><strong>dicentibus,</strong></span> 
     </span>
    </p>
   </div>
   <div class='ocr_carea' id='block_1_40' title="bbox 477 2247 1986 2316">
    <p class='ocr_par' dir='ltr' id='par_1_40' title="bbox 477 2247 1986 2316">
     <span class='ocr_line' id='line_1_40' title="bbox 477 2247 1986 2316; baseline 0.002 -16"><span class='ocrx_word' id='word_1_260' title='bbox 477 2247 865 2312; x_wconf 74' lang='lat' dir='ltr'><strong>corruptibiiem</strong></span> <span class='ocrx_word' id='word_1_261' title='bbox 897 2263 1008 2301; x_wconf 77' lang='lat' dir='ltr'><strong>esse</strong></span> <span class='ocrx_word' id='word_1_262' title='bbox 1052 2249 1387 2313; x_wconf 78' lang='lat' dir='ltr'><strong>paradisum,</strong></span> <span class='ocrx_word' id='word_1_263' title='bbox 1419 2258 1470 2300; x_wconf 80' lang='lat' dir='ltr'><strong>et</strong></span> <span class='ocrx_word' id='word_1_264' title='bbox 1504 2257 1616 2316; x_wconf 79' lang='lat' dir='ltr'><strong>post</strong></span> <span class='ocrx_word' id='word_1_265' title='bbox 1647 2264 1851 2303; x_wconf 73' lang='lat' dir='ltr'><strong>crucem</strong></span> <span class='ocrx_word' id='word_1_266' title='bbox 1883 2263 1986 2303; x_wconf 75' lang='lat' dir='ltr'><strong>non</strong></span> 
     </span>
    </p>
   </div>
   <div class='ocr_carea' id='block_1_41' title="bbox 479 2318 1576 2389">
    <p class='ocr_par' dir='ltr' id='par_1_41' title="bbox 479 2318 1576 2389">
     <span class='ocr_line' id='line_1_41' title="bbox 479 2318 1576 2389; baseline 0 -17"><span class='ocrx_word' id='word_1_267' title='bbox 479 2321 665 2372; x_wconf 75' lang='lat' dir='ltr'><strong>statim</strong></span> <span class='ocrx_word' id='word_1_268' title='bbox 703 2318 758 2371; x_wconf 81' lang='lat' dir='ltr'><strong>in</strong></span> <span class='ocrx_word' id='word_1_269' title='bbox 786 2333 905 2370; x_wconf 85' lang='lat' dir='ltr'><strong>eum</strong></span> <span class='ocrx_word' id='word_1_270' title='bbox 933 2318 1196 2371; x_wconf 75' lang='lat' dir='ltr'><strong>iutroiisse</strong></span> <span class='ocrx_word' id='word_1_271' title='bbox 1221 2318 1503 2372; x_wconf 84' lang='lat' dir='ltr'><strong>latronem.</strong></span> <span class='ocrx_word' id='word_1_272' title='bbox 1574 2386 1576 2389; x_wconf 17' lang='grc' dir='ltr'><strong><em>ν</em></strong></span> 
     </span>
    </p>
   </div>
   <div class='ocr_carea' id='block_1_42' title="bbox 487 2495 1990 2569">
    <p class='ocr_par' dir='ltr' id='par_1_42' title="bbox 487 2495 1990 2569">
     <span class='ocr_line' id='line_1_42' title="bbox 487 2495 1990 2569; baseline 0.001 -16"><span class='ocrx_word' id='word_1_273' title='bbox 487 2498 545 2554; x_wconf 88' lang='lat' dir='ltr'><strong>Si</strong></span> <span class='ocrx_word' id='word_1_274' title='bbox 587 2508 770 2552; x_wconf 87' lang='lat' dir='ltr'><strong>autem</strong></span> <span class='ocrx_word' id='word_1_275' title='bbox 811 2505 868 2552; x_wconf 88' lang='lat' dir='ltr'><strong>et</strong></span> <span class='ocrx_word' id='word_1_276' title='bbox 901 2495 971 2551; x_wconf 88' lang='lat' dir='ltr'><strong>de</strong></span> <span class='ocrx_word' id='word_1_277' title='bbox 1010 2497 1131 2566; x_wconf 86' lang='lat' dir='ltr'><strong>ipso</strong></span> <span class='ocrx_word' id='word_1_278' title='bbox 1183 2496 1436 2565; x_wconf 88' lang='lat' dir='ltr'><strong>paradiso</strong></span> <span class='ocrx_word' id='word_1_279' title='bbox 1485 2497 1568 2553; x_wconf 82' lang='lat' dir='ltr'><strong>vis</strong></span> <span class='ocrx_word' id='word_1_280' title='bbox 1604 2497 1820 2554; x_wconf 86' lang='lat' dir='ltr'><strong>discere</strong></span> <span class='ocrx_word' id='word_1_281' title='bbox 1853 2515 1990 2569; x_wconf 86' lang='lat' dir='ltr'><strong>qua-</strong></span> 
     </span>
    </p>
   </div>
   <div class='ocr_carea' id='block_1_43' title="bbox 412 2586 1994 2657">
    <p class='ocr_par' dir='ltr' id='par_1_43' title="bbox 412 2586 1994 2657">
     <span class='ocr_line' id='line_1_43' title="bbox 412 2586 1994 2657; baseline 0 -14"><span class='ocrx_word' id='word_1_282' title='bbox 412 2590 590 2656; x_wconf 89' lang='lat' dir='ltr'><strong>lisque</strong></span> <span class='ocrx_word' id='word_1_283' title='bbox 631 2589 949 2651; x_wconf 84' lang='lat' dir='ltr'><strong>naturasit,</strong></span> <span class='ocrx_word' id='word_1_284' title='bbox 972 2594 1027 2639; x_wconf 90' lang='lat' dir='ltr'><strong>et</strong></span> <span class='ocrx_word' id='word_1_285' title='bbox 1061 2586 1149 2640; x_wconf 90' lang='lat' dir='ltr'><strong>ubi</strong></span> <span class='ocrx_word' id='word_1_286' title='bbox 1187 2587 1467 2657; x_wconf 87' lang='lat' dir='ltr'><strong>hucusque</strong></span> <span class='ocrx_word' id='word_1_287' title='bbox 1502 2590 1715 2643; x_wconf 88' lang='lat' dir='ltr'><strong>steterit</strong></span> <span class='ocrx_word' id='word_1_288' title='bbox 1743 2588 1836 2643; x_wconf 90' lang='lat' dir='ltr'><strong>Dei</strong></span> <span class='ocrx_word' id='word_1_289' title='bbox 1879 2605 1994 2643; x_wconf 84' lang='lat' dir='ltr'><strong>ma-</strong></span> 
     </span>
    </p>
   </div>
   <div class='ocr_carea' id='block_1_44' title="bbox 415 2677 1993 2749">
    <p class='ocr_par' dir='ltr' id='par_1_44' title="bbox 415 2677 1993 2749">
     <span class='ocr_line' id='line_1_44' title="bbox 415 2677 1993 2749; baseline 0.001 -14"><span class='ocrx_word' id='word_1_290' title='bbox 415 2682 580 2736; x_wconf 90' lang='lat' dir='ltr'><strong>nibus</strong></span> <span class='ocrx_word' id='word_1_291' title='bbox 623 2697 653 2734; x_wconf 90' lang='lat' dir='ltr'><strong>a</strong></span> <span class='ocrx_word' id='word_1_292' title='bbox 702 2678 972 2749; x_wconf 88' lang='lat' dir='ltr'><strong>principio</strong></span> <span class='ocrx_word' id='word_1_293' title='bbox 1008 2677 1310 2747; x_wconf 85' lang='lat' dir='ltr'><strong>plantatus,</strong></span> <span class='ocrx_word' id='word_1_294' title='bbox 1347 2679 1514 2733; x_wconf 87' lang='lat' dir='ltr'><strong>alium</strong></span> <span class='ocrx_word' id='word_1_295' title='bbox 1570 2679 1750 2734; x_wconf 85' lang='lat' dir='ltr'><strong>inveni</strong></span> <span class='ocrx_word' id='word_1_296' title='bbox 1807 2679 1993 2735; x_wconf 83' lang='lat' dir='ltr'><strong>Mosen</strong></span> 
     </span>
    </p>
   </div>
   <div class='ocr_carea' id='block_1_45' title="bbox 416 2768 1993 2841">
    <p class='ocr_par' dir='ltr' id='par_1_45' title="bbox 416 2768 1993 2841">
     <span class='ocr_line' id='line_1_45' title="bbox 416 2768 1993 2841; baseline -0.001 -15"><span class='ocrx_word' id='word_1_297' title='bbox 416 2771 848 2834; x_wconf 88' lang='lat' dir='ltr'><strong>divinissimum,</strong></span> <span class='ocrx_word' id='word_1_298' title='bbox 905 2768 996 2838; x_wconf 87' lang='lat' dir='ltr'><strong>qui</strong></span> <span class='ocrx_word' id='word_1_299' title='bbox 1047 2769 1243 2839; x_wconf 87' lang='lat' dir='ltr'><strong>spiritu</strong></span> <span class='ocrx_word' id='word_1_300' title='bbox 1279 2770 1493 2824; x_wconf 91' lang='lat' dir='ltr'><strong>occulta</strong></span> <span class='ocrx_word' id='word_1_301' title='bbox 1531 2772 1805 2825; x_wconf 79' lang='lat' dir='ltr'><strong>resolvere</strong></span> <span class='ocrx_word' id='word_1_302' title='bbox 1865 2786 1993 2841; x_wconf 89' lang='lat' dir='ltr'><strong>pos-</strong></span> 
     </span>
    </p>
   </div>
   <div class='ocr_carea' id='block_1_46' title="bbox 379 2861 1996 2932">
    <p class='ocr_par' dir='ltr' id='par_1_46' title="bbox 379 2861 1996 2932">
     <span class='ocr_line' id='line_1_46' title="bbox 379 2861 1996 2932; baseline -0.002 -12"><span class='ocrx_word' id='word_1_303' title='bbox 379 2865 508 2920; x_wconf 74' lang='lat' dir='ltr'><strong>sit.</strong></span> <span class='ocrx_word' id='word_1_304' title='bbox 560 2863 664 2928; x_wconf 73' lang='lat' dir='ltr'><strong>Qui</strong></span> <span class='ocrx_word' id='word_1_305' title='bbox 703 2862 886 2932; x_wconf 91' lang='lat' dir='ltr'><strong>potuit</strong></span> <span class='ocrx_word' id='word_1_306' title='bbox 918 2861 1140 2931; x_wconf 86' lang='lat' dir='ltr'><strong>quidem</strong></span> <span class='ocrx_word' id='word_1_307' title='bbox 1195 2871 1434 2916; x_wconf 89' lang='lat' dir='ltr'><strong>montem</strong></span> <span class='ocrx_word' id='word_1_308' title='bbox 1477 2861 1730 2930; x_wconf 79' lang='lat' dir='ltr'><strong>practica:</strong></span> <span class='ocrx_word' id='word_1_309' title='bbox 1781 2861 1996 2916; x_wconf 88' lang='lat' dir='ltr'><strong>virtutis</strong></span> 
     </span>
    </p>
   </div>
   <div class='ocr_carea' id='block_1_47' title="bbox 418 2950 1996 3022">
    <p class='ocr_par' dir='ltr' id='par_1_47' title="bbox 418 2950 1996 3022">
     <span class='ocr_line' id='line_1_47' title="bbox 418 2950 1996 3022; baseline -0.003 -13"><span class='ocrx_word' id='word_1_310' title='bbox 418 2954 755 3020; x_wconf 81' lang='lat' dir='ltr'><strong>ascendere;</strong></span> <span class='ocrx_word' id='word_1_311' title='bbox 791 2953 1047 3022; x_wconf 85' lang='lat' dir='ltr'><strong>intusque</strong></span> <span class='ocrx_word' id='word_1_312' title='bbox 1096 2962 1385 3021; x_wconf 84' lang='lat' dir='ltr'><strong>penetrare</strong></span> <span class='ocrx_word' id='word_1_313' title='bbox 1417 2951 1591 3007; x_wconf 83' lang='lat' dir='ltr'><strong>nubes</strong></span> <span class='ocrx_word' id='word_1_314' title='bbox 1627 2951 1817 3006; x_wconf 87' lang='lat' dir='ltr'><strong>arcani</strong></span> <span class='ocrx_word' id='word_1_315' title='bbox 1847 2950 1996 3006; x_wconf 90' lang='lat' dir='ltr'><strong>Scri-</strong></span> 
     </span>
    </p>
   </div>
   <div class='ocr_carea' id='block_1_48' title="bbox 2079 1867 3665 1946">
    <p class='ocr_par' dir='ltr' id='par_1_48' title="bbox 2079 1867 3665 1946">
     <span class='ocr_line' id='line_1_48' title="bbox 2079 1867 3665 1946; baseline -0.006 -17"><span class='ocrx_word' id='word_1_316' title='bbox 2079 1877 2182 1946; x_wconf 71' lang='grc' dir='ltr'><strong>ῖιδη</strong></span> <span class='ocrx_word' id='word_1_317' title='bbox 2212 1875 2460 1944; x_wconf 77' lang='grc' dir='ltr'><strong>καὶπερὶ</strong></span> <span class='ocrx_word' id='word_1_318' title='bbox 2505 1873 2695 1927; x_wconf 85' lang='grc' dir='ltr'><strong>τούτου</strong></span> <span class='ocrx_word' id='word_1_319' title='bbox 2735 1872 2837 1936; x_wconf 79' lang='grc' dir='ltr'><strong>τὰς</strong></span> <span class='ocrx_word' id='word_1_320' title='bbox 2868 1871 3195 1936; x_wconf 76' lang='grc' dir='ltr'><strong>ἀποδείξεις,</strong></span> <span class='ocrx_word' id='word_1_321' title='bbox 3245 1869 3341 1924; x_wconf 82' lang='grc' dir='ltr'><strong>καὶ</strong></span> <span class='ocrx_word' id='word_1_322' title='bbox 3381 1867 3665 1928; x_wconf 75' lang='grc' dir='ltr'><strong>τοσαύτας</strong></span> 
     </span>
    </p>
   </div>
   <div class='ocr_carea' id='block_1_49' title="bbox 2080 1969 2396 2035">
    <p class='ocr_par' dir='ltr' id='par_1_49' title="bbox 2080 1969 2396 2035">
     <span class='ocr_line' id='line_1_49' title="bbox 2080 1969 2396 2035; baseline -0.006 -13"><span class='ocrx_word' id='word_1_323' title='bbox 2080 1969 2135 2022; x_wconf 87' lang='grc' dir='ltr'><strong>δε</strong></span> <span class='ocrx_word' id='word_1_324' title='bbox 2144 1969 2209 2035; x_wconf 65' lang='lat' dir='ltr'><strong>ea</strong></span> <span class='ocrx_word' id='word_1_325' title='bbox 2219 1983 2396 2035; x_wconf 82' lang='grc' dir='ltr'><strong>μενος.</strong></span> 
     </span>
    </p>
   </div>
   <div class='ocr_carea' id='block_1_50' title="bbox 2638 2076 3099 2135">
    <p class='ocr_par' dir='ltr' id='par_1_50' title="bbox 2638 2076 3099 2135">
     <span class='ocr_line' id='line_1_50' title="bbox 2638 2076 3099 2135; baseline -0.007 0"><span class='ocrx_word' id='word_1_326' title='bbox 2638 2079 2983 2135; x_wconf 78' lang='grc' dir='ltr'><strong>ΕΠΙΣΤΟΔΗ</strong></span> <span class='ocrx_word' id='word_1_327' title='bbox 3020 2076 3099 2133; x_wconf 87' lang='grc' dir='ltr'><strong>Θ’.</strong></span> 
     </span>
    </p>
   </div>
   <div class='ocr_carea' id='block_1_51' title="bbox 2090 2184 3666 2261">
    <p class='ocr_par' dir='ltr' id='par_1_51' title="bbox 2090 2184 3666 2261">
     <span class='ocr_line' id='line_1_51' title="bbox 2090 2184 3666 2261; baseline -0.01 -11"><span class='ocrx_word' id='word_1_328' title='bbox 2090 2194 2175 2261; x_wconf 83' lang='grc' dir='ltr'><em>Τῷ</em></span> <span class='ocrx_word' id='word_1_329' title='bbox 2202 2193 2457 2259; x_wconf 85' lang='grc' dir='ltr'><strong>αὺτῷ.--</strong></span> <span class='ocrx_word' id='word_1_330' title='bbox 2475 2195 2542 2248; x_wconf 83' lang='lat' dir='ltr'><strong>El</strong></span> <span class='ocrx_word' id='word_1_331' title='bbox 2569 2191 2684 2260; x_wconf 79' lang='grc' dir='ltr'><strong>χρὴ</strong></span> <span class='ocrx_word' id='word_1_332' title='bbox 2707 2189 3033 2261; x_wconf 63' lang='grc' dir='ltr'><strong>προσέχειν</strong></span> <span class='ocrx_word' id='word_1_333' title='bbox 3064 2186 3191 2250; x_wconf 83' lang='grc' dir='ltr'><strong>τοῖς</strong></span> <span class='ocrx_word' id='word_1_334' title='bbox 3217 2186 3547 2261; x_wconf 28' lang='grc' dir='ltr'><strong>..ιέγουσιεμ</strong></span> <span class='ocrx_word' id='word_1_335' title='bbox 3577 2184 3666 2261; x_wconf 56' lang='grc' dir='ltr'><strong>ὅτι</strong></span> 
     </span>
    </p>
   </div>
   <div class='ocr_carea' id='block_1_52' title="bbox 2157 2255 3665 2334">
    <p class='ocr_par' dir='ltr' id='par_1_52' title="bbox 2157 2255 3665 2334">
     <span class='ocr_line' id='line_1_52' title="bbox 2157 2255 3665 2334; baseline -0.009 -15"><span class='ocrx_word' id='word_1_336' title='bbox 2157 2255 2419 2334; x_wconf 67' lang='grc' dir='ltr'><strong>φθαρὲός</strong></span> <span class='ocrx_word' id='word_1_337' title='bbox 2450 2255 2623 2316; x_wconf 67' lang='grc' dir='ltr'><strong>ἐστὶὲ</strong></span> <span class='ocrx_word' id='word_1_338' title='bbox 2648 2265 2682 2316; x_wconf 85' lang='grc' dir='ltr'><em>ό</em></span> <span class='ocrx_word' id='word_1_339' title='bbox 2709 2255 3091 2334; x_wconf 56' lang='grc' dir='ltr'><strong>παράδεισος.</strong></span> <span class='ocrx_word' id='word_1_340' title='bbox 3133 2259 3231 2334; x_wconf 72' lang='grc' dir='ltr'><strong>καὶ</strong></span> <span class='ocrx_word' id='word_1_341' title='bbox 3261 2255 3348 2334; x_wconf 57' lang='grc' dir='ltr'><strong>ὅτι</strong></span> <span class='ocrx_word' id='word_1_342' title='bbox 3373 2255 3536 2334; x_wconf 62' lang='grc' dir='ltr'><strong>μετᾲ</strong></span> <span class='ocrx_word' id='word_1_343' title='bbox 3560 2256 3665 2334; x_wconf 48' lang='lat' dir='ltr'><strong>{by</strong></span> 
     </span>
    </p>
   </div>
   <div class='ocr_carea' id='block_1_53' title="bbox 2076 2326 3666 2410">
    <p class='ocr_par' dir='ltr' id='par_1_53' title="bbox 2076 2326 3666 2410">
     <span class='ocr_line' id='line_1_53' title="bbox 2076 2326 3666 2410; baseline -0.008 -20"><span class='ocrx_word' id='word_1_344' title='bbox 2076 2349 2084 2358; x_wconf 86' lang='lat'>&#39;</span> <span class='ocrx_word' id='word_1_345' title='bbox 2157 2326 2429 2410; x_wconf 57' lang='grc' dir='ltr'><strong>ἱγεαῦρὸκ</strong></span> <span class='ocrx_word' id='word_1_346' title='bbox 2452 2335 2668 2388; x_wconf 82' lang='grc' dir='ltr'><strong>αὐτίκα</strong></span> <span class='ocrx_word' id='word_1_347' title='bbox 2700 2333 2810 2386; x_wconf 74' lang='grc' dir='ltr'><strong>οὐκ</strong></span> <span class='ocrx_word' id='word_1_348' title='bbox 2843 2327 3131 2395; x_wconf 73' lang='grc' dir='ltr'><strong>εὶσῆλθεν</strong></span> <span class='ocrx_word' id='word_1_349' title='bbox 3155 2329 3244 2393; x_wconf 77' lang='grc' dir='ltr'><strong>εις</strong></span> <span class='ocrx_word' id='word_1_350' title='bbox 3279 2326 3470 2410; x_wconf 77' lang='grc' dir='ltr'><strong>αὑτὸν</strong></span> <span class='ocrx_word' id='word_1_351' title='bbox 3500 2327 3536 2378; x_wconf 86' lang='grc' dir='ltr'><em>ὀ</em></span> <span class='ocrx_word' id='word_1_352' title='bbox 3562 2327 3666 2391; x_wconf 70' lang='grc' dir='ltr'><strong>,ιη-</strong></span> 
     </span>
    </p>
   </div>
   <div class='ocr_carea' id='block_1_54' title="bbox 2161 2405 2338 2473">
    <p class='ocr_par' dir='ltr' id='par_1_54' title="bbox 2161 2405 2338 2473">
     <span class='ocr_line' id='line_1_54' title="bbox 2161 2405 2338 2473; baseline 0 -15"><span class='ocrx_word' id='word_1_353' title='bbox 2161 2405 2338 2473; x_wconf 79' lang='grc' dir='ltr'><strong>στής.</strong></span> 
     </span>
    </p>
   </div>
   <div class='ocr_carea' id='block_1_55' title="bbox 2162 2510 3667 2591">
    <p class='ocr_par' dir='ltr' id='par_1_55' title="bbox 2162 2510 3667 2591">
     <span class='ocr_line' id='line_1_55' title="bbox 2162 2510 3667 2591; baseline -0.014 -11"><span class='ocrx_word' id='word_1_354' title='bbox 2162 2526 2226 2580; x_wconf 78' lang='grc' dir='ltr'><strong>ΕΙ</strong></span> <span class='ocrx_word' id='word_1_355' title='bbox 2263 2525 2321 2578; x_wconf 72' lang='grc' dir='ltr'><strong>δὲ</strong></span> <span class='ocrx_word' id='word_1_356' title='bbox 2350 2522 2446 2581; x_wconf 69' lang='grc' dir='ltr'><strong>καὶ</strong></span> <span class='ocrx_word' id='word_1_357' title='bbox 2473 2523 2604 2591; x_wconf 72' lang='grc' dir='ltr'><strong>περὶ</strong></span> <span class='ocrx_word' id='word_1_358' title='bbox 2635 2517 2800 2572; x_wconf 69' lang='grc' dir='ltr'><strong>αὑτοῦ</strong></span> <span class='ocrx_word' id='word_1_359' title='bbox 2835 2514 2930 2570; x_wconf 78' lang='grc' dir='ltr'><strong>τοῦ</strong></span> <span class='ocrx_word' id='word_1_360' title='bbox 2967 2513 3298 2586; x_wconf 68' lang='grc' dir='ltr'><strong>παραδείσου</strong></span> <span class='ocrx_word' id='word_1_361' title='bbox 3340 2510 3529 2580; x_wconf 78' lang='grc' dir='ltr'><strong>βούλει</strong></span> <span class='ocrx_word' id='word_1_362' title='bbox 3563 2527 3667 2578; x_wconf 76' lang='grc' dir='ltr'><strong>μσ-</strong></span> 
     </span>
    </p>
   </div>
   <div class='ocr_carea' id='block_1_56' title="bbox 2095 2603 3668 2684">
    <p class='ocr_par' dir='ltr' id='par_1_56' title="bbox 2095 2603 3668 2684">
     <span class='ocr_line' id='line_1_56' title="bbox 2095 2603 3668 2684; baseline -0.012 -11"><span class='ocrx_word' id='word_1_363' title='bbox 2095 2620 2211 2673; x_wconf 90' lang='grc' dir='ltr'><strong>θεῖν</strong></span> <span class='ocrx_word' id='word_1_364' title='bbox 2241 2617 2424 2680; x_wconf 83' lang='grc' dir='ltr'><strong>ὁποῖός</strong></span> <span class='ocrx_word' id='word_1_365' title='bbox 2461 2633 2520 2669; x_wconf 87' lang='grc' dir='ltr'><strong>τε</strong></span> <span class='ocrx_word' id='word_1_366' title='bbox 2555 2615 2654 2684; x_wconf 72' lang='grc' dir='ltr'><strong>τὴν</strong></span> <span class='ocrx_word' id='word_1_367' title='bbox 2683 2613 2846 2680; x_wconf 81' lang='grc' dir='ltr'><strong>φύσιν</strong></span> <span class='ocrx_word' id='word_1_368' title='bbox 2885 2611 3000 2661; x_wconf 71' lang='grc' dir='ltr'><strong>ἐστὶ</strong></span> <span class='ocrx_word' id='word_1_369' title='bbox 3047 2607 3142 2661; x_wconf 81' lang='grc' dir='ltr'><strong>καὶ</strong></span> <span class='ocrx_word' id='word_1_370' title='bbox 3185 2607 3321 2660; x_wconf 81' lang='grc' dir='ltr'><strong>ὅπου</strong></span> <span class='ocrx_word' id='word_1_371' title='bbox 3359 2605 3529 2674; x_wconf 82' lang='grc' dir='ltr'><strong>μέχρι</strong></span> <span class='ocrx_word' id='word_1_372' title='bbox 3572 2603 3668 2655; x_wconf 74' lang='grc' dir='ltr'><strong>καὶ</strong></span> 
     </span>
    </p>
   </div>
   <div class='ocr_carea' id='block_1_57' title="bbox 2093 2699 3665 2782">
    <p class='ocr_par' dir='ltr' id='par_1_57' title="bbox 2093 2699 3665 2782">
     <span class='ocr_line' id='line_1_57' title="bbox 2093 2699 3665 2782; baseline -0.012 -18"><span class='ocrx_word' id='word_1_373' title='bbox 2093 2714 2339 2782; x_wconf 78' lang='grc' dir='ltr'><strong>τήμερον</strong></span> <span class='ocrx_word' id='word_1_374' title='bbox 2372 2711 2574 2779; x_wconf 75' lang='grc' dir='ltr'><strong>ἔστηκε</strong></span> <span class='ocrx_word' id='word_1_375' title='bbox 2606 2708 2765 2776; x_wconf 77' lang='grc' dir='ltr'><strong>χερσὶ</strong></span> <span class='ocrx_word' id='word_1_376' title='bbox 2800 2703 2936 2757; x_wconf 74' lang='grc' dir='ltr'><strong>Θεοῦ</strong></span> <span class='ocrx_word' id='word_1_377' title='bbox 2975 2701 3095 2756; x_wconf 80' lang='grc' dir='ltr'><strong>κατ’</strong></span> <span class='ocrx_word' id='word_1_378' title='bbox 3126 2699 3301 2769; x_wconf 78' lang='grc' dir='ltr'><strong>ἀρχὰς</strong></span> <span class='ocrx_word' id='word_1_379' title='bbox 3349 2699 3665 2766; x_wconf 70' lang='grc' dir='ltr'><strong>φυτευθεὶς,</strong></span> 
     </span>
    </p>
   </div>
   <div class='ocr_carea' id='block_1_58' title="bbox 2096 2787 3670 2872">
    <p class='ocr_par' dir='ltr' id='par_1_58' title="bbox 2096 2787 3670 2872">
     <span class='ocr_line' id='line_1_58' title="bbox 2096 2787 3670 2872; baseline -0.013 -14"><span class='ocrx_word' id='word_1_380' title='bbox 2096 2801 2258 2858; x_wconf 77' lang='grc' dir='ltr'><strong>ἄλλον</strong></span> <span class='ocrx_word' id='word_1_381' title='bbox 2288 2792 2414 2872; x_wconf 72' lang='grc' dir='ltr'><strong>εὗρε</strong></span> <span class='ocrx_word' id='word_1_382' title='bbox 2439 2797 2645 2854; x_wconf 85' lang='grc' dir='ltr'><strong>Μωσέα</strong></span> <span class='ocrx_word' id='word_1_383' title='bbox 2680 2796 2957 2848; x_wconf 85' lang='grc' dir='ltr'><strong>θειότατον</strong></span> <span class='ocrx_word' id='word_1_384' title='bbox 2980 2791 3224 2844; x_wconf 76' lang='grc' dir='ltr'><strong>ἐπιλύειν</strong></span> <span class='ocrx_word' id='word_1_385' title='bbox 3256 2789 3562 2858; x_wconf 76' lang='grc' dir='ltr'><strong>δυνάμενον</strong></span> <span class='ocrx_word' id='word_1_386' title='bbox 3603 2787 3670 2839; x_wconf 69' lang='grc' dir='ltr'><strong>τὰ</strong></span> 
     </span>
    </p>
   </div>
   <div class='ocr_carea' id='block_1_59' title="bbox 2097 2879 3669 2962">
    <p class='ocr_par' dir='ltr' id='par_1_59' title="bbox 2097 2879 3669 2962">
     <span class='ocr_line' id='line_1_59' title="bbox 2097 2879 3669 2962; baseline -0.011 -15"><span class='ocrx_word' id='word_1_387' title='bbox 2097 2890 2462 2962; x_wconf 85' lang='grc' dir='ltr'><strong>κεκρυμμένα</strong></span> <span class='ocrx_word' id='word_1_388' title='bbox 2493 2887 2572 2957; x_wconf 83' lang='grc' dir='ltr'><strong>τῷ</strong></span> <span class='ocrx_word' id='word_1_389' title='bbox 2600 2885 2890 2955; x_wconf 68' lang='grc' dir='ltr'><strong>πνεύματιε</strong></span> <span class='ocrx_word' id='word_1_390' title='bbox 2923 2883 2980 2945; x_wconf 81' lang='grc' dir='ltr'><strong>ὃς</strong></span> <span class='ocrx_word' id='word_1_391' title='bbox 3015 2882 3215 2950; x_wconf 67' lang='grc' dir='ltr'><strong>ἔφθασε</strong></span> <span class='ocrx_word' id='word_1_392' title='bbox 3239 2881 3338 2950; x_wconf 81' lang='grc' dir='ltr'><strong>μὲν</strong></span> <span class='ocrx_word' id='word_1_393' title='bbox 3355 2880 3518 2948; x_wconf 81' lang='grc' dir='ltr'><strong>δρους</strong></span> <span class='ocrx_word' id='word_1_394' title='bbox 3547 2879 3669 2930; x_wconf 75' lang='grc' dir='ltr'><strong>ἑπι-</strong></span> 
     </span>
    </p>
   </div>
   <div class='ocr_carea' id='block_1_60' title="bbox 2097 2970 3668 3052">
    <p class='ocr_par' dir='ltr' id='par_1_60' title="bbox 2097 2970 3668 3052">
     <span class='ocr_line' id='line_1_60' title="bbox 2097 2970 3668 3052; baseline -0.012 -14"><span class='ocrx_word' id='word_1_395' title='bbox 2097 2984 2260 3052; x_wconf 81' lang='grc' dir='ltr'><strong>6ῆναι</strong></span> <span class='ocrx_word' id='word_1_396' title='bbox 2285 2983 2386 3052; x_wconf 80' lang='grc' dir='ltr'><strong>τῆς</strong></span> <span class='ocrx_word' id='word_1_397' title='bbox 2419 2977 2735 3049; x_wconf 79' lang='grc' dir='ltr'><strong>πρακτικῆς</strong></span> <span class='ocrx_word' id='word_1_398' title='bbox 2781 2974 2984 3045; x_wconf 81' lang='grc' dir='ltr'><strong>ἀρετῆς</strong></span> <span class='ocrx_word' id='word_1_399' title='bbox 3007 3012 3023 3038; x_wconf 96' lang='grc'><strong>,</strong></span> <span class='ocrx_word' id='word_1_400' title='bbox 3044 2972 3180 3043; x_wconf 9' lang='grc' dir='ltr'><strong>,εῐσω</strong></span> <span class='ocrx_word' id='word_1_401' title='bbox 3213 2989 3274 3024; x_wconf 86' lang='grc' dir='ltr'><strong>τε</strong></span> <span class='ocrx_word' id='word_1_402' title='bbox 3299 2970 3550 3039; x_wconf 75' lang='grc' dir='ltr'><strong>χωρῆσαι</strong></span> <span class='ocrx_word' id='word_1_403' title='bbox 3582 2984 3668 3019; x_wconf 70' lang='grc' dir='ltr'><strong>νε-</strong></span> 
     </span>
    </p>
   </div>
   <div class='ocr_carea' id='block_1_61' title="bbox 420 3044 1992 3147">
    <p class='ocr_par' dir='ltr' id='par_1_61' title="bbox 420 3044 1992 3116">
     <span class='ocr_line' id='line_1_61' title="bbox 420 3044 1992 3116; baseline -0.001 -16"><span class='ocrx_word' id='word_1_404' title='bbox 420 3057 578 3116; x_wconf 84' lang='lat' dir='ltr'><strong>plura</strong></span> <span class='ocrx_word' id='word_1_405' title='bbox 593 3061 716 3098; x_wconf 89' lang='lat' dir='ltr'><strong>rum</strong></span> <span class='ocrx_word' id='word_1_406' title='bbox 740 3060 754 3109; x_wconf 86' lang='lat'><strong>;</strong></span> <span class='ocrx_word' id='word_1_407' title='bbox 781 3046 1093 3099; x_wconf 79' lang='lat' dir='ltr'><strong>conversari</strong></span> <span class='ocrx_word' id='word_1_408' title='bbox 1122 3059 1246 3099; x_wconf 91' lang='lat' dir='ltr'><strong>cum</strong></span> <span class='ocrx_word' id='word_1_409' title='bbox 1282 3045 1390 3099; x_wconf 89' lang='lat' dir='ltr'><strong>Deo</strong></span> <span class='ocrx_word' id='word_1_410' title='bbox 1421 3044 1590 3114; x_wconf 90' lang='lat' dir='ltr'><strong>prima</strong></span> <span class='ocrx_word' id='word_1_411' title='bbox 1616 3045 1760 3111; x_wconf 87' lang='lat' dir='ltr'><strong>luce,</strong></span> <span class='ocrx_word' id='word_1_412' title='bbox 1780 3053 1834 3098; x_wconf 91' lang='lat' dir='ltr'><strong>et</strong></span> <span class='ocrx_word' id='word_1_413' title='bbox 1870 3044 1992 3099; x_wconf 87' lang='lat' dir='ltr'><strong>inde</strong></span> 
     </span>
    </p>
   </div>
   <div class='ocr_carea' id='block_1_62' title="bbox 2101 3044 3670 3147">
    <p class='ocr_par' dir='ltr' id='par_1_62' title="bbox 2101 3044 3670 3147">
     <span class='ocr_line' id='line_1_62' title="bbox 2101 3044 3670 3147; baseline -0.013 -18"><span class='ocrx_word' id='word_1_414' title='bbox 2101 3044 2271 3147; x_wconf 77' lang='grc' dir='ltr'><strong>φέλης</strong></span> <span class='ocrx_word' id='word_1_415' title='bbox 2469 3044 2760 3141; x_wconf 40' lang='grc' dir='ltr'><strong>’γραφικῆς</strong></span> <span class='ocrx_word' id='word_1_416' title='bbox 2817 3044 3494 3136; x_wconf 70' lang='grc' dir='ltr'><strong>ἐπικρύψεως,δμιλῆσαι</strong></span> <span class='ocrx_word' id='word_1_417' title='bbox 3551 3058 3670 3125; x_wconf 79' lang='grc' dir='ltr'><strong>Θεῷ</strong></span> 
     </span>
    </p>
   </div>
   <div class='ocr_carea' id='block_1_63' title="bbox 422 3137 1996 3211">
    <p class='ocr_par' dir='ltr' id='par_1_63' title="bbox 422 3137 1996 3211">
     <span class='ocr_line' id='line_1_63' title="bbox 422 3137 1996 3211; baseline -0.003 -15"><span class='ocrx_word' id='word_1_418' title='bbox 422 3141 766 3211; x_wconf 75' lang='lat' dir='ltr'><strong>splendorem</strong></span> <span class='ocrx_word' id='word_1_419' title='bbox 792 3137 1373 3208; x_wconf 69' lang='lat' dir='ltr'><strong>accipere,fmanifesta</strong></span> <span class='ocrx_word' id='word_1_420' title='bbox 1401 3137 1690 3192; x_wconf 81' lang='lat' dir='ltr'><strong>facientem</strong></span> <span class='ocrx_word' id='word_1_421' title='bbox 1707 3137 1920 3192; x_wconf 88' lang='lat' dir='ltr'><strong>occulta</strong></span> <span class='ocrx_word' id='word_1_422' title='bbox 1942 3146 1996 3192; x_wconf 86' lang='lat' dir='ltr'><strong>et</strong></span> 
     </span>
    </p>
   </div>
   <div class='ocr_carea' id='block_1_64' title="bbox 418 3230 2001 3304">
    <p class='ocr_par' dir='ltr' id='par_1_64' title="bbox 418 3230 2001 3304">
     <span class='ocr_line' id='line_1_64' title="bbox 418 3230 2001 3304; baseline -0.004 -15"><span class='ocrx_word' id='word_1_423' title='bbox 418 3235 658 3304; x_wconf 73' lang='lat' dir='ltr'><strong>vulgata.</strong></span> <span class='ocrx_word' id='word_1_424' title='bbox 687 3233 845 3286; x_wconf 80' lang='lat' dir='ltr'><strong>Hunc</strong></span> <span class='ocrx_word' id='word_1_425' title='bbox 873 3233 1080 3294; x_wconf 71' lang='lat' dir='ltr'><strong>inveni,</strong></span> <span class='ocrx_word' id='word_1_426' title='bbox 1119 3238 1174 3286; x_wconf 90' lang='lat' dir='ltr'><strong>et</strong></span> <span class='ocrx_word' id='word_1_427' title='bbox 1224 3231 1376 3284; x_wconf 86' lang='lat' dir='ltr'><strong>illum</strong></span> <span class='ocrx_word' id='word_1_428' title='bbox 1432 3231 1500 3285; x_wconf 89' lang='lat' dir='ltr'><strong>de</strong></span> <span class='ocrx_word' id='word_1_429' title='bbox 1534 3230 1787 3301; x_wconf 80' lang='lat' dir='ltr'><strong>paradiso</strong></span> <span class='ocrx_word' id='word_1_430' title='bbox 1829 3230 2001 3285; x_wconf 84' lang='lat' dir='ltr'><strong>inter-</strong></span> 
     </span>
    </p>
   </div>
   <div class='ocr_carea' id='block_1_65' title="bbox 423 3321 2002 3396">
    <p class='ocr_par' dir='ltr' id='par_1_65' title="bbox 423 3321 2002 3396">
     <span class='ocr_line' id='line_1_65' title="bbox 423 3321 2002 3396; baseline -0.004 -16"><span class='ocrx_word' id='word_1_431' title='bbox 423 3341 573 3396; x_wconf 77' lang='lat' dir='ltr'><strong>roga,</strong></span> <span class='ocrx_word' id='word_1_432' title='bbox 590 3333 645 3379; x_wconf 91' lang='lat' dir='ltr'><strong>et</strong></span> <span class='ocrx_word' id='word_1_433' title='bbox 664 3325 833 3378; x_wconf 90' lang='lat' dir='ltr'><strong>disce.</strong></span> <span class='ocrx_word' id='word_1_434' title='bbox 849 3321 958 3376; x_wconf 87' lang='lat' dir='ltr'><strong>Nos</strong></span> <span class='ocrx_word' id='word_1_435' title='bbox 975 3322 1141 3385; x_wconf 89' lang='lat' dir='ltr'><strong>enim,</strong></span> <span class='ocrx_word' id='word_1_436' title='bbox 1161 3321 1346 3374; x_wconf 85' lang='lat' dir='ltr'><strong>divine</strong></span> <span class='ocrx_word' id='word_1_437' title='bbox 1368 3321 1471 3384; x_wconf 80' lang='lat' dir='ltr'><strong>vir,</strong></span> <span class='ocrx_word' id='word_1_438' title='bbox 1489 3321 1698 3375; x_wconf 91' lang='lat' dir='ltr'><strong>indocti</strong></span> <span class='ocrx_word' id='word_1_439' title='bbox 1729 3336 1893 3390; x_wconf 88' lang='lat' dir='ltr'><strong>super</strong></span> <span class='ocrx_word' id='word_1_440' title='bbox 1921 3328 2002 3374; x_wconf 86' lang='lat' dir='ltr'><strong>ta-</strong></span> 
     </span>
    </p>
   </div>
   <div class='ocr_carea' id='block_1_66' title="bbox 421 3411 2003 3477">
    <p class='ocr_par' dir='ltr' id='par_1_66' title="bbox 421 3411 2003 3477">
     <span class='ocr_line' id='line_1_66' title="bbox 421 3411 2003 3477; baseline -0.005 -5"><span class='ocrx_word' id='word_1_441' title='bbox 421 3419 568 3474; x_wconf 80' lang='lat' dir='ltr'><strong>libus</strong></span> <span class='ocrx_word' id='word_1_442' title='bbox 597 3433 660 3472; x_wconf 88' lang='lat' dir='ltr'><strong>ac</strong></span> <span class='ocrx_word' id='word_1_443' title='bbox 695 3415 858 3469; x_wconf 86' lang='lat' dir='ltr'><strong>tantis</strong></span> <span class='ocrx_word' id='word_1_444' title='bbox 890 3429 1014 3467; x_wconf 93' lang='lat' dir='ltr'><strong>cum</strong></span> <span class='ocrx_word' id='word_1_445' title='bbox 1042 3413 1234 3477; x_wconf 89' lang='lat' dir='ltr'><strong>simus,</strong></span> <span class='ocrx_word' id='word_1_446' title='bbox 1261 3422 1315 3465; x_wconf 90' lang='lat' dir='ltr'><strong>et</strong></span> <span class='ocrx_word' id='word_1_447' title='bbox 1344 3427 1564 3466; x_wconf 82' lang='lat' dir='ltr'><strong>sensum</strong></span> <span class='ocrx_word' id='word_1_448' title='bbox 1597 3411 1750 3465; x_wconf 88' lang='lat' dir='ltr'><strong>humi</strong></span> <span class='ocrx_word' id='word_1_449' title='bbox 1784 3413 2003 3465; x_wconf 84' lang='lat' dir='ltr'><strong>trahen-</strong></span> 
     </span>
    </p>
   </div>
   <div class='ocr_carea' id='block_1_67' title="bbox 422 3502 2002 3577">
    <p class='ocr_par' dir='ltr' id='par_1_67' title="bbox 422 3502 2002 3577">
     <span class='ocr_line' id='line_1_67' title="bbox 422 3502 2002 3577; baseline -0.005 -13"><span class='ocrx_word' id='word_1_450' title='bbox 422 3523 526 3575; x_wconf 82' lang='lat' dir='ltr'><strong>tes,</strong></span> <span class='ocrx_word' id='word_1_451' title='bbox 562 3507 840 3577; x_wconf 88' lang='lat' dir='ltr'><strong>quomodo</strong></span> <span class='ocrx_word' id='word_1_452' title='bbox 886 3504 1261 3558; x_wconf 82' lang='lat' dir='ltr'><strong>sublimiorem</strong></span> <span class='ocrx_word' id='word_1_453' title='bbox 1289 3503 1546 3557; x_wconf 83' lang='lat' dir='ltr'><strong>omnibus</strong></span> <span class='ocrx_word' id='word_1_454' title='bbox 1567 3503 1689 3556; x_wconf 87' lang='lat' dir='ltr'><strong>aliis</strong></span> <span class='ocrx_word' id='word_1_455' title='bbox 1716 3502 2002 3573; x_wconf 76' lang='lat' dir='ltr'><strong>cogitatio-</strong></span> 
     </span>
    </p>
   </div>
   <div class='ocr_carea' id='block_1_68' title="bbox 425 3597 2001 3669">
    <p class='ocr_par' dir='ltr' id='par_1_68' title="bbox 425 3597 2001 3669">
     <span class='ocr_line' id='line_1_68' title="bbox 425 3597 2001 3669; baseline -0.004 -13"><span class='ocrx_word' id='word_1_456' title='bbox 425 3617 550 3656; x_wconf 88' lang='lat' dir='ltr'><strong>nem</strong></span> <span class='ocrx_word' id='word_1_457' title='bbox 584 3600 852 3669; x_wconf 77' lang='lat' dir='ltr'><strong>attingere</strong></span> <span class='ocrx_word' id='word_1_458' title='bbox 878 3598 1208 3662; x_wconf 85' lang='lat' dir='ltr'><strong>audeamus;</strong></span> <span class='ocrx_word' id='word_1_459' title='bbox 1228 3597 1504 3666; x_wconf 88' lang='lat' dir='ltr'><strong>quomodo</strong></span> <span class='ocrx_word' id='word_1_460' title='bbox 1543 3611 1676 3651; x_wconf 89' lang='lat' dir='ltr'><strong>vero</strong></span> <span class='ocrx_word' id='word_1_461' title='bbox 1697 3605 1753 3650; x_wconf 92' lang='lat' dir='ltr'><strong>et</strong></span> <span class='ocrx_word' id='word_1_462' title='bbox 1781 3611 2001 3650; x_wconf 87' lang='lat' dir='ltr'><strong>movere</strong></span> 
     </span>
    </p>
   </div>
   <div class='ocr_carea' id='block_1_69' title="bbox 425 3689 2003 3764">
    <p class='ocr_par' dir='ltr' id='par_1_69' title="bbox 425 3689 2003 3764">
     <span class='ocr_line' id='line_1_69' title="bbox 425 3689 2003 3764; baseline -0.003 -16"><span class='ocrx_word' id='word_1_463' title='bbox 425 3696 666 3764; x_wconf 74' lang='lat' dir='ltr'><strong>linguam</strong></span> <span class='ocrx_word' id='word_1_464' title='bbox 697 3693 924 3747; x_wconf 90' lang='lat' dir='ltr'><strong>omnino</strong></span> <span class='ocrx_word' id='word_1_465' title='bbox 954 3691 1253 3746; x_wconf 83' lang='lat' dir='ltr'><strong>audeamus</strong></span> <span class='ocrx_word' id='word_1_466' title='bbox 1281 3706 1447 3760; x_wconf 90' lang='lat' dir='ltr'><strong>super</strong></span> <span class='ocrx_word' id='word_1_467' title='bbox 1481 3689 1584 3753; x_wconf 86' lang='lat' dir='ltr'><strong>his,</strong></span> <span class='ocrx_word' id='word_1_468' title='bbox 1622 3704 1852 3758; x_wconf 90' lang='lat' dir='ltr'><strong>quorum</strong></span> <span class='ocrx_word' id='word_1_469' title='bbox 1878 3689 2003 3760; x_wconf 91' lang='lat' dir='ltr'><strong>Spi-</strong></span> 
     </span>
    </p>
   </div>
   <div class='ocr_carea' id='block_1_70' title="bbox 425 3781 2004 3854">
    <p class='ocr_par' dir='ltr' id='par_1_70' title="bbox 425 3781 2004 3854">
     <span class='ocr_line' id='line_1_70' title="bbox 425 3781 2004 3854; baseline -0.004 -13"><span class='ocrx_word' id='word_1_470' title='bbox 425 3787 565 3841; x_wconf 86' lang='lat' dir='ltr'><strong>ritus</strong></span> <span class='ocrx_word' id='word_1_471' title='bbox 589 3785 764 3841; x_wconf 75' lang='lat' dir='ltr'><strong>suucti</strong></span> <span class='ocrx_word' id='word_1_472' title='bbox 800 3785 1066 3854; x_wconf 85' lang='lat' dir='ltr'><strong>propheta</strong></span> <span class='ocrx_word' id='word_1_473' title='bbox 1100 3783 1289 3838; x_wconf 90' lang='lat' dir='ltr'><strong>nescio</strong></span> <span class='ocrx_word' id='word_1_474' title='bbox 1311 3785 1588 3851; x_wconf 87' lang='lat' dir='ltr'><strong>quomodo</strong></span> <span class='ocrx_word' id='word_1_475' title='bbox 1639 3782 1790 3850; x_wconf 88' lang='lat' dir='ltr'><strong>plura</strong></span> <span class='ocrx_word' id='word_1_476' title='bbox 1827 3781 2004 3837; x_wconf 86' lang='lat' dir='ltr'><strong>conti-</strong></span> 
     </span>
    </p>
   </div>
   <div class='ocr_carea' id='block_1_71' title="bbox 426 3873 2008 3946">
    <p class='ocr_par' dir='ltr' id='par_1_71' title="bbox 426 3873 2008 3946">
     <span class='ocr_line' id='line_1_71' title="bbox 426 3873 2008 3946; baseline -0.002 -14"><span class='ocrx_word' id='word_1_477' title='bbox 426 3878 564 3932; x_wconf 86' lang='lat' dir='ltr'><strong>cuit.</strong></span> <span class='ocrx_word' id='word_1_478' title='bbox 600 3876 941 3946; x_wconf 87' lang='lat' dir='ltr'><strong>lmpossibile</strong></span> <span class='ocrx_word' id='word_1_479' title='bbox 985 3875 1230 3940; x_wconf 88' lang='lat' dir='ltr'><strong>omnino,</strong></span> <span class='ocrx_word' id='word_1_480' title='bbox 1267 3874 1620 3943; x_wconf 86' lang='lat' dir='ltr'><strong>impossibile.</strong></span> <span class='ocrx_word' id='word_1_481' title='bbox 1659 3873 1809 3928; x_wconf 90' lang='lat' dir='ltr'><strong>Unde</strong></span> <span class='ocrx_word' id='word_1_482' title='bbox 1856 3889 2008 3929; x_wconf 89' lang='lat' dir='ltr'><strong>recc-</strong></span> 
     </span>
    </p>
   </div>
   <div class='ocr_carea' id='block_1_72' title="bbox 425 3966 2000 4036">
    <p class='ocr_par' dir='ltr' id='par_1_72' title="bbox 425 3966 2000 4036">
     <span class='ocr_line' id='line_1_72' title="bbox 425 3966 2000 4036; baseline -0.001 -14"><span class='ocrx_word' id='word_1_483' title='bbox 425 3970 559 4025; x_wconf 89' lang='lat' dir='ltr'><strong>dere</strong></span> <span class='ocrx_word' id='word_1_484' title='bbox 580 3979 635 4023; x_wconf 92' lang='lat' dir='ltr'><strong>et</strong></span> <span class='ocrx_word' id='word_1_485' title='bbox 675 3984 777 4022; x_wconf 90' lang='lat' dir='ltr'><strong>nos</strong></span> <span class='ocrx_word' id='word_1_486' title='bbox 809 3969 987 4034; x_wconf 88' lang='lat' dir='ltr'><strong>decet,</strong></span> <span class='ocrx_word' id='word_1_487' title='bbox 1039 3978 1090 4021; x_wconf 90' lang='lat' dir='ltr'><strong>et</strong></span> <span class='ocrx_word' id='word_1_488' title='bbox 1144 3967 1382 4036; x_wconf 86' lang='lat' dir='ltr'><strong>plurima</strong></span> <span class='ocrx_word' id='word_1_489' title='bbox 1438 3966 1660 4022; x_wconf 84' lang='lat' dir='ltr'><strong>silentio</strong></span> <span class='ocrx_word' id='word_1_490' title='bbox 1701 3967 2000 4021; x_wconf 88' lang='lat' dir='ltr'><strong>transilire.</strong></span> 
     </span>
    </p>
   </div>
   <div class='ocr_carea' id='block_1_73' title="bbox 427 4057 2007 4126">
    <p class='ocr_par' dir='ltr' id='par_1_73' title="bbox 427 4057 2007 4126">
     <span class='ocr_line' id='line_1_73' title="bbox 427 4057 2007 4126; baseline -0.001 -12"><span class='ocrx_word' id='word_1_491' title='bbox 427 4062 568 4126; x_wconf 86' lang='lat' dir='ltr'><strong>Quid</strong></span> <span class='ocrx_word' id='word_1_492' title='bbox 604 4061 749 4114; x_wconf 89' lang='lat' dir='ltr'><strong>enim</strong></span> <span class='ocrx_word' id='word_1_493' title='bbox 772 4059 919 4113; x_wconf 89' lang='lat' dir='ltr'><strong>aliud</strong></span> <span class='ocrx_word' id='word_1_494' title='bbox 943 4058 1235 4112; x_wconf 88' lang='lat' dir='ltr'><strong>fecerimus</strong></span> <span class='ocrx_word' id='word_1_495' title='bbox 1264 4057 1318 4110; x_wconf 92' lang='lat' dir='ltr'><strong>in</strong></span> <span class='ocrx_word' id='word_1_496' title='bbox 1352 4058 1532 4120; x_wconf 88' lang='lat' dir='ltr'><strong>bis,in</strong></span> <span class='ocrx_word' id='word_1_497' title='bbox 1565 4058 1761 4126; x_wconf 90' lang='lat' dir='ltr'><strong>quibus</strong></span> <span class='ocrx_word' id='word_1_498' title='bbox 1796 4074 1900 4114; x_wconf 91' lang='lat' dir='ltr'><strong>non</strong></span> <span class='ocrx_word' id='word_1_499' title='bbox 1923 4060 2007 4113; x_wconf 84' lang='lat' dir='ltr'><strong>in-</strong></span> 
     </span>
    </p>
   </div>
   <div class='ocr_carea' id='block_1_74' title="bbox 428 4150 2002 4222">
    <p class='ocr_par' dir='ltr' id='par_1_74' title="bbox 428 4150 2002 4222">
     <span class='ocr_line' id='line_1_74' title="bbox 428 4150 2002 4222; baseline 0 -16"><span class='ocrx_word' id='word_1_500' title='bbox 428 4152 680 4206; x_wconf 85' lang='lat' dir='ltr'><strong>venimus</strong></span> <span class='ocrx_word' id='word_1_501' title='bbox 703 4151 1030 4220; x_wconf 87' lang='lat' dir='ltr'><strong>scriptorem</strong></span> <span class='ocrx_word' id='word_1_502' title='bbox 1056 4150 1335 4204; x_wconf 89' lang='lat' dir='ltr'><strong>ductorcm</strong></span> <span class='ocrx_word' id='word_1_503' title='bbox 1369 4151 1570 4218; x_wconf 86' lang='lat' dir='ltr'><strong>pariter</strong></span> <span class='ocrx_word' id='word_1_504' title='bbox 1589 4151 2002 4222; x_wconf 77' lang='lat' dir='ltr'><strong>etmagistrum.</strong></span> 
     </span>
    </p>
   </div>
   <div class='ocr_carea' id='block_1_75' title="bbox 431 4243 2011 4313">
    <p class='ocr_par' dir='ltr' id='par_1_75' title="bbox 431 4243 2011 4313">
     <span class='ocr_line' id='line_1_75' title="bbox 431 4243 2011 4313; baseline 0.001 -15"><span class='ocrx_word' id='word_1_505' title='bbox 431 4244 540 4299; x_wconf 80' lang='lat' dir='ltr'><strong>Sed</strong></span> <span class='ocrx_word' id='word_1_506' title='bbox 568 4249 634 4298; x_wconf 79' lang='lat' dir='ltr'><strong>de</strong></span> <span class='ocrx_word' id='word_1_507' title='bbox 666 4258 818 4297; x_wconf 90' lang='lat' dir='ltr'><strong>more</strong></span> <span class='ocrx_word' id='word_1_508' title='bbox 848 4243 1056 4313; x_wconf 87' lang='lat' dir='ltr'><strong>pariter</strong></span> <span class='ocrx_word' id='word_1_509' title='bbox 1077 4243 1142 4296; x_wconf 82' lang='lat' dir='ltr'><strong>ad</strong></span> <span class='ocrx_word' id='word_1_510' title='bbox 1172 4252 1263 4296; x_wconf 89' lang='lat' dir='ltr'><strong>tua</strong></span> <span class='ocrx_word' id='word_1_511' title='bbox 1306 4243 1561 4297; x_wconf 88' lang='lat' dir='ltr'><strong>mandata</strong></span> <span class='ocrx_word' id='word_1_512' title='bbox 1603 4259 1702 4298; x_wconf 91' lang='lat' dir='ltr'><strong>nos</strong></span> <span class='ocrx_word' id='word_1_513' title='bbox 1738 4243 2011 4299; x_wconf 86' lang='lat' dir='ltr'><strong>inclinan-</strong></span> 
     </span>
    </p>
   </div>
   <div class='ocr_carea' id='block_1_76' title="bbox 431 4335 2003 4406">
    <p class='ocr_par' dir='ltr' id='par_1_76' title="bbox 431 4335 2003 4406">
     <span class='ocr_line' id='line_1_76' title="bbox 431 4335 2003 4406; baseline -0.002 -12"><span class='ocrx_word' id='word_1_514' title='bbox 431 4350 535 4404; x_wconf 87' lang='lat' dir='ltr'><strong>tes,</strong></span> <span class='ocrx_word' id='word_1_515' title='bbox 567 4338 815 4393; x_wconf 87' lang='lat' dir='ltr'><strong>volentes</strong></span> <span class='ocrx_word' id='word_1_516' title='bbox 849 4337 1121 4400; x_wconf 88' lang='lat' dir='ltr'><strong>nolentes,</strong></span> <span class='ocrx_word' id='word_1_517' title='bbox 1141 4344 1194 4390; x_wconf 86' lang='lat' dir='ltr'><strong>et</strong></span> <span class='ocrx_word' id='word_1_518' title='bbox 1224 4335 1369 4406; x_wconf 89' lang='lat' dir='ltr'><strong>quod</strong></span> <span class='ocrx_word' id='word_1_519' title='bbox 1399 4335 1739 4390; x_wconf 85' lang='lat' dir='ltr'><strong>inaccessum</strong></span> <span class='ocrx_word' id='word_1_520' title='bbox 1778 4345 1862 4391; x_wconf 85' lang='lat' dir='ltr'><strong>est</strong></span> <span class='ocrx_word' id='word_1_521' title='bbox 1890 4338 2003 4405; x_wconf 87' lang='lat' dir='ltr'><strong>jam</strong></span> 
     </span>
    </p>
   </div>
   <div class='ocr_carea' id='block_1_77' title="bbox 2102 3157 3668 3241">
    <p class='ocr_par' dir='ltr' id='par_1_77' title="bbox 2102 3157 3668 3241">
     <span class='ocr_line' id='line_1_77' title="bbox 2102 3157 3668 3241; baseline -0.009 -18"><span class='ocrx_word' id='word_1_522' title='bbox 2102 3171 2180 3241; x_wconf 85' lang='grc' dir='ltr'><strong>τῷ</strong></span> <span class='ocrx_word' id='word_1_523' title='bbox 2214 3169 2418 3240; x_wconf 84' lang='grc' dir='ltr'><strong>πρώτῳ</strong></span> <span class='ocrx_word' id='word_1_524' title='bbox 2453 3169 2594 3235; x_wconf 72' lang='grc' dir='ltr'><strong>φωτὶ</strong></span> <span class='ocrx_word' id='word_1_525' title='bbox 2633 3165 2887 3218; x_wconf 85' lang='grc' dir='ltr'><strong>κάκεῖθεν</strong></span> <span class='ocrx_word' id='word_1_526' title='bbox 2921 3160 3187 3230; x_wconf 79' lang='grc' dir='ltr'><strong>ἔλλαμψιν</strong></span> <span class='ocrx_word' id='word_1_527' title='bbox 3219 3157 3495 3224; x_wconf 78' lang='grc' dir='ltr'><strong>δέξασθαι,</strong></span> <span class='ocrx_word' id='word_1_528' title='bbox 3531 3158 3668 3225; x_wconf 75' lang='grc' dir='ltr'><strong>δῆλα</strong></span> 
     </span>
    </p>
   </div>
   <div class='ocr_carea' id='block_1_78' title="bbox 2104 3241 3669 3327">
    <p class='ocr_par' dir='ltr' id='par_1_78' title="bbox 2104 3241 3669 3327">
     <span class='ocr_line' id='line_1_78' title="bbox 2104 3241 3669 3327; baseline -0.012 -10"><span class='ocrx_word' id='word_1_529' title='bbox 2104 3262 2364 3317; x_wconf 73' lang='grc' dir='ltr'><strong>ποιοῦσαν</strong></span> <span class='ocrx_word' id='word_1_530' title='bbox 2396 3259 2464 3313; x_wconf 75' lang='grc' dir='ltr'><strong>τὰ</strong></span> <span class='ocrx_word' id='word_1_531' title='bbox 2495 3255 2852 3327; x_wconf 80' lang='grc' dir='ltr'><strong>κεκρυμμένα</strong></span> <span class='ocrx_word' id='word_1_532' title='bbox 2887 3254 2985 3307; x_wconf 73' lang='grc' dir='ltr'><strong>καὶ</strong></span> <span class='ocrx_word' id='word_1_533' title='bbox 3027 3252 3259 3320; x_wconf 81' lang='grc' dir='ltr'><strong>ἑκφορα.</strong></span> <span class='ocrx_word' id='word_1_534' title='bbox 3292 3247 3494 3302; x_wconf 82' lang='grc' dir='ltr'><strong>Τοῦτον</strong></span> <span class='ocrx_word' id='word_1_535' title='bbox 3516 3241 3669 3318; x_wconf 71' lang='grc' dir='ltr'><strong>εὕρεο</strong></span> 
     </span>
    </p>
   </div>
   <div class='ocr_carea' id='block_1_79' title="bbox 2105 3341 3668 3421">
    <p class='ocr_par' dir='ltr' id='par_1_79' title="bbox 2105 3341 3668 3421">
     <span class='ocr_line' id='line_1_79' title="bbox 2105 3341 3668 3421; baseline -0.012 -11"><span class='ocrx_word' id='word_1_536' title='bbox 2105 3357 2358 3410; x_wconf 76' lang='grc' dir='ltr'><strong>κάκεῖνον</strong></span> <span class='ocrx_word' id='word_1_537' title='bbox 2416 3350 2597 3421; x_wconf 71' lang='grc' dir='ltr'><strong>ἐρώτα</strong></span> <span class='ocrx_word' id='word_1_538' title='bbox 2656 3348 2782 3418; x_wconf 75' lang='grc' dir='ltr'><strong>περὶ</strong></span> <span class='ocrx_word' id='word_1_539' title='bbox 2831 3343 3166 3413; x_wconf 77' lang='grc' dir='ltr'><strong>παραδείσου</strong></span> <span class='ocrx_word' id='word_1_540' title='bbox 3213 3342 3311 3396; x_wconf 76' lang='grc' dir='ltr'><strong>καὶ</strong></span> <span class='ocrx_word' id='word_1_541' title='bbox 3387 3341 3626 3410; x_wconf 75' lang='grc' dir='ltr'><strong>μάνθανε</strong></span> <span class='ocrx_word' id='word_1_542' title='bbox 3653 3357 3668 3372; x_wconf 92' lang='grc'><strong>·</strong></span> 
     </span>
    </p>
   </div>
   <div class='ocr_carea' id='block_1_80' title="bbox 2107 3431 3667 3514">
    <p class='ocr_par' dir='ltr' id='par_1_80' title="bbox 2107 3431 3667 3514">
     <span class='ocr_line' id='line_1_80' title="bbox 2107 3431 3667 3514; baseline -0.01 -17"><span class='ocrx_word' id='word_1_543' title='bbox 2107 3446 2270 3514; x_wconf 79' lang='grc' dir='ltr'><strong>ἡμεῖς</strong></span> <span class='ocrx_word' id='word_1_544' title='bbox 2300 3443 2431 3510; x_wconf 84' lang='grc' dir='ltr'><strong>γὰρ,</strong></span> <span class='ocrx_word' id='word_1_545' title='bbox 2485 3436 2759 3493; x_wconf 75' lang='grc' dir='ltr'><strong>θεοείκελε</strong></span> <span class='ocrx_word' id='word_1_546' title='bbox 2803 3435 2955 3504; x_wconf 78' lang='grc' dir='ltr'><strong>ἄνερ,</strong></span> <span class='ocrx_word' id='word_1_547' title='bbox 2990 3432 3223 3502; x_wconf 78' lang='grc' dir='ltr'><strong>ἀμαθεῖς</strong></span> <span class='ocrx_word' id='word_1_548' title='bbox 3267 3433 3360 3486; x_wconf 73' lang='grc' dir='ltr'><strong>ἐπὶ</strong></span> <span class='ocrx_word' id='word_1_549' title='bbox 3401 3431 3667 3483; x_wconf 74' lang='grc' dir='ltr'><strong>τοσούτων</strong></span> 
     </span>
    </p>
   </div>
   <div class='ocr_carea' id='block_1_81' title="bbox 2106 3521 3659 3602">
    <p class='ocr_par' dir='ltr' id='par_1_81' title="bbox 2106 3521 3659 3602">
     <span class='ocr_line' id='line_1_81' title="bbox 2106 3521 3659 3602; baseline -0.01 -14"><span class='ocrx_word' id='word_1_550' title='bbox 2106 3535 2260 3596; x_wconf 69' lang='grc' dir='ltr'><strong>ὄντες</strong></span> <span class='ocrx_word' id='word_1_551' title='bbox 2295 3533 2390 3586; x_wconf 70' lang='grc' dir='ltr'><strong>καὶ</strong></span> <span class='ocrx_word' id='word_1_552' title='bbox 2415 3530 2590 3602; x_wconf 77' lang='grc' dir='ltr'><strong>χαμαὶ</strong></span> <span class='ocrx_word' id='word_1_553' title='bbox 2622 3529 2914 3599; x_wconf 84' lang='grc' dir='ltr'><strong>συρόμενοι</strong></span> <span class='ocrx_word' id='word_1_554' title='bbox 2937 3525 3214 3594; x_wconf 77' lang='grc' dir='ltr'><strong>φρόνημα,</strong></span> <span class='ocrx_word' id='word_1_555' title='bbox 3267 3523 3382 3583; x_wconf 77' lang='grc' dir='ltr'><strong>πῶς</strong></span> <span class='ocrx_word' id='word_1_556' title='bbox 3409 3521 3659 3591; x_wconf 74' lang='grc' dir='ltr'><strong>ὑψηλοτέ-</strong></span> 
     </span>
    </p>
   </div>
   <div class='ocr_carea' id='block_1_82' title="bbox 2111 3610 3664 3697">
    <p class='ocr_par' dir='ltr' id='par_1_82' title="bbox 2111 3610 3664 3697">
     <span class='ocr_line' id='line_1_82' title="bbox 2111 3610 3664 3697; baseline -0.009 -18"><span class='ocrx_word' id='word_1_557' title='bbox 2111 3643 2221 3697; x_wconf 88' lang='grc' dir='ltr'><strong>ρων</strong></span> <span class='ocrx_word' id='word_1_558' title='bbox 2248 3621 2813 3694; x_wconf 66' lang='grc' dir='ltr'><strong>ᾰψασθαινοημάτων</strong></span> <span class='ocrx_word' id='word_1_559' title='bbox 2853 3617 3271 3688; x_wconf 78' lang='grc' dir='ltr'><strong>θαρῤήσαιμεν;</strong></span> <span class='ocrx_word' id='word_1_560' title='bbox 3323 3614 3447 3677; x_wconf 85' lang='grc' dir='ltr'><strong>Πῶς</strong></span> <span class='ocrx_word' id='word_1_561' title='bbox 3474 3615 3530 3666; x_wconf 77' lang='grc' dir='ltr'><strong>δὲ</strong></span> <span class='ocrx_word' id='word_1_562' title='bbox 3577 3610 3664 3666; x_wconf 75' lang='grc' dir='ltr'><strong>καὶ</strong></span> 
     </span>
    </p>
   </div>
   <div class='ocr_carea' id='block_1_83' title="bbox 2111 3703 3664 3786">
    <p class='ocr_par' dir='ltr' id='par_1_83' title="bbox 2111 3703 3664 3786">
     <span class='ocr_line' id='line_1_83' title="bbox 2111 3703 3664 3786; baseline -0.009 -14"><span class='ocrx_word' id='word_1_563' title='bbox 2111 3717 2332 3786; x_wconf 81' lang='grc' dir='ltr'><strong>κινῆσαι</strong></span> <span class='ocrx_word' id='word_1_564' title='bbox 2359 3715 2458 3785; x_wconf 80' lang='grc' dir='ltr'><strong>τὴν</strong></span> <span class='ocrx_word' id='word_1_565' title='bbox 2501 3714 2756 3784; x_wconf 84' lang='grc' dir='ltr'><strong>γλῶσσαν</strong></span> <span class='ocrx_word' id='word_1_566' title='bbox 2791 3711 2928 3775; x_wconf 86' lang='grc' dir='ltr'><strong>δλως</strong></span> <span class='ocrx_word' id='word_1_567' title='bbox 2963 3709 3363 3778; x_wconf 77' lang='grc' dir='ltr'><strong>τολμήσαιμεν,</strong></span> <span class='ocrx_word' id='word_1_568' title='bbox 3410 3708 3494 3775; x_wconf 78' lang='grc' dir='ltr'><strong>ἐφ’</strong></span> <span class='ocrx_word' id='word_1_569' title='bbox 3522 3703 3602 3767; x_wconf 70' lang='grc' dir='ltr'><strong>οἷς</strong></span> <span class='ocrx_word' id='word_1_570' title='bbox 3639 3705 3664 3758; x_wconf 78' lang='grc' dir='ltr'><strong>δ</strong></span> 
     </span>
    </p>
   </div>
   <div class='ocr_carea' id='block_1_84' title="bbox 2112 3795 3664 3879">
    <p class='ocr_par' dir='ltr' id='par_1_84' title="bbox 2112 3795 3664 3879">
     <span class='ocr_line' id='line_1_84' title="bbox 2112 3795 3664 3879; baseline -0.009 -17"><span class='ocrx_word' id='word_1_571' title='bbox 2112 3808 2396 3879; x_wconf 81' lang='grc' dir='ltr'><strong>ὑποφήτης</strong></span> <span class='ocrx_word' id='word_1_572' title='bbox 2440 3803 2535 3858; x_wconf 80' lang='grc' dir='ltr'><strong>τοῦ</strong></span> <span class='ocrx_word' id='word_1_573' title='bbox 2583 3801 2903 3865; x_wconf 84' lang='grc' dir='ltr'><strong>Πνεύματος</strong></span> <span class='ocrx_word' id='word_1_574' title='bbox 2953 3800 3052 3854; x_wconf 82' lang='grc' dir='ltr'><strong>οὐκ</strong></span> <span class='ocrx_word' id='word_1_575' title='bbox 3077 3795 3175 3852; x_wconf 82' lang='grc' dir='ltr'><strong>οἷδ’</strong></span> <span class='ocrx_word' id='word_1_576' title='bbox 3207 3802 3354 3860; x_wconf 80' lang='grc' dir='ltr'><strong>ὅπως</strong></span> <span class='ocrx_word' id='word_1_577' title='bbox 3383 3798 3451 3851; x_wconf 79' lang='grc' dir='ltr'><strong>τά</strong></span> <span class='ocrx_word' id='word_1_578' title='bbox 3501 3797 3664 3850; x_wconf 79' lang='grc' dir='ltr'><strong>πλεέω</strong></span> 
     </span>
    </p>
   </div>
   <div class='ocr_carea' id='block_1_85' title="bbox 2113 3890 3660 3968">
    <p class='ocr_par' dir='ltr' id='par_1_85' title="bbox 2113 3890 3660 3968">
     <span class='ocr_line' id='line_1_85' title="bbox 2113 3890 3660 3968; baseline -0.008 -14"><span class='ocrx_word' id='word_1_579' title='bbox 2113 3901 2436 3968; x_wconf 72' lang='grc' dir='ltr'><strong>σεσίγηκενς</strong></span> <span class='ocrx_word' id='word_1_580' title='bbox 2479 3895 2783 3966; x_wconf 80' lang='grc' dir='ltr'><strong>’Δμήχανον</strong></span> <span class='ocrx_word' id='word_1_581' title='bbox 2810 3893 3043 3956; x_wconf 84' lang='grc' dir='ltr'><strong>πάντως,</strong></span> <span class='ocrx_word' id='word_1_582' title='bbox 3078 3890 3553 3962; x_wconf 82' lang='grc' dir='ltr'><strong>ἀμήχανον.’οθεν</strong></span> <span class='ocrx_word' id='word_1_583' title='bbox 3580 3893 3660 3956; x_wconf 73' lang='grc' dir='ltr'><strong>ἑγ-</strong></span> 
     </span>
    </p>
   </div>
   <div class='ocr_carea' id='block_1_86' title="bbox 2111 3980 3657 4058">
    <p class='ocr_par' dir='ltr' id='par_1_86' title="bbox 2111 3980 3657 4058">
     <span class='ocr_line' id='line_1_86' title="bbox 2111 3980 3657 4058; baseline -0.01 -15"><span class='ocrx_word' id='word_1_584' title='bbox 2111 3988 2402 4058; x_wconf 81' lang='grc' dir='ltr'><strong>γωνιάζειν</strong></span> <span class='ocrx_word' id='word_1_585' title='bbox 2430 3985 2524 4040; x_wconf 77' lang='grc' dir='ltr'><strong>καὶ</strong></span> <span class='ocrx_word' id='word_1_586' title='bbox 2552 3986 2699 4054; x_wconf 83' lang='grc' dir='ltr'><strong>ἡμᾶς</strong></span> <span class='ocrx_word' id='word_1_587' title='bbox 2727 3983 2958 4052; x_wconf 72' lang='grc' dir='ltr'><strong>ἔπρεπε,</strong></span> <span class='ocrx_word' id='word_1_588' title='bbox 2994 3981 3062 4034; x_wconf 80' lang='grc' dir='ltr'><strong>τὰ</strong></span> <span class='ocrx_word' id='word_1_589' title='bbox 3086 3980 3314 4034; x_wconf 80' lang='grc' dir='ltr'><strong>πλεῖστά</strong></span> <span class='ocrx_word' id='word_1_590' title='bbox 3344 3997 3401 4032; x_wconf 90' lang='grc' dir='ltr'><strong>τε</strong></span> <span class='ocrx_word' id='word_1_591' title='bbox 3438 3980 3657 4046; x_wconf 77' lang='grc' dir='ltr'><strong>σιωπᾷν’</strong></span> 
     </span>
    </p>
   </div>
   <div class='ocr_carea' id='block_1_87' title="bbox 2113 4067 3660 4148">
    <p class='ocr_par' dir='ltr' id='par_1_87' title="bbox 2113 4067 3660 4148">
     <span class='ocr_line' id='line_1_87' title="bbox 2113 4067 3660 4148; baseline -0.007 -14"><span class='ocrx_word' id='word_1_592' title='bbox 2113 4082 2207 4135; x_wconf 73' lang='grc' dir='ltr'><strong>καὶ</strong></span> <span class='ocrx_word' id='word_1_593' title='bbox 2238 4079 2292 4132; x_wconf 82' lang='grc' dir='ltr'><strong>τί</strong></span> <span class='ocrx_word' id='word_1_594' title='bbox 2317 4079 2425 4148; x_wconf 79' lang='grc' dir='ltr'><strong>γὰρ</strong></span> <span class='ocrx_word' id='word_1_595' title='bbox 2446 4077 2632 4147; x_wconf 73' lang='grc' dir='ltr'><strong>ἕτερον</strong></span> <span class='ocrx_word' id='word_1_596' title='bbox 2656 4075 2961 4146; x_wconf 80' lang='grc' dir='ltr'><strong>δράσαιμεν</strong></span> <span class='ocrx_word' id='word_1_597' title='bbox 2991 4072 3074 4141; x_wconf 74' lang='grc' dir='ltr'><strong>ἐφ’</strong></span> <span class='ocrx_word' id='word_1_598' title='bbox 3103 4067 3184 4136; x_wconf 78' lang='grc' dir='ltr'><strong>οἷς</strong></span> <span class='ocrx_word' id='word_1_599' title='bbox 3207 4074 3303 4140; x_wconf 76' lang='grc' dir='ltr'><strong>οὐχ</strong></span> <span class='ocrx_word' id='word_1_600' title='bbox 3329 4070 3559 4141; x_wconf 82' lang='grc' dir='ltr'><strong>εὓρομεν</strong></span> <span class='ocrx_word' id='word_1_601' title='bbox 3584 4070 3660 4123; x_wconf 66' lang='grc' dir='ltr'><strong>τὸν</strong></span> 
     </span>
    </p>
   </div>
   <div class='ocr_carea' id='block_1_88' title="bbox 2117 4162 3663 4240">
    <p class='ocr_par' dir='ltr' id='par_1_88' title="bbox 2117 4162 3663 4240">
     <span class='ocr_line' id='line_1_88' title="bbox 2117 4162 3663 4240; baseline -0.007 -15"><span class='ocrx_word' id='word_1_602' title='bbox 2117 4171 2444 4240; x_wconf 81' lang='grc' dir='ltr'><strong>συγγραφέα</strong></span> <span class='ocrx_word' id='word_1_603' title='bbox 2471 4168 2611 4236; x_wconf 82' lang='grc' dir='ltr'><strong>ὁμοῦ</strong></span> <span class='ocrx_word' id='word_1_604' title='bbox 2642 4165 2963 4235; x_wconf 80' lang='grc' dir='ltr'><strong>καθηγητὴν</strong></span> <span class='ocrx_word' id='word_1_605' title='bbox 2989 4167 3083 4218; x_wconf 75' lang='grc' dir='ltr'><strong>καὶ</strong></span> <span class='ocrx_word' id='word_1_606' title='bbox 3119 4164 3480 4228; x_wconf 81' lang='grc' dir='ltr'><strong>διδάσκαλον;</strong></span> <span class='ocrx_word' id='word_1_607' title='bbox 3519 4162 3663 4215; x_wconf 81' lang='grc' dir='ltr'><strong>Ἀλλά</strong></span> 
     </span>
    </p>
   </div>
   <div class='ocr_carea' id='block_1_89' title="bbox 2117 4254 3663 4329">
    <p class='ocr_par' dir='ltr' id='par_1_89' title="bbox 2117 4254 3663 4329">
     <span class='ocr_line' id='line_1_89' title="bbox 2117 4254 3663 4329; baseline -0.006 -17"><span class='ocrx_word' id='word_1_608' title='bbox 2117 4259 2362 4329; x_wconf 85' lang='grc' dir='ltr'><strong>συνήθως</strong></span> <span class='ocrx_word' id='word_1_609' title='bbox 2385 4259 2532 4327; x_wconf 83' lang='grc' dir='ltr'><strong>ὅμως</strong></span> <span class='ocrx_word' id='word_1_610' title='bbox 2561 4255 2970 4324; x_wconf 81' lang='grc' dir='ltr'><strong>ὲπικλινόμενοι</strong></span> <span class='ocrx_word' id='word_1_611' title='bbox 2999 4255 3112 4317; x_wconf 84' lang='grc' dir='ltr'><strong>τοῖς</strong></span> <span class='ocrx_word' id='word_1_612' title='bbox 3161 4257 3276 4316; x_wconf 78' lang='grc' dir='ltr'><strong>σοῖς</strong></span> <span class='ocrx_word' id='word_1_613' title='bbox 3311 4254 3663 4320; x_wconf 72' lang='grc' dir='ltr'><strong>ἐπιτάγμασιν</strong></span> 
     </span>
    </p>
   </div>
   <div class='ocr_carea' id='block_1_90' title="bbox 2117 4343 3661 4416">
    <p class='ocr_par' dir='ltr' id='par_1_90' title="bbox 2117 4343 3661 4416">
     <span class='ocr_line' id='line_1_90' title="bbox 2117 4343 3661 4416; baseline -0.005 -14"><span class='ocrx_word' id='word_1_614' title='bbox 2117 4351 2334 4414; x_wconf 76' lang='grc' dir='ltr'><strong>ἑκόντες</strong></span> <span class='ocrx_word' id='word_1_615' title='bbox 2362 4350 2615 4410; x_wconf 81' lang='grc' dir='ltr'><strong>ἀέκοντες</strong></span> <span class='ocrx_word' id='word_1_616' title='bbox 2665 4348 2758 4400; x_wconf 80' lang='grc' dir='ltr'><strong>καὶ</strong></span> <span class='ocrx_word' id='word_1_617' title='bbox 2788 4345 2896 4400; x_wconf 88' lang='grc' dir='ltr'><strong>τῶν</strong></span> <span class='ocrx_word' id='word_1_618' title='bbox 2925 4345 3233 4414; x_wconf 78' lang='grc' dir='ltr'><strong>ἀνεφίκτων</strong></span> <span class='ocrx_word' id='word_1_619' title='bbox 3268 4345 3370 4416; x_wconf 68' lang='grc' dir='ltr'><strong>ἤδη</strong></span> <span class='ocrx_word' id='word_1_620' title='bbox 3419 4343 3661 4397; x_wconf 77' lang='grc' dir='ltr'><strong>κατατολο</strong></span> 
     </span>
    </p>
   </div>
   <div class='ocr_carea' id='block_1_91' title="bbox 434 4426 1992 4512">
    <p class='ocr_par' dir='ltr' id='par_1_91' title="bbox 434 4426 1986 4496">
     <span class='ocr_line' id='line_1_91' title="bbox 434 4426 1986 4496; baseline -0.003 -11"><span class='ocrx_word' id='word_1_621' title='bbox 434 4431 775 4496; x_wconf 85' lang='lat' dir='ltr'><strong>audeamus;</strong></span> <span class='ocrx_word' id='word_1_622' title='bbox 814 4429 906 4482; x_wconf 91' lang='lat' dir='ltr'><strong>illa</strong></span> <span class='ocrx_word' id='word_1_623' title='bbox 938 4428 1030 4482; x_wconf 78' lang='lat' dir='ltr'><strong>vix</strong></span> <span class='ocrx_word' id='word_1_624' title='bbox 1068 4427 1368 4482; x_wconf 75' lang='lat' dir='ltr'><strong>afferentes</strong></span> <span class='ocrx_word' id='word_1_625' title='bbox 1401 4441 1748 4496; x_wconf 66' lang='lat' dir='ltr'><strong>quaecunque</strong></span> <span class='ocrx_word' id='word_1_626' title='bbox 1797 4426 1928 4480; x_wconf 88' lang='lat' dir='ltr'><strong>hinc</strong></span> <span class='ocrx_word' id='word_1_627' title='bbox 1956 4441 1986 4480; x_wconf 91' lang='lat' dir='ltr'><strong>e</strong></span> 
     </span>
    </p>
   </div>
   <div class='ocr_carea' id='block_1_92' title="bbox 2101 4426 3662 4512">
    <p class='ocr_par' dir='ltr' id='par_1_92' title="bbox 2123 4435 3662 4512">
     <span class='ocr_line' id='line_1_92' title="bbox 2123 4435 3662 4512; baseline -0.006 -17"><span class='ocrx_word' id='word_1_628' title='bbox 2123 4443 2336 4512; x_wconf 80' lang='grc' dir='ltr'><strong>μῶμεν³</strong></span> <span class='ocrx_word' id='word_1_629' title='bbox 2371 4442 2561 4494; x_wconf 77' lang='grc' dir='ltr'><strong>ἐκεῖνα</strong></span> <span class='ocrx_word' id='word_1_630' title='bbox 2590 4440 2686 4493; x_wconf 70' lang='grc' dir='ltr'><strong>καὶ</strong></span> <span class='ocrx_word' id='word_1_631' title='bbox 2717 4438 2872 4508; x_wconf 84' lang='grc' dir='ltr'><strong>μόλις</strong></span> <span class='ocrx_word' id='word_1_632' title='bbox 2902 4437 3320 4508; x_wconf 83' lang='grc' dir='ltr'><strong>προσφέροντες</strong></span> <span class='ocrx_word' id='word_1_633' title='bbox 3367 4437 3566 4504; x_wconf 80' lang='grc' dir='ltr'><strong>ὅσαπερ</strong></span> <span class='ocrx_word' id='word_1_634' title='bbox 3590 4435 3662 4487; x_wconf 77' lang='grc' dir='ltr'><strong>ἒν·</strong></span> 
     </span>
    </p>
   </div>
   <div class='ocr_carea' id='block_1_93' title="bbox 435 4519 2008 4589">
    <p class='ocr_par' dir='ltr' id='par_1_93' title="bbox 435 4519 2008 4589">
     <span class='ocr_line' id='line_1_93' title="bbox 435 4519 2008 4589; baseline -0.004 -11"><span class='ocrx_word' id='word_1_635' title='bbox 435 4523 564 4578; x_wconf 90' lang='lat' dir='ltr'><strong>inde</strong></span> <span class='ocrx_word' id='word_1_636' title='bbox 600 4524 654 4577; x_wconf 91' lang='lat' dir='ltr'><strong>in</strong></span> <span class='ocrx_word' id='word_1_637' title='bbox 703 4531 1046 4576; x_wconf 82' lang='lat' dir='ltr'><strong>antecessum</strong></span> <span class='ocrx_word' id='word_1_638' title='bbox 1097 4519 1328 4575; x_wconf 89' lang='lat' dir='ltr'><strong>summis</strong></span> <span class='ocrx_word' id='word_1_639' title='bbox 1376 4519 1607 4573; x_wconf 88' lang='lat' dir='ltr'><strong>auribus</strong></span> <span class='ocrx_word' id='word_1_640' title='bbox 1654 4521 2008 4589; x_wconf 81' lang='lat' dir='ltr'><strong>excepimus;</strong></span> 
     </span>
    </p>
   </div>
   <div class='ocr_carea' id='block_1_94' title="bbox 431 4613 2012 4675">
    <p class='ocr_par' dir='ltr' id='par_1_94' title="bbox 431 4613 2012 4675">
     <span class='ocr_line' id='line_1_94' title="bbox 431 4613 2012 4675; baseline -0.004 0"><span class='ocrx_word' id='word_1_641' title='bbox 431 4632 489 4675; x_wconf 90' lang='lat' dir='ltr'><strong>et</strong></span> <span class='ocrx_word' id='word_1_642' title='bbox 546 4619 768 4672; x_wconf 91' lang='lat' dir='ltr'><strong>interim</strong></span> <span class='ocrx_word' id='word_1_643' title='bbox 821 4616 1226 4672; x_wconf 85' lang='lat' dir='ltr'><strong>divinissimum</strong></span> <span class='ocrx_word' id='word_1_644' title='bbox 1287 4613 1559 4668; x_wconf 86' lang='lat' dir='ltr'><strong>Joannem</strong></span> <span class='ocrx_word' id='word_1_645' title='bbox 1613 4614 2012 4668; x_wconf 88' lang='lat' dir='ltr'><strong>Damascenum</strong></span> 
     </span>
    </p>
   </div>
   <div class='ocr_carea' id='block_1_95' title="bbox 433 4702 2013 4780">
    <p class='ocr_par' dir='ltr' id='par_1_95' title="bbox 433 4702 2013 4780">
     <span class='ocr_line' id='line_1_95' title="bbox 433 4702 2013 4780; baseline -0.004 -14"><span class='ocrx_word' id='word_1_646' title='bbox 433 4712 500 4766; x_wconf 90' lang='lat' dir='ltr'><strong>de</strong></span> <span class='ocrx_word' id='word_1_647' title='bbox 531 4710 784 4780; x_wconf 78' lang='lat' dir='ltr'><strong>paradiso</strong></span> <span class='ocrx_word' id='word_1_648' title='bbox 812 4709 877 4762; x_wconf 89' lang='lat' dir='ltr'><strong>ad</strong></span> <span class='ocrx_word' id='word_1_649' title='bbox 908 4708 1137 4762; x_wconf 90' lang='lat' dir='ltr'><strong>verbum</strong></span> <span class='ocrx_word' id='word_1_650' title='bbox 1165 4708 1237 4760; x_wconf 87' lang='lat' dir='ltr'><strong>ita</strong></span> <span class='ocrx_word' id='word_1_651' title='bbox 1261 4704 1576 4774; x_wconf 87' lang='lat' dir='ltr'><strong>loquentem</strong></span> <span class='ocrx_word' id='word_1_652' title='bbox 1612 4705 1736 4758; x_wconf 87' lang='lat' dir='ltr'><strong>audi</strong></span> <span class='ocrx_word' id='word_1_653' title='bbox 1765 4721 1779 4757; x_wconf 90' lang='lat'><strong>:</strong></span> <span class='ocrx_word' id='word_1_654' title='bbox 1816 4702 2013 4769; x_wconf 73' lang='lat' dir='ltr'><strong>«Quo-</strong></span> 
     </span>
    </p>
   </div>
   <div class='ocr_carea' id='block_1_96' title="bbox 435 4797 2015 4855">
    <p class='ocr_par' dir='ltr' id='par_1_96' title="bbox 435 4797 2015 4855">
     <span class='ocr_line' id='line_1_96' title="bbox 435 4797 2015 4855; baseline -0.003 -1"><span class='ocrx_word' id='word_1_655' title='bbox 435 4804 581 4854; x_wconf 90' lang='lat' dir='ltr'><strong>niam</strong></span> <span class='ocrx_word' id='word_1_656' title='bbox 629 4800 772 4855; x_wconf 90' lang='lat' dir='ltr'><strong>Deus</strong></span> <span class='ocrx_word' id='word_1_657' title='bbox 830 4816 898 4854; x_wconf 74' lang='lat' dir='ltr'><strong>ex</strong></span> <span class='ocrx_word' id='word_1_658' title='bbox 944 4798 1202 4854; x_wconf 86' lang='lat' dir='ltr'><strong>invisibili</strong></span> <span class='ocrx_word' id='word_1_659' title='bbox 1236 4809 1291 4852; x_wconf 89' lang='lat' dir='ltr'><strong>et</strong></span> <span class='ocrx_word' id='word_1_660' title='bbox 1321 4797 1518 4851; x_wconf 74' lang='lat' dir='ltr'><strong>visiliili</strong></span> <span class='ocrx_word' id='word_1_661' title='bbox 1560 4805 1806 4850; x_wconf 87' lang='lat' dir='ltr'><strong>creatura</strong></span> <span class='ocrx_word' id='word_1_662' title='bbox 1840 4797 2015 4850; x_wconf 86' lang='lat' dir='ltr'><strong>homi-</strong></span> 
     </span>
    </p>
   </div>
   <div class='ocr_carea' id='block_1_97' title="bbox 437 4886 2015 4959">
    <p class='ocr_par' dir='ltr' id='par_1_97' title="bbox 437 4886 2015 4959">
     <span class='ocr_line' id='line_1_97' title="bbox 437 4886 2015 4959; baseline -0.003 -14"><span class='ocrx_word' id='word_1_663' title='bbox 437 4907 563 4945; x_wconf 89' lang='lat' dir='ltr'><strong>nem</strong></span> <span class='ocrx_word' id='word_1_664' title='bbox 613 4893 953 4945; x_wconf 87' lang='lat' dir='ltr'><strong>formaturus</strong></span> <span class='ocrx_word' id='word_1_665' title='bbox 1011 4899 1132 4945; x_wconf 89' lang='lat' dir='ltr'><strong>erat</strong></span> <span class='ocrx_word' id='word_1_666' title='bbox 1182 4889 1247 4943; x_wconf 90' lang='lat' dir='ltr'><strong>ad</strong></span> <span class='ocrx_word' id='word_1_667' title='bbox 1307 4887 1583 4959; x_wconf 65' lang='lat' dir='ltr'><strong>proiiriam</strong></span> <span class='ocrx_word' id='word_1_668' title='bbox 1634 4886 1921 4956; x_wconf 80' lang='lat' dir='ltr'><strong>imaginem</strong></span> <span class='ocrx_word' id='word_1_669' title='bbox 1960 4895 2015 4941; x_wconf 88' lang='lat' dir='ltr'><strong>et</strong></span> 
     </span>
    </p>
   </div>
   <div class='ocr_carea' id='block_1_98' title="bbox 440 4978 2014 5050">
    <p class='ocr_par' dir='ltr' id='par_1_98' title="bbox 440 4978 2014 5050">
     <span class='ocr_line' id='line_1_98' title="bbox 440 4978 2014 5050; baseline -0.003 -15"><span class='ocrx_word' id='word_1_670' title='bbox 440 4980 876 5046; x_wconf 88' lang='lat' dir='ltr'><strong>similitudinem,</strong></span> <span class='ocrx_word' id='word_1_671' title='bbox 917 4981 1294 5050; x_wconf 68' lang='lat' dir='ltr'><strong>prmcedcnter</strong></span> <span class='ocrx_word' id='word_1_672' title='bbox 1355 4978 1524 5034; x_wconf 88' lang='lat' dir='ltr'><strong>veluti</strong></span> <span class='ocrx_word' id='word_1_673' title='bbox 1576 4978 1776 5047; x_wconf 81' lang='lat' dir='ltr'><strong>regiam</strong></span> <span class='ocrx_word' id='word_1_674' title='bbox 1809 4979 2014 5032; x_wconf 88' lang='lat' dir='ltr'><strong>consti-</strong></span> 
     </span>
    </p>
   </div>
   <div class='ocr_carea' id='block_1_99' title="bbox 443 5071 2014 5143">
    <p class='ocr_par' dir='ltr' id='par_1_99' title="bbox 443 5071 2014 5143">
     <span class='ocr_line' id='line_1_99' title="bbox 443 5071 2014 5143; baseline -0.001 -16"><span class='ocrx_word' id='word_1_675' title='bbox 443 5073 566 5136; x_wconf 87' lang='lat' dir='ltr'><strong>tuit,</strong></span> <span class='ocrx_word' id='word_1_676' title='bbox 612 5072 668 5126; x_wconf 89' lang='lat' dir='ltr'><strong>in</strong></span> <span class='ocrx_word' id='word_1_677' title='bbox 718 5089 822 5143; x_wconf 88' lang='lat' dir='ltr'><strong>qua</strong></span> <span class='ocrx_word' id='word_1_678' title='bbox 857 5074 1059 5142; x_wconf 78' lang='lat' dir='ltr'><strong>degens</strong></span> <span class='ocrx_word' id='word_1_679' title='bbox 1127 5074 1341 5128; x_wconf 86' lang='lat' dir='ltr'><strong>beatam</strong></span> <span class='ocrx_word' id='word_1_680' title='bbox 1381 5073 1546 5127; x_wconf 80' lang='lat' dir='ltr'><strong>vitam</strong></span> <span class='ocrx_word' id='word_1_681' title='bbox 1597 5072 1844 5126; x_wconf 88' lang='lat' dir='ltr'><strong>duceret.</strong></span> <span class='ocrx_word' id='word_1_682' title='bbox 1890 5071 2014 5126; x_wconf 73' lang='lat' dir='ltr'><strong>llazc</strong></span> 
     </span>
    </p>
   </div>
   <div class='ocr_carea' id='block_1_100' title="bbox 440 5164 2013 5234">
    <p class='ocr_par' dir='ltr' id='par_1_100' title="bbox 440 5164 2013 5234">
     <span class='ocr_line' id='line_1_100' title="bbox 440 5164 2013 5234; baseline -0.003 -12"><span class='ocrx_word' id='word_1_683' title='bbox 440 5176 624 5222; x_wconf 88' lang='lat' dir='ltr'><strong>autem</strong></span> <span class='ocrx_word' id='word_1_684' title='bbox 652 5176 736 5220; x_wconf 92' lang='lat' dir='ltr'><strong>est</strong></span> <span class='ocrx_word' id='word_1_685' title='bbox 765 5165 987 5220; x_wconf 80' lang='lat' dir='ltr'><strong>divinus</strong></span> <span class='ocrx_word' id='word_1_686' title='bbox 1022 5168 1307 5234; x_wconf 85' lang='lat' dir='ltr'><strong>paradisus</strong></span> <span class='ocrx_word' id='word_1_687' title='bbox 1343 5167 1435 5220; x_wconf 92' lang='lat' dir='ltr'><strong>Dei</strong></span> <span class='ocrx_word' id='word_1_688' title='bbox 1469 5164 1723 5220; x_wconf 88' lang='lat' dir='ltr'><strong>manibus</strong></span> <span class='ocrx_word' id='word_1_689' title='bbox 1755 5165 1810 5218; x_wconf 91' lang='lat' dir='ltr'><strong>in</strong></span> <span class='ocrx_word' id='word_1_690' title='bbox 1844 5164 2013 5219; x_wconf 84' lang='lat' dir='ltr'><strong>Edem</strong></span> 
     </span>
    </p>
   </div>
   <div class='ocr_carea' id='block_1_101' title="bbox 437 5257 2012 5331">
    <p class='ocr_par' dir='ltr' id='par_1_101' title="bbox 437 5257 2012 5331">
     <span class='ocr_line' id='line_1_101' title="bbox 437 5257 2012 5331; baseline -0.002 -17"><span class='ocrx_word' id='word_1_691' title='bbox 437 5263 738 5331; x_wconf 87' lang='lat' dir='ltr'><strong>plaulatus,</strong></span> <span class='ocrx_word' id='word_1_692' title='bbox 775 5258 833 5312; x_wconf 90' lang='lat' dir='ltr'><strong>in</strong></span> <span class='ocrx_word' id='word_1_693' title='bbox 875 5261 1084 5312; x_wconf 86' lang='lat' dir='ltr'><strong>oriente</strong></span> <span class='ocrx_word' id='word_1_694' title='bbox 1113 5259 1332 5327; x_wconf 63' lang='lat' dir='ltr'><strong>quidem</strong></span> <span class='ocrx_word' id='word_1_695' title='bbox 1360 5259 1613 5312; x_wconf 86' lang='lat' dir='ltr'><strong>universa</strong></span> <span class='ocrx_word' id='word_1_696' title='bbox 1657 5268 1802 5312; x_wconf 88' lang='lat' dir='ltr'><strong>terra</strong></span> <span class='ocrx_word' id='word_1_697' title='bbox 1840 5257 2012 5311; x_wconf 89' lang='lat' dir='ltr'><strong>subli-</strong></span> 
     </span>
    </p>
   </div>
   <div class='ocr_carea' id='block_1_102' title="bbox 440 5351 2010 5422">
    <p class='ocr_par' dir='ltr' id='par_1_102' title="bbox 440 5351 2010 5422">
     <span class='ocr_line' id='line_1_102' title="bbox 440 5351 2010 5422; baseline -0.003 -12"><span class='ocrx_word' id='word_1_698' title='bbox 440 5359 606 5419; x_wconf 83' lang='lat' dir='ltr'><strong>mius,</strong></span> <span class='ocrx_word' id='word_1_699' title='bbox 649 5353 882 5422; x_wconf 89' lang='lat' dir='ltr'><strong>positus,</strong></span> <span class='ocrx_word' id='word_1_700' title='bbox 904 5351 1105 5420; x_wconf 81' lang='lat' dir='ltr'><strong>plantis</strong></span> <span class='ocrx_word' id='word_1_701' title='bbox 1139 5365 1355 5420; x_wconf 88' lang='lat' dir='ltr'><strong>semper</strong></span> <span class='ocrx_word' id='word_1_702' title='bbox 1391 5352 1692 5405; x_wconf 87' lang='lat' dir='ltr'><strong>virentibus</strong></span> <span class='ocrx_word' id='word_1_703' title='bbox 1748 5365 2010 5416; x_wconf 88' lang='lat' dir='ltr'><strong>comans;</strong></span> 
     </span>
    </p>
   </div>
   <div class='ocr_carea' id='block_1_103' title="bbox 439 5441 2013 5515">
    <p class='ocr_par' dir='ltr' id='par_1_103' title="bbox 439 5441 2013 5515">
     <span class='ocr_line' id='line_1_103' title="bbox 439 5441 2013 5515; baseline -0.003 -14"><span class='ocrx_word' id='word_1_704' title='bbox 439 5446 607 5502; x_wconf 84' lang='lat' dir='ltr'><strong>odore</strong></span> <span class='ocrx_word' id='word_1_705' title='bbox 654 5445 869 5515; x_wconf 85' lang='lat' dir='ltr'><strong>plenus,</strong></span> <span class='ocrx_word' id='word_1_706' title='bbox 929 5443 1052 5497; x_wconf 92' lang='lat' dir='ltr'><strong>lucc</strong></span> <span class='ocrx_word' id='word_1_707' title='bbox 1085 5441 1339 5507; x_wconf 80' lang='lat' dir='ltr'><strong>affluens,</strong></span> <span class='ocrx_word' id='word_1_708' title='bbox 1395 5442 1660 5512; x_wconf 83' lang='lat' dir='ltr'><strong>cujusque</strong></span> <span class='ocrx_word' id='word_1_709' title='bbox 1716 5443 2013 5512; x_wconf 80' lang='lat' dir='ltr'><strong>spectaculi</strong></span> 
     </span>
    </p>
   </div>
   <div class='ocr_carea' id='block_1_104' title="bbox 440 5535 2015 5609">
    <p class='ocr_par' dir='ltr' id='par_1_104' title="bbox 440 5535 2015 5609">
     <span class='ocr_line' id='line_1_104' title="bbox 440 5535 2015 5609; baseline -0.003 -15"><span class='ocrx_word' id='word_1_710' title='bbox 440 5539 658 5594; x_wconf 86' lang='lat' dir='ltr'><strong>sensilis</strong></span> <span class='ocrx_word' id='word_1_711' title='bbox 712 5548 770 5594; x_wconf 92' lang='lat' dir='ltr'><strong>et</strong></span> <span class='ocrx_word' id='word_1_712' title='bbox 835 5535 1264 5609; x_wconf 90' lang='lat' dir='ltr'><strong>pulchritudinis</strong></span> <span class='ocrx_word' id='word_1_713' title='bbox 1361 5550 1626 5606; x_wconf 87' lang='lat' dir='ltr'><strong>superans</strong></span> <span class='ocrx_word' id='word_1_714' title='bbox 1714 5536 2015 5606; x_wconf 77' lang='lat' dir='ltr'><strong>intelligen-</strong></span> 
     </span>
    </p>
   </div>
   <div class='ocr_carea' id='block_1_105' title="bbox 441 5629 2012 5702">
    <p class='ocr_par' dir='ltr' id='par_1_105' title="bbox 441 5629 2012 5702">
     <span class='ocr_line' id='line_1_105' title="bbox 441 5629 2012 5702; baseline -0.005 -12"><span class='ocrx_word' id='word_1_715' title='bbox 441 5637 567 5690; x_wconf 86' lang='lat' dir='ltr'><strong>tiam</strong></span> <span class='ocrx_word' id='word_1_716' title='bbox 594 5653 608 5700; x_wconf 91' lang='lat'><strong>;</strong></span> <span class='ocrx_word' id='word_1_717' title='bbox 655 5633 842 5690; x_wconf 84' lang='lat' dir='ltr'><strong>divina</strong></span> <span class='ocrx_word' id='word_1_718' title='bbox 887 5631 1114 5689; x_wconf 85' lang='lat' dir='ltr'><strong>omnino</strong></span> <span class='ocrx_word' id='word_1_719' title='bbox 1144 5631 1330 5702; x_wconf 77' lang='lat' dir='ltr'><strong>regio,</strong></span> <span class='ocrx_word' id='word_1_720' title='bbox 1360 5639 1415 5685; x_wconf 84' lang='lat' dir='ltr'><strong>et</strong></span> <span class='ocrx_word' id='word_1_721' title='bbox 1461 5629 1685 5697; x_wconf 73' lang='lat' dir='ltr'><strong>dignum</strong></span> <span class='ocrx_word' id='word_1_722' title='bbox 1709 5645 1794 5697; x_wconf 89' lang='lat' dir='ltr'><strong>eo,</strong></span> <span class='ocrx_word' id='word_1_723' title='bbox 1827 5629 1921 5699; x_wconf 92' lang='lat' dir='ltr'><strong>qui</strong></span> <span class='ocrx_word' id='word_1_724' title='bbox 1945 5629 2012 5683; x_wconf 89' lang='lat' dir='ltr'><strong>ad</strong></span> 
     </span>
    </p>
   </div>
   <div class='ocr_carea' id='block_1_106' title="bbox 442 5721 2015 5798">
    <p class='ocr_par' dir='ltr' id='par_1_106' title="bbox 442 5721 2015 5798">
     <span class='ocr_line' id='line_1_106' title="bbox 442 5721 2015 5798; baseline -0.005 -14"><span class='ocrx_word' id='word_1_725' title='bbox 442 5728 730 5798; x_wconf 73' lang='lat' dir='ltr'><strong>imaginem</strong></span> <span class='ocrx_word' id='word_1_726' title='bbox 787 5726 876 5782; x_wconf 92' lang='lat' dir='ltr'><strong>Dei</strong></span> <span class='ocrx_word' id='word_1_727' title='bbox 924 5725 1103 5781; x_wconf 79' lang='lat' dir='ltr'><strong>factus</strong></span> <span class='ocrx_word' id='word_1_728' title='bbox 1155 5735 1323 5790; x_wconf 82' lang='lat' dir='ltr'><strong>esset,</strong></span> <span class='ocrx_word' id='word_1_729' title='bbox 1383 5721 1780 5787; x_wconf 82' lang='lat' dir='ltr'><strong>habitaculum,</strong></span> <span class='ocrx_word' id='word_1_730' title='bbox 1823 5725 1876 5776; x_wconf 92' lang='lat' dir='ltr'><strong>in</strong></span> <span class='ocrx_word' id='word_1_731' title='bbox 1907 5737 2015 5791; x_wconf 91' lang='lat' dir='ltr'><strong>quo</strong></span> 
     </span>
    </p>
   </div>
   <div class='ocr_carea' id='block_1_107' title="bbox 2115 4528 3660 4602">
    <p class='ocr_par' dir='ltr' id='par_1_107' title="bbox 2115 4528 3660 4602">
     <span class='ocr_line' id='line_1_107' title="bbox 2115 4528 3660 4602; baseline -0.006 -14"><span class='ocrx_word' id='word_1_732' title='bbox 2115 4535 2207 4588; x_wconf 88' lang='grc' dir='ltr'><strong>θεν</strong></span> <span class='ocrx_word' id='word_1_733' title='bbox 2240 4533 2494 4586; x_wconf 86' lang='grc' dir='ltr'><strong>κάκεῖθεν</strong></span> <span class='ocrx_word' id='word_1_734' title='bbox 2521 4531 2852 4601; x_wconf 81' lang='grc' dir='ltr'><strong>ὲφθάκειμεν</strong></span> <span class='ocrx_word' id='word_1_735' title='bbox 2877 4530 3065 4602; x_wconf 74' lang='grc' dir='ltr'><strong>ἄκροις</strong></span> <span class='ocrx_word' id='word_1_736' title='bbox 3110 4529 3246 4582; x_wconf 77' lang='grc' dir='ltr'><strong>ὠσὶν</strong></span> <span class='ocrx_word' id='word_1_737' title='bbox 3275 4528 3624 4582; x_wconf 75' lang='grc' dir='ltr'><strong>ἔνωτίσασθαι</strong></span> <span class='ocrx_word' id='word_1_738' title='bbox 3647 4541 3660 4556; x_wconf 92' lang='grc'><strong>·</strong></span> 
     </span>
    </p>
   </div>
   <div class='ocr_carea' id='block_1_108' title="bbox 2115 4620 3662 4696">
    <p class='ocr_par' dir='ltr' id='par_1_108' title="bbox 2115 4620 3662 4696">
     <span class='ocr_line' id='line_1_108' title="bbox 2115 4620 3662 4696; baseline -0.008 -16"><span class='ocrx_word' id='word_1_739' title='bbox 2115 4629 2210 4680; x_wconf 78' lang='grc' dir='ltr'><strong>καὶ</strong></span> <span class='ocrx_word' id='word_1_740' title='bbox 2238 4625 2543 4696; x_wconf 79' lang='grc' dir='ltr'><strong>τηνικαῦτα</strong></span> <span class='ocrx_word' id='word_1_741' title='bbox 2590 4622 2684 4676; x_wconf 82' lang='grc' dir='ltr'><strong>τοῦ</strong></span> <span class='ocrx_word' id='word_1_742' title='bbox 2737 4623 3018 4689; x_wconf 80' lang='grc' dir='ltr'><strong>θειοτάτου</strong></span> <span class='ocrx_word' id='word_1_743' title='bbox 3079 4622 3332 4674; x_wconf 85' lang='grc' dir='ltr'><strong>Ἰωάννου</strong></span> <span class='ocrx_word' id='word_1_744' title='bbox 3373 4620 3468 4672; x_wconf 79' lang='grc' dir='ltr'><strong>τοῦ</strong></span> <span class='ocrx_word' id='word_1_745' title='bbox 3499 4622 3662 4686; x_wconf 78' lang='grc' dir='ltr'><strong>Δαμα-</strong></span> 
     </span>
    </p>
   </div>
   <div class='ocr_carea' id='block_1_109' title="bbox 2117 4707 3661 4783">
    <p class='ocr_par' dir='ltr' id='par_1_109' title="bbox 2117 4707 3661 4783">
     <span class='ocr_line' id='line_1_109' title="bbox 2117 4707 3661 4783; baseline -0.006 -17"><span class='ocrx_word' id='word_1_746' title='bbox 2117 4712 2318 4783; x_wconf 80' lang='grc' dir='ltr'><strong>σκηνοῦ</strong></span> <span class='ocrx_word' id='word_1_747' title='bbox 2350 4712 2491 4764; x_wconf 68' lang='grc' dir='ltr'><strong>κατὰ</strong></span> <span class='ocrx_word' id='word_1_748' title='bbox 2523 4710 2668 4774; x_wconf 83' lang='grc' dir='ltr'><strong>λέξιν</strong></span> <span class='ocrx_word' id='word_1_749' title='bbox 2705 4709 2849 4764; x_wconf 79' lang='grc' dir='ltr'><strong>οὕτω</strong></span> <span class='ocrx_word' id='word_1_750' title='bbox 2878 4709 3009 4779; x_wconf 77' lang='grc' dir='ltr'><strong>περὶ</strong></span> <span class='ocrx_word' id='word_1_751' title='bbox 3053 4707 3391 4777; x_wconf 79' lang='grc' dir='ltr'><strong>παραδείσου</strong></span> <span class='ocrx_word' id='word_1_752' title='bbox 3435 4707 3661 4774; x_wconf 77' lang='grc' dir='ltr'><strong>λέγοντος</strong></span> 
     </span>
    </p>
   </div>
   <div class='ocr_carea' id='block_1_110' title="bbox 2115 4797 3663 4870">
    <p class='ocr_par' dir='ltr' id='par_1_110' title="bbox 2115 4797 3663 4870">
     <span class='ocr_line' id='line_1_110' title="bbox 2115 4797 3663 4870; baseline -0.009 -12"><span class='ocrx_word' id='word_1_753' title='bbox 2115 4805 2318 4858; x_wconf 82' lang='grc' dir='ltr'><strong>ἄκουε·</strong></span> <span class='ocrx_word' id='word_1_754' title='bbox 2355 4821 2374 4854; x_wconf 79' lang='grc' dir='ltr'><strong>ι</strong></span> <span class='ocrx_word' id='word_1_755' title='bbox 2420 4801 2640 4870; x_wconf 85' lang='grc' dir='ltr'><strong>Ἐπειδὴ</strong></span> <span class='ocrx_word' id='word_1_756' title='bbox 2683 4801 2739 4852; x_wconf 77' lang='grc' dir='ltr'><strong>δὲ</strong></span> <span class='ocrx_word' id='word_1_757' title='bbox 2767 4800 2992 4870; x_wconf 74' lang='grc' dir='ltr'><strong>ἔμελλεν</strong></span> <span class='ocrx_word' id='word_1_758' title='bbox 3031 4801 3060 4852; x_wconf 86' lang='grc' dir='ltr'>ὁ</span> <span class='ocrx_word' id='word_1_759' title='bbox 3087 4797 3218 4860; x_wconf 83' lang='grc' dir='ltr'><strong>Θεὸς</strong></span> <span class='ocrx_word' id='word_1_760' title='bbox 3265 4797 3327 4861; x_wconf 75' lang='grc' dir='ltr'><strong>ἐξ</strong></span> <span class='ocrx_word' id='word_1_761' title='bbox 3365 4797 3592 4867; x_wconf 79' lang='grc' dir='ltr'><strong>ἀοράτου</strong></span> <span class='ocrx_word' id='word_1_762' title='bbox 3614 4810 3663 4845; x_wconf 83' lang='grc' dir='ltr'><strong>τε</strong></span> 
     </span>
    </p>
   </div>
   <div class='ocr_carea' id='block_1_111' title="bbox 2116 4889 3661 4965">
    <p class='ocr_par' dir='ltr' id='par_1_111' title="bbox 2116 4889 3661 4965">
     <span class='ocr_line' id='line_1_111' title="bbox 2116 4889 3661 4965; baseline -0.008 -17"><span class='ocrx_word' id='word_1_763' title='bbox 2116 4903 2211 4950; x_wconf 80' lang='grc' dir='ltr'><strong>καὶ</strong></span> <span class='ocrx_word' id='word_1_764' title='bbox 2263 4893 2465 4965; x_wconf 79' lang='grc' dir='ltr'><strong>ὁρατῆς</strong></span> <span class='ocrx_word' id='word_1_765' title='bbox 2519 4894 2752 4956; x_wconf 81' lang='grc' dir='ltr'><strong>κτίσεως</strong></span> <span class='ocrx_word' id='word_1_766' title='bbox 2809 4891 3212 4961; x_wconf 78' lang='grc' dir='ltr'><strong>πλαστουργεῖν</strong></span> <span class='ocrx_word' id='word_1_767' title='bbox 3264 4891 3357 4942; x_wconf 71' lang='grc' dir='ltr'><strong>τὸν</strong></span> <span class='ocrx_word' id='word_1_768' title='bbox 3406 4889 3661 4957; x_wconf 76' lang='grc' dir='ltr'><strong>ἄνθρωπον</strong></span> 
     </span>
    </p>
   </div>
   <div class='ocr_carea' id='block_1_112' title="bbox 2117 4980 3662 5050">
    <p class='ocr_par' dir='ltr' id='par_1_112' title="bbox 2117 4980 3662 5050">
     <span class='ocr_line' id='line_1_112' title="bbox 2117 4980 3662 5050; baseline -0.01 -10"><span class='ocrx_word' id='word_1_769' title='bbox 2117 4986 2239 5040; x_wconf 83' lang='grc' dir='ltr'><strong>κατ’</strong></span> <span class='ocrx_word' id='word_1_770' title='bbox 2262 4985 2442 5044; x_wconf 72' lang='grc' dir='ltr'><strong>οἰκίαν</strong></span> <span class='ocrx_word' id='word_1_771' title='bbox 2472 4984 2660 5037; x_wconf 82' lang='grc' dir='ltr'><strong>εἰκόνα</strong></span> <span class='ocrx_word' id='word_1_772' title='bbox 2707 4999 2767 5035; x_wconf 85' lang='grc' dir='ltr'><strong>τε</strong></span> <span class='ocrx_word' id='word_1_773' title='bbox 2800 4982 2891 5035; x_wconf 78' lang='grc' dir='ltr'><strong>καὶ</strong></span> <span class='ocrx_word' id='word_1_774' title='bbox 2919 4982 3204 5050; x_wconf 81' lang='grc' dir='ltr'><strong>ὁμοίωσιν,</strong></span> <span class='ocrx_word' id='word_1_775' title='bbox 3251 4980 3662 5049; x_wconf 73' lang='grc' dir='ltr'><strong>προκαθίστησιν</strong></span> 
     </span>
    </p>
   </div>
   <div class='ocr_carea' id='block_1_113' title="bbox 2117 5062 3660 5147">
    <p class='ocr_par' dir='ltr' id='par_1_113' title="bbox 2117 5062 3660 5147">
     <span class='ocr_line' id='line_1_113' title="bbox 2117 5062 3660 5147; baseline -0.006 -17"><span class='ocrx_word' id='word_1_776' title='bbox 2117 5074 2229 5131; x_wconf 80' lang='grc' dir='ltr'><strong>οἷόν</strong></span> <span class='ocrx_word' id='word_1_777' title='bbox 2258 5095 2311 5132; x_wconf 89' lang='grc' dir='ltr'><strong>τι</strong></span> <span class='ocrx_word' id='word_1_778' title='bbox 2366 5076 2659 5147; x_wconf 84' lang='grc' dir='ltr'><strong>βασίλειον,</strong></span> <span class='ocrx_word' id='word_1_779' title='bbox 2698 5077 2756 5127; x_wconf 79' lang='grc' dir='ltr'><strong>ὲν</strong></span> <span class='ocrx_word' id='word_1_780' title='bbox 2782 5068 2825 5141; x_wconf 82' lang='grc' dir='ltr'><strong>ᾧ</strong></span> <span class='ocrx_word' id='word_1_781' title='bbox 2857 5062 3214 5142; x_wconf 78' lang='grc' dir='ltr'><strong>διαιτώμενος</strong></span> <span class='ocrx_word' id='word_1_782' title='bbox 3262 5070 3538 5141; x_wconf 73' lang='grc' dir='ltr'><strong>μακαρίαν</strong></span> <span class='ocrx_word' id='word_1_783' title='bbox 3568 5067 3660 5130; x_wconf 73' lang='grc' dir='ltr'><strong>ἕξει</strong></span> 
     </span>
    </p>
   </div>
   <div class='ocr_carea' id='block_1_114' title="bbox 2117 5158 3661 5238">
    <p class='ocr_par' dir='ltr' id='par_1_114' title="bbox 2117 5158 3661 5238">
     <span class='ocr_line' id='line_1_114' title="bbox 2117 5158 3661 5238; baseline -0.009 -14"><span class='ocrx_word' id='word_1_784' title='bbox 2117 5167 2284 5238; x_wconf 58' lang='grc' dir='ltr'><strong>ζωὴν.</strong></span> <span class='ocrx_word' id='word_1_785' title='bbox 2319 5169 2382 5220; x_wconf 85' lang='grc' dir='ltr'>Τί</span> <span class='ocrx_word' id='word_1_786' title='bbox 2412 5166 2468 5219; x_wconf 82' lang='grc' dir='ltr'><strong>δὲ</strong></span> <span class='ocrx_word' id='word_1_787' title='bbox 2490 5166 2647 5219; x_wconf 79' lang='grc' dir='ltr'><strong>τοῦτό</strong></span> <span class='ocrx_word' id='word_1_788' title='bbox 2673 5168 2856 5235; x_wconf 51' lang='lat' dir='ltr'><strong>estw;</strong></span> <span class='ocrx_word' id='word_1_789' title='bbox 2902 5165 2960 5217; x_wconf 86' lang='lat'>&#39;0</span> <span class='ocrx_word' id='word_1_790' title='bbox 2999 5163 3142 5226; x_wconf 81' lang='grc' dir='ltr'><strong>θεῖος</strong></span> <span class='ocrx_word' id='word_1_791' title='bbox 3184 5164 3516 5233; x_wconf 82' lang='grc' dir='ltr'><strong>παράδεισος</strong></span> <span class='ocrx_word' id='word_1_792' title='bbox 3548 5158 3661 5212; x_wconf 80' lang='grc' dir='ltr'><strong>Θεοῦ</strong></span> 
     </span>
    </p>
   </div>
   <div class='ocr_carea' id='block_1_115' title="bbox 2119 5250 3662 5331">
    <p class='ocr_par' dir='ltr' id='par_1_115' title="bbox 2119 5250 3662 5331">
     <span class='ocr_line' id='line_1_115' title="bbox 2119 5250 3662 5331; baseline -0.006 -20"><span class='ocrx_word' id='word_1_793' title='bbox 2119 5261 2306 5331; x_wconf 73' lang='grc' dir='ltr'><strong>χερσὶν</strong></span> <span class='ocrx_word' id='word_1_794' title='bbox 2335 5258 2588 5327; x_wconf 80' lang='grc' dir='ltr'><strong>ὲν-Ἐδὲμ</strong></span> <span class='ocrx_word' id='word_1_795' title='bbox 2633 5256 3066 5325; x_wconf 78' lang='grc' dir='ltr'><strong>πεφυτευμένος,</strong></span> <span class='ocrx_word' id='word_1_796' title='bbox 3088 5258 3144 5308; x_wconf 82' lang='grc' dir='ltr'><strong>ὲν</strong></span> <span class='ocrx_word' id='word_1_797' title='bbox 3175 5254 3408 5326; x_wconf 78' lang='grc' dir='ltr'><strong>ἀνατολῇ</strong></span> <span class='ocrx_word' id='word_1_798' title='bbox 3453 5254 3547 5318; x_wconf 69' lang='grc' dir='ltr'><strong>μὲν</strong></span> <span class='ocrx_word' id='word_1_799' title='bbox 3576 5250 3662 5302; x_wconf 62' lang='grc' dir='ltr'><strong>πάι</strong></span> 
     </span>
    </p>
   </div>
   <div class='ocr_carea' id='block_1_116' title="bbox 2121 5342 3663 5418">
    <p class='ocr_par' dir='ltr' id='par_1_116' title="bbox 2121 5342 3663 5418">
     <span class='ocr_line' id='line_1_116' title="bbox 2121 5342 3663 5418; baseline -0.006 -16"><span class='ocrx_word' id='word_1_800' title='bbox 2121 5367 2220 5418; x_wconf 83' lang='grc' dir='ltr'><strong>σης</strong></span> <span class='ocrx_word' id='word_1_801' title='bbox 2241 5350 2338 5415; x_wconf 80' lang='grc' dir='ltr'><strong>τῆς</strong></span> <span class='ocrx_word' id='word_1_802' title='bbox 2367 5348 2470 5416; x_wconf 79' lang='grc' dir='ltr'><strong>γῆς</strong></span> <span class='ocrx_word' id='word_1_803' title='bbox 2504 5346 2841 5416; x_wconf 73' lang='grc' dir='ltr'><strong>ὑψηλότερον</strong></span> <span class='ocrx_word' id='word_1_804' title='bbox 2887 5345 3262 5413; x_wconf 83' lang='grc' dir='ltr'><strong>διακείμενος,</strong></span> <span class='ocrx_word' id='word_1_805' title='bbox 3295 5346 3482 5412; x_wconf 84' lang='grc' dir='ltr'><strong>φυτοῖς</strong></span> <span class='ocrx_word' id='word_1_806' title='bbox 3503 5342 3663 5394; x_wconf 74' lang='grc' dir='ltr'><strong>ἀειθα-</strong></span> 
     </span>
    </p>
   </div>
   <div class='ocr_carea' id='block_1_117' title="bbox 2117 5435 3662 5509">
    <p class='ocr_par' dir='ltr' id='par_1_117' title="bbox 2117 5435 3662 5509">
     <span class='ocr_line' id='line_1_117' title="bbox 2117 5435 3662 5509; baseline -0.006 -15"><span class='ocrx_word' id='word_1_807' title='bbox 2117 5442 2235 5496; x_wconf 80' lang='grc' dir='ltr'><strong>λέσι</strong></span> <span class='ocrx_word' id='word_1_808' title='bbox 2279 5441 2484 5509; x_wconf 83' lang='grc' dir='ltr'><strong>κωμῶν</strong></span> <span class='ocrx_word' id='word_1_809' title='bbox 2515 5481 2530 5506; x_wconf 98' lang='grc'><strong>,</strong></span> <span class='ocrx_word' id='word_1_810' title='bbox 2582 5439 2815 5502; x_wconf 81' lang='grc' dir='ltr'><strong>εὐωδίας</strong></span> <span class='ocrx_word' id='word_1_811' title='bbox 2873 5437 3112 5506; x_wconf 73' lang='grc' dir='ltr'><strong>πλήρης,</strong></span> <span class='ocrx_word' id='word_1_812' title='bbox 3155 5436 3336 5505; x_wconf 77' lang='grc' dir='ltr'><strong>φωτὸς</strong></span> <span class='ocrx_word' id='word_1_813' title='bbox 3391 5435 3662 5505; x_wconf 70' lang='grc' dir='ltr'><strong>ἔμπλεως,</strong></span> 
     </span>
    </p>
   </div>
   <div class='ocr_carea' id='block_1_118' title="bbox 2119 5526 3661 5605">
    <p class='ocr_par' dir='ltr' id='par_1_118' title="bbox 2119 5526 3661 5605">
     <span class='ocr_line' id='line_1_118' title="bbox 2119 5526 3661 5605; baseline -0.007 -19"><span class='ocrx_word' id='word_1_814' title='bbox 2119 5532 2267 5605; x_wconf 81' lang='grc' dir='ltr'><strong>ὧρας</strong></span> <span class='ocrx_word' id='word_1_815' title='bbox 2324 5532 2542 5603; x_wconf 69' lang='grc' dir='ltr'><strong>ἁπάσης</strong></span> <span class='ocrx_word' id='word_1_816' title='bbox 2595 5531 2863 5599; x_wconf 75' lang='grc' dir='ltr'><strong>αἰσθητῆς</strong></span> <span class='ocrx_word' id='word_1_817' title='bbox 2908 5529 3004 5580; x_wconf 75' lang='grc' dir='ltr'><strong>καὶ</strong></span> <span class='ocrx_word' id='word_1_818' title='bbox 3056 5527 3288 5591; x_wconf 74' lang='grc' dir='ltr'><strong>κάλλους</strong></span> <span class='ocrx_word' id='word_1_819' title='bbox 3347 5526 3661 5595; x_wconf 59' lang='grc' dir='ltr'><strong>ὑπεῷαὲνων</strong></span> 
     </span>
    </p>
   </div>
   <div class='ocr_carea' id='block_1_119' title="bbox 2122 5613 3660 5692">
    <p class='ocr_par' dir='ltr' id='par_1_119' title="bbox 2122 5613 3660 5692">
     <span class='ocr_line' id='line_1_119' title="bbox 2122 5613 3660 5692; baseline -0.008 -14"><span class='ocrx_word' id='word_1_820' title='bbox 2122 5625 2407 5679; x_wconf 74' lang='grc' dir='ltr'><strong>ἐπίνοιανο</strong></span> <span class='ocrx_word' id='word_1_821' title='bbox 2463 5625 2607 5676; x_wconf 83' lang='grc' dir='ltr'><strong>θεῖον</strong></span> <span class='ocrx_word' id='word_1_822' title='bbox 2659 5621 2826 5685; x_wconf 80' lang='grc' dir='ltr'><strong>ὅντως</strong></span> <span class='ocrx_word' id='word_1_823' title='bbox 2860 5621 3060 5692; x_wconf 61' lang='grc' dir='ltr'><strong>χωρίον</strong></span> <span class='ocrx_word' id='word_1_824' title='bbox 3114 5619 3209 5672; x_wconf 78' lang='grc' dir='ltr'><strong>καὶ</strong></span> <span class='ocrx_word' id='word_1_825' title='bbox 3267 5619 3420 5686; x_wconf 77' lang='grc' dir='ltr'><strong>ἄξιον</strong></span> <span class='ocrx_word' id='word_1_826' title='bbox 3449 5617 3539 5671; x_wconf 83' lang='grc' dir='ltr'><strong>τοῦ</strong></span> <span class='ocrx_word' id='word_1_827' title='bbox 3564 5613 3660 5668; x_wconf 76' lang='grc' dir='ltr'><strong>κατ’</strong></span> 
     </span>
    </p>
   </div>
   <div class='ocr_carea' id='block_1_120' title="bbox 2119 5711 3658 5791">
    <p class='ocr_par' dir='ltr' id='par_1_120' title="bbox 2119 5711 3658 5791">
     <span class='ocr_line' id='line_1_120' title="bbox 2119 5711 3658 5791; baseline -0.008 -17"><span class='ocrx_word' id='word_1_828' title='bbox 2119 5723 2306 5778; x_wconf 73' lang='grc' dir='ltr'><strong>εἰκόνα</strong></span> <span class='ocrx_word' id='word_1_829' title='bbox 2328 5721 2464 5776; x_wconf 86' lang='grc' dir='ltr'><strong>Θεοῦ</strong></span> <span class='ocrx_word' id='word_1_830' title='bbox 2489 5721 2834 5791; x_wconf 70' lang='grc' dir='ltr'><strong>ἐνδιαίτημα*</strong></span> <span class='ocrx_word' id='word_1_831' title='bbox 2865 5721 2920 5771; x_wconf 78' lang='grc' dir='ltr'><strong>ὲν</strong></span> <span class='ocrx_word' id='word_1_832' title='bbox 2950 5711 2993 5787; x_wconf 82' lang='grc' dir='ltr'>ᾧ</span> <span class='ocrx_word' id='word_1_833' title='bbox 3016 5717 3168 5772; x_wconf 74' lang='grc' dir='ltr'><strong>οὐδὲν</strong></span> <span class='ocrx_word' id='word_1_834' title='bbox 3185 5717 3399 5786; x_wconf 79' lang='grc' dir='ltr'><strong>ἀλόγων</strong></span> <span class='ocrx_word' id='word_1_835' title='bbox 3423 5714 3658 5769; x_wconf 70' lang='grc' dir='ltr'><strong>ἐκυλίετο·</strong></span> 
     </span>
    </p>
   </div>
  </div>
