3838 6226
154 271 256 336 861

1486 269 1854 331 EPISTOLA
1896 269 2057 330 XIV.

162 405 274 454 μιν,
303 384 368 439 δι’
409 378 474 453 ἦς
519 383 587 437 τά
630 381 758 453 ἔθνη
806 384 984 438 πάντα
1031 384 1324 453 ἑλκόμενα,
1369 385 1456 438 κοῦ⁸
1500 384 1733 453 προσπί-

1844 381 2064 443 divitiis,
2099 379 2461 438 substantiis?
2490 381 2635 436 Nihil
2689 382 2795 438 tale
2844 393 2962 439 erat
3011 383 3070 446 in
3112 382 3281 452 ipsis;
3315 385 3409 438 sed

160 494 354 530 πτοντα
383 475 460 546 τῷ
509 475 754 544 Χριστῷ,
794 476 892 545 τῆς
954 477 1223 545 προτέρας
1273 476 1454 530 αύτῶν
1497 493 1727 543 καταγι-

160 570 426 622 νώσκουσι
483 568 575 621 καὶ
611 566 818 636 πλάνης
855 568 948 620 καὶ
986 569 1365 636 ματαιότητος.
1420 569 1527 619 Καὶ
1562 569 1727 622 ἄκουε

157 661 249 714 τοῦ
287 661 556 730 Ἰερεμίου
590 660 872 727 λέγοντος·
920 679 938 712 ι
971 662 1166 730 Κύριε,
1201 661 1263 712 σὺ
1303 661 1455 730 ἰσχύς
1483 677 1605 729 μου,
1634 660 1727 713 καὶ
1766 732 1775 740 ⁵

155 753 444 820 καταφυγή
473 769 574 819 μου
605 753 662 804 ὲν
689 752 876 822 ἡμέρᾳ
899 751 1084 805 κακῶν
1105 767 1118 780 ·
1154 753 1290 818 πρός
1319 769 1379 805 σε
1410 752 1536 820 ἔθνη
1568 753 1726 822 ἥξου-

157 863 240 897 σιν
296 845 391 896 ἀπ’
443 845 675 912 ἐσχάτου
722 845 823 912 τῆς
874 845 1000 913 γῆς,
1036 847 1131 899 καὶ
1177 843 1394 915 ἐροῦσιν
1434 845 1508 907 ὡς
1554 844 1725 914 ψευδῆ

155 937 455 1003 ἐκτήσαντο
485 936 533 987 οἱ
569 934 806 1005 πατέρες
841 936 1002 1005 ήμῶν
1046 935 1262 999 εἴδωλα,
1309 935 1404 988 καὶ
1440 939 1541 989 ούκ
1572 932 1639 1006 ἦν
1670 939 1728 990 ὲν

154 1025 341 1086 αὐτοῖς
373 1024 639 1092 ὠφέλεια.
679 1045 698 1076 ι
734 1025 874 1092 Λέγε
898 1026 1110 1088 λοιπὸν,
1149 1029 1175 1079 ὁ
1207 1026 1545 1096 προφητικδς
1571 1020 1726 1089 οὗτος

149 1119 311 1182 λόγος
341 1117 446 1170 τίνι
476 1119 909 1188 προσαρμόττει,
941 1118 1018 1187 τῷ
1048 1118 1290 1188 Χριστῷ,
1323 1119 1354 1188 ἢ
1383 1098 1554 1189 ἑτέρῳ
1582 1120 1724 1186 τινες

153 1209 397 1262 Πειθέτω
431 1210 522 1262 καὶ
565 1210 846 1278 Σοφωνίας
901 1211 1044 1280 ὑμᾶς
1099 1211 1302 1280 Κύριον
1349 1211 1440 1263 τὸν
1491 1211 1726 1281 Χριστὸν

148 1301 460 1370 ὁμολογεῖν,
517 1300 661 1354 οὕτω
703 1302 914 1370 λέγων’
973 1321 991 1354 ι
1045 1304 1468 1372 Ἐπιφανήσεται
1522 1304 1727 1372 Κύριος

149 1397 247 1447 ἐπὶ
293 1395 469 1448 πάντα
500 1395 568 1446 τὰ
610 1393 764 1464 ἔθνη,
812 1395 908 1448 καὶ
951 1394 1324 1464 ὲξολοθρεύσει
1360 1397 1564 1457 πάντας
1599 1397 1725 1458 τοὺς

151 1487 313 1548 θεοὺς
344 1486 452 1538 τῶν
485 1485 677 1550 ὲθνῶν,
727 1487 823 1539 καὶ
869 1488 1342 1557 προσκυνήσουσιν
1375 1487 1557 1551 αὐτὸν,
1598 1487 1726 1540 ἔκα-

151 1595 278 1640 στος
310 1577 416 1630 ἀπὸ
441 1577 536 1630 τοῦ
563 1577 728 1631 τόπου
765 1579 955 1633 αὑτοῦ.
984 1598 1001 1629 ι
1053 1579 1117 1631 Τί
1150 1580 1284 1648 πρὸς
1337 1578 1510 1633 ταῦτά
1547 1596 1722 1647 φατες

162 1665 455 1736 Ὶλῖλήλυθεν
487 1667 786 1737 ήκυριακὴ
818 1669 956 1737 αὕτη
998 1668 1312 1734 ἐπιφάνεια,
1346 1667 1378 1738 ἦ
1416 1667 1514 1734 of);
1559 1666 1725 1731 Ἐξω-

151 1758 531 1827 >.οθρεύθησαν
580 1759 629 1811 οἱ
679 1759 794 1812 θεοὶ
837 1760 947 1812 τῶν
995 1760 1185 1822 ἐθνῶν,
1218 1759 1375 1824 Ζεὺς,
1427 1760 1724 1826 ’Δπόλλων,

163 1848 458 1919 ’Λφροδίτη
515 1849 610 1902 καὶ
641 1850 932 1920 Ἀρτεμις,
969 1850 1001 1920 ἢ
1031 1849 1128 1917 οῦ;
1175 1851 1447 1918 Ἐπέφανε
1478 1851 1668 1904 λοιπὸν
1701 1854 1729 1904 ὀ

155 1940 363 2011 Κύριος
385 1942 526 1996 κατὰ
548 1941 644 2012 τὴν
669 1943 764 1995 τοῦ
797 1942 1069 2011 Σοφωνίου
1097 1943 1403 2014 πρόρρησιν
1431 1944 1524 1996 ἐπὶ
1551 1945 1731 1999 πάντα

151 2038 224 2088 τὰ
255 2033 406 2102 ἔθνη.
452 2035 548 2096 Τίς
589 2035 645 2088 δὲ
689 2029 844 2097 οὗτός
876 2039 1060 2103 ὲστιν;
1113 2037 1171 2089 Ὀ
1197 2037 1401 2107 Κύριος
1428 2037 1586 2107 ήμῶν
1624 2039 1730 2104 Ἰη-

156 2127 289 2190 σοῦς
345 2127 612 2198 Χριστόςο
645 2129 711 2198 τῇ
773 2129 880 2198 γὰρ
919 2127 1086 2181 αὑτοῦ
1119 2129 1394 2199 παρουσία
1437 2130 1643 2192 πάντες
1683 2130 1730 2181 οἱ

153 2219 266 2273 τῶν
301 2220 471 2273 ἐθνῶν
507 2218 620 2273 θεοὶ
665 2220 1109 2290 κατεϐλήθησαν.
1146 2221 1272 2275 Ὅτι
1312 2221 1368 2274 δὲ
1411 2223 1480 2276 τά
1507 2223 1636 2292 ἔθνη
1665 2222 1733 2276 τὰ

154 2314 303 2383 μήτε
359 2312 522 2376 νόμον
593 2313 794 2378 εἰδότα,
855 2315 994 2384 μήτε
1053 2314 1350 2384 προφητῶν
1401 2315 1730 2378 ἀκούσαντα,

157 2408 302 2476 μήτε
350 2404 488 2466 ὅλως
532 2403 624 2457 τὸν
669 2404 875 2476 Κύριον
923 2406 1326 2476 ἐκζητήσαντα,
1383 2405 1582 2476 καιροῦ
1629 2423 1732 2458 κα-

150 2497 382 2561 ὶοῦντος
410 2498 790 2568 προσδραμεῖν
815 2498 1027 2569 ἔμελλε,
1062 2501 1157 2553 καὶ
1187 2499 1405 2570 άληθῶς
1438 2499 1734 2569 εὑρηκέναι

149 2592 254 2643 στὶν
289 2591 515 2661 Κύριον,
547 2591 703 2661 δῆλον
733 2591 982 2645 ἐντεῦθεν
1003 2607 1016 2620 ·
1057 2611 1075 2643 ι
1106 2592 1348 2661 Εὑρέθην
1381 2593 1492 2656 τοῖς
1522 2591 1621 2657 ἐμὲ
1658 2591 1734 2660 μὴ

153 2682 443 2753 ζητοῦσιν,
492 2684 741 2753 ἐμφανὴς
785 2685 1055 2754 ἐγενόμην
1105 2688 1220 2747 τοῖς
1268 2685 1371 2753 ἐμὲ
1413 2682 1489 2754 μὴ
1522 2685 1737 2754 ἐπερω-

155 2777 301 2830 τῶσι
331 2793 344 2807 ·
386 2796 406 2830 ι
436 2777 529 2831 καὶ
553 2774 731 2844 αὖθις,
771 2797 789 2830 ι
814 2772 907 2840 Οἷς
958 2779 1059 2830 οὐκ
1090 2777 1398 2846 ἀνηγγέλθη
1433 2776 1564 2845 περὶ
1602 2774 1737 2844 ἐμοῦ

155 2868 412 2935 ὅψονται,
443 2868 538 2922 καὶ⁸
573 2868 621 2920 οἳ
651 2870 753 2922 οὐκ
783 2869 1053 2938 ἀκηκόασι
1083 2869 1431 2938 συνήσουσι.»
1467 2864 1739 2919 Τοιούτων

160 2960 270 3029 μὲν
307 2958 398 3012 οῦν
426 2961 519 3012 καὶ
543 2961 815 3013 τοσούτων
851 2961 1201 3031 προφητικῶν
1232 2959 1498 3030 ῥημάτων
1517 2957 1743 3012 ἀκούον-

1833 471 1960 524 nudi
2015 472 2232 540 quidem
2279 482 2438 528 erant
2479 484 2537 528 et
2576 476 2789 546 inopes,
2845 477 3135 546 indutique
3195 485 3408 530 tantum

1833 581 1936 619 una
1967 566 2204 635 Spiritus
2232 567 2431 622 virtute
2466 583 2562 636 per
2593 585 2754 637 quam
2795 571 3063 625 universa:
3097 579 3286 638 gentes
3325 577 3410 622 at-

1834 667 2021 712 tractae
2052 699 2068 725 ,
2104 669 2159 714 et
2187 659 2253 712 ad
2287 659 2566 714 Christum
2598 671 2948 716 accurrcntes
2983 673 3225 734 veterem
3247 677 3410 716 suum

1829 766 2094 814 errorem,
2140 760 2196 805 et
2264 751 2561 806 vanitatem
2633 753 3021 808 condemnant.
3083 754 3222 808 Audi
3274 767 3409 808 sane

1827 840 2116 896 Jeremiaut
2155 842 2426 898 dicentem
2477 861 2492 896 :
2533 863 2550 896 ι
2585 845 2832 906 Domine.
2889 855 2944 900 ttt
2989 846 3154 900 robur
3199 861 3406 909 meum,

1827 941 1884 986 et
1928 933 2198 1002 refugium
2246 949 2426 988 meum
2461 937 2515 989 in
2559 937 2649 991 die
2675 937 2972 1003 malorum;
3022 941 3088 990 ad
3125 945 3179 989 te
3217 948 3408 1006 gentes

1829 1023 2051 1077 venient
2103 1025 2172 1078 ab
2198 1035 2440 1079 extremo
2471 1037 2650 1092 terrm,
2701 1037 2755 1081 et
2799 1028 3006 1091 dicent,
3065 1029 3214 1096 quod
3271 1043 3408 1082 con-

1828 1113 2018 1168 sectati
2069 1125 2200 1170 sunt
2248 1117 2590 1170 mendacium
2645 1129 2832 1187 patres
2861 1121 3030 1173 nostri
3064 1118 3223 1174 idolis
3251 1120 3411 1175 obse-

1827 1217 2076 1277 quentes,
2103 1218 2157 1260 et
2184 1223 2292 1262 non
2329 1220 2447 1262 erat
2468 1210 2521 1261 in
2547 1211 2626 1263 eis
2644 1210 3073 1279 adjumentum.»
3105 1211 3200 1264 Dic
3227 1210 3409 1274 sodes,

1829 1298 2182 1366 propheticus
2252 1300 2338 1352 hic
2387 1313 2572 1352 sermo
2624 1299 2921 1368 reSpicitne
2974 1299 3283 1364 Christum,
3339 1316 3412 1355 an

1827 1390 2134 1460 quempiam
2207 1392 2412 1446 alium?
2471 1386 2807 1446 Persuadéat
2881 1391 3036 1445 vobis
3097 1389 3412 1459 Sophonias

1826 1482 2103 1538 Christum
2138 1483 2425 1538 Dominum
2453 1485 2702 1540 conﬁteri
2729 1484 2802 1539 ita
2834 1484 3054 1539 dicens:
3086 1485 3413 1554 «Apparebit

1831 1577 2089 1632 Dominus
2138 1579 2205 1632 ad
2265 1594 2457 1633 omnes
2513 1588 2720 1648 gentes,
2775 1586 2829 1632 et
2887 1578 3168 1647 disperdet
3216 1592 3412 1632 omnes

1830 1668 1962 1723 deus
2006 1669 2289 1722 nationum
2317 1708 2333 1733 ,
2373 1679 2426 1724 et
2456 1671 2707 1724 adorahlt
2737 1685 2860 1723 eum
2893 1671 3125 1738 quisque
3169 1671 3237 1723 de
3289 1666 3411 1724 loco

1830 1775 1982 1818 suo.)
2006 1760 2143 1826 Quid
2166 1771 2358 1831 praeter
2387 1760 3098 1816 boc’dicendunﬂAdvenit
3129 1760 3408 1814 Dominica
3506 1767 3511 1774 '

1831 1855 1945 1908 haec
1997 1856 2284 1924 apparitio,
2314 1854 2538 1908 necne?
2576 1851 2893 1920 Dispersine
2941 1861 3072 1907 sunt
3122 1852 3408 1906 nationum

1831 1947 1927 2006 dii.
1965 1946 2204 2016 Jupiter,
2239 1947 2450 2016 Apollo.
2493 1948 2697 2010 Venus,
2731 1946 2926 2010 Diana,
2959 1959 3026 1999 an
3053 1946 3202 1998 non?
3228 1947 3410 2014 Appa-

1833 2037 1944 2091 ruit
1973 2039 2156 2107 itaque
2181 2038 2451 2094 Dominus
2482 2054 2652 2108 super
2681 2053 2874 2093 omnes
2907 2047 3100 2107 gentes
3122 2037 3280 2106 juxta
3313 2037 3414 2090 So-

1833 2131 2055 2200 phonias
2087 2133 2431 2187 vaticinium.
2467 2132 2602 2198 Quis
2633 2148 2762 2187 vero
2808 2131 2896 2185 hic
2935 2140 3038 2194 est,
3070 2129 3176 2184 nisi
3220 2127 3412 2183 Domi-

1833 2238 1940 2276 nus
1975 2233 2166 2278 noster
2194 2224 2354 2279 Jesus
2373 2225 2664 2280 Christus?
2686 2224 2814 2292 Ejus
2842 2224 2986 2278 enim
3019 2224 3258 2277 adventu
3290 2237 3412 2276 om-

1835 2329 1934 2370 nes
1971 2330 2196 2385 prorsus
2234 2316 2531 2371 nationum
2581 2317 2656 2372 dii
2699 2325 3050 2372 corruerunt.
3094 2315 3249 2382 Quod
3283 2329 3413 2370 vero

1838 2419 2030 2476 gentes
2059 2424 2235 2479 neque
2267 2409 2508 2464 scientes
2541 2409 2736 2478 legem,
2767 2423 2946 2476 neque
2987 2407 3280 2476 prophetas
3311 2420 3412 2458 au-

1837 2505 2076 2568 dientes,
2102 2517 2282 2572 neque
2310 2502 2532 2571 penitus
2559 2501 2907 2570 exquirentes
2935 2499 3250 2560 Dominum,
3287 2497 3416 2552 data

1839 2597 2104 2668 temporis
2147 2598 2560 2668 Opportunitate
2606 2593 2850 2648 futurum
2893 2602 3011 2648 erat
3055 2602 3117 2645 ut
3165 2603 3421 2646 accurre-

1839 2699 1983 2753 rent,
2033 2697 2088 2743 et
2127 2703 2255 2743 vere
2297 2686 2588 2742 Dominum
2640 2684 2994 2748 invenirent,
3042 2693 3192 2754 patet
3243 2681 3416 2748 hinc,

1839 2781 1985 2851 quod
2035 2799 2054 2832 ι
2102 2779 2360 2834 inventus
2409 2794 2529 2831 sum
2573 2792 2604 2830 a
2651 2792 2766 2832 non
2806 2773 3175 2844 quaerentibus
3211 2788 3316 2841 me,
3365 2783 3421 2827 et

1840 2888 1954 2928 non
2007 2869 2480 2941 interrogantibus
2531 2883 2619 2921 me
2673 2867 2940 2937 apparui;
2999 2885 3018 2918 ι
3069 2876 3124 2921 et
3169 2879 3416 2921 rursus:

1849 2985 1868 3019 ι
1906 2965 2118 3031 Quibus
2150 2979 2257 3018 non
2291 2960 2676 3016 annuntiatum
2715 2967 2796 3014 est
2836 2957 2906 3013 de
2929 2973 3017 3013 me
3047 2957 3332 3023 videbunt,
3365 2965 3421 3011 et

156 3068 252 3114 τες
293 3051 395 3121 τὴν
444 3051 537 3103 τοῦ
584 3052 837 3121 Σωτῆρος
890 3051 1130 3121 Χριστοῦ
1179 3050 1562 3121 κηρυσσόντων
1605 3065 1733 3119 προ-

1845 3057 1939 3128 qui
1974 3070 2084 3110 non
2139 3053 2468 3115 audierunt,
2513 3058 2867 3124 cognoscent.
2914 3067 2935 3101 ι
2971 3047 3122 3104 Talia
3162 3049 3327 3119 igitur
3355 3063 3421 3104 ac

157 3143 352 3213 φανῶς
386 3143 736 3211 ἐπιφάνειαν,
774 3144 827 3195 τί
854 3143 1046 3196 λοιπὸν
1079 3142 1414 3214 ματαιάζετε
1444 3159 1739 3212 καιροσκο-

157 3234 400 3296 ποῦντες
451 3235 541 3284 ἐπὶ
577 3235 756 3293 κενοῖς
803 3233 1058 3304 Χριστὸν,
1095 3233 1412 3298 ἐλπίζοντες
1469 3232 1742 3302 Ἀντίχρι-

158 3343 333 3392 στον;
365 3327 574 3394 Κωφοὶ,
629 3325 902 3378 ἀκούσατε
926 3340 940 3356 ·
976 3327 1004 3380 ὁ
1032 3325 1139 3394 γὰρ
1178 3325 1404 3389 Ἡσαΐας
1438 3326 1530 3376 τὸν
1565 3341 1741 3392 σωτη-

160 3419 288 3492 ρίου
337 3416 764 3486 προσαγορεύων
799 3418 1016 3489 καιρὸν,
1052 3418 1146 3470 καὶ
1191 3419 1274 3471 ὃτι
1322 3418 1382 3469 ού
1432 3415 1500 3470 δι’
1549 3415 1742 3484 ἑτέρου

155 3511 462 3580 γενήσεται
509 3511 542 3578 ή
597 3511 844 3579 σωτηρία
891 3510 1172 3579 προφήτου
1226 3509 1411 3579 τυχὸν,
1454 3508 1486 3578 ἦ
1536 3507 1744 3561 δικαίου

155 3606 336 3671 τιιδς,
378 3607 474 3658 καὶ
525 3605 652 3659 τάδε
708 3603 917 3673 φησίνο
972 3602 1188 3665 «Aine;
1242 3601 1384 3672 ἥξει,
1437 3600 1530 3653 καὶ
1583 3598 1746 3651 σώσει

155 3699 344 3771 ἡμᾶς.
398 3697 530 3749 Τότε
582 3693 854 3765 ὀφθαλμοὶ
903 3693 1123 3762 τυφλῶν
1177 3696 1577 3762 άνοιγήσονται,
1631 3685 1748 3743 ὦτα

156 3789 376 3858 κωφῶν
415 3790 767 3853 ἀκούσονται,
799 3788 894 3841 καὶ
923 3785 1093 3854 χωλὸς
1136 3783 1346 3836 ἁλεῖται
1377 3785 1450 3846 ὡς
1489 3783 1740 3849 ἔλαφος.»

169 3881 436 3950 Ἐγένετο
468 3879 644 3933 ταῦτα
691 3881 784 3933 ὲπὶ
829 3881 896 3950 τῇ
956 3877 1230 3946 παρουσίᾳ
1279 3873 1372 3926 τοῦ
1423 3873 1554 3944 παρ’
1593 3873 1749 3941 ὑμῶν

157 3975 588 4046 σταυρωθέντος
623 3973 886 4045 Χριστοῦ,
915 3972 947 4041 ἢ
975 3969 1034 4024 οὔ
1063 3965 1094 4036 ;’
1113 3970 1236 4022 Ἵνα
1280 3969 1333 4021 τί
1375 3969 1655 4020 ἀπιστεῖτε
1680 3965 1749 4018 τὰ

153 4071 283 4125 τῶν
325 4067 624 4140 προφητῶν
655 4065 886 4136 ὁρῶντες
918 4066 1000 4116 ἐπ’
1030 4063 1181 4132 αὐτῷ
1214 4060 1292 4129 τῷ
1323 4059 1545 4130 Χριστῷ
1577 4059 1749 4129 πέρας

153 4161 566 4232 ).αμ6άνοντα;
631 4157 770 4214 Ἀλλ’
829 4158 910 4210 ὅτι
973 4157 1069 4226 μὲν
1122 4154 1300 4208 οὖντὸ
1347 4152 1487 4206 κατὰ.
1514 4150 1750 4222 Χριστὸν

159 4256 484 4327 μυστήριον
528 4251 876 4306 ἀπιστεῖσθαι
919 4249 1048 4320 παρ’
1101 4248 1257 4317 ὑμῶν
1295 4245 1484 4315 ἔμελλε
1517 4245 1606 4298 διὰ
1651 4245 1750 4314 τὴν

152 4351 264 4402 τοῦ
298 4348 578 4416 θαύματος
607 4342 938 4416 ὑπερϐολὴν,
983 4340 1217 4394 ἔκπαλαι
1261 4340 1415 4392 τοῦτο
1447 4339 1750 4408 δεδήλωκεν

1845 3155 1994 3203 tanta
2039 3145 2431 3214 prophetarum
2466 3142 2612 3196 dicta
2648 3141 2942 3197 audientes
2972 3139 3178 3195 Christi
3223 3138 3422 3195 Serva-

1845 3238 1984 3296 toris
2013 3237 2411 3308 apparitiouem
2455 3233 2802 3304 apertissime
2833 3233 3201 3290 nuntiantium
3227 3272 3242 3297 ,
3287 3233 3421 3301 quid

1847 3341 2111 3404 praeterea
2142 3329 2414 3398 desipitis,
2437 3344 2491 3381 In
2517 3328 2674 3382 vanis
2695 3327 3096 3396 prospicientes
3117 3325 3418 3391 Christum,

1847 3425 2250 3479 Antichristum
2281 3421 2606 3492 sperantes?
2640 3419 2802 3475 Surdi
2831 3419 3016 3474 audite
3043 3435 3057 3472 :
3086 3418 3253 3474 Isaias
3275 3419 3422 3474 enim

1849 3517 2146 3573 Salvatoris
2205 3515 2580 3585 praenuntians
2640 3524 2895 3582 tempus.
2944 3520 3000 3567 et
3052 3528 3081 3566 a
3123 3515 3277 3568 nullo
3316 3514 3424 3568 alio

1850 3608 2118 3679 propheta
2152 3607 2513 3662 salvationem
2565 3604 2681 3657 ﬁeri
2732 3617 2920 3674 posse,
2959 3603 3060 3657 nisi
3110 3619 3138 3655 a
3186 3603 3423 3672 quodam

1849 3700 2026 3764 Justo,
2068 3699 2186 3753 hinc
2217 3712 2350 3750 sane
2380 3697 2454 3749 ait
2486 3711 2500 3748 :
2540 3713 2559 3746 ι
2595 3694 2716 3763 lpse
2751 3694 2929 3747 veniet
2959 3702 3016 3746 et
3041 3694 3271 3768 salvabit
3300 3711 3423 3749 nos.

1852 3791 2008 3846 Tunc
2040 3789 2185 3844 oculi
2233 3802 2502 3842 caecorum
2550 3786 2892 3855 aperientur,
2929 3800 3091 3840 aures
3134 3787 3423 3840 surdorum

1850 3883 2098 3946 audient,
2133 3888 2190 3936 et
2236 3879 2466 3934 claudus
2497 3877 2655 3932 saliet
2689 3885 2747 3931 ut
2777 3890 2992 3932 cervus.
3037 3894 3057 3928 ι
3107 3875 3266 3931 Facta
3297 3884 3422 3931 sunt

1853 3977 1994 4039 hzer,
2023 3989 2223 4036 necne,
2260 3987 2384 4027 cum
2421 3970 2674 4042 apparuit
2716 3970 2969 4025 Christus
2999 3984 3031 4023 a
3056 3970 3213 4024 vobis
3249 3969 3415 4023 cruci-

1853 4070 2034 4123 ﬁxus?
2063 4067 2268 4137 thuid
2297 4082 2428 4136 ergo
2464 4081 2570 4120 non
2603 4066 2832 4120 creditis
2861 4064 3249 4134 pr0phctarum
3283 4063 3425 4117 dicta

1855 4161 2106 4215 videntes
2141 4160 2196 4214 in
2233 4159 2352 4229 ipso
2374 4158 2594 4213 Christo
2622 4159 2784 4212 tinent
2817 4157 3102 4226 accipere?
3124 4155 3277 4223 Quod
3299 4170 3427 4212 vero

1857 4254 2100 4307 futurum
2119 4260 2239 4306 erat
2273 4261 2383 4305 uta
2415 4251 2572 4306 vobis
2598 4267 2705 4304 non
2733 4250 3055 4305 crederetur
3085 4250 3284 4305 Christi
3318 4268 3425 4322 my-

1856 4343 2106 4401 sterium.
2138 4351 2362 4412 pr0pter
2388 4341 2634 4395 miraculi
2665 4341 3068 4404 excellentiam,
3097 4341 3224 4396 olim
3248 4351 3434 4395 osten-

150 4449 186 4498 ὁ
228 4442 371 4505 Θεὸς
404 4441 572 4494 εἰπών
596 4457 609 4471 °
648 4458 666 4492 ι
699 4440 869 4494 Ἴδετε
906 4439 957 4490 οἱ
1001 4432 1433 4505 καταφρονηταὶ,
1479 4435 1575 4487 καὶ
1619 4435 1733 4485 Batu-

1858 4437 1938 4490 dit
1971 4436 2114 4489 Deus
2145 4434 2332 4488 dicens
2365 4448 2379 4486 :
2415 4453 2432 4485 ι
2468 4431 2660 4487 Videte
2692 4441 3129 4500 contemptores,
3168 4441 3224 4486 et
3255 4432 3396 4485 admi
3428 4466 3433 4471 -

159 4538 418 4609 μάσατε,
443 4534 536 4586 καὶ
568 4532 932 4602 ἀφανίσθητε,
965 4531 1046 4581 ὅτι
1080 4529 1240 4597 ἔργον
1292 4528 1402 4595 ἐγὼ
1447 4527 1755 4596 ἐργάζομαι

154 4635 226 4682 ἐν
264 4627 393 4688 ταῖς·
424 4624 660 4694 ἡμέραις
696 4621 890 4691 ὑμῶν·-
921 4621 1079 4689 ἔργον
1115 4618 1143 4670 ὃ
1171 4618 1232 4670 ού
1279 4616 1353 4686 μὴ
1402 4619 1754 4686 πιστεύσητε,

153 4723 273 4774 ὲάν
303 4735 388 4779 τις
417 4715 814 4784 ἐκδιηγήσηται
860 4713 1044 4781 ὑμῖν.»
1082 4709 1274 4772 Καλῶς
1310 4709 1365 4762 δὲ
1404 4711 1432 4762 ὁ
1467 4711 1754 4780 προφήτης

153 4811 367 4867 εἶπενο
399 4828 418 4860 ι
449 4809 619 4872 Αὐτὸς
675 4808 819 4879 ἣξει,
873 4807 968 4858 καὶ
1025 4805 1188 4858 σώσει
1231 4805 1442 4874 ἡμᾶς.»
1499 4805 1596 4855 "Ov
1643 4806 1752 4873 γὰρ

152 4905 385 4973 τρόπον
419 4901 539 4955 κατ’
576 4902 749 4972 ἀρχὰς
789 4904 815 4954 ὁ
846 4900 976 4962 Θεὸς
1022 4899 1272 4951 πλάττων
1315 4897 1402 4949 τὸν
1457 4895 1750 4965 ἄνθρωπον

153 4998 280 5066 οὐχ
317 4994 576 5066 ὑπουργῷ
615 5010 720 5046 τινι
771 4992 1068 5062 ἐχρήσατο,
1122 4989 1294 5050 οὕτως
1346 4988 1468 5058 οὐδὲ
1518 4987 1614 5040 νῦν
1661 4989 1760 5055 τὴν

153 5088 371 5147 εἰκόνα
411 5087 714 5155 φθαρεῖσαν
747 5083 1136 5153 ἀνανεούμενος
1161 5081 1302 5149 ἄλλῳ
1335 5079 1430 5149 τὴν
1454 5080 1760 5133 ἀνάπλασιν

156 5178 512 5250 ἐνεχείρισε.

157 5287 424 5367 Spiritus
448 5287 537 5367 qui
571 5283 951 5367 ipsosgﬂlavit
981 5277 1282 5335 mirandam
1319 5281 1425 5361 vim
1464 5282 1762 5363 praedicare

161 5354 294 5414 non
338 5354 690 5411 destiterunt.
725 5354 896 5408 Nemo
931 5365 1110 5406 tamen
1157 5354 1357 5419 estqui
1402 5355 1615 5406 nesciat
1659 5370 1760 5406 nu-

160 5442 352 5499 gnces
409 5429 659 5499 homines
711 5426 845 5478 vitio
893 5427 1123 5478 vertisse
1160 5421 1353 5499 Joanni
1399 5421 1761 5499 Laininiorqi

160 5493 469 5566 ἕτανσόφῳ.
495 5506 549 5549 et
571 5497 840 5566 haereseos
864 5509 1001 5566 pene
1022 5503 1203 5566 notam
1231 5493 1450 5566 inurere
1478 5494 1758 5549 studuisse

158 5586 247 5623 eo
291 5560 435 5637 quia
459 5565 778 5637 rusticitatis
820 5560 885 5637 et
933 5560 1230 5637 imperitia;
1265 5561 1322 5612 Ι).
1357 5560 1618 5637 Joannem
1669 5580 1760 5637 ar-

158 5632 393 5709 guisset
417 5636 663 5709 nondum
691 5634 896 5704 Spiritu
927 5632 1117 5709 sancto
1141 5632 1432 5709 imbutum.
1461 5634 1637 5709 Adeas
1656 5636 1755 5687 ab-

156 5704 586 5766 solutissimum
615 5706 736 5776 ejus
763 5720 899 5778 opus
931 5705 997 5759 de
1022 5704 1329 5758 crulitione
1356 5705 1750 5772 apostolorum,

1862 4529 2081 4589 ramini,
2107 4536 2163 4581 et
2194 4526 2601 4595 disperdimini,
2637 4527 2896 4595 quoniam
2927 4541 3065 4595 opus
3097 4541 3199 4596 ego
3234 4541 3430 4594 operor

1862 4624 1914 4677 in
1955 4622 2152 4677 diebus
2191 4620 2425 4674 veSIri‘s:
2452 4635 2590 4688 opus
2620 4620 2710 4672 cui
2747 4633 2856 4671 non
2889 4617 3216 4672 adhibebitis
3249 4619 3430 4682 (idem,

1859 4719 1905 4774 si
1947 4719 2069 4786 quis
2097 4717 2438 4770 enarraverit
2463 4715 2639 4770 vobis.
2674 4732 2692 4764 ι
2722 4713 2937 4781 Optime
2967 4727 3097 4766 vero
3129 4711 3266 4764 divit
3310 4726 3429 4781 pro.

1862 4813 2065 4882 pheta:
2103 4829 2118 4860 ε
2157 4809 2279 4878 ipse
2321 4807 2525 4867 veniet.
2560 4817 2616 4861 et
2661 4805 2893 4860 salvabit
2927 4820 3063 4867 nos;
3107 4824 3125 4856 ι
3173 4805 3408 4872 quemad

1863 4904 2079 4958 modum
2116 4905 2259 4956 enim
2294 4900 2347 4954 in
2376 4900 2645 4969 principio
2677 4900 2818 4952 Deus
2848 4897 3122 4966 plasmans
3157 4897 3433 4951 hominem

1862 4997 2010 5050 nullo
2041 4995 2147 5050 alio
2181 4995 2507 5049 administro
2534 5009 2664 5046 usus
2700 5000 2803 5055 cst,
2840 5001 2911 5044 ita
2943 5005 3089 5045 nunc
3122 5000 3433 5060 corruptam

1862 5088 2153 5159 imaginem
2171 5102 2438 5142 renovans
2457 5085 2660 5140 nemini
2682 5085 3122 5139 reformationem
3143 5083 3433 5137 commisit.

1871 5283 2175 5352 omnigenze
2207 5281 2534 5336 eruditionis
2566 5295 2735 5352 sacra:
2767 5277 3229 5352 protttptuarium,
3254 5287 3302 5352 ne
3329 5286 3434 5352 quo

1869 5343 2095 5405 velnttve
2131 5368 2271 5420 penu
2305 5353 2523 5406 haurire
2555 5351 2738 5405 licebit
2768 5343 2968 5418 quibus
3004 5349 3217 5421 doctior
3250 5343 3345 5395 tias
3382 5350 3434 5421 et

1867 5412 2156 5486 eruditiori,
2201 5439 2445 5477 necnon
2492 5412 3040 5492 cognosces'rquanto
3089 5417 3286 5492 rubore
3327 5412 3434 5492 sui}.

1867 5494 2020 5546 lundi
2072 5482 2315 5547 debuere
2367 5492 2505 5546 male
2562 5482 2742 5546 feriati
2793 5482 2891 5553 illi,
2943 5489 3033 5555 qui
3080 5482 3436 5561 maledicendi

1865 5565 2126 5616 cacoethe
2157 5565 2389 5632 quadam
2420 5564 2597 5618 adacti
2631 5572 2838 5616 tanzum
2877 5561 3048 5615 virum
3086 5565 3211 5608 sunt
3243 5565 3436 5620 Injlll'lil

1863 5637 2161 5689 criminati.

3303 271 3410 336 862
3477 285 3496 301 ‘
