3838 6226
531 315 638 379 86‘}

1800 299 2116 365 MICHAEI

2218 338 2221 355 .
2254 294 2511 363 GLYCﬂ
2871 364 2874 367 λ
3591 305 3656 371 ιιι

605 429 889 487 Simillima
903 427 1013 499 jam
1037 425 1427 482 demonstratis
1443 422 1818 478 divinissimus
1838 418 2099 473 Malachia

2235 393 2247 408 ’
2277 416 2358 469 Τὰ
2388 415 2527 469 αὑτὰ
2571 412 2684 475 rei:
2718 411 3060 483 διαληφθεῖσι
3096 413 3186 465 καὶ
3210 408 3239 466 6
3270 412 3504 480 θειότατος
3531 422 3659 478 Μιλι.

530 528 636 580 alta
658 523 964 578 inclamans
991 536 1123 576 voce
1149 518 1324 574 dixit:
1361 536 1380 569 ι
1407 515 1526 571 Non
1562 524 1646 569 est
1681 514 1811 568 mihi
1849 513 2099 566 voluntas

530 620 585 671 in
607 616 780 681 vobis,
799 614 931 670 dicit
955 613 1237 675 Dominus,
1258 624 1435 679 neque
1455 622 1664 663 sumam
1685 603 2014 659 sacriﬁcium
2034 602 2101 655 de

532 710 789 764 manibus
809 708 1032 773 vestris,
1050 705 1315 775 quoniam
1338 705 1408 757 ab
1432 711 1554 756 ortu
1579 700 1708 755 solis
1730 711 1901 768 usque
1923 696 1989 749 ad
2010 711 2103 747 oc-

529 817 720 857 casum
744 813 943 855 nomen
967 813 1147 853 meum
1177 795 1472 867 gloriosum
1494 793 1650 847 estin
1682 788 2026 861 gentibus,et
2048 784 2103 838 in

533 895 682 950 omni
697 895 819 948 loco
840 892 980 947 sacri
991 889 1167 945 licium
1182 899 1239 943 et
1251 888 1455 942 oblatio
1467 884 1670 939 munda
1686 882 1913 937 oﬂ'ertur
1926 880 2101 933 nomi-

531 989 587 1042 ni
620 1002 743 1042 meo
769 1003 782 1041 :
809 999 906 1039 vos
926 993 1110 1038 autem
1136 997 1200 1037 ea
1251 977 1693 1035 contaminastis.
1731 992 1749 1025 ι
1780 973 1946 1029 Facta
1973 980 2104 1027 sunt

536 1082 672 1143 hmc,
711 1093 779 1132 an
807 1092 913 1131 non
947 1075 1311 1129 ?Oll‘erturnc
1368 1070 1713 1125 incruentum
1748 1077 1803 1123 et
1843 1065 2102 1120 mundum

532 1171 858 1225 sacriﬁcium
890 1168 1001 1221 Deo
1028 1167 1081 1219 in
1111 1167 1259 1219 omni
1295 1162 1582 1216 nationum
1642 1160 1784 1220 loco.
1825 1174 1894 1213 an
1955 1154 2106 1210 non?

534 1263 732 1317 Verum
750 1260 888 1336 quid
915 1258 1108 1328 plura?
1134 1256 1429 1311 Audiamus
1449 1253 1768 1324 prophetam
1799 1253 2101 1306 dicentem:

536 1371 555 1402 c
603 1353 677 1405 Ex
703 1351 833 1405 Sion
868 1349 1040 1403 exibit
1078 1347 1184 1409 lex,
1222 1348 1277 1400 et
1310 1344 1547 1400 Verbum
1590 1342 1806 1399 Domini
1842 1342 1910 1396 de
1944 1340 2104 1396 Jeru-

533 1446 738 1507 salem;
773 1450 827 1495 et
868 1440 1137 1511 judicium
1172 1438 1336 1493 faciet
1386 1437 1440 1492 in
1488 1437 1665 1493 medio
1695 1435 2001 1494 nationum.
2053 1441 2108 1488 et

537 1543 730 1605 arguet
770 1532 1027 1602 pupulum
1078 1531 1333 1586 multum.
1364 1549 1383 1582 ι
1420 1529 1593 1585 Dicite
1647 1542 1801 1599 ergo,
1852 1541 2103 1597 quasnam

509 1635 620 1679 ‘est
654 1626 738 1679 lex
775 1627 967 1678 exiens
999 1638 1061 1677 ex
1098 1623 1253 1686 Sion,
1284 1629 1340 1676 et
1390 1623 1615 1692 quinam
1646 1631 1773 1677 sunt
1828 1621 1920 1689 qui
1984 1632 2103 1673 eam

535 1719 903 1789 receperunt?
932 1717 1190 1771 Nationes
1224 1732 1355 1771 sane
1386 1734 1399 1781 ;
1440 1716 1571 1786 ipsa:
1614 1716 1759 1770 enim
1801 1715 2106 1785 redarguit-.1:

2205 507 2326 577 χίας
2360 507 2767 578 προαναφωνῶν
2802 505 2993 573 ἔλεγεν
3014 522 3028 536 ·
3062 523 3079 556 ι
3110 505 3219 558 Οὔκ
3264 507 3368 559 ἔστι
3414 526 3488 579 μοι
3510 514 3555 564 ὲν
3576 517 3660 586 ὑμῖν

2204 598 2437 667 θέλημα,
2471 598 2623 666 λέγει
2651 599 2680 651 6
2711 596 2933 668 Κύριος,
2969 598 3061 649 καὶ
3098 595 3282 652 θυσίαν
3307 599 3363 651 οὺ
3393 604 3662 676 προσδέξομιι

2204 690 2268 740 ἔκ
2291 688 2404 741 τῶν
2430 688 2631 758 χειρῶν
2659 687 2834 756 ὑμῶν,
2880 687 3015 740 διότι
3047 687 3142 740 ἀπ’
3182 688 3437 742 ἀνατολῶν
3471 695 3663 763 ἡλίουκαὶ

2204 780 2308 845 ἕως
2335 782 2557 851 δυσμῶν
2583 782 2644 834 τὴ
2673 782 2844 851 ὄνομα
2878 797 2980 850 μου
3004 778 3311 846 δεδόξασται
3339 785 3392 837 ὲν
3412 789 3505 848 τοῖς
3530 788 3665 857 ἔθνεσι,

2207 873 2305 926 καὶ
2330 875 2386 925 ὲν
2409 875 2574 943 παντὶ
2600 874 2751 943 τόπῳ
2780 873 3034 943 θυμίαμα
3067 875 3392 942 προσάγεται
3419 877 3484 946 τῷ
3511 879 3666 950 ὀνόματί

2211 977 2339 1034 μου,
2369 966 2464 1019 καὶ
2497 965 2662 1018 θυσία
2693 966 2909 1036 καθαρά
2931 984 2945 995 θ
2980 964 3135 1032 ὑμεῖς
3161 966 3217 1019 δὲ
3252 965 3508 1037 βεϐηλοῦτε
3535 974 3663 1028 αὗται

2219 1057 2468 1124 Ἐγένετο
2514 1058 2710 1122 ταῦτα,
2763 1059 2796 1127 ἢ
2844 1057 2940 1122 οὖ;
2982 1058 3385 1130 Προσάγεταιὴ
3426 1063 3669 1133 ἀναίμακτος

2210 1150 2306 1202 καὶ
2334 1148 2551 1217 καθαρά
2573 1148 2737 1203 θυσία
2763 1148 2840 1219 τῷ
2870 1149 2989 1217 Θεῷ
3012 1151 3071 1200 ὲν
3100 1151 3264 1203 παντὶ
3288 1151 3422 1218 τόπῳ
3439 1153 3528 1206 τῶν
3542 1156 3668 1221 ἐθνῶν,

2208 1241 2241 1307 ἢ
2271 1240 2361 1306 ob;
2397 1240 2505 1294 Kal.
2534 1240 2585 1293 τί
2613 1240 2783 1294 πολλὰ
2811 1238 2990 1309 λέγειν
3015 1258 3030 1308 ;
3073 1242 3445 1312 Ἀκουσὼμεθα
3472 1248 3671 1317 προφήτου

2209 1332 2305 1386 τοῦ
2341 1333 2594 1401 λέγοντος
2616 1351 2630 1364 ·
2667 1353 2685 1386 ι
2707 1333 2802 1387 Ἐκ
2827 1332 2969 1386 Σιὼν
2993 1333 3331 1400 ἐξελεύσεται
3353 1338 3509 1405 κόμας,
3529 1341 3598 1392 ni
3616 1340 3671 1391 ii-

2210 1435 2304 1487 γος
2331 1422 2536 1493 Κυρίου
2588 1424 2647 1490 ἐξ
2683 1423 3067 1494 Ἰερουσαλὴμ,
3124 1425 3220 1478 καὶ
3253 1431 3421 1498 κρινεῖ
3458 1430 3540 1482 ἀνᾶ
3567 1438 3674 1500 μέσον

2209 1513 2404 1582 ἐθνῶν,
2431 1516 2525 1568 καὶ
2556 1516 2829 1583 ἐξελέγξει
2862 1516 2989 1571 λαὸν
3037 1517 3228 1572 πολύν.
3271 1537 3290 1570 ι
3336 1518 3514 1575 Εἴπατε
3534 1519 3603 1576 οὖν
3624 1526 3675 1588 τίς

2211 1607 2442 1672 ἐξελθὼν
2472 1607 2634 1679 νόμος
2670 1611 2734 1663 ὲκ
2763 1609 2923 1672 Σιὼν.
2976 1613 3070 1664 καὶ
3113 1610 3261 1675 τινες
3305 1613 3352 1667 οἱ
3393 1614 3550 1669 τοῦτον
3575 1616 3676 1685 διξὰ·

2215 1712 2400 1768 μενοι;
2432 1700 2654 1764 Πάντως
2687 1699 2753 1755 τὰ
2781 1701 2911 1772 ἔθνη
2937 1717 2953 1734 ·
2984 1704 3123 1757 αὐτὰ
3151 1705 3248 1758 καὶ
3290 1707 3393 1777 γὰρ
3427 1706 3678 1781 ﬂuuium

535 1823 666 1865 sunt
697 1812 846 1865 velut
877 1820 1128 1864 errantes
1167 1826 1194 1862 a
1228 1808 1353 1875 ﬁde,
1382 1816 1435 1862 et
1458 1806 1658 1861 Christi
1681 1788 1854 1878 legem
1883 1822 2110 1877 recepe-

2218 1791 2402 1862 ὦσπερ
2426 1792 2527 1863 τὴν
2557 1792 2744 1847 πίστιν
2767 1794 3118 1864 πλανώμενα,
3156 1799 3254 1852 καὶ
3287 1775 3376 1850 τὸν
3408 1775 3488 1852 τοῦ
3515 1775 3679 1871 Χριστοῦ

536 1914 691 1963 runt,
724 1918 886 1971 quam
924 1901 1146 1970 quidem
1181 1899 1472 1970 discipulis
1500 1900 1651 1954 dedit
1679 1901 1731 1953 in
1785 1897 2111 1964 Jerusalem,

496 2007 593 2051 'et
640 2011 736 2066 per
789 1997 939 2064 ipsos
968 1994 1223 2049 omnibus
1257 1992 1534 2063 gentibus.
1598 2010 1614 2043 ι
1648 1990 1725 2044 Ex
1768 1990 1901 2046 Sion
1946 1992 2117 2046 exibit

535 2089 622 2141 Ιιις
651 2106 666 2153 ;
699 2107 717 2139 ι
757 2087 1045 2157 Oportebat
1080 2086 1225 2140 enim
1256 2099 1447 2139 novam
1485 2084 1600 2139 dari
1638 2084 1813 2154 legem
1860 2099 2002 2139 novo
2050 2096 2116 2138 ex

536 2180 856 2236 nationibus
884 2180 1104 2248 populo,
1138 2176 1599 2246 quemadmodum
1635 2175 1907 2231 Jeremias
1937 2176 2072 2231 dicit
2100 2194 2113 2230 :

544 2295 561 2326 ι
604 2273 744 2328 Ecce
767 2273 885 2327 dies
921 2272 1168 2335 veniunt,
1229 2280 1283 2324 et
1331 2268 1522 2324 feriam
1583 2284 1707 2324 cum
1763 2270 1929 2323 domo
1980 2265 2120 2323 Juda

539 2368 720 2420 l‘ceilus
752 2381 980 2429 novum,
1018 2378 1127 2418 non
1161 2363 1463 2417 secundum
1500 2372 1722 2433 pactum
1771 2361 1916 2431 quod
1944 2361 2121 2433 pepigi

537 2476 664 2513 cum
708 2460 957 2529 patribus
1002 2472 1194 2511 eorum
1246 2456 1301 2509 in
1343 2456 1535 2509 diebus
1568 2455 1619 2509 in
1666 2454 1866 2525 quibus
1921 2470 2123 2525 appre-

537 2550 816 2604 hendente
850 2564 933 2601 me
974 2560 1197 2601 manum
1231 2561 1447 2610 eorum,
1480 2546 1645 2601 eduxi
1697 2546 1819 2602 illos
1864 2546 1934 2602 de
1978 2555 2123 2602 terra

536 2641 778 2710 JEgyptL
816 2659 835 2691 ο
869 2636 965 2711 Vel
999 2638 1165 2708 igitur
1214 2637 1403 2693 dicant
1452 2653 1574 2707 qua:
1628 2638 1712 2692 lex
1758 2638 1888 2692 data
1930 2638 2000 2693 sit
2053 2650 2121 2693 ex

539 2732 695 2791 Sion,
726 2730 809 2783 vel
841 2745 1038 2783 nmium
1072 2745 1102 2783 a
1146 2729 1369 2783 Christo
1403 2729 1799 2799 legislationem
1832 2730 2121 2798 recipiant.

540 2822 671 2877 Post
710 2823 856 2875 enim
908 2822 1369 2875 resurrectionrm
1423 2822 1541 2891 ejus
1595 2836 1624 2874 a
1656 2821 1904 2887 mortuis,
1936 2830 2129 2891 quem—

539 2915 832 2969 admodum
906 2915 1191 2984 prophetaz
1262 2914 1676 2984 praedixerant,
1724 2914 1978 2969 ascendit
2050 2915 2119 2969 ad

539 3005 730 3069 caelos,
752 3013 805 3058 et
838 3005 1096 3067 intonuit,
1122 3006 1226 3059 hoc
1253 3011 1362 3070 est,
1388 3004 1566 3074 ipsum
1587 3006 1688 3058 hnc
1704 3002 1914 3059 Novum
1936 3004 2125 3060 Testa-

2207 1884 2372 1954 νόμον
2430 1883 2701 1951 ἐδέξαντο,
2753 1886 2781 1940 δ
2837 1886 3009 1941 ἔδωκε
3043 1888 3144 1958 μὲν
3178 1892 3241 1943 ὲν
3287 1889 3590 1964 Ἰερουσαλὴμ
3611 1898 3680 1958 τοῖς

2212 1975 2503 2046 μαθηταῖς,
2535 1976 2606 2030 δι’
2632 1976 2814 2031 αὐτῶν
2839 1979 2897 2031 δὲ
2927 1980 3021 2033 καὶ
3051 1982 3183 2035 πᾶσι
3209 1980 3328 2044 τοῖς
3361 1982 3554 2039 ἔθνεσιν.
3578 2003 3593 2038 ι
3622 1985 3681 2039 “Et

2212 2067 2350 2121 Σιὼν
2379 2067 2721 2133 ἐξελεύσεται
2751 2070 2780 2122 6
2820 2070 2987 2139 νόμος
3010 2086 3023 2100 ο
3056 2088 3074 2122 ι
3119 2072 3230 2126 ἔδει
3258 2073 3364 2145 γὰρ
3400 2076 3467 2143 τῷ
3490 2075 3539 2140 ἐξ
3572 2075 3681 2130 illa?”

2211 2157 2387 2226 καινῷ
2418 2158 2530 2228 λαῷ
2557 2158 2651 2211 καὶ
2677 2159 2842 2229 νόμον
2884 2158 3106 2229 δοθῆναι
3154 2163 3365 2229 καινὸν,
3405 2164 3555 2229 καθὼς
3580 2166 3683 2236 Ἰεμι

2218 2252 2347 2319 μίας
2375 2251 2540 2319 φησίν
2561 2265 2577 2281 ⁸
2619 2271 2638 2302 ι
2678 2251 2809 2305 ’ἰδοὺ
2853 2252 3061 2322 ἡμέραι
3102 2255 3378 2324 ἔρχονται,
3408 2258 3489 2310 ἰαὶ
3511 2259 3683 2330 διαθήσει

2219 2360 2318 2413 μαι
2353 2344 2428 2413 τῷ
2467 2343 2604 2412 οἴκῳ
2645 2342 2815 2395 Ἰούδα
2846 2344 3113 2415 διαθήκην
3156 2350 3374 2416 καινὴν,
3415 2349 3468 2401 οὗ
3504 2349 3609 2403 κατὰ
3628 2351 3686 2417 τὴν

2214 2434 2487 2505 διαθήκην
2514 2436 2586 2506 ἢν
2611 2434 2870 2506 διεθέμην
2915 2438 3027 2500 τοῖς
3064 2438 3340 2509 πατράσιν
3368 2440 3522 2493 αὐτῶν
3542 2443 3585 2492 ὲν
3605 2442 3685 2510 iusi-

2218 2546 2341 2600 ραις
2376 2529 2777 2600 ἐπιλαδομένου
2814 2546 2918 2597 μου
2949 2531 3047 2598 τῆς
3089 2531 3282 2601 χειρὸς
3327 2531 3508 2599 αὐτῶν,
3547 2533 3689 2597 καὶέξδ

2218 2643 2280 2694 αγ
2294 2624 2445 2694 αγὼν
2476 2623 2672 2687 αὐτοὺς
2697 2624 2763 2677 ὲκ
2788 2620 2891 2693 γῆς
2920 2623 3227 2691 Αἰγύπτου.
3255 2642 3274 2676 ι
3308 2626 3377 2677 Ἦ
3401 2624 3516 2692 γοῦν
3535 2626 3682 2678 εἰπάτω

2222 2730 2327 2771 σαν
2360 2716 2444 2780 τίς
2471 2719 2498 2771 6
2529 2717 2691 2787 νόμος
2720 2719 2748 2770 ὁ
2772 2716 2949 2780 δοθεὶς
2981 2718 3044 2771 ἐκ
3087 2706 3319 2790 Σιὼνέῆ
3350 2719 3441 2790 τὴν
3470 2718 3690 2787 καινὴνπῦ

2222 2809 2461 2882 Χριστοῦ
2498 2809 2824 2881 νομοθεσίαν
2850 2806 3359 2881 καταδεχέσθωσαν.
3391 2812 3524 2866 Μετᾶ
3544 2811 3690 2881 raptt}:

2220 2906 2287 2956 ὲκ
2315 2903 2529 2971 νεκρῶν
2552 2903 2720 2955 αὑτοῦ
2756 2902 2998 2973 ἔγερσιν,
3028 2901 3208 2965 καθὼς
3238 2905 3287 2957 οἱ
3317 2904 3559 2974 προφῆται
3578 2904 3691 2973 aposi-

2228 3012 2350 3057 πον,
2385 2993 2550 3065 ἀνέϐη
2585 2994 2667 3058 εις
2698 2994 2966 3064 οὐρανοὺς
3008 2996 3105 3048 καὶ
3134 2994 3451 3064 ἐϐρόντησε,
3470 2993 3588 3047 τοῦτ’
3604 2993 3692 3044 ἐστιν

544 3107 790 3150 mentum
828 3110 928 3166 per
970 3097 1197 3149 omnino
1248 3103 1497 3149 sanetum
1552 3092 1813 3163 Spiritum
1859 3096 2116 3168 elargitus

2227 3087 2397 3158 αὐτὴν
2422 3085 2627 3156 ταύτην
2657 3085 2758 3159 τὴν
2802 3085 2931 3140 νέαν
2974 3086 3250 3156 διαθήκην
3283 3087 3369 3140 διὰ
3400 3086 3484 3141 τοῦ
3510 3086 3693 3151 mmini

540 3198 647 3243 est.
681 3188 877 3244 Verum
906 3187 1038 3241 mihi
1075 3187 1235 3251 dicis,
1265 3188 1412 3255 quod
1438 3190 1481 3239 si
1518 3187 1607 3241 Dei
1643 3187 1811 3241 Filius
1837 3197 1976 3254 erat,
1996 3204 2122 3244 vere

540 3281 705 3334 etiam
744 3278 1010 3333 surrexit.
1048 3276 1155 3332 Sed
1193 3277 1356 3340 audi;
1391 3277 1437 3331 si
1472 3280 1577 3330 hoc
1609 3275 1811 3332 factum
1842 3279 1963 3342 fuit,
1992 3294 2121 3334 eon-

434 3375 451 3383 ”
543 3369 698 3422 tiuuo
725 3368 992 3424 debueras
1023 3368 1294 3435 credere?
1326 3366 1584 3421 Profecto
1641 3384 1788 3431 non;
1844 3370 1937 3438 qui
1975 3370 2121 3444 enim

538 3460 612 3513 iis
670 3476 790 3529 quae
844 3468 1236 3527 pra'cesserant
1294 3474 1405 3512 non
1454 3460 1705 3520 eri-didit,
1753 3475 1932 3529 neque
1975 3460 2122 3516 illius

540 3551 935 3605 resurrectinni
960 3551 1286 3613 crediderit,
1309 3562 1365 3604 et
1390 3550 1437 3604 si
1474 3551 1528 3604 in
1558 3561 1853 3620 conspectu
1877 3552 2120 3605 omnium

538 3639 741 3692 factum
776 3638 825 3691 id
850 3639 936 3693 sit.
965 3638 1158 3694 Nonne
1181 3639 1361 3694 vidisti
1389 3638 1657 3694 Lazarum
1684 3641 2118 3710 quatridnanutn

541 3743 571 3780 a
607 3727 837 3781 mortuis
874 3728 1300 3796 resurgentem?
1329 3727 1616 3793 Quomodo
1655 3745 1761 3784 non
1806 3714 2123 3785 credidisti?

539 3817 679 3881 Quid
736 3818 837 3872 hoc
888 3818 1298 3881 incredibilius,
1350 3820 1520 3873 solem
1581 3822 1846 3876 crueiﬁxo
1905 3821 2123 3877 Christo

539 3909 961 3964 obten-cbratum
1016 3912 1180 3964 esse?
1212 3909 1355 3976 Quid
1388 3911 1595 3979 majus,
1637 3922 1884 3968 mortuos
1946 3929 2124 3969 resur-

539 4001 772 4066 rexisse,
804 4009 988 4070 petras
1020 4001 1220 4056 scissas
1250 4017 1392 4061 esse.
1425 4010 1479 4056 et
1510 4003 1686 4073 ipsum
1721 4005 1907 4075 templi
1941 4006 2119 4061 velum

541 4090 598 4143 in
628 4090 765 4143 duas
787 4101 972 4158 partes
1001 4091 1237 4145 divisum
1268 4093 1430 4147 esse?
1455 4092 1648 4148 Nonne
1679 4096 1922 4151 omnium
1956 4098 2124 4153 mira-

542 4179 815 4244 culorum,
853 4194 924 4233 ne
953 4181 1074 4248 ipsa
1122 4181 1346 4250 quidem
1401 4193 1630 4252 excepta
1698 4188 2119 4254 resurrectione,

544 4274 661 4325 inec
711 4278 841 4325 sunt
901 4271 1141 4327 maxime
1194 4274 1507 4328 mirabilia?
1570 4276 1856 4341 Quomodo
1923 4279 2119 4334 horum

540 4366 822 4436 signorum
852 4374 1133 4435 spectator
1189 4365 1368 4424 factus
1425 4384 1533 4423 non
1594 4371 1920 4426 credidisti?
1980 4372 2121 4429 Vere

2228 3183 2543 3251 Πνεύματος
2599 3182 2962 3252 ἐχορήγησεν.
3006 3182 3168 3235 Ἀλλὰ
3210 3181 3396 3251 λέγεις
3441 3201 3536 3254 μοι,
3579 3183 3636 3236 ὅτι
3666 3184 3695 3233 εἰ

2222 3274 2357 3327 Geor”)
2390 3274 2518 3336 Υἱὸς
2558 3270 2648 3346 ἦν,
2699 3274 2797 3328 καὶ
2850 3272 3068 3342 ἀληθῶς
3098 3275 3326 3346 ἀνέστη.
3361 3278 3463 3331 Καὶ
3497 3274 3698 3330 ἄκουε·ιὶ

2223 3363 2379 3416 τοῦτο
2404 3363 2644 3432 ἐγένετο,
2679 3362 2968 3416 πιστεῦσαι
2990 3359 3135 3433 εἶχες
3157 3380 3173 3430 ;
3208 3363 3432 3425 Πάντως
3451 3361 3613 3431 utili-6
3632 3363 3697 3429 γὰρ

2226 3457 2300 3526 μὴ
2331 3459 2441 3520 τοῖς
2472 3454 2806 3525 προλαϐοῦσι
2829 3454 3129 3520 πιστεύσας
3165 3457 3296 3510 οὐδὲ
3335 3460 3400 3529 τῇ
3431 3458 3601 3526 ἐκείνου
3620 3455 3700 3508 ἀνι·

2226 3548 2413 3601 στάσει
2454 3549 2782 3602 ἐπίστευσεν
2843 3549 2909 3603 ἂν
2941 3550 3035 3603 καὶ
3079 3552 3128 3603 εί
3159 3551 3398 3605 ἐνώπιον
3428 3552 3606 3605 πάντων
3625 3547 3700 3613 ἐγέο

2224 3658 2362 3695 νετο.
2392 3641 2505 3695 Οὐκ
2537 3637 2687 3705 οἶδας
2716 3642 2806 3694 τὸν
2826 3640 3077 3713 Λάζαρον
3099 3642 3161 3694 ὲκ
3184 3640 3397 3711 νεκρῶν
3421 3640 3700 3711 τετραήμερον

2222 3732 2517 3805 ἐγερθέντα
2544 3751 2559 3800 ;
2591 3734 2710 3797 Πῶς
2751 3734 2851 3787 οὐκ
2875 3735 3200 3796 ὲπίστευσας
3225 3752 3245 3801 ;
3271 3735 3340 3788 Τί
3372 3733 3700 3802 παραδοξότερον

2223 3826 2316 3878 τοῦ
2348 3827 2437 3880 τὸν
2464 3827 2616 3897 ἥλιον
2648 3826 3004 3897 σκοτισθῆναι
3059 3829 3467 3898 σταυρουμένου
3509 3821 3701 3897 Aptata-3;

2223 3919 2289 3972 Τί
2323 3919 2507 3991 μεῖζον
2535 3920 2658 3982 τοὺς
2689 3921 2916 3991 νεκροὺς
2960 3919 3281 3989 ἐγερθῆναι,
3321 3921 3514 3990 πέτρας
3550 3913 3703 3986 σχισθῆ·

2223 4028 2333 4075 ναι,
2369 4012 2463 4065 καὶ
2483 4011 2615 4065 αὐτὸ
2635 4011 3004 4082 διαρραγῆναι
3025 4012 3085 4065 τὸ
3106 4012 3201 4066 τοῦ
3222 4012 3357 4066 ναοῦ
3375 4011 3703 4075 καταπέτασμη

2224 4103 2298 4156 Οὐ
2337 4102 2552 4155 πάντων
2585 4102 2901 4173 θαυμάτων,
2956 4105 3048 4157 καὶ
3098 4105 3273 4175 αὐτῆς
3317 4105 3380 4176 δὴ
3422 4107 3510 4175 τῆς
3547 4099 3707 4155 ἀνασιά-

2227 4213 2382 4259 σεως,
2416 4197 2586 4250 ταῦτα
2622 4195 3049 4267 θαυμασιώτερα
3079 4215 3093 4264 ;
3127 4199 3251 4261 Πῶς
3277 4198 3519 4253 τοιούτων
3540 4194 3709 4265 τεράτων

2224 4288 2423 4358 θεατὴς
2452 4287 2690 4356 γεγονὼς
2724 4289 2823 4341 οὐκ
2855 4290 3181 4354 ἐπίστευσας
3207 4307 3222 4357 ;
3265 4291 3471 4353 Ὄντως
3498 4286 3708 4353 πεπλήγω-

2221 4401 2313 4436 ται
2347 4383 2409 4436 τὸ
2434 4384 2531 4437 τοῦ
2575 4382 2795 4436 Ἡσαΐου
2824 4402 2839 4415 ·
2876 4403 2895 4436 ι
2937 4383 3003 4437 Ἦ
3038 4385 3236 4456 καρδία
3266 4385 3443 4441 αὐτῶν
3469 4377 3706 4451 ἐπαχύνθη·

471 4516 488 4531 γ
539 4456 898 4526 adimpletum
933 4466 1017 4512 est
1045 4458 1193 4526 quod
1238 4458 1409 4513 Isaias
1472 4460 1652 4514 dixit:
1711 4480 1729 4513 ι
1764 4462 1874 4517 Cor
1925 4478 2116 4517 eorum

2226 4469 2341 4529 ὦτα
2367 4476 2575 4545 ἔχουσι,
2616 4477 2710 4528 καὶ
2753 4477 2853 4529 οὐκ
2885 4477 3176 4530 ἁκούουσιν
3198 4492 3215 4510 ο
3253 4476 3567 4547 ὀφθαλμοὺς,
3588 4467 3708 4525 κιὶθῦ

540 4549 940 4620 impingualum
968 4559 1054 4605 est
1085 4566 1099 4602 :
1142 4566 1308 4604 aures
1343 4552 1567 4618 habent,
1605 4562 1660 4606 et
1697 4569 1806 4608 non
1851 4556 2115 4621 audiunt;

543 4642 749 4698 habent
776 4644 990 4709 oculos,
1023 4654 1078 4698 et
1125 4660 1235 4697 non
1280 4644 1486 4698 vident.
1527 4666 1544 4696 ι
1585 4647 1657 4701 De
1714 4649 2122 4702 resurrectione

539 4734 760 4801 quidem
786 4747 1126 4791 mortuorum
1167 4752 1287 4805 qua:
1316 4738 1516 4792 Christi
1548 4739 1855 4796 Servatoris
1877 4750 2122 4811 tempore

543 4824 797 4893 contigit,
828 4841 858 4878 a
889 4828 1238 4883 divinissimo
1268 4831 1534 4899 propheta
1569 4832 1772 4886 dictum
1806 4845 1923 4887 est:
1951 4853 1970 4884 ι
2010 4834 2120 4888 Cu-

545 4915 687 4967 rabit
717 4924 773 4969 et
825 4920 1039 4974 sanabit
1064 4936 1167 4976 nos
1201 4931 1326 4990 post
1379 4922 1516 4977 duos
1572 4924 1723 4989 dies;
1766 4925 1819 4978 in
1859 4926 1946 4980 die
1995 4941 2123 4980 vero

547 5006 708 5059 tertia
736 5009 1116 5078 suscitabitur,
1146 5025 1201 5067 et
1228 5013 1475 5068 vivemus
1508 5014 1563 5067 in
1595 5028 1901 5085 conspectu
1921 5018 2063 5086 ejus.
2097 5036 2115 5067 ι

621 5091 821 5147 Verum
857 5099 1137 5154 enimvero
1167 5112 1224 5155 et
1255 5104 1356 5155 hoc
1405 5106 1684 5172 protendis
1721 5107 1854 5160 mihi
1887 5108 2076 5161 dicens
2104 5123 2119 5161 :

547 5186 690 5250 Quid
722 5186 809 5241 hic
845 5189 1011 5243 novi?
1045 5191 1099 5245 Si
1158 5205 1334 5248 vester
1373 5198 1459 5250 hic
1497 5197 1750 5253 Christus
1792 5200 1943 5270 signa
1999 5217 2120 5254 cum

549 5276 747 5330 fecerit
789 5279 1050 5348 populum
1080 5297 1187 5335 non
1225 5300 1448 5351 parvum
1489 5288 1540 5341 in
1571 5304 1814 5343 errorem
1864 5291 2122 5360 impulit?

548 5368 690 5423 Ecce
747 5371 893 5425 enim
962 5382 1018 5425 ct
1075 5373 1442 5429 Maomethum
1498 5381 1649 5451 signa
1710 5383 1880 5436 multa
1927 5382 2122 5437 fecisse

547 5462 834 5527 discimus,
867 5478 1034 5533 atque
1095 5467 1218 5520 inde
1250 5483 1358 5522 non
1391 5486 1617 5539 parvum
1653 5476 1914 5545 populum
1963 5476 2127 5529 decc-

549 5553 714 5619 piss'e.
748 5553 802 5607 Si
849 5556 1013 5626 igitur
1047 5557 1303 5615 Christus
1329 5572 1412 5615 est
1447 5561 1592 5617 Deus
1628 5577 1850 5635 propter
1875 5569 2030 5636 signa
2058 5568 2125 5620 ab

547 5660 612 5698 eo
653 5658 884 5717 patrata,
923 5649 1065 5705 Deus
1093 5653 1283 5706 eodem
1315 5671 1545 5723 prorsus
1575 5657 1734 5709 lllUdU
1767 5660 1872 5712 erit
1893 5669 1947 5712 et
1979 5660 2128 5712 Μαυ-

550 5742 784 5797 melhns.
851 5745 955 5799 Sed
1015 5745 1174 5810 andi,
1238 5747 1531 5801 lllaomcthi
1593 5763 1778 5817 Signa,
1838 5753 2122 5808 humili-sta

2225 4567 2508 4638 βλέπουσι.
2543 4585 2562 4620 ι
2613 4568 2750 4638 Περὶ
2795 4568 2980 4638 μέντοι
3009 4569 3110 4638 τῆς
3140 4570 3281 4623 κατὰ
3322 4570 3379 4622 rb
3409 4569 3632 4637 σωτήριον
3652 4559 3709 4613 τῡῦ

2223 4657 2461 4725 Χριστοῦ
2499 4659 2774 4727 ὲγέρσεως
2800 4660 2909 4713 τῶν
2958 4644 3168 4731 νεκρῶν
3220 4661 3301 4732 τῷ
3350 4661 3586 4725 θειοτάτῳ
3625 4668 3711 4718 spt-

2225 4747 2370 4818 φήτῃ
2410 4745 2671 4816 εἴρηται·
2713 4767 2732 4797 r
2763 4748 3012 4801 Μοτὼσει
3044 4752 3142 4803 xal
3195 4750 3412 4819 ὑγιάσει
3460 4750 3586 4819 ἡμᾶς
3621 4743 3711 4814 μξτᾶ

2223 4837 2316 4889 δύο
2346 4840 2560 4905 ἡμέρας
2591 4856 2604 4868 ·
2643 4839 2699 4889 ἐν
2743 4839 2798 4890 δὲ
2847 4841 2912 4908 τῇ
2963 4839 3147 4910 ἡμέρᾳ.
3190 4843 3257 4911 τῇ
3300 4840 3453 4910 τρίτῃ
3499 4834 3710 4901 ἐξανίστη

2228 4930 2457 5000 σόμεθα,
2487 4933 2578 4981 καὶ
2611 4930 2889 5001 ζησόμεθα
2920 4931 3156 4985 ἐνώπιον
3194 4933 3384 4989 αὑτοῦ.
3420 4951 3440 4985 ι

2308 5111 2451 5163 Ἀλλ’
2477 5111 2557 5164 ἔτι
2593 5115 2687 5164 καὶ
2718 5112 2873 5166 τοῦτο
2913 5119 3220 5183 προτείνεις
3252 5134 3348 5185 μοι
3379 5117 3574 5183 λέγων·
3596 5103 3712 5164 ὅτιῒὶ

2224 5205 2447 5268 καινόν;
2481 5204 2541 5258 Εἰ
2568 5207 2596 5258 ὁ
2622 5205 2853 5275 Χριστὸς
2880 5208 3082 5271 ἐκεῖνος
3106 5211 3307 5278 σημεῖα
3333 5203 3619 5275 πεποιηκὼς
3633 5197 3713 5253 λαὸν

2226 5298 2325 5349 οὐκ
2351 5298 2531 5364 ὀλίγον
2564 5298 2910 5367 ὲπλάνησεν;
2961 5299 3091 5352 Ἰδοὺ
3143 5301 3251 5368 γὰρ
3292 5304 3391 5353 καὶ
3418 5301 3502 5353 τὸν

2228 5392 2431 5457 σημεῖα
2465 5388 2637 5443 πολλὰ
2675 5391 3041 5461 πεποιηκέναι
3085 5394 3455 5463 μανθάνομεν,
3499 5381 3711 5442 κάντεῦθεν

2226 5482 2327 5534 οὐκ
2361 5482 2543 5550 ὀλίγον
2592 5484 3003 5559 πεπλανηκέναι
3029 5484 3176 5539 λαόν.
3226 5485 3287 5537 Εἰ
3318 5481 3415 5538 οὗν
3448 5482 3567 5542 Θεδς
3587 5480 3611 5530 ὂ
3631 5474 3714 5541 xi?“

2229 5576 2355 5636 σῖὸς
2406 5576 2521 5625 ἐστι
2569 5572 2659 5626 διὰ
2711 5574 2779 5626 τὰ
2831 5577 2961 5644 παρ’
3007 5575 3174 5627 αὐτοῦ
3207 5574 3520 5626 τελεσθέντα
3558 5562 3712 5634 σημεῖιι

2228 5663 2361 5721 θεὸς
2415 5663 2521 5734 ἄρα
2566 5662 2642 5733 τῷ
2689 5667 2875 5734 τρόπῳ
2921 5663 3096 5734 τούτῳ
3141 5666 3233 5716 καὶ
3278 5663 3309 5715 6
3362 5656 3604 5729 Μωάμεθ.
3647 5645 3715 5701 Καὶ

2230 5756 2418 5821 ἄκουε,
2472 5758 2536 5809 τὰ
2582 5757 2672 5810 τοῦ
2721 5755 2968 5828 Μωάμεθ
3014 5760 3045 5826 ἡ
3102 5756 3274 5826 πλάνη
3323 5753 3598 5819 καθέστηκε
3625 5754 3713 5810 afro-
