3838 6226
192 262 309 328 869

1551 256 1916 327 EPISTULA
1959 257 2120 329 XIV:

3363 260 3470 341 870

193 373 323 427 οὐδὲ
364 372 476 442 γὰρ
517 371 693 438 ἄλλως
728 371 793 429 τὰ
837 374 956 431 θεῖα
989 375 1255 447 γνωρίσαι
1292 375 1566 446 δυνάμεθά
1592 396 1604 408 ν
1640 376 1781 430 οὕτω

1890 378 2124 433 demisse
2163 387 2219 433 et
2246 372 2585 437 meonomice
2617 381 2840 453 prepler
2877 383 3123 440 nostram
3181 384 3469 439 inﬁrmita‘

193 466 507 523 κάνταῦθα.
559 466 705 537 Πλὴν
732 468 898 522 ἄκουε
926 484 939 500 ·
981 471 1039 522 '0
1066 470 1198 533 Θεὸς
1227 470 1436 533 πλάσας
1460 470 1551 523 τὸν
1577 470 1786 539 ἄνθρω-

193 575 341 625 πον,
371 558 605 626 φυσικὸν
636 559 787 630 αύτῷ
820 562 981 630 νόμον
1012 544 1308 631 ἐνέθηκεν,
1340 562 1489 626 ὅπως
1522 563 1664 633 δρῶν
1696 563 1786 617 οὐ·

196 652 367 720 ρανδν
386 691 401 716 ,
434 651 540 721 γῆν
562 693 575 717 ,
609 652 888 707 θάλασσαν
917 654 1012 707 καὶ
1043 654 1223 707 πάντα
1255 656 1312 707 ἐν
1341 653 1477 725 αὐτῇ
1500 694 1514 720 ,
1549 654 1748 728 δοξάςῃ
1769 697 1783 718 ,

193 745 299 796 καὶ
345 748 627 815 προσκυνῇ
668 745 763 801 τὸν
803 745 1141 815 δημιουργὸν
1180 749 1276 799 καὶ
1317 734 1783 817 κτίστηνάύτῶν.

211 836 316 888 Ἐκ
352 837 618 905 μεγέθους
649 837 794 907 γὰρ,
830 839 997 908 φησι,
1032 839 1129 891 καὶ
1166 838 1430 908 καλλονῆς
1468 840 1786 909 κτισμάτων

197 929 488 998 ἀναλόγως
516 930 544 981 ὁ
574 930 959 1001 γενεσιουργὸς
988 931 1169 984 αὐτῶν
1201 930 1513 1001 θεωρεῖται,
1554 932 1707 986 Ἐπεὶ
1732 932 1786 985 δὲ

193 1014 310 1072 εἶδε
358 1014 527 1088 μηδὲν
571 1020 719 1089 ἡμᾶς
762 1021 827 1075 ὲκ
851 1021 1058 1079 τούτων
1101 1022 1195 1076 ἐπὶ
1236 1022 1335 1093 τὴν
1380 1022 1545 1076 αὑτοῦ
1588 1023 1787 1091 γνῶσιν

194 1112 640 1181 προκόπτοντας,
671 1112 748 1174 είς
779 1112 979 1165 κακίαν
1010 1112 1065 1167 δὲ
1098 1114 1280 1166 πᾶσαν
1306 1101 1792 1184 ὲγκυλιουμένουςξ

194 1203 398 1271 ἑτέραν
429 1202 730 1273 θεραπείαν
763 1207 1114 1274 μετέρχεται,
1149 1206 1243 1256 καὶ
1272 1205 1364 1259 τὸν
1394 1206 1597 1259 Μωσέα
1625 1223 1785 1275 νομο-

195 1296 369 1365 θέτην
410 1296 682 1366 καθιστᾷ,
724 1296 823 1350 καὶ
874 1296 963 1351 διὰ
1014 1296 1358 1368 πραγμάτων
1401 1299 1536 1367 ἡμῖν
1583 1297 1782 1367 ὁμιλεῖ.

156 1431 164 1458 ,
209 1390 373 1442 Ἐπεὶ
404 1389 459 1441 δὲ
491 1388 589 1441 καὶ
621 1388 713 1441 τοῦ
748 1389 1037 1457 γεγονότος
1069 1389 1192 1443 οὐδὲ
1227 1389 1469 1443 τοιούτου
1501 1388 1788 1460 ὠφελήθη-

154 1460 163 1525 Ῐ
198 1498 307 1551 μεν
329 1523 341 1545 ,
374 1481 436 1534 ού
474 1480 629 1550 παρὰ
656 1481 758 1549 τὴν
791 1480 887 1535 τοῦ
922 1480 1110 1552 ἰατροῦ
1140 1482 1341 1552 τέχνην
1363 1521 1376 1545 ,
1413 1482 1568 1552 παρὰ
1601 1480 1657 1533 δὲ
1687 1480 1786 1550 τήν

196 1573 488 1644 μοχθηρὰν
527 1573 687 1641 ἡμῶν
724 1572 975 1625 δίαιτανο
1020 1569 1222 1641 ηὔξανε
1263 1573 1319 1626 δὲ
1362 1572 1422 1626 τὸ
1466 1573 1663 1637 κακὸν,
1702 1570 1785 1625 ἔτι

190 1666 293 1719 καὶ
323 1667 403 1717 ἔτι
431 1667 463 1734 ὴ
494 1665 647 1727 νόσος
678 1664 1018 1734 προέκοπτεν
1044 1681 1058 1696 ⁸
1089 1667 1262 1736 ἑτέρῳ
1292 1664 1502 1733 μείζονι
1529 1666 1623 1719 καὶ
1651 1665 1783 1718 θαυ-

1891 476 1999 522 tem
2032 466 2312 534 dicuntur,
2376 485 2555 540 neque
2596 473 2745 527 enim
2796 473 2952 528 aliter
2994 473 3178 528 divina
3237 480 3472 529 noscere

1890 570 2219 624 possumus,
2275 556 2349 611 ita
2400 570 2455 613 et
2520 560 2629 615 hic.
2700 563 2970 618 Praeterea
3026 564 3255 619 audias:
3328 565 3471 619 Deus

1890 650 2169 717 plasmans
2200 649 2499 716 hominem,
2539 652 2820 723 physicam
2854 655 2903 709 ei
2935 657 3228 711 constituit
3268 656 3466 728 legem,

1891 750 1950 794 ut
1977 740 2168 794 videns
2215 742 2439 805 caelum,
2465 750 2694 807 terram,
2732 760 2882 800 mare
2917 754 2973 800 et
3010 748 3193 802 omnia
3232 763 3353 817 quas
3408 749 3465 803 in

1888 846 1954 885 eo
1980 841 2131 897 sunt,
2166 832 2454 903 gloriﬁcet,
2487 849 2551 888 ac
2588 845 2883 889 veneretur
2906 837 3158 907 Opiﬁcem
3189 848 3245 893 et
3276 840 3468 893 coniti;

1892 930 2064 976 torem
2095 937 2325 990 eorum;
2378 939 2441 978 ex
2470 924 2882 994 pulchritudine
2910 930 3079 992 enim,
3117 931 3212 993 ait,
3246 940 3303 985 et
3354 947 3469 985 am-

1889 1014 2156 1085 plitudine
2181 1016 2520 1072 conditarum
2547 1033 2729 1073 rerum
2753 1035 2865 1075 non
2898 1020 3198 1089 incongrue
3226 1024 3467 1093 ipsarum

1890 1107 2070 1177 cpifex
2104 1108 2466 1179 dignoscitur.
2503 1109 2781 1176 Quoniam
2819 1129 2952 1169 vero
2988 1114 3125 1170 vidit
3162 1131 3262 1170 nos
3287 1132 3352 1171 ex
3387 1119 3472 1172 his

1891 1199 2112 1254 minime
2132 1200 2429 1270 profecisse
2460 1203 2515 1255 in
2533 1202 2654 1272 ejus
2683 1204 3016 1272 cognitione,
3052 1207 3163 1262 imo
3187 1208 3244 1263 in
3276 1211 3472 1277 quovis

1889 1291 2032 1347 malo
2067 1291 2401 1360 implicatos,
2432 1292 2659 1347 alteram
2692 1296 2997 1350 curationis
3031 1298 3275 1367 speciem
3307 1299 3471 1353 adhi-

1888 1385 2000 1451 bet,
2038 1394 2092 1440 et
2118 1384 2336 1454 Moysen
2398 1386 2768 1457 legislatorem
2805 1390 3020 1455 statuit,
3060 1400 3116 1445 et
3155 1407 3253 1461 per
3304 1403 3472 1460 opera
3543 1390 3547 1394 ’

1888 1478 2046 1533 nobis
2077 1477 2340 1549 loquitur.
2379 1477 2484 1534 Sed
2511 1494 2633 1534 cum
2672 1495 2853 1551 neque
2883 1496 2949 1536 ex
2984 1482 3086 1537 hoc
3115 1483 3259 1538 facto
3309 1487 3473 1552 quid-

1887 1587 2050 1641 quam
2109 1572 2360 1627 utilitatis
2425 1575 2767 1643 ceperimus,
2821 1590 2931 1630 non
2988 1585 3215 1645 propter
3270 1579 3471 1634 medici

1889 1674 2084 1732 artem,
2125 1680 2315 1721 verum
2348 1675 2573 1736 propter
2617 1667 2742 1721 vitae.
2782 1676 2985 1723 nostra:
3027 1669 3469 1738 improbitatem;

195 1757 387 1826 μασίῳ
418 1757 618 1825 χρᾶται
652 1757 951 1826 φαρμάκῳ,
984 1757 1080 1809 καὶ
1104 1757 1171 1810 δι’
1196 1756 1392 1811 ἑαυτοῦ
1426 1758 1557 1828 ἡμῖν
1587 1757 1781 1827 ἐπιδη-

1890 1758 2093 1814 malum
2119 1774 2251 1814 vero
2278 1760 2343 1813 in-
2368 1759 2488 1815 dies
2527 1768 2848 1828 augeretur,
2876 1772 2931 1815 et
2970 1761 3194 1816 morbus
3220 1762 3469 1831 ingravcé

196 1851 319 1919 μετ.
359 1870 377 1901 ι
411 1848 582 1910 Αὐτὸς
612 1848 743 1918 γὰρ,
774 1850 941 1917 φησὶν
966 1848 994 1899 ό
1029 1846 1279 1914 Ἡσαΐας,
1306 1847 1451 1919 ἥξει,
1482 1848 1578 1901 καὶ
1618 1847 1781 1901 σώσει

189 1942 347 2012 ἡμᾶς
371 1956 385 1969 °
430 1959 449 1993 ι
486 1940 649 2003 αὐτὸς
692 1941 788 1992 καὶ
826 1941 924 2010 οὐχ
952 1941 1137 2011 ἕτερος
1166 1940 1413 2003 κενώσας
1459 1941 1653 1995 ἑαυτὸν
1694 1941 1789 1994 καὶ

188 2033 324 2089 καθ’
352 2034 499 2104 ἡμᾶς
537 2032 887 2103 χρηματίσας
921 2031 1244 2104 ἄνθρωπος,
1278 2034 1369 2086 ἵνα
1406 2031 1638 2103 περιέλῃ
1678 2034 1786 2086 πᾶ-⁹

192 2142 302 2180 σαν
332 2125 490 2197 ήμῶν
518 2125 799 2195 ἀφορμήν.

265 2330 485 2398 Μηκέτι
516 2329 705 2384 λοιπὸν
737 2329 1072 2401 ἀμφίὸαλλε,
1108 2327 1183 2401 μὴ
1218 2330 1449 2402 θορυθοῦ
1490 2327 1614 2384 καθ’
1644 2332 1775 2383 ἑαυδ

185 2424 286 2477 τὸν
320 2424 598 2492 σάρκωσιν
629 2422 846 2477 ἁκούων
875 2422 1011 2476 Θεοῦ
1034 2463 1051 2489 ,
1084 2425 1179 2476 καὶ
1210 2422 1280 2476 τὰ
1310 2423 1408 2493 τῆς
1443 2421 1777 2495 σαρκώσεως

190 2517 329 2571 εδια.
361 2516 589 2578 Ἡσαΐας
618 2515 719 2586 βοᾷ
744 2532 828 2569 σοι
853 2531 867 2546 ·
901 2534 920 2566 ‹
970 2516 1098 2569 Ἰδοὺ
1128 2517 1161 2585 ή
1197 2514 1462 2586 παρθένος
1490 2515 1550 2566 ὲν
1579 2519 1779 2584 γαστρὶ

185 2609 431 2679 λήψεται
463 2612 561 2662 καὶ
590 2609 807 2676 τέξεται
854 2609 993 2675 υἱὸν,
1029 2610 1125 2663 καὶ
1154 2610 1447 2662 καλέσουσι
1508 2610 1568 2661 τὸ
1603 2608 1778 2679 ὄνομα

188 2701 366 2755 αὐτοῦ
412 2700 768 2770 Ἐμμανουήλ
792 2716 806 2730 ·
846 2700 968 2769 μέλι
999 2701 1091 2753 καὶ
1138 2699 1399 2769 βούτυρον
1438 2702 1677 2770 φάγεται
1701 2716 1714 2730 ·
1753 2714 1771 2752 ι

191 2794 299 2848 καὶ
340 2789 531 2857 αὖθις·
572 2810 590 2844 ι
626 2794 848 2846 Παιδίον
876 2793 1139 2860 ἐγεννήθη
1172 2795 1329 2862 ἡμῖν,
1358 2773 1455 2846 καὶ
1486 2794 1597 2856 υίὸς
1621 2793 1776 2863 ἐδόθη

187 2886 357 2956 ἡμῖν,
386 2883 446 2937 οὗ
489 2885 521 2954 ή
553 2884 696 2954 ἀρχὴ
730 2884 825 2936 ἐπὶ
861 2883 956 2936 τοῦ
1004 2881 1158 2953 ώμου
1210 2883 1402 2944 αὐτοῦ,
1462 2883 1774 2953 θαυμαστὸς

192 2975 529 3047 σύμϐουλος,
598 2976 731 3038 Θεὸς
795 2975 1035 3046 ίσχυρὸς,
1090 2976 1273 3046 πατὴρ
1330 2974 1426 3037 τοῦ
1481 2976 1771 3044 μέλλοντος

190 3068 450 3134 αἰῶνος.»
484 3069 545 3121 Ei
571 3068 751 3122 τοίνυν
775 3068 837 3122 τὸ
858 3066 1120 3137 γεννηθὲν
1151 3066 1364 3121 παιδίον
1391 3066 1526 3119 Θεὸν
1557 3066 1778 3136 ἰσχυρὸν
1804 3093 1850 3156 C

188 3164 226 3216 ὸ
256 3163 547 3233 προφήτης
578 3162 714 3232 φησι
743 3162 839 3215 καὶ
868 3160 963 3215 τοῦ
998 3161 1284 3230 μέλλοντος
1316 3160 1514 3224 αἰῶνος
1548 3159 1774 3231 πατέρα,

194 3257 322 3320 πῶς
360 3257 482 3326 οὐχὶ
523 3256 773 3317 θεοτόκος
818 3254 913 3308 καὶ
953 3253 1227 3323 παρθένος
1269 3252 1497 3323 κληθείη
1537 3253 1603 3305 ἂν
1646 3253 1679 3322 ἡ
1718 3253 1781 3306 τὸ

192 3350 415 3404 παιδίον
442 3349 601 3403 τοῦτο
629 3348 973 3417 γεννήσασα;
1004 3346 1123 3399 ’Ίνα
1147 3346 1200 3399 τί
1230 3345 1420 3399 λοιπὸν
1452 3344 1780 3415 ματαιάζεις

192 3448 298 3499 καὶ
327 3445 422 3498 ἐπὶ
450 3447 629 3507 κενοῖς
661 3445 1026 3511 κακουργεῖς;
1055 3442 1177 3494 ἰνα
1199 3442 1253 3493 τί
1280 3440 1375 3504 τὰς
1406 3440 1580 3505 λέξεις
1611 3438 1779 3492 ὑπαλ-

192 3539 434 3600 λάττεις,
468 3534 562 3589 καὶ
588 3536 769 3587 νεᾶνιν
798 3532 919 3585 ἀντὶ
952 3530 1223 3601 παρθένου
1252 3530 1672 3597 ἀναγινώσκεις,
1700 3527 1779 3598 τῷ

197 3628 282 3698 σῷ
314 3627 620 3696 διδασκάλῳ
651 3627 754 3679 κάν
783 3626 994 3689 τούτοις
1025 3623 1360 3687 ἀκολουθῶν,
1401 3621 1606 3692 Ἀκύλᾳ
1635 3621 1780 3689 λέγω

194 3720 279 3792 τῷ
312 3720 710 3790 ματαιόφρονις
753 3718 947 3786 Ἡμεῖς
981 3715 1110 3787 περὶ
1139 3716 1237 3785 τὴν
1265 3703 1412 3779 λέξιν
1441 3715 1502 3769 οὐ
1536 3713 1781 3784 ζυγομασο

192 3812 441 3885 χοῦμεν·
482 3812 681 3866 ταυτὸν
715 3810 825 3879 γὰρ
863 3808 1101 3873 νεάνιδος
1138 3810 1234 3865 καὶ
1268 3807 1545 3877 παρθένου
1584 3808 1644 3860 τὸ
1685 3823 1781 3875 ση-

198 3909 395 3977 μαῖνον
427 3905 571 3958 κατὰ
599 3904 700 3973 τὴν
730 3902 825 3955 τοῦ
858 3901 1283 3973 Δευτερονομίου
1316 3900 1637 3971 παράδοσιν.
1673 3901 1780 3953 Καὶ

192 3998 253 4051 τί
283 4001 393 4068 χρὴ
420 3996 590 4049 πολλὰ
617 3996 835 4065 λέγειν;
864 3994 931 4047 ΕΞ
964 3994 1039 4063 μὴ
1070 3995 1161 4047 τὸν
1191 3994 1356 4047 τόκον
1377 3992 1681 4063 παράδοξον
1707 3990 1782 4043 εῐά

198 4105 405 4159 πομεν,
444 4088 493 4141 εί
534 4074 775 4155 γυναῖκζ
815 4083 1089 4155 παρθένον
1128 4083 1345 4154 μητέρα
1381 4081 1598 4135 παιδίου
1634 4080 1785 4149 γενέἀ

197 4183 329 4238 σθαι
372 4180 809 4251 ὁμολογήσομεν,
852 4175 1107 4246 ψεύδεται
1150 4177 1179 4228 ὁ
1228 4175 1515 4244 προφήτης
1556 4173 1784 4242 σημεῖον

194 4273 280 4341 τῷ
304 4271 478 4340 Ἀχαζ
508 4269 725 4339 δοθῆναι
751 4267 927 4336 λέγων
958 4266 1110 4336 παρὰ
1135 4264 1295 4319 Θεοῦ.
1336 4264 1497 4318 Ἀλλὰ
1524 4265 1574 4317 τί
1600 4264 1781 4329 τοῦτο,
1820 4275 1823 4278 ‘

193 4366 299 4420 καὶ
329 4362 574 4417 ποταπόν
604 4362 723 4413 ἐστι
751 4359 813 4412 τὸ
845 4360 1107 4427 σημεῖον;
1143 4356 1453 4427 Πρόσσχες,
1486 4358 1535 4408 εί
1568 4355 1777 4425 βούλει,

1895 1861 2075 1907 sceret
2104 1870 2119 1906 :
2149 1852 2260 1907 alio
2294 1852 2544 1906 validiori
2570 1863 2628 1907 et
2654 1852 2883 1908 mirifico
2922 1854 3096 1908 utitur
3127 1854 3388 1919 remedio,
3419 1866 3474 1910 ct

1893 1960 1988 2015 per
2013 1960 2069 2000 se
2096 1946 2275 2015 ipsum
2305 1946 2371 2001 ad
2398 1962 2500 2002 nos
2527 1946 2698 2001 venit.
2731 1964 2749 1999 ι
2788 1946 2929 2015 Ipse
2964 1949 3133 2012 enim,
3168 1948 3340 2005 Isaias
3370 1951 3468 2013 ait,

1891 2038 2095 2103 veniet,
2123 2048 2177 2092 et
2203 2039 2435 2092 sali-abit
2467 2053 2591 2101 nos,
2640 2056 2658 2090 ι
2698 2039 2815 2109 ipse
2841 2050 2897 2094 et
2945 2056 3055 2095 non
3083 2040 3245 2107 alius,
3279 2040 3473 2096 exinaa

1892 2129 2054 2185 niens
2087 2131 2471 2199 semetipsum,
2505 2139 2560 2185 et
2582 2131 2724 2201 apud
2751 2146 2853 2187 nos
2880 2145 3049 2203 agens
3080 2141 3140 2187 ut
3191 2133 3376 2201 homo,
3414 2144 3474 2190 ut

1895 2237 2117 2283 omnem
2154 2238 2184 2275 a
2213 2223 2372 2276 nobis
2398 2222 2611 2278 auferat
2634 2224 2806 2278 animi
2841 2228 3289 2283 commotionem.

1958 2318 2037 2374 Ne
2060 2318 2298 2387 amplius
2324 2319 2491 2388 igitur
2518 2318 2753 2387 dubites,
2790 2335 2967 2390 neque
3005 2323 3241 2377 turbet-is
3277 2325 3332 2378 in
3388 2336 3469 2379 te:

1884 2410 2118 2480 metipso
2150 2410 2423 2465 carnalem
2448 2412 2681 2467 audiens
2704 2414 3112 2483 generationem
3134 2416 3250 2484 Dei,
3279 2427 3333 2471 et
3353 2424 3473 2487 quat

1886 2506 2115 2578 hujusce
2148 2505 2384 2561 carnalis
2410 2508 2786 2585 generationis
2815 2517 2946 2564 sunt
2982 2513 3222 2580 prOpria,
3252 2526 3471 2568 annun-

1887 2600 2057 2653 tiante
2089 2598 2261 2653 Isaia:
2319 2619 2337 2651 ι
2371 2600 2509 2653 Ecce
2547 2599 2700 2671 virgo
2745 2600 2800 2655 in
2826 2612 3017 2657 ventre
3072 2605 3366 2675 concipiet,
3421 2612 3476 2661 et

1888 2691 2066 2761 pariet
2106 2692 2300 2755 tilium,
2335 2700 2390 2745 et
2413 2692 2693 2746 vocabunt
2735 2707 2935 2748 nomen
2966 2695 3083 2763 ejus
3114 2694 3471 2763 Emmanuel;
3506 2765 3514 2769 γ

1887 2784 1993 2837 mel
2028 2791 2082 2837 et
2108 2784 2361 2854 butyrum
2400 2784 2652 2838 comedet
2687 2800 2702 2849 ;
2741 2802 2760 2835 ι
2794 2794 2849 2839 et
2877 2785 3110 2839 iterum:
3157 2807 3174 2838 ι
3208 2786 3348 2842 Puer
3378 2803 3449 2843 na

1888 2884 1975 2930 tus
1998 2884 2081 2929 est
2115 2876 2296 2940 nobis,
2326 2876 2472 2931 ﬁlius
2497 2877 2655 2931 datus
2706 2885 2795 2932 est
2846 2880 3027 2943 nobis,
3073 2883 3231 2948 cujus
3267 2882 3472 2951 princi:

1886 2976 2047 3037 patus
2080 2981 2248 3035 super
2309 2966 2602 3020 humerum
2634 2967 2757 3035 ejus
2786 3007 2802 3034 ,
2836 2968 3174 3023 admirabilis
3219 2971 3473 3024 consilia;

1887 3060 2023 3124 rius,
2074 3058 2222 3113 Deus
2251 3057 2434 3123 fortis,
2459 3068 2614 3128 pater
2664 3058 2832 3113 [ιιῐὶιεὶ
2889 3059 3095 3114 saeculi.
3137 3079 3155 3112 ι
3189 3061 3246 3116 Si
3307 3063 3474 3134 igitur

1881 3162 2071 3208 natum
2121 3152 2519 3222 lilium,Deum
2568 3153 2766 3211 fortem
2794 3153 2933 3208 dixit
2968 3155 3258 3225 propheta,
3284 3166 3338 3211 et
3389 3152 3472 3217 ius

1882 3246 1987 3300 turi
2042 3246 2227 3300 saeculi
2291 3255 2545 3317 patrem,
2610 3247 2885 3315 quomodo
2945 3262 3055 3301 non
3120 3247 3217 3303 Dei
3276 3258 3477 3319 parens

1881 3348 1935 3394 et
1965 3340 2115 3409 virgo
2148 3337 2451 3403 vocabitur,
2492 3351 2615 3407 qua:
2650 3337 2822 3392 ﬁlium
2882 3338 3031 3392 hunc
3090 3339 3312 3410 genuit?
3354 3339 3474 3395 Ca:-

1884 3438 2062 3484 terum
2091 3430 2220 3501 quid
2248 3431 2434 3485 inania
2459 3441 2673 3501 captas,
2705 3442 2761 3487 et
2787 3432 2841 3487 in
2880 3431 3135 3487 inanibus
3158 3434 3304 3487 male
3335 3446 3472 3503 Ope-‘-

1881 3522 2057 3576 raris?
2116 3523 2259 3588 Quid
2318 3524 2597 3595 dictiones
2647 3524 2903 3590 invertls,
2967 3534 3024 3579 et
3079 3517 3317 3594 puellam
3377 3532 3475 3595 pro

1881 3612 2091 3684 virgine
2122 3613 2277 3685 legis,
2308 3628 2435 3669 cum
2481 3614 2747 3685 magistro
2781 3624 2877 3671 tuo
2930 3624 2986 3670 et
3034 3617 3088 3669 in
3125 3615 3277 3672 hisce
3335 3632 3475 3672 con-

1882 3704 2149 3770 sentiens,
2188 3706 2407 3776 Aquila,
2435 3706 2581 3772 dico,
2635 3707 2978 3778 desipienti?
3051 3706 3162 3764 Nos
3213 3710 3358 3764 circa
3391 3710 3477 3764 dia

1882 3798 2119 3875 ctionem
2145 3813 2257 3853 non
2287 3798 2554 3862 rixamur,
2587 3801 2793 3881 ‘eadem
2849 3799 2997 3853 enim
3051 3798 3247 3869 puella:
3306 3811 3471 3869 atque

1882 3889 2107 3960 virginis
2137 3889 2460 3960 signiﬁcatio
2479 3890 2634 3959 juxta
2660 3889 3071 3947 Deuteronomii
3092 3892 3469 3948 traditionem:

1884 3980 2085 4036 Verum
2125 3981 2259 4051 quid
2298 3982 2497 4051 plura?
2520 3981 2635 4039 Nisi
2660 3992 2875 4054 partum
2903 3983 3285 4040 admirandum
3329 3985 3479 4040 dica-3

1885 4089 2030 4139 mus,
2064 4074 2169 4130 nisi
2208 4075 2494 4131 mulierem
2517 4077 2783 4148 virginem
2815 4077 2975 4146 pueri
3022 4087 3252 4131 matrem
3302 4077 3473 4132 fuisse

1886 4165 2271 4228 conﬁteamur,
2333 4167 2599 4221 mentitur
2648 4167 2913 4237 propheta
2975 4167 3189 4239 signum
3225 4168 3343 4223 dari
3396 4169 3480 4222 (ἰίά

1887 4271 2023 4312 cens
2046 4256 2231 4311 Achaz
2265 4273 2297 4312 a
2337 4258 2471 4312 Deo.
2504 4257 2612 4313 Sed
2646 4259 2922 4327 qundnam
2958 4258 3064 4313 hoc
3096 4268 3151 4313 et
3185 4259 3345 4327 quale
3395 4270 3479 4313 est

1887 4348 2139 4418 signum?
2170 4349 2429 4415 Attende,
2463 4349 2509 4405 si
2547 4349 2706 4416 libet,
2749 4349 2927 4415 Isaiae;
2961 4350 3306 4419 prOphetiam
3359 4350 3477 4418 lege

192 4455 281 4525 τῷ
316 4453 515 4524 Ἡσαΐᾳ
534 4491 550 4514 ,
581 4451 679 4521 τὴν
710 4450 1053 4520 προφητείαν
1088 4448 1367 4516 ἀνάγνωθι
1404 4447 1526 4501 καθ’
1554 4446 1777 4517 εἱρμὸν,

1890 4451 1984 4507 per
2010 4438 2259 4493 ordinem
2284 4456 2297 4504 ;
2347 4454 2467 4510 quae
2492 4440 2595 4494 sibi
2625 4450 2879 4497 constant
2903 4456 2973 4495 ne
2995 4441 3361 4510 detorqueas;
3388 4428 3476 4493 ius

200 4546 285 4618 μὴ
310 4544 487 4605 καλῶς
513 4542 727 4597 ἑστῶτα
750 4542 1066 4609 διάστρεφε,
1090 4541 1199 4602 τοῖς
1225 4539 1376 4593 κάτω
1396 4539 1466 4592 τὰ
1488 4539 1600 4593 ἄνω
1625 4537 1785 4592 σύνα-

197 4653 310 4691 πτε
330 4652 346 4668 ο
377 4638 472 4689 καὶ
501 4633 645 4688 οὕτω
679 4632 901 4704 μαθήσῃ
932 4630 1026 4686 τοῦ
1063 4629 1369 4701 μυστηρίου
1399 4629 1780 4707 τὴνθδύναμιν.

193 4728 313 4785 Τοῦ
348 4732 458 4800 γὰρ
482 4726 690 4799 Ἀχαξ,
722 4726 889 4796 ἡνίκα
922 4724 1074 4795 παρὰ
1104 4722 1199 4777 τοῦ
1238 4725 1518 4793 προφήτου
1557 4724 1784 4791 σημεῖον

194 4825 427 4893 αἰτῆσαι
477 4820 875 4892 παρεϐιάζετο,
927 4817 1206 4884 εἰπόντος,
1261 4836 1279 4868 ι
1316 4816 1389 4868 Οὐ
1428 4814 1505 4885 μὴ
1551 4815 1784 4884 αἰτήσω,

1886 4528 2180 4584 ferioribus
2221 4531 2504 4599 superiora
2546 4530 2826 4602 conjuge:
2866 4547 2931 4587 ac
2968 4532 3048 4586 sic
3079 4530 3292 4585 edisccs
3357 4540 3474 4600 my—

1888 4619 2040 4674 sterii
2075 4620 2401 4689 potentiam.
2426 4619 2656 4687 Quando
2686 4621 2832 4675 enim
2878 4620 3063 4677 Achaz
3106 4621 3404 4691 cogebatur
3438 4632 3468 4674 a

1888 4713 2153 4783 propheta
2190 4722 2251 4769 ut
2292 4722 2502 4783 peteret
2547 4714 2790 4784 signum,
2827 4730 2953 4769 cum
2994 4714 3257 4769 dixisset:
3294 4734 3312 4766 ι
3354 4712 3474 4769 Νοιι

1890 4814 2090 4870 petam,
2130 4821 2307 4875 neque
2364 4807 2591 4861 omnino
2642 4806 2867 4862 tentabo
2907 4806 3221 4869 Dominum,
3292 4824 3310 4858 ι
3349 4822 3473 4878 pro-

196 4917 330 4970 οὐδὲ
364 4916 425 4969 οὐ
467 4914 542 4983 μὴ
575 4912 823 4983 πειρὰσω
864 4910 954 4965 τὸν
988 4909 1190 4979 Κύριον
1215 4923 1229 4938 ο
1264 4928 1282 4962 ι
1314 4911 1343 4961 ό
1374 4908 1661 4977 προφήτης
1689 4907 1781 4960 αὖ-

1890 4897 2049 4965 pheta
2082 4898 2277 4951 iterum
2299 4898 2544 4953 subdidit
2576 4898 2810 4952 dicens:
2873 4916 2890 4948 ι
2934 4898 3166 4967 Propter
3196 4898 3298 4952 hoc
3352 4898 3471 4966 ipse

198 5010 295 5070 θις
321 5008 569 5076 ἐπήγαγε
593 5004 771 5072 λέγων
792 5019 807 5035 ·
853 5018 872 5054 ι
903 5000 1000 5055 Διὰ
1030 5000 1186 5054 τοῦτο
1207 4999 1365 5054 δώσει
1397 4997 1600 5069 Κύριος
1626 4998 1787 5060 αὐτὸς

197 5100 341 5169 ὑμῖν
388 5089 651 5169 ἇημεῖον·
697 5096 804 5148 ίδοὺ
859 5097 892 5165 ή
948 5091 1216 5162 παρθένος
1251 5092 1310 5145 ἐν
1365 5090 1564 5158 γαστρὶ
1620 5088 1789 5158 λήψε-

197 5208 354 5248 ται.»
383 5191 641 5245 Μάνθανε
674 5183 769 5242 οὖν
797 5184 1046 5240 ἐντεῦθεν
1077 5186 1162 5238 ὅτι
1183 5184 1242 5237 τὸ
1274 5181 1427 5235 δοθὲν
1458 5181 1684 5251 σημεῖον
1712 5180 1790 5249 τῷ

205 5282 392 5355 Ἀχαζ
421 5284 524 5353 οὐχ
554 5280 743 5351 ἔτερόν
774 5280 923 5331 ἐστιν
955 5277 989 5348 ἢ
1020 5276 1082 5329 τὸ
1113 5276 1355 5344 γυναῖκα
1388 5274 1488 5345 μὲν
1518 5274 1701 5327 λαδεῖν
1733 5275 1790 5326 ὲν

198 5379 412 5450 γαστρὶ
430 5414 446 5438 ,
478 5376 653 5444 ἑτέρῳ
682 5372 740 5426 δέ
768 5382 879 5424 τινι
908 5370 1098 5440 τρόπῳ
1126 5367 1574 5439 παρηλλαγμένῳ
1604 5364 1699 5420 καὶ
1727 5365 1790 5418 οὐ

198 5470 454 5540 συνήθει.
492 5467 557 5521 El
599 5464 709 5533 γὰρ
746 5462 808 5516 τὸ
850 5465 1076 5532 σημεῖον
1119 5460 1269 5525 ξένον
1307 5459 1359 5513 τί
1403 5460 1518 5512 ἐστι
1555 5460 1792 5529 πρᾶγμα

199 5563 305 5615 stati.
330 5560 496 5630 ἄηθες
516 5603 529 5626 ,
559 5558 802 5620 τοιοῦτος
829 5556 1036 5625 ὀφείλει
1063 5556 1156 5605 καὶ
1180 5554 1209 5606 ὁ
1233 5552 1391 5615 τόκος
1416 5548 1556 5605 εῖναι
1581 5550 1787 5603 λοιπόν.

200 5652 287 5706 Τὸ
315 5650 373 5704 δι
393 5654 455 5703 ὲκ
478 5651 786 5720 θελήματος
808 5647 997 5717 ἀνδρὸς
1025 5644 1311 5713 γεννηθὲν,
1339 5640 1574 5709 ὁπηνίκα
1605 5638 1793 5707 δηλονσι

206 5742 303 5799 ότι
329 5741 554 5813 γυναικὶ
586 5737 961 5811 συμπλακείη,
1008 5736 1103 5790 καὶ
1130 5733 1305 5789 ταυτα
1345 5731 1565 5797 νεάνιδι,
1597 5731 1698 5783 οὐκ
1727 5730 1793 5784 ἄν

1891 4988 2153 5043 Dominus
2182 4989 2332 5044 dabit
2380 4990 2536 5045 vobis
2558 4991 2809 5060 signUm:
2868 5002 2998 5044 ecce
3028 4992 3182 5060 virgo
3229 4990 3283 5045 in
3316 5000 3474 5044 utero

1892 5079 2181 5150 concipiet.
2223 5099 2242 5131 ι
2279 5080 2434 5136 Disce
2462 5081 2627 5152 igitur
2654 5097 2721 5135 ex
2754 5082 2882 5145 hoc,
2916 5082 3063 5151 quod
3116 5082 3329 5152 signum
3382 5083 3474 5139 da;

1894 5182 2006 5226 tum
2039 5170 2221 5231 Achaa
2275 5173 2485 5227 nullum
2522 5173 2670 5228 aliud
2723 5182 2807 5229 est
2857 5191 3019 5243 quam
3077 5177 3222 5245 quod
3278 5176 3476 5229 mulier

1893 5266 2111 5334 quidem
2141 5265 2415 5335 concipiet
2448 5266 2500 5320 in
2534 5277 2751 5332 ventre,
2785 5268 2882 5323 sed
2920 5266 3026 5323 alio
3054 5269 3475 5338 quodammodo

1895 5358 2113 5412 diverso
2160 5365 2217 5410 et
2267 5356 2510 5411 insolito.
2573 5356 2631 5412 Si
2665 5359 2814 5414 enim
2870 5359 3085 5430 signum
3147 5373 3349 5413 novum
3389 5366 3472 5410 est

1893 5449 2098 5520 aliquid
2145 5457 2203 5504 et
2252 5448 2611 5514 inusitatum,
2664 5460 2855 5521 partus
2907 5452 3071 5505 etiam
3120 5464 3253 5503 sane
3310 5450 3474 5504 debet

1896 5557 2016 5598 esse
2045 5521 2173 5611 quid
2201 5540 2403 5596 simile.
2462 5538 2619 5607 Quod
2649 5532 2787 5597 vero
2822 5542 3063 5595 nascitur
3092 5556 3157 5593 ex
3195 5539 3474 5594 voldntate

1896 5637 2023 5699 viri,
2047 5635 2268 5706 quando
2301 5635 2561 5689 nimirum
2599 5646 2725 5689 cum
2768 5648 2938 5691 uxore
2962 5632 3333 5702 conjnngitnr,
3389 5630 3474 5687 vel

1900 5730 2066 5787 etiam
2100 5744 2223 5784 cum
2281 5716 2482 5799 puella,
2519 5738 2800 5794 nunquam
2857 5738 2987 5781 sane
3018 5723 3266 5795 signum,
3299 5728 3475 5787 neutra
