3838 6226
200 374 317 439 885

1555 376 1919 437 EPISTULA
1965 372 2117 437 XIV.

3345 381 3450 445 886

202 485 460 557 ἀπῇλθον
485 485 917 555 ἀποδιδράσκων,
952 489 1176 542 κάκεῖσε
1224 489 1517 560 ἠγαγόμην
1548 488 1772 555 άλλόφυυ

1887 504 2035 553 nam,
2073 488 2145 542 ita
2187 498 2241 543 et
2273 489 2361 545 ille
2393 505 2421 544 a
2453 490 2853 547 contribulihus
2885 489 3140 561 reiectus,
3174 490 3238 545 ad
3285 492 3448 545 aliam

200 577 326 646 λον,
354 580 497 633 οὕτω
546 582 798 642 κάκεῖνος
863 582 972 634 τῶν
1022 582 1315 651 ὁμοφύλων
1371 580 1779 649 ἀποπεμφθεὶς,

204 669 349 737 πρὸς
384 664 802 737 ἁλλογενήματα
831 670 1079 741 βήσεται,
1110 675 1209 741 τὴν
1261 672 1320 736 ἐξ
1350 671 1518 725 ἐθνῶν
1574 669 1793 740 δηλαδὴ

203 759 531 830 ἐκκλησίαν.
564 778 582 811 t
604 760 700 825 Ὧς
724 765 883 829 ἐμέ.)
921 763 1132 832 Ὠσπερ
1185 764 1295 831 ἐγὼ
1330 764 1482 833 παρά
1509 766 1602 817 τοῦ
1642 762 1779 816 Θεοῦ

203 853 523 924 ἀπεστάλην
555 856 647 907 ἐπὶ
679 855 770 908 τὸν
816 855 945 908 λαὸν
1011 857 1108 909 ἀπ’
1142 857 1421 924 Αἰγύπτου
1479 852 1779 923 ἐξελέσθαι,

205 938 357 997 οὕτω
388 946 637 1008 κάκεῖιος
666 946 817 1015 παρὰ
850 945 946 999 τοῦ
1001 947 1204 1004 οἰκείου
1263 942 1498 1018 Πατρδς,
1568 944 1656 1001 ἵνα
1688 946 1780 999 τὸν

208 1039 423 1107 κόσμον
446 1038 600 1113 ἐξέλῃ
630 1039 729 1107 τῆς
767 1040 1107 1111 κατεχοὺσης
1148 1040 1312 1094 αὑτὸν
1372 1038 1607 1107 ζοφερᾶς
1638 1038 1778 1090 πλά-

206 1146 309 1199 νης
342 1132 436 1183 καὶ
466 1131 759 1199 ἁμαρτίας.
820 1148 839 1183 ι
886 1128 974 1195 Ὧς
1027 1132 1148 1200 ὲμέ.
1190 1144 1208 1182 t
1244 1132 1457 1202 Ὥσπερ
1518 1127 1631 1198 ἑγὼ
1689 1128 1779 1183 διὰ

203 1222 310 1288 τῆς
338 1222 449 1274 τῶν
473 1224 674 1294 χειρῶν
702 1224 977 1287 ἐκτάσεως
1025 1223 1426 1294 ὲτροπωσάμην
1480 1223 1572 1275 τὸν
1614 1222 1781 1292 ’Δμα-

206 1312 334 1382 λὴκ,
366 1313 507 1366 οὕτω
538 1314 789 1377 κάκεῖνος
819 1315 918 1377 τὰς
950 1316 1139 1385 χεῖρας
1180 1314 1424 1377 ἐκτείνας
1487 1312 1579 1365 ἐπὶ
1617 1328 1780 1366 σταυ-

210 1403 305 1471 ροῦ
337 1403 425 1455 τὸν
456 1402 643 1473 νοητὸν
663 1401 935 1474 τροπώσει
969 1403 1061 1456 τὸν
1100 1400 1374 1471 Ἀμαλήκ.
1417 1417 1436 1451 t
1458 1398 1472 1417 '
1492 1400 1562 1460 Ως
1593 1398 1717 1468 ἐμὲ.
1754 1417 1772 1449 ι

208 1496 427 1566 Ὠσπερ
449 1497 555 1564 γὰρ
573 1492 705 1564 ἐγὼ,
728 1496 814 1549 ῐνα
840 1496 914 1565 μὴ
934 1494 1076 1563 λέγω
1104 1493 1173 1547 τὰ
1198 1491 1318 1547 καθ’
1346 1490 1599 1557 ἕκαστον,
1622 1506 1781 1559 νομο-

206 1587 374 1658 θέτης
402 1589 531 1643 λαοῦ
557 1589 649 1642 καὶ
664 1588 849 1657 ἄρχων
867 1587 1215 1658 κεχειροτόνη
1225 1603 1345 1655 μαι,
1364 1583 1508 1639 οὕτω
1525 1583 1779 1645 κάκεῖνος

204 1680 508 1747 νομοθέτης
538 1680 653 1741 νέος
684 1678 1005 1748 ὀφθήσεται,
1040 1695 1058 1727 ι
1098 1677 1207 1730 Καὶ
1240 1675 1416 1739 ἔσται,
1450 1673 1597 1727 πᾶσα
1630 1670 1777 1745 ψυχὴ

203 1769 325 1840 ἣτις
362 1769 462 1821 οὐκ
491 1768 870 1821 είσακούσεται
896 1766 1083 1833 αὑτοῦ,
1112 1763 1642 1836 ὲξολοθρευθήσεται.
1680 1780 1700 1815 ι

1884 588 2099 649 gentem
2144 579 2461 647 descendet,
2512 583 2579 636 ad
2615 589 2816 637 emtum
2858 583 3069 637 scilicet
3100 598 3163 636 ex
3192 582 3447 653 gentibus

1882 671 2161 726 coalitum.
2204 690 2222 722 ι
2258 671 2326 725 Ut
2376 689 2483 727 me.
2516 692 2534 724 ι
2589 674 3056 740 Quemadmodum
3112 690 3209 745 ego
3250 690 3277 726 a
3339 676 3447 727 Deo

1880 760 2079 814 missus
2131 775 2250 815 sum
2288 770 2349 815 ut
2400 763 2662 833 pepulum
2695 764 2762 817 ah
2803 761 3037 832 Egypto
3091 764 3445 827 vindicarem,

1882 851 1960 906 sic
1992 858 2046 905 et
2090 852 2182 907 ille
2217 855 2284 907 ab
2320 855 2565 924 ejusdem
2612 863 2820 908 naturae
2868 854 3025 907 Patre
3078 855 3346 914 mittetur,
3390 863 3447 908 ut

1880 943 2141 998 mundum
2191 954 2348 999 eruat
2391 962 2420 999 a
2456 945 2753 1013 coliginoso
2790 961 2897 1015 quo
2928 945 3204 999 detinetur
3258 961 3446 999 errore

1881 1040 1935 1085 et
1956 1041 2202 1101 peccato.
2248 1050 2266 1083 t
2300 1034 2370 1088 Ut
2419 1049 2526 1088 mc.
2570 1052 2586 1083 ι
2639 1034 3108 1099 Quemadmodum
3154 1031 3297 1086 enim
3346 1048 3446 1102 ego

1879 1122 2182 1177 elevatione
2214 1139 2467 1177 manuum
2512 1124 2649 1194 fuga:
2697 1124 2821 1179 dedi
2866 1124 3105 1191 Amalec,
3141 1124 3219 1178 sic
3248 1131 3303 1177 et
3358 1122 3447 1177 ille

1881 1227 2074 1267 manus
2120 1213 2419 1268 extendens
2482 1214 2537 1268 in
2599 1230 2763 1269 cruce
2828 1214 3171 1284 spiritualem
3224 1214 3446 1268 Amalec

1881 1303 2182 1359 subvertet.
2253 1322 2271 1354 ι
2304 1302 2375 1357 Ut
2417 1319 2521 1359 me.
2558 1322 2576 1355 ›
2612 1304 3078 1371 Quemadmodum
3123 1303 3269 1358 enim
3305 1318 3407 1372 ego
3430 1341 3444 1366 ,

1879 1408 1948 1448 ne
1986 1395 2190 1462 qumvis
2239 1395 2514 1465 sigillatim
2555 1411 2901 1466 percurram,
2952 1395 3230 1466 legislator
3261 1394 3446 1465 populi

1879 1493 1934 1539 et
1964 1485 2070 1538 dux
2113 1486 2429 1555 designatus
2462 1486 2576 1552 fui,
2614 1488 2687 1541 ita
2735 1493 2790 1540 et
2832 1486 2923 1543 ille
2962 1501 3137 1539 novus
3172 1485 3448 1555 legislator

1879 1576 2182 1645 apparebit,
2227 1596 2245 1628 ι
2275 1579 2341 1631 Ει
2374 1578 2549 1633 omnis
2581 1578 2761 1631 anima
2810 1592 2930 1651 qua:
2962 1577 3136 1647 ipsum
3190 1592 3297 1631 non
3347 1591 3446 1632 au—

1881 1664 2061 1732 dierit,
2107 1665 2473 1736 disperdetur.
2509 1685 2528 1719 ι

278 1826 391 1914 Kal
419 1859 590 1921 ταῦτα
630 1858 727 1928 μὲν
759 1858 949 1911 τοῦτον
974 1826 1086 1927 ἔχει
1121 1826 1213 1909 τδν
1242 1826 1465 1923 sptium:
1502 1854 1574 1907 Σὺ
1607 1851 1651 1905 δ’
1690 1852 1770 1905 ἔτι

1945 1837 2010 1892 Et
2048 1838 2162 1892 hare
2209 1838 2427 1907 quidem
2480 1838 2552 1893 ita
2604 1854 2663 1894 se
2711 1838 2934 1894 habent.
2970 1836 3049 1893 Tu
3105 1852 3235 1893 vero
3267 1837 3445 1893 adhuc

200 1951 548 2011 ἀντιπίπτεις
567 1951 658 2002 ἐπὶ
688 1952 753 2020 τῇ
789 1948 1032 2018 ἀληθείᾳ,
1072 1950 1189 2008 ταῖς
1218 1946 1621 2015 παραγραφαῖς
1672 1960 1769 1995 σου

203 2041 449 2115 θαρρεῖς,
480 2045 570 2105 ἐπὶ
600 2046 691 2098 τὸν
716 2043 808 2097 τοῦ
834 2042 994 2111 Ναυῆ
1038 2041 1246 2112 Ἰησοῦν
1278 2041 1483 2108 ταύτην
1519 2038 1770 2108 ἐπανάγῃ

200 2137 305 2209 τὴν
356 2136 714 2206 προφητείαν.
782 2136 1019 2206 Δέχομαι
1051 2135 1149 2201 τὴν
1209 2130 1587 2201 παραγραφὴν
1649 2145 1765 2181 σου.

206 2229 317 2280 Ποῦ
352 2228 407 2280 δὲ
432 2226 671 2295 θήσομεν
696 2224 873 2289 τὸτοῦ
913 2224 1159 2288 Ἡσαΐου,
1210 2219 1487 2292 τρισάθλιε
1559 2219 1623 2271 σὺ
1675 2217 1771 2268 καὶ⁹

199 2321 559 2388 ταλαίπωρε;
593 2316 719 2391 'Ap’
754 2318 994 2390 ἰσχύσεις
1040 2319 1132 2369 καὶ
1189 2315 1288 2384 ’τὴν
1329 2309 1494 2366 αὐτοῦ
1550 2324 1769 2380 προφη-

200 2413 353 2465 τείαν
384 2410 820 2480 ὲκκρούσασθαι;
856 2410 1078 2472 Πάντως
1110 2406 1251 2477 οὐχί.
1313 2403 1475 2471 Λέγει
1534 2403 1646 2471 γὰρ
1703 2398 1771 2452 δι’

201 2505 372 2558 αὑτοῦ
405 2504 538 2574 πρὸς
569 2504 659 2558 τὸν
703 2500 919 2573 Ἰσραὴλ
943 2503 968 2552 ό
999 2498 1155 2558 Θεός⁶
1198 2484 1217 2549 ὲ
1262 2496 1443 2565 Ὑμᾶς
1468 2493 1567 2567 μὲν
1596 2491 1771 2545 ἀνελῶ

200 2596 269 2665 τῇ
305 2593 548 2662 μαχαίρᾳ
588 2608 709 2661 μου,
740 2592 850 2652 τοῖς
878 2588 934 2642 δὲ
964 2586 1275 2651 δουλεύουσί
1335 2602 1427 2654 μοι
1473 2582 1773 2652 ἐπικληθῆ-

204 2696 359 2739 σεται
394 2685 564 2752 ὄνομα
592 2683 651 2735 τὸ
682 2681 887 2736 καινόν.
921 2698 940 2731 ι
970 2679 1034 2732 Τί
1057 2679 1272 2746 λέγεις;
1334 2675 1569 2730 Ἀνεῖλεν
1601 2675 1766 2744 ὑμᾶς,

202 2778 236 2847 ἦ
269 2778 429 2846 auxi;
480 2774 837 2828 Δουλεύουσιν
863 2772 1042 2842 ἕτεροι
1096 2770 1176 2840 τῷ
1226 2768 1368 2838 Θεῷ,
1419 2769 1452 2836 ἢ
1487 2765 1591 2833 ob;
1648 2766 1769 2820 Κᾶν

206 2872 272 2925 σὺ
316 2871 389 2940 μὴ
412 2869 719 2939 ὁμολογεῖς,
751 2865 866 2918 ἀλλ’
894 2864 1026 2919 αὐτὸ
1056 2861 1116 2915 τδ
1147 2861 1331 2915 καινὸν
1359 2860 1531 2929 ὕνομα
1573 2857 1769 2928 τρανό-

200 2978 360 3031 τερον
387 2962 686 3029 σάλπιγγος
720 2958 839 3028 βοᾷ,
896 2956 989 3012 καὶ
1017 2951 1477 3025 διαμαρτύρεται.
1539 2950 1609 3002 ’Ἡ
1636 2947 1769 3016 γοῦν

204 3052 391 3107 καινὸν
415 3049 590 3115 δεῖξον
622 3052 810 3119 ἕτερον
841 3048 1032 3116 δνομα,
1071 3048 1103 3117 ἢ
1162 3046 1222 3099 τὸ
1253 3045 1360 3097 τῶν
1422 3038 1769 3112 Χριστιανῶν

202 3145 297 3199 καὶ
344 3144 492 3198 ἄκων
555 3142 875 3205 κατὰδεξαι.
929 3139 1036 3193 Τοῦ
1067 3140 1175 3208 γὰρ
1233 3134 1524 3203 ἐπωνύμου
1576 3131 1765 3185 τούτου

202 3239 518 3307 καινότερον
545 3235 641 3304 οὐχ
675 3234 824 3304 εὖροι
852 3251 937 3297 τις
992 3232 1079 3287 ἄν.
1135 3231 1197 3283 El
1251 3229 1308 3282 δὲ
1367 3226 1536 3280 ταῦτα
1595 3223 1768 3287 οὕτως

203 3330 336 3400 ἔχει,
372 3329 458 3381 ἵνα
487 3328 538 3381 τί
570 3328 662 3379 καὶ
694 3326 861 3379 εἰσέτι
897 3323 1254 3393 ματαιάζεις;
1290 3320 1412 3373 Ἵνα
1441 3318 1495 3371 τί
1522 3316 1617 3371 καὶ
1648 3334 1772 3369 και-

204 3422 495 3493 ρυσκοπεῖς
517 3422 609 3471 ἐπὶ
640 3420 839 3481 κενοῖς,
870 3418 964 3469 καὶ
998 3417 1162 3469 αὐτὸν
1212 3414 1414 3483 ἐκδέχῃ
1462 3411 1551 3465 τὸν
1579 3410 1771 3480 ὴλειμ-

205 3515 388 3583 μένον,
421 3510 553 3581 μηδὲ
583 3509 763 3570 τοῦτο,
800 3507 903 3561 κᾶν
934 3506 1187 3572 ἐννοῆσαι
1231 3504 1491 3573 δυνηθῇς,
1546 3500 1626 3563 τίς
1656 3516 1713 3551 τε
1743 3500 1772 3551 ὀ

202 3602 533 3673 ἠλειμμένος
557 3600 692 3663 ἐστὶ,
718 3599 815 3652 καὶ
848 3597 1015 3650 πόθεν
1060 3594 1207 3665 αὐτῷ
1267 3592 1496 3662 συσταίη
1550 3592 1619 3644 τὰ
1673 3591 1772 3660 τῆς

201 3693 494 3763 γενέσεως.
541 3691 701 3744 Ἀλλὰ
730 3688 885 3761 ψιλὸς
914 3688 1243 3760 ἄνθρωποςς
1272 3688 1386 3741 Καὶ
1423 3684 1532 3756 μὴν
1558 3685 1605 3737 οἱ
1631 3699 1769 3753 προ-

203 3787 377 3856 φῆται
403 3784 481 3854 τῷ
508 3783 791 3854 ἐρχομένῳ
826 3782 1030 3852 σημεῖα
1064 3779 1318 3849 θεότητος
1359 3774 1770 3846 προστιθέασιν.

214 3879 382 3934 Ἀλλά
418 3876 813 3948 θεάνθρωποςς
849 3875 957 3926 Καὶ
983 3873 1035 3926 τί
1067 3872 1173 3945 χρὴ
1224 3872 1319 3925 καὶ
1357 3871 1579 3938 λέγεινς
1638 3867 1772 3921 Ἰδοὺ

202 3973 314 4041 γὰρ
341 3970 528 4040 ἕτερον
556 3968 807 4036 θεότητος
837 3966 1134 4033 πρόσωπον
1156 3963 1439 4017 λανθάνων
1467 3960 1772 4030 ὁμολογεῖς·

203 4064 285 4134 μὴ
318 4062 426 4131 γὰρ
468 4059 558 4113 τὸν
594 4058 811 4127 πατέρα
872 4055 1016 4124 ἔχεις
1059 4055 1261 4118 είπεῖν,
1296 4052 1389 4106 καὶ
1445 4049 1620 4103 ταῦτα
1676 4045 1773 4100 τοῦ

205 4157 487 4226 προφήτου
519 4153 791 4222 λέγοντοςο
828 4168 845 4201 ι
880 4147 1100 4204 Παιδίον
1151 4146 1421 4217 ἐγεννήθη
1466 4145 1623 4215 ἡμῖν,
1660 4141 1776 4204 υίὸς

204 4251 304 4305 καὶ
353 4247 509 4317 ἐδόθη
542 4248 695 4314 ἡμῖν.
729 4263 748 4295 ι
800 4241 928 4311 Ὀψέ
963 4258 1096 4294 ποτε
1150 4240 1242 4294 τὸν
1281 4239 1377 4292 τοῦ
1448 4237 1778 4308 γράμματος

1873 1928 2138 1984 obniteris
2166 1939 2356 1986 contra
2409 1930 2714 1997 veritatem,
2770 1931 2826 1985 in
2870 1930 3281 1984 commentariis
3332 1928 3444 1983 tuis

1872 2017 2125 2082 confidis,
2158 2026 2213 2071 et
2249 2020 2315 2073 ad
2366 2019 2553 2074 Jesum
2604 2019 2755 2074 Nave
2800 2018 3067 2073 transfers
3117 2017 3259 2072 hanc
3315 2031 3445 2085 pro-

1872 2103 2135 2173 phetiam.
2191 2104 2655 2159 Commentarium
2707 2113 2858 2159 tuum
2915 2120 3025 2159 non
3083 2119 3280 2170 renuo;
3347 2103 3441 2157 sed

1870 2190 2144 2259 quomodo
2192 2190 2325 2244 illud
2376 2191 2529 2246 Isaia:
2578 2191 2999 2260 explicabimus,
3044 2206 3078 2245 ο
3132 2191 3442 2245 miserrime

1869 2288 1925 2335 et
1951 2281 2292 2333 aerumnose?
2333 2278 2618 2335 Poterisne
2646 2289 2701 2335 et
2745 2280 2886 2334 hanc
2933 2280 3052 2348 ejus
3094 2279 3441 2349 prophetiam

1870 2368 2173 2437 repellere?
2204 2367 2365 2422 Nullo
2406 2369 2568 2424 modo
2615 2378 2785 2425 certe.
2835 2370 2923 2424 Ai:
2956 2369 3103 2423 enim
3152 2368 3294 2423 Deus
3344 2382 3443 2436 per

1869 2462 2048 2531 ipsum
2104 2463 2169 2515 ad
2217 2459 2428 2515 Israel:
2465 2479 2482 2513 ι
2515 2461 2774 2517 Auferam
2827 2461 3046 2531 quidem
3100 2476 3197 2514 vos
3247 2459 3442 2513 robore

1868 2549 2030 2619 gladii
2064 2550 2193 2612 mei,
2234 2558 2291 2602 et
2327 2548 2420 2618 qui
2474 2548 2770 2603 famulatur
2824 2547 2981 2611 mihi,
3035 2545 3257 2601 nomine
3301 2559 3443 2599 novo

1868 2637 2305 2707 compellabitur.
2340 2656 2359 2689 ι
2401 2635 2519 2702 Dic,
2542 2637 2727 2701 sodes,
2764 2636 2987 2693 sustulit
3015 2650 3130 2699 vos,
3171 2649 3239 2689 an
3292 2631 3445 2685 non?

1869 2729 2226 2784 Famulantur
2254 2728 2365 2783 Deo
2420 2728 2533 2795 alii,
2582 2730 2812 2784 necne?
2856 2727 2971 2783 Hoc
3019 2728 3066 2782 si
3116 2736 3172 2780 tu
3221 2725 3443 2780 minime

1837 2817 2200 2878 .conﬁtearis,
2243 2816 2422 2885 ipsum
2476 2824 2659 2870 tamen
2709 2831 2909 2869 novum
2958 2830 3163 2868 nomen
3219 2820 3275 2868 et
3328 2812 3444 2867 cla-

1867 2906 1981 2970 rius
2014 2907 2140 2961 tuba
2190 2906 2408 2959 insonat
2460 2913 2517 2959 et
2561 2914 2922 2959 contestatur.
2970 2903 3068 2959 Vel
3102 2902 3267 2973 igitur
3294 2900 3442 2954 aliud

1867 3010 2071 3050 novmn
2099 2994 2305 3048 indices
2326 3007 2547 3057 nomen,
2572 2992 2657 3047 vel
2677 2991 2807 3045 illud
2826 2991 3258 3045 Christianorum
3278 2988 3441 3043 etiam

1871 3087 2079 3143 invitus
2124 3099 2519 3153 recognoscas;
2576 3083 2722 3136 haud
2770 3082 2875 3137 erit
2908 3083 3049 3136 enim
3092 3080 3184 3149 qui
3234 3093 3443 3149 cogno-

1794 3167 1838 3225 C
1873 3188 1997 3227 men
2037 3168 2310 3227 invenerit
2344 3169 2449 3224 hoc
2479 3168 2775 3224 recentius.
2828 3167 2982 3233 Quod
3024 3164 3069 3220 si
3127 3165 3239 3233 haec
3270 3164 3343 3216 ita
3384 3176 3445 3216 se

1871 3264 2095 3327 habent,
2126 3261 2323 3330 ecquid
2371 3260 2551 3315 adhuc
2584 3257 2828 3327 desipis?
2875 3255 3016 3327 Quid
3063 3253 3265 3309 frustra
3307 3262 3445 3307 tem-

1876 3367 2010 3423 pora
2043 3350 2326 3421 expendis,
2364 3358 2419 3407 et
2470 3350 2649 3421 ipsum
2698 3355 2984 3417 exspectas
3038 3354 3284 3409 unctum,
3320 3356 3445 3396 cum

1872 3459 2050 3513 neque
2076 3444 2194 3514 ipse
2222 3443 2399 3513 possis
2432 3443 2772 3513 dignoscere.
2828 3448 2883 3495 et
2937 3440 3058 3511 quis
3092 3436 3163 3491 sit
3192 3437 3310 3504 ipse
3346 3449 3449 3488 un-

1872 3544 2015 3599 ctus,
2045 3543 2100 3587 et
2131 3532 2273 3589 unde
2308 3531 2409 3602 ipsi
2459 3532 2530 3591 sit
2560 3528 2933 3602 generationis
2967 3526 3160 3596 origo?
3191 3524 3352 3581 Forte
3403 3521 3449 3577 is

1872 3626 2054 3681 nudus
2085 3624 2285 3679 homo?
2316 3622 2570 3677 Attamen
2604 3628 2833 3675 venturo
2866 3618 3147 3689 prophetae
3191 3613 3451 3671 divinita-

1876 3716 1943 3770 tis
1999 3714 2196 3770 indicia
2248 3713 2576 3767 tribuerunt.
2637 3710 2798 3763 Forte
2862 3707 3005 3761 Deus
3052 3704 3254 3759 homo?
3306 3700 3437 3772 quid

1791 3850 1803 3862 .
1876 3806 2071 3877 plura?
2103 3805 2243 3860 Ecce
2291 3803 2437 3857 enim
2463 3802 2624 3857 aliam
2679 3798 2979 3855 divinitatis
3010 3810 3300 3867 personam
3348 3793 3449 3847 im-

1874 3900 2117 3971 prudens
2181 3895 2493 3961 confiteris;
2552 3909 2659 3948 non
2715 3892 2862 3948 enim
2919 3898 3076 3962 potes
3127 3887 3308 3943 dicere
3355 3899 3451 3954 pa-

1877 4001 2036 4055 trem,
2068 4004 2190 4044 cum
2224 3986 2489 4057 propheta
2509 3982 2653 4038 dicat
2679 4000 2693 4036 :
2718 4000 2738 4034 ‹
2769 3981 2908 4035 Puer
2938 3985 3100 4033 natus
3145 3984 3228 4030 est
3263 3973 3453 4049 nobis,

1879 4083 2021 4137 filius
2061 4081 2220 4135 datus
2252 4087 2337 4134 est
2368 4077 2547 4133 nobis.
2579 4094 2599 4128 ι
2648 4072 2891 4128 Tandem
2924 4068 3212 4139 aliquando
3259 4065 3452 4120 litterae

1878 4186 2153 4225 racemum
2205 4168 2596 4237 exprimentes,
2640 4163 2814 4220 bibite
2865 4161 3053 4217 vinum
3088 4172 3182 4215 cor
3212 4152 3453 4215 hominis

1881 4262 2307 4319 exhilarantem.

206 4344 405 4413 βότρυν
438 4337 818 4409 ὲκθλίψαντες,
856 4334 1014 4389 πίετε
1042 4331 1190 4388 οἶνον
1221 4331 1517 4403 ἀνθρώπου
1546 4328 1778 4399 καρδίαν
1868 4388 1881 4399 ο

204 4437 598 4506 εὐφραίνοντα.

291 4503 450 4584 una
480 4531 589 4597 γάρ
622 4545 739 4592 πως
770 4527 850 4580 ἔτι
880 4522 1033 4602 κατὰ,
1052 4524 1153 4593 τῆς
1208 4518 1466 4590 ἀληθείας
1532 4517 1772 4587 φρονεῖς,

1959 4516 2163 4582 Verum
2225 4521 2505 4577 enimvero
2551 4512 2932 4587 quoquomodo
2987 4518 3043 4566 et
3106 4506 3285 4563 adhuc
3319 4518 3455 4559 con-

200 4626 302 4679 καὶ
344 4624 443 4692 τὴν
488 4622 581 4675 τοῦ
624 4618 863 4692 Χριστοῦ
902 4615 1210 4687 παρουσίαν
1258 4610 1412 4665 οΰπω
1465 4610 1780 4678 λέγειςιγεο

201 4717 411 4780 νὲσθιι,
436 4714 535 4777 τὰς
568 4711 823 4782 ἀφορμὰς
851 4709 1012 4778 δῆθεν
1039 4708 1104 4761 ὲκ
1134 4702 1229 4759 τοῦ
1257 4702 1485 4760 Ἡσαΐου
1508 4700 1782 4768 λέγοντος·

208 4829 229 4863 ι
274 4810 384 4861 Καὶ
431 4805 763 4875 συγκόψουσι
820 4804 943 4856 τότε
988 4800 1086 4863 τὰς
1142 4796 1417 4867 μαχαίρας
1479 4792 1661 4847 αὐτῶν
1704 4792 1786 4853 είς

200 4902 437 4970 ἄροτρα,
471 4899 565 4951 καὶ
601 4898 698 4960 τὰς
749 4892 973 4958 ζιόύνας
1024 4889 1208 4944 αὐτῶν
1260 4889 1340 4950 εἱς
1370 4884 1615 4955 δρέπανα
1641 4898 1654 4914 ⁸
1691 4883 1786 4936 καὶ

201 4994 270 5048 οὐ
295 4991 527 5060 λήψεται
571 4988 723 5051 ἔθνος
782 4984 1050 5046 ὲπέθνος
1107 4981 1407 5051 μάχαιραν,
1453 4978 1549 5029 καὶ
1583 4976 1646 5029 οὐ
1703 4975 1781 5044 μὴ

204 5086 453 5159 μάθωσιν
482 5083 565 5136 ἔτι
588 5081 868 5150 πολεμεῖν.
916 5098 936 5130 ο
987 5076 1108 5129 Ἵνα
1140 5073 1192 5126 τί
1223 5075 1350 5134 τοὺς
1399 5068 1594 5130 ἄλλους
1646 5082 1782 5136 προ-

201 5157 385 5249 τρήτας
415 5176 575 5245 ἀφεὶς
600 5176 727 5236 τοὺς
755 5167 1169 5240 λαμπροτέρους
1197 5165 1454 5234 κήρυκας
1504 5162 1601 5212 τοῦ
1632 5157 1771 5226 Χρι-

201 5270 479 5338 στοῦ,καὶ
510 5270 607 5338 τῆς
639 5265 941 5337 παρουσίας
999 5259 1189 5323 αὐτοῦ,
1247 5257 1309 5311 τὸ
1367 5254 1462 5308 τοῦ
1544 5251 1772 5307 Ἦσαῖου

200 5362 366 5415 τοῦτο
391 5359 555 5430 ῥητὸν
607 5358 758 5420 ὅλαις
801 5356 1057 5425 κατέχεις
1115 5353 1293 5422 χερσὶ,
1349 5348 1445 5401 καὶ
1494 5341 1771 5413 πανταχοῦ

201 5451 517 5522 περιάγεις,
579 5448 676 5502 καὶ
725 5448 903 5519 ψυχὰς
963 5440 1362 5513 ἀπειροκάλους
1417 5436 1770 5507 διαστρέφειν

280 5605 625 5681 (9.5),Μοι-ἱιο
653 5602 1005 5681 sane__Glycas
1030 5610 1217 5657 noster
1248 5598 1463 5681 Judaaos
1482 5596 1570 5651 hic
1593 5594 1771 5681 arguit

202 5670 713 5752 quod'Scuipturas
761 5670 1129 5752 diStorqueant
1183 5687 1298 5751 pro.
1329 5670 1519 5752 libitui
1577 5675 1767 5752 contra

203 5735 427 5807 guinem
482 5735 764 5802 veritatem
810 5735 1013 5798 etenim
1052 5735 1448 5811 aper'tissimam
1505 5738 1644 5811 hanc
1704 5735 1770 5789 de

205 5820 432 5878 Christo
466 5816 807 5889 prophetiam
845 5808 1135 5883 explicant,
1172 5820 1227 5866 et
1251 5811 1487 5865 reditum
1526 5808 1766 5875 ipsorum

1890 4627 1973 4679 tra
2017 4616 2300 4671 veritatem
2354 4609 2548 4671 sentis,
2592 4617 2648 4662 et
2696 4604 2970 4661 Christum
3006 4598 3249 4655 nondum
3287 4595 3455 4649 adve-

1890 4712 2039 4768 nisse
2069 4707 2230 4768 dicis,
2277 4700 2587 4773 perfugium
2621 4698 2833 4754 scilicet
2888 4692 3181 4762 exquirens
3222 4702 3289 4743 ex
3318 4684 3456 4741 lsaia

1889 4800 2110 4854 dicente
2137 4812 2151 4849 :
2190 4814 2208 4847 ι
2238 4795 2300 4849 Ει
2350 4803 2484 4847 tunc
2515 4788 2833 4845 conﬂabunt
2856 4782 3063 4856 gladios
3114 4794 3243 4835 suos
3273 4779 3327 4831 in
3363 4788 3461 4830 vo-

1887 4902 2086 4952 meres,
2116 4896 2173 4941 et
2210 4882 2477 4939 venabula
2521 4894 2618 4935 sua
2650 4880 2705 4932 in
2759 4876 2943 4940 falces,
2976 4886 3077 4927 nec
3104 4885 3236 4942 gens
3264 4865 3463 4923 levabit
3490 4932 3495 4939 ι

1886 4980 2121 5052 gladium
2158 4978 2215 5032 in
2249 4984 2490 5048 gentem,
2542 4984 2721 5040 neque
2772 4965 3171 5023 exercebuntur
3201 4960 3339 5015 ultra
3390 4955 3461 5012 ad

1885 5046 2151 5138 praelium.
2181 5082 2201 5116 ι
2257 5046 2380 5118 *δρᾶ
2440 5057 2569 5129 quid
2613 5057 2751 5112 alios
2784 5053 3114 5123 prophetas,
3176 5048 3268 5119 qui
3303 5046 3463 5101 lucu-

1883 5160 2086 5214 lentius
2110 5154 2499 5210 annuntiarunt
2521 5151 2588 5206 de
2610 5148 2826 5204 Christo
2854 5147 3029 5216 deque
3056 5143 3176 5212 ejus
3204 5139 3460 5198 adventu,

1880 5249 2153 5319 rejiciens,
2171 5246 2276 5301 hoc
2302 5243 2455 5299 Isaiae
2480 5240 2696 5297 eﬂ'atum
2720 5250 2944 5308 utraque
2982 5230 3328 5306 amplecteris
3346 5240 3466 5281 ma-

1878 5359 1975 5407 nu,
2016 5351 2070 5397 et
2102 5351 2426 5409 quocunque
2457 5330 2799 5393 circumfers,
2832 5340 2888 5385 et
2936 5325 3214 5397 imperitas
3252 5319 3461 5397 animas

1881 5407 2193 5504 pervertere
2236 5425 2519 5482 contendis
2566 5420 2718 5494 (25)?
2752 5419 2986 5475 Advenit
3032 5427 3157 5470 vere
3211 5407 3464 5465 Christus

1877 5606 1941 5645 ex
1993 5586 2267 5657 Babylone
2303 5586 2371 5640 ab
2428 5584 2566 5639 Isaia
2620 5581 2706 5657 his
2747 5575 2927 5657 verbis
3246 5570 3459 5657 putant,

1877 5633 2028 5714 Eas;
2037 5633 2266 5719 {3.1.3.}?
2296 5633 2702 5719 ῆέλεᾙᾶἴγᾶρζ
2732 5633 2808 5703 ait
2840 5633 3465 5719 Theodoretus,"é.tté}-

2044 5706 2359 5797 ῑάέιζῖκέιὲἆ
2379 5706 2560 5799 πᾶσαν
2577 5706 2674 5787 τὴν
2689 5706 3331 5799 δίκουμένηνλεξξὶᾼτξολλιξ

1877 5777 2751 5868 βασιλείαςμεμερισμένης]καὶ
2778 5777 2887 5841 τῶν
2933 5777 3054 5837 κατ’
3088 5778 3239 5841 ἔθνος
3301 5777 3459 5844 βασις
