3838 6226
149 289 258 355 88’)

150 520 314 572 μουν,
347 505 537 576 ἐπειδὴ
571 512 769 579 χοροὺς
793 515 921 583 περὶ
943 515 1034 567 τὸν
1068 515 1270 588 μόσχον
1298 516 1561 589 ἔστησαν,
1587 523 1739 578 ἐπει-

144 595 211 665 δὴ
243 595 323 666 τῷ
362 597 689 671 Βεελφεγὼρ
721 603 1113 678 ἑτελέσθησαν,
1166 610 1358 683 ἐπειδὴ
1401 616 1575 684 μυρία
1601 615 1737 672 ἄλλα

143 686 304 741 δεινὰ
359 693 486 743 καθ’
529 693 772 763 ἑκάστην
839 699 1186 768 εἰργάζοντο·
1244 701 1389 757 οὕτω
1455 707 1735 762 κάνταῦθα

147 776 277 831 ίδὼν
305 781 334 832 ὁ
373 781 503 844 Θεὸς
535 785 633 855 τὴν
666 787 914 841 κάκωσιν
944 789 1040 844 τοῦ
1081 790 1210 845 λαοῦ
1246 794 1314 865 ἢν
1348 796 1616 861 ἐκακοῦτο
1657 799 1735 869 τῷ

143 873 556 946 νοητῷφαραῤ)
589 876 882 941 δουλεύων.
951 885 1046 936 καὶ
1105 883 1392 956 βουληθεὶς
1448 887 1734 953 ἐξελέσθαι

144 965 340 1029 αὐτὸν,
371 968 469 1018 οὐκ
494 968 786 1024 ἀπέστειλε
819 974 1044 1040 Μωσέα,
1075 978 1176 1030 οὐκ
1206 977 1459 1046 ἄγγελον,
1503 983 1566 1034 οὐ
1599 982 1732 1052 πρέ-

143 1055 286 1107 σϐυν
308 1058 518 1126 ἕτερον,
544 1060 662 1112 ἀλλ’
697 1064 861 1116 αὐτὸν
916 1066 1008 1120 τὸν
1044 1068 1173 1120 Υίὸν
1232 1071 1399 1124 αὑτοῦ
1438 1073 1530 1126 τοῦ
1595 1074 1729 1128 Θεοῦ

139 1145 232 1198 τὸν
293 1149 697 1220 μονογέννητον
740 1153 944 1225 Κύριον
1003 1157 1162 1227 ἡμῶν
1216 1160 1422 1229 Ἰησοῦν
1471 1164 1726 1235 Χριστὸν,

139 1239 336 1300 καθὼς
383 1239 621 1305 Ἰ-Ισαῖας
656 1247 842 1313 φησὶν,
887 1247 974 1300 ἵνα
1032 1250 1210 1303 πάντα
1253 1254 1340 1305 τὸν
1396 1256 1602 1325 κόσμον
1651 1258 1730 1322 είς

144 1334 283 1400 μίαν
321 1333 508 1387 πίστιν
555 1336 761 1410 ἀγάγῃ,
821 1340 914 1391 καὶ
958 1340 1131 1404 οὕτως
1189 1343 1504 1414 είρηνεῢσαι
1555 1365 1731 1419 παρα-

137 1425 416 1494 σκευάσῃ.
455 1426 562 1478 Καὶ
595 1427 659 1498 δὴ
693 1431 786 1481 καὶ
813 1431 1044 1498 γέγονεν
1079 1433 1337 1498 ἐλθόντος
1411 1439 1578 1492 αὑτοῦ
1630 1445 1728 1510 μία

135 1515 330 1579 πίστις
358 1519 414 1570 ὲν
443 1518 550 1589 ὅλῳ
576 1521 761 1589 σχεδὸν
787 1521 864 1592 τῷ
901 1523 1114 1596 κόσμῳ,
1141 1528 1235 1580 καὶ
1278 1531 1532 1598 εἰρηναῖα
1557 1534 1727 1586 κατά-

137 1622 361 1672 στασις.
401 1607 466 1661 Εἰ
504 1611 560 1664 δέ
596 1629 740 1675 τινες
769 1615 833 1684 τῇ
870 1615 1048 1688 οἰκείᾳ
1107 1619 1517 1692 σκληροκαρδίξι
1585 1623 1726 1676 κατὰ

129 1699 269 1760 τοὺς
341 1699 400 1748 ὲν
474 1701 668 1772 ἐρήμῳ
751 1705 1046 1772 Ἰουδαίους
1109 1711 1574 1780 ὲναπομείναντες
1662 1716 1723 1767 οὑ

130 1789 470 1858 προσῆλθον,
495 1793 615 1845 οὐδὲ
646 1794 708 1845 τὸ
740 1796 881 1850 κατὰ
911 1798 1150 1870 Χριστὸν
1185 1801 1492 1871 μυστήριον
1525 1821 1722 1873 προσε-
1759 1796 1796 1847 Β

129 1878 390 1944 δέξαντο,
430 1883 527 1934 καὶ
561 1883 751 1936 τούτου
783 1886 972 1942 ἕνεκεν
1032 1889 1418 1960 διαμάχονται,
1459 1893 1556 1945 καὶ
1621 1911 1722 1963 μα-

127 1970 309 2043 χαίρᾳ
338 1971 624 2041 πίπτουσι,
678 1979 1050 2050 πιπτέτωσαν,
1093 1982 1231 2054 μηδὲ
1291 1984 1450 2038 ῐδοιεν
1504 1985 1722 2056 ἔγερσιν

127 2059 488 2129 κακοὸούλως
518 2065 951 2140 διαιτχιζόμενοι⁹
986 2074 1047 2126 οὐ
1099 2077 1254 2146 παρὰ
1312 2077 1470 2131 τοῦτο
1535 2079 1568 2148 ἢ
1629 2081 1722 2132 τὸν

127 2158 428 2228 προφήτην
454 2159 749 2242 ψεύδεσθαι
775 2163 1049 2235 εἴπωμεν,
1086 2167 1120 2237 ἢ
1173 2170 1265 2223 τὸν
1323 2171 1566 2241 Χριστὸν
1617 2191 1721 2242 μη-

130 2251 258 2305 κέτι
321 2240 531 2321 ἐλθεῖν,
585 2257 769 2323 καθὼς
817 2259 1028 2317 ἄνωθεν
1081 2240 1482 2322 ἀποδέδεικται.
1539 2240 1722 2320 Ταῦτα

128 2344 239 2413 μὲν
266 2345 361 2399 οὖν
392 2351 488 2402 καὶ
515 2349 585 2402 τὰ
615 2351 846 2405 τοιαῦτα
906 2353 996 2408 διὰ
1036 2355 1312 2428 Ἱερεμίου
1379 2361 1719 2431 σαφέστερον

125 2435 157 2485 ὁ
187 2435 398 2504 Κύριος
425 2436 600 2506 ἔλεγε·
644 2458 662 2490 ι
713 2443 823 2494 Καὶ
859 2443 1036 2512 ἔσται,
1063 2447 1159 2500 ἐὰν
1203 2451 1420 2520 στραφῇ
1471 2452 1533 2503 τὸ
1569 2452 1720 2516 ἔθνος

126 2529 311 2582 ἐκεῖνο
339 2534 565 2601 ποιῆσαι
599 2538 860 2607 πονηρὸν,
911 2540 970 2591 οὐ
1000 2540 1076 2610 μὴ
1118 2542 1388 2612 ἐπαγάγω
1454 2545 1542 2597 ἐπ’
1567 2545 1718 2618 αὐτῷ

131 2621 320 2674 πάντα
352 2625 622 2693 τὰ-ἁγαθὰ
645 2627 679 2682 ἃ
713 2629 1005 2701 ἐλάλησα.»
1037 2632 1179 2704 Ὅρα
1209 2633 1397 2688 λοιπὸν
1428 2640 1717 2708 νουνεχῶς,

127 2717 216 2768 ὅτι
243 2717 415 2770 πολλὰ
455 2720 553 2788 μὲν
579 2721 987 2790 ἐπαγγέλλεται
1041 2729 1068 2779 ὁ
1093 2727 1227 2792 Θεὸς
1272 2728 1359 2781 διὸ.
1395 2730 1497 2800 τὴν
1550 2731 1717 2784 αὑτοῦ

129 2811 484 2882 ἀγαθότητα,
518 2812 575 2865 οὔ
630 2814 836 2886 πληροί
869 2816 926 2869 δὲ
955 2816 1020 2869 δι’
1046 2819 1194 2888 ἡμᾶς
1249 2821 1344 2873 καὶ
1371 2821 1468 2890 τὴν
1491 2824 1716 2877 κακίαν

128 2903 315 2972 ἡμῶν,
357 2907 543 2958 ὁποῖον
581 2905 648 2978 δὴ
678 2911 771 2962 καί
804 2910 881 2979 τῷ
903 2911 1123 2982 Ἰσραὴλ
1149 2913 1502 2985 συμϐέϐηκεν
1557 2913 1718 2968 ὓστε-

135 3012 257 3066 ρον.
281 2994 796 3070 Ἐπαγγειλάμενος
852 3003 960 3074 γὰρ
1010 3005 1161 3076 αὐτῷ
1217 3006 1559 3076 παραδοῦναι
1615 3008 1716 3078 τὴν

129 3087 242 3158 γῆν
288 3089 448 3160 ἄχρις
497 3092 826 3163 Εὐφράτου.
891 3097 1059 3150 αὑτοῦ
1121 3099 1223 3152 οὐκ
1274 3100 1565 3171 ἐπλήρωσε
1615 3103 1712 3173 τὴν

127 3181 452 3250 ὑπόσχεσιν,
531 3185 626 3238 ἅτε
703 3187 769 3255 δὴ
840 3190 1272 3258 παρανομοῦντα
1322 3191 1509 3246 τοῦτον
1565 3194 1708 3249 ἰδών.

125 3273 433 3344 Πεφίμωσο
465 3276 678 3343 λοιπον,
713 3272 758 3333 ὦ
795 3282 1120 3353 ἀναίσχυντε
1179 3287 1243 3339 σὺ
1278 3287 1375 3340 καὶ
1408 3288 1711 3359 θρασύστο-

125 3380 222 3434 μι,
250 3365 510 3420 τοιούτων
544 3369 764 3425 ἀκούων
796 3373 1084 3443 ῥημάτων,
1115 3377 1374 3450 καθάπερ
1413 3381 1584 3435 πάλαι
1610 3387 1708 3438 καὶ

121 3456 189 3508 τὸ
216 3460 462 3529 πονηρὸν
494 3459 588 3513 τοῦ
621 3461 795 3517 Σαοὺλ
825 3465 1089 3537 ἐφιμοῦτο
1116 3471 1356 3542 πνεῦμα,
1406 3474 1501 3528 τοῦ
1543 3477 1711 3532 Δαϐὶδ

123 3550 346 3606 ἁκούων
378 3552 699 3622 ἐπᾴδοντος;

194 3643 337 3696 Ἀλλ’
368 3644 450 3699 ἔτι
485 3645 842 3715 ἀνθίστασαι,
871 3652 966 3706 καὶ
998 3651 1179 3722 λέγεις
1218 3657 1366 3728 ἔχειν
1395 3664 1704 3734 προφήτας,

121 3734 196 3788 δι’
242 3731 319 3791 ὧν
349 3739 383 3808 ὴ
437 3739 822 3811 ἐπανάκλησις
874 3744 952 3815 τῷ
999 3747 1223 3820 Ἰσραὴλ
1276 3731 1704 3826 προηγόρευται.

119 3827 392 3899 Σὺμφημι
415 3829 576 3884 τοῦτο
607 3833 786 3902 κάγώ.
831 3833 968 3892 Οἶδα
999 3839 1088 3894 τὸν
1125 3839 1384 3909 Ἡσαΐαν,
1425 3846 1517 3898 τὸν
1545 3847 1700 3912 Ἰεξεη

119 3921 273 3993 κιὴλ,
307 3924 400 3976 τὸν
428 3923 613 3996 Ὠσηὲ.
654 3925 799 3980 Ἀλλ’
830 3927 1028 3994 ἔλαθες
1052 3933 1250 3988 ἑαυτόν
1277 3951 1289 3966 ·
1325 3939 1357 4006 ὴ
1402 3940 1508 4011 γὰρ
1532 3957 1706 4012 προη-

116 4011 434 4086 γορευμένη
477 4017 547 4072 δι’
571 4019 752 4074 αὐτῶν
783 4022 1162 4096 ὲπανάκλησις
1211 4030 1428 4098 γέγονε,
1479 4033 1572 4085 καὶ
1607 4011 1704 4086 πέ-

115 4124 219 4178 ρας
249 4108 466 4173 ἐδέξατο
486 4126 501 4142 ο
523 4113 614 4166 καὶ
646 4113 804 4178 πότε,
834 4115 1022 4170 ἄκουε.
1055 4119 1414 4190 Αἰχμάλωτος
1445 4125 1703 4195 ἀπήχθης

110 4203 199 4264 εἰς
233 4200 552 4270 Βαϐυλῶνα,
579 4206 860 4278 κατελύθη
914 4227 1012 4262 σου
1079 4212 1143 4264 τὸ
1171 4213 1470 4283 βασίλειον,
1511 4220 1539 4271 ὁ
1573 4221 1702 4282 ναὸς

111 4295 492 4365 πυρίκαυστος
515 4298 758 4367 γέγονεν,
795 4302 1046 4372 ἧργησαν
1108 4307 1167 4358 αἱ
1199 4307 1383 4364 θυσίαι
1438 4312 1495 4363 ὲν
1517 4311 1700 4366 ἔτεσιν

111 4389 515 4459 ἐὸδομήκοντα,
539 4390 642 4462 γῆν
676 4391 968 4464 ἀλλοτρίαν
995 4396 1354 4469 παρῴκησας·
1387 4402 1504 4456 ἀλλ’
1533 4406 1699 4458 ἐπαν-

110 4480 356 4551 εκλήθης
409 4477 566 4546 αὖθις
624 4484 864 4552 ἐκεῖθεν,
914 4489 1016 4560 τὴν
1059 4493 1164 4562 γῆν
1217 4509 1314 4546 σου
1373 4496 1697 4562 κατέλαϐες.
1735 4505 1777 4559 υ

106 4572 208 4624 καὶ
231 4573 324 4625 ἐπὶ
355 4574 468 4636 τοῖς
505 4576 798 4648 προτέροις
849 4578 1101 4648 γέγονας,
1129 4583 1374 4652 ἀγαθοῖς.
1437 4589 1532 4660 Μὴ
1560 4591 1695 4658 γοῦν

110 4663 313 4734 ἑτέραν
360 4666 636 4736 προσδόκα
684 4669 780 4722 τοῦ
844 4672 1040 4727 λοιποῦ
1079 4676 1478 4749 ἑπανάκλησιν·
1535 4685 1585 4737 ει
1620 4683 1696 4755 μὴ

107 4757 222 4827 γὰρ
254 4755 456 4828 ἔχομεν
479 4762 792 4832 προφήτας,
821 4763 889 4816 δι’
926 4759 1004 4820 ὧν
1066 4767 1287 4834 αἰώνιος
1344 4771 1696 4847 ταλαιπωρία

108 4850 208 4901 καὶ
239 4853 596 4924 καταστροφὴ
661 4852 739 4924 τῷ
789 4853 1012 4929 Ἰσραὴλ
1077 4862 1510 4934 προηγόρευται,
1563 4868 1695 4931 ἴσως

108 4939 180 4992 ἂν
206 4933 355 5010 εἶχες
384 4941 578 4997 ἐλπίδα
603 4947 747 5000 τινά.
778 4949 991 5005 Αὐτίκα
1013 4952 1124 5022 γὰρ
1154 4933 1322 5009 ἄκουε
1381 4960 1474 5012 τοῦ
1532 4960 1694 5032 Ἱερε-

107 5029 243 5098 μίου
268 5031 541 5100 λέγοντος·
579 5053 598 5087 ι
634 5037 759 5093 Ὅτι
787 5041 1091 5098 ἐπελάθετο
1125 5064 1228 5116 μου
1255 5051 1282 5102 ὁ
1301 5049 1426 5112 λαός
1453 5069 1578 5120 μου,
1608 5029 1691 5117 εἰς

103 5119 267 5172 κενὸν
290 5120 577 5192 ὲθυμίασε,
620 5130 716 5182 καὶ
765 5131 1162 5214 ἁσθενήσουσιν
1193 5141 1250 5192 ὲν
1272 5142 1392 5204 ταῖς
1422 5143 1563 5207 ὁδοῖς
1594 5149 1692 5197 αὺ-

102 5212 218 5266 τῶν
249 5215 492 5284 σχοίνους
523 5221 801 5287 αἰωνίους.
845 5243 862 5274 ι
920 5212 1150 5282 Ἀκουε·
1172 5233 1304 5286 ὅταν
1347 5236 1378 5305 ἡ
1437 5236 1572 5307 γυνὴ
1595 5239 1688 5292 τοῦ

115 5305 283 5375 Ὠσηὲ
319 5309 386 5358 ὲκ
416 5308 668 5382 δευτέρου
697 5317 991 5383 συνέλαῦε,
1024 5324 1120 5374 καὶ
1149 5321 1305 5379 ἔτεκε
1355 5327 1512 5398 θῆλυ,
1559 5305 1689 5384 εἷπε

99 5396 245 5466 πρὸς
269 5399 434 5452 αὑτὸν
465 5403 492 5453 ὁ
517 5402 669 5467 Θεόςτ
716 5425 733 5456 ι
776 5409 1024 5464 Κάλεσον
1053 5414 1112 5466 τὸ
1141 5415 1320 5484 ὄνομα
1344 5396 1538 5487 αὐτῆς,
1589 5422 1690 5476 οὐκ

97 5488 408 5560 ἠλεημένη·
435 5493 622 5548 οὐκέτι
655 5499 766 5568 γὰρ
807 5504 1104 5575 προσθήσω
1164 5508 1258 5561 τοῦ
1318 5510 1539 5583 ἐλεῆσαι
1596 5515 1688 5568 τὸν

98 5577 264 5634 οἷκον
337 5584 578 5656 Ἰσραὴλ,
646 5591 764 5643 ἀλλ’
801 5593 1268 5668 ἀντιτασσόμενος
1324 5577 1685 5678 ἀντιτάξομαι

95 5674 315 5737 αὐτοῖς.
357 5693 384 5726 ι
420 5677 619 5738 Ἄκουε
647 5681 704 5734 δὲ
744 5687 836 5736 καὶ
872 5689 1038 5742 αὑτοῦ
1072 5693 1164 5744 τοῦ
1194 5693 1454 5762 Ἀγγαίου
1493 5674 1684 5770 λέγον-

95 5781 214 5829 τος·
247 5783 268 5817 ι
315 5765 582 5839 Ἐλάλησε
611 5773 824 5842 Κύριος
849 5781 985 5849 πρὸς
1029 5801 1094 5852 με
1126 5788 1256 5857 περὶ
1304 5789 1402 5858 τῆς
1472 5765 1682 5848 οἰκοδο-

1499 305 1870 382 EPISTULA
1929 325 2082 388 XIV.

151 407 574 478 ἑπλημμέλουν,
636 412 827 484 ἐπειδὴ
867 417 1047 485 κρεῶν
1090 415 1486 486 Αἰγυπτιακῶν
1543 426 1709 480 ἐπευύ

1844 443 1972 486 rttnt
2003 431 2336 506 [Egiptiacas
2368 454 2579 508 carnes,
2614 453 2897 515 postquam
2955 447 3153 504 choros
3197 466 3428 522 egerunt

1842 525 1986 578 circa
2011 526 2263 595 vitulum,
2284 541 2568 601 postquam
2595 535 2935 608 Beelphegor
2954 541 3422 612 sacriﬁcaverunt,

1839 625 2126 685 postquam
2163 620 2396 676 nefanda
2430 625 2532 678 alia
2573 631 2817 696 quotidie
2856 645 3240 703 perpetrarent
3267 638 3428 692 innu-

1837 722 2023 763 mera:
2061 710 2132 763 ita
2191 722 2246 766 et
2299 729 2444 768 tmnc
2477 717 2671 774 videns
2724 722 2865 777 Dens
2918 726 3267 782 alllictionem
3318 747 3424 799 qua

1837 799 2180 857 afﬁciebatur
2226 808 2460 877 pepultts
2516 812 2764 868 serviens
2810 816 3078 884 Spirituali
3126 820 3421 887 Pharaoni,

1835 901 1888 948 et
1925 894 2115 950 volens
2163 897 2338 968 ipsum
2390 903 2644 972 educere,
2697 922 2808 962 non
2839 912 3002 966 misit
3048 912 3278 984 Mosen),
3309 934 3420 973 non

1834 987 2120 1057 angelum,
2180 1007 2286 1045 non
2342 995 2574 1064 legatum
2626 1000 2901 1070 aliquem,
2953 1006 3045 1058 sed
3089 1007 3266 1075 ipsum
3329 1011 3420 1064 Dei

1833 1077 2030 1134 Filiunt
2075 1083 2410 1152 unigenitum
2448 1087 2734 1146 Dominum
2769 1103 3015 1151 nostrum
3041 1098 3227 1154 Jesum
3259 1101 3419 1156 Chri-

1833 1179 2003 1240 stum,
2037 1178 2312 1244 quomodo
2346 1177 2511 1236 lsaias
2534 1183 2686 1251 dicit,
2727 1196 2783 1241 ut
2811 1190 3126 1244 universum
3147 1195 3418 1248 mundum

1834 1260 1888 1313 in
1915 1278 2075 1317 unam
2121 1265 2278 1321 ﬁdem
2317 1270 2570 1338 adducat,
2604 1284 2654 1327 ct
2687 1277 2764 1330 sic
2795 1277 2862 1330 ad
2918 1294 3106 1348 pacem
3143 1282 3417 1352 disponat.

1831 1353 1899 1408 Et
1951 1372 2081 1411 sane
2137 1360 2274 1415 facta
2321 1373 2422 1428 est,
2480 1367 2599 1435 ipso
2640 1369 2994 1439 adveniente,
3031 1392 3136 1430 una
3188 1376 3330 1432 lides
3362 1379 3417 1433 in

1832 1446 2090 1504 universo
2144 1465 2284 1520 pene
2325 1455 2553 1520 mundo,
2602 1467 2655 1512 et
2692 1460 2919 1528 paciﬁca
2960 1467 3303 1524 constitutio.
3359 1469 3416 1523 Si

3320 336 3429 401 890

1829 1539 1921 1609 qui
1967 1558 2093 1596 vero
2137 1544 2192 1598 in
2230 1546 2410 1602 innata
2461 1553 2644 1606 cordis
2677 1554 2901 1622 duritie,
2953 1561 3461 1627 quemadmodum-

1829 1630 1997 1686 Judaci
2050 1635 2102 1688 in
2153 1636 2392 1703 deserto,
2448 1646 2808 1712 persistentes
2853 1663 2963 1703 non
2994 1665 3410 1720 'convenerunt,

1829 1742 2009 1794 neque
2048 1727 2252 1785 Christi
2311 1737 2627 1806 mysterium
2693 1753 3038 1811 receperunt,
3089 1755 3147 1800 et
3194 1747 3296 1802 hac
3345 1751 3414 1804 de

1827 1831 1987 1871 causa
2025 1833 2288 1890 pugnant.
2341 1835 2395 1878 et
2446 1827 2624 1895 gladio
2667 1832 2889 1898 cadunt,
2947 1836 3174 1901 cadant,
3233 1855 3412 1909 neque

1829 1914 2146 1980 resurgendt
2181 1919 2400 1970 modum
2437 1919 2723 1977 inveniant
2762 1926 3030 1982 malitiose
3059 1930 3409 1999 dissidentes;

1826 2017 1934 2057 non
1967 2006 2038 2060 ob
2088 2007 2190 2062 hoc
2244 2011 2326 2066 vel
2373 2016 2692 2084 prophetam
2744 2023 2966 2076 mentiri
3014 2025 3278 2093 dicamus,
3309 2030 3409 2082 .vel

1825 2095 2104 2155 Christum
2146 2106 2742 2177 nondum-advenisse,
2787 2116 2864 2168 uti
2897 2119 3154 2187 superius
3185 2121 3411 2176 demon-

1825 2197 2055 2245 stratum
2109 2205 2215 2250 est.
2287 2197 2411 2253 l-lmc
2467 2201 2634 2273 igitur
2663 2214 2718 2260 et
2777 2208 2882 2263 alia
2934 2211 3250 2281 hujusmodi
3308 2233 3410 2286 per

1822 2279 2115 2339 Jeremiant
2173 2287 2502 2348 iuculentius
2564 2296 2831 2354 Dominus
2898 2279 3078 2358 dixit:
3116 2324 3134 2356 ι
3170 2305 3230 2360 Et
3278 2309 3407 2373 erit,

1822 2376 2041 2443 quando
2085 2393 2218 2447 gens
2266 2383 2382 2439 hinc
2435 2400 2790 2446 convertetur
2854 2404 2914 2448 ut
2964 2395 3138 2453 faciat
3182 2402 3406 2463 malum.

1823 2480 1934 2519 non
1965 2467 2218 2526 inducam
2265 2473 2321 2527 in
2377 2478 2546 2546 ipsam
2602 2484 2787 2538 omnia
2827 2486 2971 2541 bona
3026 2481 3146 2559 Quae
3195 2494 3412 2547 locutus

1824 2559 2147 2615 sumJVide
2181 2573 2436 2618 cazterum
2459 2608 2472 2632 ,
2503 2572 2759 2636 cordate,
2816 2580 2960 2646 quod
2997 2581 3161 2634 multa
3185 2585 3404 2652 quidem

1824 2650 2094 2717 promittit
2140 2651 2286 2709 Deus
2319 2670 2548 2728 propter
2597 2679 2751 2719 suam
2787 2667 3106 2738 bonitatem,
3155 2650 3275 2744 quas
3324 2685 3406 2729 ta-

1824 2754 1951 2794 men
1983 2757 2095 2796 non
2128 2743 2320 2813 implet
2356 2762 2579 2820 propter
2614 2771 2717 2810 nos
2754 2768 2810 2812 et
2838 2764 3099 2817 malitiam
3134 2781 3403 2835 nostram,

1820 2834 2280 2899 quemadmodum
2308 2855 2440 2896 sane
2471 2847 2703 2917 contigit
2745 2857 2988 2908 secundo
3024 2857 3232 2914 lsraeli.
3270 2860 3401 2913 Pro-

1822 2925 2048 2992 mittens
2095 2929 2238 2984 enim
2301 2947 2360 2986 se
2411 2935 2487 2988 illi
2538 2939 2792 2995 daturum
2850 2953 3047 3001 terram
3100 2966 3271 3019 usque
3333 2955 3404 3007 ad

1823 3019 2175 3090 Euphratem,
2236 3027 2658 3093 promissionem
2706 3049 2859 3088 suam
2911 3054 3018 3093 non
3066 3042 3402 3113 adimple‘vit,

1821 3127 1889 3168 eo
1927 3114 2074 3184 quod
2109 3116 2287 3186 ipsum
2321 3119 2518 3176 viderit
2550 3133 2738 3179 contra
2781 3127 2953 3200 legem
2985 3145 3259 3202 agentem.
3293 3139 3404 3194 οι).

1815 3216 2058 3264 mutesce
2114 3210 2307 3280 igitur,
2372 3227 2406 3266 ο
2464 3214 2752 3284 impudens
2801 3232 2857 3275 et
2901 3239 2995 3278 ore
3050 3229 3258 3295 audax,
3304 3247 3402 3286 au-

1813 3297 1970 3356 diens
2016 3302 2133 3358 haec
2181 3305 2368 3370 verba,
2417 3311 2880 3378 quemadmodum
2929 3320 3057 3372 olim
3109 3331 3161 3376 et
3221 3327 3401 3381 malus

1817 3391 1995 3447 Saulis
2041 3396 2269 3466 spiritus
2325 3400 2638 3468 obmutuit,
2696 3407 2952 3464 Davidem
2988 3415 3214 3471 audiens
3260 3433 3396 3472 can-

1812 3491 2040 3543 tantem.

1883 3688 2084 3745 Verum
2130 3694 2309 3752 adhuc
2349 3699 2570 3756 obsistis
2607 3714 2662 3757 et
2711 3704 2848 3760 dicis
2901 3717 2951 3762 te
3008 3709 3212 3769 habere
3273 3733 3397 3785 pro-

1809 3781 2022 3849 phetas,
2074 3801 2171 3853 per
2201 3803 2341 3857 quos
2401 3795 2675 3850 restitutio
2728 3795 2911 3853 lsracli
2964 3781 3394 3870 praenuntiatum

1809 3867 1922 3940 Ego
1953 3887 2172 3943 quoque
2225 3878 2325 3932 hoc
2380 3879 2571 3946 fateor,
2630 3887 2758 3939 novi
2803 3889 2947 3942 enim
3002 3890 3216 3961 Isaiam,
3261 3899 3396 3953 Eze-

1807 3962 2060 4030 chielem,
2087 3965 2316 4035 Oseam;
2351 3987 2538 4027 verum
2568 3977 2848 4034 enimvero
2873 3990 2923 4035 tc
2947 3984 3123 4053 ipsum
3148 3989 3394 4060 decipis;

1807 4057 2011 4111 etenim
2046 4065 2412 4128 praenuntiata
2460 4067 2529 4122 ab
2581 4069 2715 4140 ipsis
2771 4075 3048 4130 restitutio
3080 4081 3192 4150 jam
3247 4057 3388 4141 facta

1806 4156 1889 4201 est
1905 4156 1961 4202 et
1981 4148 2142 4206 ﬁnem
2161 4156 2398 4224 recepit;
2419 4166 2474 4212 et
2489 4162 2706 4228 quando
2723 4168 2870 4219 audi.
2895 4148 3153 4238 Captivos
3175 4173 3307 4246 Βίώ)
3323 4176 3395 4230 lo-

1805 4251 1927 4291 nem
1953 4240 2219 4299 deductus
2244 4261 2323 4309 es,
2351 4263 2577 4319 regnum
2599 4263 2748 4309 tuum
2772 4260 3093 4317 dissolutum
3119 4279 3223 4329 est,
3252 4240 3391 4322 tem-

1803 4329 2100 4403 plumigne
2133 4347 2401 4392 vastatum
2426 4353 2528 4402 est.
2563 4349 2903 4419 septuaginta
2933 4355 3092 4409 annis
3122 4359 3393 4415 sacriﬁcia

1803 4436 2112 4491 cessarunt,
2135 4437 2453 4501 terramque
2473 4436 2830 4508 alienigenam
2859 4442 3120 4500 habitasti
3149 4466 3162 4514 ;
3186 4453 3280 4505 sed
3303 4467 3391 4504 rc-

1809 4527 2033 4572 vocatus
2055 4523 2250 4575 iterum
2275 4525 2425 4588 inde,
2456 4531 2708 4598 recepisti
2731 4541 2933 4587 terram
2968 4545 3136 4601 tuam,
3164 4549 3216 4592 ct
3239 4546 3388 4610 prio-

1803 4608 1956 4665 ribus
1992 4613 2149 4668 bonis
2181 4613 2287 4669 frui
2316 4618 2500 4673 datum
2532 4635 2613 4676 est
2645 4624 2764 4680 tibi.
2791 4626 2872 4681 Ne
2921 4643 3201 4700 exspectes
3219 4608 3394 4704 igitur

1799 4702 1866 4758 de
1885 4714 2084 4762 cwtero
2105 4707 2262 4765 aliam
2288 4712 2686 4772 restitutionem
2706 4738 2722 4784 ;
2746 4720 2854 4775 nisi
2879 4724 3030 4778 enim
3054 4723 3390 4786 haberemus

1798 4798 2114 4868 prophetas,
2172 4819 2271 4873 per
2302 4821 2440 4874 quos
2475 4816 2678 4866 aetema
2734 4814 2953 4870 miseria
2991 4827 3044 4871 et
3081 4821 3384 4878 destructio

1797 4887 1982 4944 Israeli
2009 4897 2425 4963 praenuntiatum
2453 4905 2716 4958 nonnulla
2742 4906 2884 4962 forte
2915 4908 3010 4964 tibi
3035 4927 3159 4981 spes
3183 4931 3380 4985 super-

1797 4987 1967 5032 esset.
2021 4980 2214 5037 Stat-im
2276 4986 2460 5056 itaque
2515 4992 2642 5045 audi
2695 4992 2992 5052 Jeremiam
3053 4980 3376 5061 dicentem:

1808 5081 1826 5114 ι
1859 5065 2128 5129 Quoniam
2167 5072 2368 5127 oblitus
2417 5087 2500 5131 est
2534 5079 2640 5132 mei
2689 5083 2920 5151 populus
2953 5102 3127 5154 meus,
3173 5091 3377 5150 frustra

1798 5156 2133 5227 libaverant,
2159 5171 2212 5218 et
2245 5165 2298 5218 in
2326 5167 2426 5221 viis
2450 5169 2562 5224 suis
2585 5173 2772 5228 dolore
2801 5178 3164 5236 conli—cientur
3191 5183 3244 5237 in
3277 5200 3379 5238 sae-

1794 5250 2030 5306 culum.»
2060 5255 2196 5310 Audi
2221 5268 2514 5326 prmtcrea;
2542 5267 2762 5333 quando
2790 5284 2924 5324 uxor
2945 5271 3100 5328 Oseze
3127 5277 3380 5331 secundo

1793 5349 2064 5416 concepit,
2101 5356 2158 5401 et
2199 5353 2414 5419 peperit
2451 5350 2635 5421 tiliam,
2676 5360 2813 5418 dixit
2852 5363 2927 5418 illi
2970 5369 3142 5420 Deus:
3182 5385 3200 5419 ι
3233 5367 3377 5423 Voca

1791 5449 1988 5490 noun
2012 5438 2146 5504 ejus,
2168 5441 2376 5511 absque
2399 5447 2798 5520 misericordia,
2819 5470 2928 5509 non
2951 5457 3096 5510 enim
3122 5459 3373 5528 adjiciam

1794 5530 1929 5582 ultra
1974 5533 2220 5587 misereri
2261 5537 2457 5594 domus
2491 5541 2681 5612 lsrael,
2733 5548 2830 5603 sed
2865 5549 3198 5607 obliviscens
3233 5553 3374 5609 obli-

1788 5621 1966 5673 viscar
2001 5635 2149 5676 cum.
2182 5642 2200 5676 ι
2246 5627 2386 5684 Audi
2427 5642 2482 5686 et
2542 5636 2713 5705 ipsum
2767 5641 3024 5712 Aggwum
3055 5644 3376 5701 dicentem:

1795 5733 1814 5765 ι
1854 5713 2092 5772 Locutus
2121 5727 2206 5775 est
2241 5723 2307 5776 ad
2340 5739 2426 5779 me
2459 5726 2720 5784 Dominus
2745 5730 2813 5784 de
2841 5733 3198 5791 aediﬁcatione
3228 5748 3372 5793 tem-

1786 5804 1878 5873 pli,
1909 5815 1964 5862 et
1997 5809 2104 5865 erit
2136 5811 2302 5883 gloria
2328 5814 2447 5885 ejus
2491 5817 2781 5873 novissima
2818 5822 2939 5892 plus
2970 5841 3129 5896 quam
3164 5831 3366 5898 prima,
