3838 6226
482 250 581 317 891

1758 236 2170 304 MICHAELIS
2207 233 2469 297 cuca:
3150 299 3166 317 η
3553 241 3622 305 39;

482 369 620 425 dicit
695 365 981 420 Dominus.
1031 381 1050 416 ι
1122 361 1392 430 Quoniam
1475 359 1638 432 igitur
1707 349 2062 412 novissima‘m

2176 349 2277 420 μῆς
2303 349 2400 402 τοῦ
2427 347 2583 416 ναοῦ,
2608 348 2706 404 καὶ
2731 350 2890 405 ἔσται
2924 351 2956 422 ἡ
2992 351 3119 418 δόξα
3177 349 3354 406 τούτου
3400 352 3428 423 ἡ
3477 355 3622 430 ἐσχάτη

483 462 642 524 dixit,
679 458 970 531 perspicue
1017 456 1199 511 innuit
1252 467 1308 511 et
1347 462 1698 525 postremam,
1740 450 1884 504 idem
1915 447 2062 504 enim

485 563 564 608 est
617 550 916 605 novissima
963 556 1016 601 et
1064 555 1363 617 postrema.
1423 542 1577 597 Sicut
1639 540 1786 595 enim
1833 553 1939 593 non
1983 541 2067 592 εει

487 645 658 713 prima
687 642 857 711 prior,
883 641 963 695 sic
993 648 1172 709 neque
1206 642 1478 708 postrema
1507 632 1798 704 pesterior.
1838 628 1894 684 Si
1920 629 2064 683 enim

485 735 786 791 secundam
823 733 1072 795 dixisset,
1126 728 1269 785 haud
1325 729 1421 782 abs
1465 743 1523 782 re
1560 729 1706 780 esset
1743 730 1799 777 et
1849 720 2064 775 tertiam

485 825 901 882 aediﬁcationem
927 830 1266 890 expectare.
1302 818 1569 884 Quoniam
1597 829 1727 868 vero
1749 811 2062 873 secundam,

485 915 837 970 novissimam
875 911 1205 980 appellavit,
1252 917 1436 978 aperte
1477 915 1531 960 et
1571 912 1900 974 postremam
1949 902 2066 955 fore

488 1007 657 1077 ipsam
691 1005 1011 1060 declaravit.
1045 1002 1256 1056 Erratis
1291 1015 1420 1070 ergo
1455 996 1936 1052 reaadiﬁcationem
1972 999 2066 1047 e‘x-

485 1105 796 1166 Spectantes
835 1103 958 1164 post
1018 1093 1247 1162 hujusce
1291 1088 1741 1146 destructionem.
1796 1085 2064 1140 Praeterea

485 1197 542 1242 et
575 1189 820 1242 divinum
853 1186 1020 1240 Amos
1045 1184 1307 1239 habemus
1331 1183 1604 1237 dicentem
1631 1197 1645 1234 :
1681 1199 1698 1231 ι
1729 1177 1923 1233 Audite
1951 1193 2067 1233 ser-

487 1294 705 1332 monem
745 1279 934 1340 istum,
991 1289 1152 1344 quem
1213 1289 1377 1343 super
1423 1288 1518 1326 vos
1567 1272 1772 1341 arripio
1821 1287 1942 1326 cum
1983 1271 2064 1324 la-

484 1372 820 1424 mentatione
869 1387 882 1422 :
947 1367 1147 1420 Domus
1191 1365 1359 1420 Israel
1409 1364 1646 1428 cecidit,
1695 1378 1873 1434 neque
1928 1365 2066 1434 adji-

484 1464 586 1516 ciet
629 1472 685 1515 ut
743 1470 1009 1528 resurgat.
1067 1457 1230 1529 Virgo
1284 1456 1446 1513 Israel
1507 1457 1750 1528 projecta
1789 1467 1873 1511 est
1903 1473 2066 1527 super

486 1564 682 1606 terram
750 1568 927 1614 suam.
988 1565 1169 1618 neque
1221 1561 1306 1606 est
1356 1551 1448 1621 qui
1503 1565 1621 1604 eam
1670 1550 1920 1604 suscitet.
1952 1568 1969 1602 ι
2009 1551 2066 1604 Si

484 1645 647 1714 igitur
704 1645 986 1714 prophetis
1048 1645 1123 1698 ita
1193 1644 1336 1699 clare
1391 1642 1818 1698 vociferantibus
1869 1655 2063 1711 exspe-

2168 440 2309 510 ὑπὲρ
2334 440 2432 512 τὴν
2462 440 2709 512 πρώτην,
2733 442 2883 510 λέγει
2905 441 3162 512 Κύριος.»
3201 442 3344 496 Ἐπεὶ
3363 440 3441 497 οὖν
3461 447 3626 519 ἐσχάτην

2167 526 2344 596 εἶπεν,
2373 533 2604 604 ἐνέφηνε
2654 535 2749 588 καὶ
2813 535 3156 598 τελευταίαν,
3206 535 3358 588 ταυτδ
3395 537 3484 606 γάρ
3527 541 3629 594 ἐστιν

2168 622 2380 692 ἐσχάτη
2406 623 2501 676 καὶ
2531 624 2830 679 τελευταία.
2871 625 2958 689 Ὠς
2986 628 3096 694 γὰρ
3126 627 3223 678 οὐκ
3247 626 3352 679 ἔστι
3370 627 3452 696 τῆς
3474 630 3630 700 πρώτης

2169 713 2440 780 προτέρα,
2472 713 2644 779 οὕτως
2674 715 2794 768 οὐδὲ
2830 716 2930 786 τῆς
2956 717 3187 787 ἐσχάτης
3238 710 3555 788 ὲσχατωτέρα.
3591 724 3630 775 EE

2171 802 2271 873 μὲν
2297 803 2406 874 γὰρ
2438 804 2703 874 δευτέραν
2731 797 2909 872 εἶπεν,
2936 809 3085 871 εἰκὸς
3126 803 3194 878 ἦν
3237 811 3328 863 καὶ
3352 811 3512 880 τρίτην
3537 815 3634 866 οἰκος

2167 895 2338 963 δομὴν
2391 898 2700 967 προσδοκᾷν
2726 915 2740 930 ·
2791 899 2913 951 ἐπεὶ
2943 898 3000 952 δὲ
3045 899 3143 968 τὴν
3204 899 3438 968 δευτέραν
3468 904 3634 973 ἐσχάτην

2169 989 2418 1053 ἐκάλεσε,
2451 992 2704 1061 φανερῶς
2743 993 2836 1043 καὶ
2864 990 3187 1045 τελευταίαν
3218 991 3376 1062 αὐτὴν
3402 996 3636 1063 παρεδήλω-

2172 1095 2284 1134 σεν.
2319 1082 2631 1135 Ἀπατᾶσθε
2659 1083 2846 1135 λοιπὸν
2874 1084 3299 1151 παλιγγενεσίιν
3322 1087 3637 1154 προσδοκῶντες

2172 1174 2309 1244 μετὰ
2332 1175 2430 1244 τὴν
2459 1175 2703 1229 τοιούτου
2735 1175 3080 1246 καθαίρεσιν.
3109 1177 3250 1244 Πρὸς
3273 1177 3359 1228 ἐπὶ
3387 1177 3552 1241 τούτοις
3580 1185 3639 1233 καὶ

2168 1268 2257 1321 τὸν
2287 1269 2570 1322 Θεσπέσιον
2609 1268 2790 1338 ’Δμὼς
2819 1267 3017 1338 ἔχομεν
3064 1269 3294 1336 λέγοντα
3315 1286 3327 1298 ·
3356 1287 3374 1320 ›
3419 1271 3639 1325 Ἀκούσατε

2169 1359 2261 1413 τδν
2285 1359 2447 1428 λόγον
2495 1343 2781 1412 τοῦτονδν
2839 1358 3104 1428 λαμῦάνω
3164 1359 3249 1428 ἐφ’
3296 1358 3425 1428 ὑμᾶς
3471 1360 3638 1430 θρηνῶν·

2173 1448 2342 1514 Οἶκος
2397 1452 2618 1525 Ἰσραὴλ
2643 1452 2859 1516 ἔπεσεν,
2917 1451 3104 1504 οὐκέτι
3134 1451 3421 1521 προσθήσει
3460 1455 3533 1505 τοῦ
3555 1456 3642 1507 ἀνα·

2173 1546 2388 1614 στῆναι.
2448 1545 2729 1616 Παρθένος
2791 1542 3010 1616 Ἰσραὴλ
3058 1543 3294 1615 ἔσφηλεν
3339 1544 3424 1596 ἐπὶ
3465 1546 3540 1614 τῆς
3574 1548 3642 1614 γῆς

2170 1636 2396 1706 ταύτης,
2422 1637 2521 1689 οὐκ
2547 1637 2694 1690 ἐστιν
2721 1637 2749 1688 ό
2775 1637 3096 1706 ἀναστήσων
3120 1636 3312 1706 αὑτήν.
3347 1654 3364 1686 ι
3413 1621 3550 1707 Εἴπερ
3583 1637 3642 1689 οὖν

483 1746 596 1790 ctas
626 1738 1049 1802 revocationem,
1090 1737 1369 1806 prephetae
1417 1733 1505 1788 isti
1529 1733 1906 1799 mentiuntur,
1943 1709 2059 1786 ma-

2176 1728 2273 1781 τῶν
2323 1729 2619 1798 προφητῶν
2671 1727 2815 1782 οὕτω
2876 1725 3171 1800 διαρρήδην
3243 1726 3468 1798 βοώντων
3511 1729 3646 1801 ἐκδέχῃ

483 1831 563 1898 gis
606 1838 784 1882 autem
838 1829 929 1899 qui
977 1845 1077 1898 per
1115 1830 1263 1900 ipsos
1307 1828 1525 1882 locutus
1568 1835 1652 1881 est
1706 1827 1883 1891 Deus;
1920 1825 2063 1894 quod

482 1925 697 1991 quidem
763 1922 1123 1991 impossibile.
1182 1923 1378 1977 Verum
1435 1931 1487 1976 et
1554 1936 1746 1975 rursus
1805 1920 1928 1973 audi
1975 1917 2064 1972 Je-

485 2013 709 2090 remiam
773 2013 842 2067 de
891 2012 1046 2066 vobis
1087 2012 1359 2068 dicentem
1408 2015 1490 2066 z'c
1547 2009 1613 2064 Et
1665 2010 1857 2064 delebo
1917 2009 2066 2078 ipsos

485 2093 663 2174 gladio
716 2104 770 2156 in
821 2111 1119 2172 conspectu
1168 2103 1531 2169 inimicorum,
1579 2111 1633 2156 et
1683 2113 1882 2170 ponam
1930 2101 2066 2154 civi-

487 2204 653 2249 tatem
715 2196 856 2248 hanc
894 2196 948 2247 in
1013 2205 1295 2265 stuporem
1355 2204 1411 2249 et
1470 2197 1526 2248 in
1588 2194 1807 2248 sibilum
1869 2191 2068 2262 sempi-

488 2295 729 2346 ternum,
758 2294 810 2338 et
839 2284 1004 2338 edent
1026 2299 1216 2337 carnes
1243 2284 1475 2338 ﬁliorum
1493 2293 1546 2338 et
1567 2283 1792 2336 ﬁliarum
1819 2297 2062 2346 suarum,

2171 1825 2233 1877 σὺ
2257 1823 2656 1894 ὲπανάκλησιν,
2679 1822 2969 1892 ψεύδονται
2996 1823 3047 1875 οἱ
3078 1822 3355 1890 προφῆται
3383 1819 3524 1882 οὗτοι,
3558 1824 3645 1890 μᾶλ-

2167 1915 2256 1968 λον
2277 1916 2332 1969 δὲ
2355 1917 2382 1969 ό
2405 1908 2474 1968 δι’
2533 1916 2715 1970 αὐτῶν
2753 1915 2993 1982 λαλήσας
3045 1912 3178 1976 Θεός
3212 1921 3226 1941 ³
3263 1912 3391 1980 ὅπερ
3443 1911 3645 1965 ἀδύνατον.

2180 2007 2344 2061 ’Δλλὰ
2393 2005 2493 2060 καὶ
2545 1999 2702 2067 αὖθις
2738 2004 2832 2058 τοῦ
2878 1997 3150 2074 Ἰερεμίου
3201 2004 3366 2057 ἄκουε
3397 2003 3503 2072 περὶ
3547 2004 3646 2070 ὑμῶν

2167 2097 2438 2165 λέγοντος·
2467 2113 2487 2147 t
2527 2093 2636 2148 Καὶ
2667 2093 2959 2147 καταϐαλῶ
2998 2083 3198 2154 αὐτοὺς
3255 2095 3311 2145 ὲν
3361 2095 3420 2162 τῇ
3472 2093 3646 2162 μαχαίρᾳ

2168 2185 2407 2239 ἐναντίον
2431 2184 2538 2236 τῶν
2579 2183 2815 2253 ἐχθρῶν,
2863 2183 2958 2234 καὶ
3001 2181 3150 2244 τάξω
3183 2179 3285 2249 τὴν
3321 2181 3458 2232 πόλιν
3510 2182 3646 2243 saltu

2168 2279 2249 2340 είς
2272 2274 2589 2346 ἀφανισμὸν
2619 2274 2717 2328 καὶ
2739 2276 2818 2335 εἰς
2850 2272 3116 2342 συρισμὸν
3146 2273 3384 2338 αἰώνιον,
3408 2272 3490 2321 καί
3509 2271 3648 2321 ἔδονται

485 2387 542 2430 et
573 2387 848 2430 conteram
900 2377 1174 2430 civitatem
1219 2379 1360 2430 hanc
1388 2378 1536 2432 velut
1580 2390 1676 2430 vas
1709 2383 1884 2440 testae,
1919 2374 2066 2443 quod

2176 2371 2266 2433 τὰς
2302 2371 2507 2439 σάρκας
2529 2368 2640 2421 τῶν
2685 2366 2817 2420 υἱῶν
2867 2367 2961 2418 καὶ⁸
3017 2364 3123 2417 τῶν
3184 2364 3484 2433 θυγατέρων
3515 2362 3650 2422 αὐτῶν,

487 2485 596 2524 non
626 2471 825 2540 poterit
856 2469 1090 2538 amplius
1122 2469 1360 2524 restitui.
1399 2487 1417 2520 ι

557 2641 636 2696 Ne
661 2641 1002 2696 contendatis
1052 2641 1234 2710 itaque
1264 2650 1545 2707 caeterum,
1589 2657 1623 2697 ο
1650 2642 1824 2710 stulti,
1856 2643 1912 2698 in
1948 2644 2066 2700 solo

488 2749 745 2792 sermone
808 2747 871 2786 ac
925 2739 1150 2802 propter
1201 2743 1439 2788 vestram
1498 2733 1932 2804 resipiscentiam
1980 2735 2066 2789 di-

490 2829 675 2882 vinam
718 2827 1202 2881 comminationem
1255 2827 1584 2882 consistere.
1638 2825 1695 2880 Si
1749 2826 1896 2881 enim
1944 2836 2070 2896 post

491 2920 784 2975 salutarem
847 2919 1052 2974 Christi
1122 2919 1430 2989 passionem
1490 2926 1545 2973 et
1591 2919 1770 2989 gladio
1823 2919 2065 2988 gentium

493 3015 734 3086 percussi
775 3013 1074 3081 cecidistis,
1113 3021 1168 3066 et
1220 3012 1452 3066 ﬁliorum
1491 2992 1817 3064 vestrorum‘
1853 3025 2064 3074 carnes,

489 3107 640 3178 juxta
673 3102 896 3172 Josepbi
920 3102 1131 3171 i27-28)
1163 3102 1473 3165 historiam,
1510 3109 1749 3155 vestium
1782 3099 1965 3154 cibum
1991 3099 2071 3154 feo

493 3198 668 3262 cistis,
694 3197 1068 3253 conﬁtendum
1094 3205 1181 3249 est
1202 3195 1364 3250 etiam
1397 3194 1783 3250 contritionem
1816 3204 2072 3262 vestram,

495 3289 799 3345 secundum
839 3287 1078 3343 divinam
1125 3285 1586 3350 enuntiationem,
1630 3284 1684 3338 in
1721 3284 1914 3338 stecula
1946 3301 2075 3354 per-

497 3395 832 3436 mansuram.
871 3377 930 3432 Si
957 3395 1089 3433 vero
1124 3378 1242 3431 haec
1284 3377 1358 3431 ita
1401 3391 1461 3431 se
1489 3377 1710 3440 habent,
1744 3377 1788 3430 si
1818 3377 1889 3430 ita
1921 3377 2077 3432 lucu-

493 3471 669 3527 lenter
709 3481 766 3526 et
827 3486 958 3526 vere
1011 3471 1294 3540 prophetae
1353 3471 1418 3523 de
1466 3469 1724 3524 omnibus
1793 3469 2076 3526 vociferati

496 3571 648 3626 sunt,
680 3561 956 3630 quomodo
996 3560 1190 3615 faciem
1219 3568 1363 3614 tuam
1405 3575 1516 3614 non
1544 3559 1861 3625 abscondis,
1889 3561 2079 3616 miser-

497 3655 638 3709 rime
669 3673 684 3721 ;
721 3654 998 3724 quomodo
1035 3662 1089 3707 et
1119 3653 1296 3707 adhuc
1315 3653 1466 3708 labra
1496 3668 1705 3720 moves,
1733 3663 1786 3707 et
1838 3654 1892 3709 in
1942 3669 2078 3710 eon-

499 3748 850 3803 tradictiones
878 3746 1138 3817 proruis‘l
1180 3747 1453 3813 Quidnam
1509 3762 1639 3800 vero
1695 3755 1752 3800 et
1788 3746 1958 3802 libros
1998 3749 2080 3803 sic

499 3840 704 3896 retines
737 3839 1040 3904 incassum,
1079 3839 1124 3892 si
1176 3840 1390 3894 nullum
1449 3839 1542 3894 tibi
1600 3839 1814 3894 lucrum
1845 3839 2081 3894 exinde?

497 3933 768 4000 Quidnam
800 3933 1058 4005 superbis
1087 3934 1158 3989 ob
1189 3933 1364 4004 ipsos,
1420 3936 1728 4002 prasertim
1760 3949 1886 3988 cum
1925 3934 1992 3988 de
2029 3943 2079 3988 te

498 4024 678 4096 deque
714 4037 808 4080 tuo
842 4041 1043 4095 genere
1072 4026 1219 4082 dicat
1247 4026 1422 4080 Deus:
1467 4044 1486 4076 ι
1515 4025 1837 4095 Disperdam
1867 4027 2084 4098 sapien-

500 4118 629 4171 tiam
663 4119 996 4187 sapientum,
1025 4125 1078 4170 ct
1105 4116 1442 4174 intellectum
1495 4117 1822 4186 prudentum
1863 4118 2078 4172 irritum

499 4206 743 4260 faciam?
777 4226 796 4258 ι
833 4205 1101 4270 Quidnam
1153 4205 1392 4278 Moysem
1446 4221 1544 4261 ore
1599 4222 1816 4277 semper
1863 4211 2083 4276 iactas?

496 4297 783 4365 Quomodo
812 4310 862 4351 te
910 4299 1139 4353 decoras
1181 4298 1304 4367 ejus
1349 4299 1605 4369 scriptis?
1636 4297 1888 4355 Concede
1939 4316 2081 4370 pro-

2169 2465 2264 2516 καὶ
2297 2461 2573 2532 συντρέψω
2601 2462 2699 2528 τὴν
2734 2459 2888 2513 πόλιν
2928 2457 3134 2524 ταύτην
3161 2457 3241 2520 ὼς
3266 2456 3426 2523 ἄγγος
3467 2453 3652 2522 ὀστράκι-

2169 2570 2282 2618 νον,
2310 2553 2338 2604 ὃ
2370 2553 2430 2604 οὐ
2464 2552 2754 2620 δυνήσεται
2802 2549 3020 2618 ἰαθῆναι
3048 2547 3150 2601 ἔτι.
3184 2566 3204 2599 ι
3534 2532 3540 2539 ’

2239 2646 2454 2715 Μηκέτι
2487 2645 2692 2704 λοιπὸν,
2729 2637 2774 2697 ὦ
2822 2643 3069 2713 μάταιοι,
3109 2643 3168 2694 ὲν
3238 2640 3379 2712 λόγῳ
3411 2637 3492 2690 καί
3540 2635 3652 2705 μόνῳ,

2169 2741 2264 2793 καὶ
2298 2739 2459 2808 χάριν
2500 2736 2842 2806 διορθώσεως
2886 2734 2956 2787 τά
3009 2734 3109 2803 τῆς
3143 2733 3301 2797 θείας
3351 2730 3549 2798 ἀπειλῆς
3585 2729 3656 2780 κεί-

2171 2833 2294 2886 σθαι
2329 2830 2706 2899 φιλονεικεῖτε.
2750 2828 2973 2897 Ἐπειδὴ
3005 2827 3114 2895 γὰρ
3151 2827 3252 2879 καὶ
3308 2829 3372 2894 τῇ
3426 2823 3517 2876 τῶν
3542 2820 3654 2873 ἐθνῶν

2173 2923 2422 2997 μαχαίρᾳ
2464 2922 2603 2992 μετὰ
2633 2921 2694 2974 τὸ
2726 2920 2995 3002 σωτήριον
3036 2918 3131 2971 τοῦ
3163 2917 3402 2988 Χριστοῦ
3436 2915 3572 2976 πάθος
3595 2930 3655 2964 τιε-

2173 3017 2454 3081 πτώκατε,
2493 3013 2707 3076 καὶτὰς
2736 3013 2842 3066 τῶν
2866 3012 3073 3067 παίδων
3114 3010 3276 3081 ὑμῶν
3317 3011 3525 3079 σάρκας,
3565 3008 3656 3059 κατὰ

2175 3113 2275 3182 τὴν
2307 3110 2402 3163 τοῦ
2439 3109 2713 3176 Ἰωσήπου
2766 3105 3031 3176 ἱστορίαν,
3085 3103 3288 3174 βρῶμα
3333 3103 3455 3155 ἴδιον
3501 3099 3659 3165 πεποιή-

2178 3213 2335 3268 κατε,
2375 3199 2828 3272 ὁμολογουμένως
2857 3199 2952 3250 καὶ
2982 3196 3052 3248 τὰ
3081 3194 3181 3264 τῆς
3235 3193 3505 3266 συντριόἧς
3540 3190 3657 3259 ὑμῶν,

2177 3296 2316 3350 κατὰ
2335 3295 2432 3367 τὴν
2456 3294 2606 3347 θείαν
2635 3291 2935 3359 ἀπόφασιν,
2977 3289 3057 3351 εἰς
3082 3287 3289 3352 αίῶνας
3339 3286 3527 3338 κεῖσθαι
3565 3281 3661 3348 ὀξεί-

2178 3389 2383 3442 λουσιν.
2409 3387 2473 3440 El
2498 3387 2553 3438 δὲ
2581 3384 2754 3438 ταῦτα
2784 3383 2955 3444 οὓτως
2987 3381 3125 3450 ἔχει,
3157 3382 3205 3432 εἰ
3240 3378 3446 3450 τρανῶς
3465 3376 3576 3429 οὕτω
3603 3369 3663 3425 καί

2178 3470 2392 3549 ἀληθῶς
2420 3479 2469 3531 οἱ
2502 3477 2782 3548 προφῆται
2814 3473 2943 3543 περὶ
2970 3474 3078 3526 πᾶν
3099 3475 3428 3544 κεκράγασι,
3478 3469 3567 3528 πῶς
3598 3467 3664 3518 οὒκ

2179 3571 2523 3640 ἐγκαλύπτῃ,
2555 3565 2860 3638 τρισάθλιε,
2923 3565 3044 3627 πῶς
3075 3564 3155 3616 ἔτι
3210 3562 3283 3616 τὰ
3324 3562 3468 3632 χείλη
3533 3557 3649 3617 κινεῖς

2181 3668 2274 3720 καὶ
2339 3665 2422 3728 είς
2500 3649 2813 3728 ἀνθιλογίας
2890 3659 3132 3729 χωρεῖς;
3213 3656 3332 3710 Ἶνα
3379 3657 3429 3708 τί
3503 3653 3550 3707 δὲ
3607 3652 3666 3702 καὶ

2179 3760 2278 3822 τὰς
2336 3757 2552 3829 βίϐλους
2607 3754 2751 3808 οὕτω
2789 3753 3044 3821 κατέχεις
3103 3749 3386 3819 διακενῆς.
3458 3748 3499 3799 εί
3553 3744 3667 3814 μηδὲν

2181 3869 2264 3906 σοι
2337 3853 2397 3904 τὸ
2464 3848 2655 3918 κέρδος
2724 3844 3013 3911 έντεῦθενς
3076 3842 3196 3896 Ἵνα
3267 3842 3322 3895 τί
3387 3837 3668 3914 μεγαφρσνεῐς

2179 3942 2268 3996 ἐπ’
2299 3941 2505 4006 αὐτοῖς,
2551 3940 2646 3991 καὶ
2677 3937 2858 3992 ταῦτα
2883 3934 2980 3988 τοῦ
3012 3935 3150 3988 Θεοῦ
3183 3935 3275 3992 διὰ
3313 3937 3372 3987 σὲ
3417 3933 3500 3986 καὶ
3543 3931 3590 3982 τὸ
3611 3928 3669 3994 γέ-

2183 4045 2268 4092 νος
2287 4046 2381 4082 σου
2411 4029 2682 4094 λέγοντος
2721 4042 2740 4076 t
2789 4022 3004 4077 Ἀπολῶ
3028 4022 3128 4092 τὴν
3155 4021 3356 4092 σοφίαν
3397 4021 3496 4074 τῶν
3529 4015 3671 4084 σοφῶν,

2182 4121 2276 4176 καὶ
2306 4119 2404 4192 τὴν
2453 4118 2669 4173 σύνεσιν
2698 4116 2812 4171 τῶν
2864 4116 3104 4170 συνετῶν
3139 4115 3431 4186 ἀθετήσως
3465 4131 3482 4164 ι
3534 4106 3673 4164 Ἰναστί
3776 4106 3777 4142 l

2181 4214 2273 4266 τδν
2306 4211 2515 4270 Μωσέα
2543 4209 2636 4264 διὰ
2665 4208 2935 4279 στόματος
2967 4208 3154 4279 φέρεις
3180 4225 3195 4274 ;
3224 4209 3348 4270 Πῶς
3367 4200 3675 4273 ἐγκαΗωπίῖθ
3776 4265 3777 4296 ἦ

2181 4304 2294 4367 τοῖς
2325 4302 2536 4354 ἐκείνου
2569 4300 3038 4370 συγγράμμασινς
3079 4297 3252 4367 ’Δφες
3309 4297 3429 4359 τοὺς
3464 4292 3674 4363 προφήτας
3776 4292 3777 4330 i

501 4391 694 4460 phetas
720 4391 864 4462 apud
893 4405 993 4446 nos
1027 4390 1371 4445 Christianos
1400 4405 1726 4457 remanere;
1767 4408 1864 4448 nos
1905 4407 2072 4464 pecu-

2183 4391 2314 4464 παρ’
2343 4393 2478 4462 ἡμῖν
2501 4389 2643 4446 εἶναι
2666 4393 2780 4454 τοῖς
2805 4390 3181 4460 Χριστιανοῖς⁶
3254 4391 3415 4460 ἡμεῖς
3436 4391 3462 4442 ό
3512 4382 3676 4456 περιοῦ-

498 4483 649 4538 liaris
682 4483 798 4555 ejus
829 4481 1066 4554 populus
1091 4497 1319 4536 sumus:
1356 4502 1373 4534 ι
1401 4482 1616 4538 Vocabo
1649 4485 1820 4549 enim,
1852 4485 2077 4548 ait,non

497 4577 780 4649 populum.
816 4577 1077 4648 pOpulum
1120 4590 1335 4640 meum;
1370 4592 1388 4625 ι
1421 4591 1524 4629 nos
1576 4591 1768 4647 magna
1799 4577 1884 4630 illa
1922 4593 2076 4648 gens,

497 4670 567 4725 de
595 4687 700 4740 qua
745 4669 886 4724 Deus
913 4670 1132 4724 loculus
1156 4677 1241 4722 est
1275 4666 1446 4738 Moysi
1473 4667 1700 4723 dicens:
1747 4687 1764 4720 ι
1793 4669 1924 4724 Sine
1968 4685 2076 4736 me,

500 4770 555 4814 et
592 4762 766 4817 iratus
814 4771 1096 4818 conteram
1163 4761 1342 4830 ipsos,
1371 4769 1427 4815 et
1455 4762 1786 4816 constituam
1833 4772 1886 4817 te
1916 4778 2079 4834 super

504 4861 720 4918 gentem
753 4867 1032 4921 magnam.
1061 4871 1080 4904 ι
1115 4851 1257 4917 Quid
1293 4849 1418 4905 ais?
1446 4849 1702 4907 Divinum
1743 4853 1846 4907 hec
1890 4868 2084 4908 oracu-

502 4941 614 4995 lum
647 4941 980 4998 ell‘ectumne
1035 4943 1248 5009 habuit,
1283 4959 1354 4998 an
1380 4943 1534 4998 non?
1565 4943 1848 5000 Contritus
1905 4961 1985 5013 es,
2024 4955 2083 5002 ut

503 5048 600 5088 vas
640 5034 816 5104 ﬁguli,
858 5036 1080 5090 necne?
1135 5037 1373 5092 Necesse
1423 5046 1544 5090 erat
1580 5052 1804 5105 prorsus
1840 5041 1985 5108 quod
2030 5050 2085 5095 et

506 5125 720 5197 Moyses
748 5139 912 5195 super
937 5135 1155 5197 gentem
1191 5128 1336 5183 hanc
1369 5143 1620 5199 magnam
1660 5132 2084 5188 constitueretur

505 5235 534 5273 a
575 5217 886 5287 Deo;quid
937 5231 1073 5272 vero
1098 5220 1279 5287 majus
1337 5231 1498 5290 gente
1551 5231 1738 5278 nostra
1773 5222 1841 5278 de
1880 5223 2082 5279 Christi

502 5310 727 5365 nomine
761 5309 1115 5380 nuncupata?
1153 5309 1272 5363 Non
1310 5312 1458 5366 enim
1490 5323 1575 5370 est
1609 5316 1782 5381 locus,
1813 5332 1924 5371 non
1954 5317 2087 5375 civi-

505 5411 606 5465 tas,
635 5418 747 5458 non
787 5404 956 5474 regio,
1003 5402 1058 5456 in
1113 5402 1314 5472 quibus
1354 5419 1464 5459 non
1511 5406 1772 5462 adoretur
1804 5408 2082 5467 Christus.

573 5561 787 5634 (27—28)
844 5562 1082 5618 lmmaue
1134 5563 1228 5618 hic
1283 5578 1508 5634 prorsus
1561 5566 1812 5620 lnnuitur
1864 5569 2078 5624 facinus

504 5629 686 5704 Maria:
725 5629 967 5690 Eleazari
1024 5635 1182 5698 tiliae,
1211 5629 1333 5704 qua:
1365 5635 1556 5689 adacta
1600 5638 1740 5691 fame
1787 5639 2079 5694 lactentem

507 5703 677 5760 ﬁlium
714 5706 1010 5774 interemit,
1055 5703 1269 5778 sibique
1304 5706 1360 5760 in
1395 5707 1578 5763 cibum
1625 5707 1932 5776 constituit,
1969 5724 2077 5766 non

2189 4501 2304 4548 σιος
2334 4484 2480 4547 λαός.
2526 4503 2544 4537 t
2581 4483 2815 4538 Καλέσω
2842 4483 2974 4553 γὰρ,
3015 4483 3171 4554 φησὶ,
3211 4483 3305 4535 τὸν
3356 4483 3414 4536 οὐ
3461 4480 3566 4532 λαόν
3607 4493 3673 4546 μου

2185 4577 2333 4632 λαόν.
2373 4596 2391 4629 ι
2439 4575 2636 4646 Ἡμεῖς
2668 4576 2728 4628 τὸ
2760 4576 2905 4645 μέγα
2935 4574 3088 4637 ἔθνος
3141 4576 3345 4642 έκεῖνο,
3395 4575 3512 4645 περὶ
3543 4565 3593 4624 οὗ
3628 4567 3676 4635 τῷ

2185 4668 2376 4723 Μωσεῖ
2402 4668 2702 4737 λελάληκεν
2729 4671 2754 4722 ό
2778 4669 2965 4732 Θεό,⁶‹
2992 4669 3193 4724 Ἐασόν
3230 4685 3320 4738 με,
3351 4665 3442 4721 καὶ
3471 4660 3678 4733 θυμωθεξ

2187 4761 2432 4834 ὲκτρίψω
2451 4762 2675 4827 αὐτοὺς,
2693 4762 2791 4815 κο.)⁸
2820 4763 3150 4831 καταστήσω
3179 4778 3240 4813 σε
3268 4761 3346 4824 είς
3369 4759 3507 4821 ἔθνος
3535 4755 3676 4826 μέγα.»

2185 4859 2252 4911 Τί
2298 4858 2525 4925 λέγεις;
2583 4857 2644 4909 '0
2693 4856 2835 4919 θεῖος
2907 4850 3062 4918 οὗτος
3129 4852 3506 4925 χρηματισμὸς
3553 4847 3678 4913 πέρας

2185 4951 2425 5022 ἔσχεν,ἧ
2462 4949 2560 5016 ob;
2596 4948 2933 5020 Συνετρίόης
2973 4949 3050 5011 ὡς
3098 4949 3268 5016 ἄγγος
3325 4945 3623 5016 ὸστράκινον.
3658 4935 3678 5001 ἢ

2191 5042 2296 5108 ob;
2332 5043 2576 5112 Ἀνάγκη
2627 5042 2779 5095 πᾶσα
2822 5041 2919 5094 καὶ
2961 5038 3053 5093 τὸν
3097 5039 3296 5093 ’ίιωσέα
3335 5039 3412 5100 εἰς
3469 5035 3611 5088 ἐκεῖνο
3642 5025 3680 5078 τδ

2189 5135 2333 5206 μέγα
2353 5135 2504 5198 ἔθνος
2539 5133 2692 5204 παρὰ
2720 5132 2858 5186 Θεοῦ
2893 5131 3258 5200 καταστῆσαι·
3283 5131 3412 5185 τίδὲ
3434 5125 3592 5200 μεῖζον
3619 5115 3680 5171 τοῦ

2186 5229 2231 5283 Χ
2241 5223 2589 5298 ριστωνύμου
2623 5228 2814 5296 γένους
2847 5224 3008 5297 ἡμῶν
3033 5242 3047 5292 ;
3089 5225 3164 5278 Οὐ
3192 5223 3299 5294 γάρ
3327 5225 3439 5275 ἐστι
3466 5219 3616 5276 τόπος,
3642 5209 3679 5259 οὗ

2192 5323 2368 5387 πόλις,
2398 5322 2458 5374 σὺ
2485 5319 2661 5391 χώρα,
2691 5320 2748 5372 ὲν
2786 5314 2868 5383 οἷς
2910 5319 2970 5371 οὑ
3001 5319 3390 5390 προσκυνεῖται
3446 5306 3679 5380 όΧριςτές·

2196 5414 2308 5468 Καὶ
2350 5414 2401 5466 τί
2441 5411 2551 5484 χρὴ
2579 5412 2754 5465 πολλὰ
2788 5409 3010 5479 λέγειν;
3069 5410 3131 5464 El
3167 5411 3242 5480 μὴ
3279 5410 3374 5477 τῆς
3421 5404 3557 5476 ῥίζης
3583 5395 3683 5464 ἔφεί’

2189 5572 2307 5626 sine
2342 5587 2540 5640 magno
2574 5569 2806 5625 militum
2858 5569 3104 5640 i’psorum
3157 5569 3402 5640 horrore,
3452 5561 3521 5618 uti
3567 5557 3682 5640 b11165

2189 5623 2692 5713 ipsumgenus,
2723 5640 2818 5696 lib.
2857 5623 2942 5697 v'u'
2964 5623 3044 5696 De
3075 5623 3216 5696 bello,
3233 5623 3473 5704 Judai'co,
3499 5643 3596 5700 cap.
3617 5623 3655 5680 ι.
