3838 6226
191 343 289 408 893

1550 339 1918 399 EPISTOLA
1962 340 2115 401 XIV.

3316 343 3422 408 8'34

194 474 316 513 σατο
357 452 479 509 κατ’
510 452 685 524 ἀρχὰς
734 454 762 506 ό
820 451 979 517 Θεδς,
1033 451 1129 506 ἀτε
1181 452 1246 522 δὴ
1307 452 1572 522 προειδὼς
1628 453 1755 514 τοὺς

1868 450 1970 505 Sed
2021 452 2150 521 quid
2210 452 2553 522 plura‘3Nisi
2620 452 2788 509 radici
2830 453 3168 523 pepercisset
3222 454 3333 526 jam
3365 459 3434 513 ab

193 544 569 615 ιλιυσομένους
602 542 661 607 ἐξ
690 541 861 612 αὐτῆς
890 541 1127 611 ὡραίους
1188 541 1461 613 καρποὺς,
1522 544 1755 612 εὐαγγε-

190 636 369 699 λιστάς
416 634 688 706 δηλονότι,
757 634 1115 699 ἀποστόλους,
1171 635 1439 699 δικαίους,
1498 638 1594 689 καὶ
1647 637 1754 707 πρὸ

191 731 401 785 πάντων
430 728 600 801 αὐτὴν
638 728 740 799 τὴν
781 726 876 780 τοῦ
900 722 1139 799 Χριστοῦ
1168 728 1261 783 καὶ⁸
1301 728 1556 799 Σωτῆρος
1593 728 1753 799 ἡμῶν

190 821 622 894 ινανθρὼπησιν,
650 816 894 890 ἀνηλεῶς
928 818 994 873 ἂν
1023 819 1209 873 ἔκτοτε
1246 820 1338 875 τὸν
1378 819 1597 893 Ἰσραὴλ
1628 836 1755 874 συν-

192 914 402 985 έτριψεν
430 912 673 967 ἅπαντα.
701 914 812 967 Kal.
839 910 999 965 τοῦτο
1033 911 1209 982 δηλῶν
1240 913 1268 965 ὁ
1291 912 1581 983 προφήτης
1634 910 1755 964 ἐλει-

191 1026 303 1079 γεν·
332 1025 349 1060 ι
387 996 449 1061 El
499 1006 576 1075 μὴ
602 1000 806 1073 Κύριος
840 1005 971 1076 ἡμῖν
1001 1005 1336 1073 ἐγκατέλιπε
1392 1004 1640 1075 σπέρμα,
1673 1004 1750 1067 ὡς

194 1103 393 1168 Σόδομα
426 1101 491 1153 ἂν
515 1094 883 1168 ἐγενήθημεν,
942 1099 1039 1153 καὶ
1069 1098 1143 1160 ὡς
1173 1096 1428 1167 Γόμορρα
1447 1097 1514 1150 ἂν
1542 1093 1756 1163 ὡμοιώ-

194 1191 378 1260 θημεν·
426 1206 444 1241 ι
485 1189 772 1241 τουτέστιν
813 1187 1067 1258 ἀπωλείᾳ
1124 1186 1381 1241 παντελεῖ
1449 1185 1748 1257 παρεδόθηο

196 1298 312 1350 μεν.
354 1280 531 1349 Χάριν
561 1275 675 1345 οὖν,
725 1278 801 1341 ὡς
827 1278 1064 1349 ἔφημεν,
1097 1279 1205 1331 τῶν
1240 1278 1468 1349 καρπῶν
1513 1279 1612 1349 τῆς
1669 1278 1751 1348 ῥί-

195 1375 289 1439 ζης
316 1370 742 1440 ἀγνωμονούσης
769 1369 1072 1440 τηνικαῦτα
1103 1369 1382 1437 ἐφείσατο,
1414 1369 1501 1423 ἵνα
1549 1367 1624 1438 μὴ
1658 1370 1758 1421 σὺν

194 1467 326 1535 αὐτῇ
350 1462 643 1524 κάκείνους
683 1458 993 1529 ὲκκόψοιεν·
1027 1459 1166 1512 ἐπὰν
1194 1459 1254 1512 δὲ
1292 1459 1604 1529 προήνεγκε
1628 1456 1758 1518 τοὺς

195 1557 459 1625 καρποὺς,
494 1552 679 1606 οὐκέτι
713 1550 931 1618 στέγειν
950 1549 1244 1621 ἠνέσχετο,
1271 1549 1387 1603 ἀλλ’
1420 1546 1760 1619 ἀσυμπαθῶς

67 1688 79 1709 .
190 1648 353 1719 αὐτὴν
381 1645 710 1716 ὲξεθέρισεν.

1862 543 2023 598 initio
2067 544 2233 608 Deus,
2268 554 2454 613 utpote
2486 546 2707 615 quidem
2742 545 3046 616 praevidens
3078 556 3339 603 venturos
3369 564 3435 605 ex

1863 636 1980 707 ipsa
2037 637 2317 705 Speciosos
2386 639 2653 703 fructus,
2705 639 3066 706 evaugelistas
3135 642 3433 708 nimirum,
3536 676 3541 683 -

1868 730 2169 799 apostolos,
2204 730 2384 799 iustos
2424 744 2489 783 ac
2518 722 2647 797 prae
2678 729 2892 783 caeteris
2937 730 3108 799 ipsam
3143 731 3346 785 Christi
3381 742 3437 787 et

1866 821 2178 879 Servatoris
2206 822 2376 875 nostri
2419 832 2755 890 assumptam
2814 821 3436 885 humanitatem,immi-

1862 912 2212 967 sericorditer
2239 928 2303 965 ex
2345 920 2476 966 tunc
2513 927 2732 965 onmem
2775 915 3128 969 contrit'isset
3159 915 3434 970 lsraelem.

1862 1002 2041 1071 Atque
2115 1002 2216 1056 hoc
2262 1004 2528 1073 propheta
2599 1012 2787 1071 aperte
2848 1004 3086 1059 innuens
3168 1008 3433 1062 dicebat:

1868 1092 2029 1147 «Nisi
2084 1094 2345 1148 Dominus
2414 1096 2732 1164 reliquisset
2796 1096 2955 1150 nobis
3005 1112 3212 1161 semen,
3280 1101 3437 1165 quasi

1865 1185 2103 1241 Sodoma
2132 1186 2259 1240 iacti
2298 1187 2614 1249 fuissemus,
2635 1198 2687 1241 et
2718 1189 2872 1257 quasi
2903 1190 3205 1243 Gomorrha
3233 1190 3439 1244 similes

1862 1294 2143 1341 essemus,
2177 1297 2193 1329 ι
2232 1280 2523 1348 perditioni
2565 1280 2776 1333 scilicet
2820 1282 3047 1351 integra:
3079 1283 3263 1335 traditi
3305 1284 3441 1336 fuis-

1858 1384 2058 1425 scmus.
2102 1372 2285 1425 Gratia
2325 1372 2512 1441 igitur,
2550 1358 2896 1434 ut'diximus,
2926 1373 3232 1438 fructuum,
3268 1377 3440 1430 radici

1860 1460 2089 1530 ingratae
2116 1470 2244 1515 tunc
2275 1461 2544 1530 pepercit,
2568 1476 2641 1514 ne
2667 1476 2792 1514 cum
2822 1462 2936 1530 ipsa
2966 1471 3018 1515 et
3060 1464 3181 1518 illos
3229 1466 3439 1518 rescin-

1858 1552 2052 1618 deret;
2084 1564 2370 1622 postquam
2436 1568 2566 1607 vero
2613 1552 2827 1607 fructus
2885 1555 3131 1623 protulit,
3166 1570 3285 1608 eam
3328 1572 3437 1609 non

1862 1645 2100 1712 amplius
2130 1645 2409 1699 custodire
2464 1645 2746 1709 sustinuit,
2801 1645 2896 1701 sed
2934 1645 3441 1701 immiscricorditer

1864 1737 2183 1793 demessuit.

266 1834 431 1902 Ἀφες
459 1832 648 1885 λοιπὸν
675 1830 802 1893 τοὺς
837 1830 1147 1900 προφήτας,
1200 1828 1378 1901 μάτην
1430 1827 1618 1899 διέρχῃ
1656 1826 1757 1890 τὰς

1935 1829 2204 1884 Caeterum
2242 1831 2455 1885 dimitte
2503 1834 2820 1902 prophetas,
2859 1847 3051 1886 eorum
3106 1832 3308 1888 frustra
3368 1833 3437 1889 li-

193 1926 404 1995 βίὸλους
468 1923 666 1978 αὐτῶνθ
700 1923 855 1977 οὐδέν
900 1940 984 1976 σοι
1026 1923 1090 1976 τὸ
1128 1922 1319 1994 κέρδος
1348 1921 1619 1974 ἐντεῦθεν.
1668 1921 1759 1973 Βί-

191 2019 315 2073 ϐλον
338 2018 787 2089 ὲσφραγισμένην
842 2017 1017 2079 οὐδεὶς
1066 2016 1279 2084 ἀνέγνω
1335 2015 1491 2069 ποτέ.
1552 2015 1670 2068 Ἵνα
1699 2014 1751 2067 τί

187 2112 369 2166 λοιπὸν
398 2112 539 2166 ἑκὼν
576 2110 803 2164 σεαυτὸν
832 2111 1051 2181 ἀπατᾷς
1077 2128 1091 2174 ;
1124 2109 1299 2161 Γνῶθι
1323 2110 1408 2171 τίς
1440 2126 1500 2161 τε
1542 2103 1616 2172 εἴ,
1661 2108 1756 2161 καὶ

190 2208 295 2260 ποῦ
331 2205 620 2274 δυστυχίας
674 2203 1045 2273 κατήντησας·
1105 2202 1266 2264 σύνες
1312 2203 1396 2254 ὅτι
1454 2201 1590 2269 πρὸς
1642 2202 1755 2262 τοῖς

189 2303 368 2363 ἄλλοις
395 2302 490 2353 καὶ
523 2300 689 2354 αὑτὸν
726 2296 1010 2369 ἀφῃρέθης
1054 2297 1146 2349 τὸν
1177 2296 1410 2350 πλοῦτον
1462 2299 1561 2364 τῆς
1608 2294 1753 2364 γνώ-

190 2402 348 2452 σεως.
378 2390 489 2443 Καὶ
515 2390 615 2441 οὐκ
650 2388 759 2457 ἐμὰ
787 2387 855 2439 τὰ
892 2387 1137 2455 ῥήματαο
1161 2387 1188 2438 ὁ
1220 2385 1313 2448 σὸς
1345 2384 1577 2445 Ἡσαΐας
1608 2383 1757 2453 διαρσ

190 2486 361 2555 ρήδην
389 2482 487 2553 βοᾷ
518 2498 621 2534 σοι·
657 2500 676 2532 ι
722 2482 832 2534 Kal.
865 2479 1018 2532 ἔσται
1047 2478 1179 2547 ὑμῖν
1206 2478 1273 2531 τὰ
1326 2478 1547 2548 ῥήματα
1582 2473 1759 2528 ταῦτα

187 2578 264 2640 ὡς
294 2578 342 2629 οἱ
390 2576 541 2642 λόγοι
596 2572 691 2627 τοῦ
773 2571 991 2643 βιϐλίου
1037 2570 1135 2624 τοῦ
1212 2570 1673 2639 ὲοφραγισμένου.
1734 2583 1754 2618 ι

188 2668 502 2739 Ἐπαχύνθη
530 2668 625 2721 καὶ
656 2665 767 2737 γὰρ
796 2668 830 2736 ἡ
860 2664 1062 2735 καρδία
1096 2680 1212 2729 σου,
1258 2663 1372 2723 τοῖς
1402 2661 1506 2713 ὠσὶ
1549 2658 1758 2730 βαρέως

188 2764 448 2833 ηκουσας,
479 2761 722 2821 καὶτοὺς
751 2757 1067 2829 ὀφθαλμοὺς
1100 2756 1240 2809 ἑκὼν
1270 2753 1625 2823 ὲκάμμυσας.
1650 2749 1760 2803 Καί

190 2875 280 2911 σοι
313 2856 411 2925 μὲν
441 2854 519 2927 τῷ
549 2854 718 2908 πάλαι
754 2851 959 2922 συνετῷ
1010 2850 1106 2904 καὶ
1164 2847 1312 2918 σοφῷ
1356 2847 1427 2900 τὰ
1466 2845 1562 2916 τῆς
1614 2841 1762 2903 θείας

192 2949 564 3019 ὲσφράγισται
632 2947 888 3015 γνώσεως
926 2960 940 2975 ο
993 2944 1127 3014 ἡμῖν
1179 2940 1235 2994 δὲ
1302 2941 1414 3000 τοῖς
1482 2934 1764 2994 ἀσυνέτοις

190 3039 372 3094 ἔθνεσι
402 3042 495 3093 καὶ
520 3039 663 3092 πάνυ
693 3035 1153 3107 ὲξήπλωται.Καὶ
1191 3034 1266 3102 μὴ
1298 3029 1569 3099 (lady.an
1601 3028 1764 3097 ἡμεῖς

186 3133 301 3202 γὰρ
331 3131 860 3219 ἡκούσαμεν,ᾲήμείς
896 3128 1004 3219 Δκαὶ
1039 3126 1384 3219 ἑωράκαμεν,
1424 3122 1587 3219 ημειϊς
1626 3136 1764 3219 ,συνξ
1786 3154 1834 3219 c

186 3224 434 3288 ήκαμεν,
483 3219 578 3272 καὶ
638 3217 738 3288 τὴν
810 3215 1070 3284 ἀλήθειαν
1124 3214 1395 3283 ἔγνωμεν.
1440 3211 1549 3264 Καὶ
1591 3211 1640 3263 εἰ
1686 3208 1762 3280 μὴ

189 3309 371 3362 πείθει
422 3310 534 3372 τοῖς
589 3306 928 3377 λεγομένοις,
978 3305 1126 3377 αὑτῷ
1166 3305 1260 3358 καὶ
1298 3288 1453 3366 αὖθις
1502 3301 1580 3372 τῷ
1630 3317 1765 3371 προσ

176 3403 342 3476 ⁵ερήτῃ
377 3418 471 3454 σου
523 3399 803 3470 πείσθητι·
855 3399 1006 3468 λέγει
1043 3398 1184 3467 γάρ·
1221 3415 1239 3447 ι
1290 3397 1400 3450 Καὶ
1434 3395 1762 3449 ἀκούσονται

188 3496 254 3548 ἐν
287 3496 352 3563 τῇ
403 3492 588 3564 ἡμέρᾳ
632 3492 819 3562 ἐκείνῃ
878 3489 1057 3558 κωφοὶ
1098 3489 1293 3557 λόγους
1325 3486 1554 3557 βιϐλίου,
1588 3485 1683 3538 καὶ
1713 3484 1762 3536 οἱ

187 3592 255 3643 ὲν
295 3587 376 3658 τῷ
421 3587 625 3651 σκότει,
666 3585 761 3638 καί
791 3585 841 3636 οἱ
870 3585 926 3638 ὲν
976 3584 1044 3653 τῇ
1094 3580 1295 3652 ὁμίχλῃ
1350 3577 1621 3647 ὀφθαλμοὶ
1664 3593 1761 3628 τυ·

186 3680 343 3750 φλῶν
372 3679 615 3749 δψονται.
653 3695 674 3729 ι
711 3676 884 3747 Δῆλον
920 3670 1014 3731 οὖν
1040 3672 1311 3737 ἐντεῦθεν,
1366 3671 1441 3734 ὡς
1502 3670 1563 3735 ἐξ
1610 3669 1764 3739 ὑμῶν

190 3771 300 3843 μὲν
340 3770 448 3823 τῶν
485 3767 761 3822 Ἰουδαίων
797 3768 831 3839 ἡ
870 3766 1075 3835 γνῶσις
1133 3764 1368 3834 ἀπέστη⁹
1427 3762 1497 3816 τὰ
1550 3761 1609 3814 δὲ
1660 3778 1765 3813 κω-

186 3864 431 3934 φεύοντα
482 3862 613 3927 ἔθνη
645 3863 745 3915 καὶ
773 3860 978 3930 ἀνόητα
1007 3858 1256 3921 νοοῦντες
1309 3859 1370 3910 ὲν
1425 3853 1628 3923 γνώσει
1667 3850 1763 3906 τοῦ

184 3956 363 4026 νόμου
392 3954 701 4023 γεγόνασιν·
758 3969 777 4003 ι
818 3945 935 4016 Οἷς,
972 3948 1080 4020 γάρ
1117 3962 1305 4020 φησιν,
1356 3946 1455 4000 οὐκ
1499 3944 1766 4014 ἀνηγγέλη

185 4047 289 4119 θη,
324 4047 454 4116 περὶ
494 4044 630 4115 ἐμοῦ
660 4044 906 4114 ὄψονται,
940 4042 1035 4097 καὶ
1067 4040 1117 4095 οἳ
1147 4043 1247 4095 οὐκ
1280 4041 1603 4111 ἀκηκόασιν.
1645 4055 1664 4088 ι
1702 4037 1765 4090 El

181 4141 305 4211 γὰρ
339 4139 433 4192 καὶ
458 4137 807 4209 πρωτότοκος
832 4136 948 4198 υίὸς
989 4133 1234 4206 Ἰσραὴλ,
1269 4134 1321 4187 εί
1380 4132 1479 4194 τὰς
1519 4133 1764 4198 ἐπαγγε-

180 4230 311 4292 λίας
336 4228 553 4298 πρῶτος
580 4226 821 4292 ἐδέξατο,
865 4225 982 4278 ἀλλ’
1020 4225 1095 4287 ὡς
1127 4222 1467 4293 πατραλοίας
1525 4221 1767 4290 ὲκκήρυ-

181 4340 322 4386 κτος
369 4322 585 4390 γέγονε,
647 4317 951 4375 κάντεῦθεν
1000 4319 1030 4370 ὁ
1079 4316 1267 4380 ἄθλιος
1311 4314 1421 4369 τῶν
1470 4313 1566 4367 τοῦ
1627 4310 1764 4365 Θεοῦ

178 4414 415 4484 δωρεῶν
440 4413 665 4475 δικαίως
689 4410 1073 4465 ἐκπέπτωκεν·
1099 4408 1187 4477 ἐφ’
1216 4402 1260 4477 ᾧ
1314 4409 1411 4462 καὶ
1462 4404 1766 4470 ταλανίζων

1863 1921 1991 1977 bros
2042 1924 2335 1991 pervolvis,
2373 1925 2580 1978 nullum
2639 1926 2786 1979 enim
2849 1925 2942 1979 tibi
3011 1925 3139 1979 inde
3200 1929 3436 1981 lucrum.

1862 2013 2085 2069 Librum
2116 2016 2304 2085 sigillis
2332 2018 2605 2071 munitum
2642 2034 2805 2072 nemo
2840 2020 2971 2089 legit
3004 2037 3266 2087 unquam.
3295 2021 3437 2088 Quid

1864 2109 2045 2163 adhuc
2076 2123 2204 2177 ergo
2235 2110 2419 2163 sciens
2454 2111 2774 2180 tibimetipsi
2810 2112 3035 2165 illudis?
3066 2113 3238 2167 Nosce
3267 2124 3320 2168 et
3346 2114 3439 2183 qui

1864 2200 1961 2266 sis,
1992 2209 2044 2254 et
2073 2201 2127 2253 in
2162 2217 2327 2270 quam
2376 2202 2749 2257 calamitatem
2787 2204 3083 2270 incideris;
3120 2207 3360 2277 intelligt:
3409 2223 3439 2262 a

1866 2298 1917 2344 te
1948 2301 2147 2360 praeter
2174 2292 2277 2345 alia
2310 2293 2491 2361 ipsqu
2522 2309 2741 2362 quoque
2768 2294 3009 2349 ablatum
3053 2296 3221 2352 fuisse
3252 2300 3445 2367 cogni-

1864 2384 2029 2439 tionis
2066 2385 2406 2439 thesaurum.
2466 2386 2653 2455 Neque
2704 2402 2824 2441 mea
2890 2389 3055 2441 verba
3102 2389 3216 2443 lucc
3274 2398 3439 2455 sunt;

1866 2474 2033 2529 Isaias
2058 2484 2181 2528 tuus
2211 2474 2432 2529 disertis
2461 2476 2648 2544 utique
2679 2477 2861 2532 verbis
2892 2480 2957 2532 ad
2994 2487 3045 2532 te
3073 2479 3272 2533 clamat
3300 2498 3312 2533 :
3347 2481 3446 2535 «Et

1866 2578 2030 2623 erunt
2064 2568 2219 2622 vobis
2272 2568 2387 2621 ι]ωο
2443 2570 2611 2622 verba
2665 2570 2741 2623 uti
2784 2585 3070 2627 sermones
3124 2572 3244 2626 libri
3300 2573 3447 2626 obsi-

1864 2660 2035 2731 gnati.
2065 2679 2084 2711 ι
2120 2661 2521 2731 lmpinguatum
2561 2662 2767 2716 etenim
2798 2674 2883 2717 est
2913 2678 3007 2717 cor
3042 2675 3218 2728 tuum,
3256 2665 3444 2733 gravi-

1867 2760 1949 2806 ter
2005 2753 2231 2805 auribus
2283 2753 2510 2816 audisti,
2542 2763 2597 2807 et
2634 2755 2776 2809 ultro
2841 2757 3031 2810 oculos
3079 2756 3446 2829 clausisti.Et

1870 2844 1964 2898 tibi
2018 2844 2262 2912 quidem,
2288 2843 2416 2897 olim
2474 2845 2800 2915 intelligenti
2856 2858 2911 2900 et
2966 2848 3226 2915 Sapienti,
3258 2848 3443 2904 divina

1867 2933 2109 3002 cognitio
2132 2933 2417 3002 obsignata
2457 2935 2590 2999 fuit;
2619 2937 2777 2991 nobis
2811 2953 2960 3000 vero,
2990 2955 3095 2991 nou
3127 2942 3442 3009 intelligen-

1868 3024 2012 3079 tibus
2073 3025 2410 3086 nationibus,
2446 3026 2761 3081 outnitnode
2826 3030 3091 3095 explicata
3162 3030 3283 3085 luit.
3330 3032 3442 3086 Nec

1868 3114 2121 3181 mireris;
2154 3130 2254 3170 nos
2285 3116 2433 3171 enim
2464 3117 2797 3182 audivimus,
2832 3135 2935 3172 nos
2966 3121 3131 3174 etiam
3185 3124 3441 3188 vidimus,

1870 3222 1972 3263 nos
2029 3209 2400 3264 intelleximus
2454 3220 2508 3265 ct
2566 3214 2851 3265 veritatem
2920 3215 3196 3268 novimus.
3254 3218 3330 3269 Ac
3388 3218 3444 3271 ni

1869 3301 2049 3357 credis
2083 3300 2192 3370 jam
2224 3300 2401 3366 dictis,
2439 3302 2538 3369 ipsi
2595 3311 2689 3355 tuo
2746 3318 2937 3357 rursus
2992 3307 3273 3373 propheta:
3325 3322 3449 3361 cre-

1869 3393 2004 3457 das;
2040 3391 2170 3447 dicit
2197 3391 2343 3445 enim
2370 3408 2383 3444 :
2426 3412 2443 3443 ι
2475 3391 2539 3446 Et
2568 3393 2791 3446 audient
2821 3394 2872 3446 in
2897 3394 2987 3447 die
3018 3395 3105 3447 illa
3145 3397 3293 3450 Burtli
3324 3412 3445 3451 ser-

1872 3498 2061 3537 mones
2106 3482 2253 3547 libri,
2293 3494 2349 3536 et
2395 3484 2543 3537 oculi
2610 3499 2901 3544 ca‘corum.
2931 3486 3020 3555 qui
3091 3488 3144 3541 iu
3209 3490 3450 3544 tenebris

1870 3583 2000 3630 sunt
2028 3584 2083 3629 et
2111 3574 2165 3628 iu
2192 3575 2425 3647 caligine
2457 3577 2739 3631 videbunt.
2776 3596 2794 3628 ι
2829 3576 2982 3633 Patet
3014 3581 3176 3650 igitur
3220 3582 3364 3648 quod
3418 3598 3448 3637 a

1873 3667 2026 3721 vobis
2057 3668 2278 3736 quidem
2330 3669 2536 3724 Iuda-is
2595 3671 2839 3741 cognitio
2885 3673 3153 3737 recessit;
3199 3676 3448 3730 nationes

1871 3771 2000 3813 vero
2048 3769 2211 3812 antea
2255 3758 2483 3815 hebetes
2548 3769 2603 3816 et
2666 3761 2993 3830 insipientes
3025 3763 3079 3815 in
3114 3763 3248 3833 legis
3292 3767 3448 3836 agnis

1873 3850 2022 3905 tione
2044 3851 2345 3921 prudentes
2375 3850 2532 3907 factae
2564 3864 2718 3908 sunt.
2764 3871 2782 3904 ι
2812 3853 3023 3919 Quibus
3053 3856 3199 3909 enim
3232 3857 3347 3927 (ait)
3380 3859 3448 3913 de

1873 3960 1959 3998 me
1992 3959 2100 3999 non
2126 3951 2209 3999 est
2260 3946 2596 4010 nuntiatum,
2625 3956 2679 4000 et
2713 3946 2806 4016 qui
2847 3963 2956 4003 non
2997 3948 3312 4015 audierunt,
3343 3952 3445 4020 ipsi

1871 4035 2199 4091 videbunt.»
2266 4033 2671 4109 Primogenitus
2711 4054 2843 4095 sane
2900 4040 3044 4097 ﬁlius
3104 4040 3267 4097 Israel
3320 4043 3444 4108 fuit,

1870 4127 2274 4197 promissiones
2309 4129 2520 4199 primus
2581 4130 2815 4201 accepit,
2845 4148 3033 4188 verum
3066 4144 3127 4187 ut
3177 4134 3447 4204 parricida

1870 4221 2023 4275 exsul
2056 4220 2229 4276 factus
2274 4223 2375 4287 esi,
2405 4232 2567 4292 atque
2598 4225 2800 4279 exinde
2856 4226 3045 4280 infelix
3081 4243 3109 4281 a
3150 4227 3310 4282 donis
3354 4228 3447 4283 Dei

1872 4314 2068 4368 merito
2100 4314 2341 4377 excidit;
2376 4330 2546 4384 quare
2592 4317 2991 4371 commiserans
3035 4333 3130 4371 eos
3180 4322 3446 4388 propin-ta

1872 4403 2128 4458 dicebat:
2169 4424 2187 4456 ι
2223 4405 2427 4459 Divites
2468 4421 2740 4474 pauperes
2786 4407 2929 4461 .faeti
2979 4421 3108 4462 sunt
3156 4421 3210 4463 et
3240 4412 3451 4464 esurie—

177 4507 394 4569 αὐτοὺς
424 4507 450 4559 ό
483 4505 774 4576 προφήτης
815 4504 1024 4573 ἔλεγενο
1056 4521 1076 4555 ι
1106 4500 1363 4555 Πλούσιοι
1414 4501 1759 4571 ὲπτὼχευσαν

1874 4504 2022 4550 runt.
2048 4513 2067 4547 ι
2104 4493 2169 4549 Et
2221 4496 2417 4551 merito
2456 4511 2609 4563 sane,
2646 4513 2843 4566 panem
2872 4499 3018 4551 enim
3077 4499 3195 4553 vit-.e
3252 4501 3444 4555 interi—

177 4599 288 4653 καὶ
317 4598 634 4653 ἐπείνασαν.
671 4617 690 4651 ι
750 4598 861 4652 Καὶ
887 4597 1139 4660 είκότωςο
1170 4596 1264 4650 τδν
1293 4595 1401 4665 γὰρ
1448 4592 1614 4664 ἄρτον
1664 4591 1765 4660 τῆς

175 4688 343 4759 ζωῆς
398 4689 846 4753 ἀποκτείναντες,
882 4687 1046 4759 πείνῃ
1079 4686 1321 4754 διηνεκεῖ
1340 4680 1769 4752 συνεσχέθησαν.

175 4781 416 4851 Μηκέτι
464 4778 655 4832 λοιπὸν
695 4778 795 4848 τῆς
848 4776 1088 4840 παλαιᾶς
1138 4771 1422 4827 ἀντιποιοῦ
1483 4770 1655 4840 τιμῆς
1708 4783 1770 4821 τε

177 4874 288 4927 καὶ
322 4871 555 4937 τάξεως·
581 4868 795 4923 ἐκεῖθεν
826 4868 934 4939 γὰρ
979 4866 1341 4930 ἐκπεσόντας,
1394 4862 1650 4934 καθάπερ
1691 4862 1771 4915 εῐ-

176 4980 397 5033 πομεν,
431 4960 761 5014 ἐπανελθεῖν
789 4956 948 5023 αὖθις
972 4945 1278 5030 ἀμήχανον.
1324 4958 1384 5009 '0
1415 4955 1555 5009 Κάῑν
1617 4971 1771 5025 πρω-

173 5056 420 5115 τότοκος
448 5050 540 5126 ἦν,
568 5052 686 5107 ἀλλ’
710 5053 864 5106 οὐδὲν
894 5051 1146 5105 ἐντεῦθεν
1192 5050 1471 5105 ἀπώνατο·
1517 5047 1605 5102 διὰ
1664 5048 1773 5117 γὰρ

172 5146 249 5199 τὸ
289 5144 389 5199 τοῦ
423 5144 592 5199 Ἀὃελ
620 5140 759 5214 αἷμα
789 5144 886 5196 καὶ
918 5143 1010 5196 τὸν
1055 5142 1242 5195 ἄδικον
1283 5141 1467 5210 φόνον,
1524 5138 1584 5190 ὃν
1614 5136 1772 5191 eam

176 5236 322 5291 κατ’
353 5234 542 5301 αὐτοῦ,
578 5233 741 5304 ἐξέϐη
766 5249 827 5287 τε
885 5232 998 5288 ἀπὸ
1028 5232 1326 5300 προσώπου
1362 5228 1524 5293 Θεοῦ,
1558 5227 1649 5281 καὶ
1702 5222 1773 5297 ἢν

175 5329 387 5382 ἔκτοτε
439 5327 643 5382 στένων
683 5327 779 5380 καὶ
810 5324 1033 5396 τρέμων
1062 5322 1167 5378 ἀνὰ
1207 5322 1389 5375 πᾶσαν
1457 5320 1624 5373 αὑτοῦ
1673 5318 1773 5387 τὴν

174 5426 370 5494 ζωήν.
402 5418 844 5494 Πρωτότοκοςςῆν
869 5424 896 5475 ὁ
917 5418 1144 5482 Ἠσαοῦ,
1172 5418 1311 5471 ἀλλὰ
1341 5418 1432 5470 διὰ
1472 5416 1573 5486 τὴν
1604 5412 1772 5467 αὑτοῦ

174 5518 410 5571 κακίαν
462 5515 558 5569 καὶ
592 5513 906 5584 ἀπληστίαν
943 5512 1087 5568 αὑτά
1132 5526 1193 5563 τε
1241 5509 1570 5578 πρωτότοκα
1605 5503 1774 5575 προῦ-

170 5610 343 5663 δωκε
366 5605 467 5661 καὶ
497 5605 600 5675 τῆς
626 5603 876 5673 εὐλογίας
923 5602 1275 5659 ὲκπέπτωκε.
1328 5597 1520 5653 Ταῦτα
1557 5597 1656 5667 μὲν
1678 5591 1773 5650 οὖν

172 5699 293 5753 καὶ
323 5698 395 5754 τὰ
418 5696 648 5752 τοιαῦτα
677 5695 913 5751 πειθέτω
940 5697 1037 5751 καί
1069 5712 1130 5749 σε
1154 5694 1248 5748 τὸν
1295 5693 1644 5764 πρωτότοκον
1679 5686 1772 5742 καὶ

168 5792 409 5849 ἄκοντα
449 5789 703 5863 στέργειν
737 5790 834 5862 τὴν
859 5790 1173 5864 έκπτωσιν,
1206 5787 1299 5843 καὶ
1326 5784 1406 5858 μὴ
1428 5784 1498 5840 τὰ
1526 5782 1773 5853 πρωτεῖα

1871 4593 2082 4641 mentes
2117 4593 2381 4655 perpetua
2421 4584 2567 4640 fame
2630 4595 2759 4641 sunt
2792 4586 3052 4641 devincti.
3087 4587 3164 4641 Ne
3212 4590 3446 4657 amplius

1871 4676 2055 4747 itaque
2086 4678 2370 4745 antiquum
2415 4686 2471 4732 et
2499 4678 2730 4749 gradum
2773 4689 2826 4732 et
2854 4680 3119 4732 honorem
3165 4680 3445 4744 viud:ces;

1872 4769 1997 4824 inde
2022 4770 2168 4824 enim
2226 4770 2448 4839 elapsis,
2479 4780 2668 4841 utpote
2717 4771 2975 4835 diximus,
3011 4772 3157 4825 nulla
3208 4776 3449 4842 Stlppelil.

1873 4863 2015 4917 ratio
2045 4871 2105 4917 ut
2133 4864 2262 4917 illuc
2289 4864 2538 4918 redeant.
2566 4865 2702 4917 Cain
2758 4864 3160 4932 primogenitus
3206 4876 3342 4929 erat,
3373 4868 3449 4920 nil

1875 4966 2059 5011 tamen
2108 4956 2184 5010 illi
2230 4956 2285 5011 id
2312 4956 2551 5026 profuit;
2583 4958 2788 5012 etenim
2844 4968 3065 5027 prepter
3124 4962 3447 5030 sanguinem

1874 5050 2062 5104 Abelis
2096 5056 2150 5104 et
2221 5049 2488 5118 iniustum
2540 5051 2897 5105 homicidium
2957 5054 3100 5122 quod
3162 5055 3214 5108 in
3271 5056 3447 5124 ipsum

1874 5144 2132 5210 patravit,
2158 5150 2214 5195 et
2240 5156 2269 5194 a
2300 5140 2443 5195 facie
2475 5140 2566 5194 Dei
2602 5143 2853 5209 recessit,
2876 5154 2931 5197 et
2981 5162 3047 5198 ex
3098 5161 3165 5200 eo
3202 5154 3449 5214 tempore

1875 5247 2099 5303 gemens
2147 5232 2484 5302 pavidusque
2512 5231 2694 5290 lactus
2721 5244 2807 5290 est
2856 5235 2912 5290 in
2965 5239 3113 5292 omni
3166 5239 3293 5293 vita.
3329 5236 3447 5288 Pni-

1875 5325 2184 5395 mogenitus
2217 5333 2338 5379 erat
2362 5323 2528 5391 Esau,
2561 5340 2752 5379 verum
2787 5336 3013 5397 pr0pter
3044 5342 3199 5382 suam
3245 5328 3443 5394 impro-

1875 5414 2103 5469 bitatem
2164 5421 2221 5466 et
2272 5412 2565 5482 ingluviem
2621 5424 2680 5470 et
2736 5402 2853 5486 ipsa
2920 5417 3266 5487 primugcnili
3326 5418 3449 5483 jura

1875 5506 2143 5568 vendidit,
2175 5514 2230 5559 et
2267 5521 2297 5560 a
2324 5507 2710 5563 benedictione
2763 5510 2988 5564 decidit.
3020 5510 3144 5562 llzee
3201 5509 3363 5578 igitur
3394 5520 3450 5563 et

1875 5598 1963 5653 his
1981 5597 2177 5653 similia
2210 5598 2431 5668 quidem
2480 5601 2943 5667 animadvertens,
2983 5601 3366 5669 persuadeat-is
3395 5612 3451 5656 et

1878 5702 1933 5747 tu
1981 5690 2378 5761 primogenitus
2432 5693 2518 5748 vel
2605 5694 2812 5750 invitus
2864 5693 3217 5762 acquiescere
3272 5695 3448 5763 casui,
3540 5685 3543 5688 ’

1878 5801 2060 5858 neque
2093 5786 2319 5858 antiqua
2352 5786 2406 5843 in
2453 5788 2777 5845 memoriam
2833 5801 3114 5844 revocare.
3150 5788 3229 5845 Ne
3287 5787 3453 5860 igitur
