3838 6226
161 307 262 370 89'!
1499 310 1862 370 EPISTOLA
1906 311 2024 374 XV.
3312 320 3418 382 8‘18

162 427 307 479 οὕτω
331 427 576 497 ποιῶμεν
607 430 714 497 ἀεὶ,
748 431 841 485 ἐὰν
881 431 1023 486 οὕτω
1058 431 1155 500 τὴν
1207 428 1387 500 ψυχὴν
1440 427 1600 499 ἡμῶν
1633 425 1720 480 αὕ-

1844 435 1994 484 turos
2035 429 2086 482 in
2117 429 2335 487 Christo
2361 431 2490 488 Jesu
2533 433 2759 490 Domino
2792 445 3004 502 nostro,
3038 436 3124 492 cui
3159 435 3326 508 gloria
3363 441 3414 490 in

159 523 302 573 λακα
340 523 654 591 τέμνωμεν,
678 525 775 579 καὶ
798 524 1025 579 τοιαῦτα
1059 523 1355 592 σπέρματα
1406 519 1720 574 καταϐάλω-

1837 520 2053 575 εαιοιιιο.
2086 521 2282 578 Amen.

162 630 282 683 μεν,
321 613 618 686 θαρρῶμεν
644 617 726 671 ὅτι
754 621 850 671 καὶ
886 619 1102 689 καρπὸν
1129 613 1372 685 ἀνδρῷον
1396 613 1742 684 κομισόμεθα
1782 613 1840 666 ἐν
1893 615 2118 686 Χριστῷ
2163 615 2340 687 Ἰησοῦ
2389 615 2466 689 τῷ
2518 617 2708 690 Κυρίῳ
2741 618 2918 692 ἡμῶν,
2960 617 3004 693 ᾧ
3039 625 3073 694 ὴ
3149 625 3274 694 δόξα
3329 631 3410 691 εἰς

156 713 284 775 τοὺς
311 711 540 777 αιῶνας.
581 712 778 785 Ἀμήν.

2380 851 2714 911 EPlSTOLA
2755 857 2871 914 XV.

1845 970 2298 1046 Ven_erandir_simo
2334 971 2386 1024 in
2422 971 2645 1046 Domino
2677 975 2836 1046 fratri
2865 977 3050 1030 domno
3072 977 3265 1034 Joanm‘
3299 981 3417 1035 Tri-

1908 1040 2116 1120 rltw.—
2143 1041 2571 1120 Quonam‘tnodo
2597 1040 3088 1120 sit'intelligettdum
3117 1050 3248 1104 illud
3279 1056 3418 1120 quod

1904 1112 1957 1163 in
2003 1112 2322 1184 Apocalypsi
2373 1112 2536 1184 divini
2569 1112 2904 1184 evangelistt'e
2942 1117 3165 1172 Joannis
3214 1112 3416 1174 inueni-

1906 1197 2020 1234 mus
2051 1197 2098 1254 :_
2125 1201 2142 1234 ι
2175 1181 2292 1235 Vidi
2323 1183 2509 1236 caelum
2541 1181 2727 1239 novam}
2787 1194 2837 1240 et
2884 1195 3084 1243 terram
3125 1205 3333 1254 novam,
3369 1201 3418 1245 et

1899 1268 2049 1305 mare
2071 1252 2194 1322 jam
2234 1269 2337 1306 non
2364 1264 2460 1308 est.
2498 1272 2516 1306 ι

680 845 1022 914 summa
1083 862 1159 914 ιε’
1203 864 1300 932 (l).

161 969 269 1040 Τῷ
291 975 776 1042 πανεντιμοτὰτφ
806 977 906 1031 καί
953 977 1023 1030 ἐν
1057 977 1251 1046 Κυρίῳ
1290 977 1460 1046 ἡμῶν
1484 976 1729 1046 ἀδελφῷ

225 1045 386 1097 amoti)
431 1044 679 1097 Ἰωάννη
736 1047 817 1097 τῶ
879 1045 1164 1097 Τοινᾶ.-
1205 1047 1338 1097 Πῶρ
1367 1047 1621 1097 νοητέον
1659 1047 1726 1097 τὸ

225 1047 386 1113 κυρῷ
431 1047 679 1112 Ἰωάννῃ
736 1047 817 1110 τῷ
879 1047 1164 1116 Τριχᾷ.-
1205 1047 1338 1112 Πῶς
1367 1047 1621 1112 νοητέον
1659 1047 1725 1100 τὸ

222 1116 294 1168 ἐν
338 1114 410 1186 τῇ
443 1115 847 1186 Ἀποκαλύψει
896 1117 1006 1170 τοῦ
1070 1119 1372 1186 Θεολόγου
1420 1118 1725 1186 εὐαγγελι-

220 1185 374 1238 στοῦ
400 1185 690 1239 Ἰωάννου
723 1188 1160 1254 εὑρισκόμενον
1182 1203 1194 1216 ’
1229 1185 1444 1242 «Εἶδον
1466 1188 1728 1255 οὐρανὸν

224 1255 442 1308 καινὸν
492 1258 591 1308 καὶ
628 1256 744 1326 γῆν
792 1257 1035 1324 καινὴν,
1065 1257 1163 1310 καί
1202 1259 1241 1327 ἡ
1296 1257 1582 1313 θάλασσα
1614 1259 1727 1311 οὐκ

221 1327 398 1379 ἐστιν
429 1325 538 1379 ἔτι.
578 1343 598 1378 ι

233 1463 455 1529 ἰστέον,
482 1464 584 1539 γὸτι
635 1463 692 1517 ὲν
739 1464 1024 1536 ἑξηκοστῷ
1060 1465 1299 1537 πέμπτῳ
1330 1466 1616 1538 κεφαλαίῳ
1647 1467 1722 1538 (‘2)

148 1553 249 1625 τῆς
305 1555 735 1626 Ἀποκαλύψεως
794 1557 886 1610 τοῦ
959 1557 1350 1626 εὐαγγελιστοῦ
1420 1557 1514 1613 καὶ
1573 1557 1720 1612 Θείου

162 1649 408 1703 Ἰωάννου
445 1651 540 1703 καὶ
568 1650 693 1703 τάδε
741 1649 1068 1720 διείληπται’
1094 1649 1278 1707 Εἶδον
1310 1652 1574 1720 οὐρανὸν
1595 1668 1721 1705 και-

1905 1453 2058 1510 Scire
2094 1471 2321 1512 necesse
2373 1467 2476 1524 est,
2533 1461 2674 1530 quod
2736 1462 2790 1516 in
2844 1465 3022 1535 capite
3081 1470 3419 1539 sexagesimo

1831 1545 2027 1614 quinto
2056 1547 2406 1620 Apocalypsis
2433 1551 2576 1607 beati
2605 1551 2834 1610 Joannis
2864 1559 3212 1629 evangelista:
3251 1563 3264 1593 '
3303 1565 3419 1619 lucc

1829 1637 1993 1693 etiam
2026 1642 2418 1710 reperiuntur:
2454 1662 2472 1696 t
2509 1645 2626 1701 Vidi
2661 1649 2860 1703 coelum
2895 1665 3094 1706 novum
3130 1662 3184 1708 et
3215 1663 3414 1709 terram

147 1741 259 1795 νὸν
298 1741 397 1794 καὶ
441 1741 561 1810 τῆν
585 1741 828 1809 καινὴν,
861 1742 960 1796 καί
1005 1744 1044 1812 ἡ
1091 1743 1376 1798 θάλασσα
1409 1745 1520 1797 οὐκ
1551 1742 1720 1797 ἔστιν

1836 1745 2052 1800 novam,
2087 1741 2142 1787 et
2186 1750 2338 1791 mare.
2365 1735 2475 1806 jam
2514 1753 2624 1793 non
2657 1748 2798 1796 est.»
2835 1744 3090 1799 Animum
3131 1747 3294 1818 igitur
3323 1750 3420 1804 ad-

145 1834 253 1888 ἔτι.
288 1834 534 1904 Πρόσεχε
587 1833 704 1889 οὖν.
742 1834 865 1886 Ἐπὶ
912 1835 1009 1904 μὲν
1055 1835 1164 1906 γὰρ
1214 1833 1441 1904 οὐρανοῦ
1485 1836 1580 1888 καὶ
1613 1833 1716 1902 γῆς

148 1926 250 1979 οὐκ
283 1926 625 1998 ἀνυπαρξίαν
650 1927 930 1996 ἐνέφηνεν,
960 1927 1074 1980 ἀλλ’
1109 1927 1503 1996 ἀνακαινισμδν
1540 1928 1633 1980 ἐπὶ
1656 1925 1718 1979 τὸ

150 2015 359 2087 βέλτιον
387 2020 413 2071 6
445 2018 600 2087 λόγος
642 2018 1056 2090 ὑπεσημήνατο.
1103 2020 1259 2073 Κατὰ
1307 2020 1416 2088 γὰρ
1447 2019 1538 2072 τὸν
1570 2018 1719 2089 πάμ-

153 2127 327 2178 μεγαν
361 2108 596 2178 Παῦλον,
631 2112 726 2165 καὶ
763 2113 902 2182 αὑτὴ
936 2113 970 2184 ή
1007 2112 1188 2177 κτίσις
1213 2111 1716 2183 ἐλευθερωθήσεται

148 2201 254 2255 ἀπὸ
283 2201 382 2271 τῆς
408 2201 656 2266 δουλείας
689 2202 790 2272 τῆς
823 2204 1026 2271 φθορᾶς
1053 2204 1131 2267 εἰς
1154 2203 1252 2274 τὴν
1275 2203 1590 2274 ἐλευθερίαν
1619 2203 1718 2273 τῆς

148 2292 307 2362 δόξης
333 2293 443 2347 τῶν
475 2295 681 2347 τέκνων
710 2294 805 2347 τοῦ
831 2293 991 2352 Θεοῦ.
1023 2296 1130 2349 Καὶ
1160 2297 1188 2350 6
1227 2295 1366 2359 Θεῖος
1397 2295 1452 2348 δὲ
1485 2293 1718 2362 μελῳδὸς

147 2385 292 2439 οὕτω
329 2386 456 2457 περὶ
504 2386 613 2439 τῶν
653 2387 899 2458 οὐρανῶν
923 2386 1152 2457 εὓρηται
1183 2387 1358 2456 λέγων
1379 2403 1393 2418 ο
1422 2403 1439 2437 t
1491 2384 1718 2449 Ἐλίξεις

149 2479 371 2545 αὐτοὺς,
399 2479 493 2532 καὶ
519 2479 941 2550 ἀλλαγήσονται.
977 2501 993 2533 ι
1023 2482 1095 2534 Τὸ
1122 2483 1230 2550 γὰρ
1256 2478 1564 2534 παλαιωθέν
1593 2479 1722 2532 ἀνα-

152 2575 534 2644 καινιζὸμενον
588 2574 648 2627 οὐ
696 2576 796 2644 τῆς
844 2575 1034 2638 οὐσίας
1081 2574 1413 2644 ἀφανισμὸν,
1451 2573 1585 2627 ἀλλὰ
1625 2572 1718 2626 τοῦ

149 2667 333 2738 γήρως
370 2667 464 2719 καὶ
506 2666 613 2720 τῶν
650 2666 879 2738 ῥυτίδων
912 2667 1222 2737 ἐπιδέχεται
1289 2671 1389 2737 τὴν
1439 2665 1718 2733 ἀπόξεσιν.

153 2763 259 2814 Καὶ
286 2759 430 2813 οὕτω
476 2759 574 2828 μὲν
603 2761 778 2813 εἰπεῖν
809 2758 1008 2828 ἔφθασε
1041 2761 1167 2830 περὶ
1203 2759 1436 2830 οὐρανοῦ
1468 2761 1562 2813 καὶ
1591 2758 1716 2829 γῆς.

150 2851 277 2920 περὶ
324 2851 380 2902 δὲ
427 2851 526 2918 τῆς
577 2851 853 2921 Θαλάσσης
918 2851 1017 2920 οὐχ
1056 2851 1252 2916 οὕτως,
1287 2851 1424 2905 ἀλλά
1495 2851 1580 2915 τί;
1613 2849 1720 2904 lt'al

148 2946 184 3012 ἡ
215 2943 502 2999 θάλασσα
531 2945 643 2998 οὐκ
693 2944 865 2997 ἐστιν
909 2945 1018 2997 ἐτι.
1049 2943 1144 3004 Τίς
1183 2945 1290 3014 γὰρ
1325 2943 1486 3014 χρεία
1522 2941 1717 2996 Θαλάσ-

150 3054 271 3108 σης,
303 3036 378 3107 μὴ
409 3036 679 3105 δεομένων
711 3034 1016 3108 ἀνθρώπων
1042 3035 1136 3088 τοῦ
1171 3035 1327 3089 πλεῖν
1363 3034 1554 3105 αὐτὴν,
1580 3035 1612 3103 ἢ
1653 3034 1720 3088 δι’

147 3129 317 3198 αὐτῆς
373 3127 696 3200 πορίζεσθαι
746 3129 815 3182 τὰ
866 3130 922 3181 ὲν
985 3130 1104 3192 ταῖς
1159 3129 1381 3198 μακρὰν
1437 3128 1720 3198 κειμέναις

146 3221 356 3294 χώραις
403 3221 802 3291 γεωργούμενα
851 3221 1148 3290 ἁγώγιμας
1193 3221 1483 3274 Πιστοῦται
1518 3223 1722 3292 ταύτην

143 3316 242 3385 τὴν
271 3307 532 3368 ὑπόνοιαν
563 3317 655 3367 καὶ
685 3317 714 3368 6
753 3315 926 3385 μέγας
958 3315 1257 3380 Βασίλειος,
1289 3314 1584 3384 προφέρων
1620 3315 1718 3384 τὴν

144 3408 235 3461 τοῦ
273 3407 500 3461 Ἡσαΐου
536 3408 698 3478 ῥῆσιν
747 3408 847 3477 τὴν
912 3407 1216 3475 λέγουσαν·
1292 3405 1354 3459 '0
1406 3407 1600 3476 λέγων
1648 3406 1721 3475 τῇ

144 3499 426 3564 ἁϐύσσῳ,
481 3497 876 3568 Ἐρημωθήσῃ
905 3537 918 3562 ,
957 3498 1055 3551 καὶ
1091 3497 1322 3564 πάντας
1353 3499 1494 3564 τοὺς
1542 3515 1722 3554 ποτα-

139 3594 305 3663 μούς
331 3609 447 3647 σου
481 3589 741 3660 ξηρανῶ.
773 3593 883 3647 Καὶ
933 3591 1077 3645 οὓτω
1113 3592 1212 3661 μὲν
1259 3594 1308 3645 οἱ
1337 3593 1404 3646 τὰ
1431 3592 1528 3663 τῆς
1557 3593 1722 3646 Ἀπο-

143 3683 437 3753 καλύψεως
474 3682 902 3754 ὲπεξηγούμενοι
932 3680 1050 3760 θεῖα
1075 3683 1236 3753 ῥητά·
1280 3685 1308 3736 6
1343 3683 1402 3737 δέ
1455 3701 1516 3752 γε
1550 3688 1724 3754 μέγας

140 3777 433 3839 Βασίλειος
483 3777 540 3830 έν
591 3779 656 3847 τῇ
708 3776 789 3839 εἰς
822 3773 920 3846 τὴν
963 3775 1302 3846 Ἐξαήμερον
1351 3777 1511 3846 τρίτῃ
1557 3777 1720 3830 αὑτοῦ

137 3871 337 3942 ὁμιλίᾳ
359 3869 743 3941 ἀριδηλότερον
770 3867 862 3923 τὸν
893 3870 1022 3938 περὶ
1046 3868 1240 3921 τούτου
1278 3867 1436 3937 λόγον
1469 3871 1718 3933 ποιεῖται,

136 3966 238 4017 καὶ
293 3961 436 4017 οὕτω
479 3962 634 4032 φησί’
667 3963 818 4015 Διατί
861 3965 954 4016 καὶ
990 3962 1135 4027 τίνος
1169 3961 1357 4014 ἕνεκεν
1394 3963 1420 4015 6
1471 3962 1574 4032 τῆς
1600 3961 1722 4016 καθ’

135 4058 294 4127 ἡμᾶς
321 4055 653 4126 οἰκουμένης
680 4055 844 4117 τόπος
892 4053 1051 4108 ὕδατι
1104 4053 1521 4124 περιείληπται,
1561 4055 1724 4107 πελὰ-

134 4148 268 4217 γεσί
292 4165 354 4202 τε
395 4148 654 4211 ἀπλέτοις
683 4145 1048 4216 ἐνδεδεμένος,
1080 4147 1178 4200 καὶ
1211 4146 1427 4217 μυρίοις
1455 4148 1724 4216 ποταμοῖς

132 4234 395 4303 ἀεννάοις
429 4241 774 4311 κατάρρυτος
801 4257 816 4307 ;
863 4241 960 4292 Διά
994 4241 1093 4309 τὴν
1125 4241 1372 4310 ’ἄρρητον
1403 4239 1598 4307 σοφίαν
1627 4237 1722 4291 τοῦ

128 4337 238 4407 τὴν
269 4334 564 4389 ἀντίπαλον
594 4333 671 4402 τῷ
703 4335 842 4403 πυρὶ
907 4332 1070 4400 φύσιν
1118 4331 1555 4396 δυσεξανάλωτον
1583 4328 1720 4384 εῖναι

129 4427 638 4497 οἰκονομήσαντος.
677 4426 834 4498 ’ῌδει
866 4427 962 4478 καὶ
1004 4424 1110 4495 γὰρ
1155 4427 1182 4478 6
1209 4425 1308 4493 τῆς
1356 4425 1585 4487 κτίσεως
1755 4463 1798 4517 D

131 4519 432 4590 μιουργδς,
465 4519 590 4573 ὅσον
615 4521 864 4590 ἀφώρισε
896 4517 1091 4590 χρόνον
1138 4519 1203 4588 τῇ
1238 4517 1331 4570 τοῦ
1363 4518 1571 4589 κόσμου
1600 4515 1721 4570 τοῦ-

125 4616 186 4666 δε
223 4613 509 4677 συστάσει,
551 4613 646 4666 καὶ
671 4613 761 4667 διὰ
793 4612 949 4666 τοῦτο
975 4611 1244 4681 τοσαύτην
1272 4613 1479 4676 ἐκεῖνος
1507 4617 1721 4682 προαπ-

124 4708 299 4760 gesto
355 4705 434 4776 τῷ
496 4708 631 4776 πυρὶ
677 4707 947 4776 δαπάνην,
980 4705 1120 4758 ὥστε
1172 4704 1249 4774 μὴ
1296 4704 1720 4772 καταφρυγῆναι

121 4799 228 4850 καὶ
257 4797 369 4868 πρὸ
400 4798 594 4863 καιροῦ
624 4799 776 4852 τουτὶ
795 4799 854 4851 τὸ
887 4798 1167 4868 περίγειον
1218 4799 1281 4866 τῇ
1313 4796 1588 4865 ὑπερϐολῇ
1627 4796 1720 4848 τοῦ

123 4888 586 4959 θερμοῦ.”Εσται
647 4892 873 4962 μέντοι,
918 4891 1004 4943 ὅτε
1054 4891 1149 4942 καὶ
1192 4889 1369 4943 πάντα
1428 4889 1495 4941 τὰ
1553 4886 1721 4941 ὕδατα

122 4982 635 5052 καταφρυγὴσεται
663 4983 741 5052 τῷ
765 4984 920 5054 πυρὶ,
951 4983 1025 5047 ὥς
1054 5000 1222 5053 φησιν
1263 4982 1517 5046 Ἡσαΐας,
1550 4984 1607 5034 έν
1639 4977 1721 5045 οἷς

120 5073 280 5143 πρὸς
312 5073 403 5125 τὸν
442 5073 548 5126 τῶν
579 5076 716 5127 ὅλων
747 5077 880 5128 Θεὸν
911 5075 1258 5142 διαλέγεται·
1301 5076 1356 5128 '0
1403 5073 1598 5145 λέγων
1645 5074 1720 5144 τῇ

118 5167 417 5232 ἀϐύσσῳ,
462 5166 888 5238 Ἔρημωθήσῃ,
943 5167 1040 5221 καὶ
1074 5167 1308 5233 πάντας
1358 5165 1503 5232 τοὺς
1540 5182 1720 5220 ποῖαι

114 5259 297 5327 μούς
351 5275 470 5312 σου
532 5249 796 5329 ξηρανῶ.
840 5263 951 5315 Καὶ
1005 5260 1176 5314 ταῦτα
1223 5261 1410 5314 τοῦτον
1464 5263 1576 5330 ἔχει
1629 5263 1718 5314 τὸν

206 5445 223 5474 ³
271 5445 446 5514 Apoc.
482 5458 594 5507 ut,
639 5444 690 5496 l.

1828 1833 1980 1878 verte
2021 1842 2036 1879 :
2075 1827 2298 1884 minime
2333 1831 2480 1886 enim
2514 1833 2634 1886 θαιιὶ
2674 1844 2938 1906 terrzuquc
2977 1838 3414 1898 inexsistentiam

1827 1917 1915 1973 hic
1939 1917 2258 1983 declaravit.
2287 1922 2397 1979 imo
2424 1924 2477 1978 in
2509 1927 2704 1982 melius
2749 1927 3204 1987 instaurationem
3235 1950 3418 1993 sermo

1827 2011 1928 2066 iste
1963 2013 2196 2080 aperuit.
2231 2015 2478 2086 Namque
2499 2017 2654 2088 juxta
2683 2037 2934 2093 magnum
2964 2023 3188 2081 Paulum
3219 2038 3276 2084 et
3301 2030 3415 2102 ipsa

1827 2113 2085 2159 creatura
2114 2105 2434 2164 liberabitur
2464 2126 2493 2165 a
2525 2113 2788 2170 servitute
2831 2119 3202 2188 corruptionis
3257 2123 3312 2178 in
3351 2126 3416 2180 li-

1826 2198 2090 2254 bertatem
2142 2201 2325 2271 gloria:
2379 2204 2608 2260 ﬁliorum
2644 2207 2758 2263 Dei.
2803 2209 3023 2266 Diviuus
3051 2215 3216 2270 etiam
3263 2219 3414 2286 psal-

1831 2289 1991 2344 mista
2030 2291 2103 2344 ita
2135 2291 2202 2346 de
2238 2295 2392 2348 caelis
2423 2295 2650 2365 loquens
2684 2300 2991 2355 invenitur:
3019 2323 3036 2355 ‹
3065 2303 3298 2362 Mutabis
3320 2324 3414 2364 eos

1829 2390 1884 2434 et
1913 2385 2324 2440 mutabuntur.»
2357 2387 2490 2443 Illud
2523 2389 2684 2460 igitur
2711 2395 2852 2462 quod
2887 2398 3169 2452 veterascit
3202 2399 3415 2456 instau-

1828 2474 1958 2541 rari,
1997 2491 2107 2530 non
2155 2479 2408 2534 essentia:
2455 2481 2908 2550 destructionem,
2973 2488 3068 2542 sed
3121 2493 3416 2548 vetustatis

1828 2583 2196 2638 rugarumquc
2236 2570 2564 2627 ablationetn
2614 2575 2861 2630 exhibet.
2904 2577 2970 2632 Et
3028 2579 3143 2636 lta-c
3192 2584 3414 2651 quidem

1828 2659 1894 2714 de
1926 2659 2064 2715 coelo
2103 2671 2156 2715 et
2187 2672 2327 2716 terra
2369 2664 2523 2728 dixit,
2571 2665 2640 2720 de
2681 2669 2816 2722 mari
2851 2685 2982 2726 vero
3034 2687 3142 2727 non
3180 2675 3278 2742 ita,
3319 2681 3415 2733 sed

1829 2750 2003 2820 quid?
2033 2770 2050 2803 ι
2087 2753 2153 2807 Et
2189 2769 2338 2808 mare
2382 2757 2495 2824 jam
2545 2772 2658 2813 non
2708 2770 2810 2816 est.
2848 2779 2866 2813 ι
2902 2762 3034 2829 Quae
3083 2768 3229 2822 enim
3285 2780 3401 2832 est,

1829 2858 2033 2912 quaeso,
2065 2844 2233 2898 maris
2263 2847 2488 2912 utilitas,
2527 2864 2648 2903 cum
2684 2851 2936 2910 homines
2967 2873 3068 2914 nec
3100 2860 3230 2916 illud
3263 2865 3413 2936 traji-

1828 2949 1954 2989 cere
1984 2951 2235 3007 DaVlgllS,
2268 2953 2370 2992 nec
2419 2955 2514 3009 per
2544 2949 2720 3010 ipsum
2773 2961 2984 3002 merces
3039 2959 3411 3023 transportata

1831 3026 1898 3081 ad
1939 3027 2261 3100 longinquas
2321 3038 2497 3086 terras
2542 3036 2783 3089 curent?
2821 3037 2970 3095 lianc
3005 3043 3249 3100 eamdem
3283 3064 3412 3104 sen-

1748 3106 1788 3165 C
1824 3120 2051 3174 tentiam
2089 3137 2317 3193 magnus
2349 3127 2526 3196 aperit
2560 3126 2814 3195 Basilius,
2848 3131 2997 3187 Isaia:
3029 3136 3192 3192 verba
3225 3139 3410 3209 prole-

1827 3226 1955 3267 rens
1974 3214 2188 3268 haeece:
2217 3234 2236 3270 ι
2268 3217 2369 3282 Qui
2390 3219 2513 3275 dico
2536 3222 2825 3290 profundo,
2848 3223 3127 3294 Desolare,
3146 3236 3200 3283 et
3218 3233 3403 3286 omnia

1825 3304 2049 3361 ﬂumina
2083 3316 2170 3363 tua
2201 3309 2547 3365 arefaciam.»
2581 3313 2645 3368 Et
2680 3315 2793 3370 haec
2822 3316 3044 3386 quidem
3073 3334 3409 3379 censuerunt

1823 3398 1917 3467 qui
1973 3400 2156 3454 divina
2205 3401 2560 3476 Apocalypsis
2598 3407 2757 3462 verba
2805 3411 3259 3480 explanaverunt.
3299 3399 3407 3472 lla-

1824 3507 1961 3563 gnus
1988 3493 2229 3550 Basilius
2263 3496 2317 3550 in
2343 3497 2564 3552 homilia
2595 3503 2752 3555 tertia
2796 3501 2849 3555 in
2885 3501 3258 3562 Hexaemeron
3299 3510 3411 3564 cla-

1825 3585 2025 3640 riorem
2068 3587 2247 3642 adhuc
2293 3589 2363 3644 de
2408 3590 2509 3646 hoc
2565 3607 2876 3648 sermonem
2927 3597 3158 3652 habuit:
3202 3600 3404 3668 Quare,

1824 3675 2023 3746 inquit,
2076 3678 2300 3748 cujusve
2347 3682 2519 3748 gratia
2573 3682 2818 3751 planitiei
2869 3695 3072 3743 nostra:
3125 3689 3241 3746 loca
3297 3695 3409 3749 sint

1823 3771 1978 3839 aquis
2016 3771 2446 3844 circumscripta,
2485 3776 2727 3831 maribus
2767 3779 2930 3832 etiam
2968 3780 3248 3840 immensis
3278 3801 3407 3841 con-

1824 3864 2035 3929 stricta,
2080 3880 2182 3920 nec
2237 3881 2344 3922 non
2405 3869 2709 3924 innumeris
2764 3869 3084 3930 ﬂuminibus
3128 3887 3399 3947 perpetuo

1825 3956 2191 4013 deﬂuentibus
2227 3959 2585 4031 irrigatalOb
2616 3963 2911 4018 inauditam
2946 3981 3079 4021 sane
3116 3967 3261 4024 illius
3305 3986 3397 4024 sa-

1825 4046 2082 4116 pientiam
2115 4049 2205 4118 qui
2241 4051 2571 4106 contrariam
2597 4053 2704 4123 igni
2737 4063 2988 4110 naturam
3021 4057 3396 4116 incxhaustam

1825 4155 1945 4195 esse
2000 4141 2256 4197 decrevit.
2301 4143 2591 4200 Enimvero
2636 4146 2863 4202 Creator
2934 4149 3174 4206 universi
3248 4154 3401 4208 novit

1825 4243 2089 4302 quantum
2183 4218 2416 4306 hujusce
2472 4239 2662 4292 mundi
2745 4241 3116 4298 subsistentia
3183 4255 3401 4316 tempus

1823 4320 2008 4381 'ﬁxerit
2065 4340 2465 4402 proptereaque
2511 4342 2711 4387 tantam
2757 4335 2874 4405 ipse
2899 4335 3128 4407 largitus
3161 4348 3246 4395 est
3289 4339 3398 4409 igni

1827 4421 2194 4488 adustionem,
2221 4432 2278 4476 ut
2300 4433 2427 4478 ante
2461 4435 2673 4494 tempus
2698 4427 2801 4482 hoc
2823 4429 3114 4498 perigreum
3141 4431 3399 4484 succendi

1831 4524 2068 4581 nequeat
2104 4514 2302 4572 caloris
2337 4526 2505 4582 aestu;
2537 4517 2683 4586 quod
2725 4528 2904 4574 tamen
2951 4519 3045 4576 ﬂet
3071 4561 3085 4584 ,
3118 4522 3206 4576 ubi
3241 4536 3399 4592 aquae

1831 4621 2022 4660 omnes
2063 4606 2187 4678 igne
2227 4611 2794 4678 consummabuutur,
2832 4613 2984 4682 juxta
3025 4612 3157 4668 illud
3205 4614 3394 4678 lsaim,

1829 4699 2067 4755 universi
2104 4699 2272 4756 Deum
2306 4702 2378 4757 ita
2410 4703 2738 4772 alloquentis
2774 4723 2785 4758 :
2824 4724 2840 4756 ι
2877 4704 2981 4770 Qui
3019 4704 3140 4759 dico
3177 4705 3403 4776 proluu-

1827 4791 1915 4858 do,
1955 4794 2232 4861 Desolare,
2273 4806 2330 4850 et
2378 4798 2562 4851 omnia
2615 4799 2838 4852 ﬂumina
2881 4809 2970 4853 tua
3018 4798 3333 4855 areiaciam.
3375 4819 3394 4850 ι

1830 4889 2115 4946 Sententia
2143 4896 2226 4942 est
2256 4904 2266 4939 :
2297 4888 2353 4942 Si
2391 4889 2613 4958 quidem
2651 4889 2882 4944 desolari
2915 4901 3042 4945 tunc
3069 4890 3401 4961 profundum

1826 4983 2049 5050 dixerit,
2113 4982 2326 5038 arelit-ri
2387 4999 2515 5037 vero
2566 4984 2618 5036 in
2673 4982 2989 5038 ﬂmninibus
3044 4991 3101 5038 et
3156 4985 3403 5040 maribus

1827 5090 2016 5143 aquas,
2053 5075 2238 5128 mirari
2271 5091 2381 5130 non
2415 5076 2592 5138 decet,
2615 5075 2758 5146 quod
2781 5085 2834 5130 et
2865 5077 2981 5147 ipse
3022 5077 3215 5132 beatus
3235 5076 3403 5133 Joan-

1825 5182 1922 5220 nes
1963 5170 2016 5221 in
2061 5167 2380 5237 Apocalypsi
2414 5167 2554 5222 inter
2586 5168 2689 5222 alia
2723 5167 2825 5224 hoc
2870 5171 3019 5224 dicat
3047 5183 3061 5221 :
3096 5187 3114 5220 ι
3158 5168 3222 5224 Et
3252 5185 3402 5222 mare

1794 5260 1935 5332 ’jam
1984 5276 2092 5315 non
2145 5271 2249 5316 est.
2296 5282 2312 5312 ι
2352 5260 2482 5317 Nam
2533 5263 2765 5318 desolari
2814 5274 2942 5318 tunc
2991 5261 3316 5334 profundum
3348 5269 3402 5314 et

204 5603 452 5670 (l)Hanc
472 5599 759 5671 epistolam
788 5613 908 5653 cum
943 5597 1154 5671 duabus
1185 5596 1545 5671 sequentibus
1560 5593 1731 5671 edidtt
1835 5595 2088 5671 Latinam
2123 5597 2461 5671 addidimus.
2493 5600 2652 5656 EDIT.

116 5666 220 5733 C.'
246 5674 312 5728 ιε’.
350 5666 676 5735 Μιιιιιῖαιὶιιε,
709 5669 962 5739 Mosquze,
1015 5667 1257 5732 l776,ex
1296 5667 1484 5734 eodiee
1534 5666 1731 5739 biblio-

120 5752 321 5803 thecae
390 5741 755 5813 typograpltiau
819 5737 1125 5810 Synodalis.
1203 5737 1724 5809 Interpretationem

428 5861 696 5920 l’n‘ttOL.
749 5859 867 5918 Gtt.
915 5856 1090 5917 CLVI
1105 5856 1177 5913 ll.

1903 5666 1979 5742 (2)
2018 5665 2258 5742 llespicit
2285 5669 2612 5742 divisionem
2641 5671 2870 5726 Andreae
2890 5670 3184 5742 cretensis,
3204 5671 3274 5728 de
3295 5687 3402 5742 qua

1829 5739 1952 5794 vide
1982 5737 2276 5794 editionem
2303 5737 2434 5794 Novi
2466 5740 2796 5795 Testamenti
2834 5741 2999 5794 Millii.

3014 5859 3092 5917 9.9
