3838 6226
472 289 570 349 $99
1749 282 2170 346 MICHAELIS
2212 284 2472 345 GLYCE
2651 333 2654 336 .
3578 297 3659 359 900

471 421 626 492 mare
656 407 767 478 jam
799 421 910 462 non
941 421 1060 464 esse
1087 445 1102 471 ,
1147 406 1294 461 nullo
1324 407 1502 474 modo,
1538 415 1598 463 ut
1628 406 1882 478 equidem
1922 401 2050 458 ιιι-δίε

2172 403 2394 473 τρόπον.
2445 402 2510 455 Εἰ
2549 403 2698 470 λέγει
2738 403 2835 471 μὲν
2873 402 3228 473 ἐρημωθῆναι
3272 404 3389 458 τότε
3430 405 3520 474 τὴν
3538 407 3660 462 5.600-

475 507 623 569 tror,
680 503 1014 573 discrepant.
1057 501 1214 570 Quod
1286 501 1333 557 si
1386 503 1456 557 ita
1506 518 1591 558 res
1649 517 1772 558 sese
1827 501 2030 556 habent

2173 509 2288 556 σον,
2317 491 2554 562 ξηρᾶναι,
2601 492 2659 546 δὲ
2687 493 2748 545 τὸ
2797 494 2856 550 ὲν
2886 497 3160 564 ποταμοῖς
3185 495 3274 547 καὶ
3307 495 3508 564 λίμναις,
3533 497 3658 570 ὕδωρ,

459 596 799 668 ‘Scripturas
835 599 1013 654 vereri
1062 599 1343 665 convenit,
1386 612 1494 654 nec
1519 595 1796 654 contraria
1829 593 2050 662 scripto-

2169 585 2474 655 θαυμάζειν
2505 585 2607 640 οὐκ
2635 584 2884 653 εὔλογον,
2919 587 3034 652 εἴγε
3082 587 3174 642 καὶ
3205 589 3232 640 ὁ
3261 586 3502 656 θιηγόρος
3531 590 3663 646 Ἰωάν-

473 689 627 746 ribus
663 690 837 747 sacris
867 691 1087 762 opinari
1120 692 1408 748 debemus.
1468 689 1678 746 Suﬂicit
1725 687 1870 744 enim
1903 681 2050 739 disci-

2166 695 2264 748 νης
2297 680 2354 731 ἑν
2386 682 2452 750 τῇ
2483 677 2859 747 Ἀποκαλύψει
2892 678 3060 732 αὐτοῦ
3104 681 3198 732 καὶ
3243 680 3404 734 τοῦτό,
3426 699 3542 752 φησι
3565 687 3662 752 πρὸς

467 783 622 854 pulo,
661 783 862 854 inquit,
898 795 956 840 ut
983 785 1054 840 sit
1087 785 1228 842 sicut
1256 785 1540 857 magister.

2165 775 2277 835 τοῖς
2306 772 2511 838 ἄλλοις,
2559 773 2640 824 ὅτι
2678 771 2789 824 Καὶ
2822 773 2859 838 ἡ
2896 772 3179 826 θάλασσα
3233 774 3343 826 οὐκ
3399 774 3548 828 ἔστιν
3585 777 3664 832 ἔτι.

474 879 550 931 Τδ
581 877 690 949 γὰρ
741 878 1104 950 ἐρημωθῆναι
1135 879 1258 932 τότε
1316 878 1417 948 τὴν
1461 876 1723 939 ἄϐυσσον,
1761 871 1857 926 καὶ
1896 870 1977 936 τὸ,
2027 869 2101 927 Ἦ
2164 868 2447 925 θάλασσα
2501 866 2612 917 οὐκ
2669 864 2844 918 ἐστιν
2892 864 3005 931 ἔτι,
3059 863 3182 920 κατ’
3215 866 3401 931 οὐδὲν,
3442 867 3507 930 ὡς
3533 862 3663 939 οἶμαι,

479 976 616 1047 πρὸς
650 975 859 1045 ἄλληλα
909 974 1286 1046 διαφέρουσιν.
1339 975 1404 1029 Et
1439 973 1497 1028 δὲ
1556 970 1730 1025 ταῦτα
1776 969 1952 1036 οὕτως
2002 971 2138 1041 ἔχει,
2168 969 2238 1022 τὰ
2270 962 2633 1036 γεγραμμένα
2685 963 2933 1032 στέργειν
2963 961 3274 1034 ὀφείλομεν,
3302 964 3393 1018 καὶ
3427 967 3492 1037 μὴ
3522 970 3665 1021 τάναν-

477 1068 567 1122 τία
607 1070 830 1138 φρονεῖν
854 1069 966 1132 τοῖς
1025 1069 1338 1140 ὑποφήταις
1405 1064 1502 1120 τοῦ
1567 1062 1913 1134 Πνεύματος.
1963 1064 2221 1136 Ἀρκετδν
2283 1059 2418 1128 γὰρ,
2449 1057 2608 1126 φησὶ,
2642 1056 2720 1126 τῷ
2751 1054 2990 1124 μαθητῇ,
3017 1055 3111 1110 ἐὰν
3138 1057 3212 1122 ὡς
3241 1061 3269 1110 ό
3299 1059 3578 1124 διδάσκαλος
3600 1063 3668 1114 αὖ.

477 1165 572 1220 τοῦ
598 1167 844 1237 γένηται.

1011 1305 1349 1362 EPISTOLA
1387 1305 1529 1361 XVI.
2711 1299 3058 1352 ΕΠΙΣΤΟΛΗ
3091 1299 3210 1364 ις’.

485 1418 945 1473 Venerandisaimo
975 1417 1230 1468 monacho
1250 1413 1446 1485 domno
1475 1412 1847 1469 Charitoni.—
1875 1413 2050 1469 Utrum

2173 1415 2258 1482 Τῷ
2280 1417 2607 1485 τιμιωτάτῳ
2664 1413 2910 1485 μοναχῷ
2961 1414 3125 1482 κυρῶ
3173 1412 3667 1485 Χαρίτωνα-Περί

548 1491 732 1543 beatus
763 1487 995 1541 Joannes
1041 1483 1362 1555 euangelista
1393 1489 1549 1540 morti
1595 1485 1930 1547 concesserit,
1956 1485 2050 1538 sive

2238 1483 2368 1550 τοῦ,
2393 1487 2517 1541 εἴτε
2563 1483 2676 1539 6ιᾶ
2709 1486 2971 1539 θανάτου
3013 1486 3190 1550 τέλος
3225 1487 3258 1538 ό
3305 1483 3669 1552 εὐαττελιστὴς

548 1577 673 1613 "Ol.

2238 1556 2523 1626 Ἰωάννης
2557 1557 2830 1620 ἐδέξατο,
2872 1556 2994 1609 alte
3045 1555 3142 1607 καὶ
3191 1555 3303 1624 μή.

548 1691 768 1747 Minime
799 1705 898 1745 nos
940 1689 1077 1758 fugit
1122 1687 1269 1758 quod
1318 1686 1410 1744 ille
1455 1687 1548 1757 qui
1594 1701 1682 1743 res
1714 1695 1895 1758 gestas
1925 1701 2050 1758 apo-

2238 1693 2363 1748 Ὀτι
2386 1693 2485 1764 μὲν
2517 1687 2609 1747 οὖν
2644 1692 2672 1744 ὁ
2703 1692 2772 1746 τὰ
2797 1691 2905 1745 τῶν
2932 1691 3255 1744 ἀποστόλων
3280 1689 3667 1760 συγγραψάμενος

477 1788 742 1843 stolorum
770 1784 1047 1838 memoriae
1076 1780 1384 1848 mandavit,
1429 1789 1484 1836 et
1515 1779 1630 1851 ipse
1655 1794 1884 1851 magnus
1915 1779 2050 1836 inter

2165 1787 2566 1857 ὑπομνήματα,
2620 1786 2717 1840 καί
2761 1785 2924 1848 αὐτὸς
2956 1783 2983 1834 ό
3034 1784 3098 1836 tv
3143 1781 3385 1854 μάρτυσι
3416 1781 3563 1850 μέγας
3591 1780 3667 1834 Ἰτ-

483 1888 750 1952 martyres
789 1873 1464 1948 ltippolytus,evangelica
1484 1873 1575 1929 illa
1601 1872 1790 1937 verba,
1820 1881 1877 1927 ut
1907 1872 2058 1928 vide-

483 1982 591 2036 tur,
629 1972 958 2026 audiverunt
992 1988 1004 2024 :
1045 1987 1064 2021 ι
1102 1966 1157 2022 Si
1175 1982 1300 2026 eum
1330 1965 1453 2022 volo
1475 1979 1696 2021 manere
1733 1965 1907 2022 donec
1939 1965 2057 2034 ipse

477 2065 717 2131 veniam,
759 2063 888 2134 quid
931 2064 995 2118 ad
1034 2061 1133 2118 te?
1164 2070 1220 2115 tu
1258 2076 1347 2116 me
1373 2073 1634 2130 sequere;
1678 2076 1696 2110 ι
1735 2057 1875 2114 inter
1907 2058 2057 2112 vivos

481 2159 702 2212 beatum
738 2154 1008 2212 Joannem
1028 2149 1430 2223 evangelistam
1462 2150 1672 2207 versari
1712 2149 2013 2221 praedicant
2037 2189 2054 2215 ,

477 2249 767 2319 ipsumque
800 2245 1023 2301 llenocb
1076 2255 1132 2301 et
1179 2245 1312 2302 Elia:
1353 2244 1694 2300 consociant.
1741 2243 1856 2300 Etsi
1908 2241 2055 2297 enim

478 2340 649 2395 multa
682 2341 902 2409 quidem
944 2354 1046 2392 nos
1087 2346 1455 2408 praetereant,
1507 2345 1751 2392 attamen
1778 2350 1948 2405 opera
1987 2333 2057 2389 de

479 2435 601 2505 ipso
629 2451 656 2488 a
692 2434 834 2489 viris
854 2447 1019 2502 supra
1059 2431 1222 2487 dictis
1256 2430 1601 2496 elucubrata,
1635 2439 1691 2484 et
1719 2428 1899 2500 magni
1928 2427 2058 2483 feci-

479 2543 602 2583 mus
629 2537 684 2582 et
716 2525 1045 2589 didicimus;
1069 2523 1403 2594 proindeque
1427 2522 1740 2592 Scripturas
1777 2521 2055 2588 venerari,

479 2633 656 2690 neque
700 2619 755 2672 in
796 2615 1198 2674 controversias
1248 2614 1400 2669 abire
1451 2612 1715 2684 oportuit.
1767 2611 1902 2667 Cum
1954 2628 2054 2667 au-

477 2723 587 2768 tem
615 2713 788 2767 sancti
821 2711 923 2764 viri
957 2707 1114 2764 haud.
1155 2707 1338 2780 pauci,
1367 2707 1470 2760 alia
1519 2705 1611 2760 alii
1641 2705 1709 2760 de
1763 2704 1849 2759 his
1893 2706 2058 2760 rebus

477 2805 800 2874 opinentur,
833 2802 1029 2856 horum
1061 2799 1223 2855 etiam
1251 2798 1601 2854 sermonibus
1630 2797 1790 2852 tidem
1816 2809 1869 2852 et
1894 2797 2056 2852 obse-

475 2897 665 2967 quium
693 2902 955 2966 prtestare
979 2893 1158 2957 decet,
1201 2891 1471 2962 siquidem
1519 2889 1690 2946 sacris
1752 2888 2056 2944 canonibus

2165 1881 2397 1943 πόλυτος
2421 1879 2530 1932 τῶν
2557 1876 2954 1947 εὑαγγελικῶν,
2977 1875 3052 1938 ὡς
3085 1875 3254 1940 ἔοικε,
3288 1875 3532 1946 ῥημάτων
3550 1875 3664 1926 ἀκού-

2165 1987 2360 2034 σαντες
2383 1971 2492 2026 τῶν
2537 1967 2681 2025 οὕτω
2728 1967 3015 2036 λεγόντων,
3049 1967 3191 2022 Ἐὰν
3226 1964 3416 2020 αὑτὸν
3453 1965 3580 2021 θέλω
3595 1965 3664 2034 μέ-

2164 2077 2315 2128 νειν,
2346 2061 2459 2128 ἕως
2493 2059 2782 2130 ἔρχομαι,
2826 2060 2883 2114 τί
2946 2060 3094 2127 πρὸς
3143 2058 3254 2122 ad;
3295 2058 3377 2112 Σὺ
3415 2058 3664 2112 ἀκολούθει

2159 2172 2284 2224 μοι,
2314 2157 2372 2208 ὲν
2419 2155 2534 2218 τοῖς
2567 2154 2706 2217 ζῶσι
2736 2153 2990 2221 λέγουσιν
3024 2146 3165 2203 εἶναι
3209 2150 3305 2203 τὸν
3339 2149 3664 2219 εὐαγγελιστὴν

2163 2248 2259 2301 καὶ
2296 2246 2440 2300 θεῖον
2489 2247 2744 2318 Ἰωάννην
2778 2245 2857 2314 τῷ
2892 2243 3066 2314 Ἑνώχ
3089 2261 3146 2296 τε
3180 2245 3280 2297 καὶ
3321 2243 3468 2312 Ἠλίᾳ
3497 2257 3663 2308 συναγε-

2164 2337 2444 2403 λάζεσθαι,
2480 2336 2602 2390 οὐδὲ
2641 2339 2784 2407 ἡμῖν.
2820 2337 3042 2399 πάντως
3077 2336 3372 2404 ἠγνόηται.
3403 2334 3462 2387 Εἰ
3497 2333 3583 2400 γὰρ
3602 2332 3664 2384 καὶ

2164 2431 2400 2502 άμαθεξ
2436 2431 2527 2483 ἐπὶ
2556 2429 2812 2483 τοσοῦτόν
2855 2432 3046 2498 ὲσμεν,
3080 2428 3194 2481 ἀλλ’
3230 2424 3330 2482 οὖν
3377 2428 3440 2484 τὰ
3473 2429 3566 2489 τοῖς
3583 2425 3664 2478 du-

2164 2523 2449 2594 ληφθεῖσιν
2474 2522 2735 2592 ἀνδράσιν
2771 2521 2859 2574 ἐπ’
2889 2522 3039 2591 αὐτῷ
3065 2520 3244 2591 τούτῳ
3277 2519 3558 2590 πονηθέντα
3582 2535 3665 2571 ow-

2165 2613 2424 2684 τάγματα
2450 2613 2545 2668 καὶ
2575 2612 2807 2684 εὕρομεν
2849 2612 2956 2682 πρὸ
2989 2610 3220 2677 πολλοῦ,
3247 2613 3348 2664 καὶ
3400 2611 3662 2678 ἀνέγνωμεν.

2169 2707 2362 2762 Ἔνθεν
2392 2725 2476 2761 τοι
2509 2707 2607 2760 καὶ⁸
2639 2706 2892 2774 στέργειν
2937 2704 3007 2758 τὰ
3039 2704 3407 2775 γεγραμμένα
3447 2702 3599 2772 ἐχρῆν,
3624 2702 3664 2752 οὗ

2167 2801 2275 2872 μὴν
2305 2800 2442 2864 ὅλως
2485 2797 2835 2854 ἀντιπίπτειν
2889 2797 2982 2850 ἐπὶ
3031 2797 3250 2860 τούτοις
3286 2797 3381 2851 καὶ
3432 2794 3663 2864 άντιμάχε-

2169 2893 2316 2948 σθαι.
2354 2890 2496 2946 Ἀλλ’
2522 2890 2717 2961 ἐπειδὴ
2742 2891 2837 2943 καὶ
2867 2889 3092 2960 ἐτέρους
3121 2890 3234 2943 τῶν
3282 2888 3452 2958 άγῐων
3486 2887 3567 2941 οὐκ
3591 2887 3663 2937 dii-

477 2987 855 3044 contradicere
889 2986 1117 3042 omnino
1142 3000 1252 3039 non
1278 2983 1536 3038 valemus.
1568 2979 1701 3042 Nam
1739 2983 1784 3036 si
1819 2981 2050 3051 plurium

2163 3003 2294 3055 γους
2336 2984 2547 3039 ἐκεῖθεν
2602 2984 2962 3046 ἀνθέλκοντας
3006 2983 3205 3053 ἔχομεν
3237 3021 3252 3044 ,
3285 2983 3381 3034 καὶ
3408 2979 3538 3050 ἕτερ’
3569 2979 3662 3031 ἄττα

479 3081 805 3136 sententiam
853 3078 1148 3149 praevalere
1187 3075 1329 3131 sacri
1375 3089 1619 3130 canones
1671 3074 1975 3139 suadeant,
2025 3088 2050 3126 a

2165 3080 2296 3148 περὶ
2319 3078 2510 3135 τούτου
2548 3077 3018 3147 διαλαμϐάνοντας
3043 3117 3058 3142 ,
3092 3075 3189 3128 καὶ
3240 3078 3354 3139 τοῖς
3399 3075 3590 3127 ἐκείνων
3609 3072 3664 3123 λό-

473 3176 638 3232 nobis
673 3190 890 3246 quoque
937 3173 1068 3227 illud
1102 3173 1279 3242 ipsum
1316 3168 1530 3224 admitti
1561 3184 1777 3238 aequum
1809 3178 1910 3223 est.
1944 3168 2050 3224 Etsi

2166 3189 2284 3241 γοις
2314 3170 2374 3236 ἐξ
2423 3171 2671 3242 ἀνάγκης
2727 3168 3034 3241 πειθόμεθα
3089 3185 3150 3222 τε
3196 3169 3299 3222 καὶ
3335 3167 3662 3234 ὑποπίπτομεν.

477 3271 622 3325 enim
659 3269 883 3324 divinus
914 3280 1078 3336 supra
1103 3263 1286 3318 dictus
1311 3261 1638 3331 Hippolytus
1670 3263 1809 3315 inter
1858 3260 2050 3320 Christi

2169 3267 2263 3319 ᾰτε
2333 3265 2409 3335 μὴ
2482 3266 2594 3328 τοῖς
2645 3265 2810 3335 ἱεροῖς
2869 3262 3092 3317 κανόσιν
3161 3261 3536 3332 ἀντιπράττειν
3573 3258 3664 3319 ὅλως

479 3373 747 3435 martyres
805 3360 1086 3424 enituerit,
1127 3357 1362 3426 indeque
1409 3355 1581 3424 ipsius
1617 3369 1781 3424 opera
1827 3371 1858 3410 a
1902 3355 2050 3410 nobis

2169 3358 2470 3429 ἰσχύοντες.
2514 3359 2576 3411 Et
2616 3357 2725 3429 γὰρ
2766 3359 2864 3428 την
2921 3356 3031 3412 τῶν
3083 3355 3353 3409 πλειόνων
3385 3357 3544 3426 ψῆφον
3571 3368 3665 3422 κρι-

477 3455 640 3511 recoli
687 3466 912 3508 necesse
938 3451 1031 3516 sit,
1062 3464 1174 3504 non
1215 3448 1416 3504 idcirco
1459 3445 1726 3516 sequitur,
1755 3456 1814 3500 ut
1858 3448 1910 3500 in
1940 3462 2061 3501 om-

476 3547 638 3600 nihus
669 3545 753 3598 his
798 3543 847 3597 ei
884 3539 1274 3604 assentiamur,
1322 3540 1377 3592 in
1422 3538 1612 3609 primis
1662 3537 1708 3592 si
1751 3537 2059 3592 orthodoxe

480 3638 736 3692 Ecclesia:
763 3636 948 3691 sensui
982 3644 1277 3706 oppugnat.
1311 3633 1453 3688 Ecce
1487 3633 1674 3700 enim,
1709 3632 1854 3702 quod
1897 3633 2057 3687 Anti-

475 3730 744 3785 christum
790 3729 940 3782 illum
969 3766 984 3791 ,
1044 3727 1202 3797 cujus
1255 3725 1567 3792 adventus,
1621 3726 1779 3795 juxta
1806 3723 2058 3794 Apostoli

477 3824 662 3887 verba,
704 3824 755 3878 in
781 3822 985 3876 virtute
1017 3829 1221 3875 satana:
1252 3821 1362 3883 lict,
1393 3835 1518 3874 cum
1561 3826 1830 3889 potestate
1859 3817 2052 3884 multa,

473 3927 529 3971 et
561 3916 728 3987 signis
755 3923 811 3969 et
837 3914 1099 3985 prodigiis
1146 3913 1319 3979 falsis,
1363 3913 1636 3968 diabolum
1695 3912 1749 3965 in
1801 3911 1937 3965 libro
1985 3911 2055 3966 de

477 4009 818 4064 Periectione
866 4017 1145 4072 vocat;ac
1169 4006 1419 4075 proinde,
1444 4021 1510 4060 ex
1559 4006 1785 4061 muliere
1849 4004 2055 4071 virgine

473 4112 672 4171 sponte
694 4109 856 4154 natus
879 4108 962 4153 est
986 4098 1262 4166 Christus,
1295 4099 1367 4150 ita
1391 4105 1444 4152 et
1471 4097 1560 4151 ille
1587 4096 1760 4166 quoad
1788 4100 2050 4166 speciem,

473 4199 528 4248 in
571 4193 775 4248 mundo
810 4192 970 4246 etiam
1006 4191 1283 4245 habitasse
1315 4198 1368 4243 et
1398 4207 1426 4243 a
1478 4189 1776 4259 semetipso
1813 4200 1940 4244 tunc
1973 4190 2053 4244 si-

475 4303 578 4358 gna
627 4296 680 4340 et
734 4285 988 4355 prodigia.
1029 4283 1224 4338 iecisse
1263 4283 1414 4337 dicit.
1452 4281 1515 4337 Et
1555 4282 1682 4344 talia
1729 4283 1948 4352 quidem
1984 4283 2052 4337 de

470 4379 683 4436 Joanne
732 4378 1091 4448 evangelista,
1121 4376 1265 4445 quod
1317 4375 1429 4443 jam
1491 4375 1754 4439 diximus,
1789 4375 1921 4432 viris
1959 4391 2050 4430 su-

455 4486 568 4542 .pra
610 4471 778 4527 dictis
823 4470 1059 4528 videtur.
1104 4470 1350 4524 Disertus
1379 4483 1508 4525 vero
1535 4467 1780 4524 Joannes
1816 4485 2049 4540 evange-

467 4565 632 4620 licum
667 4563 798 4618 illud
832 4562 1058 4619 verbum
1090 4577 1257 4630 supra
1311 4560 1517 4614 dictant
1545 4577 1560 4614 :
1593 4577 1612 4612 ι
1651 4559 1708 4615 Si
1749 4576 1876 4616 eum
1927 4559 2048 4614 vol)

471 4669 695 4711 manere
711 4657 886 4711 donec
916 4653 1150 4719 veniam,
1175 4652 1304 4722 quid
1326 4652 1392 4706 ad
1423 4652 1510 4708 te?
1542 4661 1597 4706 tu
1637 4667 1724 4710 me
1754 4668 2042 4722 sequere,»

454 4762 573 4802 'nec
592 4745 660 4802 de
691 4748 797 4801 vita
820 4761 917 4802 sua
936 4745 1206 4800 intellexit
1228 4760 1330 4798 nec
1350 4744 1513 4814 hujus
1537 4743 2045 4814 interpretationem

467 4839 528 4891 in
547 4837 650 4891 hoc
681 4852 850 4892 sensu
881 4836 1030 4900 fecit,
1055 4837 1173 4900 sed,
1196 4855 1215 4888 ι
1236 4836 1315 4889 Tu
1348 4836 1593 4906 quidem,
1624 4834 1807 4900 Petre,
1837 4851 1924 4891 me
1956 4851 2045 4891 se-

470 4941 661 4999 quere,
703 4946 723 4980 ι
759 4929 812 4986 id
841 4939 943 4992 est,
971 4927 1116 4983 Vade
1155 4929 1398 4998 undique
1432 4927 1659 4992 docens,
1685 4936 1740 4982 et
1771 4943 1802 4982 a
1831 4928 2048 4984 Joanne

470 5019 726 5085 discede;
758 5023 876 5090 ipse
913 5035 1041 5075 vero
1078 5023 1165 5076 hic
1196 5032 1434 5087 maneat,
1479 5021 1655 5076 donec
1703 5021 1893 5076 abiero
1937 5020 2047 5075 Ro-

456 5129 630 5170 mana
661 5113 812 5183 virga
838 5112 1189 5180 confringens
1218 5130 1312 5169 eos
1348 5115 1440 5184 qui
1493 5129 1579 5169 me
1627 5112 2041 5170 crueiﬁxcruut.

467 5207 734 5262 Prwterea
767 5203 1092 5260 Ammonius
1134 5207 1393 5262 sacerdos
1439 5205 1663 5260 verbum
1704 5205 1837 5259 illud
1878 5220 2045 5260 evan-

466 5300 703 5371 gelicum
740 5297 1078 5367 etplanans,
1116 5315 1134 5348 ι
1169 5297 1226 5352 Si
1258 5313 1384 5351 eum
1429 5299 1552 5352 voto
1587 5312 1829 5363 manere,
1864 5297 2042 5352 donec

463 5392 583 5460 ipse
623 5389 860 5456 veniam,
899 5407 918 5440 ι
956 5388 1254 5458 longaevam
1305 5387 1536 5444 Joannis
1579 5389 1748 5444 vitam
1797 5389 2043 5444 iudicare

463 5481 621 5537 dicit.
656 5480 930 5552 Tempore
959 5480 1109 5536 enim
1137 5479 1355 5550 Traiani
1390 5480 1596 5550 absque
1617 5482 1864 5536 cruciatu
1897 5496 2044 5535 mor-

451 5582 589 5629 tuus
624 5583 728 5630 est.
780 5574 860 5630 Ad
913 5575 1026 5630 haec
1067 5574 1232 5630 etiam
1285 5572 1437 5630 addit
1473 5574 1864 5644 Apollinarius,
1894 5574 2040 5644 quod

460 5681 525 5718 ex
558 5666 870 5738 ignorantia
899 5669 1096 5724 fratres
1142 5668 1270 5722 inde
1314 5667 1688 5728 deduxerunt,
1735 5667 1881 5735 quod
1926 5682 2035 5720 non

457 5756 760 5815 moriturus
789 5770 890 5816 est.
931 5742 1166 5817 Sanctus
1204 5775 1372 5832 porro
1403 5758 1638 5814 Joannes
1668 5757 2035 5813 Damascenus

2163 3455 2276 3505 τεῖν
2323 3452 2372 3504 ot
2419 3453 2552 3504 θεῖοι
2599 3452 2826 3512 κανόνες
2885 3448 3406 3519 παρακελεύονται,
3450 3447 3532 3500 καὶ
3563 3444 3665 3514 ἡμᾶς

2166 3546 2381 3606 πάντως
2417 3546 2550 3600 αὐτὸ
2598 3544 2756 3598 τοῦτο
2801 3543 3196 3612 καταδέχεσθαι
3256 3544 3478 3596 δίκαιον.
3508 3541 3558 3593 ΕΞ
3590 3540 3662 3606 γὰρ

2163 3636 2260 3692 καὶ
2289 3638 2317 3690 ό
2345 3635 2659 3705 διαληφθεὶς
2691 3637 2832 3698 θεῖος
2867 3635 3198 3697 Ἱππόλυτος
3243 3637 3304 3688 ἐν
3332 3637 3440 3698 τοῖς
3467 3632 3546 3686 τοῦ
3571 3631 3662 3698 Χρι-

2163 3729 2291 3783 στοῦ
2327 3730 2584 3799 διέπρεψε
2620 3731 2888 3799 μάρτυσι,⁶
2927 3727 3226 3781 κάντεῦθεν
3273 3728 3562 3794 ἐπάναγκες
3586 3725 3663 3782 τοῖς

2161 3822 2326 3874 αὑτοῦ
2378 3822 2719 3890 συντάγμασι
2764 3819 3162 3876 κατατίθεσθαι
3189 3836 3203 3851 ·
3236 3817 3355 3871 ἀλλ’
3383 3819 3477 3870 οὐκ
3511 3815 3664 3869 ἐπικλι-

2161 3921 2270 3978 vel;
2312 3916 2458 3984 ἡμᾶς
2506 3917 2598 3965 ἐπὶ
2655 3917 2791 3967 πᾶσ.
2819 3915 3032 3976 τούτοις
3077 3915 3368 3982 φαίνεσθαι
3413 3911 3661 3981 άξιον,είγε

2158 4011 2252 4062 καὶ
2288 4010 2528 4078 μάλιστα
2559 4007 2638 4077 τῷ
2691 4008 2788 4076 τῆς
2821 4006 3156 4076 Ἐκκλησξας
3208 4009 3530 4061 ἁντίιιεινται
3553 4001 3662 4071 ἀρθο·

2157 4103 2291 4170 δὲξῳ
2320 4105 2648 4173 φρονήματι.
2681 4104 2820 4174 Ὅρα
2849 4106 2977 4172 γὰρ,
3003 4103 3084 4156 ὅτι
3110 4103 3203 4156 καὶ
3234 4103 3331 4156 τὸν
3357 4101 3661 4170 Ἀντίχριστην

2159 4197 2387 4258 ἐκεῖνον,ν
2428 4189 2489 4246 οὗ
2544 4195 2576 4264 ή
2632 4193 2905 4263 παρςυσία
2938 4193 3231 4262 γενήσεται
3294 4193 3411 4246 κατ’
3444 4193 3662 4259 ἐνέργειαν

2157 4289 2251 4341 τοῦ
2295 4289 2509 4342 Σατανᾶ
2567 4288 2623 4340 ὲν
2657 4287 2884 4355 δυνάμει
2945 4286 3116 4356 πολλῇ
3181 4289 3278 4340 καὶ
3331 4287 3558 4356 σημείοις
3599 4282 3663 4334 καὶ

2156 4380 2346 4449 τέρασι
2396 4379 2652 4448 ψεύδους,
2687 4377 2836 4432 καθά
2881 4396 3045 4447 φησιν
3106 4381 3133 4430 ό
3179 4378 3516 4440 Ἀπὸστολυς,
3543 4376 3662 4427 αὐτὰ

2084 4439 2126 4491 D
2155 4439 2294 4526 εἶναι
2339 4439 2485 4541 λέγει
2533 4439 2914 4526 τὸν-διάϐολον
2941 4439 2952 4446 ⁷
2983 4474 3041 4526 ὲν
3088 4471 3168 4542 τῷ
3215 4472 3351 4540 περὶ
3410 4439 3661 4524 συντελείας

2155 4566 2298 4635 λόγῳ
2333 4565 2518 4620 αὐτοῦ’
2553 4564 2852 4620 κάντεῦθεν
2875 4564 2983 4618 ἀπὸ
3007 4551 3280 4636 παρθένου
3316 4562 3551 4632 γυναικός
3575 4574 3662 4625 γεν-

2150 4659 2378 4728 νηθῆναι
2414 4657 2536 4712 κατ’
2561 4658 2724 4711 αὐτὸν
2767 4657 2830 4727 δὴ
2870 4657 2962 4709 τδν
2993 4657 3250 4727 Χριστὸν,
3289 4657 3382 4710 καὶ
3414 4654 3539 4707 οὕτω
3560 4648 3659 4702 uti

2149 4746 2455 4817 φαντασίαν
2502 4746 2580 4816 τῷ
2641 4747 2830 4816 κόσμῳ
2877 4746 3356 4816 ὲμπεριπατῆσαι,
3391 4744 3476 4797 καὶ
3507 4739 3658 4809 σημεῖα

2147 4837 2218 4891 δι’
2258 4839 2454 4891 ἑαυτοῦ
2505 4837 2808 4909 τηνικαῦτα
2842 4837 3161 4891 ἐπιτελέσαι
3207 4839 3304 4892 καὶ
3357 4829 3657 4906 τέρατσ.Καὶ

2148 4930 2373 4983 τοιαῦτα
2399 4931 2498 5000 μὲν
2529 4930 2658 5001 περὶ
2685 4929 2778 4982 τοῦ
2821 4930 3214 4999 εὐαγγελιστοῦ
3249 4929 3488 4984 Ἰωάννου
3507 4967 3518 4988 ,
3542 4921 3656 4977 ὁποῖα

2146 5020 2210 5091 δὴ
2240 5022 2334 5074 καὶ
2373 5021 2681 5090 φθάσαντες
2730 5021 2982 5091 εἴπομεν,
3029 5023 3146 5084 τοῖς
3196 5018 3550 5088 διαληφθεῖσιν
3590 5013 3653 5064 ἁν-

2146 5114 2308 5182 δράσι
2359 5115 2546 5168 δοκεῖ·
2598 5116 2626 5166 ό
2671 5113 2726 5167 δὲ
2761 5115 3172 5186 χρυσορρήμων
3203 5113 3456 5180 Ἰωάννης
3497 5108 3547 5162 τὸ
3577 5104 3655 5158 διει-

2147 5204 2354 5275 ληφθὲν
2398 5205 2604 5260 ἄνωθεν
2652 5206 3006 5276 εὐαγγελικὺν
3039 5206 3206 5278 ῥητὸν
3255 5206 3320 5259 τὸ
3354 5206 3499 5272 λέγον
3520 5240 3532 5263 ,
3553 5195 3654 5250 Ἐὰν

2144 5298 2336 5352 αὑτὸν
2366 5297 2519 5353 θέλω
2557 5300 2768 5368 μένειν
2793 5341 2808 5365 ,
2840 5299 2952 5365 ἕως
2996 5299 3265 5370 ἔρχομαι,
3296 5297 3354 5352 τί
3402 5294 3531 5364 πρὸς
3570 5287 3652 5343 σέὶ

2145 5389 2230 5442 Σὺ
2263 5390 2585 5444 ἀκολούθει
2617 5409 2738 5460 μοι,
2787 5392 2845 5444 οὐ
2903 5392 3036 5462 περὶ
3083 5391 3234 5461 ζωῆς
3259 5388 3544 5456 ἐξελάὸετο,
3568 5378 3650 5432 οὐδὲ

2143 5484 2242 5554 τὴν
2292 5481 2460 5536 αὐτοῦ
2517 5484 2780 5554 ἐξήγησιν
2835 5484 2976 5538 κατά
3043 5502 3106 5553 γε
3161 5481 3401 5537 τοιοῦτον
3448 5471 3649 5544 λογισμδν

2144 5575 2463 5646 ἐποιήσατο..
2489 5577 2648 5646 ἀλλὰ,
2672 5580 2716 5632 Σ
2721 5577 2755 5631 ὺ
2773 5577 2921 5647 μέθη.
2949 5573 3007 5634 ὧι
3027 5577 3225 5646 Πέτρε,
3249 5573 3545 5634 dum“!
3557 5578 3644 5634 Ι¹⁸¹ν

2143 5669 2441 5733 τουτέστιν,
2475 5671 2697 5734 Ἔξελθε
2756 5672 3040 5741 πανταχοῦ
3097 5672 3398 5732 διδάσκων,
3459 5662 3537 5716 καὶ
3580 5650 3644 5706 ττιῧ

2157 5762 2404 5814 Ἰωάννου
2461 5763 2846 5836 δισζεύχθητι·
2885 5767 3045 5828 αὑτός
3079 5765 3133 5818 δὲ
3183 5763 3388 5834 μενέτω
3447 5749 3643 5811 ἐνταῦθα»
