3838 6226
227 292 322 356 901

1564 284 1930 347 EPISTULA
1975 288 2075 352 XV
2084 292 2128 353 Ι.

3367 300 3474 357 tua
3523 256 3535 273 ’

226 413 380 481 ἄχρις
415 399 479 461 οὗ
516 403 813 477 ἐλεύσομαι
845 408 934 464 διά
956 412 1056 483 τῆς
1093 409 1410 481 Ῥωμαῖκῆς
1438 400 1643 481 ράὁῗου
1678 423 1772 459 παι

1912 413 1961 457 ta
1996 406 2064 462 de
2115 425 2187 464 eo»
2231 411 2471 481 loquitur
2502 431 2513 466 :
2544 413 2824 469 Mi-ttcntur
2865 412 3095 468 llenoclt
3124 423 3181 466 et
3214 412 3383 478 Elias,
3424 427 3479 469 ct

227 504 396 569 wiin
442 501 567 562 τοὺς
618 502 1044 572 σταυρώσαντάς
1099 522 1188 575 με.
1241 503 1410 557 Ἀλλὰ
1441 502 1533 555 καὶ
1594 501 1623 552 6
1663 515 1795 569 πρε-

230 595 485 664 σϐύτερος
505 591 823 663 ’Δμμὼνιος
846 595 907 647 τὸ
928 593 1186 647 τοιοῦτον
1209 593 1575 661 εὐαγγελικὸν
1604 586 1792 661 ρητὸν,

226 692 305 754 τὸ,
340 685 480 741 Ἐὰν
511 682 701 740 αὐτὸν
752 689 910 742 θέλω
966 686 1207 756 μένειν,
1250 686 1361 751 ἕως
1399 684 1649 752 ἔρχομαι
1679 724 1703 747 ,.
1734 683 1796 732 τὸ

232 780 525 852 μακρόϐιον
566 776 670 848 τῆς
717 777 885 831 αὐτοῦ
935 776 1084 847 ζωῆς
1124 777 1379 831 ἐντεῦθεν
1424 775 1574 842 λέγει
1627 770 1797 825 αἰνίτ-

228 875 437 928 τεσθαι,
483 871 571 923 Ἐν
618 869 735 941 γάρ
778 874 890 932 τοῖς
946 870 1161 939 χρόνοις
1225 865 1498 938 Τραϊανοῦ
1557 865 1793 917 ἀπέθανε

226 964 496 1036 τιμωρίας
522 961 677 1016 ἄνευ.
732 961 881 1031 Πρὸς
917 961 1132 1024 τούτοις
1179 960 1236 1013 δὲ
1282 961 1378 1011 καὶ
1409 960 1437 1011 6
1467 954 1793 1010 Ἀπολλινά-

234 1057 341 1127 ριός
371 1071 528 1125 φησι,
569 1055 653 1107 ὅτι
686 1053 746 1118 ἐξ
774 1054 1005 1122 ἀγνοίας
1051 1052 1323 1106 ὑπέλαϐον
1357 1052 1406 1103 oi
1438 1048 1681 1117 ἀδελφοὶ,
1716 1047 1795 1099 ὅτι

228 1150 324 1200 οὐκ
354 1146 732 1200 ἀποθανεῖται.
769 1147 880 1199 Καὶ
938 1147 967 1198 6
1017 1147 1074 1197 ὲν
1121 1143 1296 1211 ἁγίοις
1350 1141 1407 1195 δὲ
1470 1141 1725 1210 Ἰωάννης
1768 1141 1796 1191 6

228 1237 589 1309 Δαμασκηνὸς
618 1239 713 1290 καὶ
740 1237 867 1290 τάδε
912 1237 1035 1305 περὶ
1070 1235 1267 1289 τούτου
1305 1234 1493 1305 φησὶν,
1524 1233 1798 1285 ’Δποστα-

227 1334 449 1402 λήσεται
482 1329 657 1400 Ἑνὼχ
723 1329 925 1399 δηλαδὴ
978 1326 1285 1389 καὶἨλίας
1317 1366 1332 1391 ,
1384 1325 1481 1379 καὶ
1537 1325 1796 1393 ἐπιστρέο

228 1425 383 1492 timeat.
413 1421 643 1491 καρδίας
703 1418 954 1489 πατέρων
1010 1418 1104 1470 ἐπὶ
1162 1416 1356 1481 τέκνα,
1414 1414 1511 1469 καὶ
1567 1413 1673 1466 ὑπὸ
1702 1411 1795 1465 τοῦ

230 1513 598 1586 Ἀντιχρεστου
642 1510 1119 1582 ἀναιρεθήσονται.
1166 1507 1274 1562 Τοῦ
1324 1508 1512 1577 μέντοι
1558 1507 1792 1575 εὐαγγε-

228 1606 403 1661 λιστοῦ
433 1606 688 1658 Ἰωάννου
722 1603 983 1673 οὐδαμῶς
1017 1599 1371 1673 μνημονεύει,
1403 1599 1437 1671 ἢ
1488 1598 1620 1669 γοῦν
1668 1600 1797 1652 ἐπε-

1900 499 2065 553 curda
2100 509 2315 570 patrum
2348 502 2402 555 in
2437 503 2576 558 ﬁlios
2628 513 2970 570 convertent,
2994 512 3047 558 et
3081 503 3149 558 ab
3195 502 3477 558 Antichri-

1898 598 1983 645 sto
2015 592 2293 661 peribunt.
2329 590 2689 665 Evangelistae
2754 607 2936 652 tamen
2989 595 3219 653 Joannis
3270 599 3477 652 nullam

1898 684 2234 738 mentionem
2273 686 2434 753 facil;
2462 697 2553 741 aut
2586 688 2758 756 ipsius
2789 689 2957 759 igitur
2992 689 3195 745 oblitus
3218 697 3323 754 est,
3350 706 3475 743 cum

1902 786 2117 831 tantum
2144 778 2370 833 Henoch
2426 789 2480 833 et
2531 778 2701 834 Etiam
2755 797 3093 836 memorasse
3141 782 3477 844 inveniatur,

1901 867 1985 921 vel
2019 869 2199 937 ipsum
2233 867 2500 925 Joannem
2533 870 2673 926 vivis
2700 887 2809 926 non
2835 873 3183 928 adnumerat.
3216 874 3319 928 Sed
3361 890 3477 928 ma-

1899 976 2038 1029 gnus
2088 963 2369 1031 apostolus
2412 962 2549 1018 duos
2584 972 2753 1019 testes
2804 965 2858 1017 in
2895 966 3219 1036 Apocalypsi
3269 967 3480 1031 induci;

1898 1053 1989 1122 qui
2033 1054 2241 1109 ultimis
2285 1056 2479 1112 diebus
2506 1058 2917 1129 prophetabunt
2973 1067 3029 1112 et
3076 1059 3227 1129 signa
3275 1059 3480 1115 facient

1900 1163 1997 1218 per
2030 1157 2138 1203 tres
2168 1165 2343 1205 annos
2370 1166 2432 1204 ac
2465 1150 2722 1217 medium,
2756 1151 2911 1207 hisce
2942 1151 3163 1206 verbis:
3196 1170 3214 1204 ι
3247 1152 3311 1206 Ει
3341 1154 3481 1207 dabo

1901 1239 2119 1295 duobus
2158 1242 2387 1297 testibus
2422 1243 2582 1306 meis,
2610 1253 2663 1297 et
2686 1244 3091 1312 prophetabunt
3120 1243 3314 1298 diebus
3338 1246 3483 1297 mille

1900 1330 2150 1387 ducentis
2183 1334 2486 1404 sexaginta,
2516 1334 2700 1388 amicti
2728 1335 2925 1390 saccis.
2971 1354 2989 1387 ι
3030 1333 3136 1389 Per
3179 1334 3282 1390 bos
3316 1344 3485 1390 testes

1900 1421 2122 1479 Henoch
2180 1435 2236 1480 et
2296 1426 2471 1480 Eliam
2528 1428 2920 1483 intellexerunt
2978 1439 3482 1492 commentatores.

1900 1516 2039 1570 alius
2086 1531 2217 1572 vero
2246 1517 2299 1571 in
2335 1517 2658 1590 Apocalypsi
2691 1535 2799 1574 non
2839 1519 3179 1589 designatur.
3218 1520 3281 1575 Et
3322 1522 3485 1590 paulo

1899 1620 2022 1677 post
2046 1610 2217 1676 addit,
2241 1628 2258 1660 ι
2284 1610 2351 1664 Et
2376 1609 2746 1665 inhabitantes
2764 1620 2965 1665 terram
2985 1610 3299 1681 gaudebunt
3319 1627 3486 1682 super

226 1701 413 1755 λάθετο
473 1698 569 1753 τοῦ
627 1697 897 1762 τοιούτου,
929 1695 1226 1750 κάντεῦθεν
1281 1692 1390 1747 τῶν
1454 1693 1551 1745 δύο
1615 1691 1793 1760 μόνων

1904 1703 2025 1757 illos
2080 1701 2461 1773 interemptos,
2496 1712 2551 1758 et
2579 1719 2803 1758 munera
2827 1704 2930 1759 sibi
2962 1704 3180 1759 mittent
3210 1705 3443 1760 invicem
3469 1724 3481 1757 :

228 1791 477 1855 ἐκείνων,
501 1788 675 1859 Ἑνὼχ
717 1788 919 1856 δηλαδὴ
954 1791 1053 1840 καὶ
1097 1784 1278 1850 Ἠλία,
1304 1785 1667 1855 μνημονεύων
1709 1785 1802 1836 εὑ-

232 1885 505 1955 ρίσκεται.
544 1882 671 1945 Τοῖς
718 1880 886 1944 ζῶσιν
934 1881 1036 1933 οὐκ
1088 1874 1232 1948 εἶχεν
1262 1878 1423 1931 αὐτὸν
1459 1877 1797 1947 ἐναρίθμιονκ

225 1972 380 2026 Ἀλλά
405 1971 509 2026 καὶ
538 1969 698 2032 αὐτὸς
748 1970 776 2021 6
823 1969 992 2039 μέγας
1023 1967 1324 2029 ἀπόστολος
1372 1968 1430 2020 ὲν
1463 1970 1530 2037 τῇ
1567 1967 1801 2020 Ἀποκα-

227 2066 380 2135 λύψει
416 2065 595 2118 αὐτοῦ
633 2063 729 2117 δύο
769 2063 925 2123 τινὰς
952 2063 1283 2132 παρεισάγει
1316 2060 1801 2132 προφητεύσοντας

228 2162 283 2213 ἐν
311 2152 583 2231 ἐσχάταις
615 2157 850 2228 ἡμέραις
895 2157 993 2209 καὶ
1030 2157 1234 2225 σημεῖα
1264 2154 1678 2217 ὲπιτελέσοντας
1705 2152 1802 2220 ἔτη

225 2252 347 2322 τρία
368 2253 475 2305 καὶ.
498 2252 697 2322 ἥμισυ,
733 2249 905 2319 λέγων
931 2247 1123 2311 οὕτως·
1158 2246 1267 2300 Καὶ
1296 2244 1468 2299 δώσω
1501 2245 1624 2312 τοῖς
1656 2245 1800 2299 δυσὶ

223 2343 493 2415 μάρτυσί
514 2361 654 2414 μου,
672 2342 771 2396 καὶ
796 2342 1337 2410 προφητεύσουσιν
1361 2339 1586 2408 ἡμέρας
1603 2340 1801 2407 χιλίας

226 2439 548 2504 διακοσίας
584 2436 909 2503 ἐξήκοντα,
950 2433 1445 2503 περιϐεϐλημένοι
1502 2433 1797 2496 σάκκους.

227 2531 457 2596 Τούτους
517 2534 616 2601 μὲν
668 2530 763 2585 οὖν
786 2529 962 2599 Ἑνὼχ
1020 2530 1117 2594 καὶΙ
1162 2527 1350 2580 Ἠλίαν
1397 2527 1629 2596 ἐνόησαν
1661 2526 1801 2579 οίτά

226 2625 444 2682 τοιαῦτα
500 2622 975 2693 ὲπεξηγησάμενοι
997 2639 1009 2652 ·
1048 2622 1235 2689 ἕτερος
1263 2620 1321 2673 δέ
1363 2637 1445 2683 τις
1478 2621 1543 2690 τῇ
1576 2618 1803 2690 τοιαύτῃ

228 2719 600 2784 Ἀποκαλύψει
649 2717 749 2771 οὐκ
803 2716 1115 2786 ἐκφέρεται.
1165 2715 1274 2769 Καὶ
1308 2714 1425 2783 μετ’
1453 2713 1609 2781 ὀλίγα
1637 2729 1651 2743 ο
1688 2711 1803 2766 Καὶ

225 2814 275 2865 el
300 2810 735 2875 κατοικοῦντες
786 2808 882 2860 ἐπὶ
925 2805 1036 2874 τῆς
1073 2805 1182 2874 τῆς
1221 2805 1545 2872 χαίρουσιν
1577 2801 1669 2855 ἐπ’
1700 2804 1801 2855 αὺ-

223 2900 341 2967 τοῖς
363 2896 765 2969 ἁναιρεθεῗσι,
789 2896 888 2951 καί
910 2895 1067 2964 δῶρα
1098 2892 1453 2963 πέμψουσιν
1482 2893 1800 2959 ἀλλήλοις,

222 2995 306 3048 ὅτι
338 2991 515 3051 οὗτοι
546 2995 600 3048 οὶ
626 2992 737 3046 δύο
767 2986 1463 3073 προφῆταιιέὅασάνισαν
1496 2987 1641 3051 τοὺς
1663 3002 1801 3039 κατ-

1907 1794 2168 1862 quoniam
2211 1795 2267 1849 bi
2319 1795 2429 1850 duo
2479 1796 2764 1865 propheta:
2818 1796 3205 1876 cruciaverunt
3245 1814 3341 1853 eos
3388 1802 3480 1861 qui

1907 1885 2224 1941 habitabant
2272 1902 2436 1958 super
2472 1897 2671 1943 terram
2694 1907 2707 1956 ;
2733 1900 2921 1958 postea
2959 1905 3091 1946 vero
3131 1903 3476 1962 resurgent.»

1904 1977 2132 2031 Aliunde
2167 1977 2490 2050 Hippolytus
2515 1980 2805 2036 historicus
2834 1981 2900 2037 de
2924 1983 3187 2051 apostolis
3233 1982 3486 2053 loltuens,

1905 2069 2124 2124 beatum
2152 2070 2419 2126 Joannem
2451 2073 3101 2143 evangelistam,Neroue
3133 2076 3481 2145 imperatore,

1903 2162 1971 2217 ab
2027 2163 2222 2219 exsilio
2278 2175 2589 2219 revocatum
2641 2164 2812 2222 fuisse
2858 2175 3131 2233 testatur,
3187 2168 3481 2240 ipsumque

1906 2264 2101 2324 postea
2127 2256 2199 2310 ita
2235 2258 2401 2311 vitam
2442 2259 2671 2324 (iniisse,
2697 2265 2757 2314 ut
2789 2263 2908 2329 ejus
2943 2261 3191 2331 reliquiae
3220 2277 3485 2333 nusquam

1906 2348 2015 2402 sint
2066 2360 2318 2417 repertae.
2373 2350 2467 2404 llis
2530 2361 2904 2407 consentanea
2963 2353 3269 2410 Prochorus
3320 2357 3482 2410 etiam

1906 2441 2149 2496 tradidit.
2176 2443 2322 2498 Dicit
2351 2445 2496 2499 enim
2532 2445 2677 2516 quod
2709 2445 2859 2501 lllius
2904 2446 3061 2515 jussu
3093 2447 3303 2503 foveam
3351 2448 3488 2504 elle-

1905 2534 2118 2603 derant,
2144 2535 2389 2605 inquam
2413 2538 2709 2607 prolapsus
2731 2539 2983 2608 molcque
3010 2540 3242 2595 obrutus
3276 2557 3313 2594 σε
3334 2543 3489 2596 nobis

1904 2628 2090 2680 emisit
2116 2628 2386 2697 spiritum.
2429 2628 2575 2684 Cum
2602 2630 2717 2684 haec
2758 2640 2949 2700 postea
3016 2631 3251 2687 civitatis
3293 2632 3487 2688 incolis

1906 2720 2225 2773 annuntiata
2249 2723 2676 2789 essent,.reversi
2696 2723 2875 2779 locum
2898 2739 3126 2779 vacuum
3151 2725 3485 2781 invertimus.

1908 2809 2016 2863 Sed
2054 2811 2227 2865 divini
2274 2812 2522 2883 Gregorii
2570 2813 2730 2867 frater
2785 2814 3060 2869 Caesarius
3112 2815 3185 2870 de
3214 2816 3319 2869 hoc
3344 2814 3488 2869 Cou-

1904 2903 2256 2972 statttinopoli
2287 2913 2497 2959 secnete
2521 2904 2911 2976 interrogatus,
2938 2906 3289 2976 dixit,ipsum
3313 2904 3484 2960 Joan—

1907 3009 2032 3048 nem
2064 2995 2117 3048 in
2152 2996 2448 3066 Evangelio
2483 3013 2584 3053 suo
2613 2998 2680 3052 de
2710 2998 2815 3052 hoc
2841 3008 3026 3068 aperte
3054 3000 3365 3053 declarasse
3399 3000 3484 3053 his
3564 2996 3565 2999 “

224 3088 551 3153 οικοῦντας
622 3083 720 3138 ἐπὶ
778 3082 891 3151 τῆς
940 3081 1087 3153 γῆς,
1135 3077 1262 3136 εἶτα
1325 3079 1798 3147 ἀναστήσονται.

1912 3086 2091 3141 verbis
2119 3104 2131 3141 :
2178 3105 2196 3139 ι
2235 3086 2380 3142 Exiit
2412 3104 2540 3159 ergo
2580 3105 2761 3145 sermo
2792 3091 2933 3145 inter
2964 3091 3187 3157 fratres,
3219 3091 3373 3145 illum
3402 3091 3486 3146 di-

228 3179 386 3232 Ἀλλά
432 3177 538 3232 καὶ
582 3179 609 3230 6
669 3176 939 3243 ἱστορικὸς
992 3173 1307 3237 Ἱππόλυτος
1353 3176 1484 3244 περὶ
1526 3173 1639 3231 τῶν
1665 3173 1802 3225 ἀπο-

228 3268 425 3323 στόλων
496 3264 711 3331 διεξιὼν
754 3265 901 3333 λέγει
958 3263 1050 3317 τὸν
1114 3264 1504 3331 εὑαγγελιστὴν
1545 3263 1801 3333 Ἰωάννην

226 3360 677 3430 ἐπανακληθῆναι
706 3358 805 3428 τῆς
845 3356 1059 3428 ὲξορίας
1100 3356 1207 3409 ὑπὸ
1235 3357 1484 3425 Νερούα,
1522 3357 1617 3409 καὶ
1657 3354 1803 3408 οὕτω

228 3454 359 3526 μετὰ
386 3452 570 3509 ταῦτα
600 3450 959 3521 τελευτῆσαι,
985 3443 1045 3505 οὗ
1075 3451 1167 3502 καὶ
1193 3450 1253 3502 τὸ
1282 3448 1533 3518 λείψανον
1567 3449 1803 3519 ζητηθὲν

222 3549 318 3620 οὐχ
345 3548 578 3620 εὑρέθη.
619 3544 701 3600 Τὰ
728 3547 869 3600 αὑτά
898 3551 1009 3610 τοῖς
1053 3546 1397 3616 διαληφϐεῖσι
1430 3545 1522 3599 καὶ
1548 3544 1626 3615 τῷ
1663 3546 1803 3614 Προ-

225 3639 387 3713 χώρῳ
444 3640 782 3710 διείληπται.
817 3639 981 3706 Λέγει
1050 3640 1181 3708 γὰρ,
1242 3640 1323 3692 ὅτι
1372 3641 1493 3692 κατ’
1534 3638 1803 3709 ἐπιταγὴν

224 3737 441 3789 ἐκείνου
478 3735 681 3796 λάκκος
731 3732 967 3805 ὤρυκτο,
1034 3734 1091 3786 ὲν
1120 3729 1162 3802 ᾧ
1209 3731 1392 3785 πεσὼν
1444 3735 1540 3786 καὶ
1587 3733 1803 3803 χώματι

228 3828 571 3891 σκεωσθεὶς
610 3826 741 3899 παρ’
785 3827 944 3898 ἡμῶν
977 3828 1262 3899 παρέδωκε
1306 3828 1366 3881 τὸ
1396 3828 1636 3897 πνεῦμα.
1672 3826 1805 3883 Εἶτα

221 3922 630 3994 διηγησάμενος
658 3921 834 3976 ταῦτα
861 3924 972 3984 τοῖς
1007 3924 1064 3974 ἐν
1096 3924 1160 3992 τῇ
1202 3924 1381 3986 πόλει,
1409 3923 1505 3977 καὶ
1535 3924 1801 3994 ὑποστρέ-

222 4016 422 4083 ψαντες
465 4016 622 4068 κενὸν
655 4013 746 4068 τὸν
771 4016 938 4067 τόπον
962 4015 1311 4085 εὑρήκαμεν.
1343 4015 1509 4069 Ἀλλά
1538 4022 1631 4070 καὶ
1660 4019 1687 4069 6
1714 4016 1803 4069 τοῦ

224 4107 495 4178 Θεολόγου
527 4107 836 4178 Γρηγορίου
873 4107 1104 4176 ἀδελφὸς
1136 4107 1460 4178 Καισάριος,
1507 4110 1804 4179 ἐρωτηθεὶς

222 4202 315 4252 ἐπὶ
360 4200 629 4270 σεκρὲτου
684 4202 742 4252 ὲν
781 4200 1362 4253 Κωνσταντινουπόλει
1408 4202 1540 4271 περὶ
1584 4204 1803 4265 τούτου,

220 4287 402 4357 εἶπεν,
446 4292 529 4345 ὅτι
564 4292 733 4354 αὐτὸς
757 4292 785 4343 6
816 4292 1072 4360 Ἰωάννης
1104 4292 1162 4345 ἐν
1196 4291 1271 4363 τῷ
1299 4292 1423 4345 κατ’
1446 4293 1606 4346 αὑτὸν
1632 4294 1807 4361 Εὐαγ-

1906 3182 2176 3252 scipulum
2200 3200 2305 3238 non
2331 3185 2658 3251 moriturum
2682 3200 2826 3241 esse.
2850 3187 3036 3241 Etnon
3062 3187 3199 3242 dixit
3229 3187 3278 3241 ei
3301 3186 3478 3241 Jesus:

1907 3275 2023 3329 Non
2058 3276 2325 3341 moritur;
2361 3278 2485 3343 sed,
2512 3278 2568 3333 Si
2605 3295 2729 3334 eum
2767 3280 2890 3336 volo
2919 3297 3141 3336 manere
3168 3282 3343 3337 donec
3370 3288 3484 3353 ipse

1909 3370 2151 3434 veniam,
2202 3371 2334 3440 quid
2364 3372 2435 3427 ad
2465 3372 2560 3427 te?
2605 3383 2662 3428 tu
2707 3389 2795 3427 me
2826 3389 3081 3444 sequere.
3124 3393 3142 3426 ι
3177 3375 3242 3429 Ει
3268 3376 3392 3446 iure
3429 3377 3481 3431 id

1905 3463 2085 3529 dixit,
2137 3464 2298 3519 falsas
2333 3480 2523 3520 eorum
2573 3466 2925 3535 suspiciones
2948 3467 3300 3537 rcdargueus,
3334 3470 3478 3538 quod

1907 3556 2107 3627 swpius
2155 3558 2265 3627 egit
2290 3597 2304 3621 ,
2341 3558 2539 3613 stultos
2584 3560 2734 3629 ipsos
2765 3575 2967 3614 vocans
3000 3568 3055 3614 et
3094 3560 3261 3615 duros
3292 3563 3482 3615 corde.

1910 3650 1973 3702 In
1996 3651 2226 3718 cpistola
2275 3666 2401 3705 vero
2446 3651 2747 3722 Polycratis
2805 3654 3145 3709 successoris
3172 3653 3485 3725 Ephesique

1909 3744 2307 3813 archiepiscopi
2330 3744 2410 3798 ad
2441 3742 2716 3801 Victorem
2751 3759 3131 3801 successorem
3165 3764 3484 3820 magnthttc

1910 3838 2095 3892 Bonna:
2150 3837 2623 3907 archiepiscopum
2675 3840 2792 3893 haec
2847 3839 3009 3892 etiam
3063 3840 3268 3910 scripta
3315 3852 3479 3897 sunt:

1910 3931 2098 4001 Magna
2123 3945 2220 4001 per
2240 3932 2422 3986 Asiam
2453 3932 2722 3986 elementa
2747 3931 3112 3997 dormierunt,
3142 3948 3260 4000 qua:
3292 3932 3483 3985 ultimo

1908 4025 1996 4078 die
2032 4031 2336 4093 resurgent.
2362 4022 2647 4094 Philippus
2681 4039 2823 4078 unus
2849 4040 2911 4078 ex
2943 4024 3234 4079 duodecim
3263 4034 3485 4092 aposto-

1907 4115 1994 4181 lis,
2041 4116 2130 4185 qui
2160 4116 2430 4186 llicrapoli
2483 4132 2589 4170 una
2640 4131 2764 4170 cum
2798 4116 3010 4169 ﬁliabus
3045 4115 3159 4170 suis
3184 4115 3482 4179 dormivit;

1908 4207 2149 4264 Joannes
2202 4209 2362 4263 etiam
2409 4210 2501 4277 qui
2550 4224 2711 4280 supra
2776 4220 2963 4278 pectus
3012 4208 3139 4263 Jcsu
3203 4209 3481 4276 recubuit,

1910 4302 2117 4370 Ephesi.
2145 4316 2362 4370 quoque
2396 4301 2637 4355 dormiit.
2669 4300 2895 4372 Magnus
2940 4301 3293 4364 Athanasius,
3328 4303 3379 4355 in
3417 4302 3484 4354 li-

218 4385 383 4452 γελίῳ
407 4385 708 4455 διεσάφησε
719 4383 787 4436 τά
805 4384 933 4455 περὶ
949 4383 1163 4448 τούτου,
1189 4385 1244 4436 ὲν
1263 4378 1345 4445 οἷς
1362 4385 1502 4437 οὕτω
1528 4386 1799 4450 διέξεισιν·

1917 4394 2011 4446 bro
2045 4393 2120 4445 De
2152 4393 2570 4455 resurrectione,
2598 4392 2821 4447 Heuocb
2848 4401 2903 4446 et
2928 4393 3101 4447 Eliatn
3157 4395 3300 4448 inter
3331 4396 3483 4449 vivos

231 4475 531 4546 Ἐξῆλθεν
576 4471 691 4531 οὖν
726 4479 757 4529 ό
796 4478 981 4543 λόγος
1027 4478 1117 4541 εἰς
1167 4475 1312 4541 τοὺς
1342 4477 1667 4546 ἀδελφοὺς,
1720 4478 1799 4531 ὅτι

1918 4485 2121 4542 versari
2166 4483 2321 4551 dixit,
2369 4498 2470 4538 nec
2508 4483 2673 4537 alium
2726 4498 3107 4553 quemcunque
3160 4484 3271 4538 ullo
3319 4486 3481 4539 modo

219 4571 252 4622 ὁ
279 4568 565 4639 μαθητὴς
600 4568 836 4634 ἐκεῖνος
893 4571 1008 4622 οὐκ
1060 4569 1460 4637 ἀποθνήσκει.
1532 4573 1639 4625 Καὶ
1697 4574 1807 4635 οὐκ

216 4658 396 4717 εἶπεν
442 4660 603 4727 αὺτῷ
670 4664 702 4715 ό
768 4660 1036 4729 Ἰησοῦς,
1099 4661 1186 4714 ὅτι
1238 4665 1352 4716 οὐκ
1406 4665 1802 4731 ἀποθνήσκει,

216 4756 363 4811 ἀλλ’
410 4754 548 4808 Ἐὰν
578 4755 767 4808 αὑτὸν
802 4755 956 4807 θέλω
979 4753 1209 4823 μένειν,
1246 4755 1358 4821 ἕως
1405 4756 1655 4826 ἔρχομαι
1680 4799 1693 4823 ,
1749 4759 1805 4811 τί

214 4850 373 4917 πρὸς
431 4850 533 4915 σέ;
586 4849 669 4903 Σὺ
720 4848 1208 4919 ἀκολούθειμοι.
1251 4850 1422 4904 Τοῦτο
1477 4854 1583 4923 γὰρ
1649 4851 1802 4906 εἶπεν

214 4946 448 5013 ἄριστα,
499 4943 887 5014 διορθούμενος
934 4942 1032 5014 τὴν
1066 4946 1416 5016 ὲσφαλμένην
1448 4947 1630 5000 αὐτῶν
1667 4949 1801 5001 ὑπό-

211 5056 391 5103 νοιαν,
423 5037 496 5100 ὡς
540 5037 812 5107 πολλαχοῦ
844 5037 1004 5091 τοῦτο
1037 5040 1360 5109 πεποίηκεν,
1395 5041 1657 5111 ἀνοήτους
1701 5058 1800 5096 κα-

210 5132 322 5183 λῶν
375 5131 574 5196 αὐτοὺς
628 5131 723 5205 καὶ
779 5130 1004 5200 βραδεῖς.
1048 5134 1113 5201 τῇ
1167 5134 1385 5205 καρδίᾳ.
1422 5134 1586 5188 Ἀλλά
1613 5136 1707 5189 καὶ
1740 5138 1797 5190 ὲν

205 5228 275 5297 τῇ
329 5224 471 5293 πρὸς
520 5225 760 5292 Βίκτορα
808 5224 902 5277 τὸν
954 5224 1201 5295 διάδοχον
1234 5227 1328 5281 καὶ
1361 5229 1793 5298 ἀρχιεπίσκοπον

203 5316 308 5381 τῆς
343 5317 590 5387 μεγάλης
628 5316 852 5387 Ῥώμης
877 5320 1133 5388 ἐπιστολῇ
1184 5319 1566 5391 Πολυκράτους
1613 5324 1788 5377 διαδό-

204 5426 321 5476 χου·
355 5409 797 5479 ἀρχιεπισκόπου
842 5408 1071 5479 Ἐφέσου
1133 5412 1227 5464 καὶ
1272 5413 1397 5467 τάδε
1443 5416 1783 5486 γέγραπται·

1914 4576 2257 4633 memoravit.
2308 4576 2429 4646 lpse
2466 4577 2628 4631 etiam
2665 4574 2962 4643 Gregorius
2998 4575 3225 4644 Magnus
3258 4576 3482 4630 Sermo-

1911 4670 2123 4725 cinator
2169 4668 2436 4723 Jacobum
2501 4678 2754 4721 necatum
2810 4682 2936 4723 esse
2995 4667 3165 4733 dicit,
3215 4666 3480 4723 Joannem

1912 4780 2039 4819 vero
2067 4763 2118 4816 in
2152 4777 2285 4833 pace
2316 4778 2348 4817 e
2377 4764 2482 4816 vita
2507 4761 2830 4818 decessisse.
2854 4760 3237 4817 Divinissimus
3263 4762 3482 4819 tandem

1910 4858 2154 4927 liphraetn
2181 4859 2234 4911 in
2264 4870 2517 4911 sermone
2549 4856 2613 4909 de
2638 4853 2879 4909 secundo
2903 4858 3139 4909 adventu
3188 4854 3325 4911 duos
3363 4867 3484 4911 tan-

1904 4965 2017 5008 tum
2050 4953 2199 5008 viros
2223 4950 2638 5021 praenuntiatus,
2670 4946 2889 5002 llenoclt
2942 4948 3154 5003 scilicet
3202 4957 3259 5003 et
3279 4947 3476 5015 Eliam,

1900 5045 2101 5099 citasse
2144 5044 2441 5113 reperitur.
2475 5043 2539 5095 Et
2571 5041 2688 5095 bare
2709 5040 2928 5110 quidem
2961 5040 3028 5094 de
3061 5041 3216 5095 beato
3242 5056 3481 5112 evange-

1900 5137 2025 5192 lista
2057 5137 2271 5191 Joanne
2328 5151 2355 5187 a
2408 5134 2667 5188 Patribus
2704 5134 3039 5204 supradictis
3086 5134 3281 5188 tradita
3330 5144 3480 5188 sunt.

1904 5229 2045 5283 Sive
2066 5228 2246 5282 adhuc
2274 5226 2431 5281 vivus
2456 5224 2683 5279 llenoeh
2714 5234 2771 5279 et
2809 5226 2936 5279 Elia:
2971 5224 3335 5289 consocietur,
3367 5222 3481 5276 sive

1896 5338 2026 5385 non,
2064 5337 2091 5374 a
2113 5319 2450 5376 sublimitate
2472 5330 2561 5375 tua
2583 5318 2991 5389 diiudicandum
3022 5326 3125 5384 cst,
3158 5331 3257 5371 nec
3286 5331 3393 5369 non
3414 5330 3479 5370 ex

1897 5432 2048 5471 more
2077 5412 2444 5469 nescientium
2464 5412 2638 5467 oculis
2655 5408 3180 5467 subministrandum
3205 5408 3477 5478 relinquo.

204 5505 370 5558 Κατὰ
422 5509 521 5577 τὴν
573 5506 767 5559 Ἀσίαν
819 5510 1037 5579 μεγάλα
1090 5514 1329 5583 στοιχεῖα
1385 5516 1791 5587 κεκοίμηνται,
1851 5521 2011 5576 ἆτινα
2048 5516 2446 5578 ἀναστήσονται
2510 5516 2574 5581 τῇ
2638 5514 2844 5583 ἐσχάτῃ
2877 5504 3479 5586 ἡμέρᾳ.Ψίλιππος.εἶς

208 5605 287 5656 ὢν
342 5603 457 5657 τῶν
516 5604 723 5658 δώδεκα
776 5608 1112 5675 ἀποστόλων,
1168 5611 1226 5674 ὃς
1292 5611 1621 5681 κεκοίμηται
1656 5617 1713 5668 ὲν
1756 5614 2060 5687 Ἱεραπόλει
2095 5611 2193 5663 καὶ
2238 5607 2537 5679 Θυγατέρες
2574 5610 2763 5661 αὑτοῦ.
2802 5608 3001 5661 Ἔτιδὲ
3036 5608 3131 5661 καὶ
3156 5607 3411 5676 Ἰωάννης
3451 5620 3479 5669 ὁ

212 5699 311 5756 ἐπὶ
370 5697 451 5766 τῷ
506 5699 690 5768 στήθει
722 5701 815 5755 τοῦ
865 5703 1038 5774 Ἰησοῦ
1102 5704 1390 5759 ἀναπεσὼν
1419 5722 1434 5738 ο
1463 5702 1620 5770 οὗτος
1673 5708 1729 5762 ὲν
1772 5707 1983 5777 Ἐφέσῳ
2018 5709 2366 5777 κεκοίμηται.
2420 5707 2531 5759 Καὶ
2581 5707 2607 5756 6
2664 5704 2836 5772 μέγας
2880 5703 2935 5756 δὲ
2963 5700 3281 5767 Ἀθανάσιος
3316 5702 3374 5758 ὲν
3402 5700 3479 5776 τῷ
