3838 6226
228 369 328 429 905

1547 361 1915 423 El’lSTOLA
1963 365 2155 428 XVII.

3361 361 3495 424 sas.-

226 493 312 530 σεν
339 511 354 538 ,
389 473 476 543 ὑφ’
517 462 592 526 ὧν
645 472 739 526 καὶ
782 475 842 527 τὸ
891 475 1134 530 τοιοῦτον
1179 476 1381 548 χωρίον
1425 475 1738 546 ὴγόρασται
1769 487 1780 500 ·

1888 473 1930 526 si
1968 476 2037 528 ita
2085 489 2170 529 res
2201 489 2259 530 se
2295 475 2519 541 habent,
2552 474 2836 530 evidenter
2881 482 3208 530 erraverunt
3256 472 3347 541 qui
3395 473 3466 524 oh

223 568 336 623 οὐδὲ
367 567 473 636 γὰρ
507 564 637 637 ἐξῆν
678 565 852 621 ταῦτα
887 567 1072 638 βαλεῖν
1103 571 1181 633 είς
1213 571 1304 623 τὸν
1347 569 1654 639 κορϐωνᾶν,
1708 585 1784 620 τι-

229 661 328 730 μὴν
376 653 692 728 ὑπάρχοντα
731 659 960 726 αἵματος
987 676 1001 690 ο
1045 660 1178 712 πότε
1240 660 1430 712 λοιπὸν
1491 659 1524 730 ἢ
1559 658 1725 711 πόθεν
1758 658 1786 710 6

223 751 415 814 Ἰούδας
445 749 650 820 χωρίον
681 751 957 819 ἐκτήσατο
984 768 998 817 ;
1034 752 1196 823 εἴπερ
1247 753 1338 807 καὶ
1375 751 1578 822 μᾶλλον
1621 754 1678 804 ὲν
1708 751 1784 820 τῷ

218 843 322 914 ναῷ
354 841 514 914 ῥίψας
539 844 629 896 τὸν
655 845 751 912 τῆς
777 843 990 907 ἀδικίας
1025 845 1217 915 μισθὸν
1240 848 1446 918 ἀγχόνῃ
1477 846 1784 916 τηνικαῦτα

219 939 503 1008 ἐχρήσατο.
555 938 768 993 Ἀλλων
816 941 998 993 τοίνυν
1054 943 1418 1013 ἠγορακότων
1453 944 1618 1008 αὐτὸς
1652 943 1786 1010 ἀγο-

222 1028 372 1101 ράσαι
413 1028 631 1096 λέγεται
658 1070 673 1095 ,
721 1032 797 1092 ὡς
844 1031 1056 1085 ἄνωθεν
1108 1033 1349 1104 είρηται.
1418 1034 1476 1088 El
1515 1034 1571 1087 δὲ
1613 1033 1786 1088 ταῦτα

215 1122 381 1185 οὕτως
433 1122 572 1192 ἔχει,
625 1123 1003 1195 πεπλάνηνται
1056 1128 1355 1197 προφανῶς
1382 1130 1430 1182 οί
1460 1129 1549 1182 διά
1587 1146 1650 1195 γε
1686 1127 1785 1200 τὴν

215 1216 300 1269 τοῦ
331 1215 532 1285 χωρίου
576 1216 736 1285 δῆθεν
793 1218 1060 1288 ἐξώνησιν
1115 1222 1208 1274 καὶ
1240 1200 1403 1291 ζῆσαι
1453 1222 1543 1274 τὸν
1583 1221 1786 1274 Ἰούδαν

217 1308 347 1376 μετὰ
390 1308 490 1376 τὴν
550 1309 788 1379 ἀγχόνην
838 1311 1188 1379 νομίσαντες.
1233 1313 1297 1366 Et
1353 1312 1408 1365 δὲ
1451 1313 1547 1366 καὶ
1601 1312 1782 1384 πρηνῆ

215 1401 392 1451 πεσεῖν
430 1399 524 1451 τὸν
557 1399 765 1454 Ἰούδαν
789 1441 806 1466 ,
855 1402 1080 1455 λακίσαι
1120 1420 1178 1455 τε
1236 1404 1404 1470 μέσον
1443 1403 1610 1458 αὐτὸν
1641 1406 1673 1474 ἡ
1707 1404 1784 1474 βί-

213 1489 331 1551 ϐλος
361 1489 675 1561 διαγορεύει
716 1492 824 1544 τῶν
860 1493 1121 1563 Πράξεων
1146 1536 1160 1561 ,
1202 1495 1276 1558 ὼς
1308 1495 1513 1548 ἀνωθεν
1543 1497 1782 1566 εἴρηται,

213 1581 279 1641 ὡ;
324 1581 578 1635 ἐντεῦθεν
630 1583 810 1636 δοκεῖν
865 1585 1240 1638 ἐναντιοῦσθαι
1276 1587 1540 1657 ἀλλήλοις,
1583 1587 1684 1656 τήν
1726 1605 1785 1640 τε

209 1673 596 1742 διαληφθεϊσαν
626 1674 804 1745 βίϐλον
855 1678 949 1730 καὶ
996 1678 1136 1732 αὐτὰ
1168 1678 1236 1732 τὰ
1275 1679 1396 1749 ίερὰ
1446 1680 1781 1749 Εὐαγγέλιατ

209 1765 318 1818 ἀλλ’
363 1767 424 1819 ού
463 1767 719 1822 τοσοῦτον
767 1768 1074 1837 θαυμάζειν
1123 1773 1216 1826 ἐπὶ
1251 1773 1466 1836 τούτοις
1506 1791 1563 1826 σε
1604 1773 1782 1839 ἄξιον.

211 1861 364 1923 Εἰκὸς
392 1861 505 1929 γὰρ
539 1861 635 1915 καὶ
685 1861 982 1932 ἀμφότερα
1019 1865 1200 1920 ταῦτα
1255 1866 1332 1934 τῷ
1364 1868 1483 1920 τότε
1525 1866 1591 1939 [Ῑ.
1620 1869 1678 1919 ὲν
1707 1869 1786 1938 τῷ

209 1955 323 2004 τότε
364 1951 568 2024 χρόνῳ]
601 1953 880 2020 γενέσθαι,
934 1957 994 2007 τὺ
1049 1956 1405 2024 τελειωθῆναι
1436 1976 1494 2010 τε
1525 1960 1592 2011 δι’
1616 1959 1783 2027 ἀγχό-

209 2061 300 2111 νης
332 2045 521 2112 αὐτὸν,
569 2047 665 2099 καὶ
703 2047 765 2099 τδ
814 2051 882 2102 τὰ
917 2049 1200 2120 σπλάγχνα
1254 2050 1418 2104 αὐτοῦ
1464 2051 1782 2123 ἐκχυθῆναι,

209 2134 277 2197 ὡς
307 2136 571 2200 πολλάκις
598 2138 932 2210 διείληπται,
977 2141 1074 2195 ἇτε
1111 2141 1209 2208 τοῦ
1253 2143 1518 2197 καλωδίου
1558 2143 1786 2216 διαρρα-

207 2226 414 2292 γὲντος,
467 2229 525 2281 ἑν
566 2223 608 2296 ᾧ
664 2231 984 2302 ἀπῃὼρητο,
1025 2231 1321 2288 κάντεῦθεν
1355 2236 1437 2298 είς
1477 2234 1582 2304 γῆν
1625 2251 1784 2288 κατε-

209 2319 486 2388 νιχθέντος
529 2323 738 2374 ἐκείνου
770 2364 785 2388 ,
848 2325 942 2376 καὶ
1000 2325 1141 2378 οὕτω
1196 2326 1360 2396 μέσον
1404 2326 1784 2392 λελακικότος,

208 2408 276 2471 ὡς
325 2409 513 2482 θέαμα
575 2416 899 2483 προκεῖσθαι
954 2420 1064 2480 τοῖς
1107 2419 1273 2473 πᾶσιν
1318 2419 1578 2485 ἐξαίσιον.
1623 2412 1816 2484 Ποῖος’

205 2503 295 2554 καὶ
328 2505 429 2576 γὰρ
473 2505 636 2560 αὑτὸν
667 2507 861 2562 ἑαυτοῦ
897 2512 1166 2580 γεγονότα
1201 2513 1502 2586 αὐτόχειρα
1535 2515 1781 2588 ἢιταφῆς

206 2595 330 2660 δλως
375 2600 639 2668 ἠξίωσεν,
675 2603 707 2672 ἢ
745 2604 887 2657 κατά
940 2622 1065 2660 τινα
1110 2607 1315 2678 τρόπον
1346 2601 1782 2682 περιεποιήσατο

206 2684 414 2756 ἐτερονς
485 2691 737 2745 Μαίνθανε
795 2693 888 2747 οὖν
953 2696 1232 2762 ἐντεῦθεν,
1267 2698 1343 2762 ὡς
1403 2703 1460 2753 ὲν
1520 2702 1659 2772 αὐτῇ
1713 2705 1780 2774 τῇ

204 2779 397 2853 ἀγχόνῃ
432 2783 502 2836 τὸ
547 2783 642 2838 τοῦ
673 2785 796 2856 βίου
842 2788 998 2851 τέλος
1037 2791 1286 2857 ἐδέξατο..
1311 2792 1416 2848 Ἴδε
1449 2794 1558 2864 γὰρ
1582 2795 1661 2847 ὅτι
1687 2795 1783 2849 καὶ

204 2871 230 2923 6
281 2872 374 2944 τὴν
423 2877 684 2944 γλῶτταν
713 2880 949 2949 χρυσοῦς
1002 2883 1060 2934 ὲν
1112 2885 1178 2952 τῇ
1216 2886 1300 2946 είς
1349 2884 1408 2936 τὸ
1460 2888 1602 2938 κατὰ
1633 2887 1782 2941 Ματ-

206 2963 345 3018 θαίον
381 2969 732 3034 Εὑαγγέλιον
755 2972 1092 3044 ὀγδοηκοστῇ
1124 2975 1350 3046 πέμπτῃ
1382 2976 1573 3049 ὁμιλίᾳ
1605 2978 1777 3032 αὑτοῦ

203 3053 560 3128 διαλαμϐάνει
591 3062 693 3130 μὲν
730 3063 862 3133 περὶ
914 3067 1012 3134 τῆς
1071 3065 1310 3137 ἀγχόνης
1336 3066 1430 3120 τοῦ
1457 3068 1651 3134 Ἰούδα,
1686 3070 1782 3123 καὶ

1890 568 2001 637 agri
2037 569 2369 637 emptionem
2427 568 2619 624 ludam
2656 580 2780 641 post
2826 569 3240 639 suspensionem
3271 566 3470 620 vixiSse

1889 661 2311 716 contenderunt.
2357 661 2601 732 Namque
2625 665 2668 719 si
2718 662 2912 717 Judam
2968 675 3297 730 suspensum
3348 674 3472 714 cre-

1887 752 2078 822 puisse
2109 754 2351 807 medium
2381 754 2432 807 in
2463 755 2695 808 Actuum
2729 755 2868 808 libro
2902 761 3176 818 narratur,
3212 758 3272 805 ut
3305 766 3470 818 supra

1889 842 2156 907 diximus,
2199 845 2395 899 exinde
2427 845 2786 914 sibimetipsis
2825 845 3204 898 contradicere
3239 843 3469 896 videan-

1891 942 1976 987 tur
2014 935 2150 989 liber
2182 936 2530 1005 supradictus
2561 945 2615 990 et
2645 937 2759 1006 ipsa
2786 945 2974 989 sancta
3005 935 3332 1006 Evangelia;
3372 933 3466 988 sed

1887 1043 1998 1081 non
2027 1029 2164 1083 adeo
2193 1029 2259 1082 de
2292 1029 2376 1082 his
2407 1029 2593 1083 mirari
2629 1030 2806 1084 decet,
2841 1028 3050 1082 Etenim
3077 1022 3187 1082 duo
3212 1030 3312 1082 ista
3340 1035 3471 1081 tunc

1889 1119 2006 1175 ﬁeri
2042 1121 2304 1189 oportuit,
2338 1120 2512 1189 ipsum
2545 1122 2800 1176 videliuet
2835 1121 3027 1190 laqueo
3061 1135 3089 1174 e
3126 1120 3232 1173 vita
3265 1119 3470 1173 disces-

1887 1214 2047 1278 sisse,
2091 1222 2144 1270 et
2177 1213 2370 1268 ditl‘usa
2403 1214 2707 1284 procidisse
2739 1215 2950 1269 viscera
2983 1212 3136 1280 ejus,
3173 1212 3314 1266 sicut
3363 1226 3468 1264 sa:-

1887 1310 2010 1376 pius
2039 1307 2297 1377 scriptum
2331 1316 2446 1370 est;
2477 1308 2747 1376 siquidem
2781 1306 2951 1361 fracto
2995 1307 3200 1375 laqueo
3215 1320 3326 1374 quo
3354 1303 3473 1356 fue-

1892 1412 1975 1454 rat
2009 1393 2326 1470 suspensus,
2383 1411 2437 1454 et
2471 1400 2549 1453 sic
2585 1399 2702 1468 ipso
2740 1399 2794 1451 in
2833 1405 3030 1452 terram
3064 1398 3304 1466 delapso,
3358 1411 3473 1449 me-

1889 1494 2012 1547 dius
2047 1493 2282 1562 crepuit,
2318 1502 2378 1546 ut
2410 1492 2607 1545 mirum
2644 1490 2809 1545 veluti
2841 1491 3058 1559 aliquod
3091 1491 3305 1560 signum
3356 1505 3475 1544 om-

1889 1585 2049 1639 nibus
2084 1594 2393 1654 appareret.
2438 1583 2573 1649 Quis
2605 1584 2751 1637 enim
2780 1583 3042 1637 suicidam
3080 1585 3158 1636 vel
3187 1582 3470 1651 sepultura

1889 1677 2112 1746 dignum
2147 1677 2412 1741 habebit,
2444 1677 2529 1731 vel
2575 1676 2683 1730 alio
2715 1675 2949 1745 quodam
2998 1675 3160 1729 modo
3214 1675 3469 1728 auxiliari

1890 1770 2028 1824 volet
2053 1770 2075 1822 ‘?
2100 1769 2180 1824 Ab
2220 1771 2324 1824 hoe-
2363 1771 2526 1838 igitur
2549 1769 2722 1833 disce,
2746 1768 2892 1838 quod
2931 1768 3129 1838 laqueo
3169 1781 3470 1837 suspensus

1887 1880 1917 1919 e
1951 1866 2060 1918 vita
2095 1865 2366 1919 discessit.
2416 1865 2554 1918 Ecce
2586 1863 2730 1917 enim
2768 1864 3038 1931 quomodo
3058 1861 3472 1931 Chrysostomus

1889 1957 1942 2010 in
1982 1958 2313 2027 octogesima
2367 1958 2568 2023 quinta
2613 1957 2666 2009 in
2715 1955 3109 2022 evangelistam
3163 1954 3472 2008 Mattha'um

1886 2050 2132 2116 homdia,
2155 2051 2223 2104 dc
2250 2048 2401 2105 .l'udae
2423 2049 2723 2120 proditoris
2753 2048 3048 2120 suspendio
3070 2049 3294 2119 ejusque
3321 2048 3472 2102 exitu

1886 2142 2196 2204 disserens,
2253 2143 2326 2196 nil
2381 2143 2615 2212 amplius
2670 2143 2836 2209 dicit;
2883 2141 3228 2211 'proindeque
3275 2138 3468 2196 ludam

1885 2247 2070 2303 postea
2113 2237 2460 2304 superstitem
2493 2251 2600 2291 non
2635 2235 2802 2290 fuisse
2831 2235 2948 2289 viro
2980 2234 3053 2288 illi
3073 2243 3261 2289 sancto
3294 2234 3470 2289 visum

1885 2336 2004 2393 est,
2061 2337 2118 2381 ut
2168 2329 2410 2397 plerique
2453 2328 2820 2383 crediderunt.
2881 2328 3029 2382 idem
3085 2327 3299 2381 divinus
3342 2330 3474 2380 cou-

1888 2416 2074 2473 ﬁtetur
2108 2418 2260 2472 Nilus
2311 2421 2495 2472 dicens
2524 2438 2539 2476 :
2583 2419 2718 2485 Quid
2751 2419 2902 2473 Judae
2929 2419 3249 2486 profuerunt
3271 2417 3475 2474 Christi

1887 2511 2119 2574 monita,
2169 2511 2296 2581 quid
2343 2511 2465 2578 ejus
2511 2511 2794 2576 miracula,
2827 2527 2951 2566 cum
2988 2523 3175 2581 postea
3216 2511 3410 2580 laqueo
3445 2524 3476 2563 e

1887 2605 1996 2657 vita
2038 2604 2367 2659 dieesserit?
2403 2603 2528 2661 Haec
2580 2605 2745 2659 etiam
2792 2605 3139 2661 conﬁrmavit
3183 2604 3478 2673 presbyter

1885 2695 2228 2764 Ammonius,
2261 2697 2448 2751 dicens
2481 2737 2498 2760 ,
2528 2699 2673 2768 quod
2700 2713 2822 2761 cum
2854 2699 3106 2753 Christus
3167 2697 3232 2751 ad
3269 2696 3478 2750 inferos

1886 2790 2276 2851 descendisset,
2316 2791 2513 2846 animze
2546 2807 2758 2854 omnes,
2795 2799 2853 2847 et
2885 2791 3057 2861 ipsius
3084 2791 3237 2846 Judze
3263 2789 3472 2851 anima,

1885 2897 1914 2936 a
1944 2882 2184 2938 vinculis
2209 2887 2398 2937 Soluiaa
2442 2892 2594 2947 sunt,
2644 2896 2838 2938 omnes
2873 2900 3003 2939 vero
3034 2885 3315 2940 Christum
3365 2899 3472 2936 non

1887 2983 2108 3039 secutae,
2142 2973 2238 3028 sed
2268 2983 2479 3028 tantum
2510 2976 2850 3030 credenlium
2886 2979 3102 3030 animm.
3134 2975 3475 3045 Quapropter

1887 3069 1931 3123 si
1965 3078 2088 3139 post
2140 3069 2494 3140 suspendium
2542 3070 2713 3124 Judas
2764 3081 3042 3138 superstes
3090 3069 3306 3133 fuisset,
3338 3083 3475 3138 quo-

203 3147 292 3213 τῆς
344 3149 518 3203 αὐτοῦ
558 3153 835 3224 τελευτῆς·
876 3153 1022 3224 λέγει
1072 3156 1128 3210 δὲ
1171 3158 1320 3226 ὅμως
1375 3159 1562 3214 πλεῖον
1601 3161 1775 3216 οὐδέν.

1888 3162 2045 3216 modo
2089 3162 2146 3216 in
2188 3161 2380 3216 inferis
2430 3162 2669 3216 animam
2727 3164 2846 3229 ejus
2903 3161 3119 3230 ligatam
3177 3160 3474 3214 invenisset

217 3235 300 3299 Ὠς
345 3241 610 3296 ἐντεῦθεν
662 3245 1032 3316 ύπεμφαίνειν
1075 3249 1167 3301 τὸν
1227 3250 1385 3319 ἆγιον
1424 3256 1558 3322 μηδὲ
1596 3256 1656 3308 τὸ
1689 3273 1782 3308 τυ-

205 3328 290 3396 χὸν
342 3333 615 3403 ὲπιζῆσαι
667 3337 759 3390 τὸν
789 3339 996 3394 Ἰούδαν
1045 3340 1401 3414 ὕστερον,ὼς
1449 3349 1499 3400 oi
1558 3349 1780 3414 πλείους

203 3419 479 3493 ᾠήθησαν.
513 3427 674 3480 Ἀλλὰ
707 3431 801 3482 καὶ
855 3433 882 3484 ό
925 3432 1202 3498 θειότατος
1231 3437 1422 3500 Νεῖλος
1452 3439 1586 3492 αὐτὸ
1616 3417 1776 3496 τοῦτο

203 3517 521 3588 παρίστησι,
547 3521 741 3589 λέγων’
774 3523 840 3577 Τί
880 3527 971 3578 τὸν
1003 3527 1210 3582 Ἰούδαν
1266 3529 1551 3601 ὠφέλησεν
1606 3536 1637 3605 ἡ
1681 3536 1777 3590 τοῦ

203 3607 433 3678 Χριστοῦ
502 3616 640 3685 πρὸς
675 3617 842 3671 αὐτὸν
895 3618 1224 3675 διδασκαλία
1276 3628 1370 3675 καὶ
1425 3624 1782 3699 θαυματουρ-

202 3705 310 3770 γία,
359 3709 528 3772 εἰπερ
576 3713 634 3764 ἐν
664 3713 873 3784 ἀγχόνῃ
914 3715 1005 3766 τὸν
1058 3715 1171 3785 βίον
1215 3717 1589 3789 κατέστρεψεν
1623 3719 1781 3774 ὓστε-

204 3815 325 3866 ρον;
372 3802 723 3856 Ἐπιϐεϐαιοί
771 3805 826 3856 δὲ
855 3806 1028 3858 ταῦτα
1058 3811 1153 3860 καὶ
1181 3812 1206 3861 ὁ
1238 3811 1614 3882 πρεσϐύτερος
1646 3815 1782 3884 Ἀμ-

204 3890 398 3956 μὼνιος
468 3894 682 3962 λέγων,
727 3898 807 3950 ὅτι
863 3899 957 3951 τοῦ
1006 3901 1249 3969 Χριστοῦ
1295 3904 1650 3970 κατελθόντος
1701 3909 1781 3972 εἰς

202 3981 331 4054 ᾅδην
384 3990 447 4042 αἱ
474 3987 642 4059 ψυχαὶ
690 3992 861 4044 πᾶσαι
908 3993 1001 4045 καὶ
1038 3994 1175 4065 αύτὴ
1218 3997 1250 4066 ἠ
1312 3997 1405 4049 τοῦ
1454 3997 1626 4051 ’ἰούδα
1673 4000 1782 4053 τῶν

198 4073 414 4146 δεσμῶν
491 4080 589 4149 μὲν
643 4081 994 4152 ἀπελύθησαν
1023 4125 1036 4148 ,
1075 4086 1258 4138 οὐκέτι
1289 4087 1346 4140 δὲ
1375 4090 1469 4142 καὶ
1501 4091 1673 4144 πᾶσαι
1703 4092 1781 4162 τῷ

204 4166 426 4242 Χριστῷ
489 4174 921 4242 συνανήλθοσαν,
981 4177 1140 4247 μόναι
1188 4178 1244 4230 δὲ
1281 4181 1336 4232 αί
1391 4183 1780 4240 πιστεύσασαι.

203 4261 412 4315 Οὐκοῦν
463 4265 512 4317 εί
548 4268 688 4335 μετὰ
717 4268 814 4326 τὴν
844 4269 1086 4340 ἀγχόνην
1115 4271 1140 4323 6
1167 4272 1370 4336 Ἰούδας
1399 4273 1593 4345 ἔζησεν
1625 4275 1782 4330 ὕστε-

197 4367 311 4419 ρον,
346 4357 480 4418 πῶς·
503 4359 562 4410 ὲν
591 4358 693 4429 ᾄδῃ
715 4360 817 4431 τὴν
852 4360 1033 4431 ψυχὴν
1081 4363 1250 4417 αὐτοῦ
1297 4366 1594 4438 δεδεμένην
1621 4369 1782 4441 εὗρεν

197 4444 225 4495 6
280 4447 492 4518 Κύριος
520 4465 534 4513 ;
575 4449 812 4519 Εὔδηλον
845 4446 941 4504 οὖν
971 4454 1292 4520 κάντεῦθεν,
1323 4457 1398 4520 ὡς
1446 4460 1504 4513 ὲν
1537 4461 1674 4532 αὐτῇ
1710 4464 1774 4533 τῇ

199 4535 405 4608 ἀγχόνῃ
438 4539 499 4590 τ’)
530 4539 708 4609 χρεὼν
761 4542 1209 4614 ἐλειτούργησεν.
1250 4549 1394 4619 Πλὴν
1456 4553 1554 4622 οὐχ
1605 4553 1778 4618 οὕτως

197 4628 290 4680 ἐπὶ
313 4629 415 4701 τὴν
449 4633 690 4701 ἀγχόνην
721 4636 973 4704 ἐλήλυθε,
1023 4639 1168 4693 καθά
1197 4657 1344 4705 τινες
1374 4644 1778 4715 ὑπειλήφασιν,

197 4720 339 4776 ὥστε
378 4727 671 4796 προλαϐεῖν
706 4729 792 4781 τὸν
824 4728 1055 4800 Χριστὸν
1099 4732 1200 4804 (Ι),
1247 4736 1340 4789 καὶ
1381 4739 1462 4800 είς
1485 4738 1618 4809 ᾅδην
1645 4758 1784 4794 κατο

193 4816 373 4872 ελοεῖν
439 4821 534 4872 ἐπὶ
580 4821 658 4893 τῷ
712 4826 897 4892 τυχεῖν
959 4828 1139 4880 ἐκεῖσε
1192 4830 1324 4899 παρ’
1348 4831 1515 4884 αὐτοῦ
1559 4850 1780 4904 συγχω-

203 4907 446 4976 ρήσεως.
497 4912 671 4965 Τοῦτο
715 4916 826 4984 γὰρ
869 4917 968 4968 ούκ
1016 4917 1080 4969 ἄν
1114 4919 1246 4972 ποτέ
1290 4937 1372 4982 τις
1417 4923 1779 4989 καταδέξαιτο

194 4996 467 5068 λογισμοῦ
505 5001 689 5073 κύριος
714 5003 808 5058 ἄν.
851 5007 908 5058 ὐ
951 5008 1056 5076 γὰρ
1090 5009 1375 5076 πωρωθεὶς
1401 5012 1494 5064 ἐπὶ
1519 5014 1779 5070 τοσοῦτον

196 5091 298 5160 τὴν
329 5093 602 5159 διάνοιαν,
657 5100 684 5150 6
736 5101 1055 5154 παντάπασι
1103 5103 1203 5171 τὴν
1267 5105 1466 5158 ἑαυτοῦ
1504 5108 1779 5174 ἀπογνοὺς

154 5185 158 5188 ”
201 5188 513 5255 σωτηρίαν,
544 5189 660 5252 πῶς
709 5190 740 5259 ἢ
775 5192 915 5262 ποίῳ
941 5193 1127 5263 τρόπῳ
1162 5194 1286 5248 καθ’
1332 5197 1526 5250 ἑαυτὸν
1554 5197 1780 5254 τοιαῦτα

199 5278 568 5349 συνέστρεψε;
602 5282 718 5345 πῶς
753 5284 989 5352 ἐμελέτα
1015 5286 1297 5340 κατελθεῖν
1326 5306 1386 5342 τε
1412 5291 1492 5353 είς
1519 5289 1655 5362 ᾇδην
1686 5295 1783 5346 κὰ-

198 5371 353 5423 κεῖσε
391 5370 563 5426 θεῖναι
625 5375 956 5444 μετάνοιανς
1003 5379 1215 5444 ’Ἄλλως
1265 5398 1324 5435 τε
1379 5382 1543 5437 πόθεν
1575 5385 1782 5448 ἐκεῖνος

197 5462 544 5536 ἤκουσεν,ἤ
617 5469 762 5531 τίνος
799 5472 1051 5536 εἰπόντος
1100 5473 1258 5525 τοῦτο
1307 5476 1656 5545 μεμάθηκεν,
1697 5479 1778 5531 ὅτι

198 5556 340 5626 πρὸς
368 5557 504 5630 ᾅδην
542 5561 820 5615 κατελθὼν
847 5566 874 5617 6
905 5566 1144 5634 Χριστὸς
1173 5567 1439 5638 κήρυγμα
1490 5571 1779 5639 μετανοίας

1885 3254 2147 3308 Dominus
2185 3254 2361 3306 ?lnde
2406 3254 2566 3307 etiam
2633 3253 2795 3308 vitam
2825 3254 3020 3324 laqueo
3077 3268 3200 3304 eum
3268 3250 3474 3307 [iniisse

1888 3357 2129 3417 apparet.
2171 3345 2277 3402 Sed
2317 3356 2497 3400 tamen
2557 3363 2666 3400 non
2706 3351 2809 3401 hac
2867 3347 3079 3400 ratione
3122 3345 3187 3399 ad
3219 3346 3469 3413 laqueum

1888 3441 2060 3506 venit,
2116 3452 2176 3496 ut
2230 3441 2452 3512 quidam
2516 3443 2920 3506 existimarunt,
2986 3451 3045 3495 ut
3107 3444 3474 3502 anteverteret

1887 3536 2192 3602 Christum,
2239 3544 2294 3590 ct
2346 3535 2412 3588 ad
2450 3534 2655 3590 inferos
2700 3535 3040 3593 descendens
3074 3533 3141 3587 ab
3176 3547 3240 3587 eo
3275 3531 3380 3584 sibi
3409 3546 3474 3584 eo

1889 3629 1945 3680 in
1978 3633 2098 3682 loco
2135 3629 2346 3682 veniam
2379 3629 2718 3698 impetraret.
2753 3624 2810 3681 ιιι
2848 3628 2992 3682 enim
3026 3641 3192 3684 nemo
3225 3638 3470 3694 unquam

1888 3719 2189 3783 admiserit,
2240 3720 2540 3775 dummodo
2581 3717 2796 3773 consilii
2831 3733 3052 3787 compos
3096 3718 3186 3771 sit.
3221 3717 3322 3782 Qui
3357 3725 3473 3770 etc:

1887 3811 2001 3864 nim
2064 3814 2400 3866 tantumdem
2455 3811 2621 3866 corde
2671 3809 2975 3864 obduratus
3035 3819 3236 3873 est,et
3297 3809 3475 3862 modis

1889 3903 2146 3958 omnibus
2193 3904 2261 3958 de
2312 3904 2530 3974 propria
2566 3903 2738 3956 salute
2791 3902 3126 3970 desperavit,
3189 3901 3468 3970 quomodo

1889 4005 1983 4051 aut
2034 4013 2267 4066 quanam
2323 3997 2532 4053 ratione
2587 3997 2644 4051 in
2700 4012 2821 4051 sese
2869 3997 3070 4051 similia
3131 3996 3476 4050 resolvebat?

1888 4089 2173 4154 Quomodo
2209 4091 2574 4145 meditabatur
2615 4089 2681 4145 ad
2729 4089 2934 4144 inferos
2969 4089 3322 4149 descendere,
3369 4087 3474 4140 ibi-

1885 4199 1995 4253 que
2022 4183 2403 4253 pmnitentiam
2436 4183 2640 4254 agere?
2680 4182 2908 4253 l‘nsuper
2948 4181 3217 4235 undeuam
3252 4181 3338 4235 ille
3374 4197 3476 4235 au-

1888 4275 2010 4340 diit,
2044 4285 2138 4330 aut
2166 4291 2274 4345 quo
2307 4276 2358 4330 id
2391 4275 2662 4330 referente
2693 4275 2937 4339 edidicit,
2970 4274 3241 4329 descensu
3276 4290 3375 4328 suo
3407 4276 3476 4329 ad

1887 4367 2098 4423 inferos
2146 4369 2428 4424 Christum
2480 4369 2860 4438 paenitentiam
2907 4367 3019 4420 illis
3065 4368 3156 4436 qui
3206 4367 3278 4422 ibi
3316 4379 3477 4423 erant

1812 4507 1853 4561 ὓ
1887 4463 2327 4532 praedicatorum,
2363 4475 2540 4529 eoque
2567 4459 2905 4530 potissimum
2939 4458 2985 4511 si
3017 4458 3202 4512 audiat
3229 4459 3475 4527 quotidie

1884 4553 2210 4624 Prolihetam
2247 4553 2516 4608 dicentem
2547 4569 2560 4604 :
2592 4570 2611 4603 ι
2651 4552 2710 4606 ln
2738 4550 2952 4605 inferno
2981 4558 3163 4604 autem
3196 4549 3318 4618 quis
3341 4564 3475 4603 con-
3520 4605 3527 4613 ,

1880 4647 2126 4702 ﬁtebitur
2176 4645 2312 4701 tibi?
2369 4665 2386 4698 ι
2441 4645 2643 4700 Praeter
2677 4644 2787 4714 jam
2821 4643 2986 4708 dicta,
3028 4657 3061 4696 o
3108 4641 3473 4696 sacratissime

1880 4754 1983 4802 var,
2016 4735 2144 4806 quid
2172 4736 2237 4791 de
2265 4733 2404 4791 Juda
2426 4733 2689 4806 Georgius
2713 4732 2996 4789 Cedrenus
3020 4732 3474 4802 chronographus

1886 4845 1912 4881 r
1951 4828 2083 4882 ferat
2122 4826 2261 4882 scire
2293 4833 2366 4892 te,
2402 4835 2459 4881 ut
2495 4825 2546 4879 id
2579 4839 2795 4894 quoque
2829 4839 2939 4879 non
2986 4833 3036 4878 te
3064 4824 3252 4887 lateat,
3285 4824 3471 4894 cupio.

1889 4921 2079 4976 Tradit
2111 4921 2257 4975 enim
2293 4920 2436 4991 quod
2466 4919 2534 4975 ab
2568 4917 2829 4988 apostolis
2863 4917 3184 4972 sollicitatus
3212 4916 3383 4973 Judas
3413 4925 3473 4972 ut

1890 5012 2181 5067 accederet
2213 5010 2449 5082 factique
2484 5009 2799 5080 paeniteret,
2834 5018 3152 5064 constanter
3179 5024 3471 5064 recusave—

1889 5104 1982 5167 rit,
2007 5104 2239 5172 ideoque
2271 5104 2497 5157 audiens
2527 5101 2806 5157 Christum
2839 5101 2894 5155 in
2921 5103 3092 5156 C(BIOS
3131 5100 3468 5160 ascendisse,

1890 5197 1949 5252 in
2006 5205 2214 5252 tantum
2269 5195 2593 5250 tumefactus
2629 5203 2732 5261 est,
2783 5203 2841 5250 ut
2892 5195 3171 5264 crepuerit
3235 5191 3468 5245 medius.

1893 5290 1956 5343 Et
1991 5289 2107 5343 hrec
2136 5287 2357 5358 quidem
2387 5289 2454 5343 de
2498 5288 2663 5359 hujus
2693 5289 2983 5344 sententia:
3015 5287 3295 5342 inanitate.
3332 5281 3468 5335 Eum

1891 5397 2054 5452 porro
2080 5383 2147 5437 de
2182 5382 2398 5452 propria
2429 5383 2604 5438 salute
2630 5382 3033 5453 desperantem,
3069 5393 3176 5432 non
3206 5377 3348 5445 apud
3383 5376 3466 5427 in-

1891 5479 2036 5532 feros
2069 5477 2135 5532 de
2173 5477 2346 5532 salute
2378 5485 2687 5548 sperantem
2727 5478 2920 5546 laqueo
2954 5473 3078 5526 vita:
3123 5470 3284 5523 [litem
3322 5483 3470 5535 qua:-

1889 5570 2069 5633 siisse.
2095 5586 2322 5644 magnus
2341 5570 2674 5626 Athanasius
2705 5566 2994 5623 manifesto
3015 5561 3203 5617 docuit
3238 5561 3292 5614 in
3321 5575 3470 5628 qua;-

269 5736 348 5804 (Ι)
383 5734 528 5810 Hec,
565 5743 621 5798 ni
656 5743 840 5814 fallor,
879 5749 1160 5805 sententia
1194 5761 1278 5806 est
1310 5750 1559 5815 Gregorii
1602 5750 1958 5807 Nazianzcni.
