3838 6226
431 262 526 326 9'1

1691 269 2112 331 MlCllAELlS
2166 273 2426 335 cuca;
3515 296 3582 358 θη

428 398 487 437 se
526 383 726 447 ferens,
761 398 942 437 rerum
977 398 1004 436 a
1031 397 1089 438 se
1112 394 1356 440 actarum
1383 383 1583 441 clarius
1606 386 2002 454 recordabitur,

2114 389 2201 443 ἐπὶ
2224 390 2284 481 τὸ
2313 391 2747 459 μνημονευτικὸν
2773 393 2871 463 τῆς
2897 392 3076 466 ψυχῆς
3100 399 3256 452 αὐτοῦ
3283 404 3435 473 φέρει,
3456 411 3582 481 πολλᾷ.

429 493 588 546 quam
619 478 662 534 si
692 477 868 531 adhuc
897 477 950 531 in
977 478 1080 532 vita
1111 490 1310 540 esset...‘

2117 480 2318 552 μᾶλλον
2347 481 2456 534 τῶν
2488 483 2665 539 πεδῶν
2697 485 2728 555 ή
2761 485 2909 557 ψυχὴ
2945 491 3089 559 μετὰ
3123 490 3335 549 θάνατον
3361 480 3573 570 ἐλευθερῶ

430 576 583 670 οὲῖσα
609 573 706 627 τοῦ
740 575 1015 648 σώματος,
1060 581 1155 635 καὶ
1203 581 1384 652 γυμνὴ
1435 580 1546 633 τῶν
1574 580 1773 652 ἑαυτῆς
1800 580 2064 650 γενομένη
2107 577 2332 643 παθῶν,
2385 579 2752 652 καθαρότερόν
2799 599 2859 635 τε
2911 585 2973 638 τὸ
3030 594 3429 656 μνημονευτικδν
3467 597 3585 670 αὐτῆς

429 668 550 720 τότε
581 669 824 739 φέρουσα
844 714 859 738 ,
889 673 983 728 καὶ
1011 673 1108 746 τὴν
1136 677 1329 747 νοερὰν
1395 677 1680 748 αῑσθησιν,
1707 675 1814 729 τῶν
1847 674 2046 744 ἑαυτῆς
2085 672 2413 744 τρανότερον
2445 674 2820 746 μνησθήσεται
2854 676 3130 748 πράξεων,
3163 679 3194 750 ἢ
3223 681 3305 737 61-:
3331 683 3400 737 ἔτι
3426 668 3582 750 ζῶνηέ.

429 760 606 829 (Deest
637 763 872 834 folium.)

430 915 434 919 ,
502 855 884 915 5....Etchori
907 869 1301 928 trcs:quorum
1323 861 1532 932 primus
1561 860 1819 916 trinarius
1847 861 2002 924 ordo,

431 951 664 1016 'l'hroni,
691 951 1012 1019 Clrerubim,
1039 955 1325 1025 Seraphim
1362 973 1375 1010 :
1401 956 1456 1011 hi
1497 955 1748 1010 suntloci
1771 957 2004 1025 quietis:

431 1041 522 1097 hic
574 1043 778 1111 quietis
830 1059 968 1113 aqua
1021 1043 1162 1100 Deus
1217 1056 1318 1112 est,
1353 1062 1514 1115 supra
1575 1046 1772 1101 solium
1823 1047 2008 1117 gloriae

428 1135 630 1190 sedens
679 1136 1019 1206 praemiaque
1087 1137 1338 1206 centupla
1399 1137 1632 1193 reddens
1667 1140 1730 1193 iis
1769 1140 1858 1210 qui
1899 1140 2006 1194 fru-

429 1239 577 1283 ctum
609 1228 674 1284 ad
709 1230 1008 1299 perfectam
1055 1231 1298 1299 centupli
1347 1247 1663 1287 mensuram
1723 1233 2001 1298 tulerunt;

429 1321 728 1386 secundus,
761 1323 1200 1388 Dominationes,
1225 1321 1473 1379 Virtutes
1533 1333 1588 1378 et
1645 1323 1952 1379 Potestates
1983 1342 1994 1378 :

429 1417 482 1469 hi
523 1423 651 1470 sunt
686 1416 1076 1470 viridescentes
1116 1418 1470 1472 recreationis
1523 1417 1648 1480 loci,
1674 1417 1763 1472 hic
1794 1417 2001 1487 placida

432 1509 669 1578 Spiritus
717 1509 894 1563 sancti
945 1509 1122 1580 gratia
1159 1509 1443 1564 innumera
1500 1511 1719 1581 praemia
1766 1511 2003 1582 largiens

430 1600 517 1655 his
547 1600 638 1670 qui
681 1601 749 1653 ad
782 1615 1102 1655 mensuram
1149 1603 1544 1673 sexagesima")
1585 1602 1824 1657 fructum
1867 1603 2002 1658 tule-

427 1703 590 1760 runt;
629 1694 846 1761 tertius,
898 1693 1272 1765 Principatus,
1321 1696 1671 1767 Arcbangeli,
1697 1695 1910 1766 Angeli:
1947 1696 2001 1749 hi

427 1798 556 1842 sunt
581 1789 854 1857 splendidi
896 1788 1175 1860 divinique
1205 1791 1329 1856 loci,
1377 1790 1467 1845 ubi
1514 1789 1715 1860 quietis
1747 1790 2000 1844 taberna-
2028 1809 2076 1870 Β

428 1881 636 1947 culum,
666 1881 790 1937 coeli
823 1882 947 1936 novi
1001 1897 1249 1952 novaque
1279 1892 1424 1937 terra
1452 1899 1466 1935 :
1500 1881 1590 1936 hic
1621 1891 1705 1936 est
1735 1881 1815 1936 sol
1839 1881 1999 1950 justi-

431 1975 518 2027 tize
545 1972 797 2030 Christus
825 1973 972 2030 Deus
1007 1985 1216 2040 noster,
1233 1976 1461 2046 justitia:
1500 1990 1732 2032 coronas
1762 1974 2000 2045 largiens

428 2067 496 2122 iis
549 2067 643 2138 qui
692 2069 758 2123 ad
818 2083 1136 2123 mensuram
1205 2069 1538 2124 tricesimam
1602 2066 1891 2123 ministerii
1937 2082 2001 2122 ac

429 2161 812 2217 retributionis
876 2161 1116 2217 fructum
1176 2163 1490 2233 centuplum
1556 2163 1797 2234 tulerunt
1854 2177 1868 2214 :
1919 2161 2002 2216 vir

428 2254 576 2308 enim
613 2263 838 2310 sanctus
882 2255 1025 2324 apud
1079 2269 1180 2309 nos
1213 2255 1572 2309 hierarchiam
1625 2266 1681 2309 et
1726 2254 1998 2318 ordinem,

428 2345 684 2400 cteleStes
733 2345 872 2398 inter
923 2344 1174 2410 virtutes,
1210 2345 1264 2399 in
1310 2345 1588 2414 proprium
1646 2345 1995 2400 lucrabitur:

432 2437 592 2506 cujus
643 2438 823 2492 locum
887 2449 1120 2508 occupat
1175 2439 1226 2492 in
1278 2439 1646 2493 ecclesiastica
1697 2437 1841 2506 apud
1900 2452 2001 2492 nos
2052 2507 2058 2513 .

433 2531 762 2594 hicrarchia,
794 2532 860 2586 ad
897 2533 1036 2586 hanc
1070 2542 1190 2601 post
1229 2531 1439 2586 obitum
1473 2540 1717 2594 evectus,
1745 2539 1800 2584 et
1837 2529 2001 2598 hujus

434 2625 607 2678 Incres
657 2623 886 2680 eﬂectus
945 2624 1214 2694 quiescet,
1274 2623 1454 2678 locum
1512 2624 1687 2694 ipsum
1749 2624 1998 2688 sortitus,

429 2736 442 2764 ι
464 2715 636 2769 larum
661 2715 754 2769 Dei
779 2713 979 2784 quietis
1007 2712 1362 2768 domicilium.

2176 864 2314 926 γ’....
2355 856 2462 909 Καὶ
2498 857 2676 922 τάξεις
2703 862 2854 929 τρεῖς
2879 878 2892 892 ·
2930 861 3044 918 ἔστι
3081 863 3136 917 δὲ
3169 867 3196 918 6
3229 867 3422 935 πρῶτος
3446 875 3594 939 spiam.

2109 949 2201 1014 κὸς
2233 951 2532 1020 διάκοσμος
2563 950 2765 1021 θρόνοι,
2797 955 3086 1024 χερουόὶμ,
3121 959 3382 1028 σεραφίμ·
3409 956 3523 1016 οὗτοί
3545 968 3597 1017 εί-

2109 1059 2192 1096 σιν
2217 1044 2265 1096 οἱ
2290 1042 2447 1096 τόποι
2473 1043 2573 1112 τῆς
2595 1045 2956 1108 ἀναπαύσεως
2979 1063 2994 1078 ⁸
3025 1047 3152 1101 ἔνθα
3177 1055 3234 1102 τὸ
3259 1048 3389 1122 ὕδωρ
3409 1052 3488 1122 τῆς
3505 1055 3597 1109 ἀνι.

2109 1134 2363 1198 παύσεώς
2391 1137 2542 1189 ἐστιν
2567 1138 2596 1188 6
2623 1137 2776 1204 Θεὸς,
2808 1141 2902 1192 ἐπὶ
2932 1139 3123 1209 θρόνου
3155 1142 3308 1212 δόξης
3335 1145 3596 1215 καθήμενος,

2113 1231 2202 1282 καί
2251 1229 2544 1299 ἀπονέμων
2587 1231 3100 1295 ἐκατονταπλασίως
3146 1234 3243 1295 τάς
3286 1235 3488 1300 ἀμοιϐὰς
3519 1241 3599 1302 τοῖς

2113 1323 2195 1384 είς
2218 1323 2307 1374 τὸν
2335 1321 2538 1375 τέλειον
2569 1320 2664 1375 τοῦ
2694 1323 2986 1376 ἐκατοστοῦ
3021 1326 3221 1394 μέτρου
3252 1330 3600 1399 καρποφορήσε-

2114 1430 2197 1465 σιν
2224 1429 2238 1443 ⁶
2271 1415 2298 1466 6
2329 1412 2578 1482 δεύτερος
2610 1413 2951 1482 κυριότητες,
2985 1414 3249 1485 δυνάμεις
3277 1419 3362 1471 καὶ
3388 1419 3600 1481 ἐξουσίαι·

2110 1504 2256 1557 οὗτοί
2288 1507 2424 1558 εἰσιν
2452 1507 2498 1556 οί
2536 1505 2749 1575 χλοερο¹ι
2781 1508 2879 1576 τῆς
2916 1507 3239 1576 ἀναψύξεως
3267 1510 3438 1576 τόποι,
3460 1513 3487 1580 ἡ
3513 1513 3603 1581 χλόη

2110 1597 2206 1663 τῆς
2250 1595 2343 1650 τοῦ
2387 1597 2543 1664 ἁγίου
2587 1597 2906 1667 Πνεύματος
2947 1601 3326 1664 ἀναπαύσεως,
3369 1605 3608 1672 παρέχουσα

2111 1689 2489 1744 πολλαπλάσια
2521 1691 2591 1744 τὰ
2632 1689 2862 1761 βραϐεἴα
2899 1695 3011 1756 τοῖς
3047 1693 3126 1756 είς
3160 1693 3223 1747 τὸ
3267 1696 3417 1764 μέσον
3446 1698 3521 1748 τοῦ
3551 1699 3608 1764 ἐξ·

2108 1781 2357 1854 ηκοστοῦ·
2373 1782 2576 1853 μέτρου
2601 1785 3094 1854 καρποφορήσασιν
3115 1802 3127 1814 ’
3157 1787 3186 1838 6
3209 1786 3380 1855 τρίτος
3403 1787 3450 1839 δέ
3473 1789 3608 1858 ἀρχαὶ,

2108 1874 2480 1946 ἀρχάγγελοι,
2526 1875 2785 1944 ἄγγελοι·
2832 1869 2978 1930 οὗτοι
3021 1878 3158 1930 εἰσιν
3207 1879 3257 1932 οἱ
3300 1882 3517 1945 φωτεινοὶ
3547 1882 3608 1932 καὶ

2110 1970 2243 2024 θεῖοι
2270 1972 2451 2033 τόποι,
2478 1970 2606 2024 ἔνθα
2635 1971 2668 2040 ή
2707 1969 2879 2039 σκηνὴ
2906 1968 3006 2037 τῆς
3035 1969 3440 2035 καταπαύσεως,
3467 1973 3504 2023 οῖ
3529 1988 3610 2023 καις

2109 2063 2191 2116 νοι
2220 2063 2440 2132 οὐρανοὶ
2472 2063 2564 2114 καὶ
2593 2063 2626 2133 ή
2657 2064 2816 2132 καινή
2848 2061 2919 2128 γῆ
2949 2100 2963 2124 ,
3001 2061 3092 2113 καὶ
3122 2063 3149 2113 6
3179 2061 3332 2132 ἥλιος
3359 2064 3445 2131 τῆς
3466 2063 3628 2115 δικαιοί

2111 2157 2278 2227 σύνης
2309 2157 2424 2208 ἐστὶ¹
2455 2156 2690 2227 Χριστὸς
2718 2157 2746 2208 6
2775 2155 2906 2218 Θεὸς
2934 2155 3091 2224 ἡμῶν
3121 2153 3404 2216 ἀποδιδοὺς
3427 2157 3529 2218 τοὺς
3547 2156 3612 2224 τῆς

2105 2245 2450 2316 δικαιοσύνης
2497 2247 2796 2315 στεφάνους
2829 2249 2941 2308 τοῖς
2984 2246 3064 2307 είς
3100 2246 3392 2317 τριάκοντα
3424 2247 3500 2299 τὸν
3527 2249 3614 2298 στά-

2107 2357 2206 2409 χυν
2267 2341 2367 2408 τῆς
2408 2339 2744 2408 προστασίας
2790 2339 2884 2390 καὶ
2917 2337 3016 2407 τῆς
3057 2338 3393 2408 ἀντιλήψεως
3421 2339 3510 2391 τῶν
3534 2339 3614 2391 650-

2111 2434 2289 2501 μένων
2331 2432 2603 2502 πολύχουν
2646 2431 3139 2501 καρποφορήσασιν
3167 2446 3182 2460 ’
3226 2432 3370 2493 ὅστις
3409 2431 3502 2482 τῶν
3532 2431 3616 2483 καθ’

2107 2525 2256 2594 ἡμᾶς
2283 2524 2446 2594 ιερῶν
2473 2522 2685 2593 ἀνδρῶν
2707 2523 2768 2576 τὸ
2796 2523 2925 2576 ἴδιον
2951 2523 3218 2592 κτήσεται
3250 2524 3375 2592 μιᾶς
3399 2523 3616 2591 ίεραρχίιις

2111 2621 2206 2672 καὶ
2239 2618 2449 2683 τάξεως
2486 2617 2594 2671 τῶν
2633 2617 2748 2670 ἄνω
2783 2616 3070 2686 δυνάμεων
3093 2631 3109 2648 ο
3136 2611 3220 2686 ξῆς
3260 2613 3534 2683 ἀναπληροῖ
3556 2612 3617 2664 τὸν

2109 2713 2274 2762 τόπον
2304 2711 2361 2763 ἐν
2387 2712 2452 2779 τῇ
2485 2709 2918 2780 ἐκκλησιαστικῇ
2951 2710 3047 2762 καὶ
3078 2708 3203 2762 καθ’
3233 2708 3377 2777 ἡμᾶς
3405 2703 3616 2776 ίεραρχίᾳ,

431 2813 488 2862 ὲν
522 2811 706 2881 ἐκείιῃ
772 2809 863 2862 καὶ
904 2809 1043 2879 μετά
1115 2807 1322 2876 πότμον
1379 2807 1760 2876 ἀνερχόμενος,
1796 2805 1890 2857 καὶ
1952 2805 2358 2874 συναπτόμενος
2407 2805 2584 2876 αὐτῇ,
2616 2802 2996 2869 ἀναπαύεται,
3026 2803 3194 2856 τόπον
3221 2801 3389 2871 αὐτὴν
3411 2801 3618 2871 εὑρίσκων

434 2901 570 2957 Θεοῦ
601 2903 863 2970 φωτεινὸν
891 2904 1275 2968 ἀναπαύσεως.

507 3000 560 3053 4.
610 2998 965 3056 Peccatorum
1017 3003 1214 3058 animae
1247 3001 1511 3066 tenebris,
1544 3011 1598 3055 et
1639 3000 2002 3056 immunditiis

2178 3001 2239 3054 δ’.
2281 3001 2343 3054 Δί
2373 3001 2428 3054 δὲ
2455 2995 2624 3070 ψυχαὶ
2651 3000 2758 3056 τῶν
2786 2999 3128 3070 ἁμαρτωλῶν
3156 2999 3324 3053 αὗται
3352 2999 3423 3061 ὡς
3451 2997 3620 3066 πλήρεις

437 3099 493 3146 et
556 3101 800 3148 stercore
855 3093 922 3147 ab
981 3095 1192 3161 angelis
1228 3094 1321 3147 ira:
1376 3091 1640 3146 ministris
1690 3090 1998 3153 laedantur;

2114 3093 2312 3162 ζόφου,
2359 3096 2454 3148 καὶ
2498 3093 2800 3162 δυσοσμίας
2845 3096 2939 3146 καὶ
2985 3092 3160 3160 ῥύπου
3213 3092 3364 3161 παρά
3406 3090 3620 3143 κολαστῶν

436 3195 602 3254 atque
636 3184 723 3240 bis
773 3186 1015 3241 tenebris
1071 3187 1347 3250 involutae,
1404 3184 1586 3239 invitae
1633 3192 1688 3237 et
1737 3198 1866 3238 cum
1897 3192 2006 3237 tre-

438 3297 615 3346 more,
648 3289 704 3336 et
742 3296 942 3350 pavore
965 3289 1016 3335 et
1060 3291 1207 3333 metu
1245 3279 1310 3332 ad
1346 3277 1552 3331 inferos
1586 3284 1640 3329 et
1667 3275 1721 3329 in
1747 3276 2007 3330 obscuros

436 3391 688 3432 carceres
715 3385 985 3447 protrusaa
1021 3372 1319 3427 immundis
1352 3371 1636 3440 spiritibus
1677 3379 1734 3423 ut
1765 3368 2008 3423 custodi-

436 3469 536 3520 bus
575 3465 884 3520 traduntur.
946 3462 1044 3516 llic
1095 3461 1446 3514 tenebrarum
1507 3460 1764 3528 princeps
1814 3457 2005 3512 aeterni

433 3559 579 3628 ignis
622 3555 856 3609 ﬂammis
903 3562 1098 3623 captus
1139 3553 1438 3606 includitur
1483 3569 1608 3606 cum
1659 3553 1823 3607 sociis
1867 3553 2002 3606 suis.

435 3649 590 3704 Stire
621 3663 848 3703 necesse
877 3655 962 3702 est
993 3645 1140 3716 quod
1174 3647 1402 3716 mystica
1430 3645 1603 3702 ollicia
1651 3655 1706 3699 ct
1739 3643 2005 3700 sacriﬁcia

435 3757 535 3810 pro
567 3741 654 3796 his
691 3741 783 3810 qui
823 3741 1017 3796 mortis
1056 3751 1340 3828 pec'catum
1389 3741 1784 3797 commiserunt
1827 3739 2004 3794 oblata

435 3837 747 3890 frustranea
781 3844 941 3902 sunt;
974 3835 1058 3888 his
1086 3849 1215 3888 vero
1269 3834 1363 3903 Qui
1401 3833 1528 3887 talia
1576 3847 1685 3887 non
1715 3831 2006 3886 commise-

435 3937 565 3984 runt
591 3928 828 3983 maxime
867 3937 1119 3997 prosunt.
1151 3925 1442 3981 Peccatum
1487 3924 1716 3979 mortale
1749 3922 2006 3978 incredu-

437 4021 560 4075 litas
581 4030 686 4082 est,
713 4019 1117 4090 etdesperatio,
1144 4020 1496 4087 impeenitens
1529 4033 1644 4081 cor,
1677 4027 1732 4072 et
1756 4016 2006 4086 blasphe-

438 4111 547 4166 mia
573 4110 814 4180 Spiritus
838 4111 1038 4171 sancti,
1074 4119 1129 4162 et
1153 4107 1434 4163 Christum
1486 4123 1708 4176 negare,
1741 4117 1796 4162 et
1829 4108 2004 4162 haere-

441 4206 607 4259 ticum
638 4204 693 4258 in
725 4202 906 4272 aliqua
938 4201 1130 4256 haeresi
1173 4210 1450 4256 mortuum
1481 4216 1625 4257 esse.

2112 3195 2362 3261 ἀγγέλων
2417 3193 2513 3246 καὶ
2573 3190 2887 3255 σκοτεινῶν,
2928 3189 3247 3258 ἀϐουλήτως
3285 3188 3376 3242 καὶ
3413 3185 3531 3257 μετὰ
3557 3184 3626 3250 φό-

2115 3285 2210 3337 600
2243 3283 2442 3348 δεινοῦ,
2474 3286 2680 3354 τρόμου
2711 3300 2770 3336 τε
2805 3283 2897 3337 καὶ
2927 3281 3150 3346 δειλίας,
3180 3282 3265 3344 είς
3326 3281 3444 3351 ᾅδου
3473 3276 3625 3347 μυχοὺς

2114 3379 2210 3432 καὶ
2248 3380 2325 3439 εἰς
2365 3377 2614 3447 φρουρὰς
2647 3378 2923 3446 γνοφερὰς
2965 3375 3338 3443 ἁπαγόμεναι,
3373 3370 3627 3441 παραδίδον-

2114 3487 2204 3522 ται
2235 3469 2602 3541 φρουράρχοις
2634 3469 2944 3537 πνεύμασιν
2973 3468 3313 3534 ἀκαθάρτοις
3333 3507 3346 3530 ,
3379 3464 3493 3518 ἔνθα
3516 3464 3538 3513 ὁ
3561 3458 3628 3512 τοῦ

2114 3564 2341 3626 σκότους
2390 3564 2573 3633 ἄρχων
2615 3563 2696 3625 είς
2740 3562 2914 3632 πυρὸς
2956 3561 3178 3614 αἰωνίου
3223 3561 3464 3629 τηρεῖται
3504 3553 3630 3607 ὑπέπι-

2111 3672 2302 3722 καυμα
2331 3654 2470 3722 μετὰ
2496 3655 2605 3708 τῶν
2631 3653 2834 3723 ὁμοίων
2861 3652 3048 3706 αὐτοῦ.
3084 3650 3287 3703 Ἰστέον
3313 3651 3391 3703 ὅτι
3414 3649 3463 3701 αἱ
3487 3660 3628 3716 μυστι-

2113 3749 2204 3801 καὶ
2233 3747 2451 3800 τελεταὶ
2476 3747 2571 3800 καὶ
2601 3745 2783 3798 θυσίαι
2815 3745 2956 3813 ὑπὲρ
2984 3744 3094 3796 τῶν
3124 3743 3474 3814 ἁμαρτόντων
3497 3738 3633 3805 ἁμαρο

2111 3841 2235 3894 τίαν
2276 3841 2374 3910 τὴν
2411 3840 2546 3910 πρὸς
2585 3839 2818 3891 θάνατον
2853 3838 3134 3906 γινόμεναι
3179 3835 3360 3904 μάτην
3400 3831 3630 3900 γίνονται·

2108 3936 2220 3996 τοῖς
2259 3932 2316 3985 δὲ
2357 3933 2431 4002 μὴ
2487 3932 2658 3994 οὕτως
2697 3930 3086 4000 ἁμαρτήσασιν
3128 3926 3402 3996 ὠφελοῦσι
3431 3923 3490 3976 τὰ
3523 3920 3636 3989 μέγιο

2112 4042 2233 4079 στα.
2251 4023 2315 4077 Ἢ
2351 4023 2409 4077 δέ
2428 4021 2562 4092 πρὸς
2584 4021 2813 4075 θάνατον
2848 4017 3090 4088 ἁμαρτία
3123 4015 3274 4070 ἐστὶν
3291 4008 3554 4084 ήάιτιστία,
3571 4002 3636 4056 καὶ

2109 4119 2142 4187 ἠ
2169 4119 2503 4185 ἀπόγνωσις,
2527 4116 2621 4168 καὶ
2653 4114 2714 4166 τὸ
2750 4113 2825 4181 μὴ
2861 4112 3162 4180 μετανοεῖν,
3183 4109 3284 4161 καὶ
3315 4107 3346 4176 ή
3379 4097 3638 4174 βλασφημίι

2118 4207 2212 4263 τοῦ
2283 4209 2439 4276 ἁγίου
2488 4204 2836 4274 Πνεύματος,
2899 4202 2990 4255 καὶ
3052 4201 3112 4254 τὸ
3179 4195 3509 4270 ἀρνήσασθαι
3572 4187 3637 4240 τὶν

2123 4299 2380 4368 Χριστὸν,
2405 4297 2502 4351 καὶ
2531 4298 2592 4350 τὸ
2624 4294 2901 4366 αἱρετικὸν
2921 4293 3216 4347 ἀποθανεῖν
3247 4292 3306 4342 ἐν
3337 4279 3636 4358 αίρέσειτινί.

511 4389 566 4443 5.
609 4387 715 4443 Sed
777 4387 908 4443 illud
957 4403 1172 4457 quoque
1227 4386 1369 4440 scire
1421 4400 1647 4440 necesse
1702 4394 1806 4450 est,
1860 4384 2005 4455 quod

2185 4391 2246 4447 ε’.
2290 4393 2411 4461 Χρὴ
2461 4391 2552 4444 καὶ
2596 4389 2756 4443 τοῦτο
2800 4387 3114 4456 γινώσκειν,
3158 4385 3240 4438 ὅτι
3285 4382 3384 4444 τὰς
3425 4371 3641 4442 τεσσαρά-

435 4481 794 4553 quadraginta
849 4481 1090 4536 diuturni
1158 4480 1337 4534 luctus
1392 4479 1509 4534 dies
1551 4478 1836 4549 tripliciter
1881 4493 2007 4546 par-

438 4577 518 4632 ι;ιί
571 4587 701 4634 sunt
755 4575 1006 4647 apostoli,
1069 4575 1122 4628 in
1179 4574 1376 4640 tertia,
1455 4589 1600 4627 nona
1659 4583 1714 4627 ct
1771 4571 2008 4642 quadra-

438 4671 665 4738 gesitna.
739 4669 820 4723 lla
888 4669 1051 4724 etiam
1132 4667 1428 4739 Dominus.
1475 4667 1592 4734 ipse
1650 4665 2008 4734 posttertiae

437 4759 544 4813 rlici
604 4762 1066 4816 resurrectionem
1115 4760 1357 4829 scipsum
1407 4758 1691 4828 discipulis
1746 4757 2007 4822 ostendit,

437 4851 889 4918 januichlausis,
950 4863 1008 4907 et
1061 4852 1357 4906 insulllavit
1419 4851 1613 4906 dicens
1686 4867 1701 4904 :
1768 4849 2012 4920 Accipite

441 4942 706 5012 Spiritum
741 4957 988 5000 sanctum
1025 4966 1038 5002 :
1072 4959 1127 5001 et
1162 4955 1281 5016 post
1311 4945 1430 5001 dies
1458 4955 1582 5000 octo
1629 4959 1757 5000 ecce
1794 4944 2014 5010 iterum,

445 5043 567 5104 post
595 5037 1055 5092 resurrectionem
1087 5039 1228 5093 intra
1254 5047 1378 5094 octo
1400 5038 1534 5101 dies,
1563 5037 1744 5091 denuo
1767 5036 2019 5106 apparuit

442 5127 548 5181 eis.
586 5125 934 5198 Evangelista
991 5130 1136 5184 enim
1174 5130 1302 5185 dum
1338 5132 1494 5196 dixit,
1542 5128 1676 5184 Post
1708 5127 1824 5183 dies
1868 5139 2013 5192 octo,

445 5218 869 5273 resurrectionis
921 5219 1064 5274 diem
1113 5237 1221 5275 non
1269 5224 1604 5293 computavit
1653 5237 1760 5292 qua
1811 5222 2017 5276 inclusa

445 5328 642 5366 norem
675 5321 1051 5367 numerantur.
1084 5313 1396 5368 Secundum
1430 5317 1568 5371 hanc
1614 5317 1880 5371 rationem
1918 5329 2018 5369 nos

442 5424 509 5460 cx
537 5407 625 5460 die
649 5405 945 5476 sepulturae
970 5407 1037 5462 ad
1067 5422 1267 5460 nonam
1298 5407 1383 5462 bis
1427 5407 1679 5464 funerum
1696 5408 2015 5465 memoriam

443 5502 657 5567 agimus
708 5514 723 5551 :
780 5496 990 5568 pariter
1049 5506 1106 5554 et
1173 5499 1241 5554 de
1299 5502 1684 5571 quadraginta,
1747 5502 2016 5572 siquidem

445 5592 866 5665 quadragesima
898 5592 985 5648 die
1015 5604 1332 5666 assumptus
1363 5605 1447 5650 est
1489 5595 1775 5648 Dominus.

2117 4504 2281 4541 κοντα
2315 4486 2534 4556 ἡμέρας
2566 4483 2660 4536 τοῦ
2699 4479 2930 4535 παλαιοῦ
2968 4481 3198 4542 πένθους
3230 4477 3397 4548 τριχῆ
3427 4471 3644 4527 διελόντες

2114 4583 2162 4635 οῖ
2189 4580 2501 4644 ἀπόστολοι,
2535 4578 2616 4640 είς
2647 4576 2825 4646 τρίτα,
2860 4575 3056 4628 ἐννατα
3112 4572 3211 4627 καὶ
3243 4560 3642 4636 τεσσαρακοστὰ·

2115 4672 2288 4736 οὕτως
2323 4675 2432 4744 γὰρ
2468 4672 2564 4725 καὶ
2596 4669 2760 4731 αὐτὸς
2795 4671 2823 4721 6
2859 4667 3064 4733 Κύριος
3100 4664 3239 4735 μετὰ
3271 4665 3367 4732 τὴν
3400 4659 3645 4750 τριήμερξν

2115 4766 2334 4834 ἔγερσιν
2362 4763 2526 4817 αὐτοῦ
2554 4761 2898 4832 ἐφανέρωσεν
2926 4757 3118 4810 ἑαυτὸν
3143 4757 3256 4817 τοῖς
3286 4750 3646 4823 μαθηταῖς,των

2118 4859 2298 4929 θυρῶν
2331 4855 2757 4924 κεκλεισμένων,
2783 4852 2878 4906 καὶ
2910 4847 3243 4919 ἐνεφύσησεν
3273 4846 3451 4904 αύτοῖς
3483 4839 3644 4932 λέγυυπς⁸

2122 4927 2342 5003 Λάϐετε
2378 4946 2622 5016 Πνεῦμα
2651 4946 2850 5012 ἅγιον.
2882 4941 2994 4993 Καὶ
3027 4937 3144 5009 μεθ’
3169 4937 3387 5007 ἡμέρας
3416 4927 3545 4983 ὀκτὼ

2120 5041 2205 5092 λιν
2233 5041 2343 5093 ἰδοὺ
2374 5038 2513 5108 μετὰ
2537 5015 2634 5108 τὴν
2665 5036 2961 5088 ἀνάστασιν
2993 5031 3142 5092 ἐντὸς
3165 5029 3276 5081 τῶν
3300 5026 3441 5080 ὀκτὼ
3468 5015 3648 5090 ἡμερῶν

2102 5134 2382 5203 ,δεύτερον
2413 5133 2584 5200 ἐφάνη
2615 5129 2796 5191 αὐτοῖς
2822 5145 2835 5158 σ
2872 5125 3043 5178 εἰπὼν
3074 5123 3181 5194 γάρ
3210 5123 3238 5176 6
3265 5109 3633 5185 εύαγγελιστὴς

2120 5225 2248 5295 μεθ’
2278 5197 2506 5292 ἧμέράς
2558 5197 2750 5286 ὀκτὼ,
2798 5218 2899 5289 τὴν
2948 5215 3320 5284 ἁναστάσιμον
3373 5197 3648 5300 ἡμέραν.οὖ

2125 5318 2500 5387 συνηρίθμησε
2521 5331 2535 5346 ⁶
2570 5315 2687 5385 μετ’
2711 5312 2928 5381 ἐκείνης
2952 5309 3084 5379 γοῦν
3112 5309 3266 5360 ἐννέα
3292 5298 3649 5371 καταριθμοῦνο

2123 5428 2212 5464 ται
2234 5427 2248 5441 °
2281 5412 2423 5464 κατὰ
2451 5409 2583 5474 γοῦν
2611 5409 2704 5461 τὸν
2729 5406 2898 5460 τύπον
2927 5404 3117 5457 τοῦτον
3146 5402 3305 5472 ἡμεῖς
3339 5395 3445 5450 ἀπὸ
3473 5393 3558 5460 τῆς
3581 5400 3650 5436 ⁸⁸³⁸

2130 5505 2237 5574 φῆς
2265 5503 2369 5565 ἓως
2393 5503 2503 5555 τῶν
2529 5503 2766 5556 ἐννάτων
2791 5497 3044 5567 δεύτερον
3069 5496 3166 5558 τὰς
3195 5493 3383 5564 μνείας
3406 5486 3504 5540 τῶν
3525 5478 3650 5534 ὁσίων

2129 5598 2553 5666 κεκοιμημένων
2610 5593 2966 5664 ἐπιτελοῦμεν
2993 5609 3007 5623 ο
3044 5590 3242 5662 ὁμοίως
3265 5587 3318 5642 δὲ
3354 5587 3446 5637 καὶ
3474 5577 3533 5631 τὰ
3561 5584 3638 5624 1:1-

450 5687 800 5760 σαρακοστὰ,
834 5686 1021 5755 ἐπειδὴ
1056 5694 1117 5763 τῇ
1151 5690 1568 5762 τεσσαρακοστῇ
1604 5687 1788 5759 ήμὲρξι
1825 5689 2103 5762 ἀνελήφθη
2134 5693 2159 5744 6
2187 5691 2413 5758 Κύριος.
