3838 6226
144 337 241 402 913

671 453 1018 510 ΕΠΙΣΤΟΔΗ
1061 459 1164 514 IH'.

152 567 229 633 Τῷ
247 566 566 645 τιμιωτᾴτῳ
577 569 822 645 μονᾳχῷ
841 571 1289 645 καὶβομξστίκῳ
1306 575 1464 640 κυρῷ
1479 576 1704 645 Ἡσαΐᾳ.

207 669 271 678 -
285 641 354 711 βί
377 638 842 711 χρὴ-προσέχειν
862 641 983 706 τοῖς
1007 638 1318 711 λέγουσιν,
1336 638 1506 701 ὅτι-αἱ
1526 638 1708 702 ἀπελ-

206 708 416 762 θοῦσαι
443 708 560 762 τῶν
582 710 766 780 ἁγίων
790 711 982 780 ψυχαὶ
1010 708 1160 765 κατὰ
1190 731 1320 766 τινα
1346 716 1536 770 τόπον
1559 721 1705 773 ἀνα·

208 779 692 856 παυόμενμι-οῠτε
725 779 963 856 δέονται
986 782 1136 856 ὑπὲρ
1161 783 1349 851 ἡμῶν,
1369 789 1708 856 αὐτοπροσ-

207 847 370 924 dum;
417 847 497 924 τῷ
528 851 763 924 Χριστῷ
794 847 1251 920 παριστὰμὲνᾶι,
1287 856 1424 908 οὔτε
1458 847 1584 924 τοῖξ·
1610 860 1706 913 ἐν·

204 917 387 972 ταῦθα
416 918 574 984 ὅλως
603 917 962 989 ἐφίστανται
986 937 1000 952 ο
1032 917 1133 977 aiat
1169 926 1301 993 περὶ
1335 917 1567 996 ψυχῆςξ

205 1035 272 1083 α’.
293 1030 354 1084 Ol
381 1030 708 1096 ἀπελθόντες
736 1033 905 1103 ἅγιοι,
933 1034 1118 1099 καθὼς
1144 1037 1528 1110 ἐδιδάχθημεν,
1554 1042 1706 1099 οῦπω

147 1123 236 1191 μὲν
285 1125 614 1193 ἐκομίσαντο
664 1129 762 1205 τὴν
809 1129 1142 1198 ἐπαγγελίαν
1193 1133 1438 1204 δι’ήμᾶς
1487 1137 1705 1200 πάντως

144 1219 275 1271 κατὰ
300 1218 391 1270 τὸν
423 1219 597 1289 μέγαν
633 1222 979 1288 Ἀπὸστολον,
1013 1225 1100 1279 ἵνα
1134 1225 1208 1298 μὴ
1239 1230 1406 1300 χωρὶς
1435 1231 1594 1300 ἡμῶν
1620 1249 1706 1285 τε-

140 1311 426 1365 λειωθῶσιν
450 1329 463 1342 ·
491 1313 787 1382 ἀρραϐῶνα
815 1316 861 1369 δ’
880 1318 1028 1386 ὅμως
1057 1320 1322 1391 ἐσχήκασι
1350 1323 1454 1376 τῶν
1481 1325 1706 1378 ἀποκειη

147 1406 314 1471 μένων
349 1405 533 1468 αὐτοῖς
575 1407 798 1474 ἀγαθῶν
835 1409 978 1462 κατὰ
1011 1410 1104 1463 τὸν
1139 1416 1566 1484 χρυσοῤῥήμονα
1611 1416 1704 1467 καὶ

139 1494 273 1548 θεῖον
305 1494 556 1564 Ἰωάννην
589 1496 651 1548 τὸ
692 1497 831 1565 μετὰ
868 1500 1184 1571 παρρησίας
1223 1501 1591 1572 παρίστασθαι
1627 1504 1704 1573 τῷ

138 1583 266 1652 θεῷ,
292 1584 349 1636 τὸ
385 1583 605 1637 δέεσθαι
645 1586 784 1657 ὑπὲρ
809 1587 1001 1657 ἡμῶν,
1040 1591 1134 1643 καὶ
1167 1591 1226 1643 τὸ
1266 1593 1530 1661 κατάγειν
1566 1593 1702 1664 πρὸς

137 1677 272 1745 ἡμᾶς
299 1675 506 1729 ἄνωθεν
534 1678 643 1730 πᾶν
668 1677 900 1747 δώρημα
925 1680 1151 1736 τέλειον.
1178 1682 1299 1735 Ὅτι
1329 1683 1385 1737 δὲ
1412 1683 1583 1739 ταῦτα
1613 1685 1703 1738 οῦ-

135 1780 232 1826 τως
265 1763 408 1834 ἔχει,
446 1767 542 1820 καὶ
577 1765 744 1820 αὐτοῦ
773 1767 869 1821 τοῦ
905 1770 1176 1840 Κυρίλλου
1211 1771 1462 1841 λέγοντος
1493 1775 1656 1830 ἄκουε
1684 1792 1698 1809 ο

145 1858 202 1910 Ἠ
233 1857 422 1928 λογικὴ
455 1857 606 1929 ψυχὴ
639 1862 732 1913 καὶ
769 1864 907 1931 μετὰ
935 1864 1034 1932 τὴν
1065 1865 1159 1918 τοῦ
1194 1865 1449 1935 σώματος
1481 1868 1696 1939 ἀναχώο

137 1967 281 2020 ρησιν
319 1952 411 2003 καὶ
451 1949 520 2022 ζῇ
563 1953 656 2004 καὶ
694 1953 940 2024 διαμένει
981 1957 1077 2010 καὶ
1119 1957 1271 2012 λαλεῖ
1311 1962 1694 2032 καταλλήλως,

137 2043 219 2096 καὶ
244 2045 488 2114 ἐνεργεῖ·
520 2045 787 2111 ὡσαύτως
814 2050 910 2102 καὶ
935 2049 1069 2102 Θεοῦ
1099 2053 1536 2122 προστάσσοντος
1564 2054 1696 2106 ἀπο-

134 2135 392 2188 στέλλεται
421 2138 506 2199 είς
537 2137 686 2201 τόνδε
717 2140 807 2192 τὸν
838 2140 952 2211 βῖον
981 2142 1067 2196 διὰ
1099 2142 1298 2215 πολλὴν
1316 2145 1652 2215 ,εὐεργεσίαν
1678 2163 1690 2176 ·

131 2229 214 2279 καὶ
257 2229 360 2298 γὰρ
410 2227 769 2302 αὑτοκίνητος
816 2229 987 2296 οὖσα,
1031 2235 1284 2288 οὐδέποτε
1333 2237 1693 2308 ἀνενέργητος

133 2321 618 2418 μένει..Ταῦτόὗν
654 2324 964 2378 ὲπιϐεὸαιοί
1003 2328 1098 2380 καὶ
1135 2329 1162 2380 6
1205 2329 1374 2398 μέγας
1419 2331 1693 2394 Βασίλειος

128 2411 261 2464 οὕτω
301 2411 470 2481 πέγων
498 2429 514 2446 ⁸
553 2415 772 2485 Ἀμέλει
811 2419 903 2470 καὶ
945 2418 1090 2472 κατὰ
1128 2420 1254 2483 τοὺς
1295 2421 1561 2487 ἀγγέλους
1600 2423 1693 2476 τοῦ

127 2507 423 2573 σωματικοῦ
477 2507 703 2561 λυθεῖσα
751 2510 953 2580 δεσμοδ
1005 2513 1038 2582 ἡ
1085 2511 1251 2583 ψυχὴ,
1298 2515 1582 2569 ἀναϐαίνει
1633 2534 1692 2570 τε

126 2601 208 2652 καὶ
233 2600 552 2656 καταϐαίνει
571 2643 586 2669 ,
616 2603 712 2656 καὶ
737 2603 1128 2659 ἀποστέλλεται
1155 2605 1223 2658 δι’
1248 2606 1571 2676 εὐεργεσίαν
1600 2611 1694 2662 καὶ

125 2692 372 2759 ὠφέλειαν
421 2693 681 2749 πολλῶνο
732 2699 970 2768 ὁπηνίκα
1021 2699 1206 2751 λοιπὸν
1257 2699 1542 2770 δεηθῶμεν
1594 2703 1693 2770 τῆς

125 2786 288 2837 αὐτῶν
318 2787 604 2857 μεσιτείας
626 2805 686 2841 τε
719 2790 812 2841 καὶ
843 2791 1210 2860 ἀντιλήψεως,
1240 2794 1372 2845 ποτὲ
1405 2795 1503 2863 μὲν
1531 2794 1691 2846 αὗται

123 2876 182 2928 δι’
203 2879 403 2934 ἑαυτῶν
429 2882 565 2951 ἡμῖν
593 2881 936 2951 ἐφίστανται,
966 2884 1096 2936 ποτὲ
1123 2884 1180 2936 δὲ
1207 2885 1323 2938 ἀντ’
1347 2886 1530 2939 αὐτῶν
1556 2887 1691 2940 θεῖοι

124 2972 412 3027 στέλλονται
443 2974 697 3042 ἄγγελοι,
725 2974 821 3026 καὶ
851 2974 1024 3027 ἐνίοτε
1057 2975 1195 3047 αὑτὴ
1229 2977 1261 3045 ὴ
1292 2976 1384 3029 τοῦ
1419 2979 1690 3046 παναγίου

124 3066 416 3136 ΙΙνεύματος
469 3068 652 3138 χάρις,
699 3069 774 3132 ὡς
820 3068 949 3133 οἵδε,
985 3068 1306 3139 παραδόξως
1353 3069 1650 3126 ὀπτὰνεται
1681 3087 1694 3103 ⁸

1473 349 1843 412 EPISTOLA
1888 354 2107 416 XVIII.

1737 470 1790 528 Α

3290 366 3388 428 illi

2313 476 2651 534 EPISTULA
2711 479 2898 536 XVIII.

1811 584 2050 641 Maxime
2104 592 2397 643 vmeraudo
2452 595 2701 648 monacho
2753 606 2803 649 et
2865 600 3146 652 domestico
3197 596 3390 649 doume

1880 655 2154 734 [sititer—1
2175 659 2319 713 Num
2344 663 2634 716 adhibenda
2667 666 2791 732 ﬁdes
2820 669 2884 721 sit
2913 668 3223 731 dicentibus,
3252 666 3391 734 quod

1880 727 2000 808 hinc
2029 731 2290 808 ριόίρειαξ.
2306 743 2611 785 sanctorum
2627 727 2835 808 uitium
2861 737 2915 790 in
2946 738 3175 808 aliquem
3199 727 3393 808 quietis

1881 797 2074 859 locum,
2115 797 2507 878 nonjam‘pro
2549 803 2695 857 nobis
2749 823 2922 878 preces
2977 797 3290 878 faciuntde
3333 807 3392 858 in

1880 878 2152 926 conspectu
2214 871 2409 924 Christi
2457 883 2689 927 astantes
2736 871 2882 929 nullo
2926 871 3080 931 modo
3141 880 3204 930 de
3249 885 3391 929 terra

1879 951 2064 990 curant
2097 955 2114 992 :
2147 941 2269 994 item
2298 943 2359 1008 4e
2387 943 2593 998 anima.

1881 1054 1931 1107 l.
1976 1055 2160 1109 Sancti
2201 1056 2326 1110 hinc
2361 1059 2588 1126 profecti
2617 1099 2631 1124 ,
2669 1071 2728 1114 ut
2762 1061 3107 1127 audivimus,
3141 1066 3387 1120 nondum

1809 1147 2201 1216 promissiones
2223 1161 2444 1219 propter
2467 1167 2569 1206 nos
2597 1157 3113 1222 acceperunt,juxta
3135 1172 3389 1228 magnum

1809 1240 2152 1309 Apostolum,
2191 1256 2260 1295 ne
2296 1244 2526 1297 seorsim
2560 1261 2588 1298 a
2629 1245 2785 1300 nobis
2830 1246 3183 1314 perﬁciantur
3231 1263 3244 1299 :
3294 1249 3393 1300 bo-

1806 1349 2000 1388 norum
2042 1349 2173 1389 vero
2203 1336 2350 1405 ipsos
2374 1339 2726 1416 omaneutium
2780 1338 2978 1406 pignus
3005 1338 3390 1403 obtinuerunt,

1807 1425 2102 1476 secundum
2135 1424 2380 1478 divinum
2413 1423 2680 1479 Joannem
2718 1427 3199 1496 Chrysouomum,
3241 1428 3394 1482 vide-

1805 1516 1932 1569 licet
1966 1516 2019 1568 in
2046 1527 2340 1585 conspectu
2373 1517 2464 1572 Dei
2505 1518 2824 1573 iiducialiter
2856 1529 3034 1574 astare
3065 1557 3080 1581 ,
3106 1535 3207 1588 pro
3235 1519 3392 1573 nobis

1805 1623 1987 1686 orare,
2026 1616 2082 1664 et
2119 1610 2187 1665 ad
2221 1625 2322 1664 nos
2362 1626 2526 1664 omne
2564 1611 2766 1666 donum
2811 1612 3117 1680 perfectum
3149 1611 3390 1680 desuper

1803 1699 2019 1756 aﬂ‘erre.
2051 1700 2208 1766 Quod
2266 1709 2447 1757 autem
2507 1704 2620 1756 haec
2666 1703 2736 1757 ita
2794 1718 2852 1757 se
2905 1702 3159 1767 habeant,
3211 1703 3388 1770 ipsum

1732 1834 1774 1890 Β
1802 1791 2065 1863 Cyrillum
2102 1794 2375 1849 dicentem
2409 1795 2534 1849 audi
2577 1810 2590 1847 :
2628 1793 2933 1849 Rationalis
2986 1794 3168 1848 anima
3221 1795 3387 1848 etiam

1806 1893 1927 1953 post
1963 1885 2212 1954 corporis
2240 1885 2572 1940 solutionem
2607 1895 2661 1938 et
2701 1885 2870 1951 vivit,
2900 1891 2955 1938 et
2989 1891 3296 1953 permanet.
3333 1891 3388 1936 et

1802 1976 2053 2032 similiter
2079 1978 2340 2046 loquitur,
2366 1987 2421 2032 et
2443 1978 2591 2048 agit;
2620 1977 2693 2032 ita
2718 1979 2904 2042 etiam,
2931 1976 3040 2031 Deo
3066 1976 3293 2045 jubente
3317 1975 3386 2028 ob

1801 2071 2023 2124 nmltam
2058 2071 2344 2126 utilitatem
2378 2072 2433 2126 in
2476 2073 2615 2126 hanc
2650 2071 2817 2126 vitam
2847 2069 3086 2124 mittitur
3117 2083 3131 2120 :
3177 2067 3385 2122 etenim

1800 2179 1827 2216 a
1859 2163 2038 2232 seipsa
2078 2171 2284 2219 motmn
2319 2164 2617 2234 accipiens,
2646 2174 2770 2219 actu
2802 2178 2992 2218 carere
3021 2161 3231 2230 nequit.
3259 2160 3387 2214 llaec

1799 2255 1965 2324 igitur
2007 2257 2172 2309 etiam
2219 2271 2446 2326 magnus
2494 2255 2722 2310 Basilius
2760 2255 2844 2309 Itis
2887 2254 3069 2308 verbis
3096 2251 3325 2306 alﬁrmat
3363 2269 3376 2304 :

1800 2347 1995 2401 Procul
2026 2348 2215 2412 dubio,
2248 2348 2390 2402 sicut
2425 2348 2626 2418 angeli,
2653 2347 2923 2416 corporali
2957 2349 3134 2402 soluta
3165 2347 3384 2400 vinculo

1799 2439 1981 2494 anima
2015 2439 2279 2504 ascendit,
2311 2449 2474 2509 atque
2504 2439 2808 2501 descendit.
2863 2449 2918 2493 et
2964 2441 3035 2493 ob
3081 2444 3383 2492 multorum

1801 2531 2064 2585 'ulilitates
2096 2533 2373 2596 mittitur;
2415 2547 2542 2585 cum
2580 2548 2682 2586 nos
2731 2531 2975 2602 ipsarum
3020 2531 3383 2601 patrocinium

1795 2633 1850 2678 et
1879 2626 2274 2692 protectionem
2303 2625 2688 2693 deprecamur,
2713 2624 3006 2694 aliquando
3032 2625 3164 2692 ipsa}
3190 2632 3385 2693 sponte

1796 2716 1956 2769 nobis
2007 2716 2359 2780 auxiliantur,
2406 2716 2702 2784 aliquando
2753 2716 2992 2786 ipsarum
3045 2716 3167 2770 loco
3212 2715 3384 2769 divini

1798 2807 2088 2860 mittuntur
2125 2807 2326 2876 angeli,
2371 2807 2665 2874 aliquando
2695 2808 2861 2862 etiam
2915 2809 3091 2862 sancti
3143 2807 3383 2876 Spiritus

1799 2899 1996 2968 gratia,
2021 2907 2082 2953 ut
2130 2899 2230 2957 illi.
2267 2899 2594 2953 mirabiliter
2633 2909 2898 2968 apparet,
2936 2899 3203 2968 siquidem
3265 2899 3383 2952 sive

1806 2989 2009 3051 sancti,
2049 2989 2164 3043 sive
2202 2988 2401 3057 angeli,
2436 2997 2624 3058 utpote
2675 2989 2780 3059 ipsi
2808 2991 2994 3044 cuncti
3029 2989 3383 3043 circumscri-

1804 3079 1880 3147 pti
1911 3095 2015 3134 una
2049 3081 2348 3150 eademque
2398 3080 2533 3136 hora
2588 3081 2752 3134 variis
2800 3079 2853 3134 in
2887 3080 3020 3135 locis
3061 3089 3378 3134 occurrunt.

120 3162 203 3215 ἅτε
230 3163 290 3234 δὴ
322 3165 395 3234 μὴ
425 3164 749 3234 δυναμένων
778 3164 887 3216 εἴτε
917 3163 1024 3216 τῶν
1055 3163 1228 3232 ἁγίων
1257 3204 1272 3229 ,
1324 3162 1434 3214 είτε
1496 3162 1606 3216 τῶν
1639 3167 1924 3240 ἀγγέλων,
1962 3177 2330 3246 περίγραπτοι
2368 3175 2466 3246 μὲν
2502 3175 2613 3246 γὰρ
2648 3168 2794 3230 οὗτοι
2842 3178 3044 3239 πάντες
3101 3174 3384 3245 ὑπάρχου-

121 3271 225 3320 σιν,
261 3260 316 3311 ἐν
364 3259 468 3329 μιᾷ
515 3257 613 3310 καὶ
656 3260 723 3328 τῇ
757 3257 893 3328 αὐτῇ
946 3255 1066 3328 ὥρα
1112 3257 1257 3310 κατὰ
1307 3257 1602 3328 διαφόρους
1633 3261 1830 3329 τόπους
1865 3268 2245 3339 εὑρίσκεσθαι.

182 3356 415 3442 βηἍφεξ
445 3350 565 3418 οὖν,
595 3356 643 3407 εί
674 3354 876 3424 βούλει,
903 3354 995 3407 τὸν
1026 3355 1198 3422 μέγαν
1214 3353 1532 3409 Ἀθανάσιον
1555 3372 1570 3387 ο
1605 3358 1678 3428 μὴ

1858 3367 1913 3421 2.
1945 3367 2312 3424 Praetermitto
2353 3385 2505 3441 ergo,
2545 3370 2591 3426 si
2617 3371 2814 3442 placet,
2847 3385 3100 3442 magnum
3135 3368 3379 3424 Athana-

122 3449 243 3516 τρδς
287 3434 442 3518 ὓσᾷν
492 3447 694 3517 ἑτέρων
735 3446 803 3499 τὰ
843 3446 1052 3499 ἐκείνου
1093 3447 1401 3518 παρείσαγε
1427 3465 1441 3479 ·
1488 3450 1535 3502 εί
1577 3451 1686 3520 γὰρ

122 3541 208 3592 καὶ
237 3542 368 3610 πρὸς
405 3540 684 3609 Ἀντίοχον
713 3541 741 3592 6
773 3538 916 3601 θεῖος
947 3539 1104 3603 οὗτος
1140 3539 1279 3612 ἀνὴρ
1310 3540 1539 3595 τοιαῦτά
1568 3560 1706 3607 τινα,

122 3634 268 3701 δῆθεν
307 3636 630 3705 εὑρίσκεται
670 3635 920 3704 γράφων,
964 3635 1204 3688 ἀλλὀὐκ
1251 3637 1341 3689 ἐπὶ
1381 3637 1561 3707 τούτῳ
1601 3655 1688 3690 τε·

121 3727 444 3800 θαρῤηκέναι
493 3745 553 3780 σε
605 3729 730 3798 χρὴ,
783 3727 1079 3782 κάντεῦθεν
1121 3731 1248 3793 τοὺς
1291 3729 1686 3800 διαληφθέντας

120 3820 310 3873 ἄνωθεν
340 3820 527 3882 ὁσίους
563 3819 762 3888 ἄνδρας
799 3820 1128 3888 κακολογεῖν
1156 3836 1169 3850 ο
1204 3821 1344 3890 τάχα
1381 3821 1489 3890 γὰρ
1527 3822 1688 3890 ἠγνό-

119 3929 282 3980 ηκας,
315 3913 395 3966 ὄτι
424 3913 498 3965 τὰ
527 3911 697 3965 πλείω
725 3912 834 3966 τῶν
867 3913 1002 3983 πρὸς
1039 3913 1312 3982 Ἀντίοχον
1343 3915 1650 3968 νενόθευται
1671 3954 1686 3979 ,

119 4008 206 4058 καὶ
236 4008 314 4060 ὅτι
345 4006 424 4077 τῷ
456 4005 688 4076 καθαρῷ
723 4007 854 4075 σίτῳ
888 4006 981 4059 καὶ
1017 4006 1240 4076 ρυπώδη
1274 4008 1397 4059 τινὰ
1430 4009 1686 4079 παραμέ-

122 4114 320 4166 μικται.
358 4100 510 4164 Καὶ,
545 4099 594 4150 εί
629 4097 846 4166 βούλει,
879 4099 1156 4168 ἀνάγνωθι
1193 4101 1260 4152 τὰ
1295 4101 1562 4169 κεφάλαια
1583 4143 1597 4166 ,
1631 4103 1687 4154 ὲν

119 4187 193 4256 οἷς
227 4196 355 4266 περὶ
389 4192 579 4250 κοινοῦ
615 4193 859 4247 διδάσκει
891 4195 1002 4248 τῶν
1036 4195 1346 4265 ἀνθρώπων
1378 4197 1687 4266 ἀναγνωρι-

119 4286 292 4352 σμοῦ,
340 4287 436 4341 καὶ⁵
483 4287 671 4356 γνοίης
720 4286 786 4340 ἂν
831 4286 1082 4340 ἐντεῦθεν
1128 4288 1368 4358 εὐχερῶς
1410 4290 1508 4358 τὴν
1552 4290 1686 4360 ἀλή.

119 4378 262 4432 θειαν
285 4395 300 4410 ⁸
340 4379 480 4450 μηδὲ
517 4382 624 4450 γὰρ
659 4381 715 4440 ἐς
750 4379 1009 4433 τοσοῦτον
1045 4382 1382 4450 μανείημεν,
1417 4383 1491 4446 ὡς
1527 4384 1687 4436 αὑτὸν

119 4471 284 4526 εἰπεῖν
319 4472 412 4525 τὸν
451 4473 630 4543 μέγαν
667 4470 989 4526 Ἀθανάσιον
1022 4472 1402 4526 ἐναντιοῦσθαί
1439 4491 1572 4527 ποτε
1609 4475 1687 4546 τῷ

119 4563 212 4632 τῆς
247 4566 578 4635 Ἐκκλησίας
613 4565 880 4636 ὀρθοδόξῳ
921 4569 1255 4636 φρονήματι.
1292 4566 1434 4636 Πρὸς
1477 4567 1686 4632 τούτοις

119 4657 169 4710 δὲ
199 4661 224 4711 6
257 4659 400 4724 θεῖος
431 4653 586 4723 οὗτος
616 4661 754 4729 ἀνὴρ
787 4660 1039 4726 φαίνεται
1071 4660 1422 4728 μεμνημένος
1456 4661 1549 4714 τοῦ
1585 4679 1684 4730 μευ

1790 3460 1952 3528 sium,
1973 3476 2071 3516 nec
2101 3477 2225 3516 eum
2248 3463 2366 3518 aliis
2393 3465 2442 3517 in
2470 3464 2820 3533 opprobrium
2841 3464 2968 3518 cita.
2996 3463 3108 3516 Etsi
3134 3463 3278 3516 enim
3309 3462 3377 3515 ad

1788 3555 2118 3609 Antiochum
2151 3555 2369 3610 divinus
2402 3555 2491 3610 ille
2537 3555 2620 3612 vir
2650 3557 2773 3610 talia
2819 3556 3111 3624 scripsisse
3175 3553 3380 3624 reperi-

1793 3655 1900 3713 tur,
1945 3665 2046 3704 nec
2084 3649 2214 3702 huic
2240 3648 2353 3702 tibi
2384 3647 2770 3704 confidendum
2802 3657 2906 3712 est,
2937 3663 3033 3703 nec
3073 3663 3233 3716 supra
3265 3661 3382 3700 me-

1790 3751 2032 3796 moratos
2063 3751 2281 3795 sanctos
2344 3740 2491 3794 viros
2542 3740 2867 3794 calumniari
2929 3741 3056 3795 licet
3099 3739 3380 3796 :fortasse

1791 3834 1937 3886 enim
2024 3832 2291 3902 praeteriit
2361 3833 2509 3900 quod
2572 3833 2719 3901 apud
2795 3831 3124 3886 Antiochum
3191 3832 3375 3901 plera-

1791 3940 1895 3993 que
1935 3923 2042 3978 sint
2107 3925 2436 3989 adulterata,
2472 3932 2525 3978 et
2572 3925 2716 3993 quod
2743 3924 2887 3977 bono
2911 3923 3183 3977 frumento
3211 3923 3376 3977 etiam

1790 4015 2036 4085 quaedam
2071 4015 2259 4085 spuria
2301 4017 2429 4069 situt
2459 4015 2746 4070 immisla?
2777 4014 2835 4068 Si
2877 4015 3076 4085 placet,
3106 4015 3379 4084 praecipua

1792 4107 1929 4178 lege,
1979 4108 2179 4177 quibus
2218 4108 2286 4161 de
2330 4109 2609 4163 communi
2669 4108 2950 4162 hominum
3013 4123 3179 4162 sensu
3242 4107 3376 4160 edo-

1791 4202 1956 4267 ceris,
1990 4209 2044 4255 et
2091 4202 2166 4255 ibi
2213 4201 2356 4255 forte
2383 4202 2670 4256 veritatem
2718 4202 2876 4256 facile
2927 4200 3166 4256 noveris.
3226 4199 3380 4254 Absit

1789 4295 1936 4349 enim
1966 4296 2101 4348 adeo
2135 4310 2236 4349 nos
2265 4294 2531 4358 insanire,
2565 4305 2623 4348 ut
2649 4295 2829 4363 ipsum
2857 4311 3111 4364 magnum
3139 4292 3380 4346 Athana—

1789 4387 1932 4442 sium
1959 4388 2282 4443 orthodoxa:
2318 4389 2574 4443 Ecclesia:
2603 4388 2868 4442 doctrina:
2895 4387 3188 4457 aliquando
3216 4403 3380 4456 repu-

1789 4496 1954 4553 gnare
1977 4481 2242 4535 dicamus.
2269 4481 2540 4535 Praeterea
2567 4480 2784 4534 divinus
2807 4481 2894 4532 ille
2919 4481 2998 4533 vir
3025 4477 3204 4548 magni
3230 4477 3376 4531 basi-

1792 4565 1848 4627 Iii
1884 4572 2201 4627 meminisse
2233 4572 2450 4626 videtur
2475 4613 2490 4636 ,
2521 4586 2625 4626 nec
2651 4588 2760 4626 non
2783 4569 2974 4624 Isidori
3004 4569 3316 4632 Pelusium),
3348 4584 3377 4621 a

1793 4682 1902 4736 quo
1923 4665 2119 4719 melius
2169 4665 2349 4720 adhuc
2381 4664 2574 4720 audire
2604 4664 2748 4730 licet,
2777 4665 2920 4733 quod
2957 4661 3226 4730 prmcipua
3261 4660 3379 4713 loca

119 4752 280 4817 γὰλου
322 4753 610 4808 Βασιλείου
633 4793 647 4820 ,
681 4753 775 4805 καὶ
811 4751 1086 4822 ’ῐσιδώρου
1123 4751 1216 4805 τοῦ
1261 4752 1644 4823 Πηλοιισιὼτου
1671 4793 1686 4818 ,

1808 4759 2104 4814 adulterata
2165 4767 2324 4824 sunt;
2367 4758 2412 4812 si
2446 4757 2593 4811 enim
2656 4757 2729 4808 ita
2776 4771 2834 4808 se
2867 4771 2953 4809 res
2988 4770 3098 4808 non
3131 4753 3414 4832 haberet,’

117 4849 205 4917 ἀφ’
228 4842 288 4904 οὗ
319 4850 415 4902 καὶ
447 4850 650 4919 μᾶλλον
678 4848 1114 4918 διαγινώσκομεν
1142 4849 1215 4911 ὼς
1247 4850 1304 4900 ὲν
1338 4849 1566 4920 ἀληθεία
1599 4867 1689 4902 νε-

1800 4853 2125 4922 priorjaetate
2159 4862 2499 4924 posterorum
2529 4851 2841 4906 meminisse
2876 4865 3006 4905 sane
3035 4865 3142 4902 non
3177 4855 3381 4918 posset'

119 4949 361 5003 νόθευται
416 4949 484 5002 τὰ
543 4947 906 5016 διαληφθέντα
963 4947 1237 5020 κεφάλαια
1257 4963 1269 4977 '
1303 4949 1350 5001 εί
1383 4946 1458 5019 μὴ
1486 4947 1595 5018 γὰρ
1621 4949 1778 5003 τιῦτο
1804 4947 1872 5016 ἦν
1895 4995 1909 5017 ,
1940 4953 2041 5006 οὐκ
2073 4953 2137 5007 ἂν
2169 4957 2196 5007 6
2230 4951 2663 5022 προγενέστερος
2695 4949 2802 5002 τῶν
2831 4948 3206 5018 ὑστερογενῶν
3242 4964 3385 5016 μεμ-

117 5042 344 5112 νημένος
370 5043 638 5110 ἐφαίνετο.

183 5137 253 5208 γ’.
283 5140 412 5194 Ὀτι
454 5141 510 5193 δὲ
544 5140 718 5194 ταῦτα
738 5139 909 5204 οὕτως
953 5139 1086 5210 ἔχει,
1123 5138 1215 5194 καὶ
1253 5139 1465 5200 ὼςκούκ
1501 5139 1556 5192 ἐν
1587 5157 1692 5191 τινι

115 5230 260 5302 τόπῳ
282 5272 298 5296 ,
333 5232 588 5300 καθάπερ
617 5233 666 5284 ot
700 5232 920 5294 πλείους
954 5229 1211 5283 εἰώθασιν
1234 5273 1248 5295 ,
1281 5232 1329 5283 οἱ
1360 5231 1692 5296 ἀπελθόντες

119 5325 262 5391 ἆγιοι
293 5327 725 5396 περιορίζονται,
761 5326 898 5380 ἀλλὰ
931 5327 1068 5395 μετὰ
1099 5324 1416 5396 παρρησίας
1448 5325 1530 5377 ὅτι
1563 5325 1696 5378 πολ-

117 5415 211 5483 λῆς
241 5419 606 5489 παρίστανται
636 5419 712 5484 τῷ
741 5417 892 5487 Θεῷ,
925 5417 1089 5472 αὐτοῦ
1123 5417 1216 5470 τοῦ
1252 5419 1506 5490 Σωτῆρος
1538 5418 1696 5488 ἡμῶν

134 5510 306 5580 Ἰησοῦ
341 5511 592 5578 λέγοντος
626 5512 789 5565 ἄκουε
812 5527 827 5544 ο
863 5511 1053 5580 Πάτερ
1072 5551 1086 5576 ,
1121 5511 1231 5576 οὓς
1262 5511 1527 5577 δέδωκάς
1553 5529 1656 5580 μοι
1680 5552 1693 5577 ,

122 5605 273 5656 θέλω
302 5604 405 5657 ἵνα
437 5605 588 5660 ὅπου
618 5605 734 5674 ειμι
763 5605 876 5672 ἐγὼ
937 5607 1203 5660 κάκεῖνοι
1233 5601 1344 5663 ὦσι
1373 5607 1502 5676 μετ’
1527 5606 1695 5677 ἐμοῦ,

119 5695 216 5748 ἵνα
261 5697 524 5764 θεωρῶσι
573 5697 686 5765 τὴν
730 5697 919 5761 δόξαν
962 5699 1077 5768 τὴν
1113 5698 1288 5768 ἐμήν.
1331 5701 1492 5752 Ἀλλά
1536 5701 1629 5753 καὶ
1671 5703 1698 5754 6

123 5787 658 5858 πάμμεγαςῐιαῦλος
691 5791 859 5856 οὕτως
892 5790 1123 5864 εὓρηται
1157 5793 1328 5861 λέγων
1353 5809 1364 5823 °
1399 5793 1695 5848 Ἑπιπυθώ

1872 5145 1923 5198 5.
1964 5133 2118 5210 Quod
2147 5153 2328 5199 autem
2366 5144 2478 5198 haec
2507 5143 2576 5198 ita
2611 5158 2670 5198 se
2707 5142 2956 5208 habeant,
3000 5148 3054 5194 et
3083 5142 3225 5209 quod
3257 5155 3382 5193 san-

1801 5231 1876 5285 cti
1917 5233 2041 5286 hinc
2075 5232 2324 5301 profecti,
2361 5247 2469 5285 non
2507 5232 2561 5284 in
2611 5231 2794 5300 aliquo
2828 5232 2967 5295 loco,
3003 5232 3080 5285 ιιιὶ
3132 5230 3381 5299 plerique

1803 5323 2006 5388 solent,
2037 5325 2586 5389 circumscribantur,
2626 5326 2719 5380 sed
2763 5339 2957 5395 magna
3005 5339 3129 5378 cum
3179 5321 3376 5375 ﬁducia

1805 5432 1988 5471 coram
2051 5417 2163 5471 Deo
2188 5425 2391 5493 astent,
2424 5417 2763 5473 Salvatorem
2797 5417 2972 5487 ipsum
3007 5423 3252 5468 nostrum
3283 5411 3378 5465 Je-

1803 5524 1923 5565 sum
1972 5495 2249 5564 dicentem
2306 5509 2433 5565 audi
2468 5527 2483 5566 :
2524 5529 2542 5562 ι
2582 5509 2764 5574 Pater,
2787 5524 2933 5580 quos
2959 5504 3155 5563 dedisti
3198 5503 3331 5558 mihi
3360 5541 3375 5568 ,

1803 5603 1930 5658 volo
1958 5613 2020 5658 ut
2057 5605 2377 5675 ubicunque
2420 5621 2540 5660 smn
2583 5621 2706 5674 ego,
2758 5614 2812 5657 ct
2852 5603 2937 5657 isti
2975 5615 3190 5656 mecum
3227 5600 3373 5664 sint,

1807 5708 1866 5751 ut
1919 5697 2147 5769 gloriam
2207 5715 2381 5753 meum
2438 5698 2703 5760 videant.»
2753 5697 2866 5750 Imo
2919 5709 3050 5748 vero
3105 5693 3415 5747 maximus

1805 5792 2004 5846 I’attlus
2035 5792 2104 5847 ita
2154 5791 2352 5847 dixisse
2404 5789 2725 5844 invenitur:
2772 5808 2787 5839 ι
2820 5786 2994 5852 Cupio
3041 5786 3261 5841 dissolvi
3319 5795 3373 5838 ct
