3838 6226
490 314 602 380 919

1726 313 2070 376 MICHAEL

2183 313 2228 373 G
2240 316 2440 376 [ΥΟΕ
3631 313 3723 377 9Ξῡ

496 453 515 486 ι
565 429 858 487 Vobiscum
931 428 1102 493 enim,
1157 424 1359 497 inquit,
1399 426 1658 485 onnibus
1706 442 1830 483 sum
1881 424 2070 480 diebus

2175 423 2341 478 τάλλα
2362 423 2542 479 πάντα
2565 422 2809 480 ποιοῦσιν
2830 424 2928 479 ὅσα
2952 422 3049 479 καὶ
3072 423 3357 495 βούλονται
3375 439 3392 456 ⁸
3418 425 3559 483 Μεθ’
3576 427 3729 497 ὑμῶν

490 526 663 591 usque
695 521 763 577 ad
796 518 1330 587 consummationem
1360 518 1565 602 saeculi.
1600 536 1621 572 ι
1653 517 1732 575 Ne
1754 517 1919 591 igitur
1946 518 2066 572 din-

492 616 600 669 tius
631 614 898 684 inquiras,
935 612 1210 683 quomodo
1251 610 1472 666 aliunde
1500 611 1777 667 distractae
1825 611 1909 665 bis
1969 611 2061 679 qui

490 720 656 776 supra
686 713 884 761 terram
915 711 1230 775 appareant.
1273 701 1329 757 Si
1360 702 1503 757 enim
1536 702 1797 772 propheta
1827 700 1915 755 ille
1958 698 2065 754 ila-

489 798 685 864 bacuc,
713 796 982 867 corporali
1043 795 1261 850 vinculo
1302 795 1479 850 adhuc
1527 793 1805 855 detentus,
1837 791 1905 846 ab
1936 790 2065 846 Hie-

491 889 764 960 rosolyma
799 903 903 943 una
935 887 1236 957 eademque
1266 887 1398 943 liora
1427 885 1483 940 in
1506 885 1852 940 Chaldaicam
1886 883 2067 954 regio-

490 999 618 1038 nem
670 983 957 1053 pervenit,
1011 980 1222 1036 Danieli
1270 979 1550 1051 prapheta:
1598 978 1654 1032 in
1705 977 1858 1033 fovea
1914 976 2066 1031 cibos

491 1075 725 1130 aﬂ‘erens
750 1112 767 1140 ,
798 1075 1072 1144 quomodo
1114 1075 1278 1129 etiam
1319 1080 1633 1128 sanctorum
1663 1070 1874 1124 animas
1911 1069 2067 1124 invo-

491 1169 744 1224 cantibus
760 1168 1052 1240 aliquando
1079 1159 1345 1237 apparere
1375 1163 1737 1235 nogabimus?
1762 1163 1913 1219 Mitte
1939 1178 2067 1234 ergo

492 1275 740 1330 quaerere
772 1274 991 1314 causam
1025 1274 1039 1312 :
1075 1259 1164 1312 ubi
1208 1267 1293 1311 est
1323 1256 1492 1327 gratia
1529 1255 1665 1321 Dei,
1721 1270 1940 1311 causam
1984 1254 2068 1308 in-

495 1350 792 1421 vestigandi
860 1350 1013 1404 locus
1072 1362 1182 1401 non
1213 1356 1298 1404 est
1331 1366 1344 1402 :
1376 1348 1520 1419 quod
1551 1354 1875 1418 appareant,
1915 1347 2066 1403 scio;

496 1446 723 1498 Patrum
755 1443 902 1497 enim
954 1441 1347 1498 traditionibus
1395 1456 1503 1496 non
1549 1441 1708 1497 obsto
1742 1459 1758 1497 :
1794 1441 2069 1511 quomodo

492 1550 644 1599 vero,
679 1534 862 1607 nescio
896 1551 908 1586 :
944 1534 1050 1588 scit
1086 1532 1354 1589 mirabilis
1405 1533 1496 1589 ille
1543 1533 1599 1589 in
1647 1534 1853 1589 sanctis
1901 1533 2017 1589 suis
2048 1550 2063 1587 :

492 1626 641 1695 quod
681 1626 825 1691 vivo,
858 1626 1002 1697 quod
1033 1626 1416 1701 nutrior,iscio
1444 1642 1457 1678 :
1492 1626 1766 1697 quomodo
1791 1641 1941 1693 vero,
1974 1642 2070 1680 ne-

493 1718 822 1788 scio:quod
873 1717 1035 1774 etiam
1087 1717 1307 1789 corpori
1358 1717 1540 1772 anima
1582 1717 1852 1788 jungitur,
1888 1718 2003 1773 scio
2051 1735 2065 1772 :

492 1811 766 1880 quomodo
794 1826 944 1877 vero,
973 1810 1157 1867 nescio
1189 1822 1209 1862 :
1243 1809 1389 1881 quod
1430 1810 1692 1881 spiritalis
1724 1820 1781 1866 et
1816 1812 2068 1868 immate-

497 1904 668 1971 rialis,
699 1903 836 1970 scio,
872 1902 1053 1958 audivi
1086 1903 1233 1958 enim
1267 1920 1280 1955 :
1310 1902 1491 1974 qualis
1521 1918 1653 1959 vero
1682 1903 1804 1974 ejus
1832 1904 2067 1973 species,

494 2012 559 2051 ac
611 1996 787 2067 qualis
842 1996 1077 2053 essentia
1106 2036 1122 2063 ,
1155 1996 1340 2051 nescio
1373 2013 1386 2050 :
1414 1995 1521 2051 hoc
1564 1996 1709 2051 enim
1762 1996 2068 2066 inexplora-

495 2096 609 2141 tum
648 2088 892 2142 mansit:
932 2087 1207 2157 quomodo
1248 2088 1394 2144 enim
1437 2088 1656 2144 noverit
1703 2088 1826 2159 quis
1857 2102 1969 2142 rem
2001 2087 2070 2143 ad

496 2179 788 2249 imaginem
826 2188 1068 2234 creatam
1102 2180 1532 2253 impenetrabilis
1562 2191 1725 2252 atque
1760 2181 2068 2249 incompre-

497 2272 784 2327 hensibilis
812 2271 943 2327 Dei?
971 2271 1027 2327 Si
1069 2273 1266 2329 anima:
1306 2275 1543 2329 essentia
1575 2273 2072 2344 comprehendere-

496 2372 681 2429 tur,et
728 2363 906 2433 ipsum
956 2364 1211 2435 imaginis
1265 2373 1637 2435 prototypum.
1672 2365 1829 2431 Quod
1864 2366 1908 2419 si
1942 2379 2073 2419 vero

497 2464 844 2527 prototypum
905 2456 1463 2527 incomprehensibile
1513 2466 1618 2521 est,
1648 2457 2073 2529 incomprehen-

499 2550 672 2605 sibilis
753 2551 1068 2605 necessario
1133 2559 1190 2606 et
1231 2550 1347 2620 ipsa
1395 2551 1664 2625 prototypi
1694 2551 1869 2622 imago
1902 2566 1915 2602 :
1946 2551 2074 2606 inde

500 2643 731 2703 plurima
783 2652 1012 2700 tractata
1068 2653 1197 2700 sunt
1243 2645 1312 2701 de
1360 2660 1459 2711 ea;
1496 2659 1658 2699 nemo
1711 2660 1842 2700 vero
1910 2643 2075 2711 hujus

499 2736 792 2805 aliquando
828 2737 1006 2806 potuit
1063 2753 1262 2810 capere
1329 2746 1624 2803 naturam,
1660 2737 1726 2794 ad
1780 2737 2073 2806 imaginem

498 2829 718 2894 factam,
749 2837 808 2883 ut
837 2830 1048 2895 dicunt,
1088 2818 1658 2902 incomprehensibilis
1704 2845 1770 2886 ac
1823 2828 2073 2885 inacces-

498 2921 673 2978 sibilis
704 2921 819 2980 Dei.

2166 519 2296 587 γὰρ,
2324 517 2479 588 φησὶ.
2496 516 2697 583 πάσας
2724 519 2830 584 τὰς
2855 517 3077 587 ἡμέρας
3101 517 3214 584 ἕως
3237 518 3351 585 τῆς
3365 521 3725 587 συντελείας.

2166 610 2258 681 Μὴ
2286 604 2380 664 οῦν
2407 611 2500 663 ἐπὶ
2529 610 2691 664 πλέον
2718 609 3047 681 ἀμφίϐαλλε,
3073 609 3192 673 πῶς
3220 610 3457 681 ἀλλαχοῦ
3487 610 3730 681 μεθιστά-

2167 703 2342 756 Μιναι
2366 703 2480 766 τοῖς
2506 700 2741 757 ἐνταῦθα
2767 702 2930 756 πάλιν
2956 702 3301 772 ἐφίστανται.
3331 703 3395 756 Ei
3423 709 3531 773 γὰρ
3560 706 3589 757 ὁ
3614 722 3733 775 προ-

2167 793 2347 865 φήτης
2373 794 2579 858 ἐκεῖνος
2607 792 2880 848 Ἀϐϐακοὺ
2890 812 2928 864 μ
2955 793 3094 865 μετά
3118 791 3214 846 τοῦ
3243 793 3505 865 σαρκίνου
3532 793 3730 848 ἐκείνου

2167 895 2378 958 παχους
2418 888 2526 941 ἀπὸ
2562 888 2925 959 Ἰερουσαλὴμ
2965 890 3025 942 ὲν
3058 890 3125 958 τῇ
3170 888 3311 959 αὐτῇ
3352 887 3450 940 καὶ
3496 888 3597 957 μιᾷ
3630 888 3735 960 ὥρᾳ

2167 980 2271 1055 τὴν,
2298 979 2611 1052 Χαλδαῖκὴν
2647 981 2911 1035 κατέλαϐε
2954 981 3084 1052 γῆν,
3119 981 3198 1051 τῷ
3240 983 3503 1053 προφήτῃ
3547 981 3734 1049 Δανιὴλ

2168 1072 2500 1143 είσκομίξων
2530 1076 2591 1127 ὲν
2623 1074 2700 1145 τῷ
2737 1073 2927 1145 λάκκῳ
2959 1075 3020 1128 τὸ
3058 1076 3297 1147 ἄριστον,
3335 1074 3458 1138 πῶς
3496 1074 3620 1145 οὐχὶ
3653 1076 3734 1127 καὶ

2166 1167 2266 1231 τὰς
2297 1166 2408 1220 τῶν
2443 1166 2617 1236 ἁγίων
2649 1168 2824 1237 ψυχὰς
2857 1170 2971 1231 τοῖς
3011 1166 3473 1237 ἐπικαλουμένοις
3514 1165 3733 1219 όπτάνεο

2171 1261 2294 1315 σθαί
2345 1278 2478 1314 ποτε
2527 1263 2804 1331 εῐπωμεν;
2840 1262 3010 1329 ’Ἄφες
3059 1262 3240 1313 τοίνυν
3288 1261 3350 1313 τὸ
3403 1259 3571 1323 πῶς·
3623 1260 3739 1313 ἔνθα.

2169 1354 2332 1425 χάρις
2370 1352 2540 1419 Θεοῦ,
2576 1353 2763 1423 χώραν
2796 1355 2896 1406 οὐκ
2929 1352 3040 1423 ἔχει
3074 1354 3132 1406 τὸ
3167 1353 3282 1416 πῶς
3311 1370 3325 1383 ·
3369 1354 3453 1406 ὅτι
3498 1353 3603 1422 μὲν
3636 1353 3738 1419 iei-

2172 1463 2393 1501 στανται
2435 1441 2554 1500 οἶδα
2580 1461 2594 1475 ⁸
2638 1445 2759 1498 οὐδὲ
2804 1444 2913 1514 γὰρ
2959 1446 3245 1499 ἁντιτείνω
3279 1437 3403 1508 ταῖς
3449 1446 3738 1513 πατρικαῇ

2169 1537 2500 1608 παραδόσεσι
2527 1553 2542 1569 ο
2578 1536 2639 1590 τὸ
2679 1537 2736 1590 δὲ
2773 1538 2887 1600 πῶς
2928 1538 3029 1591 οὐκ
3068 1533 3186 1591 οῖδα
3214 1554 3226 1568 ·
3263 1532 3408 1590 οἶδεν
3467 1538 3680 1598 ἐκεῖνος
3712 1538 3733 1589 ὁ

2170 1630 2483 1700 Θαυμαστὸς
2522 1631 2580 1682 ὲν
2611 1631 2724 1692 τοῖς
2768 1628 2943 1697 ἁγίοις
2983 1628 3149 1682 αὐτοῦ
3173 1646 3186 1660 ⁸
3220 1629 3303 1682 ὅτι
3352 1626 3456 1697 μὲν
3527 1627 3613 1692 ζῶ
3658 1628 3737 1680 καὶ

2169 1722 2441 1792 τρέφομαι
2461 1763 2476 1786 ,
2509 1717 2626 1774 οῖδα
2648 1737 2661 1752 ·
2699 1721 2756 1775 τὸ
2789 1719 2846 1774 δὲ
2907 1721 3025 1784 πῶς
3070 1721 3173 1775 οὐκ
3207 1716 3324 1774 οἶδα
3350 1740 3362 1752 ·
3402 1723 3500 1774 καὶ
3532 1720 3622 1774 ὅτι
3653 1720 3738 1789 μὲν

2171 1810 2263 1868 οὖν
2308 1812 2386 1883 τῷ
2419 1813 2633 1884 σώματι
2703 1813 2948 1867 σύνεστιν
2979 1814 3012 1880 ή
3045 1813 3192 1884 ψυχὴ
3212 1852 3228 1877 ,
3259 1808 3375 1866 οῖδα
3400 1827 3415 1843 ·
3449 1812 3510 1864 τὸ
3548 1811 3609 1865 δὲ
3640 1812 3739 1874 πῶς

2170 1907 2269 1961 οὐκ
2308 1903 2426 1962 οἶδα
2451 1923 2467 1940 ’
2504 1908 2601 1961 καὶ
2641 1908 2722 1961 ὅτι
2770 1908 2869 1975 μὲν
2903 1907 3196 1977 ἀσώματος
3243 1907 3339 1960 καὶ
3380 1906 3577 1969 ἀῦλος,
3612 1904 3734 1969 οἶδα,

2171 2003 2381 2071 ἥκουσα
2412 2001 2516 2074 γάρ
2544 2018 2558 2032 ο
2591 2002 2645 2055 τί
2676 2002 2731 2057 δὲ
2762 2001 2822 2056 τὸ
2851 2000 2992 2067 εἶδος
3023 2005 3194 2075 αὐτῆς
3214 2043 3230 2068 ,
3264 2003 3360 2056 καὶ
3392 2003 3624 2071 ποταπὴ
3651 2003 3735 2071 τὴν

2170 2095 2357 2149 οὐσίαν
2386 2095 2565 2159 ἐστὶν,
2592 2096 2690 2148 οὐκ
2719 2094 2834 2149 οῖδα
2861 2137 2875 2160 ,
2909 2097 2992 2150 ὃτι
3025 2096 3121 2149 καὶ
3151 2095 3565 2166 ἀνερμήνευτον
3599 2094 3735 2147 τοῦτο

2176 2185 2456 2256 μεμένηκε
2483 2203 2498 2218 ·
2536 2186 2656 2250 πῶς
2691 2188 2802 2256 γὰρ
2840 2187 2905 2240 ἂν
2939 2185 3033 2240 καὶ
3068 2186 3238 2255 είδοίη
3273 2203 3359 2250 τις
3390 2185 3493 2256 τὴν
3531 2187 3655 2239 κατ’
3674 2185 3738 2237 tl-

2173 2279 2305 2332 κόνα
2340 2276 2656 2332 κτισθεῖσαν
2691 2278 2786 2331 τοῦ
2824 2278 3187 2350 ἀπερινοήτου
3232 2277 3331 2332 καὶ
3364 2277 3733 2347 ἀκαταλήπτων

2172 2369 2339 2435 Θεοῦ;
2374 2370 2503 2424 Ἐὰν
2532 2374 2566 2440 ὴ
2609 2369 2707 2439 τῆς
2749 2369 2931 2441 ψυχῆς
2973 2370 3131 2425 οὐσία
3172 2369 3630 2439 κατελαμϐάνετο
3666 2368 3736 2433 ἂν,

2174 2461 2269 2514 καὶ
2297 2461 2430 2513 αὐτὸ
2456 2460 2517 2513 τὺ
2543 2459 2642 2530 τῆς
2671 2460 2883 2524 εἰκόνος
2910 2461 3270 2530 πρωτότυπον
3291 2475 3308 2493 ·
3339 2461 3390 2513 εί
3417 2459 3476 2514 δι
3504 2460 3579 2513 τὸ
3612 2478 3737 2530 πρω-

2173 2552 2407 2605 τότυπον
2437 2552 2827 2623 ἀκατάληπτον
2848 2592 2864 2616 ,
2899 2554 3287 2623 ἀκατάληπτος
3318 2554 3635 2622 ὲξάναγκες
3660 2556 3737 2607 καὶ

2176 2646 2211 2715 η
2243 2643 2340 2698 τοῦ
2376 2645 2737 2713 πρωτοτύπου
2771 2644 2934 2699 είκών
2958 2660 2974 2676 ·
3009 2645 3162 2699 ἔνθεν
3193 2663 3275 2699 τοι
3310 2648 3406 2701 καὶ
3441 2645 3626 2699 πολλά
3658 2646 3737 2715 μὲν
3771 2705 3780 2711 _

2174 2737 2545 2807 ὲφιλοσοφήθη
2575 2738 2705 2807 περὶ
2733 2738 2905 2808 αὐτῆς
2929 2754 2944 2770 ο
2976 2738 3149 2801 οὐδεὶς
3175 2739 3231 2792 δὲ
3261 2738 3363 2809 τὴν
3386 2737 3603 2807 ταύτης
3631 2736 3739 2807 ηδε)-

2174 2828 2312 2899 νήθη
2360 2828 2763 2883 καταλαϐέσθαι
2815 2829 2979 2899 φύσιν
3029 2829 3200 2895 ποτὲ,
3244 2829 3367 2882 κατ’
3396 2828 3591 2894 εἰκόνα
3642 2845 3741 2880 κτι-

2179 2920 2398 2975 σθεῖσαν
2417 2960 2433 2986 ,
2464 2920 2539 2983 ὡς
2567 2921 2781 2991 ιίρηται
2804 2962 2816 2988 ,
2846 2920 2952 2974 τοῦ
2972 2913 3358 2994 ἀκαταλήπτού
3385 2924 3485 2975 καὶ
3510 2920 3737 2992 ἀπροσί-

2176 3029 2269 3066 του
2300 3011 2460 3066 Θεοῦ.

572 3103 623 3159 9.
657 3103 736 3159 Ne
767 3104 932 3176 igitur
960 3121 1180 3162 causam
1215 3106 1473 3177 indagare
1519 3104 1689 3172 velis,
1722 3119 1793 3160 ne
1821 3103 1960 3159 forte
1991 3105 2064 3160 ob

2241 3102 2306 3158 θ’.
2342 3103 2513 3172 Ἄφες
2543 3105 2726 3157 τοίνυν
2759 3103 2853 3157 ἐπὶ
2884 3103 2992 3157 τῶν
3024 3099 3341 3174 παραδόξιιῆι
3369 3103 3436 3156 τὸ
3468 3102 3627 3166 πῶς,
3662 3101 3738 3153 in

505 3198 611 3253 hoc
637 3197 1037 3254 incredulitatis
1072 3200 1346 3255 accuseris
1378 3215 1392 3252 :
1423 3198 1558 3254 dicit
1583 3200 1786 3263 euim,r
1817 3200 1932 3256 Nisi
1955 3213 2073 3255 cre-

383 3342 387 3349 .
499 3290 785 3357 uideritis,
820 3307 929 3346 non
984 3291 1313 3360 intelligetis.
1355 3290 1473 3347 iUt
1526 3306 1592 3346 ex
1649 3292 1854 3347 ultimis
1913 3301 2073 3348 terra

499 3383 729 3452 apostoli
754 3424 767 3442 .
806 3394 860 3437 et
895 3385 1010 3437 haec
1041 3383 1170 3437 dum
1206 3384 1442 3438 molesto
1477 3398 1708 3455 corpore
1756 3385 2075 3441 detineren-

500 3484 609 3535 tur,
640 3474 697 3526 in
724 3473 880 3528 obitu
913 3474 1267 3531 sanctissimas
1291 3476 1386 3531 Dei
1427 3476 1612 3532 Matris
1642 3477 1696 3531 in
1745 3493 1912 3532 unum
1945 3487 2076 3534 sunt

505 3563 825 3630 coadunati,
854 3563 958 3619 nisi
1006 3564 1147 3621 forte
1185 3565 1273 3621 hic
1302 3568 1523 3639 angelos
1553 3569 1923 3639 apostolorum
1953 3570 2075 3626 loco

499 3657 822 3713 convenisse
878 3658 1177 3714 dixerimus
1216 3676 1230 3711 :
1264 3669 1322 3714 ut
1355 3659 1559 3716 Paulus
1592 3662 1661 3716 ad
1716 3663 1936 3717 tertium
1964 3678 2078 3720 cm-

500 3753 611 3804 lum
643 3750 926 3821 abreptus,
961 3751 1087 3807 inde
1120 3752 1176 3809 in
1207 3753 1517 3823 paradisum
1564 3755 1883 3821 descendit,
1911 3767 1967 3812 et
1996 3756 2077 3811 in-

498 3842 733 3897 cl'fabilia
775 3844 939 3899 verba
986 3844 1198 3901 audivit
1245 3861 1260 3899 :
1299 3846 1576 3915 quomodo
1629 3847 1888 3902 tollentur
1938 3847 2076 3913 justi

499 3935 715 3989 obviam
760 3935 989 3992 Domino
1015 3938 1080 3992 in
1128 3953 1254 3992 aera
1294 3956 1306 3991 :
1340 3939 1617 4007 quomodo
1653 3941 1819 3995 etiam
1852 3942 2077 3996 transti-

499 4039 692 4096 gurato
711 4027 929 4082 Christo
960 4027 1167 4100 Moyses
1193 4039 1251 4085 et
1279 4030 1425 4085 Elias
1451 4030 1511 4084 in
1531 4040 1717 4087 monte
1737 4034 2034 4088 astiterunt
2058 4049 2075 4085 :

501 4125 624 4170 utut
672 4115 835 4186 igitur
855 4119 990 4172 mira
1012 4118 1229 4187 quidem
1258 4121 1369 4174 sint
1409 4121 1535 4186 ista,
1562 4123 1658 4178 sed
1687 4116 1876 4178 revera
1901 4124 2076 4192 fuere,

499 4223 565 4262 ac
596 4208 906 4267 credimus:
930 4213 1005 4267 ita
1026 4212 1190 4267 etiam
1222 4213 1581 4272 redeuntibus
1609 4227 1926 4272 sanctorum
1953 4219 2077 4273 ani-

502 4303 605 4358 mis
636 4303 806 4359 ﬁdere
834 4311 887 4360 te
911 4305 1089 4361 decet.
1122 4305 1282 4373 Quod
1316 4319 1500 4363 autem
1544 4311 1937 4380 superstitibus
1973 4327 2074 4382 ap-

500 4404 716 4466 parent,
749 4399 912 4455 crede
943 4414 1007 4455 ex
1049 4414 1212 4471 supra
1243 4401 1468 4468 relatis;
1502 4406 1774 4473 quomodo
1804 4420 1952 4466 vero,
1972 4404 2073 4476 ipsi

2179 3192 2255 3265 μὴ
2299 3195 2394 3249 καὶ
2433 3195 2696 3248 ἀπιστίαν
2730 3195 2824 3248 ἐπὶ
2857 3196 3034 3265 τούτῳ
3093 3195 3457 3265 κατακριθῇς.
3498 3193 3647 3248 Ἐὰν
3670 3192 3743 3262 μὴ

2176 3284 2548 3355 πιστεύσητε
2579 3287 2712 3358 γὰρ,
2743 3286 2933 3358 φησὶν,
2963 3285 3089 3347 οὐδ’
3113 3286 3185 3339 οὐ
3211 3284 3297 3353 μὴ
3327 3283 3570 3351 συνῆτε
3594 3302 3610 3317 ·
3640 3284 3742 3346 πῶς

2177 3378 2241 3431 ἐκ
2272 3378 2524 3447 περάτων
2546 3379 2595 3432 οἱ
2622 3378 2935 3441 ἀπόστολοι,
2965 3378 3061 3431 καὶ
3085 3376 3254 3431 ταῦτα
3275 3377 3357 3448 τῷ
3383 3379 3557 3446 παχεῖ
3579 3377 3743 3444 τούτῳ

2179 3469 2504 3542 βαρούμενοι
2546 3469 2780 3540 σώματι,
2822 3472 2879 3524 ὲν
2917 3472 2984 3541 τῇ
3034 3470 3364 3540 μεταστάσει
3407 3468 3508 3538 τῆς
3551 3469 3745 3538 vii-aspa-

2176 3561 2299 3631 γίας
2324 3560 2588 3614 Θεοτόκου
2615 3559 2738 3615 κατ’
2761 3561 2922 3615 αὐτὸν
2950 3560 3445 3633 συνηθροίσθησαν,
3473 3559 3567 3613 ῖνα
3593 3562 3647 3612 τί
3676 3559 3741 3629 μή

2179 3654 2272 3708 καὶ
2299 3653 2564 3721 ἀγγέλους
2589 3652 2824 3707 ἐνταῦθα
2851 3653 3119 3724 λέγωμεν,
3144 3653 3269 3707 ἀντὶ
3292 3651 3404 3705 τῶν
3432 3653 3743 3705 ἀποστόλων

2179 3746 2393 3813 ἰλθείν;
2429 3746 2547 3810 πῶς
2580 3746 2609 3799 ὁ
2647 3745 2860 3811 Παῦλος
2896 3747 2979 3809 είς
3012 3745 3195 3818 τρίτον
3229 3745 3465 3816 ἀνῆλθεν
3496 3745 3745 3816 οὐρανὸν,

2182 3839 2434 3894 κάκεῖθεν
2467 3842 2550 3903 είς
2581 3840 2676 3893 τὸν
2713 3839 3043 3909 παράδεισον
3077 3838 3361 3909 ἀπηνέχθη
3383 3876 3400 3901 ,
3436 3838 3531 3891 καὶ
3571 3836 3744 3907 ρημά-

2179 3949 2290 3987 των
2312 3934 2567 4005 ἀρρήτων
2595 3932 2796 4005 ἢκουσε
2823 3948 2838 3965 ο
2867 3931 2987 3996 πῶς
3035 3931 3450 4002 ἀρπαγήσονται
3478 3931 3524 3983 οἱ
3555 3930 3748 3982 δίκαιοι

2182 4026 2321 4097 πρὸς
2350 4025 2655 4096 ἀπάντησιν
2676 4023 2772 4078 τοῦ
2795 4022 3001 4095 Κυρίου
3024 4024 3102 4087 είς
3124 4024 3285 4093 ἀέρα,
3307 4021 3430 4083 πῶς
3453 4021 3508 4073 δὲ
3536 4018 3635 4073 καὶ
3663 4035 3749 4088 με·

2179 4120 2617 4192 ταμορφουμένῳ
2649 4116 2727 4188 τῷ
2760 4117 2982 4188 Χριστῷ
3016 4116 3228 4186 Μωσῆς
3262 4115 3356 4169 καὶ
3390 4114 3580 4175 Ἠλίας
3618 4110 3744 4183 ὁμο-ἰ

2180 4211 2273 4265 ἐπὶ
2299 4209 2389 4265 τοῦ
2419 4211 2580 4280 ὅρους
2609 4211 2947 4280 ἐπέστησαν.
2971 4209 3185 4278 Ὠσπερ
3215 4202 3312 4262 οὖν
3342 4202 3623 4277 παράδοξα
3655 4204 3748 4272 μέν

2179 4303 2286 4356 εἱσι
2316 4302 2488 4357 ταῦτα
2520 4301 2720 4364 πάντα,
2750 4301 2971 4370 ἐγένετο
2996 4299 3042 4352 δ’
3066 4301 3216 4369 ὅμως
3247 4298 3345 4352 καὶ⁵
3374 4298 3709 4366 πιστεύομεν
3734 4309 3745 4322 ·

2179 4395 2323 4449 οὓτω
2363 4396 2465 4448 κάν
2501 4397 2619 4458 ταῖς
2658 4393 3010 4455 ἀνελθούσαις
3042 4392 3151 4446 τῶν
3187 4391 3361 4460 ἁγίων
3393 4390 3598 4460 ψυχαῖς
3633 4388 3745 4442 δια-

500 4488 731 4545 Domino
763 4491 1075 4558 committe;
1114 4507 1223 4546 non
1251 4493 1396 4548 enim
1442 4472 1597 4564 plura
1641 4510 1739 4566 per
1768 4496 1944 4567 ipsum
1980 4472 2070 4552 co-

2179 4488 2418 4543 νοεῖτθαί
2456 4506 2513 4541 σε
2547 4488 2698 4553 ἀξιον
2722 4505 2738 4521 ο
2787 4489 2884 4541 καὶ
2913 4489 2995 4540 ὃτι
3033 4486 3132 4557 μὲν
3165 4485 3492 4554 ἐφίστανται
3518 4484 3637 4545 τοῖς
3668 4482 3747 4533 ἑνο

496 4583 670 4651 gitare
702 4582 859 4646 licet,
889 4599 958 4640 ne
986 4583 1092 4638 tale
1113 4585 1243 4654 quid
1275 4586 1568 4656 patiamur,
1597 4589 1755 4656 quale
1786 4592 2072 4645 damnatus

500 4675 758 4742 Lucifer;
792 4677 1035 4745 quicum
1064 4676 1170 4747 ipsi
1209 4677 1460 4736 collatam
1498 4695 1527 4733 a
1564 4679 1793 4735 Domino
1819 4680 2068 4751 gloriam,

499 4776 680 4834 utpote
715 4768 1008 4832 dillicilem.
1036 4771 1177 4825 term
1201 4786 1311 4825 non
1344 4782 1549 4841 posset,
1570 4773 1625 4827 in
1648 4783 1843 4829 terram
1874 4773 2072 4828 misere

500 4867 722 4926 repente
750 4861 1007 4932 delapsus
1039 4873 1143 4918 est.
1177 4862 1524 4934 Quapropter
1552 4874 1609 4919 et
1658 4882 1856 4935 magno
1900 4867 2068 4922 Paulo

497 4963 609 5017 quo
637 4960 878 5021 tempore
912 4954 966 5008 in
1009 4957 1206 5011 cmlum
1251 4968 1335 5012 est
1387 4958 1670 5028 abreptus,
1709 4960 2071 5016 revelationes

384 5056 393 5062 ·
499 5040 601 5095 sub
635 5041 851 5099 silentio
877 5046 1087 5101 traditae
1115 5059 1245 5104 sunt
1289 5066 1303 5103 :
1349 5049 1508 5104 aliter
1537 5051 1681 5104 enim
1720 5053 1883 5107 totius
1918 5052 2067 5109 orbis

498 5130 760 5200 magister
811 5132 1031 5188 silentio
1073 5151 1182 5190 non
1236 5138 1678 5206 praetermisisset
1729 5155 1742 5190 :
1795 5142 2068 5209 quomodo

499 5238 631 5277 vero
664 5233 845 5279 tacere
874 5240 983 5279 non
1016 5228 1339 5284 maluisset?
1366 5232 1458 5302 qui
1501 5232 1619 5302 ipse
1651 5232 1885 5303 propriae
1916 5233 2068 5288 carni

433 5392 436 5395 Δ
498 5312 752 5369 stimulos
791 5314 1053 5371 adhibere
1093 5332 1154 5373 se
1199 5319 1354 5385 dixit,
1401 5338 1472 5379 ne
1503 5323 1896 5380 revelationum
1928 5325 2070 5381 mole

494 5407 840 5462 obrueretur.

2176 4580 2371 4647 ταῦοα,
2404 4580 2628 4633 πίστευε
2657 4577 2751 4648 ἀφ’
2775 4572 2850 4633 ὧν
2879 4576 3086 4632 ἀνωθεν
3114 4578 3357 4646 ἤκουσας
3382 4591 3397 4605 ·
3430 4575 3492 4628 τὸ
3529 4573 3591 4627 δὲ
3632 4573 3745 4633 πῶς
3836 4650 3838 4655 Ι

2176 4673 2324 4744 αὐτῷ
2370 4673 2447 4743 τῷ
2493 4672 2685 4743 Κυρίῳ
2729 4670 3097 4740 κατάλειψαι·
3143 4668 3265 4722 οὐδὲ
3315 4667 3425 4738 γάρ
3472 4665 3659 4719 πλεῖόν
3694 4680 3743 4717 τι

2176 4768 2364 4839 νοῆσαι
2397 4767 2526 4838 παρ’
2557 4765 2724 4820 αὐτοῦ
2758 4763 3193 4836 συγχωρούμεθα
3222 4801 3238 4827 ,
3277 4763 3366 4815 ἵνα
3396 4759 3474 4831 μὴ
3503 4757 3739 4813 τοιοῦτόν

2176 4878 2229 4913 τι
2269 4858 2569 4928 πάθωμεν,
2604 4858 2786 4910 ὁποῖον
2819 4859 2847 4910 ό
2886 4855 3070 4908 πεσὼν
3106 4853 3418 4924 Ἐωσφόρος
3446 4868 3460 4883 ·
3502 4850 3605 4917 τὴν
3634 4850 3736 4915 γὰρ

2174 4952 2423 5005 δοθεῖσαν
2467 4949 2616 5021 αὐτῷ
2661 4949 2811 5021 παρά
2852 4949 3056 5020 Κυρίου
3077 4947 3442 5018 λαμπρότητα
3469 4944 3543 5015 μὴ
3586 4943 3736 5008 δυνη-

2177 5044 2288 5107 θεὶς
2344 5044 2592 5113 ἐνεγκεῖν
2612 5083 2627 5109 ,
2654 5040 2749 5095 ἆτε
2778 5040 3154 5112 τυγχάνουσαν
3181 5037 3438 5101 ἄπλετον,
3463 5034 3730 5103 ἀνετράπη

2175 5156 2236 5191 τε
2262 5136 2605 5208 παραχρῆμα
2631 5136 2726 5188 καὶ
2753 5134 2953 5204 πτῶμα
2979 5136 3117 5190 κατὰ
3143 5135 3249 5203 γῆς
3298 5130 3529 5198 ἐξαίσιον
3554 5127 3726 5180 ἐκεῖ.

2178 5231 2278 5285 Διά
2296 5246 2378 5282 τοι
2405 5228 2564 5281 τοῦτο
2589 5228 2684 5281 xal
2709 5228 2787 5298 τῷ
2817 5228 3038 5298 μεγάλῳ
3067 5226 3263 5295 Παύλῳ
3290 5223 3410 5276 καθ’
3436 5223 3495 5275 ῖρν
3520 5222 3729 5291 ἡρπάγη

2180 5325 2370 5396 καιρὸν
2402 5322 3076 5391 ἀποκαλυφθὲνταισιωπῇ
3111 5318 3488 5389 παρεδόθησαν
3508 5331 3524 5345 ·
3554 5316 3603 5365 εἰ
3629 5312 3728 5379 γὰρ

2181 5419 2426 5489 έκφθορα
2454 5415 2550 5468 καὶ
2575 5413 2750 5469 ταῦτα
2780 5412 3000 5482 συνέϐη,
3029 5408 3352 5482 συνέφερεν.
3382 5410 3481 5464 οὐκ
3505 5409 3566 5462 ἂν
3588 5407 3617 5459 ὁ
3637 5403 3726 5471 τῆς

494 5504 823 5575 οἰκουμένης
891 5501 1210 5570 διδάσκαλος
1271 5508 1364 5562 ἐπὶ
1417 5508 1675 5565 τοσοῦτον
1712 5512 1973 5584 σεσίγηκε
2000 5533 2015 5548 ⁸
2049 5528 2139 5575 καὶ
2183 5517 2297 5580 πῶς
2329 5516 2438 5585 γὰρ
2467 5513 2526 5566 ού
2564 5511 2792 5582 σιγῆσαι
2823 5511 3091 5584 διέκρινεν
3110 5530 3126 5577 ;
3161 5513 3320 5581 εῖπερ
3351 5510 3512 5574 αὐτὸς
3539 5512 3598 5579 τῇ
3630 5510 3720 5573 ίδὲᾳ

495 5600 663 5671 σαρκὶ
722 5598 963 5652 σκόλοπα
1024 5604 1212 5660 λαόεῖν
1262 5605 1485 5674 ἔλεγεν,
1526 5607 1613 5659 ἵνα
1652 5609 1725 5677 μὴ
1761 5613 1824 5680 τῇ
1865 5611 2138 5688 ὑπερϐολῇ
2179 5615 2287 5668 τῶν
2318 5611 2717 5681 ἀποκαλύψεων
2748 5612 3135 5683 ὖπεραίρηται.

564 5696 648 5751 l0.
695 5692 1006 5763 Scripturas
1031 5701 1194 5773 igitur
1227 5702 1477 5771 amplecti
1510 5702 1790 5769 debemus,
1838 5723 1898 5760 ea
1935 5725 2058 5766 vero

2239 5710 2291 5765 ι’.
2338 5708 2591 5780 Στέργειν
2626 5709 2718 5763 οὖν
2775 5711 2841 5763 τὰ
2876 5709 3240 5782 γεγραμμένα
3304 5712 3612 5783 ὀφείλομεν,
3639 5708 3717 5758 καὶ
