3838 6226
119 320 222 389 921

1452 317 1818 378 EPISTOLA
1861 320 2017 380 XIX.

3253 322 3272 378 ε·
3285 317 3357 380 2?.

120 437 234 490 τῶν
283 435 422 502 ὑπὲρ
464 432 768 502 κατάληψιν
809 433 943 495 ὅλως
991 434 1064 504 μὴ
1109 432 1412 496 ἅπτεσθαι,
1455 431 1570 484 ἀλλ’
1600 431 1675 482 ἐπ’

1798 445 1916 500 qua:
1936 445 2100 500 supra
2127 439 2360 485 mentem
2389 441 2513 487 sunt
2537 432 2760 486 minime
2786 433 3156 501 tangere,imo
3183 433 3359 502 impo-

128 526 343 586 τούτοις
386 524 484 590 τὴν
528 519 696 594 ἧτταν
740 527 1042 591 ὁμολογεῖν,
1089 529 1180 576 καὶ
1229 523 1368 592 μετά
1411 522 1504 575 τοῦ
1550 522 1696 575 θείου

119 615 307 678 λέγειν
364 611 563 664 Δαϐίδ·
607 613 1060 678 Ἐθαυμαστώθη
1111 615 1146 678 ’ἡ
1197 612 1420 681 γνῶσίς
1466 627 1583 664 σου
1627 611 1695 675 ἐξ

121 703 296 772 ἡμῶν
321 719 336 734 ο
384 701 779 769 ἐκραταιώθ-η,
820 705 889 755 οὐ
926 702 1010 771 μὴ
1055 703 1357 768 δυνάμεθα
1399 703 1547 769 πρὸς
1591 705 1694 755 αὑ-

115 794 256 858 τήν.
310 795 434 855 Τοῖς
478 793 584 862 γὰρ
625 794 682 844 ὲν
726 793 946 862 Χριστῷ
992 794 1332 862 κοιμηθεῖσιν
1378 793 1551 861 ἁγίοις
1598 811 1692 862 με-

112 885 402 938 ταδέδοται
431 885 524 936 καὶ
551 884 803 953 ὑπερφυῆ
828 886 895 937 τὰ
921 886 1236 954 χαρίσματα
1260 900 1272 914 ·
1300 885 1392 935 καὶ
1419 884 1684 951 δεομένων

114 977 233 1044 γὰρ
273 976 428 1044 ἡμῶν
463 975 824 1041 ἐπακούουσι,
862 977 954 1028 καὶ
996 975 1332 1044 θλιϐομένοις
1372 976 1686 1042 ἐφίστανται

115 1066 467 1136 παρηγορίας
497 1065 703 1127 ἕνεκεν.
735 1067 809 1128 ὼς
840 1065 1046 1118 ἄνωθεν
1076 1065 1310 1136 εἴρηται.
1348 1066 1471 1118 Ἐὰν
1503 1066 1608 1135 γὰρ
1638 1066 1685 1118 oi

115 1155 246 1205 κατ’
269 1155 367 1222 εμὲ
402 1153 660 1223 ῥᾳθύμως
686 1153 775 1205 τὸν
807 1153 918 1222 βίον
948 1153 1239 1215 ἀνύσαντες
1267 1153 1372 1206 τῶν
1403 1154 1470 1206 δι’
1493 1155 1688 1218 αὐτοὺς

115 1245 362 1298 ἐνταῦθα
390 1246 728 1313 τελουμένων
756 1245 1011 1298 εὐποιιῶν
1036 1245 1495 1310 ὲπαισθάνωνται,
1524 1247 1596 1308 ὠς
1626 1249 1689 1300 ἐκ

112 1341 232 1390 τῶν
264 1339 425 1408 ἱερῶν
455 1338 685 1407 Γραφῶν
709 1338 1089 1408 διδασκόμεθα,
1121 1337 1296 1406 πολλῷ
1329 1339 1527 1407 μᾶλλον
1553 1340 1600 1390 oi
1631 1340 1687 1390 ἐν

117 1428 273 1496 αὖτῷ
304 1429 382 1497 τῷ
415 1429 634 1498 Χριστῷ
665 1429 740 1496 τῷ
774 1428 950 1498 χρεῶν
981 1428 1688 1498 λειτουργήσαντες.Ἔνθεν

118 1538 208 1572 τοι
241 1522 339 1574 καὶ
369 1523 396 1573 6
428 1520 686 1588 Θεολόγος
721 1520 1019 1588 Γρηγόριος
1050 1521 1104 1572 ὲν
1136 1518 1210 1584 τῷ
1243 1521 1376 1588 πρὸς
1409 1519 1504 1588 τὴν
1535 1520 1686 1572 ἀδελ-

119 1610 234 1676 φὴν
261 1608 426 1661 αὑτοῦ
456 1609 727 1678 ἐπιταφίῳ
756 1609 900 1678 λόγῳ
931 1609 1025 1661 καὶ
1052 1608 1175 1661 τάδε
1208 1607 1343 1675 πρὸς
1369 1610 1478 1669 τοῖς
1511 1608 1687 1670 ἄλλοις

1805 523 2028 576 tentiam
2073 520 2254 584 fateri,
2301 531 2356 575 et
2402 536 2522 576 cum
2555 523 2742 578 divino
2774 523 2970 579 Davide
2996 525 3299 578 exclamare
3339 542 3352 576 :

1807 631 1826 664 ι
1865 614 1996 667 Mira
2022 623 2102 668 est
2133 614 2358 666 scicntia
2393 614 2468 666 tui
2502 629 2530 666 a
2563 616 2738 679 nobis,
2769 617 2930 670 nimis
2955 618 3060 671 alta
3087 628 3188 680 est;
3217 620 3356 672 nihil

1798 705 2042 760 valemus
2075 705 2140 759 ad
2168 720 2308 758 eam.
2347 724 2364 757 ι
2394 704 2450 758 ln
2479 705 2695 760 Christo
2723 708 2868 760 enim
2897 711 3126 765 mortuis
3152 712 3357 766 sanctis

1796 797 1956 849 etiam
1996 797 2427 865 supernaturalia
2449 796 2586 850 dona
2609 797 2731 851 data
2754 809 2880 852 sunt
2903 816 2917 865 ;
2951 802 3230 856 orantibus
3260 819 3356 856 no-

1796 889 1878 943 bis
1905 891 2201 944 assistunt:
2240 892 2516 959 oppressis
2557 892 2949 947 consolabundi
3005 907 3352 961 succurrunt,

1797 988 2034 1047 utsupra
2072 979 2272 1031 dictum
2307 987 2410 1032 est.
2438 980 2493 1031 Si
2525 980 2900 1048 enimquidam
2921 982 3028 1035 vita
3069 1000 3173 1039 non
3215 987 3353 1040 bene

1797 1075 1939 1132 acta,
1975 1067 2131 1121 bonis
2159 1068 2414 1136 operibus
2441 1078 2654 1138 propter
2699 1071 2848 1138 ipsos
2893 1071 3127 1142 impletis
3162 1074 3355 1128 fruun-

1799 1166 1902 1218 tur,
1936 1166 1994 1211 ut
2019 1172 2080 1210 ex
2110 1159 2279 1210 sacris
2327 1159 2621 1227 Scripturis
2659 1160 2987 1222 audivimus,
3020 1173 3221 1229 quanto
3246 1180 3358 1217 ma-

1795 1246 1876 1315 gis
1899 1246 1987 1314 qui
2017 1237 2071 1299 in
2095 1251 2212 1315 ipso
2244 1248 2458 1301 Christo
2486 1249 2735 1302 mandata
2767 1263 3138 1307 servaverunt.
3175 1254 3357 1320 Quare

1794 1335 1954 1388 etiam
1997 1335 2278 1402 theologus
2317 1335 2606 1405 Gregorius
2639 1338 2692 1391 in
2722 1339 2933 1393 funebri
2981 1343 3227 1396 oratione
3289 1345 3355 1397 ad

1794 1441 2058 1488 sororem,
2082 1427 2194 1479 haec
2224 1427 2363 1480 inter
2387 1426 2486 1478 alia
2521 1426 2679 1484 dicit:
2701 1427 3024 1482 Praesentem
3048 1445 3352 1486 sermonem

1793 1517 1992 1585 accipe,
2031 1531 2064 1568 o
2095 1517 2251 1570 beata
2285 1533 2298 1570 :
2329 1517 2458 1571 illud
2485 1519 2627 1572 enim
2690 1519 2766 1573 tui
2814 1521 3084 1576 similibus
3134 1539 3357 1578 conces-

1795 1606 1865 1660 sit
1893 1607 2053 1669 Deus,
2092 1616 2152 1660 ut
2181 1607 2375 1661 talibus
2400 1607 2669 1662 fruantur.

116 1701 315 1766 ἔλεγεν
343 1717 356 1730 ·
387 1701 574 1765 Δέδεξο
621 1702 710 1753 τὸν
771 1700 1014 1771 παρόντα
1044 1699 1221 1768 λόγον,
1250 1693 1294 1753 ὧ
1327 1700 1569 1770 μακαρία
1595 1716 1611 1733 ι
1642 1702 1736 1754 καὶ⁵
1799 1700 1956 1752 τοῦτο
1992 1701 2096 1770 γὰρ
2134 1701 2447 1770 ἐδωρήσατο
2478 1705 2589 1766 τοῖς
2624 1702 2762 1756 κατά
2801 1703 2860 1756 σὲ
2895 1707 2922 1757 6
2955 1703 3119 1769 Θεὸς,
3155 1715 3215 1757 το
3247 1707 3352 1758 τῶν

116 1795 384 1848 τοιούτων
413 1793 788 1852 αἰσθάνεσθαι.

197 1894 290 1941 ια’.
330 1887 392 1938 EI
421 1887 476 1938 δὲ
501 1887 672 1938 ταῦτα
700 1885 869 1947 οὕτως
898 1885 1034 1954 ἔχει,
1063 1886 1224 1938 πόθεν
1252 1887 1409 1956 ἡμεῖς
1437 1885 1687 1955 ὁρμώμε-
1721 1894 1760 1948 Β

118 1997 205 2031 νοι
238 1977 496 2045 τοιαύτης
528 1975 934 2046 ἀποστεροῦμεν
966 1978 1185 2047 χάριτος
1216 1978 1312 2040 τὰς
1346 1977 1684 2039 ἀπελθούσαις

117 2072 231 2124 τῶν
276 2071 439 2137 ἁγίων
479 2069 692 2138 ψυχάςς
739 2068 832 2121 καὶ
875 2067 1046 2121 ταῦτα
1089 2068 1184 2121 τοῦ
1231 2070 1532 2139 κορυφαίου
1578 2069 1684 2121 τῶν

118 2161 436 2214 ἀποστόλων
464 2160 666 2226 Πέτρου
693 2157 961 2225 λέγοντος,
987 2158 1067 2210 ὅτι
1084 2157 1297 2227 Ἀγαθὰ
1321 2158 1437 2223 τοῖς
1469 2155 1686 2224 ἀνθρώ-

117 2271 260 2319 ποις
290 2256 321 2308 ό
356 2252 497 2316 Θεὸς
526 2249 865 2319 ἐχαρίσατο,
897 2251 981 2312 είς
1015 2249 1051 2302 ἁ
1082 2249 1479 2317 ἐπιθυμοῦσιν
1511 2250 1686 2318 ἅγγε-

116 2351 216 2400 λοι
263 2345 630 2412 παρακύψαι.
671 2343 774 2395 Καὶ
806 2343 857 2394 τί
893 2342 997 2411 χρὴ
1033 2340 1197 2392 πολλὰ
1229 2340 1442 2406 λέγειν;
1479 2341 1540 2392 Εί
1585 2340 1687 2410 γὰρ

117 2439 218 2490 καὶ
256 2436 386 2504 περί
420 2451 576 2487 τινων
612 2433 780 2500 ἁγίων
817 2433 894 2484 ἔτι
927 2432 1004 2501 τῷ
1043 2432 1141 2502 βίῳ
1173 2431 1346 2502 τούτῳ
1383 2432 1684 2500 περιόντων

114 2528 459 2596 ἠκούσαμεν,
489 2528 570 2579 ὅτι
596 2525 662 2578 δι’
686 2526 848 2594 εὐχῆς
877 2524 1054 2576 αὐτῶν
1081 2523 1173 2575 καί
1197 2540 1347 2586 τινας
1375 2525 1430 2575 ὲν
1457 2522 1683 2595 ἀσεϐείᾳ

116 2623 214 2672 τὸν
247 2621 358 2688 βίον
389 2617 798 2677 καταλύσαντας
827 2614 1186 2684 αἱωνιζούσης
1217 2613 1488 2676 κολάσεως
1517 2609 1680 2683 ἠλευ-

47 2749 50 2752 -
117 2710 438 2778 θερὼθησαν
465 2709 567 2778 (1),
596 2708 647 2759 τί
670 2708 728 2759 τὸ
758 2705 961 2758 κωλύον
982 2705 1067 2774 ,μὴ
1098 2707 1192 2756 καὶ
1239 2705 1331 2756 τὸν
1378 2705 1490 2772 βίον
1517 2705 1678 2757 ἀλλά-

116 2801 339 2866 ξαντας,
370 2800 462 2850 καὶ
487 2799 578 2850 τοῦ
605 2795 739 2850 Θεοῦ
768 2795 925 2864 δῆθεν
953 2794 1242 2863 ἐγγύτερον
1269 2795 1582 2862 γεγονότας,
1610 2795 1676 2845 τὰ

114 2893 260 2945 αὐτὰ
298 2894 409 2953 τοίς
450 2888 776 2958 προλαϐοῦσι
822 2887 1014 2948 ποιεῖν,
1053 2886 1147 2937 καὶ
1186 2887 1284 2954 τὴν
1325 2885 1491 2955 αὐτὴν
1532 2884 1675 2952 ἔχειν

1863 1888 1947 1942 14.
1978 1888 2030 1942 Si
2067 1890 2178 1942 haec
2210 1888 2280 1942 ita
2309 1903 2368 1945 se
2397 1889 2617 1953 habent,
2648 1904 2744 1943 cur
2774 1905 2871 1944 nos
2900 1891 2986 1944 tali
3018 1894 3185 1962 gratia
3221 1895 3351 1948 hinc

1792 1978 2059 2046 profectas
2080 1987 2388 2032 sanctorum
2420 1979 2624 2032 animas
2647 1981 3034 2047 spoliabimus?
3057 1987 3348 2051 praesertim

1794 2084 1918 2123 cum
1951 2070 2314 2138 apostolorum
2339 2070 2583 2138 princeps
2606 2070 2795 2126 Petrus
2821 2072 2994 2128 dicat:
3035 2093 3053 2126 ι
3087 2074 3232 2130 Dona
3255 2077 3351 2131 ho-

1797 2160 2034 2213 minibus
2068 2160 2291 2228 largitus
2339 2168 2422 2213 est
2475 2161 2631 2223 Deus,
2670 2176 2788 2228 qua:
2822 2164 2986 2216 etiam
3013 2164 3215 2218 vellent
3249 2181 3348 2220 an-

1796 2250 1953 2320 geli.)
1989 2250 2128 2314 Quid
2159 2249 2347 2318 plura?
2377 2250 2430 2304 Si
2461 2253 2602 2304 enim
2637 2251 2703 2305 de
2736 2252 3238 2321 aliquibussanctis
3265 2259 3345 2310 vi-

1796 2349 1904 2393 tam
1943 2340 2120 2393 adhuc
2149 2340 2432 2408 agentibus
2475 2342 2796 2406 audivimus,
2831 2359 2926 2397 eos
2955 2346 3066 2400 suis
3093 2349 3346 2415 precibus

1798 2430 2059 2498 quosdam
2087 2431 2176 2497 qui
2217 2431 2268 2482 in
2309 2429 2589 2499 impietate
2622 2435 2913 2500 perierant,
2944 2450 2972 2489 a
3015 2440 3347 2505 sempiterno

1787 2521 2050 2590 Supplicio
2073 2521 2356 2585 liberasse,
2381 2521 2511 2589 quid
2547 2522 2727 2575 obstat
2754 2524 3045 2592 quominus
3078 2527 3176 2588 illi,
3211 2545 3348 2596 pra:-

1783 2612 1923 2667 seuti
1959 2612 2067 2664 vita
2119 2611 2398 2665 immutata
2459 2611 2676 2682 Deoque
2747 2616 3160 2685 propinquiores
3218 2617 3344 2672 facti

1786 2719 1848 2756 ea
1915 2717 2032 2770 qua:
2096 2712 2467 2756 antecessores
2527 2707 3048 2774 agant,eademque
3096 2707 3346 2763 fruantur

1784 2794 1980 2846 virtute
2019 2808 2082 2848 ac
2125 2794 2382 2856 efﬁcacia,
2414 2810 2482 2846 ne
2516 2794 2688 2848 dicam
2748 2798 2914 2852 multo
2978 2799 3165 2868 majori
3217 2815 3341 2868 pro-

1785 2890 1901 2950 pter
1923 2882 2147 2949 hujusce
2171 2884 2350 2936 carnis
2373 2884 2761 2951 depositionem
2787 2885 2904 2940 ?Nc
2930 2888 3092 2956 igitur
3118 2887 3338 2942 Patrqu

111 2984 398 3053 ἐνέργειαν
433 2998 489 3032 τε
523 2981 620 3033 καὶ
650 2980 901 3048 δύναμιν,
941 2978 1025 3029 ἵνα
1063 2978 1136 3046 μὴ
1168 2977 1309 3043 λέγω
1346 2975 1524 3044 πολλῷ
1563 2977 1675 3045 μεί-

1785 2969 2121 3037 dogmatibus
2150 2971 2517 3035 adversentur,
2543 2971 2918 3027 incredulitate
2942 2983 2994 3028 et
3016 2977 3336 3031 dubitando.

110 3075 280 3138 ζονα,
313 3073 398 3125 διά
431 3087 490 3139 γε
525 3072 622 3140 τὴν
653 3069 751 3136 τῆς
785 3069 985 3138 σαρκὸς
1017 3067 1217 3136 ταύτης
1252 3067 1543 3132 ἀπόθεσιν;
1581 3067 1671 3138 Μὴ

105 3163 208 3218 οῦν
243 3165 652 3232 ἀντιπίπτωμεν
682 3163 796 3222 ταῖς
826 3162 1116 3230 πατρικαῖς
1147 3159 1509 3227 παραδόσεσι,
1543 3159 1674 3229 μηδὲ

104 3260 262 3318 ὅπως
308 3258 477 3324 ἔχοιεν
522 3247 684 3308 αὗται
732 3251 1260 3321 περιεργαζώμεθαο
1307 3251 1521 3323 ἐγράφη
1566 3253 1671 3319 γὰρ

108 3347 286 3401 ταῦτα
313 3348 409 3416 οὐχ
437 3347 524 3399 ἵνα
552 3344 1113 3412 πολυπραγμονῶμεν,
1147 3343 1260 3396 ἀλλ’
1288 3343 1372 3394 ίνα
1403 3343 1670 3394 πιστεύω-

1783 3058 1907 3113 Haec
1927 3059 2072 3113 enim
2109 3062 2305 3129 scripta
2333 3068 2480 3126 sunt,
2510 3077 2613 3115 non
2646 3071 2703 3116 ut
2736 3074 3126 3130 scrutaremur,
3157 3069 3248 3121 sed
3282 3079 3340 3121 ut
3410 3062 3412 3064 ’

1784 3153 2154 3211 crederemus.
2191 3168 2253 3206 ac
2285 3153 2511 3221 proinde
2554 3164 2609 3206 ut
2638 3154 2947 3220 credentes,
2987 3157 3150 3210 vitam
3180 3168 3334 3212 teter-

1779 3259 1902 3297 nam
1937 3244 2250 3306 habeamus,
2283 3244 2334 3298 in
2365 3242 2579 3298 Christo
2605 3241 2736 3299 Jesu
2761 3244 2984 3300 Domino
3019 3259 3223 3314 nostro,
3248 3251 3335 3304 cui

1776 3337 1942 3411 glpria
1986 3337 2040 3390 in
2073 3335 2284 3389 swcula.
2325 3335 2517 3392 Amen.

109 3457 236 3509 μεν,
281 3441 372 3492 καὶ
412 3439 499 3491 ἵνα
538 3434 880 3496 πιστεύοντες
922 3434 1064 3503 ζωὴν
1104 3434 1320 3488 αἰώνιον
1358 3435 1576 3504 ἔχοιμεν
1616 3436 1671 3487 ὲν
1739 3431 1956 3501 Χριστῷ
1992 3429 2167 3500 Ἰησοῦ
2220 3429 2298 3500 τῷ
2333 3431 2518 3500 Κυρίῳ
2553 3431 2740 3500 ἡμῶν,
2877 3433 2910 3504 ἡ
2942 3433 3067 3499 δόξα
3099 3436 3174 3499 είς
3209 3437 3334 3502 τοὺς

105 3537 336 3598 αἰῶνας.
376 3534 567 3603 Ἀμήν.
609 3579 619 3586 .

1463 3648 1795 3706 EPISTOLA
1835 3645 1976 3701 XIX.

468 3799 544 3850 Ad
581 3795 757 3851 Nilum
799 3796 1129 3849 monachum.
1170 3821 1238 3835 —
1271 3791 1454 3844 Preces
1484 3806 1576 3859 pro
1610 3787 1828 3842 mortuis
1859 3797 1905 3839 ct
1937 3787 2286 3853 elecmosyims
2322 3800 2422 3835 non
2452 3784 2649 3850 [rustra
2687 3783 2805 3851 ﬁeri
2837 3782 2933 3853 (Ξ).

180 3938 305 3992 Ὀτι
343 3936 440 4006 μὲν
472 3931 563 3989 οῦν
600 3936 659 3988 οὺ
689 3935 794 4004 χρὴ
849 3933 989 3986 κατὰ
1038 3951 1089 3986 τι
1119 3932 1386 3996 διστάζειν
1417 3931 1505 3982 ἐπὶ
1546 3931 1664 3991 ταῖς

100 4029 426 4099 γινομέναις
463 4027 731 4090 εὐποιίαις
763 4027 913 4094 παρὰ
965 4026 1149 4091 τινῶν,
1180 4025 1340 4094 χάριν
1376 4023 1474 4092 μὲν
1507 4023 1656 4074 εὐσε-

99 4123 246 4185 ϐῶν,
284 4119 622 4190 ἁμαρτωλῶν
666 4118 720 4170 δὲ
745 4159 759 4183 ,
795 4117 1143 4170 πειθέτωσαν
1205 4117 1355 4185 ἡμᾶς
1421 4114 1525 4182 πρὸ
1554 4112 1661 4164 τῶν

1845 3928 1956 3980 Non
1989 3941 2106 3980 esse
2137 3925 2318 3992 itaque
2349 3923 2706 3976 dubitandum
2757 3922 2822 3976 de
2867 3923 3022 3976 bonis
3069 3926 3328 3992 operibus

1771 4033 1887 4086 qum
1921 4019 1986 4070 ab
2013 4015 2280 4084 aliquibus
2309 4014 2461 4076 fiunt,
2499 4014 2711 4082 piorum
2743 4012 2958 4082 quidem
2991 4014 3157 4081 gratia
3181 4055 3195 4079 ,
3230 4015 3325 4070 sed

1772 4119 2148 4178 peccatorum,
2199 4107 2554 4175 persuadeant
2597 4121 2692 4161 nos
2728 4117 2852 4159 ante
2899 4107 3033 4161 alios
3073 4108 3323 4177 discipuli

98 4214 286 4268 ἄλλων
331 4213 379 4264 oi
415 4211 651 4280 μαθηται
688 4208 924 4278 Χριστοῦ
981 4211 1074 4260 καὶ¹
1130 4205 1436 4268 ἀπόστολοι,
1486 4207 1660 4271 τρίτα,

1785 4201 1963 4256 Zliristi
1995 4211 2045 4254 et
2072 4200 2319 4270 apostoli,
2355 4199 2545 4254 diebus
2574 4201 2752 4265 tertio,
2797 4216 2940 4254 nono
2993 4211 3046 4255 et
3085 4204 3322 4270 quadra-

97 4307 307 4358 ἔννατα
359 4301 449 4355 καὶ
481 4300 910 4370 τεσσαρακοστά,
980 4298 1067 4350 ναὶ
1115 4296 1239 4366 μὴν,
1279 4296 1374 4348 καὶ
1420 4295 1665 4346 ἐνιαύσια

96 4393 382 4446 τελεῖσθαι
417 4391 611 4453 κοινῶς
649 4393 742 4445 επὶ
794 4393 904 4450 τοῖς
941 4388 1197 4440 τεθνεῶσι
1247 4385 1653 4454 διαταξάμενοι.

97 4483 164 4532 ΕΞ
195 4481 304 4546 γὰρ
328 4479 354 4530 6
387 4478 672 4541 Νυσσαεὺς
700 4478 838 4539 θεῖος
864 4477 1180 4545 Γρηγόριος,
1203 4477 1312 4537 τοῖς
1336 4475 1501 4541 ἱεροῖς
1534 4476 1664 4525 ἀπο-

100 4570 320 4629 στόλοις
357 4567 618 4635 ἑπόμενος
655 4565 828 4628 οὕτως
862 4565 1088 4634 εὓρηται
1119 4565 1314 4632 λέγων,
1336 4565 1502 4616 Οὐδὲν
1535 4563 1659 4616 ἁλο-

92 4660 302 4721 γίστως
351 4657 469 4708 οὐδὲ
500 4654 746 4724 ἀκερδῶς
793 4655 898 4706 ἀπὸ
955 4654 1060 4706 τῶν
1092 4654 1184 4706 τοῦ
1207 4653 1440 4723 Χριστοῦ
1474 4653 1656 4723 μαθη-

89 4750 214 4801 τῶν
272 4748 643 4815 παραδίδοται,
684 4746 818 4800 ἀλλά
858 4746 918 4798 τὸ
946 4748 1178 4814 πρᾶγμα
1204 4746 1420 4806 πάντως
1452 4746 1659 4811 ἐπωφε-

89 4841 214 4901 λὲς,
247 4839 304 4888 τὸ
342 4838 562 4906 μνήμην
599 4839 770 4888 ποιεῖν
814 4837 906 4889 ἐπὶ
940 4838 1039 4906 τῆς
1085 4835 1235 4897 Θείας
1271 4836 1659 4902 μυσταγωγίας

87 4931 212 4983 τῶν
247 4928 450 4981 πιστῶν
506 4927 963 4996 κεκοιμημένων·
1028 4926 1206 4994 πολλῷ
1263 4924 1460 4994 μᾶλλον
1507 4927 1690 4994 ἡμᾶς·

87 5020 567 5090 ἁλογοπραγήτως
597 5019 824 5072 ἔπεσθαι
867 5019 996 5089 χρή.
1033 5019 1094 5070 El
1131 5019 1262 5086 γὰρ,
1295 5016 1547 5086 καθάπερ
1579 5017 1655 5067 εί-

91 5115 397 5184 ρήκαμεν,
463 5112 602 5178 ὑπὲρ
654 5109 761 5162 τῶν
815 5112 874 5160 ὲν
923 5109 1217 5177 ἁμαρτίαις
1274 5108 1654 5161 ἀποθανόντων

85 5204 296 5256 θυσίαν
334 5203 632 5271 προσάγειν
662 5201 1218 5267 οὐχ’ἀποκλειόμεθα,
1268 5201 1360 5250 καὶ
1411 5201 1437 5251 6
1483 5199 1649 5267 μέγας

87 5295 378 5355 Βασίλειος
416 5297 473 5346 ὲν
512 5298 576 5362 τῇ
608 5295 765 5363 τρίτῃ
803 5295 932 5363 εὐχῇ
965 5296 1029 5362 τῇ
1073 5292 1340 5361 λεγομένῃ
1383 5293 1522 5344 κατὰ
1552 5290 1650 5359 τὴν

165 5471 244 5539 (Ι)
283 5472 526 5540 Respicit
563 5477 636 5536 (ut
672 5470 1056 5537 cognoscimus
1091 5486 1154 5522 ex
1189 5471 1310 5525 aliis
1341 5471 1518 5539 Glycze
1548 5471 1660 5540 epi—

84 5544 254 5594 stulis
304 5558 399 5594 seu
449 5541 790 5611 tractatibus)
818 5540 881 5611 ad
927 5540 1290 5611 narrationem
1325 5540 1382 5593 S.
1408 5542 1650 5611 Gregorii

84 5611 198 5673 l‘l’,
266 5626 316 5663 t't
396 5612 626 5660 aliorum
682 5609 747 5661 de
799 5610 973 5662 salute
1003 5609 1220 5676 Trajaui
1257 5610 1410 5676 imp.,
1447 5609 1653 5677 de'qua

1768 4295 1988 4363 gesimo,
2017 4309 2116 4346 nec
2146 4310 2253 4347 non
2276 4302 2328 4346 et
2353 4306 2542 4347 exaelo
2570 4309 2712 4347 anno
2746 4293 2957 4360 publice
2985 4306 3322 4351 mortuorum

1766 4384 2051 4437 memorias
2084 4383 2194 4436 tieri
2231 4382 2607 4435 decernentes.
2644 4382 2852 4434 Etenim
2907 4383 3007 4435 etsi
3049 4382 3324 4452 Nyssems

1764 4476 1918 4530 divus
1945 4474 2233 4540 Gregorius
2260 4475 2426 4526 sacris
2452 4474 2706 4542 apostolis
2739 4474 2996 4527 insistens
3027 4474 3140 4527 haec
3172 4490 3321 4542 repe-

1764 4569 1898 4621 ritur
1943 4565 2185 4620 dixisse:
2222 4565 2364 4618 Nihil
2410 4564 2525 4618 sine
2571 4565 2778 4616 ratione
2824 4572 2877 4616 et
2921 4565 3037 4618 siue
3088 4564 3239 4617 lucro
3293 4582 3319 4614 ιι

1760 4660 1960 4715 Christi
1993 4658 2267 4727 discipulis
2297 4657 2555 4720 traditur,
2592 4672 2676 4711 res
2710 4665 2884 4708 tamen
2935 4655 3048 4723 ipsa
3099 4655 3320 4708 omnino

1763 4751 1906 4804 utilis
1943 4761 2042 4811 est,
2077 4748 2389 4802 memoriam
2425 4748 2664 4802 recolere
2698 4749 2748 4800 in
2779 4747 2958 4800 divina
2987 4747 3201 4814 liturgia
3231 4764 3322 4801 en-

1758 4858 1897 4900 rutn.
1937 4841 2028 4909 qui
2078 4842 2133 4893 in
2183 4840 2283 4892 [ide
2320 4839 2746 4904 obdormicrunt,
2782 4839 2950 4892 multo
2995 4839 3164 4907 magis
3219 4854 3319 4892 nos

1757 4935 1872 4986 sine
1923 4931 2148 4986 auctiori
2199 4930 2444 4984 examine
2493 4931 2642 4999 sequi
2699 4930 2942 4984 addecet.
2991 4930 3199 4984 Etenim
3249 4935 3315 5003 si.

1761 5023 2206 5092 quemadmodum
2257 5021 2507 5084 diximus,
2560 5036 2656 5089 pro
2711 5021 2798 5088 iis,
2819 5021 2920 5090 'qui
2969 5022 3023 5074 in
3076 5023 3315 5089 peccatis

1764 5110 2034 5164 immortui
2071 5119 2216 5174 sunt,
2245 5109 2563 5177 sacriﬁcium
2585 5110 2780 5162 otferrc
2809 5125 2917 5163 non
2945 5111 3310 5176 prohibemur;

1759 5201 1897 5269 quod
1932 5211 1986 5254 et
2007 5201 2218 5254 divinus
2254 5201 2482 5254 Basilius
2516 5201 2569 5254 in
2603 5203 2757 5255 tertia
2787 5203 3052 5266 oratione,
3081 5218 3199 5272 quae
3223 5203 3310 5256 die

1757 5291 2087 5346 Pentecostae
2111 5306 2266 5344 sacro
2285 5291 2504 5356 dicitur,
2531 5291 2688 5360 plane
2707 5293 2917 5358 edocet,
2952 5293 3021 5348 ita
3049 5293 3115 5347 ad
3140 5294 3305 5347 Deum

1756 5471 1891 5593 ‘satis
1932 5482 1983 5525 et
2013 5486 2042 5524 a
2073 5471 2256 5524 multis
2304 5471 2508 5526 criticis
2541 5482 2592 5526 et
2622 5488 2651 5527 a
2684 5473 2945 5545 theologis
2977 5473 3304 5540 disputatum

1783 5555 1876 5592 illi.

1824 5612 1899 5680 (2)
1943 5610 2102 5664 Allat.
2146 5612 2219 5666 De
2248 5626 2540 5678 consensu,
2571 5611 2672 5665 ecl.
2709 5615 2858 5665 H91.
