3838 6226
137 310 249 373 ί25

1491 307 1854 370 ΕΡΙΞΤΟΕᾹ
1893 309 1937 368 Χ
1955 309 2055 369 iX.

3300 321 3402 384 926

131 421 324 486 λόγοις
355 419 446 471 ἐπὶ
478 417 735 472 τοσοῦτον
762 419 1070 491 ἐχρήσατο,
1111 417 1213 472 οὐκ
1245 416 1317 471 ἂν
1341 417 1389 469 οἱ
1421 417 1700 479 πεινῶντες

1822 417 2068 488 aliosque
2098 419 2266 474 etiam.
2290 422 2544 481 nolentes
2584 425 2686 497 ipsi
2740 427 2800 481 in.
2838 443 3019 484 rerum
3053 428 3404 502 propriarum

130 511 442 583 τηνικαῦτα.
502 511 828 584 ἐτράφηααν
858 553 871 576 ,
900 512 1004 594 ’καὶ
1031 512 1208 565 ταῦτα
1253 508 1416 576 λιμοῦ
1453 509 1722 578 μεγίστου

1826 510 2308 580 participationem
2332 528 2676 574 evocassent.

131 607 209 674 τῇ
253 603 410 656 πόλει
481 601 878 672 ἐνσκήψαντος,
947 603 1049 656 οὐκ
1095 600 1163 655 ἂν
1210 598 1665 669 ἐπικαμφθέντες,
1713 601 1764 653 οἱ
1805 600 2212 674 φιλοχρήματοι
2281 604 2376 658 καὶ
2433 607 2660 672 ἄκοντες
2711 605 3015 682 ἐτράποντο
3049 629 3184 687 προς
3235 616 3404 686 μετά-

139 697 316 752 δοσιν.

204 790 306 860 Μὴ·
345 785 440 843 οὖν
479 788 546 854 ἐξ·
577 790 838 856 ἀπειρίας
869 789 982 842 τῶν
1026 790 1438 860 γεγραμμένων
1485 787 1717 850 ἑαυτοὺς

127 883 654 954 καταδλάπτωμεν,
697 882 786 937 ἵνα
837 882 913 953 μὴ
960 884 1053 936 καὶ
1090 884 1449 946 λανθάνοντες
1501 883 1712 953 αἱρέσει

128 978 546 1048 περιπέσωμεν,
575 969 643 1047 ἧς
667 975 1008 1046 ἐχρημάτισε
1039 976 1276 1046 σπορεὺς
1309 977 1337 1028 6
1358 974 1602 1044 Ἀἐριος,
1638 973 1716 1045 μὴ

125 1073 243 1127 δεῖν
270 1071 456 1138 λέγων·
503 1070 650 1141 ὺπέρ
695 1069 806 1123 τῶν
861 1071 1306 1142 κεκοιμημένων·
1352 1069 1717 1142 προσφέρειν,

125 1167 214 1218 ὅτι
250 1165 388 1236 μηδέ
413 1163 773 1234 προσγίνεται
795 1181 880 1228 τις
912 1164 1163 1217 ἐντεῦθεν
1186 1164 1422 1226 ἐκείνοις
1450 1163 1712 1233 ὠφέλεια.

129 1258 197 1309 Ei
225 1256 281 1309 δὲ
306 1256 486 1310 ταῦτα
518 1255 693 1319 οὕτως
733 1254 872 1327 ἔχει,
917 1255 1191 1321 διστάζειν
1227 1257 1444 1320 παντως
1475 1256 1569 1310 ἐπὶ
1593 1258 1714 1317 ταῖς

129 1350 241 1403 τῶν
267 1349 656 1419 ἀποιχομένων
696 1351 940 1419 μνήμαις
970 1351 1074 1402 οὐκ
1117 1349 1357 1416 εὔλογον.
1393 1347 1550 1414 “Gtc;
1602 1348 1712 1402 Καὶ

128 1441 244 1509 γὰρ
275 1439 393 1508 είγε
439 1438 570 1510 περί
603 1456 770 1493 τινων
801 1441 862 1492 ἐν
909 1439 1163 1510 auctiﬁciq-
1206 1441 1298 1493 τὸν
1317 1437 1441 1510 βίον
1477 1439 1721 1493 καταλυ-η

130 1515 348 1584 σάντων
379 1531 620 1601 δεήσεως
642 1531 931 1600 γεγονυίας
963 1532 1372 1602 ἐπικάμπτεται
1397 1534 1426 1585 6
1458 1532 1712 1602 ἐλεήμων

125 1625 286 1686 Θεὸς,
317 1623 410 1676 καὶ
443 1624 795 1694 συγχώρησιν
842 1625 1073 1696 παρέχει
1097 1627 1210 1688 τοῖς
1238 1627 1566 1695 πταίσμασι.
1596 1625 1709 1678 Καὶ

1896 784 1976 841 Ne
2003 787 2190 860 itaque
2219 805 2285 846 ex
2317 792 2657 862 ignoratione
2686 799 3014 870 scriptorum
3037 805 3404 877 nosmetipsos

1825 877 2118 945 laudamus,
2156 896 2229 935 ne
2261 882 2492 938 latenter
2537 887 2590 941 in
2623 887 2849 945 haeresin
2883 893 3221 960 incidamus,
3239 913 3402 967 quam

1824 969 2022 1023 Aerias
2056 971 2455 1041 disseminavit,
2485 993 2594 1032 non
2624 995 2778 1046 esse,
2807 981 3078 1053 inquiens,
3122 1004 3222 1056 pro
3257 1005 3402 1044 mor-

1824 1058 1932 1112 tuis
1961 1058 2298 1116 oﬂ‘crendum
2327 1103 2340 1126 ,
2375 1067 2521 1134 quod
2575 1068 2723 1123 nulla
2759 1070 2867 1124 illis
2905 1072 3033 1126 inde
3065 1075 3272 1130 utilitas.
3305 1079 3404 1133 ad-

1820 1161 2094 1206 nascatur.
2140 1153 2268 1208 Huic
2299 1156 2348 1208 si
2380 1157 2453 1210 ita
2484 1173 2541 1211 se
2575 1159 2804 1228 habent,
2840 1165 3100 1233 quaelibet
3133 1167 3405 1225 dubitatio

1819 1242 1886 1296 de
1910 1243 2296 1301 defunctorum
2325 1252 2589 1304 memoria
2611 1252 2847 1309 absurda
2884 1256 3050 1312 fuerit
3075 1276 3088 1314 :
3121 1275 3244 1315 cum
3266 1276 3402 1316 non-

1817 1337 2005 1403 nullis,
2031 1340 2126 1410 qui
2181 1341 2241 1396 in
2289 1342 2492 1411 pietate
2528 1347 2693 1402 vitam
2725 1350 3116 1420 deseruerunt,
3151 1356 3404 1423 precibus

1814 1431 2347 1499 eﬂ'usis,rnisericors
2376 1437 2624 1494 ﬂectatur
2649 1442 3140 1516 Deus,delictisque
3162 1451 3402 1518 praebeat

1821 1525 2385 1584 remissionem.._Audi
2418 1543 2656 1589 veterem
2687 1537 2992 1603 historiam,
3027 1541 3184 1610 cuius
3212 1544 3402 1597 memi-

1817 1618 1898 1672 nit
1927 1619 2559 1681 Damasccnusioannes
2584 1665 2598 1691 ,
2629 1627 2682 1682 in
2711 1631 2913 1700 saspius
2951 1643 3248 1701 praenotata
3278 1650 3399 1691 ora-

126 1714 296 1765 ἄκουε
345 1712 582 1776 παλαιᾶς
619 1715 862 1784 ἱστορίας
888 1754 904 1777 ,
945 1710 1012 1786 ἦς
1050 1716 1378 1786 ἐπεμνήσθη
1409 1718 1505 1770 καὶ
1539 1717 1566 1768 6
1600 1718 1700 1769 Δα-

1817 1709 1987 1766 tione.
2042 1712 2266 1785 Magnus
2318 1715 2632 1789 Gregorius,
2689 1734 3052 1793 cognomento
3101 1726 3400 1798 Dialogus,

131 1804 418 1876 μασκηνδς
441 1805 703 1876 Ἰωάννης
747 1808 806 1860 ἐν
855 1807 933 1877 τῷ
981 1807 1528 1878 διαληφθέντιαὺτοῦ
1565 1808 1707 1878 λόγῳ

125 1896 351 1963 λέγων’
394 1896 455 1950 ’0
489 1896 666 1966 μέγας
706 1898 1040 1969 Γρηγόριος-
1067 1901 1095 1954 6
1143 1900 1402 1968 Διάλογος
1451 1901 1558 1953 ἀνὰ
1605 1900 1706 1968 τὴν

124 1986 347 2056 λιθίνην
396 1988 636 2057 πορείαν
686 1989 1002 2058 γενόμενος,
1062 1989 1158 2043 καὶ
1211 1990 1339 2053 στὰς
1392 1988 1706 2061 ἐξεπίτηδες

123 2079 301 2150 εὐχὴν
330 2082 606 2151 κραταιὰν
638 2082 776 2152 πρὸς
801 2083 892 2137 τὸν
923 2083 1221 2153 φιλόψυχον
1247 2083 1380 2138 Θεὸν
1409 2083 1549 2154 ὑπὲρ
1579 2101 1708 2152 συγ-

124 2171 431 2243 χωρήσεως
489 2170 762 2241 Τραϊανοῦ
811 2172 906 2226 τοῦ
962 2173 1226 2244 βασιλέως
1274 2174 1568 2244 πεποίηκε.
1594 2177 1714 2229 Καὶ.

125 2265 451 2334 παραυτίκα
494 2266 680 2335 φωνῆς
725 2265 910 2318 θεόθεν
968 2267 1285 2337 ἐνεχθείσης
1321 2267 1467 2338 αὐτῷ
1501 2269 1707 2339 ἐπακη-

125 2371 251 2418 κοε,
291 2357 386 2410 καὶ
439 2356 564 2411 τάδε
621 2357 963 2426 διεξιούσης·
1011 2360 1126 2429 Τῆς
1173 2359 1364 2430 εὐχῆς
1408 2376 1524 2415 σου
1551 2362 1707 2430 ὑπή-

122 2465 350 2513 κουσα,
383 2450 482 2503 καί
539 2451 914 2523 συγγνώμην
945 2453 1209 2521 Τραιανῷ
1238 2454 1466 2524 δίδωμι,
1512 2455 1596 2508 σὺ
1637 2454 1707 2508 δὲ

117 2541 340 2611 μηκέτι
371 2543 654 2612 προσθῇς
699 2547 862 2614 ὑπὲρ
897 2546 1138 2602 ἀσεϐῶν
1163 2546 1350 2616 εὐχὰς
1379 2548 1706 2618 προσενέγ-

124 2653 232 2689 και
250 2655 375 2706 μοι.
408 2637 663 2692 Τοιοῦτον
715 2639 773 2691 δέ
820 2656 873 2693 τι
924 2640 1240 2710 παράδοξον·
1284 2645 1378 2695 καὶ
1409 2644 1442 2712 ἡ
1494 2659 1708 2715 πρωτοο

127 2732 344 2801 μάρτυς
378 2731 554 2785 Θέκλα
584 2733 902 2804 εἰργάσατο.
945 2734 1214 2805 Δεηθείσα
1247 2735 1357 2805 γὰρ
1393 2736 1534 2807 ὑπὲρ
1566 2737 1706 2789 Φαλ-

126 2823 359 2894 κονίλης
392 2825 540 2888 τινὸς
589 2826 822 2888 ἀσεϐοῦς
857 2824 1024 2896 οὔσης
1083 2829 1381 2898 ἐπικαμπῆ
1429 2829 1520 2882 τὸν
1551 2827 1707 2899 ἐλεή-

128 2931 277 2986 μονα
305 2917 401 2970 καὶ
430 2916 573 2989 αὓτη
613 2919 756 2973 θεὸν
781 2918 1005 2990 εὕρατο.

201 3013 266 3065 Ei
294 3011 353 3064 δέ
384 3011 560 3068 ταῦτα
594 3013 770 3078 οὕτως
809 3016 923 3087 ἔχει
950 3056 965 3082 ,
1020 3016 1138 3079 πῶς
1171 3015 1275 3070 οὐκ
1316 3003 1702 3086 εἰσακουσθείη

1813 1817 1937 1856 cum
1969 1819 2068 1873 per
2117 1807 2300 1861 torum
2350 1809 2622 1878 lapidibus
2667 1823 2900 1871 stratum
2941 1817 3045 1872 iter
3075 1817 3302 1884 faceret,
3331 1835 3397 1874 ex

1811 1887 2080 1950 industria
2121 1901 2391 1967 constitit,
2428 1910 2483 1955 et
2522 1904 2730 1960 validas
2759 1904 2950 1976 preces
2983 1908 3053 1962 ad
3084 1910 3396 1967 misericor-

1811 1984 1936 2040 dem
1957 1987 2355 2060 animabusque
2378 1995 2675 2064 pr0pitium
2706 1997 2920 2064 habuit,
2947 2009 3014 2054 ut.
3036 2000 3388 2071 imperatoris

1811 2073 2034 2145 Traiani
2071 2076 2286 2132 delictis
2322 2080 2664 2151 ignosceret;
2700 2097 2753 2140 et
2804 2087 3096 2144 confestim
3147 2106 3275 2158 vox,
3316 2092 3398 2146 di-

1809 2163 2016 2218 vinitus
2045 2165 2236 2232 allata,
2266 2170 2450 2225 audita
2482 2182 2564 2228 est
2587 2213 2601 2236 ,
2637 2174 2692 2226 in
2723 2175 2869 2232 hunc
2900 2180 3120 2234 modum
3152 2181 3341 2237 dicens
3379 2201 3393 2237 :

1811 2253 2001 2309 Preces
2036 2266 2153 2310 tuas
2202 2261 2405 2324 audivi,
2437 2268 2486 2316 ct
2514 2264 2721 2316 veniam
2750 2265 2984 2336 Trojano
3012 2269 3116 2335 do;
3150 2280 3204 2322 at
3241 2281 3298 2325 tu
3333 2289 3404 2326 ne

1811 2347 1939 2399 mihi
1961 2349 2180 2415 posthac
2206 2367 2302 2419 pro
2329 2353 2507 2422 impiis
2535 2357 2863 2424 precationes
2895 2361 3168 2417 adhibeas.
3199 2363 3394 2417 Simile

1809 2436 2086 2508 quidpiam
2146 2442 2531 2498 admirandum
2587 2456 2642 2500 et
2693 2448 2868 2518 prima
2930 2461 3135 2522 martyr
3189 2454 3394 2511 Thecla

1809 2539 2032 2596 operata
2063 2539 2168 2584 est.
2204 2531 2618 2591 Precationibus
2647 2553 2886 2610 namque
2917 2541 3102 2598 eﬂ‘usis
3141 2561 3246 2614 pro
3269 2547 3396 2602 Fal-

1809 2620 2008 2675 conilla
2035 2623 2288 2694 quapiam
2322 2626 2513 2696 impia,
2540 2631 2836 2701 propitium
2868 2643 2924 2689 et
2949 2635 3062 2706 ipsa
3095 2636 3273 2695 Deum.
3296 2645 3396 2695 mi—

1809 2713 2140 2772 sericordem
2175 2716 2407 2775 invenit.

1879 2995 2007 3052 llaec
2036 3011 2160 3052 cum
2200 2997 2276 3055 ita
2303 2997 2436 3066 sint,
2469 3001 2748 3070 quomodo
2777 3018 2885 3058 non
2917 3008 3264 3076 exaudietur,
3292 3015 3386 3083 qui

121 3104 197 3158 ἂν
223 3107 252 3158 6
284 3105 426 3177 ὑπὲρ
474 3109 667 3161 πιστοῦ
697 3127 844 3172 τινος
872 3109 1170 3179 προσάγων
1201 3109 1300 3182 τὴν
1325 3110 1551 3180 δέησιν;
1588 3111 1698 3165 Kal.

1812 3104 1910 3161 pro
1938 3091 2079 3145 tideli
2115 3089 2220 3146 alio
2248 3107 2439 3162 preces
2479 3093 2750 3152 eﬂ‘undit?
2782 3098 2850 3153 Et
2882 3099 3006 3154 audi
3031 3140 3046 3165 ,
3089 3103 3215 3171 quid
3245 3104 3394 3162 dicat

117 3199 293 3252 ἄκουε
337 3199 392 3252 τί
432 3216 599 3271 φησιν
626 3202 654 3254 6
698 3201 871 3270 μέγας
907 3202 1188 3266 Διονύσιος
1221 3218 1237 3232 ⁸
1268 3205 1337 3258 Ai
1370 3205 1480 3258 τῶν
1529 3204 1702 3274 ἁγίων

120 3293 434 3363 προσευχαὶ
477 3295 580 3347 καὶ.
619 3296 770 3348 κατὰ.
813 3295 906 3348 τὸν
948 3296 1086 3366 τῇδε
1115 3296 1260 3366 βίον,
1291 3299 1424 3368 μήτι
1471 3315 1534 3370 γε
1562 3297 1702 3368 μετὰ

119 3383 370 3438 θάνατονε
405 3386 484 3449 εἰς
525 3386 652 3450 τοὺς
694 3386 880 3453 ἀξίους
932 3389 1093 3460 ιερῶν
1125 3391 1321 3462 εὐχῶν,
1356 3391 1528 3460 ἤγουν
1575 3394 1701 3456 τοὺς

119 3477 374 3544 πιστοὺς,
415 3467 728 3550 ἐνεργοῦσι.
772 3481 885 3535 Kal.
931 3484 959 3536 6
999 3485 1405 3555 χρυσορρήμιινν
1449 3483 1702 3556 Ἰωάννης

117 3573 181 3625 ἐν
227 3575 295 3644 τῇ
353 3573 492 3642 πρὸς
527 3575 928 3645 Φιλιππησίους
983 3578 1242 3648 ἐπιστολῇ
1289 3578 1562 3632 διδάσκων
1613 3573 1702 3634 οἷα

117 3671 220 3720 καὶ
241 3667 344 3722 ὅσα
366 3669 508 3740 ὑπὲρ
536 3670 648 3722 τῶν
672 3671 1054 3740 ἀποιχομένων
1081 3671 1340 3726 δύνανται
1366 3673 1702 3742 προσφοραὶ,

119 3763 224 3814 καὶ
264 3759 390 3812 τάδε
430 3761 619 3831 φησιν’
657 3763 720 3816 Ei
753 3763 861 3833 γὰρ
887 3765 1360 3831 συγκατακαίουσι
1393 3769 1505 3826 τοῖς
1532 3766 1700 3817 ἀπελ-

115 3853 310 3906 θοῦσιν
340 3855 390 3904 oi
421 3854 684 3924 ’Έλληνες
707 3895 722 3921 ,
773 3855 918 3928 ἅπερ
955 3860 1150 3911 ἐκεῖνοι
1184 3859 1386 3922 ζῶντες
1436 3863 1698 3929 ἐκέκ.ην-

113 3963 210 4007 το,
245 3945 397 4016 πόσῳ
437 3964 501 4016 γε
563 3949 768 4018 μᾶλλον
814 3950 876 4002 σέ
937 3951 1030 4006 τὸν
1082 3949 1276 4006 πιστὸν
1329 3953 1698 4024 παραπέμψαι

110 4039 202 4092 δεῖ
231 4037 308 4107 τῷ
325 4041 672 4112 ἁπειχομένῳ
696 4042 764 4094 τὰ
788 4045 961 4097 οἰκεῖα
986 4060 1000 4109 ;
1033 4045 1128 4115 οὐχ
1174 4046 1260 4100 ἵνα
1290 4049 1462 4116 τέφρα
1490 4052 1697 4115 γένων-

109 4149 232 4193 ται,
265 4131 447 4196 καθὼς
480 4136 684 4201 ἐκεῖνα,
717 4136 832 4216 ἀλλς
858 4138 940 4190 ἵνα
970 4140 1206 4207 μείζονα.
1225 4141 1400 4212 τούτῳ
1429 4142 1698 4216 περιϐάλῃ

109 4226 217 4296 τὴν
253 4227 412 4292 δόξαν
438 4244 454 4258 °
478 4230 567 4281 xui
588 4231 638 4281 εί
669 4230 772 4299 μὲν·
794 4209 1122 4300 άμαρτωλὸς
1142 4235 1170 4286 6
1207 4209 1698 4304 tEOvn—zmgri’va‘t;

111 4321 495 4390 ἁμαρτήματα
555 4321 716 4393 λύσγγ
751 4325 800 4376 εί
858 4325 915 4377 δὲ
975 4325 1218 4391 δίκαιος,
1264 4328 1350 4382 ἵνα
1403 4331 1692 4402 προσθήκη

110 4419 350 4483 γένηται
390 4415 582 4484 μισθοῦ
633 4417 731 4470 καὶ
793 4419 1137 4482 ἀντιδόσεως.
1203 4417 1387 4476 Ταῦτα
1441 4425 1541 4494 μὲν
1599 4422 1695 4480 οὖν

108 4509 431 4562 ἐπιδεὸαιοί.
462 4509 556 4562 καὶ
604 4509 680 4564 τὰ.
725 4512 782 4563 ἐν
820 4511 898 4578 τῷ
935 4512 1034 4582 βίῳ
1072 4513 1166 4595 τοῦ
1201 4517 1474 4584 μακαρίου
1508 4519 1688 4572 Ἰωάνι
1725 4499 1772 4551 θ’

105 4619 207 4652 νου
277 4600 372 4654 τοῦ
426 4599 770 4672 Ἐλεήμονος.
843 4603 902 4657 '0
960 4605 1070 4676 γὰρ
1123 4607 1264 4669 θεῖος
1335 4609 1490 4673 οὗτος
1550 4611 1696 4684 ἀνὴρ

103 4695 405 4765 παραινῶν
447 4695 697 4762 συνάξεις
749 4698 1024 4750 ἐπιτελεῖν
1070 4701 1179 4752 τῶν
1225 4701 1536 4756 τεθνεώτων
1572 4705 1694 4759 ἐνε-

103 4804 234 4850 κεν,
265 4787 361 4840 ita
396 4788 464 4841 τὰ
498 4790 736 4858 μέγιστα
779 4789 1097 4859 ὠφελούσας
1131 4793 1354 4858 αὐτοὺς,
1392 4796 1486 4848 καὶ
1513 4798 1692 4851 τοιοῦ-

103 4884 204 4932 τον
237 4896 290 4932 τι
317 4882 620 4952 προσετίθη
652 4881 923 4952 διήγημα·
957 4885 1195 4950 Νεανίας
1235 4904 1321 4950 τις
1357 4889 1507 4959 παρὰ
1544 4890 1688 4960 Περ-

104 4973 228 5025 σῶν
271 4973 733 5043 αίχμαλωτισθεὶς
764 4978 822 5028 ἐν
866 4975 1081 5049 φυλακῇ
1121 4981 1187 5050 τῇ
1225 4979 1495 5051 λεγομένῃ
1531 4982 1686 5052 Λήθῃ

100 5065 369 5136 ἀσφαλῶς
406 5065 750 5138 ἐφρουρεῖτο.
780 5067 937 5121 Οὕτω
973 5071 1066 5122 καὶ
1108 5073 1215 5140 γὰρ
1265 5071 1406 5141 αὕτη
1440 5072 1685 5142 ἐλέγετο,

98 5158 200 5211 διὰ
229 5157 291 5209 τὸ
326 5158 453 5222 τοὺς
483 5161 662 5212 ἐκεῖσε
700 5157 1065 5229 βαλλομένους
1099 5161 1368 5232 μηδέποτε
1413 5162 1683 5218 ἀνίεσθαι.

97 5253 170 5304 Oi
203 5249 298 5303 οὖν
333 5250 500 5306 αὐτοῦ
554 5253 880 5324 γεννήτορες
929 5253 1004 5316 ὼς
1067 5257 1159 5309 ἐπὶ
1199 5258 1378 5327 νεκρῷ
1421 5258 1488 5311 τὰ
1540 5276 1688 5312 νενο-

102 5345 358 5415 μισμένα
399 5345 636 5399 ἐτέλουν.
669 5347 850 5414 Φυγὰς
876 5343 972 5400 οὖν
1012 5348 1042 5400 6
1075 5349 1192 5412 νέος
1222 5351 1436 5404 ἐκεῖθεν
1467 5355 1687 5406 ἐπανελ-

96 5424 241 5500 θῖὶιν,
263 5437 568 5496 διεσεσαίου
601 5437 822 5492 λύεσθαι
853 5441 960 5493 τῶν
983 5441 1200 5510 δεσμῶν
1221 5445 1514 5518 ἐπιστασίᾳ
1542 5449 1683 5513 τινος

97 5531 443 5601 Αευκοφόρου
467 5573 482 5599 ,
535 5532 656 5586 καθ’
691 5532 749 5587 ὃν
777 5535 832 5587 αἱ
865 5536 1120 5601 amicitiai;
1146 5538 1428 5595 ἐτελοῦντο
1467 5547 1680 5613 καιρόν.

177 5624 294 5677 Καὶ
337 5625 388 5676 τί
451 5626 558 5696 χρὴ
618 5626 792 5680 πολλὰ
823 5627 1040 5697 λέγειν;
1096 5631 1154 5686 Ὀ
1187 5633 1362 5703 μέγας
1393 5637 1684 5708 Μακάριος

94 5714 274 5784 εὐχὰς
305 5715 446 5785 ὑπὲρ
477 5719 586 5770 τῶν
617 5724 1035 5788 κεκοιμημένων
1071 5726 1396 5794 ποιούμενος
1438 5730 1682 5801 ἐγλίχετο

96 5808 327 5878 μαθεῖν,
366 5811 479 5877 εἴγε
535 5811 670 5881 πρὸς
719 5814 904 5883 ὄνησιν
937 5816 1160 5869 ἐκείνων
1194 5819 1362 5872 ταῦτα
1412 5822 1678 5888 γίνονται.

1815 3198 2046 3255 magnus
2088 3185 2378 3257 Dionysius
2426 3203 2441 3242 :
2488 3188 2814 3245 Sanctorum
2850 3194 3216 3263 precationes,
3245 3206 3301 3251 et
3331 3197 3395 3275 iu-

1805 3276 2064 3346 prmsenti
2091 3278 2222 3342 vita,
2254 3294 2365 3332 non
2401 3287 2613 3334 tantum
2647 3292 2769 3350 post
2811 3293 3063 3349 mortem,
3093 3287 3148 3340 in
3176 3304 3270 3344 eos
3294 3292 3392 3360 qui

1803 3369 2009 3425 divinis
2057 3372 2469 3440 precationibus
2519 3375 2664 3445 digni
2713 3387 2866 3443 sunt,
2919 3378 3111 3435 ﬁdeles
3169 3399 3396 3452 nempe,

1803 3473 2125 3529 operantur.
2158 3463 2220 3516 Et
2269 3479 2436 3518 aureo
2491 3480 2587 3520 ore
2635 3464 2895 3534 Joannes,
2945 3470 3006 3524 in.
3040 3472 3268 3542 epistola
3317 3477 3386 3530 ad

1801 3551 2201 3621 Pbilippenses,
2231 3554 2456 3618 docens,
2491 3572 2613 3626 quae
2644 3568 2698 3612 ct
2730 3571 2934 3629 quanta
2967 3578 3066 3632 pro
3111 3564 3394 3621 defunctis.

1801 3642 2112 3698 oblationes
2161 3646 2404 3712 valeant,
2461 3649 2575 3703 haec
2614 3665 2834 3722 quoque
2865 3653 3041 3709 dicit:
3081 3658 3292 3712 Etenim
3340 3660 3390 3714 si

1803 3736 2033 3806 gentiles
2065 3753 2170 3791 una
2194 3753 2317 3792 cum
2349 3742 2610 3805 mort-uis,
2631 3759 2750 3813 qua:
2779 3745 2856 3800 illi
2885 3747 2986 3801 vivi
3014 3753 3392 3816 possidebant,

1803 3827 2155 3890 comburunt,
2203 3838 2412 3898 quanto
2458 3833 2630 3902 magis
2687 3841 2764 3898 tu,
2819 3835 2911 3904 qui
2972 3837 3147 3893 ﬁdelis
3177 3857 3260 3905 es,
3291 3842 3387 3896 de-
3482 3840 3498 3860 ’

1801 3927 2020 3972 mortuo
2055 3921 2273 3990 propria
2306 3922 2523 3978 mittere
2549 3923 2718 3979 debes
2749 3942 2762 3978 :
2791 3942 2899 3980 non
2924 3939 3003 3995 ut,
3027 3932 3385 4000 quemadmo—

1801 4009 1928 4066 dum
1972 4012 2082 4076 illa,
2117 4013 2254 4069 cinis
2286 4015 2436 4081 tiant,
2503 4017 2598 4072 sed
2632 4029 2689 4072 ut
2737 4023 2997 4090 majorem
3045 4023 3120 4077 illi
3154 4026 3382 4096 gloria-nt

1800 4103 2129 4171 concilient;
2160 4113 2215 4158 et
2249 4107 2293 4160 si
2346 4119 2608 4177 peccator
2643 4119 2727 4164 est
2763 4111 3080 4177 defunctus,
3131 4128 3189 4169 ut
3239 4117 3390 4172 illius

1799 4207 2021 4266 pet-cata
2062 4199 2394 4267 dissolvunt;
2417 4201 2458 4256 si
2488 4204 2688 4273 justus,
2715 4217 2771 4258 ut
2805 4209 3072 4261 mercedis
3105 4209 3177 4262 illi
3219 4221 3272 4264 et
3295 4227 3383 4266 re-

1801 4287 2114 4340 tributionis
2158 4293 2287 4342 tiant
2319 4303 2689 4360 augmcntmn.
2732 4293 2856 4348 “LBC
2899 4314 3119 4368 quoque
3161 4311 3381 4354 consta-

1800 4377 2011 4439 biliunt,
2051 4394 2170 4446 quae
2195 4380 2247 4431 in
2277 4381 2383 4434 vita
2417 4384 2557 4436 beati
2593 4384 2822 4438 Joannis
2855 4386 3276 4459 Elecmosynarii
3298 4392 3378 4446 le-

1798 4479 2023 4537 guntur.
2049 4472 2146 4524 llic
2169 4472 2432 4541 siquidem
2464 4475 2684 4529 divinus
2718 4480 2824 4541 vir,
2853 4489 2910 4532 ut
2939 4496 3036 4548 pro
3069 4482 3378 4538 demortuis

1796 4577 2030 4632 synases
2061 4563 2325 4631 iacerent,
2371 4577 2629 4637 tanquam
2659 4586 2777 4639 qtae
2815 4573 3047 4640 plurima
3088 4575 3194 4628 illis
3224 4592 3378 4630 com-

1795 4655 1954 4708 moda
1997 4669 2397 4725 compararent,
2444 4661 2765 4728 adhortans,
2818 4665 2958 4718 hanc
3006 4667 3377 4723 narrationem

1796 4744 2160 4801 adnectebat:
2193 4747 2420 4804 Juvenis
2455 4755 2702 4821 quidam,
2735 4772 2762 4809 ιι
2798 4756 2979 4810 Persis
3007 4759 3058 4810 in
3087 4761 3376 4830 captivita-

1793 4848 1904 4892 tem
1949 4840 2234 4903 adductus,
2268 4843 2318 4896 in
2348 4859 2626 4900 carcerem
2660 4887 2674 4910 ,
2713 4846 2882 4902 Lethe
2922 4851 3151 4916 dictum,
3186 4856 3330 4922 quod
3358 4897 3380 4920 ,

1791 4930 1881 5000 qui
1917 4931 1970 4985 in
2001 4947 2125 4986 eum
2150 4936 2534 5002 trudebantur,
2569 4955 2842 5009 nunquam
2870 4943 3254 5011 educerentur,
3291 4949 3377 5002 in-

1794 5025 2050 5081 truditur.
2107 5028 2288 5094 Quare
2340 5043 2599 5102 parentes
2677 5035 2773 5102 illi,
2834 5037 3000 5091 veluti
3054 5039 3377 5104 demortuo.

1790 5117 1934 5186 justa
1967 5121 2373 5189 persolvebant.
2403 5126 2788 5184 Verumtamen
2825 5130 3069 5200 juvenis,
3097 5150 3222 5189 cum
3263 5137 3377 5190 sibi

1798 5208 1925 5279 iuga
1963 5214 2356 5281 consuluisset,
2404 5233 2689 5289 regressus
2739 5223 2794 5276 in
2844 5225 3112 5294 patriam,
3152 5243 3376 5284 asseve-

1792 5305 1983 5370 rabat,
2029 5307 2315 5375 prasentia
2353 5311 2660 5378 cujusdam,
2709 5317 2957 5373 candidis
3012 5320 3253 5374 vestibus
3289 5321 3379 5373 in.-

1789 5394 1928 5461 duti,
1955 5412 2020 5450 eo
2053 5413 2164 5468 quo
2205 5413 2438 5471 synaxes
2491 5405 2693 5462 ﬁebant
2747 5419 3009 5481 tempore,
3061 5424 3091 5464 e
3139 5411 3378 5467 vinculis

1787 5482 2028 5547 liberari.

1864 5647 1926 5702 Et
1971 5649 2099 5718 quid
2149 5654 2341 5710 multis
2375 5672 2520 5726 opus
2541 5659 2664 5712 est?
2693 5659 2915 5728 Magnus
2942 5660 3231 5728 Macarius,
3273 5679 3376 5734 pro

1789 5743 2020 5796 mortuis
2067 5744 2233 5801 Deum
2286 5764 2542 5817 exorans,
2582 5754 2837 5822 cupiebat
2884 5755 3096 5811 discere
3149 5761 3194 5812 si
3234 5764 3368 5828 quid

1791 5837 1895 5892 illis
1931 5840 2160 5896 mortuis
2195 5843 2592 5912 supplicatione
2632 5846 2988 5902 emolumenti
3041 5852 3359 5916 accederet;
