3904 6222
200 309 346 373 989-
1124 309 1467 371 IOANNES
1504 308 1800 370 ARGYRC

1935 311 2089 371 LUS.
2121 337 2188 345 —
2219 312 2552 375 ΝΟΤΙΤῘΛ.
3361 310 3471 372 990

199 421 487 476 rissimum
510 431 648 474 ‘eum
682 430 838 476 vocat
867 419 1259 491 philosophum
1288 461 1303 484 ,
1335 430 1390 474 et
1421 421 1676 476 eumdem
1712 421 1889 474 virum
1916 409 2453 490 eloquentissimntn,
2495 434 2657 492 atque
2702 421 2851 477 omni
2922 420 3337 492 disciplinarum
3380 439 3471 495 ge‘

197 528 339 566 nere
366 515 792 583 priestan-tiaque
829 513 1148 580 pollentem.
1168 522 1223 566 et
1250 514 1356 566 hoc
1384 527 1495 565 uno
1527 513 1804 566 neminem
1836 512 1889 564 in
1928 512 2186 565 universo
2215 510 2533 565 (ira-corum
2568 528 2769 581 genere
2809 528 2985 582 neque
3021 513 3347 574 doctiorem.
3371 527 3470 567 nec

196 609 592 678 sapientiorem
621 622 742 663 esse
779 608 1090 662 continuat.
1121 607 1384 662 Eamdcm
1419 608 1474 660 in
1529 607 1860 662 sententiam
1893 607 1960 662 de
2003 607 2096 661 illo
2133 606 2197 659 ad
2239 605 2508 661 Donatum
2547 607 2883 662 Acciaiolum
2915 604 3108 664 scribit
3134 609 3270 680 (25),
3301 608 3472 663 hunc-

199 721 317 776 que
345 714 401 759 et
431 705 698 773 reliquam
727 704 1074 772 juventutem
1103 703 1481 759 Florentinam
1513 703 1723 766 laudat,
1760 703 1909 772 quod
1951 702 2006 756 in
2053 702 2177 756 talis
2215 702 2464 771 tantique
2496 710 2552 757 et
2583 705 2822 756 oratoris
2863 713 2916 756 et
2955 703 3265 772 philosophi
3294 702 3467 757 Graeci

193 816 327 856 sese
364 799 694 854 tradiderint
723 800 1092 868 disciplinam.
1128 801 1178 854 ls
1207 801 1323 870 ipse
1347 808 1530 854 autem
1564 799 1897 860 Acciaiolus.
1942 807 2336 868 praeceptorem
2371 798 2518 850 hunc
2558 812 2718 851 suum
2752 797 3068 852 collaudans
3100 795 3239 864 (26).
3270 797 3470 850 Plures

194 891 344 960 jam.
377 892 576 959 inquit,
618 906 816 950 annos,
855 891 1158 944 doctrinam
1187 889 1416 946 tradidit
1449 889 1632 955 nobs,
1666 899 1814 944 tanta
1847 891 2024 960 c0pia.
2067 902 2174 944 tam
2233 889 2632 958 multiplicibus
2667 889 2963 957 variisque
2989 890 3338 944 sermonibus
3364 929 3380 950 .
3407 901 3471 946 ut

198 989 359 1042 visus
397 987 490 1049 sit,
523 987 868 1056 temporibus
893 986 1120 1056 nostris,
1156 994 1406 1040 veterum
1443 983 1896 1054 philosophorum
1939 985 2259 1039 memoriam
2293 999 2583 1039 renovare.
2610 984 2654 1038 A
2699 983 2953 1038 Cortesio
2999 985 3110 1053 (27)
3146 998 3316 1053 prope
3346 999 3470 1052 per-

195 1079 382 1134 fectus
413 1080 618 1134 dicitur
647 1080 1042 1149 peripateticus
1072 1089 1128 1132 et
1156 1092 1289 1132 sane
1325 1077 1632 1132 tolerabilis
1667 1077 1940 1145 scriptor;
1977 1079 2046 1132 ab
2080 1076 2345 1153 Alcyonio
2376 1075 2512 1145 (28),
2547 1077 3000 1145 philosophorum
3041 1069 3154 1131 suae
3190 1078 3471 1131 memoria
3506 1100 3511 1105 -

195 1175 366 1230 facile
400 1177 678 1245 princeps.
710 1175 882 1241 Quam
913 1175 1054 1228 bene
1083 1174 1152 1228 de
1192 1177 1408 1240 eodem,
1445 1184 1783 1243 praeceptore
1815 1189 1936 1236 suo,
1975 1173 2380 1228 existimaverit
2423 1175 2561 1242 Ang.
2607 1174 2909 1228 Politianus
2935 1213 2950 1236 ,
2999 1189 3162 1240 supra
3207 1173 3467 1242 exposui~

194 1282 350 1322 mus.
384 1269 544 1324 Plura
579 1271 820 1322 virorum
851 1264 1144 1320 doctorum
1183 1273 1338 1320 taceo
1391 1264 1707 1320 testimonia
1735 1302 1751 1327 ,
1804 1262 2009 1332 quibus
2039 1262 2106 1317 de
2143 1263 2344 1333 insigni
2394 1263 2705 1332 eximioque
2742 1263 2891 1317 illius
2923 1265 3239 1319 eruditione
3277 1261 3472 1332 praedi-

195 1372 420 1416 carttnt.

282 1455 438 1519 Quod
468 1453 655 1509 multis
688 1452 867 1507 doctis
902 1453 1224 1507 hominibus
1263 1467 1556 1506 commune
1583 1459 1669 1505 est
1695 1451 1920 1512 vitium,
1947 1459 2008 1504 ut
2041 1449 2358 1519 arrogantia
2399 1449 2667 1510 scientiae,
2711 1462 2817 1516 qtta
2847 1446 3079 1516 pollent,
3104 1447 3252 1501 socia
3282 1447 3352 1500 sit
3377 1461 3474 1500 co-

198 1563 435 1616 mesque
461 1588 477 1612 ,
525 1556 581 1601 et
643 1547 744 1601 hac
781 1545 955 1600 inﬂati
995 1547 1142 1602 solos
1199 1560 1319 1601 sese
1355 1560 1545 1614 sapere
1592 1553 1809 1616 putent,
1841 1545 2089 1614 aliosque
2119 1558 2232 1612 prae
2271 1557 2329 1596 se
2363 1550 2738 1606 contemnant,
2771 1542 2840 1595 ab
2875 1541 2979 1594 hoc
3011 1540 3149 1594 adeo
3195 1555 3307 1594 non
3339 1539 3474 1592 liber

205 1640 318 1709 fuit
343 1639 738 1710 Argyropulus,
770 1651 830 1694 ut
862 1641 1051 1709 potius
1079 1640 1127 1695 is
1157 1639 1332 1693 videri
1365 1639 1624 1700 voluerit,
1661 1638 1754 1706 qui
1788 1653 1980 1692 omnes
2025 1637 2170 1692 inter
2199 1637 2253 1691 in
2285 1638 2434 1690 omni
2462 1635 2726 1689 doctrinae
2753 1645 2952 1706 genere
2982 1647 3125 1687 unus
3162 1633 3461 1694 emineret.

203 1743 268 1790 et
299 1733 635 1788 insolentius
669 1749 1013 1788 summorum
1045 1735 1211 1788 etiam
1247 1736 1492 1788 virorum
1525 1734 1840 1803 despexerit
1871 1733 2261 1788 eruditionem.
2300 1730 2472 1786 Totus
2505 1731 2644 1785 adeo
2687 1730 2741 1783 in
2775 1746 2841 1785 co
2873 1729 3128 1784 diversus
3158 1727 3261 1782 fuit
3308 1744 3338 1782 a
3370 1741 3469 1781 ve—

200 1841 326 1888 tere
355 1829 535 1886 sodali
577 1846 697 1893 suo,
732 1831 1028 1886 Theodoro
1055 1831 1225 1892 Gaza,
1260 1831 1350 1898 qui
1391 1831 1676 1884 modestiae
1718 1843 1833 1884 suae
1884 1845 2013 1899 erga
2069 1829 2220 1883 illum
2276 1827 2456 1896 ipsum
2508 1827 2794 1896 singulare
2845 1823 3000 1878 dedit
3053 1825 3472 1890 documentum-

199 1926 450 1997 Etenim,
492 1939 618 1979 cum
653 1923 968 1980 Aristotelis
997 1925 1286 1980 Naturalia
1318 1936 1497 1994 atque,
1520 1910 1743 1978 Moralia
1771 1922 2154 1995 Argyropulus
2184 1923 2378 1977 Latine
2409 1921 2782 1977 convertisset
2809 1961 2824 1984 ,
2854 1919 2999 1974 Gaza
3031 1916 3280 1987 quasdam
3306 1957 3321 1983 ,
3356 1931 3385 1967 a
3415 1929 3474 1970 se

103 2047 124 2064 ι
200 2023 414 2092 pariter
461 2020 744 2087 translata,
795 2020 1130 2083 combussit,
1173 2037 1264 2085 ne,
1321 2031 1379 2076 ut
1431 2020 1624 2076 Jovius
1676 2021 1773 2088 ait,
1821 2021 2143 2076 amicissimi
2187 2020 2428 2076 hominis
2467 2018 2736 2074 crescenti
2787 2018 2945 2072 fama:
2980 2016 3299 2077 edicerent,
3333 2012 3377 2068 si
3407 2011 3473 2066 ad

200 2116 616 2172 aemulationem
653 2113 843 2169 odiosa
890 2117 1306 2185 comparatione
1335 2123 1664 2170 certaretur.
1717 2115 1912 2169 Latina
1956 2117 2104 2169 enim
2135 2156 2150 2179 ,
2183 2115 2366 2175 addit.
2407 2114 2659 2168 ubertate
2695 2113 2985 2168 facundior
3013 2153 3028 2177 ,
3073 2120 3128 2166 et
3158 2109 3473 2164 Graecorum
3513 2141 3522 2147 -

202 2205 648 2262 modestissimus
683 2206 784 2261 hoc
831 2206 991 2260 facile
1042 2206 1205 2260 dabat
1255 2205 1398 2260 elate
1446 2207 1740 2261 ambitioso
1788 2216 1844 2261 et
1890 2208 2176 2276 amplioris
2239 2206 2544 2276 percupido
2597 2205 2848 2260 fortunae.
2901 2204 3240 2275 Arrogantiae
3293 2203 3466 2272 ipsius

201 2301 545 2356 luculentum
604 2298 1222 2367 exemplummemorat
1263 2298 1592 2363 Politianus,
1623 2299 1738 2365 ubi,
1772 2308 2170 2369 prmeeptorem
2218 2298 2373 2352 illum
2406 2314 2590 2360 suum,
2626 2298 2951 2352 Ciceronem
2984 2296 3344 2365 pliilos0phiae
3376 2310 3474 2363 pa-

203 2394 344 2447 riter
378 2402 540 2462 atque
572 2391 896 2475 Graacarum
934 2395 1246 2447 litterarum
1282 2393 1570 2460 imperitiae
1604 2380 1876 2462 arguisse,
1914 2393 2120 2458 refert;
2157 2402 2210 2447 et
2242 2407 2367 2445 cum
2399 2391 2647 2442 omnium
2683 2390 2990 2443 acerrimus
3019 2399 3164 2441 esset
3196 2389 3248 2440 in
3284 2389 3475 2456 dispu-

208 2480 382 2535 tando
416 2488 592 2549 atqne‘
616 2469 811 2535 aurem
834 2481 1004 2550 (quod
1037 2481 1114 2534 ait
1151 2479 1422 2553 Persius),
1459 2481 1707 2535 mordaci
1743 2481 1890 2536 lotus
1920 2491 2098 2542 aceto.
2131 2481 2287 2534 facile
2315 2480 2366 2532 id
2393 2479 2494 2533 sibi
2528 2469 2876 2546 caelerisque,
2903 2488 3014 2531 tum
3049 2478 3270 2547 quidem
3302 2486 3479 2532 secta-

205 2575 422 2628 toribus
454 2572 571 2636 suis
621 2571 957 2642 persuasisse
1011 2572 1085 2626 ait
1142 2581 1221 2635 ut,
1256 2571 1402 2641 quod
1465 2586 1604 2640 pene
1629 2572 1784 2627 dictu
1825 2587 2044 2648 quoque
2070 2572 2224 2626 nefas
2254 2571 2346 2634 sit,
2384 2587 2480 2638 pro
2511 2579 2776 2624 concesso
2811 2570 2952 2623 inter
2981 2571 3128 2638 ipsos
3156 2569 3477 2629 haberetur.

203 2681 315 2721 nec
347 2665 735 2734 philosophum
772 2663 945 2719 fuisse
974 2664 1046 2718 Μ.
1075 2662 1319 2718 Tullium
1353 2678 1459 2717 nec
1492 2663 1706 2718 litteras
1749 2663 1968 2718 Grazeas
2001 2663 2258 2717 calluisse
2292 2664 2430 2726 (9.9).

278 2758 386 2816 Sed
417 2766 472 2812 et
501 2757 822 2811 ebriositate
854 2771 917 2810 ac
947 2757 1250 2810 voracitate
1286 2755 1444 2808 fama)
1486 2769 1598 2808 suae
1653 2754 1921 2829 maculam
1971 2759 2204 2822 aspersit
2237 2753 2613 2823 Argympulus
2637 2793 2651 2814 ,
2690 2753 2734 2804 si
2767 2753 2987 2820 quidem
3031 2751 3185 2805 Jovio
3221 2751 3353 2805 titles
3384 2764 3469 2806 est

206 2848 483 2916 habenda,
519 2850 636 2921 qui,
671 2849 782 2904 vini
809 2857 864 2903 et
892 2847 1000 2903 cibi
1027 2860 1184 2916 aeque
1216 2846 1439 2900 avidqu
1470 2854 1526 2899 et
1555 2858 1834 2913 capacem.
1882 2853 1936 2898 et
1991 2845 2161 2897 multo
2211 2843 2507 2896 abdomine
2552 2841 2927 2894 ventrieosuin
2963 2856 3088 2894 eum
3119 2841 3310 2906 fuisse,
3348 2851 3459 2895 tra-

209 2950 293 3004 dit
329 2949 464 3020 (50).
503 2946 709 3003 Eodem
756 2951 986 2999 auctore
1011 2983 1026 3010 ,
1063 2943 1254 2997 Romae
1301 2941 1375 2995 ita
1422 2940 1624 3009 opimis
1657 2939 1952 3009 stipendiis
1980 2940 2149 2992 vitam
2205 2937 2481 3002 traduxit,
2519 2944 2580 2988 ut
2613 2942 2725 2989 tota
2770 2937 3077 2990 substantia
3131 2938 3467 3005 quotidianis

208 3043 533 3113 sumptibus
567 3048 901 3112 aequaretur,
935 3046 991 3092 et
1022 3036 1078 3091 in
1108 3045 1358 3090 extremo
1388 3035 1516 3089 vitae
1544 3047 1666 3089 actu
1699 3035 1939 3106 iocatus,
1971 3033 2203 3087 ditiores
2235 3033 2466 3093 amicos,
2493 3029 2620 3084 aeris
2647 3029 2833 3096 alieni,
2869 3029 3092 3084 condito
3125 3040 3474 3094 testamento,

208 3137 462 3194 hatredes
498 3135 857 3204 relinqueret.
1022 3141 1025 3143 '

282 3231 566 3298 Pracipua
610 3224 940 3298 Argyropuli
970 3224 1236 3279 doctrinae
1284 3223 1602 3291 ingeniique
1655 3231 2009 3276 monumenta
2059 3230 2188 3275 sunt
2220 3217 2425 3272 Latium
2458 3218 2826 3287 complurium
2863 3219 3179 3276 Aristotelis
3210 3223 3477 3277 librorum

231 3325 721 3394 nterpretationes.
750 3337 886 3391 quas
914 3319 1208 3374 Florentiae
1236 3317 1512 3380 confecit,
1550 3321 1800 3386 gratique
1840 3316 1924 3370 sui
1962 3329 2092 3384 erga
2130 3327 2275 3367 verae
2315 3311 2537 3366 virtutis
2581 3311 2828 3366 altricem
2871 3313 3095 3367 domum
3145 3315 3466 3387 Mediceam,

215 3416 386 3471 animi
417 3425 640 3471 exstare
675 3414 852 3468 voluit
884 3404 1071 3467 testes.
1104 3411 1177 3462 Ex
1208 3409 1398 3464 Gratco
1432 3407 1697 3460 nimirum
1747 3405 1936 3459 Latine
1971 3402 2244 3456 cumcttit
2273 3402 2590 3456 Aristotelis
2617 3401 3074 3468 Pra’dicamenta;
3116 3403 3189 3457 De
3222 3408 3481 3476 interpre-

214 3509 420 3563 tatione
462 3508 698 3571 librum;
739 3505 1152 3574 Analyticorum
1194 3504 1549 3574 posteriorum
1593 3503 1806 3562 l2bros;
1843 3499 2082 3569 Physica:
2130 3495 2537 3551 auscultationis
2590 3498 2761 3553 lilzros
2809 3509 2970 3561 octo;
3020 3499 3094 3551 De
3137 3500 3262 3553 coelo
3306 3501 3480 3564 libros

214 3615 488 3672 quatuor;
539 3602 614 3655 De
650 3605 833 3656 anima
865 3601 1040 3655 libros
1077 3609 1228 3663 tres;
1277 3599 1772 3669 Metaphysicorum
1809 3596 1984 3650 libros
2035 3594 2371 3658 duodecim;
2426 3592 2739 3646 Etlzicorum
2775 3593 2846 3647 ad
2883 3594 3258 3649 Nicomachum
3307 3596 3482 3652 libros

215 3695 443 3761 decem;
481 3705 536 3750 et
569 3675 922 3748 Politicorum
953 3693 1126 3748 libros
1155 3703 1304 3746 octo.
1341 3691 1638 3746 Versiones
1688 3689 1770 3743 ha:
1818 3687 2228 3756 antiquioribus
2261 3685 2573 3740 Aristotelis
2621 3701 2850 3755 Operutn
2886 3687 3225 3743 editionibus
3271 3688 3482 3745 Latinis

216 3804 282 3843 ac
316 3790 598 3844 nonnulla:
628 3791 793 3843 etiam
826 3790 880 3842 in
907 3787 1341 3843 Graeco-Latinis
1367 3785 1702 3856 quibusdam
1731 3785 2012 3855 leguntur.
2038 3782 2161 3836 Mss.
2189 3782 2242 3836 in
2275 3780 2613 3835 bibliOtbeca
2639 3781 3000 3834 Laurentiano
3033 3781 3274 3837 Medicea
3301 3801 3478 3838 asser-

221 3890 444 3943 vantur,
480 3881 691 3948 hasque
727 3880 1078 3934 continentes
1111 3880 1164 3933 in
1201 3879 1296 3932 illa
1333 3887 1552 3933 exstant
1580 3877 1804 3932 codices
1836 3875 2048 3944 aliquot
2079 3870 2510 3934 membranacei,
2542 3870 2968 3939 elegantissimis
2991 3871 3201 3922 Cosmaz-
3224 3881 3279 3922 et
3305 3872 3473 3933 Petri,

225 3973 618 4040 Mediceorum,
662 3975 948 4043 ipsiusque
998 3973 1339 4044 interpretis,
1368 3974 1621 4026 iconibus
1651 3970 1905 4024 exornati
1947 3969 2082 4036 (5|).
2115 3967 2340 4020 Diversa
2375 3975 2422 4018 et
2462 3965 2739 4018 contraria
2782 3965 2923 4017 inter
2959 3981 3016 4017 se
3055 3965 3121 4019 de
3145 3965 3472 4032 Ai-gyroliuii

228 4068 577 4124 versionibns
622 4068 866 4121 virorum
909 4067 1198 4122 doctorum
1235 4066 1594 4137 sontjndicia
1647 4065 1782 4134 ('59.).
1817 4065 1884 4120 R.
1915 4061 2310 4116 Volaterranos
2355 4058 2492 4140 (35).
2523 4059 2803 4132 eleganter
2843 4058 3014 4126 magis
3044 4073 3206 4126 quam
3246 4057 3481 4111 lideliter

223 4163 534 4222 Aristotelis
565 4162 737 4216 libros
761 4175 885 4214 eum
927 4161 1264 4214 convertisse
1295 4168 1506 4214 censet.
1537 4158 1744 4212 Contra
1771 4172 1834 4211 ea
1870 4155 2062 4212 Joach.
2088 4155 2375 4207 Perionius
2407 4151 2542 4219 (3i).
2588 4150 2823 4204 ﬁdeliter
2855 4151 3024 4217 magis
3061 4165 3220 4216 quam
3286 4157 3477 4204 ornate

226 4259 617 4326 eleganterque
653 4253 776 4309 illos
807 4255 956 4321 ipsos
990 4252 1284 4307 translatos
1315 4253 1385 4307 ab
1428 4265 1496 4305 eo
1549 4251 1717 4305 fuisse
1749 4252 1846 4304 ait.
1889 4250 2080 4305 Petrus
2118 4247 2368 4301 Nannius
2400 4245 2514 4314 (55)
2561 4253 2767 4308 autem,
2819 4245 2883 4296 ad
2928 4248 3088 4296 verba
3120 4244 3290 4312 magis
3318 4260 3480 4313 qnam

224 4352 289 4404 ad
321 4363 544 4404 sensum
571 4346 978 4417 Argympulnm
1008 4345 1335 4411 attendissc,
1370 4344 1656 4414 ipsiusque
1690 4344 1827 4398 adeo
1865 4341 2352 4411 interpretationes
2384 4352 2486 4391 nec
2511 4336 2724 4398 fideles,
2749 4350 2849 4388 nec
2877 4335 3156 4404 elegantes
3179 4351 3320 4400 esse,
3351 4352 3477 4405 pro-

298 4529 408 4594 (Ἦ)
441 4525 807 4592 Εςηιοηιπρῃ.
839 4523 1000 4585 libro,
1036 4522 1264 4594 cpistola
1289 4522 1357 4575 25
1379 4540 1392 4586 ;
1415 4537 1478 4577 ex
1510 4522 1802 4594 quactiam

231 4592 494 4653 discimus
536 4593 904 4646 Mediolunnm
955 4610 1004 4646 τι.
1061 4592 1197 4646 14515
1249 4592 1651 4663 Argympnlutn
1707 4609 1804 4645 ve-

229 4671 396 4731 nisse,
429 4677 484 4718 ct
536 4683 563 4718 a
606 4666 852 4732 principe
905 4663 1318 4730 perhumaniter
1363 4665 1805 4732 perbenigm-qne

229 4749 544 4793 tractatum.
590 4737 656 4786 ad
695 4733 1091 4802 Transalpsnos
1157 4733 1466 4795 transitsste,
1505 4736 1714 4786 reditus
1736 4732 1802 4786 ad

226 4808 591 4864 constitutum
626 4817 844 4872 tempus
878 4819 972 4870 Spe
1002 4807 1162 4857 far-ta.

302 4878 416 4944 (‘26)
460 4878 693 4930 Prouem.
744 4871 799 4928 in
862 4875 1262 4942 expositionem
1309 4871 1436 4926 libr.
1476 4871 1806 4944 iEtglticorum

227 4942 560 5004 Aristotelis.
592 4945 657 4996 ad
688 4947 904 4998 t-lariss.
939 4946 1136 5000 virum.
1163 4944 1415 4996 Cosmatn
1444 4942 1731 4996 Mcdiccnt.

209 5023 213 5025 ’
302 5019 417 5087 ('27)
453 5015 594 5087 θέαι.
631 5016 694 5068 de
721 5015 884 5068 docti:
907 5013 1225 5078 hominibus,
1252 5028 1376 5083 pag.
1407 5013 1498 5067 45.

296 5085 410 5160 (2⁸)
550 5103 595 5139 ³·
623 5103 674 5160 Ε·

303 5152 415 5228 ᾖὲὶθ)
463 5157 595 5215 Vid.
621 5155 944 5217 Politianus,
981 5153 1202 5228 Miscell.
1231 5169 1289 5228 Ac.
1321 5156 1339 5208 l
1368 5170 1381 5208 :
1415 5167 1526 5222 quo
1564 5152 1807 5228 ipso,ca-

231 5223 364 5300 pitc,
386 5228 714 5300 Ciceronem
750 5228 979 5300 ejusque
1006 5226 1406 5300 expositionem
1429 5223 1676 5300 vocabuli
1721 5226 1808 5276 ὲν-

233 5295 482 5368 Itale/eu
515 5338 530 5361 ,
586 5295 794 5368 Tuscul.
861 5296 1060 5361 Qua’st.
1120 5311 1156 5355 I,
1193 5296 1280 5355 l0.
1320 5311 1441 5368 qua
1495 5295 1805 5368 Tullianam

230 5365 435 5425 Grani-aa
461 5368 659 5433 linguae
692 5367 1057 5436 ignorantiam
1087 5366 1464 5436 comprobare
1494 5365 1807 5418 instituerat

230 5439 633 5509 Argyropulus,
667 5452 697 5491 a
725 5435 1016 5509 calumnia
1071 5436 1340 5509 ejusdem.
1383 5435 1539 5509 cujus
1583 5437 1805 5501 quidem

231 5507 371 5564 alias
400 5509 545 5576 apud
570 5522 751 5560 senon
782 5507 962 5576 exigui
991 5507 1248 5574 pendetis
1272 5508 1656 5559 auctoritatem
1684 5519 1808 5558 esse

235 5581 550 5651 proﬁtetur,
582 5592 645 5631 ex
677 5578 941 5651 institmo
957 5577 1199 5651 defendit
1221 5578 1536 5651 Coonienus
1566 5578 1809 5651 l’apadoj

235 5647 372 5721 poli,
409 5648 450 5702 ι.
485 5664 628 5721 s.c..
669 5649 767 5721 ubi
799 5647 944 5701 Jovii
997 5649 1194 5721 repetit
1235 5647 1623 5721 narrationem,
1661 5648 1805 5713 quod

231 5715 634 5791 'Argyropolus,
659 5718 984 5776 Ciceronem
1009 5715 1223 5772 Graecas
1265 5717 1474 5771 litteras
1533 5719 1808 5786 ignorasse

1049 5981 1072 6014 \

1911 4516 2307 4587 pt‘mdicaverit,
2337 4515 2529 4587 addit._:
2563 4513 2787 4587 Qnauin
2810 4527 2870 4587 s_e_
2895 4529 3000 4565 non
3039 4514 3284 4587 ontni_no_
3309 4515 3477 4585 Argy-

1911 4583 2138 4655 ropulns
2172 4587 2463 4640 delirabat.
2505 4585 2748 4638 Perbelle
2779 4585 2790 4635 1
2820 4583 3054 4655 Nempe,
3089 4593 3146 4636 ιιι
3174 4583 3478 4655 Politianus

1908 4651 2221 4712 de'.Gr:ecis
2247 4672 2357 4709 sua)
2388 4657 2566 4708 aetatis
2599 4654 2916 4706 hominibus
2950 4663 3200 4716 testatur,
3252 4651 3479 4707 Latinos

1909 4731 1961 4781 in
1997 4729 2377 4795 participatnm
2406 4742 2517 4780 sua:
2549 4726 2749 4794 lingua:
2775 4723 3148 4791 doctrinaeque
3174 4737 3279 4778 non
3305 4722 3480 4778 libeno

1912 4809 1993 4853 ter
2025 4797 2267 4850 admittit
2301 4798 2402 4850 ista
2439 4797 2605 4850 natio.

1982 4870 2093 4936 (30)
2137 4866 2294 4921 Conl'.
2345 4867 2502 4936 liayle
2527 4867 2563 4918 ι.
2595 4884 2640 4920 c.
2681 4863 3046 4936 Argerpulo,
3082 4861 3227 4936 quod
3255 4861 3480 4936 Cicero-

1909 4932 2032 4994 neni
2069 4932 2174 4991 non
2212 4938 2390 5007 magni
2421 4932 2633 4996 iecerit.
2665 4932 2968 5007 subii-aiunt
3016 4933 3231 5007 JHVi-ll‘lI-I
3267 4932 3381 4987 lucc
3415 4937 3482 4990 de

1906 5013 1999 5065 illo
2025 5002 2598 5075 scripsisse-opinatnr
2621 5006 2825 5060 llodins
2855 5006 2892 5059 ι.
2931 5021 3002 5064 c.,
3042 5002 3254 5075 p.191.

1982 5082 2091 5149 (5|)
2133 5077 2264 5133 Vide
2284 5073 2457 5135 Catal.
2490 5073 3272 5149 Biblioth._l.a_ure_nt.7iledic.
3295 5089 3323 5127 a
3351 5075 3482 5128 Ber-

1909 5144 2081 5205 nai‘d.’
2107 5149 2174 5202 de
2226 5149 2576 5204 Moutl'aucon
2632 5149 2685 5200 in
2743 5145 2996 5199 Biblioth.
3046 5144 3478 5197 bibliotlzectirum

1909 5239 2034 5275 mss.
2066 5236 2196 5273 nova
2227 5221 2475 5288 vulgatus
2509 5233 2558 5284 p.
2594 5218 2719 5281 579,
2754 5217 2877 5280 40‘2,
2907 5215 3033 5288 542.
3060 5215 3163 5288 4υᾷ
3194 5215 3401 5288 cultis.

1981 5291 2092 5362 (32}
2124 5282 2378 5344 Pluribus
2411 5282 2519 5362 illa
2551 5291 2768 5362 enarrat
2795 5361 2798 5362 ν
2821 5288 2876 5341 P.
2914 5287 3091 5350 Baylc.
3133 5285 3186 5337 in
3247 5282 3477 5338 Diction.

1907 5357 2029 5416 Itisi.
2061 5373 2106 5416 et
2139 5362 2280 5423 crit.,
2319 5369 2448 5413 toni.
2480 5357 2520 5420 l,
2557 5374 2672 5428 pag.
2707 5359 2828 5412 508.

1985 5435 2096 5503 (55)
2135 5430 2487 5503 Commlnrb.
2523 5424 2771 5503 Ιῖινεξιωωἲ
2805 5444 2927 5496 pag.
2960 5424 3081 5478 776.
3218 5491 3349 5503 MM
3377 5466 3397 5474 -

1984 5491 2095 5574 (34}
2127 5505 2288 5557 Teste
2317 5499 2731 5574 Tltttatto.llist.
2757 5491 2990 5574 1.3m;
3019 5513 3069 5556 p.
3103 5508 3173 5546 m.

2154 5575 2486 5650 Συμμίκτῳν
2526 5573 2631 5650 111).
2689 5587 2725 5630 t,
2781 5584 2899 5635 cap.
2962 5567 3169 5650 apag.
3216 5561 3478 5650 tingunt.

1913 5633 2119 5714 Βιιῖηεῖ,
2152 5633 2357 5716 Ιιιρϐὶιι.
2410 5643 2496 5696 des
2519 5641 2776 5706 Sgavnns,
2803 5633 2930 5690 toto.
2968 5633 3054 5697 ιγ,
3087 5649 3208 5702 pug.
3245 5633 3372 5688 555.
