3904 6222
149 301 245 365 993

1068 290 1163 350 DE
1201 282 1724 349 PROCESSIONE
1767 279 2129 341 SPlRlTUS
2168 278 2459 341 SANCTI.

3286 270 3399 337 994

153 414 376 487 στηκότα
427 407 635 480 χρόνον,
668 406 725 469 ὃς
767 405 897 476 ἡμῖν
928 403 1069 471 άγαν
1121 400 1463 472 βραχύτατος
1519 399 1709 464 ξυγκε-

1840 392 1981 446 'erba
2007 391 2261 459 viresque
2328 387 2585 442 deﬁcient
2635 400 2743 440 non
2779 393 2987 439 tantum
3015 384 3119 439 hoc
3144 385 3403 453 praesenti

150 506 409 578 χώρηται,
442 500 559 557 ἀλλ’
590 498 697 552 οὐδ’
731 498 820 551 ὅτε
874 493 1069 563 καιρὸς
1096 492 1207 546 τῶν
1241 492 1351 545 σῶν
1396 487 1707 559 ἐγκωμίων,

150 596 222 651 ὅθ’
247 593 499 648 ὑπόθεσιν
525 589 922 660 λαμπροτάτην
945 580 1098 653 οῐμαι
1144 582 1213 636 τά
1249 583 1320 634 σὰ
1349 578 1711 649 ποιησόμεθα,

149 690 241 759 οὐχ
266 679 424 759 ἦττον
482 683 539 735 δὲ
588 683 681 735 καὶ
730 682 817 750 τῇ,
858 679 928 749 ἢν
992 678 1135 747 ἔχεις
1173 674 1302 745 περὶ
1340 671 1466 735 τοὺς
1524 670 1715 738 λόγους

153 780 396 848 σπουδὴν,
430 775 527 839 οὓς
554 775 663 828 τῶν
697 774 755 826 ὲν
808 772 944 842 ἡμῖν
968 768 1226 823 ἁπάντων
1253 763 1489 836 νομίζων
1537 762 1597 815 τὸ
1636 780 1717 814 τι-

155 871 436 943 μιώτατον,
476 867 572 921 νῦν
626 867 726 937 μὲν
757 864 1022 934 ἱστορίαις
1073 861 1289 933 χαίρεις
1340 857 1434 911 καὶ
1467 855 1611 926 άπερ
1661 856 1718 907 ὲν

152 962 484 1033 ξυγγραφαῖς
514 958 856 1027 περιέχεται,
884 953 982 1009 νῦν
1004 954 1061 1008 δὲ
1094 952 1410 1021 φιλοσοφεῖς
1449 947 1717 1018 ἀκριϐῶς,

150 1054 331 1122 ὥσπερ
358 1070 450 1115 τις
494 1055 550 1105 ἐν
596 1047 908 1119 Ἀκαδημίᾳ
946 1046 1199 1117 τραφεὶς,
1248 1042 1282 1114 ἢ
1324 1041 1529 1103 πλοκὰς
1563 1038 1720 1101 εἰδὼς

150 1148 338 1216 λόγων,
373 1145 469 1207 οὒς
520 1144 685 1207 αὐτὸς
721 1141 950 1208 ἐπλεξεν
1003 1140 1031 1191 ό
1062 1136 1400 1208 Περίπατος.
1463 1132 1718 1188 Μάλιστα

150 1239 192 1291 δ’
219 1240 298 1292 ὅτι
328 1238 487 1307 μόνος
527 1234 716 1304 σχεδὸν
752 1232 820 1284 τά
851 1229 1088 1300 δημόσια
1129 1225 1408 1296 πράττων,
1441 1224 1538 1276 κα)⁸
1568 1220 1713 1287 τοῦτ’

154 1331 410 1400 ὑπάρχων
440 1328 497 1379 ὲν
560 1327 735 1393 πόλει,
774 1326 914 1394 ὅπερ
965 1324 1024 1375 ὲν
1061 1321 1278 1390 σώματι
1320 1318 1492 1388 δήπου
1547 1316 1717 1385 ψυχὴ,

152 1426 241 1478 καὶ
266 1425 400 1494 ὅπερ
428 1420 553 1483 νοῦς
588 1420 645 1470 ὲν
687 1417 875 1483 παντὶ,
906 1416 1026 1468 οὐδὲ
1055 1416 1165 1468 τῶν
1199 1410 1531 1482 θεολογικῶν
1560 1410 1724 1479 ἀμοι-

158 1534 244 1585 ρος
273 1514 449 1581 ἐγίνου
473 1510 787 1579 δογμάτων.
822 1506 966 1561 Ἀλλ’
991 1505 1135 1559 οὕτω
1156 1522 1239 1559 τοι
1264 1505 1444 1566 καλῶς
1472 1502 1565 1557 καὶ
1592 1499 1724 1553 τού-

153 1625 260 1663 των
284 1608 340 1659 τδ
366 1607 619 1659 πλεῖστον
672 1602 1009 1673 ἐξήσκησας,
1073 1599 1213 1653 ὥστε
1270 1598 1481 1668 μηδένα
1524 1594 1724 1666 ῥᾳδίως

155 1701 449 1764 πιστεύειν,
477 1701 560 1753 ὅτι
594 1716 677 1751 σοι
726 1696 821 1749 καὶ
855 1698 984 1765 περὶ
1046 1693 1224 1747 ἄλλων
1285 1690 1477 1759 γέγονε
1540 1687 1718 1754 λόγος.

1824 492 2094 553 tempore,
2130 481 2278 553 quod
2319 479 2479 534 nobis
2499 494 2663 549 quam
2702 477 3091 533 brevissimum
3140 478 3399 533 concedi-

1821 584 1931 641 tur,
1962 574 2059 629 sed
2109 573 2273 628 etiam
2301 585 2424 625 cum
2456 579 2580 625 tuas
2623 568 2917 623 enarraudi
2949 567 3141 623 laudes
3184 568 3405 622 occasio

1819 683 1941 724 sese
1976 666 2183 732 tulerit,
2218 673 2273 719 et
2307 661 2711 718 nobilissimum
2740 670 3124 731 argumentum
3161 659 3400 714 orati0ni

1823 774 1956 814 mea!
1995 759 2135 814 facta
2166 766 2259 813 tua
2292 756 2624 813 constituam
2663 771 2675 806 :
2711 766 2821 806 non
2875 754 3059 808 minus
3093 767 3227 807 vero
3255 763 3310 806 et
3336 768 3403 806 eo

1821 866 1932 923 quo
1959 853 2025 906 ad
2068 865 2355 907 sermones
2382 847 2678 904 concitaris
2707 846 2912 913 studio,
2945 861 3084 915 quos
3127 845 3269 899 inter
3314 859 3403 898 res

1823 945 2091 999 humanas
2130 941 2560 1012 pretiosissimos
2617 947 2919 1009 reputans,
2972 953 3119 993 nunc
3168 937 3225 991 in
3275 953 3402 991 ver-

1822 1037 2008 1090 sandis
2040 1034 2326 1101 .historiis,
2356 1045 2413 1088 et
2441 1046 2562 1103 quae
2613 1032 2667 1085 in
2718 1031 2948 1086 aliorum
2982 1028 3406 1082 Commentariis

1822 1128 2200 1193 continentur,
2239 1139 2387 1179 nunc
2414 1132 2677 1180 accurate
2714 1120 3122 1191 pbilosophicis
3157 1120 3410 1188 specula-

1825 1219 2089 1283 tionibus,
2123 1217 2351 1287 perinde
2388 1232 2450 1271 ac
2475 1217 2521 1271 si
2562 1216 2616 1270 in
2673 1213 2967 1269 Academia
3014 1210 3318 1289 enutritus,
3357 1218 3415 1263 et

1824 1313 2290 1383 disputationibus
2350 1310 2600 1366 difﬁciles
2662 1310 2971 1378 explicatus
3030 1305 3408 1369 habentibus,

1824 1422 1961 1475 quas
1992 1406 2109 1475 ipse
2134 1405 2414 1473 Peripatus
2444 1403 2650 1473 plexuit
2675 1443 2691 1468 ,
2740 1400 3014 1470 exercitus
3040 1413 3192 1453 esses
3212 1436 3226 1460 ,
3260 1412 3407 1464 ope—

1826 1513 1941 1552 ram
1977 1512 2165 1551 navas.
2222 1497 2327 1551 Sed
2376 1497 2517 1550 inter
2568 1495 2675 1548 alia
2730 1492 3027 1561 praecipue,
3061 1488 3210 1560 quod
3257 1489 3409 1542 solus

1828 1590 1944 1645 fere
1982 1606 2071 1645 res
2120 1592 2367 1660 publicas
2416 1590 2834 1651 administrans,
2868 1595 2925 1642 et
2980 1588 3034 1642 in
3081 1585 3306 1641 civitate
3355 1584 3411 1638 id

1828 1700 2083 1753 operans,
2115 1684 2261 1755 quod
2308 1684 2362 1739 in
2394 1700 2626 1753 corpore
2653 1685 2860 1747 anima,
2908 1691 2964 1737 et
3016 1695 3172 1737 mens
3205 1681 3261 1735 in
3292 1680 3414 1735 uui-

155 1798 381 1867 Σημεῖον
423 1793 478 1845 δὲ
530 1792 612 1844 ὅτι
660 1789 766 1850 πᾶς
815 1783 1068 1839 ὁστισοῦν
1123 1782 1403 1849 θεολογίαν
1456 1778 1514 1833 εὖ
1552 1781 1724 1849 ἠσκη-

1840 1793 2056 1844 Vcrso,a
2082 1777 2407 1849 theologicis
2437 1778 2699 1843 decretis,
2731 1777 2811 1831 uti
2841 1791 3031 1831 eorum
3057 1790 3274 1845 expers,
3301 1788 3413 1828 non

156 1893 286 1952 κὼς,
325 1888 524 1955 πεῖραν
557 1882 742 1943 διδοὺς
799 1881 891 1931 καὶ
929 1876 1246 1946 λαμϐάνων,
1294 1875 1481 1927 ἄπεισι
1527 1871 1729 1943 μᾶλλον

158 1981 475 2051 θαυμάζων,
522 1978 554 2049 ἢ
605 1973 1043 2042 θαυμαζόμενος.
1106 1968 1264 2022 Οὕτω
1327 1966 1577 2036 περίεστί
1646 1982 1729 2016 σοι

158 2072 409 2145 μελέτης,
441 2070 530 2122 καὶ
561 2066 734 2121 ταῦτα
763 2066 859 2133 τῆς
888 2061 997 2115 τῶν
1053 2057 1248 2112 κοινῶν
1291 2056 1582 2143 φροντίδος.
1611 2055 1731 2123 ἑχό-

159 2185 338 2238 μενος,
370 2167 466 2219 καὶ
507 2163 542 2216 ά
598 2161 790 2224 σώζειν
847 2157 1023 2212 ἐθέλει
1063 2155 1164 2225 τὴν
1212 2152 1490 2224 ἡμετέραν
1540 2149 1729 2203 ἄλλοτε

158 2262 344 2320 ἄλλαις
372 2258 567 2327 τύχαις
595 2256 696 2308 οὐκ
725 2254 830 2317 ἔξω
861 2250 1209 2322 πραγμάτων
1238 2240 1424 2311 οὖσαν,
1472 2243 1586 2296 ἀλλ’
1621 2243 1730 2294 αἰεὶ
1766 2323 1775 2327 γ

156 2355 499 2423 θνήσκουσαν
522 2349 600 2419 τῷ
631 2348 741 2400 δέει
774 2346 903 2408 τοὺς
946 2344 1085 2413 αὐτῇ
1144 2338 1461 2409 πολεμίους.
1525 2337 1731 2406 Χάριεν

157 2446 213 2503 δέ
262 2463 357 2499 σου
391 2444 634 2506 κάκεῖνο,
674 2442 755 2493 ὅτι
815 2437 971 2508 μόνος
1033 2434 1195 2496 αὐτὸς
1254 2424 1364 2495 οἶός
1394 2446 1454 2481 τε
1490 2428 1564 2480 ὣν
1618 2430 1731 2487 τοῖς

156 2537 424 2605 δόγμασιν
456 2532 796 2602 ὲφιστάνειν,
855 2526 978 2579 οὐδὲ
1020 2524 1120 2595 τὴν
1163 2524 1263 2590 σὴν
1312 2521 1443 2591 ἡμῖν
1481 2516 1733 2581 ἀπαξιοίς

159 2628 418 2699 Θεωρίαν,
452 2625 587 2682 ἀλλὰ
615 2624 797 2692 λέγεις
823 2620 921 2690 μὲν
954 2617 1136 2682 αὐτὸς,
1182 2616 1219 2669 ἆ
1280 2630 1363 2666 σοι
1399 2612 1527 2681 περὶ
1578 2610 1733 2663 ὲνίων

156 2721 328 2783 δοκεῖ,
381 2715 603 2778 ἀκούεις
635 2714 692 2768 δὲ
722 2713 819 2766 καὶ
873 2709 1054 2781 ἡμῶν,
1086 2709 1113 2760 ὃ
1147 2724 1201 2759 τι
1249 2703 1553 2774 φρονοῦμεν
1605 2702 1735 2768 περὶ

158 2809 362 2874 αὐτῶν,
394 2806 467 2868 ὡς
499 2806 597 2875 οὐχ
634 2798 747 2855 οἷόν
777 2816 838 2852 τε
877 2797 936 2851 ὃν
992 2797 1092 2865 τὴν
1155 2794 1284 2863 περὶ
1339 2790 1519 2844 αὐτῶν
1574 2787 1735 2852 δόξαν

155 2902 462 2975 ἐρρῶσθαι,
496 2900 564 2952 ἂν
596 2899 669 2968 μὴ
698 2895 794 2949 καὶ
828 2894 939 2955 τοῖς
968 2893 1132 2945 είδόσι
1173 2888 1348 2943 ταυτα
1376 2887 1529 2956 δοκῇ.
1561 2884 1734 2946 Adeo;

157 2996 264 3066 μὲν
283 2990 378 3046 οὖν
412 2990 685 3060 μηδέποτε
717 2985 959 3038 παύσαιο
990 2981 1256 3042 τοιούτοις
1283 2977 1462 3043 συζῶν
1488 2977 1730 3046 ἀγαθοῖς,

1835 1871 2104 1935 abstines,
2173 1872 2270 1924 sed
2324 1870 2380 1924 in
2416 1869 2503 1924 bis
2542 1869 2709 1924 etiam
2744 1867 2886 1923 adeo
2937 1872 3190 1936 prompte
3221 1863 3415 1919 sedula

1832 1964 2244 2027 exercitatione,
2273 1978 2339 2018 ea
2366 1965 2702 2019 incrementa
2734 1962 2953 2031 cepisti,
3009 1968 3073 2015 ut
3119 1973 3282 2013 nemo
3327 1957 3412 2011 fa-

1833 2055 1938 2109 cile
1981 2056 2316 2119 crediderit,
2352 2056 2599 2111 animum
2648 2054 2847 2110 studiis
2905 2053 3030 2107 aliis
3079 2053 3411 2121 applicasse.

1833 2146 2043 2200 indicio
2075 2157 2159 2201 est
2184 2188 2199 2214 ,
2234 2147 2381 2216 quod
2430 2152 2747 2217 quicunque
2772 2185 2787 2211 ,
2839 2148 2898 2201 in
2942 2145 3418 2216 speculationibus

1838 2240 2157 2308 theologicis
2188 2242 2612 2306 versatissimus,
2675 2241 2807 2310 quid
2838 2242 3012 2309 possit
3046 2251 3279 2309 uterque
3322 2254 3419 2293 ve-

1836 2343 2010 2387 strum
2045 2335 2285 2389 vicissim
2309 2336 2622 2404 experiens,
2652 2335 2899 2390 abscedit
2931 2334 3210 2388 admirans
3234 2333 3417 2401 potius

1836 2425 1994 2493 ipse,
2043 2443 2206 2497 quam
2244 2430 2330 2482 sui
2380 2428 2801 2482 admirationem
2852 2427 3143 2496 injiciens,
3180 2427 3262 2481 sic
3313 2426 3413 2480 tibi

1838 2522 2221 2592 hujuscemodi
2252 2522 2666 2577 exercitationis
2698 2536 2883 2577 rerum
2918 2520 3263 2589 publicarum
3315 2535 3412 2575 cu.

1838 2616 1915 2668 ris
1970 2616 2096 2670 licet
2154 2617 2420 2685 implicito
2458 2633 2471 2669 :
2505 2626 2562 2669 et
2597 2630 2717 2683 quae
2768 2615 2957 2684 patria:
2985 2622 3207 2680 nostrae,
3253 2614 3419 2668 variis

1836 2708 2071 2761 fortuna:
2125 2709 2344 2761 casnbus
2400 2718 2455 2763 ct
2495 2708 2899 2764 calamitatibus
2938 2708 3174 2762 nimium
3219 2707 3419 2760 misere

1838 2799 2019 2854 fractae
2043 2841 2058 2864 ,
2096 2810 2152 2854 et
2185 2810 2396 2854 tantum
2435 2816 2542 2854 non
2576 2816 2688 2870 prae
2720 2800 2962 2856 hostium
3010 2800 3419 2857 imminentium

1839 2890 1945 2945 sibi
1977 2900 2124 2945 metu
2177 2894 2440 2945 continuo
2471 2894 2796 2961 exspiranti,
2831 2909 2990 2963 opem
3021 2893 3164 2949 ferre
3191 2905 3418 2964 possent

1840 2984 2276 3039 comminiscenti
2306 3023 2321 3047 ,
2375 2986 2595 3040 abunde
2627 2996 2730 3041 est.
2762 2986 2915 3042 Litas
2943 3003 3165 3059 quoque
3196 2988 3414 3059 gratiis,

156 3091 192 3142 ἆ
227 3105 286 3140 τε
319 3086 495 3139 οἰκεῖά
530 3098 694 3152 φασιν
724 3078 1021 3148 ἀνθρώπῳ,
1052 3077 1146 3129 καὶ
1175 3069 1257 3137 οἷς
1287 3072 1462 3125 ἐθέλει
1521 3072 1579 3123 τὺ
1633 3088 1734 3135 μα-

1842 3076 1987 3145 quod
2027 3091 2151 3130 cum
2178 3075 2328 3131 solus
2364 3076 2478 3145 ipse
2528 3092 2717 3146 posses
2745 3079 3031 3134 cdicendis
3068 3081 3423 3150 dogmatibus

154 3182 352 3250 κάριον
376 3176 783 3245 περιγίνεσθαι.
828 3172 1023 3238 Ἡμεῖς
1056 3168 1138 3225 δὲ..
1166 3167 1354 3228 διττὰς
1404 3165 1603 3226 ειδότες
1650 3179 1733 3214 σοι

152 3273 249 3327 διὰ
277 3271 449 3324 ταῦτα
478 3269 576 3328 τὰς
619 3269 874 3336 χάριτας,
926 3257 1002 3316 ὧν
1037 3278 1097 3313 τε
1121 3262 1274 3330 ἡμᾶς
1306 3259 1496 3323 ἀξιοῖς,
1528 3260 1624 3312 καὶ
1661 3252 1734 3313 ὧν

152 3362 415 3419 ἐντεῦθεν
452 3362 611 3430 κοινῇ
637 3356 893 3428 χρηστῶν
951 3353 1321 3423 ἀπολαύομεν,
1385 3351 1736 3420 περιεργότε-

153 3474 259 3531 ρον
301 3457 401 3527 μὲν
435 3457 489 3507 ὲν
517 3456 720 3516 ἄλλοις,
754 3452 848 3505 σοῦ
875 3450 1378 3520 ξυνεφαπτομένου,
1418 3447 1736 3516 θεολογὴσο-

154 3571 265 3623 μεν
290 3551 500 3605 πολλῶν
531 3568 589 3602 τε
643 3548 819 3601 ἄλλων
852 3549 981 3617 πέρι
1042 3546 1135 3598 καὶ
1192 3547 1255 3614 δὴ
1287 3546 1414 3613 περὶ
1473 3537 1532 3595 οὗ
1583 3541 1738 3608 λόγος

152 3648 296 3715 ήμτν
345 3644 564 3710 ἐγένετο
628 3640 917 3711 πρότριτα·
976 3640 1094 3692 νυνὶ
1144 3630 1200 3690 δὲ
1236 3637 1390 3704 όλίγα
1448 3637 1585 3689 ἅττα
1638 3636 1737 3704 σὴν

148 3742 329 3809 χάριν
362 3740 491 3807 περὶ
519 3738 617 3806 τῆς
640 3735 735 3787 τοῦ
768 3734 922 3801 ἁγίου
959 3732 1278 3801 Πνεύματος
1313 3730 1540 3799 προόδου
1592 3728 1740 3796 φιλο-

150 3832 501 3900 σοφήσομεν.
552 3828 875 3887 Ἐκέλευσας
904 3826 1036 3894 γάρ,
1101 3827 1191 3876 καὶ
1223 3824 1323 3877 ούκ
1369 3820 1437 3892 ἦν
1495 3820 1741 3875 ἀπειθεῖν

158 3924 418 3997 τοσαύτῃ
443 3922 694 3993 δυνάμει.

1844 3184 2096 3238 prreessc,
2131 3184 2309 3239 neque
2342 3178 2461 3223 tuas
2504 3171 2665 3227 nubis
2695 3173 3097 3241 speculationes
3126 3173 3418 3245 pernegas,

1843 3264 1936 3317 sed
1965 3264 2222 3318 edisseris
2253 3274 2309 3317 tu
2340 3266 2560 3333 quidem
2592 3268 2661 3321 de
2702 3268 2768 3321 iis
2796 3267 2997 3336 quibus
3037 3269 3135 3323 tibi
3183 3271 3400 3324 videtur

1844 3358 2008 3411 verba
2050 3360 2293 3423 faciens,
2350 3360 2509 3414 audis
2561 3375 2689 3414 vero
2738 3369 2793 3414 et
2827 3370 3068 3415 nostram
3115 3362 3183 3417 de
3223 3362 3420 3418 iisdem

1846 3456 2211 3517 sententiam,
2251 3460 2405 3523 quasi
2442 3453 2759 3524 opinionem
2794 3454 2862 3509 de
2916 3454 2982 3509 iis
3037 3456 3246 3511 ﬁrmam
3297 3473 3423 3513 csso

1846 3564 1955 3602 non
1990 3565 2150 3618 posse
2184 3551 2483 3616 existimes,
2519 3550 2622 3604 nisi
2669 3558 2725 3604 et
2753 3552 3018 3605 scitorum
3051 3553 3263 3608 calculo
3301 3568 3425 3608 cor.

1849 3640 2160 3693 roboretur.
2195 3638 2275 3691 Tu
2311 3638 2475 3707 igitur
2498 3654 2777 3707 nunquam
2805 3654 2928 3693 cum
2960 3640 3119 3693 bonis
3146 3641 3423 3694 similibus

1845 3732 2011 3784 vitam
2066 3733 2261 3801 agendi
2298 3732 2456 3786 tinem
2498 3750 2692 3804 ponas,
2725 3747 2846 3800 qua:
2881 3735 3103 3801 propria
3154 3748 3275 3787 esse
3328 3734 3426 3787 lio-

1849 3824 2011 3877 minis
2053 3826 2363 3891 traduntur,
2394 3840 2451 3880 et
2496 3829 2694 3896 quibus
2720 3826 2950 3881 beatitas
2988 3828 3104 3896 ipsa
3141 3841 3427 3895 compara-

1849 3926 1958 3971 tur.
1993 3918 2103 3971 Nos
2126 3914 2299 3986 porro
2351 3918 2446 3972 tibi
2496 3919 2742 3987 duplices
2773 3922 2977 3991 gratias
3024 3928 3267 3988 agentes,
3304 3927 3421 3973 tum

147 4021 230 4075 ob
264 4034 332 4072 ea
368 4033 489 4087 quae
521 4016 681 4070 nobis
730 4013 1019 4083 impertis,
1062 4019 1175 4064 tum
1226 4010 1297 4063 ob
1335 4025 1396 4063 ea
1457 4023 1576 4077 quae
1650 4008 1777 4063 inde
1818 4010 1959 4065 bona
2012 4013 2381 4066 communiter
2414 4014 2801 4083 possidemus,
2874 4014 3147 4069 curiosius
3190 4016 3244 4067 in
3276 4013 3424 4079 aliis,

150 4124 210 4168 te
241 4125 405 4180 opem
438 4107 673 4171 ferente,
709 4105 777 4159 de
806 4105 970 4157 rebus
1000 4103 1121 4156 aliis
1162 4103 1350 4155 multis
1396 4101 1597 4156 divinis
1660 4103 1969 4158 orationem
2038 4104 2412 4171 instituemus,
2448 4106 2595 4161 etde
2618 4122 2685 4162 eo
2727 4123 2968 4178 quoque.
3002 4110 3070 4161 de
3121 4124 3233 4178 quo
3293 4118 3428 4163 ante
3473 4158 3486 4171 ,

149 4205 416 4263 triduum
453 4215 768 4258 sermonem
803 4199 1159 4252 contulimus.
1209 4198 1371 4252 Nunc
1440 4213 1566 4252 vero
1635 4212 1808 4267 pauca
1853 4201 2102 4267 qua’dam
2135 4204 2189 4256 in
2228 4205 2304 4257 tui
2346 4205 2578 4274 gratiam
2611 4204 2678 4259 de
2704 4203 2946 4274 Spiritus
2986 4205 3161 4259 sancti
3211 4219 3429 4272 proces—

147 4309 326 4363 sione
368 4297 904 4371 philosophabimur.
976 4294 1265 4363 lmperasti
1305 4296 1620 4365 siquidem,
1679 4305 1953 4366 tautmque
1990 4301 2248 4368 potestati
2295 4316 2502 4355 morem
2540 4316 2650 4355 non
2681 4316 2912 4371 gerere,
2977 4299 3120 4353 haud
3181 4300 3264 4354 fas
3317 4310 3426 4354 est.

236 4423 309 4493 β’.
341 4420 523 4488 Τριῶν
556 4415 651 4472 οὖν
708 4418 880 4471 ὄντων
918 4420 977 4470 ὲν
1022 4419 1137 4479 τοῖς
1200 4416 1367 4480 θείοις
1431 4418 1735 4489 προσώπων

1915 4421 1969 4474 2.
2011 4419 2148 4475 Cum
2184 4421 2368 4489 itaque
2403 4422 2455 4476 in
2488 4422 2691 4477 divinis
2735 4422 2845 4477 sint
2882 4431 2997 4478 tres
3027 4438 3297 4492 personae,
3335 4439 3427 4477 sc-

148 4519 311 4571 κατὰ
363 4516 462 4577 τὰς
502 4512 822 4579 θεολογικάς
854 4508 1243 4572 ύποτυπώσεις
1295 4527 1353 4561 τε
1406 4514 1500 4563 καὶ
1556 4513 1749 4582 ἀρχάς,

154 4610 409 4678 Πατρός,
450 4606 575 4659 Υίοῦ
617 4622 678 4658 τε
733 4607 830 4658 καὶ
867 4605 1014 4656 θείου
1063 4604 1405 4671 Πνεύματος,
1453 4605 1755 4673 ἡνωμένων

152 4704 270 4772 μὲν
306 4703 375 4770 τῇ
418 4699 598 4769 οὐσίᾳ,
636 4698 1063 4766 διακρινομένων
1093 4696 1150 4748 δὲ
1190 4702 1311 4759 ταῖς
1341 4697 1564 4765 ἰδιότησι
1622 4702 1757 4767 χρή-

153 4812 333 4867 ματι,
360 4793 601 4863 παράγει
641 4791 740 4858 μὲν
769 4791 827 4842 τὸ
855 4790 913 4842 ἓν
942 4790 969 4841 ὁ
993 4790 1210 4859 Πατὴρ,
1244 4792 1559 4858 παράγεται
1604 4790 1660 4841 δὲ
1690 4793 1756 4842 τά

147 4889 261 4942 δύο
295 4887 427 4949 Υἱός
454 4903 513 4939 τε
537 4886 631 4937 καὶ
657 4873 881 4953 ῐῐνεῦμα
924 4885 1101 4950 ἆγιον.
1146 4881 1284 4934 Οῠτε
1330 4885 1439 4951 γὰρ
1492 4883 1585 4949 ἀφ’
1620 4883 1748 4934 ἑαυ-

148 4984 276 5038 τῶν
312 4981 421 5034 ἔδει
447 4978 599 5033 ταῦτ’
631 4974 794 5042 εἶναι,
830 4977 916 5028 ἴνα
945 4977 1018 5045 μὴ
1069 4976 1328 5045 ἑτερότης
1376 4978 1589 5043 γένοιτο
1648 4978 1747 5041 φύ-

153 5094 337 5141 σεως,
384 5073 509 5126 οὕτε
543 5072 601 5138 ἐξ
637 5072 886 5140 ἀλλήλων
908 5069 1283 5137 παράγεσθαι,
1319 5063 1399 5130 οἷς
1433 5068 1564 5120 αὐτὸ
1590 5069 1750 5121 ἑαυτό

152 5188 219 5225 τι
280 5168 561 5236 παράγειν
616 5165 923 5234 ἀμήχανον.
980 5162 1075 5214 Ἓν
1104 5160 1197 5213 οὖν
1230 5160 1317 5213 διά
1390 5160 1549 5213 τοῦτο
1597 5162 1658 5212 τό
1689 5179 1752 5229 γε

154 5264 453 5331 παράγον,
485 5259 552 5312 τά
600 5257 657 5309 δὲ
700 5257 864 5309 λοιπά
930 5254 1314 5325 παραγόμενα.
1387 5255 1662 5325 Παράγων
1697 5257 1753 5306 δὲ

153 5360 187 5409 ὁ
232 5356 430 5423 Πατὴρ
449 5350 761 5421 πρακτικὰς
787 5349 1055 5425 δήπουθεν
1091 5349 1201 5412 ἕξει
1224 5348 1505 5417 δυνάμεις,
1542 5349 1753 5419 διακρι-

155 5450 414 5518 νομένας
441 5462 555 5506 πως
581 5444 675 5495 καὶ
707 5443 895 5505 αὐτὰς,
943 5436 1021 5504 οἷς
1052 5441 1117 5493 δι’
1145 5441 1323 5493 αὐτῶν
1359 5441 1752 5510 διακρινόμενα

154 5542 490 5612 παράγεται
521 5536 789 5606 πρόσωπα
823 5575 836 5597 ,
872 5535 969 5601 τὴν
997 5536 1095 5602 μὲν
1188 5533 1277 5585 τὸν
1310 5532 1454 5600 Υίὸν,
1494 5534 1591 5603 τὴν
1621 5535 1755 5587 δἀὒ

156 5637 369 5697 πάλιν,
472 5628 714 5699 παράγει
746 5628 807 5679 τὺ
839 5627 1070 5691 Πνεῦμα
1092 5627 1151 5677 τὸ
1182 5626 1357 5694 ἅγιον,
1383 5628 1555 5696 ἀρχὰς
1588 5625 1754 5689 οὕσας

158 5748 223 5783 τε
258 5732 359 5783 καὶ
392 5727 671 5791 δυνάμεις,
725 5721 816 5772 καὶ
851 5720 1236 5787 γονιμότητας,
1262 5717 1346 5784 αἷς
1380 5725 1516 5793 μήτε
1577 5739 1753 5792 παρα,

432 5826 705 5881 ίἈτιιυι..
752 5820 866 5876 (iu.
918 5814 1172 5877 CLVI”.

1852 4516 2094 4570 eun’dum
2132 4513 2436 4583 theologica
2470 4514 2668 4583 placita
2697 4524 2753 4569 et
2801 4515 3093 4584 principia,
3129 4515 3327 4581 Patris,
3376 4525 3434 4570 et

1853 4608 1999 4672 Filii,
2038 4617 2095 4663 et
2124 4608 2363 4675 Spiritus
2386 4609 2581 4672 sancti,
2609 4610 2848 4663 essentia
2880 4609 3102 4677 quidem
3159 4612 3345 4671 unitas,
3375 4624 3432 4661 rc

1852 4716 1983 4755 vero
2022 4700 2295 4755 distinctae
2350 4700 2803 4769 proprietatibus,
2848 4716 2975 4763 una,
3023 4680 3184 4754 Pater
3234 4715 3433 4768 nempe

1855 4793 2126 4863 producit,
2168 4794 2289 4847 dua:
2320 4808 2469 4855 vero,
2491 4792 2661 4846 Filius
2681 4803 2735 4846 et
2760 4792 2997 4861 Spiritus
3028 4792 3427 4861 producuntur.

1857 4886 2046 4955 Neque
2092 4885 2238 4940 enim
2290 4887 2389 4939 has
2429 4902 2459 4938 a
2498 4885 2807 4953 semetipsis
2836 4899 2958 4939 esse
3009 4886 3329 4951 addccebat,
3362 4902 3435 4942 ne

1858 4992 2071 5037 natura:
2102 4982 2392 5036 diversitas
2445 4980 2931 5046 introduceretur,
2986 4997 3165 5050 neque
3211 4999 3319 5038 una
3366 5000 3435 5038 ex

1860 5076 1963 5131 alia
2000 5077 2222 5145 produci
2250 5093 2266 5143 ;
2300 5092 2466 5129 unum
2490 5073 2637 5128 enim
2662 5073 2903 5142 seipsum
2954 5076 3257 5144 producere
3293 5078 3434 5130 haud

1859 5169 2003 5236 potis
2034 5178 2137 5222 est.
2169 5168 2519 5237 Quapropter
2560 5182 2729 5220 unum
2758 5177 2841 5222 est
2871 5168 3200 5237 producens,
3234 5180 3428 5222 caetera

1862 5262 2150 5331 producta.
2176 5261 2239 5314 Et
2269 5260 2429 5314 Pater
2456 5260 2768 5329 producens
2796 5262 3153 5332 productivas
3172 5260 3428 5329 equidem

1862 5355 2151 5409 facultates
2195 5354 2435 5426 habebit,
2472 5364 2527 5408 et
2567 5354 2714 5423 ipsas
2760 5354 2904 5410 inter
2942 5371 3000 5409 se
3025 5354 3432 5423 quodammodo

1864 5447 2174 5511 distinctas,
2210 5447 2413 5514 quibus
2440 5445 2713 5501 distinctas
2755 5462 2999 5515 personae
3030 5445 3431 5515 producuntur,

1864 5540 2090 5593 alteram
2123 5539 2366 5609 quidem,
2398 5556 2503 5609 qua
2538 5539 2758 5605 Filium,
2791 5542 3015 5593 alteram
3055 5549 3293 5599 rursum,
3325 5550 3430 5604 qua

1864 5630 2129 5701 Spiritum
2179 5642 2428 5686 sanctum
2480 5633 2769 5701 producit,
2802 5646 2923 5699 qua:
2973 5628 3240 5698 principia
3280 5639 3431 5689 sunt,

1862 5738 1915 5780 et
1969 5724 2295 5790 facultates,
2341 5738 2403 5781 .et
2466 5723 2863 5786 fecunditates,
2925 5735 3102 5788 neque
3156 5720 3435 5790 quippiam

3044 5815 3119 5875 32
