  <div class='ocr_page' id='page_1' title='image "/cluster/home/n/w/nwhite01/storage/ocr_20150623/158/mdp.39015078384701/537.png"; bbox 0 0 3904 6222; ppageno 0'>
   <div class='ocr_carea' id='block_1_1' title="bbox 460 323 566 384">
    <p class='ocr_par' dir='ltr' id='par_1_1' title="bbox 460 323 566 384">
     <span class='ocr_line' id='line_1_1' title="bbox 460 323 566 384; baseline -0.019 0"><span class='ocrx_word' id='word_1_1' title='bbox 460 323 566 384; x_wconf 71' lang='lat'><strong>90:3</strong></span> 
     </span>
    </p>
   </div>
   <div class='ocr_carea' id='block_1_2' title="bbox 1674 298 3692 370">
    <p class='ocr_par' dir='ltr' id='par_1_2' title="bbox 1674 298 3692 370">
     <span class='ocr_line' id='line_1_2' title="bbox 1674 298 3692 370; baseline -0.01 -4"><span class='ocrx_word' id='word_1_2' title='bbox 1674 303 1994 366; x_wconf 86' lang='lat' dir='ltr'><strong>JOANNlS</strong></span> <span class='ocrx_word' id='word_1_3' title='bbox 2029 298 2522 362; x_wconf 76' lang='lat' dir='ltr'><strong>ARGYBOPULI</strong></span> <span class='ocrx_word' id='word_1_4' title='bbox 3605 302 3692 370; x_wconf 65' lang='grc' dir='ltr'>ωδ</span> 
     </span>
    </p>
   </div>
   <div class='ocr_carea' id='block_1_3' title="bbox 466 413 2046 502">
    <p class='ocr_par' dir='ltr' id='par_1_3' title="bbox 466 419 2035 502">
     <span class='ocr_line' id='line_1_3' title="bbox 466 419 2035 502; baseline -0.008 -16"><span class='ocrx_word' id='word_1_5' title='bbox 466 431 838 502; x_wconf 83' lang='lat' dir='ltr'><strong>producentes</strong></span> <span class='ocrx_word' id='word_1_6' title='bbox 867 467 882 495; x_wconf 90' lang='lat'><strong>,</strong></span> <span class='ocrx_word' id='word_1_7' title='bbox 917 441 1094 497; x_wconf 87' lang='lat' dir='ltr'><strong>neque</strong></span> <span class='ocrx_word' id='word_1_8' title='bbox 1141 423 1423 496; x_wconf 70' lang='lat' dir='ltr'><strong>producta:</strong></span> <span class='ocrx_word' id='word_1_9' title='bbox 1461 438 1475 480; x_wconf 88' lang='lat'><strong>:</strong></span> <span class='ocrx_word' id='word_1_10' title='bbox 1509 421 1561 476; x_wconf 88' lang='lat' dir='ltr'><strong>id</strong></span> <span class='ocrx_word' id='word_1_11' title='bbox 1611 421 1757 478; x_wconf 87' lang='lat' dir='ltr'><strong>enim</strong></span> <span class='ocrx_word' id='word_1_12' title='bbox 1809 429 1894 476; x_wconf 90' lang='lat' dir='ltr'><strong>cst</strong></span> <span class='ocrx_word' id='word_1_13' title='bbox 1942 419 2035 490; x_wconf 83' lang='lat' dir='ltr'><strong>hy-</strong></span> 
     </span>
    </p>
   </div>
   <div class='ocr_carea' id='block_1_4' title="bbox 2155 413 3691 502">
    <p class='ocr_par' dir='ltr' id='par_1_4' title="bbox 2155 413 3691 490">
     <span class='ocr_line' id='line_1_4' title="bbox 2155 413 3691 490; baseline 0.001 -20"><span class='ocrx_word' id='word_1_14' title='bbox 2155 418 2381 487; x_wconf 87' lang='grc' dir='ltr'>γοὺσας,</span> <span class='ocrx_word' id='word_1_15' title='bbox 2402 417 2541 488; x_wconf 79' lang='grc' dir='ltr'>μήτε</span> <span class='ocrx_word' id='word_1_16' title='bbox 2563 413 3286 487; x_wconf 71' lang='grc' dir='ltr'>μὴνιπαραγομίναςαὺτάς.</span> <span class='ocrx_word' id='word_1_17' title='bbox 3305 414 3592 487; x_wconf 78' lang='grc' dir='ltr'>Ἑκάτερον</span> <span class='ocrx_word' id='word_1_18' title='bbox 3606 420 3691 490; x_wconf 69' lang='grc' dir='ltr'>γὰρ</span> 
     </span>
    </p>
   </div>
   <div class='ocr_carea' id='block_1_5' title="bbox 465 513 2041 593">
    <p class='ocr_par' dir='ltr' id='par_1_5' title="bbox 465 513 2041 593">
     <span class='ocr_line' id='line_1_5' title="bbox 465 513 2041 593; baseline -0.006 -17"><span class='ocrx_word' id='word_1_19' title='bbox 465 524 697 593; x_wconf 84' lang='lat' dir='ltr'><strong>postasis</strong></span> <span class='ocrx_word' id='word_1_20' title='bbox 724 520 1042 592; x_wconf 83' lang='lat' dir='ltr'><strong>proprium;</strong></span> <span class='ocrx_word' id='word_1_21' title='bbox 1081 532 1186 574; x_wconf 87' lang='lat' dir='ltr'><strong>non</strong></span> <span class='ocrx_word' id='word_1_22' title='bbox 1218 517 1362 574; x_wconf 89' lang='lat' dir='ltr'><strong>enim</strong></span> <span class='ocrx_word' id='word_1_23' title='bbox 1392 514 1816 586; x_wconf 87' lang='lat' dir='ltr'><strong>perfectionum,</strong></span> <span class='ocrx_word' id='word_1_24' title='bbox 1844 522 1940 568; x_wconf 85' lang='lat' dir='ltr'><strong>aut</strong></span> <span class='ocrx_word' id='word_1_25' title='bbox 1964 513 2041 567; x_wconf 86' lang='lat' dir='ltr'><strong>fa-</strong></span> 
     </span>
    </p>
   </div>
   <div class='ocr_carea' id='block_1_6' title="bbox 466 607 2040 683">
    <p class='ocr_par' dir='ltr' id='par_1_6' title="bbox 466 607 2040 683">
     <span class='ocr_line' id='line_1_6' title="bbox 466 607 2040 683; baseline -0.005 -17"><span class='ocrx_word' id='word_1_26' title='bbox 466 617 732 672; x_wconf 69' lang='lat' dir='ltr'><strong>cultatum</strong></span> <span class='ocrx_word' id='word_1_27' title='bbox 759 654 774 679; x_wconf 88' lang='lat'><strong>,</strong></span> <span class='ocrx_word' id='word_1_28' title='bbox 805 627 1044 683; x_wconf 83' lang='lat' dir='ltr'><strong>namque</strong></span> <span class='ocrx_word' id='word_1_29' title='bbox 1080 611 1197 666; x_wconf 59' lang='lat' dir='ltr'><strong>haec</strong></span> <span class='ocrx_word' id='word_1_30' title='bbox 1232 609 1287 663; x_wconf 91' lang='lat' dir='ltr'><strong>in</strong></span> <span class='ocrx_word' id='word_1_31' title='bbox 1315 607 1592 678; x_wconf 84' lang='lat' dir='ltr'><strong>hypostasi</strong></span> <span class='ocrx_word' id='word_1_32' title='bbox 1647 613 1778 662; x_wconf 83' lang='lat' dir='ltr'><strong>sunt</strong></span> <span class='ocrx_word' id='word_1_33' title='bbox 1820 615 1878 660; x_wconf 86' lang='lat' dir='ltr'><strong>et</strong></span> <span class='ocrx_word' id='word_1_34' title='bbox 1916 618 2040 660; x_wconf 91' lang='lat' dir='ltr'><strong>cum</strong></span> 
     </span>
    </p>
   </div>
   <div class='ocr_carea' id='block_1_7' title="bbox 469 701 2043 780">
    <p class='ocr_par' dir='ltr' id='par_1_7' title="bbox 469 701 2043 780">
     <span class='ocr_line' id='line_1_7' title="bbox 469 701 2043 780; baseline -0.008 -18"><span class='ocrx_word' id='word_1_35' title='bbox 469 707 747 780; x_wconf 81' lang='lat' dir='ltr'><strong>hypostasi</strong></span> <span class='ocrx_word' id='word_1_36' title='bbox 771 751 785 772; x_wconf 85' lang='lat'><strong>,</strong></span> <span class='ocrx_word' id='word_1_37' title='bbox 820 714 1199 774; x_wconf 84' lang='lat' dir='ltr'><strong>vocanturque</strong></span> <span class='ocrx_word' id='word_1_38' title='bbox 1239 719 1272 758; x_wconf 88' lang='lat' dir='ltr'><strong>a</strong></span> <span class='ocrx_word' id='word_1_39' title='bbox 1306 702 1573 772; x_wconf 77' lang='lat' dir='ltr'><strong>theologis</strong></span> <span class='ocrx_word' id='word_1_40' title='bbox 1600 742 1614 766; x_wconf 94' lang='lat'><strong>,</strong></span> <span class='ocrx_word' id='word_1_41' title='bbox 1644 701 1761 757; x_wconf 65' lang='lat' dir='ltr'><strong>haec</strong></span> <span class='ocrx_word' id='word_1_42' title='bbox 1815 711 2043 766; x_wconf 81' lang='lat' dir='ltr'><strong>genera-</strong></span> 
     </span>
    </p>
   </div>
   <div class='ocr_carea' id='block_1_8' title="bbox 469 797 2042 869">
    <p class='ocr_par' dir='ltr' id='par_1_8' title="bbox 469 797 2042 869">
     <span class='ocr_line' id='line_1_8' title="bbox 469 797 2042 869; baseline -0.01 -13"><span class='ocrx_word' id='word_1_43' title='bbox 469 803 602 866; x_wconf 87' lang='lat' dir='ltr'><strong>tiva,</strong></span> <span class='ocrx_word' id='word_1_44' title='bbox 642 800 728 854; x_wconf 87' lang='lat' dir='ltr'><strong>illa</strong></span> <span class='ocrx_word' id='word_1_45' title='bbox 765 799 1088 869; x_wconf 84' lang='lat' dir='ltr'><strong>productiva</strong></span> <span class='ocrx_word' id='word_1_46' title='bbox 1119 797 1347 852; x_wconf 76' lang='lat' dir='ltr'><strong>facultas</strong></span> <span class='ocrx_word' id='word_1_47' title='bbox 1371 836 1386 860; x_wconf 91' lang='lat'><strong>,</strong></span> <span class='ocrx_word' id='word_1_48' title='bbox 1433 799 1768 864; x_wconf 81' lang='lat' dir='ltr'><strong>quapmpter</strong></span> <span class='ocrx_word' id='word_1_49' title='bbox 1808 798 1864 844; x_wconf 91' lang='lat' dir='ltr'><strong>et</strong></span> <span class='ocrx_word' id='word_1_50' title='bbox 1913 803 2042 858; x_wconf 84' lang='lat' dir='ltr'><strong>pro-</strong></span> 
     </span>
    </p>
   </div>
   <div class='ocr_carea' id='block_1_9' title="bbox 468 882 2042 960">
    <p class='ocr_par' dir='ltr' id='par_1_9' title="bbox 468 882 2042 960">
     <span class='ocr_line' id='line_1_9' title="bbox 468 882 2042 960; baseline -0.01 -12"><span class='ocrx_word' id='word_1_51' title='bbox 468 896 763 948; x_wconf 83' lang='lat' dir='ltr'><strong>ductorum</strong></span> <span class='ocrx_word' id='word_1_52' title='bbox 802 894 892 947; x_wconf 87' lang='lat' dir='ltr'><strong>hic</strong></span> <span class='ocrx_word' id='word_1_53' title='bbox 953 891 1176 960; x_wconf 85' lang='lat' dir='ltr'><strong>quidem</strong></span> <span class='ocrx_word' id='word_1_54' title='bbox 1230 888 1374 944; x_wconf 86' lang='lat' dir='ltr'><strong>fctus</strong></span> <span class='ocrx_word' id='word_1_55' title='bbox 1421 897 1476 942; x_wconf 83' lang='lat' dir='ltr'><strong>et</strong></span> <span class='ocrx_word' id='word_1_56' title='bbox 1526 883 1738 946; x_wconf 81' lang='lat' dir='ltr'><strong>Filius,</strong></span> <span class='ocrx_word' id='word_1_57' title='bbox 1771 882 1862 936; x_wconf 90' lang='lat' dir='ltr'><strong>ille</strong></span> <span class='ocrx_word' id='word_1_58' title='bbox 1913 895 2042 950; x_wconf 87' lang='lat' dir='ltr'><strong>pro-</strong></span> 
     </span>
    </p>
   </div>
   <div class='ocr_carea' id='block_1_10' title="bbox 468 973 2043 1054">
    <p class='ocr_par' dir='ltr' id='par_1_10' title="bbox 468 973 2043 1054">
     <span class='ocr_line' id='line_1_10' title="bbox 468 973 2043 1054; baseline -0.009 -13"><span class='ocrx_word' id='word_1_59' title='bbox 468 987 656 1041; x_wconf 90' lang='lat' dir='ltr'><strong>ductio</strong></span> <span class='ocrx_word' id='word_1_60' title='bbox 688 993 743 1040; x_wconf 89' lang='lat' dir='ltr'><strong>et</strong></span> <span class='ocrx_word' id='word_1_61' title='bbox 793 985 1031 1054; x_wconf 86' lang='lat' dir='ltr'><strong>Spiritus</strong></span> <span class='ocrx_word' id='word_1_62' title='bbox 1063 992 1435 1051; x_wconf 71' lang='lat' dir='ltr'><strong>nuncupatur.</strong></span> <span class='ocrx_word' id='word_1_63' title='bbox 1483 975 1714 1046; x_wconf 88' lang='lat' dir='ltr'><strong>Oportet</strong></span> <span class='ocrx_word' id='word_1_64' title='bbox 1743 973 1889 1028; x_wconf 90' lang='lat' dir='ltr'><strong>enim</strong></span> <span class='ocrx_word' id='word_1_65' title='bbox 1935 987 1998 1028; x_wconf 89' lang='lat' dir='ltr'><strong>ea</strong></span> <span class='ocrx_word' id='word_1_66' title='bbox 2028 1011 2043 1036; x_wconf 86' lang='lat'><strong>,</strong></span> 
     </span>
    </p>
   </div>
   <div class='ocr_carea' id='block_1_11' title="bbox 467 1067 2045 1149">
    <p class='ocr_par' dir='ltr' id='par_1_11' title="bbox 467 1067 2045 1149">
     <span class='ocr_line' id='line_1_11' title="bbox 467 1067 2045 1149; baseline -0.008 -15"><span class='ocrx_word' id='word_1_67' title='bbox 467 1096 588 1149; x_wconf 71' lang='lat' dir='ltr'><strong>qua:</strong></span> <span class='ocrx_word' id='word_1_68' title='bbox 619 1092 687 1133; x_wconf 76' lang='lat' dir='ltr'><strong>ex</strong></span> <span class='ocrx_word' id='word_1_69' title='bbox 715 1076 1005 1147; x_wconf 73' lang='lat' dir='ltr'><strong>principiis</strong></span> <span class='ocrx_word' id='word_1_70' title='bbox 1029 1086 1178 1136; x_wconf 84' lang='lat' dir='ltr'><strong>sunt,</strong></span> <span class='ocrx_word' id='word_1_71' title='bbox 1210 1076 1263 1128; x_wconf 82' lang='lat' dir='ltr'><strong>in</strong></span> <span class='ocrx_word' id='word_1_72' title='bbox 1306 1075 1371 1128; x_wconf 91' lang='lat' dir='ltr'><strong>iis</strong></span> <span class='ocrx_word' id='word_1_73' title='bbox 1397 1087 1517 1141; x_wconf 70' lang='lat' dir='ltr'><strong>quae</strong></span> <span class='ocrx_word' id='word_1_74' title='bbox 1545 1070 1793 1142; x_wconf 82' lang='lat' dir='ltr'><strong>ejusdem</strong></span> <span class='ocrx_word' id='word_1_75' title='bbox 1826 1067 2045 1139; x_wconf 88' lang='lat' dir='ltr'><strong>generis</strong></span> 
     </span>
    </p>
   </div>
   <div class='ocr_carea' id='block_1_12' title="bbox 470 1161 2041 1240">
    <p class='ocr_par' dir='ltr' id='par_1_12' title="bbox 470 1161 2041 1240">
     <span class='ocr_line' id='line_1_12' title="bbox 470 1161 2041 1240; baseline -0.006 -16"><span class='ocrx_word' id='word_1_76' title='bbox 470 1182 619 1235; x_wconf 86' lang='lat' dir='ltr'><strong>sunt,</strong></span> <span class='ocrx_word' id='word_1_77' title='bbox 665 1170 902 1240; x_wconf 82' lang='lat' dir='ltr'><strong>propriis</strong></span> <span class='ocrx_word' id='word_1_78' title='bbox 939 1169 1054 1223; x_wconf 86' lang='lat' dir='ltr'><strong>suis</strong></span> <span class='ocrx_word' id='word_1_79' title='bbox 1095 1166 1382 1235; x_wconf 83' lang='lat' dir='ltr'><strong>principiis</strong></span> <span class='ocrx_word' id='word_1_80' title='bbox 1427 1180 1538 1218; x_wconf 92' lang='lat' dir='ltr'><strong>non</strong></span> <span class='ocrx_word' id='word_1_81' title='bbox 1576 1161 1865 1219; x_wconf 75' lang='lat' dir='ltr'><strong>dissimilia</strong></span> <span class='ocrx_word' id='word_1_82' title='bbox 1896 1175 2041 1226; x_wconf 88' lang='lat' dir='ltr'><strong>esse,</strong></span> 
     </span>
    </p>
   </div>
   <div class='ocr_carea' id='block_1_13' title="bbox 468 1256 1639 1330">
    <p class='ocr_par' dir='ltr' id='par_1_13' title="bbox 468 1256 1639 1330">
     <span class='ocr_line' id='line_1_13' title="bbox 468 1256 1639 1330; baseline -0.008 -13"><span class='ocrx_word' id='word_1_83' title='bbox 468 1274 520 1317; x_wconf 87' lang='lat' dir='ltr'><strong>et</strong></span> <span class='ocrx_word' id='word_1_84' title='bbox 552 1277 618 1316; x_wconf 79' lang='lat' dir='ltr'><strong>ex</strong></span> <span class='ocrx_word' id='word_1_85' title='bbox 651 1261 718 1316; x_wconf 91' lang='lat' dir='ltr'><strong>iis</strong></span> <span class='ocrx_word' id='word_1_86' title='bbox 743 1275 960 1330; x_wconf 84' lang='lat' dir='ltr'><strong>quoque</strong></span> <span class='ocrx_word' id='word_1_87' title='bbox 984 1259 1086 1312; x_wconf 81' lang='lat' dir='ltr'><strong>sibi</strong></span> <span class='ocrx_word' id='word_1_88' title='bbox 1118 1273 1315 1312; x_wconf 88' lang='lat' dir='ltr'><strong>nomen</strong></span> <span class='ocrx_word' id='word_1_89' title='bbox 1349 1256 1639 1311; x_wconf 78' lang='lat' dir='ltr'><strong>asciscere.</strong></span> 
     </span>
    </p>
   </div>
   <div class='ocr_carea' id='block_1_14' title="bbox 539 1394 2045 1464">
    <p class='ocr_par' dir='ltr' id='par_1_14' title="bbox 539 1394 2045 1464">
     <span class='ocr_line' id='line_1_14' title="bbox 539 1394 2045 1464; baseline -0.005 -13"><span class='ocrx_word' id='word_1_90' title='bbox 539 1401 592 1451; x_wconf 79' lang='lat'><strong>5.</strong></span> <span class='ocrx_word' id='word_1_91' title='bbox 634 1396 770 1451; x_wconf 90' lang='lat' dir='ltr'><strong>Cum</strong></span> <span class='ocrx_word' id='word_1_92' title='bbox 806 1410 935 1449; x_wconf 85' lang='lat' dir='ltr'><strong>vero</strong></span> <span class='ocrx_word' id='word_1_93' title='bbox 981 1394 1373 1464; x_wconf 90' lang='lat' dir='ltr'><strong>productorum</strong></span> <span class='ocrx_word' id='word_1_94' title='bbox 1420 1401 1715 1461; x_wconf 89' lang='lat' dir='ltr'><strong>utrumque</strong></span> <span class='ocrx_word' id='word_1_95' title='bbox 1755 1408 1820 1445; x_wconf 79' lang='lat' dir='ltr'><strong>ex</strong></span> <span class='ocrx_word' id='word_1_96' title='bbox 1855 1406 2045 1445; x_wconf 83' lang='lat' dir='ltr'><strong>essen-</strong></span> 
     </span>
    </p>
   </div>
   <div class='ocr_carea' id='block_1_15' title="bbox 471 1486 2046 1555">
    <p class='ocr_par' dir='ltr' id='par_1_15' title="bbox 471 1486 2046 1555">
     <span class='ocr_line' id='line_1_15' title="bbox 471 1486 2046 1555; baseline -0.004 -14"><span class='ocrx_word' id='word_1_97' title='bbox 471 1491 543 1542; x_wconf 95' lang='lat' dir='ltr'><strong>tia</strong></span> <span class='ocrx_word' id='word_1_98' title='bbox 569 1488 782 1540; x_wconf 83' lang='lat' dir='ltr'><strong>dicatur</strong></span> <span class='ocrx_word' id='word_1_99' title='bbox 805 1486 1006 1551; x_wconf 87' lang='lat' dir='ltr'><strong>Patris,</strong></span> <span class='ocrx_word' id='word_1_100' title='bbox 1031 1487 1146 1555; x_wconf 88' lang='lat' dir='ltr'><strong>ipsa</strong></span> <span class='ocrx_word' id='word_1_101' title='bbox 1184 1495 1365 1538; x_wconf 90' lang='lat' dir='ltr'><strong>autem</strong></span> <span class='ocrx_word' id='word_1_102' title='bbox 1395 1498 1570 1552; x_wconf 84' lang='lat' dir='ltr'><strong>neque</strong></span> <span class='ocrx_word' id='word_1_103' title='bbox 1598 1493 1842 1552; x_wconf 83' lang='lat' dir='ltr'><strong>generat.</strong></span> <span class='ocrx_word' id='word_1_104' title='bbox 1869 1496 2046 1551; x_wconf 85' lang='lat' dir='ltr'><strong>neque</strong></span> 
     </span>
    </p>
   </div>
   <div class='ocr_carea' id='block_1_16' title="bbox 469 1571 2047 1645">
    <p class='ocr_par' dir='ltr' id='par_1_16' title="bbox 469 1571 2047 1645">
     <span class='ocr_line' id='line_1_16' title="bbox 469 1571 2047 1645; baseline -0.004 -15"><span class='ocrx_word' id='word_1_105' title='bbox 469 1585 764 1645; x_wconf 78' lang='lat' dir='ltr'><strong>generatur</strong></span> <span class='ocrx_word' id='word_1_106' title='bbox 789 1615 804 1641; x_wconf 98' lang='lat'><strong>,</strong></span> <span class='ocrx_word' id='word_1_107' title='bbox 841 1590 1020 1644; x_wconf 84' lang='lat' dir='ltr'><strong>neque</strong></span> <span class='ocrx_word' id='word_1_108' title='bbox 1054 1573 1218 1628; x_wconf 88' lang='lat' dir='ltr'><strong>etiam</strong></span> <span class='ocrx_word' id='word_1_109' title='bbox 1255 1572 1526 1642; x_wconf 81' lang='lat' dir='ltr'><strong>producit,</strong></span> <span class='ocrx_word' id='word_1_110' title='bbox 1564 1587 1738 1640; x_wconf 88' lang='lat' dir='ltr'><strong>neque</strong></span> <span class='ocrx_word' id='word_1_111' title='bbox 1787 1571 2047 1640; x_wconf 84' lang='lat' dir='ltr'><strong>produci-</strong></span> 
     </span>
    </p>
   </div>
   <div class='ocr_carea' id='block_1_17' title="bbox 470 1663 2044 1736">
    <p class='ocr_par' dir='ltr' id='par_1_17' title="bbox 470 1663 2044 1736">
     <span class='ocr_line' id='line_1_17' title="bbox 470 1663 2044 1736; baseline -0.005 -14"><span class='ocrx_word' id='word_1_112' title='bbox 470 1681 599 1732; x_wconf 90' lang='lat' dir='ltr'><strong>tur,</strong></span> <span class='ocrx_word' id='word_1_113' title='bbox 651 1677 711 1721; x_wconf 92' lang='lat' dir='ltr'><strong>ut</strong></span> <span class='ocrx_word' id='word_1_114' title='bbox 757 1666 996 1736; x_wconf 83' lang='lat' dir='ltr'><strong>theologi</strong></span> <span class='ocrx_word' id='word_1_115' title='bbox 1054 1665 1318 1728; x_wconf 89' lang='lat' dir='ltr'><strong>tradunt,</strong></span> <span class='ocrx_word' id='word_1_116' title='bbox 1351 1677 1576 1718; x_wconf 88' lang='lat' dir='ltr'><strong>necesse</strong></span> <span class='ocrx_word' id='word_1_117' title='bbox 1622 1672 1706 1716; x_wconf 89' lang='lat' dir='ltr'><strong>est</strong></span> <span class='ocrx_word' id='word_1_118' title='bbox 1752 1663 2044 1716; x_wconf 89' lang='lat' dir='ltr'><strong>essentiam</strong></span> 
     </span>
    </p>
   </div>
   <div class='ocr_carea' id='block_1_18' title="bbox 470 1757 2122 1852">
    <p class='ocr_par' dir='ltr' id='par_1_18' title="bbox 470 1757 2122 1852">
     <span class='ocr_line' id='line_1_18' title="bbox 470 1757 2122 1852; baseline -0.004 -38"><span class='ocrx_word' id='word_1_119' title='bbox 470 1762 754 1815; x_wconf 88' lang='lat' dir='ltr'><strong>amborum</strong></span> <span class='ocrx_word' id='word_1_120' title='bbox 788 1760 1123 1829; x_wconf 79' lang='lat' dir='ltr'><strong>principium</strong></span> <span class='ocrx_word' id='word_1_121' title='bbox 1162 1774 1285 1813; x_wconf 85' lang='lat' dir='ltr'><strong>esse</strong></span> <span class='ocrx_word' id='word_1_122' title='bbox 1314 1757 1448 1820; x_wconf 87' lang='lat' dir='ltr'><strong>tale,</strong></span> <span class='ocrx_word' id='word_1_123' title='bbox 1497 1773 1606 1826; x_wconf 88' lang='lat' dir='ltr'><strong>quo</strong></span> <span class='ocrx_word' id='word_1_124' title='bbox 1637 1759 1798 1811; x_wconf 80' lang='lat' dir='ltr'><strong>Pater</strong></span> <span class='ocrx_word' id='word_1_125' title='bbox 1831 1765 2046 1808; x_wconf 86' lang='lat' dir='ltr'><strong>utrum-</strong></span> <span class='ocrx_word' id='word_1_126' title='bbox 2084 1797 2122 1852; x_wconf 72' lang='grc' dir='ltr'><strong><em>Β</em></strong></span> 
     </span>
    </p>
   </div>
   <div class='ocr_carea' id='block_1_19' title="bbox 469 1850 2043 1922">
    <p class='ocr_par' dir='ltr' id='par_1_19' title="bbox 469 1850 2043 1922">
     <span class='ocr_line' id='line_1_19' title="bbox 469 1850 2043 1922; baseline -0.004 -16"><span class='ocrx_word' id='word_1_127' title='bbox 469 1869 578 1922; x_wconf 81' lang='lat' dir='ltr'><strong>que</strong></span> <span class='ocrx_word' id='word_1_128' title='bbox 611 1853 930 1922; x_wconf 83' lang='lat' dir='ltr'><strong>producat,‘</strong></span> <span class='ocrx_word' id='word_1_129' title='bbox 957 1851 1151 1906; x_wconf 80' lang='lat' dir='ltr'><strong>Filium</strong></span> <span class='ocrx_word' id='word_1_130' title='bbox 1195 1862 1249 1904; x_wconf 89' lang='lat' dir='ltr'><strong>et</strong></span> <span class='ocrx_word' id='word_1_131' title='bbox 1297 1850 1560 1919; x_wconf 86' lang='lat' dir='ltr'><strong>Spiritum</strong></span> <span class='ocrx_word' id='word_1_132' title='bbox 1605 1858 1878 1911; x_wconf 85' lang='lat' dir='ltr'><strong>sanctum.</strong></span> <span class='ocrx_word' id='word_1_133' title='bbox 1921 1863 2043 1903; x_wconf 87' lang='lat' dir='ltr'><strong>cum</strong></span> 
     </span>
    </p>
   </div>
   <div class='ocr_carea' id='block_1_20' title="bbox 469 1940 2045 2011">
    <p class='ocr_par' dir='ltr' id='par_1_20' title="bbox 469 1940 2045 2011">
     <span class='ocr_line' id='line_1_20' title="bbox 469 1940 2045 2011; baseline -0.003 -17"><span class='ocrx_word' id='word_1_134' title='bbox 469 1943 604 1996; x_wconf 84' lang='lat' dir='ltr'><strong>alias</strong></span> <span class='ocrx_word' id='word_1_135' title='bbox 632 1941 878 2011; x_wconf 79' lang='lat' dir='ltr'><strong>ejusdem</strong></span> <span class='ocrx_word' id='word_1_136' title='bbox 921 1942 1172 1994; x_wconf 68' lang='lat' dir='ltr'><strong>essentia:</strong></span> <span class='ocrx_word' id='word_1_137' title='bbox 1206 1940 1314 1994; x_wconf 85' lang='lat' dir='ltr'><strong>sint</strong></span> <span class='ocrx_word' id='word_1_138' title='bbox 1365 1954 1486 1994; x_wconf 90' lang='lat' dir='ltr'><strong>cum</strong></span> <span class='ocrx_word' id='word_1_139' title='bbox 1534 1940 1870 2008; x_wconf 90' lang='lat' dir='ltr'><strong>producente</strong></span> <span class='ocrx_word' id='word_1_140' title='bbox 1924 1954 2045 2007; x_wconf 84' lang='lat' dir='ltr'><strong>prn-</strong></span> 
     </span>
    </p>
   </div>
   <div class='ocr_carea' id='block_1_21' title="bbox 469 2031 2043 2101">
    <p class='ocr_par' dir='ltr' id='par_1_21' title="bbox 469 2031 2043 2101">
     <span class='ocr_line' id='line_1_21' title="bbox 469 2031 2043 2101; baseline -0.003 -12"><span class='ocrx_word' id='word_1_141' title='bbox 469 2035 655 2097; x_wconf 83' lang='lat' dir='ltr'><strong>ducta,</strong></span> <span class='ocrx_word' id='word_1_142' title='bbox 680 2042 734 2086; x_wconf 91' lang='lat' dir='ltr'><strong>et</strong></span> <span class='ocrx_word' id='word_1_143' title='bbox 760 2033 904 2087; x_wconf 90' lang='lat' dir='ltr'><strong>inter</strong></span> <span class='ocrx_word' id='word_1_144' title='bbox 933 2047 991 2086; x_wconf 87' lang='lat' dir='ltr'><strong>se</strong></span> <span class='ocrx_word' id='word_1_145' title='bbox 1022 2032 1290 2101; x_wconf 90' lang='lat' dir='ltr'><strong>producta</strong></span> <span class='ocrx_word' id='word_1_146' title='bbox 1315 2046 1424 2086; x_wconf 91' lang='lat' dir='ltr'><strong>non</strong></span> <span class='ocrx_word' id='word_1_147' title='bbox 1447 2031 1557 2086; x_wconf 92' lang='lat' dir='ltr'><strong>alio</strong></span> <span class='ocrx_word' id='word_1_148' title='bbox 1581 2031 1742 2085; x_wconf 90' lang='lat' dir='ltr'><strong>modo</strong></span> <span class='ocrx_word' id='word_1_149' title='bbox 1756 2033 2043 2097; x_wconf 72' lang='lat' dir='ltr'><strong>exsistant,</strong></span> 
     </span>
    </p>
   </div>
   <div class='ocr_carea' id='block_1_22' title="bbox 468 2121 2047 2194">
    <p class='ocr_par' dir='ltr' id='par_1_22' title="bbox 468 2121 2047 2194">
     <span class='ocr_line' id='line_1_22' title="bbox 468 2121 2047 2194; baseline -0.002 -17"><span class='ocrx_word' id='word_1_150' title='bbox 468 2139 632 2194; x_wconf 84' lang='lat' dir='ltr'><strong>quam</strong></span> <span class='ocrx_word' id='word_1_151' title='bbox 672 2138 742 2178; x_wconf 80' lang='lat' dir='ltr'><strong>ex</strong></span> <span class='ocrx_word' id='word_1_152' title='bbox 775 2123 954 2176; x_wconf 80' lang='lat' dir='ltr'><strong>Patris</strong></span> <span class='ocrx_word' id='word_1_153' title='bbox 979 2121 1221 2176; x_wconf 80' lang='lat' dir='ltr'><strong>essentia</strong></span> <span class='ocrx_word' id='word_1_154' title='bbox 1263 2121 1430 2174; x_wconf 85' lang='lat' dir='ltr'><strong>veluti</strong></span> <span class='ocrx_word' id='word_1_155' title='bbox 1475 2122 1746 2192; x_wconf 89' lang='lat' dir='ltr'><strong>principio</strong></span> <span class='ocrx_word' id='word_1_156' title='bbox 1791 2132 1846 2176; x_wconf 89' lang='lat' dir='ltr'><strong>et</strong></span> <span class='ocrx_word' id='word_1_157' title='bbox 1879 2121 2047 2176; x_wconf 83' lang='lat' dir='ltr'><strong>facul-</strong></span> 
     </span>
    </p>
   </div>
   <div class='ocr_carea' id='block_1_23' title="bbox 469 2212 2049 2285">
    <p class='ocr_par' dir='ltr' id='par_1_23' title="bbox 469 2212 2049 2285">
     <span class='ocr_line' id='line_1_23' title="bbox 469 2212 2049 2285; baseline -0.001 -13"><span class='ocrx_word' id='word_1_158' title='bbox 469 2226 605 2282; x_wconf 84' lang='lat' dir='ltr'><strong>tate,</strong></span> <span class='ocrx_word' id='word_1_159' title='bbox 635 2231 755 2285; x_wconf 81' lang='lat' dir='ltr'><strong>quae</strong></span> <span class='ocrx_word' id='word_1_160' title='bbox 778 2229 955 2284; x_wconf 87' lang='lat' dir='ltr'><strong>neque</strong></span> <span class='ocrx_word' id='word_1_161' title='bbox 984 2212 1259 2282; x_wconf 85' lang='lat' dir='ltr'><strong>producit,</strong></span> <span class='ocrx_word' id='word_1_162' title='bbox 1286 2229 1464 2284; x_wconf 86' lang='lat' dir='ltr'><strong>neque</strong></span> <span class='ocrx_word' id='word_1_163' title='bbox 1490 2215 1838 2284; x_wconf 89' lang='lat' dir='ltr'><strong>producitur,</strong></span> <span class='ocrx_word' id='word_1_164' title='bbox 1868 2230 2049 2285; x_wconf 91' lang='lat' dir='ltr'><strong>neque</strong></span> 
     </span>
    </p>
   </div>
   <div class='ocr_carea' id='block_1_24' title="bbox 469 2305 2049 2375">
    <p class='ocr_par' dir='ltr' id='par_1_24' title="bbox 469 2305 2049 2375">
     <span class='ocr_line' id='line_1_24' title="bbox 469 2305 2049 2375; baseline -0.001 -14"><span class='ocrx_word' id='word_1_165' title='bbox 469 2309 523 2361; x_wconf 92' lang='lat' dir='ltr'><strong>in</strong></span> <span class='ocrx_word' id='word_1_166' title='bbox 555 2323 643 2372; x_wconf 90' lang='lat' dir='ltr'><strong>ea,</strong></span> <span class='ocrx_word' id='word_1_167' title='bbox 683 2321 806 2375; x_wconf 69' lang='lat' dir='ltr'><strong>quat</strong></span> <span class='ocrx_word' id='word_1_168' title='bbox 834 2321 898 2359; x_wconf 86' lang='lat' dir='ltr'><strong>ex</strong></span> <span class='ocrx_word' id='word_1_169' title='bbox 930 2305 1118 2374; x_wconf 87' lang='lat' dir='ltr'><strong>aliquo</strong></span> <span class='ocrx_word' id='word_1_170' title='bbox 1156 2314 1260 2370; x_wconf 89' lang='lat' dir='ltr'><strong>est,</strong></span> <span class='ocrx_word' id='word_1_171' title='bbox 1307 2321 1485 2375; x_wconf 84' lang='lat' dir='ltr'><strong>neque</strong></span> <span class='ocrx_word' id='word_1_172' title='bbox 1512 2305 1566 2359; x_wconf 88' lang='lat' dir='ltr'><strong>in</strong></span> <span class='ocrx_word' id='word_1_173' title='bbox 1603 2321 1666 2360; x_wconf 88' lang='lat' dir='ltr'><strong>ea</strong></span> <span class='ocrx_word' id='word_1_174' title='bbox 1697 2321 1818 2374; x_wconf 72' lang='lat' dir='ltr'><strong>qua:</strong></span> <span class='ocrx_word' id='word_1_175' title='bbox 1849 2307 1914 2360; x_wconf 92' lang='lat' dir='ltr'><strong>ad</strong></span> <span class='ocrx_word' id='word_1_176' title='bbox 1953 2307 2049 2360; x_wconf 85' lang='lat' dir='ltr'><strong>ali-</strong></span> 
     </span>
    </p>
   </div>
   <div class='ocr_carea' id='block_1_25' title="bbox 468 2399 2046 2470">
    <p class='ocr_par' dir='ltr' id='par_1_25' title="bbox 468 2399 2046 2470">
     <span class='ocr_line' id='line_1_25' title="bbox 468 2399 2046 2470; baseline -0.001 -15"><span class='ocrx_word' id='word_1_177' title='bbox 468 2400 602 2470; x_wconf 85' lang='lat' dir='ltr'><strong>quid</strong></span> <span class='ocrx_word' id='word_1_178' title='bbox 642 2399 961 2456; x_wconf 79' lang='lat' dir='ltr'><strong>definitione</strong></span> <span class='ocrx_word' id='word_1_179' title='bbox 991 2408 1094 2461; x_wconf 86' lang='lat' dir='ltr'><strong>est,</strong></span> <span class='ocrx_word' id='word_1_180' title='bbox 1129 2413 1255 2452; x_wconf 90' lang='lat' dir='ltr'><strong>cum</strong></span> <span class='ocrx_word' id='word_1_181' title='bbox 1289 2400 1342 2452; x_wconf 90' lang='lat' dir='ltr'><strong>in</strong></span> <span class='ocrx_word' id='word_1_182' title='bbox 1374 2400 1534 2453; x_wconf 87' lang='lat' dir='ltr'><strong>Patre</strong></span> <span class='ocrx_word' id='word_1_183' title='bbox 1559 2400 1772 2454; x_wconf 88' lang='lat' dir='ltr'><strong>scilicet</strong></span> <span class='ocrx_word' id='word_1_184' title='bbox 1801 2401 2046 2467; x_wconf 76' lang='lat' dir='ltr'><strong>exsistat,</strong></span> 
     </span>
    </p>
   </div>
   <div class='ocr_carea' id='block_1_26' title="bbox 467 2491 2050 2562">
    <p class='ocr_par' dir='ltr' id='par_1_26' title="bbox 467 2491 2050 2562">
     <span class='ocr_line' id='line_1_26' title="bbox 467 2491 2050 2562; baseline 0 -15"><span class='ocrx_word' id='word_1_185' title='bbox 467 2501 526 2547; x_wconf 86' lang='lat' dir='ltr'><strong>et</strong></span> <span class='ocrx_word' id='word_1_186' title='bbox 570 2493 625 2547; x_wconf 91' lang='lat' dir='ltr'><strong>in</strong></span> <span class='ocrx_word' id='word_1_187' title='bbox 649 2491 809 2556; x_wconf 85' lang='lat' dir='ltr'><strong>Filio,</strong></span> <span class='ocrx_word' id='word_1_188' title='bbox 853 2499 910 2547; x_wconf 91' lang='lat' dir='ltr'><strong>et</strong></span> <span class='ocrx_word' id='word_1_189' title='bbox 940 2491 994 2545; x_wconf 90' lang='lat' dir='ltr'><strong>in</strong></span> <span class='ocrx_word' id='word_1_190' title='bbox 1024 2491 1257 2561; x_wconf 87' lang='lat' dir='ltr'><strong>Spiritu,</strong></span> <span class='ocrx_word' id='word_1_191' title='bbox 1299 2498 1356 2546; x_wconf 85' lang='lat' dir='ltr'><strong>et</strong></span> <span class='ocrx_word' id='word_1_192' title='bbox 1397 2492 1566 2546; x_wconf 86' lang='lat' dir='ltr'><strong>veluti</strong></span> <span class='ocrx_word' id='word_1_193' title='bbox 1605 2492 1961 2562; x_wconf 85' lang='lat' dir='ltr'><strong>principium,</strong></span> <span class='ocrx_word' id='word_1_194' title='bbox 1993 2503 2050 2549; x_wconf 86' lang='lat' dir='ltr'><strong>et</strong></span> 
     </span>
    </p>
   </div>
   <div class='ocr_carea' id='block_1_27' title="bbox 468 2583 2046 2654">
    <p class='ocr_par' dir='ltr' id='par_1_27' title="bbox 468 2583 2046 2654">
     <span class='ocr_line' id='line_1_27' title="bbox 468 2583 2046 2654; baseline 0.001 -15"><span class='ocrx_word' id='word_1_195' title='bbox 468 2584 641 2639; x_wconf 78' lang='lat' dir='ltr'><strong>veluti</strong></span> <span class='ocrx_word' id='word_1_196' title='bbox 669 2585 904 2654; x_wconf 82' lang='lat' dir='ltr'><strong>species,</strong></span> <span class='ocrx_word' id='word_1_197' title='bbox 942 2583 996 2637; x_wconf 89' lang='lat' dir='ltr'><strong>in</strong></span> <span class='ocrx_word' id='word_1_198' title='bbox 1029 2593 1294 2652; x_wconf 89' lang='lat' dir='ltr'><strong>quantum</strong></span> <span class='ocrx_word' id='word_1_199' title='bbox 1321 2583 1636 2638; x_wconf 81' lang='lat' dir='ltr'><strong>exhibetur.</strong></span> <span class='ocrx_word' id='word_1_200' title='bbox 1665 2585 2046 2641; x_wconf 81' lang='lat' dir='ltr'><strong>Verumtamen</strong></span> 
     </span>
    </p>
   </div>
   <div class='ocr_carea' id='block_1_28' title="bbox 469 2675 2050 2747">
    <p class='ocr_par' dir='ltr' id='par_1_28' title="bbox 469 2675 2050 2747">
     <span class='ocr_line' id='line_1_28' title="bbox 469 2675 2050 2747; baseline -0.001 -16"><span class='ocrx_word' id='word_1_201' title='bbox 469 2676 647 2731; x_wconf 85' lang='lat' dir='ltr'><strong>Patris</strong></span> <span class='ocrx_word' id='word_1_202' title='bbox 675 2675 984 2747; x_wconf 82' lang='lat' dir='ltr'><strong>hypostasis</strong></span> <span class='ocrx_word' id='word_1_203' title='bbox 1021 2690 1130 2728; x_wconf 87' lang='lat' dir='ltr'><strong>una</strong></span> <span class='ocrx_word' id='word_1_204' title='bbox 1162 2685 1217 2727; x_wconf 92' lang='lat' dir='ltr'><strong>et</strong></span> <span class='ocrx_word' id='word_1_205' title='bbox 1243 2675 1458 2738; x_wconf 87' lang='lat' dir='ltr'><strong>eadem,</strong></span> <span class='ocrx_word' id='word_1_206' title='bbox 1485 2689 1610 2729; x_wconf 89' lang='lat' dir='ltr'><strong>cum</strong></span> <span class='ocrx_word' id='word_1_207' title='bbox 1641 2689 1900 2744; x_wconf 85' lang='lat' dir='ltr'><strong>personas</strong></span> <span class='ocrx_word' id='word_1_208' title='bbox 1925 2691 2050 2744; x_wconf 86' lang='lat' dir='ltr'><strong>pro-</strong></span> 
     </span>
    </p>
   </div>
   <div class='ocr_carea' id='block_1_29' title="bbox 467 2754 2048 2836">
    <p class='ocr_par' dir='ltr' id='par_1_29' title="bbox 467 2754 2048 2836">
     <span class='ocr_line' id='line_1_29' title="bbox 467 2754 2048 2836; baseline -0.002 -13"><span class='ocrx_word' id='word_1_209' title='bbox 467 2769 662 2834; x_wconf 80' lang='lat' dir='ltr'><strong>ducit,</strong></span> <span class='ocrx_word' id='word_1_210' title='bbox 713 2754 1016 2836; x_wconf 88' lang='lat' dir='ltr'><strong>rursusquc</strong></span> <span class='ocrx_word' id='word_1_211' title='bbox 1053 2767 1296 2820; x_wconf 86' lang='lat' dir='ltr'><strong>essentia</strong></span> <span class='ocrx_word' id='word_1_212' title='bbox 1340 2781 1510 2820; x_wconf 88' lang='lat' dir='ltr'><strong>unum</strong></span> <span class='ocrx_word' id='word_1_213' title='bbox 1557 2776 1613 2820; x_wconf 88' lang='lat' dir='ltr'><strong>et</strong></span> <span class='ocrx_word' id='word_1_214' title='bbox 1645 2767 1786 2821; x_wconf 91' lang='lat' dir='ltr'><strong>idem</strong></span> <span class='ocrx_word' id='word_1_215' title='bbox 1839 2767 2048 2836; x_wconf 79' lang='lat' dir='ltr'><strong>princi-</strong></span> 
     </span>
    </p>
   </div>
   <div class='ocr_carea' id='block_1_30' title="bbox 465 2860 2051 2932">
    <p class='ocr_par' dir='ltr' id='par_1_30' title="bbox 465 2860 2051 2932">
     <span class='ocr_line' id='line_1_30' title="bbox 465 2860 2051 2932; baseline 0.001 -17"><span class='ocrx_word' id='word_1_216' title='bbox 465 2863 621 2932; x_wconf 86' lang='lat' dir='ltr'><strong>pium</strong></span> <span class='ocrx_word' id='word_1_217' title='bbox 669 2871 723 2916; x_wconf 90' lang='lat' dir='ltr'><strong>et</strong></span> <span class='ocrx_word' id='word_1_218' title='bbox 767 2861 1037 2926; x_wconf 66' lang='lat' dir='ltr'><strong>familias,</strong></span> <span class='ocrx_word' id='word_1_219' title='bbox 1101 2860 1214 2929; x_wconf 87' lang='lat' dir='ltr'><strong>ipsa</strong></span> <span class='ocrx_word' id='word_1_220' title='bbox 1252 2863 1518 2928; x_wconf 86' lang='lat' dir='ltr'><strong>producta</strong></span> <span class='ocrx_word' id='word_1_221' title='bbox 1567 2861 1744 2914; x_wconf 87' lang='lat' dir='ltr'><strong>modis</strong></span> <span class='ocrx_word' id='word_1_222' title='bbox 1793 2861 2051 2916; x_wconf 71' lang='lat' dir='ltr'><strong>uirtutibus</strong></span> 
     </span>
    </p>
   </div>
   <div class='ocr_carea' id='block_1_31' title="bbox 467 2952 2050 3022">
    <p class='ocr_par' dir='ltr' id='par_1_31' title="bbox 467 2952 2050 3022">
     <span class='ocr_line' id='line_1_31' title="bbox 467 2952 2050 3022; baseline -0.002 -15"><span class='ocrx_word' id='word_1_223' title='bbox 467 2954 660 3010; x_wconf 85' lang='lat' dir='ltr'><strong>eadem</strong></span> <span class='ocrx_word' id='word_1_224' title='bbox 693 2963 882 3009; x_wconf 85' lang='lat' dir='ltr'><strong>essent</strong></span> <span class='ocrx_word' id='word_1_225' title='bbox 905 2969 920 3019; x_wconf 82' lang='lat'>;</span> <span class='ocrx_word' id='word_1_226' title='bbox 949 2955 1056 3008; x_wconf 92' lang='lat' dir='ltr'><strong>imo</strong></span> <span class='ocrx_word' id='word_1_227' title='bbox 1085 2967 1252 3006; x_wconf 90' lang='lat' dir='ltr'><strong>unum</strong></span> <span class='ocrx_word' id='word_1_228' title='bbox 1276 2953 1535 3022; x_wconf 87' lang='lat' dir='ltr'><strong>equidem</strong></span> <span class='ocrx_word' id='word_1_229' title='bbox 1567 2952 1728 3021; x_wconf 88' lang='lat' dir='ltr'><strong>plane</strong></span> <span class='ocrx_word' id='word_1_230' title='bbox 1755 2961 1900 3006; x_wconf 80' lang='lat' dir='ltr'><strong>esset</strong></span> <span class='ocrx_word' id='word_1_231' title='bbox 1926 2967 2050 3021; x_wconf 88' lang='lat' dir='ltr'><strong>per-</strong></span> 
     </span>
    </p>
   </div>
   <div class='ocr_carea' id='block_1_32' title="bbox 468 3041 2052 3117">
    <p class='ocr_par' dir='ltr' id='par_1_32' title="bbox 468 3041 2052 3117">
     <span class='ocr_line' id='line_1_32' title="bbox 468 3041 2052 3117; baseline -0.004 -15"><span class='ocrx_word' id='word_1_232' title='bbox 468 3063 601 3102; x_wconf 87' lang='lat' dir='ltr'><strong>sona</strong></span> <span class='ocrx_word' id='word_1_233' title='bbox 636 3047 924 3117; x_wconf 88' lang='lat' dir='ltr'><strong>producta,</strong></span> <span class='ocrx_word' id='word_1_234' title='bbox 957 3045 1064 3100; x_wconf 88' lang='lat' dir='ltr'><strong>nisi</strong></span> <span class='ocrx_word' id='word_1_235' title='bbox 1101 3045 1359 3100; x_wconf 68' lang='lat' dir='ltr'><strong>essentne</strong></span> <span class='ocrx_word' id='word_1_236' title='bbox 1400 3053 1457 3098; x_wconf 85' lang='lat' dir='ltr'><strong>et</strong></span> <span class='ocrx_word' id='word_1_237' title='bbox 1491 3042 1597 3096; x_wconf 86' lang='lat' dir='ltr'><strong>alia</strong></span> <span class='ocrx_word' id='word_1_238' title='bbox 1625 3041 1874 3112; x_wconf 73' lang='lat' dir='ltr'><strong>quaedam</strong></span> <span class='ocrx_word' id='word_1_239' title='bbox 1908 3043 2052 3096; x_wconf 89' lang='lat' dir='ltr'><strong>ines-</strong></span> 
     </span>
    </p>
   </div>
   <div class='ocr_carea' id='block_1_33' title="bbox 2148 507 3693 579">
    <p class='ocr_par' dir='ltr' id='par_1_33' title="bbox 2148 507 3693 579">
     <span class='ocr_line' id='line_1_33' title="bbox 2148 507 3693 579; baseline 0.001 -14"><span class='ocrx_word' id='word_1_240' title='bbox 2148 512 2504 572; x_wconf 73' lang='grc' dir='ltr'><strong>ὑποστάσεως</strong></span> <span class='ocrx_word' id='word_1_241' title='bbox 2529 509 2678 576; x_wconf 69' lang='grc' dir='ltr'>ἴδιον,</span> <span class='ocrx_word' id='word_1_242' title='bbox 2702 509 2761 562; x_wconf 84' lang='grc' dir='ltr'><strong>οὐ</strong></span> <span class='ocrx_word' id='word_1_243' title='bbox 2783 507 3156 579; x_wconf 77' lang='grc' dir='ltr'>τελειοτήτων,</span> <span class='ocrx_word' id='word_1_244' title='bbox 3173 510 3292 562; x_wconf 86' lang='grc' dir='ltr'>οὐδὲ</span> <span class='ocrx_word' id='word_1_245' title='bbox 3311 510 3604 579; x_wconf 75' lang='grc' dir='ltr'><strong>δυνάμεων.</strong></span> <span class='ocrx_word' id='word_1_246' title='bbox 3619 513 3693 566; x_wconf 80' lang='grc' dir='ltr'><strong>Ἐν</strong></span> 
     </span>
    </p>
   </div>
   <div class='ocr_carea' id='block_1_34' title="bbox 2147 599 3690 670">
    <p class='ocr_par' dir='ltr' id='par_1_34' title="bbox 2147 599 3690 670">
     <span class='ocr_line' id='line_1_34' title="bbox 2147 599 3690 670; baseline -0.001 -13"><span class='ocrx_word' id='word_1_247' title='bbox 2147 603 2441 658; x_wconf 79' lang='grc' dir='ltr'><strong>ὑποστάσει</strong></span> <span class='ocrx_word' id='word_1_248' title='bbox 2465 601 2575 670; x_wconf 76' lang='grc' dir='ltr'>γὰρ</span> <span class='ocrx_word' id='word_1_249' title='bbox 2603 602 2668 653; x_wconf 66' lang='grc' dir='ltr'>τὰ</span> <span class='ocrx_word' id='word_1_250' title='bbox 2687 599 2915 652; x_wconf 76' lang='grc' dir='ltr'>τοιαῦτα</span> <span class='ocrx_word' id='word_1_251' title='bbox 2940 599 3034 652; x_wconf 72' lang='grc' dir='ltr'>καὶ</span> <span class='ocrx_word' id='word_1_252' title='bbox 3059 599 3432 654; x_wconf 75' lang='grc' dir='ltr'>ἐνυπόστατα.</span> <span class='ocrx_word' id='word_1_253' title='bbox 3459 600 3690 655; x_wconf 71' lang='grc' dir='ltr'>Καλείται</span> 
     </span>
    </p>
   </div>
   <div class='ocr_carea' id='block_1_35' title="bbox 2145 690 3688 764">
    <p class='ocr_par' dir='ltr' id='par_1_35' title="bbox 2145 690 3688 764">
     <span class='ocr_line' id='line_1_35' title="bbox 2145 690 3688 764; baseline -0.001 -18"><span class='ocrx_word' id='word_1_254' title='bbox 2145 693 2200 746; x_wconf 79' lang='grc' dir='ltr'><strong>δὲ</strong></span> <span class='ocrx_word' id='word_1_255' title='bbox 2223 693 2356 763; x_wconf 81' lang='grc' dir='ltr'>πρὸς</span> <span class='ocrx_word' id='word_1_256' title='bbox 2376 692 2486 746; x_wconf 86' lang='grc' dir='ltr'>τῶν</span> <span class='ocrx_word' id='word_1_257' title='bbox 2507 690 2900 759; x_wconf 77' lang='grc' dir='ltr'>θεολογοῦντων</span> <span class='ocrx_word' id='word_1_258' title='bbox 2930 691 3155 761; x_wconf 85' lang='grc' dir='ltr'>αὐτῶνή</span> <span class='ocrx_word' id='word_1_259' title='bbox 3179 692 3278 759; x_wconf 85' lang='grc' dir='ltr'><strong>μὲν</strong></span> <span class='ocrx_word' id='word_1_260' title='bbox 3297 707 3382 754; x_wconf 81' lang='grc' dir='ltr'><strong>τις</strong></span> <span class='ocrx_word' id='word_1_261' title='bbox 3406 695 3688 764; x_wconf 67' lang='grc' dir='ltr'>γεννητική,</span> 
     </span>
    </p>
   </div>
   <div class='ocr_carea' id='block_1_36' title="bbox 2146 781 3687 855">
    <p class='ocr_par' dir='ltr' id='par_1_36' title="bbox 2146 781 3687 855">
     <span class='ocr_line' id='line_1_36' title="bbox 2146 781 3687 855; baseline 0 -18"><span class='ocrx_word' id='word_1_262' title='bbox 2146 788 2180 855; x_wconf 87' lang='grc' dir='ltr'>ἠ</span> <span class='ocrx_word' id='word_1_263' title='bbox 2209 786 2253 837; x_wconf 80' lang='grc' dir='ltr'><strong>δ’</strong></span> <span class='ocrx_word' id='word_1_264' title='bbox 2276 781 2344 855; x_wconf 75' lang='grc' dir='ltr'><strong>ἦν</strong></span> <span class='ocrx_word' id='word_1_265' title='bbox 2374 783 2720 855; x_wconf 77' lang='grc' dir='ltr'>προϐλητικὴ</span> <span class='ocrx_word' id='word_1_266' title='bbox 2754 783 3006 852; x_wconf 78' lang='grc' dir='ltr'>δύναμις.</span> <span class='ocrx_word' id='word_1_267' title='bbox 3057 785 3148 835; x_wconf 69' lang='grc' dir='ltr'>Διὸ</span> <span class='ocrx_word' id='word_1_268' title='bbox 3181 783 3275 836; x_wconf 83' lang='grc' dir='ltr'><strong>καὶ</strong></span> <span class='ocrx_word' id='word_1_269' title='bbox 3317 783 3430 835; x_wconf 81' lang='grc' dir='ltr'>τῶν</span> <span class='ocrx_word' id='word_1_270' title='bbox 3471 801 3687 853; x_wconf 73' lang='grc' dir='ltr'>παραγο·</span> 
     </span>
    </p>
   </div>
   <div class='ocr_carea' id='block_1_37' title="bbox 2151 876 3688 949">
    <p class='ocr_par' dir='ltr' id='par_1_37' title="bbox 2151 876 3688 949">
     <span class='ocr_line' id='line_1_37' title="bbox 2151 876 3688 949; baseline -0.001 -16"><span class='ocrx_word' id='word_1_271' title='bbox 2151 881 2326 949; x_wconf 78' lang='grc' dir='ltr'>μένων</span> <span class='ocrx_word' id='word_1_272' title='bbox 2356 878 2416 931; x_wconf 75' lang='grc' dir='ltr'>τὸ</span> <span class='ocrx_word' id='word_1_273' title='bbox 2452 879 2552 948; x_wconf 67' lang='grc' dir='ltr'>μὲν</span> <span class='ocrx_word' id='word_1_274' title='bbox 2587 877 2833 947; x_wconf 79' lang='grc' dir='ltr'><strong>γέννημα</strong></span> <span class='ocrx_word' id='word_1_275' title='bbox 2883 878 2977 930; x_wconf 72' lang='grc' dir='ltr'><strong>καὶ</strong></span> <span class='ocrx_word' id='word_1_276' title='bbox 3034 878 3184 942; x_wconf 72' lang='grc' dir='ltr'>Υἱὸς,</span> <span class='ocrx_word' id='word_1_277' title='bbox 3233 878 3294 930; x_wconf 68' lang='grc' dir='ltr'>τὸ</span> <span class='ocrx_word' id='word_1_278' title='bbox 3319 877 3377 929; x_wconf 72' lang='grc' dir='ltr'><strong>δὲ</strong></span> <span class='ocrx_word' id='word_1_279' title='bbox 3429 876 3688 947; x_wconf 60' lang='lat' dir='ltr'><strong>nptiaqu</strong></span> 
     </span>
    </p>
   </div>
   <div class='ocr_carea' id='block_1_38' title="bbox 2146 967 3692 1041">
    <p class='ocr_par' dir='ltr' id='par_1_38' title="bbox 2146 967 3692 1041">
     <span class='ocr_line' id='line_1_38' title="bbox 2146 967 3692 1041; baseline 0.001 -18"><span class='ocrx_word' id='word_1_280' title='bbox 2146 973 2239 1024; x_wconf 74' lang='grc' dir='ltr'>καὶ</span> <span class='ocrx_word' id='word_1_281' title='bbox 2270 969 2490 1040; x_wconf 76' lang='grc' dir='ltr'>Πνεῦμα</span> <span class='ocrx_word' id='word_1_282' title='bbox 2524 969 3016 1038; x_wconf 79' lang='grc' dir='ltr'>προσαγορεύεται.</span> <span class='ocrx_word' id='word_1_283' title='bbox 3039 972 3128 1021; x_wconf 82' lang='grc' dir='ltr'>Δεῖ</span> <span class='ocrx_word' id='word_1_284' title='bbox 3158 969 3270 1038; x_wconf 83' lang='grc' dir='ltr'>γὰρ</span> <span class='ocrx_word' id='word_1_285' title='bbox 3295 967 3364 1020; x_wconf 84' lang='grc' dir='ltr'>τὰ</span> <span class='ocrx_word' id='word_1_286' title='bbox 3392 971 3456 1020; x_wconf 71' lang='grc' dir='ltr'><strong>ἐκ</strong></span> <span class='ocrx_word' id='word_1_287' title='bbox 3479 968 3582 1021; x_wconf 81' lang='grc' dir='ltr'><strong>τῶν</strong></span> <span class='ocrx_word' id='word_1_288' title='bbox 3612 970 3692 1041; x_wconf 65' lang='grc' dir='ltr'><strong>ἀρα</strong></span> 
     </span>
    </p>
   </div>
   <div class='ocr_carea' id='block_1_39' title="bbox 2147 1060 3692 1131">
    <p class='ocr_par' dir='ltr' id='par_1_39' title="bbox 2147 1060 3692 1131">
     <span class='ocr_line' id='line_1_39' title="bbox 2147 1060 3692 1131; baseline 0.001 -17"><span class='ocrx_word' id='word_1_289' title='bbox 2147 1063 2257 1131; x_wconf 80' lang='grc' dir='ltr'><strong>χῶν</strong></span> <span class='ocrx_word' id='word_1_290' title='bbox 2288 1063 2346 1115; x_wconf 78' lang='grc' dir='ltr'><strong>ὲν</strong></span> <span class='ocrx_word' id='word_1_291' title='bbox 2384 1064 2493 1124; x_wconf 80' lang='grc' dir='ltr'>τοῖς</span> <span class='ocrx_word' id='word_1_292' title='bbox 2518 1060 2614 1114; x_wconf 87' lang='grc' dir='ltr'><strong>τοῦ</strong></span> <span class='ocrx_word' id='word_1_293' title='bbox 2643 1061 2809 1114; x_wconf 85' lang='grc' dir='ltr'>αὐτοῦ</span> <span class='ocrx_word' id='word_1_294' title='bbox 2843 1061 3019 1124; x_wconf 74' lang='grc' dir='ltr'>εἴδους</span> <span class='ocrx_word' id='word_1_295' title='bbox 3045 1062 3168 1124; x_wconf 78' lang='grc' dir='ltr'>ταῖς</span> <span class='ocrx_word' id='word_1_296' title='bbox 3203 1062 3355 1130; x_wconf 78' lang='grc' dir='ltr'>σφῶν</span> <span class='ocrx_word' id='word_1_297' title='bbox 3392 1061 3565 1115; x_wconf 82' lang='grc' dir='ltr'>αὐτῶν</span> <span class='ocrx_word' id='word_1_298' title='bbox 3594 1079 3692 1124; x_wconf 75' lang='grc' dir='ltr'><strong>πως</strong></span> 
     </span>
    </p>
   </div>
   <div class='ocr_carea' id='block_1_40' title="bbox 2149 1154 3693 1224">
    <p class='ocr_par' dir='ltr' id='par_1_40' title="bbox 2149 1154 3693 1224">
     <span class='ocr_line' id='line_1_40' title="bbox 2149 1154 3693 1224; baseline 0 -16"><span class='ocrx_word' id='word_1_299' title='bbox 2149 1157 2341 1224; x_wconf 79' lang='grc' dir='ltr'>ἀρχαῖς</span> <span class='ocrx_word' id='word_1_300' title='bbox 2369 1154 2632 1216; x_wconf 64' lang='lat' dir='ltr'><strong>homini,</strong></span> <span class='ocrx_word' id='word_1_301' title='bbox 2693 1155 2788 1208; x_wconf 74' lang='grc' dir='ltr'><strong>καὶ</strong></span> <span class='ocrx_word' id='word_1_302' title='bbox 2838 1155 2897 1220; x_wconf 65' lang='grc' dir='ltr'><strong>ἐξ</strong></span> <span class='ocrx_word' id='word_1_303' title='bbox 2964 1154 3191 1209; x_wconf 73' lang='grc' dir='ltr'>ἐκείνων</span> <span class='ocrx_word' id='word_1_304' title='bbox 3250 1154 3398 1224; x_wconf 73' lang='grc' dir='ltr'>ἔχειν</span> <span class='ocrx_word' id='word_1_305' title='bbox 3446 1157 3538 1207; x_wconf 73' lang='grc' dir='ltr'><strong>καὶ</strong></span> <span class='ocrx_word' id='word_1_306' title='bbox 3592 1155 3693 1208; x_wconf 55' lang='lat' dir='ltr'><strong>sob—</strong></span> 
     </span>
    </p>
   </div>
   <div class='ocr_carea' id='block_1_41' title="bbox 2149 1266 2308 1317">
    <p class='ocr_par' dir='ltr' id='par_1_41' title="bbox 2149 1266 2308 1317">
     <span class='ocr_line' id='line_1_41' title="bbox 2149 1266 2308 1317; baseline 0.013 -17"><span class='ocrx_word' id='word_1_307' title='bbox 2149 1267 2205 1300; x_wconf 88' lang='grc' dir='ltr'>νο</span> <span class='ocrx_word' id='word_1_308' title='bbox 2213 1266 2308 1317; x_wconf 83' lang='grc' dir='ltr'>μα.</span> 
     </span>
    </p>
   </div>
   <div class='ocr_carea' id='block_1_42' title="bbox 2221 1381 3697 1454">
    <p class='ocr_par' dir='ltr' id='par_1_42' title="bbox 2221 1381 3697 1454">
     <span class='ocr_line' id='line_1_42' title="bbox 2221 1381 3697 1454; baseline 0 -18"><span class='ocrx_word' id='word_1_309' title='bbox 2221 1398 2290 1447; x_wconf 84' lang='grc' dir='ltr'>γ.</span> <span class='ocrx_word' id='word_1_310' title='bbox 2330 1381 2482 1434; x_wconf 72' lang='grc' dir='ltr'>Ἐπεὶ</span> <span class='ocrx_word' id='word_1_311' title='bbox 2502 1381 2559 1436; x_wconf 79' lang='grc' dir='ltr'><strong>δὲ</strong></span> <span class='ocrx_word' id='word_1_312' title='bbox 2605 1384 2718 1434; x_wconf 83' lang='grc' dir='ltr'><strong>τοῖν</strong></span> <span class='ocrx_word' id='word_1_313' title='bbox 2770 1382 3175 1453; x_wconf 72' lang='grc' dir='ltr'>παραγομένων</span> <span class='ocrx_word' id='word_1_314' title='bbox 3213 1385 3476 1454; x_wconf 75' lang='grc' dir='ltr'>ἑκάτερον</span> <span class='ocrx_word' id='word_1_315' title='bbox 3532 1389 3589 1436; x_wconf 79' lang='grc' dir='ltr'><strong>ὲκ</strong></span> <span class='ocrx_word' id='word_1_316' title='bbox 3617 1386 3697 1452; x_wconf 79' lang='grc' dir='ltr'>τῆς</span> 
     </span>
    </p>
   </div>
   <div class='ocr_carea' id='block_1_43' title="bbox 2150 1474 3696 1549">
    <p class='ocr_par' dir='ltr' id='par_1_43' title="bbox 2150 1474 3696 1549">
     <span class='ocr_line' id='line_1_43' title="bbox 2150 1474 3696 1549; baseline 0 -21"><span class='ocrx_word' id='word_1_317' title='bbox 2150 1476 2339 1540; x_wconf 81' lang='grc' dir='ltr'>οὐσίας</span> <span class='ocrx_word' id='word_1_318' title='bbox 2387 1476 2604 1543; x_wconf 85' lang='grc' dir='ltr'>λέγεται</span> <span class='ocrx_word' id='word_1_319' title='bbox 2635 1474 2728 1528; x_wconf 87' lang='grc' dir='ltr'><strong>τοῦ</strong></span> <span class='ocrx_word' id='word_1_320' title='bbox 2763 1476 2996 1546; x_wconf 79' lang='grc' dir='ltr'>Πατρὸς,</span> <span class='ocrx_word' id='word_1_321' title='bbox 3051 1477 3190 1548; x_wconf 81' lang='grc' dir='ltr'>αὐτὴ</span> <span class='ocrx_word' id='word_1_322' title='bbox 3245 1478 3304 1529; x_wconf 79' lang='grc' dir='ltr'><strong>δὲ</strong></span> <span class='ocrx_word' id='word_1_323' title='bbox 3372 1477 3493 1530; x_wconf 75' lang='grc' dir='ltr'>οὔτε</span> <span class='ocrx_word' id='word_1_324' title='bbox 3537 1481 3696 1549; x_wconf 76' lang='grc' dir='ltr'>γεννᾷ,</span> 
     </span>
    </p>
   </div>
   <div class='ocr_carea' id='block_1_44' title="bbox 2151 1568 3698 1639">
    <p class='ocr_par' dir='ltr' id='par_1_44' title="bbox 2151 1568 3698 1639">
     <span class='ocr_line' id='line_1_44' title="bbox 2151 1568 3698 1639; baseline 0 -19"><span class='ocrx_word' id='word_1_325' title='bbox 2151 1568 2276 1620; x_wconf 74' lang='grc' dir='ltr'>οὔτε</span> <span class='ocrx_word' id='word_1_326' title='bbox 2309 1569 2591 1635; x_wconf 81' lang='grc' dir='ltr'>γεννᾶται,</span> <span class='ocrx_word' id='word_1_327' title='bbox 2623 1568 2745 1620; x_wconf 78' lang='grc' dir='ltr'>οὔτε</span> <span class='ocrx_word' id='word_1_328' title='bbox 2780 1569 2888 1638; x_wconf 83' lang='grc' dir='ltr'>μὴν</span> <span class='ocrx_word' id='word_1_329' title='bbox 2920 1569 3244 1639; x_wconf 75' lang='grc' dir='ltr'>προϐάλλει,</span> <span class='ocrx_word' id='word_1_330' title='bbox 3307 1569 3430 1621; x_wconf 71' lang='grc' dir='ltr'>οὔτε</span> <span class='ocrx_word' id='word_1_331' title='bbox 3492 1573 3698 1638; x_wconf 67' lang='grc' dir='ltr'>προϐάλ-</span> 
     </span>
    </p>
   </div>
   <div class='ocr_carea' id='block_1_45' title="bbox 2152 1661 3700 1733">
    <p class='ocr_par' dir='ltr' id='par_1_45' title="bbox 2152 1661 3700 1733">
     <span class='ocr_line' id='line_1_45' title="bbox 2152 1661 3700 1733; baseline 0.003 -21"><span class='ocrx_word' id='word_1_332' title='bbox 2152 1664 2323 1724; x_wconf 84' lang='grc' dir='ltr'>&gt;.εται,</span> <span class='ocrx_word' id='word_1_333' title='bbox 2360 1663 2616 1733; x_wconf 81' lang='grc' dir='ltr'>καθάπερ</span> <span class='ocrx_word' id='word_1_334' title='bbox 2649 1664 2696 1715; x_wconf 74' lang='grc' dir='ltr'><strong>οἱ</strong></span> <span class='ocrx_word' id='word_1_335' title='bbox 2742 1661 3119 1730; x_wconf 81' lang='grc' dir='ltr'>Θεολογοῦντές</span> <span class='ocrx_word' id='word_1_336' title='bbox 3149 1680 3337 1731; x_wconf 68' lang='grc' dir='ltr'>φασιν,</span> <span class='ocrx_word' id='word_1_337' title='bbox 3385 1663 3595 1732; x_wconf 73' lang='grc' dir='ltr'><strong>ἀνάγκη</strong></span> <span class='ocrx_word' id='word_1_338' title='bbox 3621 1664 3700 1733; x_wconf 70' lang='grc' dir='ltr'><strong>τὴν</strong></span> 
     </span>
    </p>
   </div>
   <div class='ocr_carea' id='block_1_46' title="bbox 2153 1752 3701 1830">
    <p class='ocr_par' dir='ltr' id='par_1_46' title="bbox 2153 1752 3701 1830">
     <span class='ocr_line' id='line_1_46' title="bbox 2153 1752 3701 1830; baseline 0.001 -22"><span class='ocrx_word' id='word_1_339' title='bbox 2153 1758 2342 1810; x_wconf 79' lang='grc' dir='ltr'>οὐσίαν</span> <span class='ocrx_word' id='word_1_340' title='bbox 2366 1757 2539 1827; x_wconf 76' lang='grc' dir='ltr'>ἀρχὴν</span> <span class='ocrx_word' id='word_1_341' title='bbox 2566 1756 2844 1824; x_wconf 79' lang='grc' dir='ltr'><strong>ἑκατέρων</strong></span> <span class='ocrx_word' id='word_1_342' title='bbox 2873 1753 3013 1808; x_wconf 81' lang='grc' dir='ltr'>εἶναι</span> <span class='ocrx_word' id='word_1_343' title='bbox 3078 1757 3362 1830; x_wconf 76' lang='grc' dir='ltr'>τοιαύτην,</span> <span class='ocrx_word' id='word_1_344' title='bbox 3485 1758 3701 1826; x_wconf 73' lang='grc' dir='ltr'>παράγει</span> 
     </span>
    </p>
   </div>
   <div class='ocr_carea' id='block_1_47' title="bbox 2154 1849 3699 1920">
    <p class='ocr_par' dir='ltr' id='par_1_47' title="bbox 2154 1849 3699 1920">
     <span class='ocr_line' id='line_1_47' title="bbox 2154 1849 3699 1920; baseline 0 -18"><span class='ocrx_word' id='word_1_345' title='bbox 2154 1849 2341 1920; x_wconf 75' lang='grc' dir='ltr'>Πατὴρ</span> <span class='ocrx_word' id='word_1_346' title='bbox 2375 1851 2658 1920; x_wconf 81' lang='grc' dir='ltr'>ἑκάτερον,</span> <span class='ocrx_word' id='word_1_347' title='bbox 2690 1849 2817 1901; x_wconf 82' lang='grc' dir='ltr'>Υἱόν</span> <span class='ocrx_word' id='word_1_348' title='bbox 2839 1866 2895 1901; x_wconf 91' lang='grc' dir='ltr'><strong>τε</strong></span> <span class='ocrx_word' id='word_1_349' title='bbox 2927 1849 3021 1901; x_wconf 74' lang='grc' dir='ltr'>καὶ</span> <span class='ocrx_word' id='word_1_350' title='bbox 3054 1849 3280 1918; x_wconf 81' lang='grc' dir='ltr'><strong>Πνεῦμα</strong></span> <span class='ocrx_word' id='word_1_351' title='bbox 3312 1851 3485 1917; x_wconf 76' lang='grc' dir='ltr'>ἂγιον.</span> <span class='ocrx_word' id='word_1_352' title='bbox 3519 1850 3699 1914; x_wconf 77' lang='grc' dir='ltr'>Ἀλλως</span> 
     </span>
    </p>
   </div>
   <div class='ocr_carea' id='block_1_48' title="bbox 2152 1941 3699 2012">
    <p class='ocr_par' dir='ltr' id='par_1_48' title="bbox 2152 1941 3699 2012">
     <span class='ocr_line' id='line_1_48' title="bbox 2152 1941 3699 2012; baseline -0.001 -18"><span class='ocrx_word' id='word_1_353' title='bbox 2152 1960 2210 1995; x_wconf 83' lang='grc' dir='ltr'><strong>τε</strong></span> <span class='ocrx_word' id='word_1_354' title='bbox 2243 1942 2458 2012; x_wconf 76' lang='grc' dir='ltr'>καὶτῆς</span> <span class='ocrx_word' id='word_1_355' title='bbox 2495 1941 2666 2010; x_wconf 80' lang='grc' dir='ltr'>αὐτῆς</span> <span class='ocrx_word' id='word_1_356' title='bbox 2691 1941 2882 2006; x_wconf 79' lang='grc' dir='ltr'>οὐσίας</span> <span class='ocrx_word' id='word_1_357' title='bbox 2934 1942 3086 2006; x_wconf 70' lang='grc' dir='ltr'>ὄντα,</span> <span class='ocrx_word' id='word_1_358' title='bbox 3127 1943 3197 1994; x_wconf 85' lang='grc' dir='ltr'>τά</span> <span class='ocrx_word' id='word_1_359' title='bbox 3230 1960 3288 1994; x_wconf 87' lang='grc' dir='ltr'><strong>τε</strong></span> <span class='ocrx_word' id='word_1_360' title='bbox 3356 1943 3699 2011; x_wconf 68' lang='grc' dir='ltr'>παραγόμενι</span> 
     </span>
    </p>
   </div>
   <div class='ocr_carea' id='block_1_49' title="bbox 2151 2034 3697 2105">
    <p class='ocr_par' dir='ltr' id='par_1_49' title="bbox 2151 2034 3697 2105">
     <span class='ocr_line' id='line_1_49' title="bbox 2151 2034 3697 2105; baseline -0.003 -17"><span class='ocrx_word' id='word_1_361' title='bbox 2151 2036 2226 2105; x_wconf 76' lang='grc' dir='ltr'>τῷ</span> <span class='ocrx_word' id='word_1_362' title='bbox 2256 2036 2584 2105; x_wconf 81' lang='grc' dir='ltr'><strong>παράγοντι,</strong></span> <span class='ocrx_word' id='word_1_363' title='bbox 2646 2038 2740 2087; x_wconf 80' lang='grc' dir='ltr'>καὶ</span> <span class='ocrx_word' id='word_1_364' title='bbox 2772 2034 3023 2104; x_wconf 76' lang='grc' dir='ltr'><strong>ἀλλήλοις</strong></span> <span class='ocrx_word' id='word_1_365' title='bbox 3080 2037 3148 2087; x_wconf 86' lang='grc' dir='ltr'>τὰ</span> <span class='ocrx_word' id='word_1_366' title='bbox 3179 2035 3561 2103; x_wconf 70' lang='grc' dir='ltr'>παραγόμενοι,</span> <span class='ocrx_word' id='word_1_367' title='bbox 3614 2036 3697 2087; x_wconf 79' lang='grc' dir='ltr'>οὐκ</span> 
     </span>
    </p>
   </div>
   <div class='ocr_carea' id='block_1_50' title="bbox 2153 2123 3704 2198">
    <p class='ocr_par' dir='ltr' id='par_1_50' title="bbox 2153 2123 3704 2198">
     <span class='ocr_line' id='line_1_50' title="bbox 2153 2123 3704 2198; baseline 0.006 -18"><span class='ocrx_word' id='word_1_368' title='bbox 2153 2129 2217 2180; x_wconf 80' lang='grc' dir='ltr'>ἂν</span> <span class='ocrx_word' id='word_1_369' title='bbox 2242 2129 2416 2191; x_wconf 76' lang='grc' dir='ltr'>ἄλλως</span> <span class='ocrx_word' id='word_1_370' title='bbox 2444 2123 2550 2180; x_wconf 77' lang='grc' dir='ltr'>εἷεν</span> <span class='ocrx_word' id='word_1_371' title='bbox 2575 2128 2602 2196; x_wconf 76' lang='grc' dir='ltr'>ἢ</span> <span class='ocrx_word' id='word_1_372' title='bbox 2627 2128 2685 2179; x_wconf 83' lang='grc' dir='ltr'><strong>ἐκ</strong></span> <span class='ocrx_word' id='word_1_373' title='bbox 2714 2128 2811 2196; x_wconf 77' lang='grc' dir='ltr'><strong>τῆς</strong></span> <span class='ocrx_word' id='word_1_374' title='bbox 2842 2128 2934 2180; x_wconf 86' lang='grc' dir='ltr'><strong>τοῦ</strong></span> <span class='ocrx_word' id='word_1_375' title='bbox 2967 2128 3177 2198; x_wconf 60' lang='grc' dir='ltr'>Πατρός</span> <span class='ocrx_word' id='word_1_376' title='bbox 3210 2128 3422 2191; x_wconf 78' lang='grc' dir='ltr'>οὐσίας,</span> <span class='ocrx_word' id='word_1_377' title='bbox 3450 2127 3523 2192; x_wconf 82' lang='grc' dir='ltr'><strong>ὡς</strong></span> <span class='ocrx_word' id='word_1_378' title='bbox 3551 2128 3704 2196; x_wconf 72' lang='grc' dir='ltr'>ἀρχῆς</span> 
     </span>
    </p>
   </div>
   <div class='ocr_carea' id='block_1_51' title="bbox 2155 2217 3704 2292">
    <p class='ocr_par' dir='ltr' id='par_1_51' title="bbox 2155 2217 3704 2292">
     <span class='ocr_line' id='line_1_51' title="bbox 2155 2217 3704 2292; baseline -0.003 -20"><span class='ocrx_word' id='word_1_379' title='bbox 2155 2219 2248 2272; x_wconf 80' lang='grc' dir='ltr'>καὶ</span> <span class='ocrx_word' id='word_1_380' title='bbox 2264 2221 2566 2292; x_wconf 82' lang='grc' dir='ltr'>δυνάμεως,</span> <span class='ocrx_word' id='word_1_381' title='bbox 2589 2220 2622 2291; x_wconf 79' lang='grc' dir='ltr'>ἦ</span> <span class='ocrx_word' id='word_1_382' title='bbox 2655 2219 2778 2273; x_wconf 74' lang='grc' dir='ltr'>οὔτε</span> <span class='ocrx_word' id='word_1_383' title='bbox 2805 2221 3065 2290; x_wconf 83' lang='grc' dir='ltr'>παράγει,</span> <span class='ocrx_word' id='word_1_384' title='bbox 3093 2217 3216 2270; x_wconf 75' lang='grc' dir='ltr'>οὔτε</span> <span class='ocrx_word' id='word_1_385' title='bbox 3251 2219 3584 2288; x_wconf 71' lang='grc' dir='ltr'>παράγεται,</span> <span class='ocrx_word' id='word_1_386' title='bbox 3608 2220 3704 2272; x_wconf 77' lang='grc' dir='ltr'>οὐτ’</span> 
     </span>
    </p>
   </div>
   <div class='ocr_carea' id='block_1_52' title="bbox 2153 2309 3706 2384">
    <p class='ocr_par' dir='ltr' id='par_1_52' title="bbox 2153 2309 3706 2384">
     <span class='ocr_line' id='line_1_52' title="bbox 2153 2309 3706 2384; baseline -0.003 -19"><span class='ocrx_word' id='word_1_387' title='bbox 2153 2315 2210 2365; x_wconf 84' lang='grc' dir='ltr'>ἐν</span> <span class='ocrx_word' id='word_1_388' title='bbox 2231 2313 2306 2384; x_wconf 81' lang='grc' dir='ltr'>τῷ</span> <span class='ocrx_word' id='word_1_389' title='bbox 2331 2313 2389 2379; x_wconf 78' lang='grc' dir='ltr'><strong>ἐξ</strong></span> <span class='ocrx_word' id='word_1_390' title='bbox 2415 2311 2498 2377; x_wconf 78' lang='grc' dir='ltr'><strong>οὗ,</strong></span> <span class='ocrx_word' id='word_1_391' title='bbox 2527 2311 2638 2363; x_wconf 73' lang='grc' dir='ltr'>οὐτ’</span> <span class='ocrx_word' id='word_1_392' title='bbox 2667 2313 2724 2364; x_wconf 78' lang='grc' dir='ltr'><strong>ὲν</strong></span> <span class='ocrx_word' id='word_1_393' title='bbox 2740 2310 2818 2381; x_wconf 80' lang='grc' dir='ltr'>τῷ</span> <span class='ocrx_word' id='word_1_394' title='bbox 2839 2310 2975 2382; x_wconf 80' lang='grc' dir='ltr'>πρὸς</span> <span class='ocrx_word' id='word_1_395' title='bbox 2999 2309 3058 2365; x_wconf 82' lang='grc' dir='ltr'><strong>όν</strong></span> <span class='ocrx_word' id='word_1_396' title='bbox 3086 2310 3218 2380; x_wconf 82' lang='grc' dir='ltr'>ὅρῳ,</span> <span class='ocrx_word' id='word_1_397' title='bbox 3243 2312 3300 2361; x_wconf 82' lang='grc' dir='ltr'><strong>ἐν</strong></span> <span class='ocrx_word' id='word_1_398' title='bbox 3329 2310 3406 2379; x_wconf 82' lang='grc' dir='ltr'>τῷ</span> <span class='ocrx_word' id='word_1_399' title='bbox 3438 2313 3605 2379; x_wconf 58' lang='lat' dir='ltr'><strong>(largi.</strong></span> <span class='ocrx_word' id='word_1_400' title='bbox 3628 2310 3706 2378; x_wconf 75' lang='grc' dir='ltr'><strong>δη·</strong></span> 
     </span>
    </p>
   </div>
   <div class='ocr_carea' id='block_1_53' title="bbox 2152 2403 3705 2475">
    <p class='ocr_par' dir='ltr' id='par_1_53' title="bbox 2152 2403 3705 2475">
     <span class='ocr_line' id='line_1_53' title="bbox 2152 2403 3705 2475; baseline -0.002 -20"><span class='ocrx_word' id='word_1_401' title='bbox 2152 2405 2284 2475; x_wconf 72' lang='grc' dir='ltr'>ὶαδὴ</span> <span class='ocrx_word' id='word_1_402' title='bbox 2315 2403 2446 2457; x_wconf 83' lang='grc' dir='ltr'>οῦσα</span> <span class='ocrx_word' id='word_1_403' title='bbox 2476 2406 2572 2456; x_wconf 79' lang='grc' dir='ltr'>καὶ</span> <span class='ocrx_word' id='word_1_404' title='bbox 2603 2406 2660 2456; x_wconf 77' lang='grc' dir='ltr'><strong>ἐν</strong></span> <span class='ocrx_word' id='word_1_405' title='bbox 2697 2403 2832 2474; x_wconf 80' lang='grc' dir='ltr'><strong>Υίῷ,</strong></span> <span class='ocrx_word' id='word_1_406' title='bbox 2879 2403 2974 2456; x_wconf 72' lang='grc' dir='ltr'>καὶ</span> <span class='ocrx_word' id='word_1_407' title='bbox 3042 2403 3120 2472; x_wconf 78' lang='grc' dir='ltr'>τῷ</span> <span class='ocrx_word' id='word_1_408' title='bbox 3161 2404 3468 2470; x_wconf 71' lang='grc' dir='ltr'>Πνεῦματι,</span> <span class='ocrx_word' id='word_1_409' title='bbox 3521 2407 3611 2453; x_wconf 72' lang='grc' dir='ltr'>καὶ</span> 
     </span>
    </p>
   </div>
   <div class='ocr_carea' id='block_1_54' title="bbox 2152 2492 3708 2571">
    <p class='ocr_par' dir='ltr' id='par_1_54' title="bbox 2152 2492 3708 2571">
     <span class='ocr_line' id='line_1_54' title="bbox 2152 2492 3708 2571; baseline -0.004 -18"><span class='ocrx_word' id='word_1_410' title='bbox 2152 2501 2296 2571; x_wconf 78' lang='grc' dir='ltr'><strong>ἀρχὴ</strong></span> <span class='ocrx_word' id='word_1_411' title='bbox 2330 2501 2426 2553; x_wconf 74' lang='grc' dir='ltr'><strong>καὶ</strong></span> <span class='ocrx_word' id='word_1_412' title='bbox 2450 2500 2524 2563; x_wconf 85' lang='grc' dir='ltr'>ὡς</span> <span class='ocrx_word' id='word_1_413' title='bbox 2556 2492 2696 2564; x_wconf 83' lang='grc' dir='ltr'>εἶδος</span> <span class='ocrx_word' id='word_1_414' title='bbox 2742 2499 2803 2552; x_wconf 86' lang='grc' dir='ltr'><strong>τό</strong></span> <span class='ocrx_word' id='word_1_415' title='bbox 2833 2516 2896 2566; x_wconf 90' lang='grc' dir='ltr'><strong>γε</strong></span> <span class='ocrx_word' id='word_1_416' title='bbox 2922 2499 3223 2569; x_wconf 82' lang='grc' dir='ltr'><strong>διδόμενον.</strong></span> <span class='ocrx_word' id='word_1_417' title='bbox 3274 2497 3439 2549; x_wconf 69' lang='grc' dir='ltr'><strong>’Λλλτὶ</strong></span> <span class='ocrx_word' id='word_1_418' title='bbox 3471 2501 3576 2567; x_wconf 70' lang='grc' dir='ltr'>μὴν</span> <span class='ocrx_word' id='word_1_419' title='bbox 3627 2502 3708 2557; x_wconf 64' lang='grc' dir='ltr'>τξς</span> 
     </span>
    </p>
   </div>
   <div class='ocr_carea' id='block_1_55' title="bbox 2151 2589 3712 2662">
    <p class='ocr_par' dir='ltr' id='par_1_55' title="bbox 2151 2589 3712 2662">
     <span class='ocr_line' id='line_1_55' title="bbox 2151 2589 3712 2662; baseline -0.001 -18"><span class='ocrx_word' id='word_1_420' title='bbox 2151 2593 2246 2645; x_wconf 81' lang='grc' dir='ltr'><strong>τοῦ</strong></span> <span class='ocrx_word' id='word_1_421' title='bbox 2301 2593 2515 2662; x_wconf 87' lang='grc' dir='ltr'>Πατρὸς</span> <span class='ocrx_word' id='word_1_422' title='bbox 2548 2592 2902 2656; x_wconf 82' lang='grc' dir='ltr'>ὑποστάσεως</span> <span class='ocrx_word' id='word_1_423' title='bbox 2927 2591 3025 2659; x_wconf 79' lang='grc' dir='ltr'>τῆς</span> <span class='ocrx_word' id='word_1_424' title='bbox 3057 2590 3227 2660; x_wconf 81' lang='grc' dir='ltr'>αὐτῆς</span> <span class='ocrx_word' id='word_1_425' title='bbox 3259 2589 3453 2660; x_wconf 75' lang='grc' dir='ltr'>οὔσης,</span> <span class='ocrx_word' id='word_1_426' title='bbox 3479 2593 3565 2644; x_wconf 79' lang='grc' dir='ltr'><strong>ὅτε</strong></span> <span class='ocrx_word' id='word_1_427' title='bbox 3591 2608 3712 2660; x_wconf 67' lang='grc' dir='ltr'>παρ-</span> 
     </span>
    </p>
   </div>
   <div class='ocr_carea' id='block_1_56' title="bbox 2154 2683 3710 2753">
    <p class='ocr_par' dir='ltr' id='par_1_56' title="bbox 2154 2683 3710 2753">
     <span class='ocr_line' id='line_1_56' title="bbox 2154 2683 3710 2753; baseline -0.002 -17"><span class='ocrx_word' id='word_1_428' title='bbox 2154 2686 2274 2750; x_wconf 83' lang='grc' dir='ltr'>άγει</span> <span class='ocrx_word' id='word_1_429' title='bbox 2299 2686 2366 2737; x_wconf 79' lang='grc' dir='ltr'>τὰ</span> <span class='ocrx_word' id='word_1_430' title='bbox 2390 2685 2675 2753; x_wconf 86' lang='grc' dir='ltr'>πρόσωπα,</span> <span class='ocrx_word' id='word_1_431' title='bbox 2710 2683 2806 2736; x_wconf 72' lang='grc' dir='ltr'>καὶ</span> <span class='ocrx_word' id='word_1_432' title='bbox 2832 2683 2931 2751; x_wconf 82' lang='grc' dir='ltr'>τῆς</span> <span class='ocrx_word' id='word_1_433' title='bbox 2960 2683 3150 2746; x_wconf 78' lang='grc' dir='ltr'>οὐσίας</span> <span class='ocrx_word' id='word_1_434' title='bbox 3187 2685 3319 2751; x_wconf 80' lang='grc' dir='ltr'>μιᾶς</span> <span class='ocrx_word' id='word_1_435' title='bbox 3359 2683 3457 2734; x_wconf 76' lang='grc' dir='ltr'><strong>καὶ</strong></span> <span class='ocrx_word' id='word_1_436' title='bbox 3502 2683 3600 2751; x_wconf 79' lang='grc' dir='ltr'>τῆς</span> <span class='ocrx_word' id='word_1_437' title='bbox 3628 2683 3710 2733; x_wconf 74' lang='grc' dir='ltr'><strong>αξ.-</strong></span> 
     </span>
    </p>
   </div>
   <div class='ocr_carea' id='block_1_57' title="bbox 2152 2777 3706 2852">
    <p class='ocr_par' dir='ltr' id='par_1_57' title="bbox 2152 2777 3706 2852">
     <span class='ocr_line' id='line_1_57' title="bbox 2152 2777 3706 2852; baseline -0.001 -20"><span class='ocrx_word' id='word_1_438' title='bbox 2152 2782 2248 2848; x_wconf 72' lang='grc' dir='ltr'>τῆς</span> <span class='ocrx_word' id='word_1_439' title='bbox 2285 2777 2351 2834; x_wconf 80' lang='grc' dir='ltr'>αὖ</span> <span class='ocrx_word' id='word_1_440' title='bbox 2374 2781 2536 2834; x_wconf 75' lang='grc' dir='ltr'>πάλιν</span> <span class='ocrx_word' id='word_1_441' title='bbox 2564 2780 2735 2852; x_wconf 81' lang='grc' dir='ltr'>οῠσης</span> <span class='ocrx_word' id='word_1_442' title='bbox 2762 2780 2936 2851; x_wconf 81' lang='grc' dir='ltr'>ἀρχῆς</span> <span class='ocrx_word' id='word_1_443' title='bbox 2963 2779 3056 2834; x_wconf 73' lang='grc' dir='ltr'>καὶ</span> <span class='ocrx_word' id='word_1_444' title='bbox 3085 2778 3392 2849; x_wconf 79' lang='grc' dir='ltr'>δυνάμεως,</span> <span class='ocrx_word' id='word_1_445' title='bbox 3426 2779 3494 2831; x_wconf 69' lang='grc' dir='ltr'>τὰ</span> <span class='ocrx_word' id='word_1_446' title='bbox 3551 2796 3706 2848; x_wconf 75' lang='grc' dir='ltr'>παρτι-</span> 
     </span>
    </p>
   </div>
   <div class='ocr_carea' id='block_1_58' title="bbox 2154 2868 3711 2943">
    <p class='ocr_par' dir='ltr' id='par_1_58' title="bbox 2154 2868 3711 2943">
     <span class='ocr_line' id='line_1_58' title="bbox 2154 2868 3711 2943; baseline -0.004 -17"><span class='ocrx_word' id='word_1_447' title='bbox 2154 2875 2360 2942; x_wconf 81' lang='grc' dir='ltr'>γόμενα</span> <span class='ocrx_word' id='word_1_448' title='bbox 2381 2875 2448 2926; x_wconf 81' lang='grc' dir='ltr'>τὰ</span> <span class='ocrx_word' id='word_1_449' title='bbox 2479 2875 2618 2928; x_wconf 80' lang='grc' dir='ltr'>αὐτὰ</span> <span class='ocrx_word' id='word_1_450' title='bbox 2642 2873 2706 2926; x_wconf 81' lang='grc' dir='ltr'>ἂν</span> <span class='ocrx_word' id='word_1_451' title='bbox 2730 2868 2796 2943; x_wconf 85' lang='grc' dir='ltr'><strong>ἦν</strong></span> <span class='ocrx_word' id='word_1_452' title='bbox 2827 2873 3008 2942; x_wconf 76' lang='grc' dir='ltr'>πάντη</span> <span class='ocrx_word' id='word_1_453' title='bbox 3038 2872 3278 2935; x_wconf 72' lang='grc' dir='ltr'>πάντως.</span> <span class='ocrx_word' id='word_1_454' title='bbox 3312 2871 3535 2924; x_wconf 70' lang='grc' dir='ltr'>Μᾶλλον</span> <span class='ocrx_word' id='word_1_455' title='bbox 3565 2872 3619 2922; x_wconf 80' lang='grc' dir='ltr'><strong>δὲ</strong></span> <span class='ocrx_word' id='word_1_456' title='bbox 3662 2871 3711 2922; x_wconf 72' lang='grc' dir='ltr'><strong>ἓν</strong></span> 
     </span>
    </p>
   </div>
   <div class='ocr_carea' id='block_1_59' title="bbox 2152 2964 3710 3039">
    <p class='ocr_par' dir='ltr' id='par_1_59' title="bbox 2152 2964 3710 3039">
     <span class='ocr_line' id='line_1_59' title="bbox 2152 2964 3710 3039; baseline 0.01 -20"><span class='ocrx_word' id='word_1_457' title='bbox 2152 2969 2218 3021; x_wconf 79' lang='grc' dir='ltr'>ἂν</span> <span class='ocrx_word' id='word_1_458' title='bbox 2247 2964 2314 3038; x_wconf 83' lang='grc' dir='ltr'>ἦν</span> <span class='ocrx_word' id='word_1_459' title='bbox 2349 2968 2425 3039; x_wconf 82' lang='grc' dir='ltr'><strong>τῷ</strong></span> <span class='ocrx_word' id='word_1_460' title='bbox 2451 2968 2564 3021; x_wconf 77' lang='grc' dir='ltr'>ὄντι</span> <span class='ocrx_word' id='word_1_461' title='bbox 2586 2968 2644 3020; x_wconf 81' lang='grc' dir='ltr'><strong>τὸ</strong></span> <span class='ocrx_word' id='word_1_462' title='bbox 2674 2967 3057 3038; x_wconf 83' lang='grc' dir='ltr'>παραγόμενον</span> <span class='ocrx_word' id='word_1_463' title='bbox 3094 2967 3415 3037; x_wconf 79' lang='grc' dir='ltr'>πρόσωπον.</span> <span class='ocrx_word' id='word_1_464' title='bbox 3468 2966 3515 3018; x_wconf 69' lang='grc' dir='ltr'><strong>εί</strong></span> <span class='ocrx_word' id='word_1_465' title='bbox 3552 2967 3624 3036; x_wconf 66' lang='grc' dir='ltr'><strong>μὴ</strong></span> <span class='ocrx_word' id='word_1_466' title='bbox 3655 2967 3710 3034; x_wconf 72' lang='grc' dir='ltr'><strong>τῇ</strong></span> 
     </span>
    </p>
   </div>
   <div class='ocr_carea' id='block_1_60' title="bbox 2153 3053 3711 3130">
    <p class='ocr_par' dir='ltr' id='par_1_60' title="bbox 2153 3053 3711 3130">
     <span class='ocr_line' id='line_1_60' title="bbox 2153 3053 3711 3130; baseline -0.001 -18"><span class='ocrx_word' id='word_1_467' title='bbox 2153 3060 2308 3130; x_wconf 78' lang='grc' dir='ltr'>οὐσίᾳ</span> <span class='ocrx_word' id='word_1_468' title='bbox 2381 3059 2476 3113; x_wconf 78' lang='grc' dir='ltr'>καὶ</span> <span class='ocrx_word' id='word_1_469' title='bbox 2521 3058 2637 3114; x_wconf 82' lang='grc' dir='ltr'><strong>ἄλλ’</strong></span> <span class='ocrx_word' id='word_1_470' title='bbox 2665 3060 2802 3113; x_wconf 78' lang='grc' dir='ltr'>ἄττα</span> <span class='ocrx_word' id='word_1_471' title='bbox 2849 3056 3040 3128; x_wconf 72' lang='grc' dir='ltr'>ξυνῆν.</span> <span class='ocrx_word' id='word_1_472' title='bbox 3101 3057 3169 3111; x_wconf 79' lang='grc' dir='ltr'><strong>δι’</strong></span> <span class='ocrx_word' id='word_1_473' title='bbox 3207 3053 3282 3112; x_wconf 78' lang='grc' dir='ltr'>ὧν</span> <span class='ocrx_word' id='word_1_474' title='bbox 3315 3057 3567 3126; x_wconf 71' lang='grc' dir='ltr'>διάφοροί</span> <span class='ocrx_word' id='word_1_475' title='bbox 3609 3073 3711 3118; x_wconf 81' lang='grc' dir='ltr'><strong>πως</strong></span> 
     </span>
    </p>
   </div>
   <div class='ocr_carea' id='block_1_61' title="bbox 466 3137 2046 3222">
    <p class='ocr_par' dir='ltr' id='par_1_61' title="bbox 466 3137 2046 3208">
     <span class='ocr_line' id='line_1_61' title="bbox 466 3137 2046 3208; baseline -0.001 -15"><span class='ocrx_word' id='word_1_476' title='bbox 466 3148 629 3202; x_wconf 88' lang='lat' dir='ltr'><strong>sent,</strong></span> <span class='ocrx_word' id='word_1_477' title='bbox 679 3153 778 3208; x_wconf 88' lang='lat' dir='ltr'><strong>per</strong></span> <span class='ocrx_word' id='word_1_478' title='bbox 835 3151 958 3207; x_wconf 68' lang='lat' dir='ltr'><strong>quae</strong></span> <span class='ocrx_word' id='word_1_479' title='bbox 1015 3137 1422 3206; x_wconf 80' lang='lat' dir='ltr'><strong>quodammodo</strong></span> <span class='ocrx_word' id='word_1_480' title='bbox 1466 3137 1758 3193; x_wconf 80' lang='lat' dir='ltr'><strong>facultates</strong></span> <span class='ocrx_word' id='word_1_481' title='bbox 1816 3137 2046 3192; x_wconf 73' lang='lat' dir='ltr'><strong>diversaa</strong></span> 
     </span>
    </p>
   </div>
   <div class='ocr_carea' id='block_1_62' title="bbox 2155 3137 3711 3222">
    <p class='ocr_par' dir='ltr' id='par_1_62' title="bbox 2155 3146 3711 3222">
     <span class='ocr_line' id='line_1_62' title="bbox 2155 3146 3711 3222; baseline -0.003 -15"><span class='ocrx_word' id='word_1_482' title='bbox 2155 3152 2378 3221; x_wconf 80' lang='grc' dir='ltr'>γένοιντ’</span> <span class='ocrx_word' id='word_1_483' title='bbox 2409 3153 2474 3206; x_wconf 84' lang='grc' dir='ltr'>ἂν</span> <span class='ocrx_word' id='word_1_484' title='bbox 2499 3155 2557 3206; x_wconf 74' lang='grc' dir='ltr'>αι</span> <span class='ocrx_word' id='word_1_485' title='bbox 2577 3153 2859 3222; x_wconf 74' lang='grc' dir='ltr'>δυνάμεις,</span> <span class='ocrx_word' id='word_1_486' title='bbox 2905 3146 2994 3215; x_wconf 81' lang='grc' dir='ltr'>αἷς</span> <span class='ocrx_word' id='word_1_487' title='bbox 3027 3150 3156 3216; x_wconf 78' lang='grc' dir='ltr'>Υἱὸς</span> <span class='ocrx_word' id='word_1_488' title='bbox 3188 3155 3282 3208; x_wconf 71' lang='grc' dir='ltr'><strong>καὶ</strong></span> <span class='ocrx_word' id='word_1_489' title='bbox 3318 3152 3544 3222; x_wconf 83' lang='grc' dir='ltr'>Πνεῦμα</span> <span class='ocrx_word' id='word_1_490' title='bbox 3585 3168 3711 3221; x_wconf 73' lang='grc' dir='ltr'>παρ-</span> 
     </span>
    </p>
   </div>
   <div class='ocr_carea' id='block_1_63' title="bbox 469 3226 2049 3298">
    <p class='ocr_par' dir='ltr' id='par_1_63' title="bbox 469 3226 2049 3298">
     <span class='ocr_line' id='line_1_63' title="bbox 469 3226 2049 3298; baseline -0.001 -16"><span class='ocrx_word' id='word_1_491' title='bbox 469 3230 690 3294; x_wconf 84' lang='lat' dir='ltr'><strong>ﬁercnt,</strong></span> <span class='ocrx_word' id='word_1_492' title='bbox 731 3228 936 3298; x_wconf 87' lang='lat' dir='ltr'><strong>quibus</strong></span> <span class='ocrx_word' id='word_1_493' title='bbox 985 3227 1155 3282; x_wconf 90' lang='lat' dir='ltr'><strong>Filius</strong></span> <span class='ocrx_word' id='word_1_494' title='bbox 1186 3237 1241 3282; x_wconf 87' lang='lat' dir='ltr'><strong>et</strong></span> <span class='ocrx_word' id='word_1_495' title='bbox 1278 3227 1516 3298; x_wconf 83' lang='lat' dir='ltr'><strong>Spiritus</strong></span> <span class='ocrx_word' id='word_1_496' title='bbox 1544 3231 1948 3296; x_wconf 90' lang='lat' dir='ltr'><strong>producuntur.</strong></span> <span class='ocrx_word' id='word_1_497' title='bbox 1983 3226 2049 3280; x_wconf 87' lang='lat' dir='ltr'><strong>Et</strong></span> 
     </span>
    </p>
   </div>
   <div class='ocr_carea' id='block_1_64' title="bbox 468 3318 2050 3388">
    <p class='ocr_par' dir='ltr' id='par_1_64' title="bbox 468 3318 2050 3388">
     <span class='ocr_line' id='line_1_64' title="bbox 468 3318 2050 3388; baseline -0.001 -14"><span class='ocrx_word' id='word_1_498' title='bbox 468 3323 584 3376; x_wconf 71' lang='lat' dir='ltr'><strong>haec</strong></span> <span class='ocrx_word' id='word_1_499' title='bbox 633 3321 839 3375; x_wconf 88' lang='lat' dir='ltr'><strong>fuerint</strong></span> <span class='ocrx_word' id='word_1_500' title='bbox 885 3320 1202 3374; x_wconf 86' lang='lat' dir='ltr'><strong>intellectus</strong></span> <span class='ocrx_word' id='word_1_501' title='bbox 1244 3327 1301 3374; x_wconf 86' lang='lat' dir='ltr'><strong>et</strong></span> <span class='ocrx_word' id='word_1_502' title='bbox 1351 3318 1602 3373; x_wconf 78' lang='lat' dir='ltr'><strong>voluntas</strong></span> <span class='ocrx_word' id='word_1_503' title='bbox 1633 3357 1647 3382; x_wconf 91' lang='lat'><strong>,</strong></span> <span class='ocrx_word' id='word_1_504' title='bbox 1695 3319 1785 3373; x_wconf 90' lang='lat' dir='ltr'><strong>illa</strong></span> <span class='ocrx_word' id='word_1_505' title='bbox 1829 3319 2050 3388; x_wconf 89' lang='lat' dir='ltr'><strong>quidem</strong></span> 
     </span>
    </p>
   </div>
   <div class='ocr_carea' id='block_1_65' title="bbox 465 3411 2050 3481">
    <p class='ocr_par' dir='ltr' id='par_1_65' title="bbox 465 3411 2050 3481">
     <span class='ocr_line' id='line_1_65' title="bbox 465 3411 2050 3481; baseline -0.001 -14"><span class='ocrx_word' id='word_1_506' title='bbox 465 3415 632 3468; x_wconf 88' lang='lat' dir='ltr'><strong>simul</strong></span> <span class='ocrx_word' id='word_1_507' title='bbox 661 3429 785 3469; x_wconf 91' lang='lat' dir='ltr'><strong>cum</strong></span> <span class='ocrx_word' id='word_1_508' title='bbox 803 3412 1043 3468; x_wconf 84' lang='lat' dir='ltr'><strong>essentia</strong></span> <span class='ocrx_word' id='word_1_509' title='bbox 1076 3412 1404 3481; x_wconf 87' lang='lat' dir='ltr'><strong>principium</strong></span> <span class='ocrx_word' id='word_1_510' title='bbox 1429 3422 1484 3466; x_wconf 82' lang='lat' dir='ltr'><strong>et</strong></span> <span class='ocrx_word' id='word_1_511' title='bbox 1503 3411 1732 3467; x_wconf 86' lang='lat' dir='ltr'><strong>facultas</strong></span> <span class='ocrx_word' id='word_1_512' title='bbox 1757 3413 2050 3478; x_wconf 83' lang='lat' dir='ltr'><strong>cxsistens,</strong></span> 
     </span>
    </p>
   </div>
   <div class='ocr_carea' id='block_1_66' title="bbox 470 3502 2052 3577">
    <p class='ocr_par' dir='ltr' id='par_1_66' title="bbox 470 3502 2052 3577">
     <span class='ocr_line' id='line_1_66' title="bbox 470 3502 2052 3577; baseline -0.003 -17"><span class='ocrx_word' id='word_1_513' title='bbox 470 3524 566 3577; x_wconf 89' lang='lat' dir='ltr'><strong>per</strong></span> <span class='ocrx_word' id='word_1_514' title='bbox 598 3507 872 3562; x_wconf 88' lang='lat' dir='ltr'><strong>actionem</strong></span> <span class='ocrx_word' id='word_1_515' title='bbox 929 3504 1304 3573; x_wconf 81' lang='lat' dir='ltr'><strong>generationis</strong></span> <span class='ocrx_word' id='word_1_516' title='bbox 1353 3503 1676 3573; x_wconf 89' lang='lat' dir='ltr'><strong>productiva</strong></span> <span class='ocrx_word' id='word_1_517' title='bbox 1725 3502 1886 3566; x_wconf 85' lang='lat' dir='ltr'><strong>Filii,</strong></span> <span class='ocrx_word' id='word_1_518' title='bbox 1922 3519 2052 3572; x_wconf 91' lang='lat' dir='ltr'><strong>pro-</strong></span> 
     </span>
    </p>
   </div>
   <div class='ocr_carea' id='block_1_67' title="bbox 472 3593 2050 3668">
    <p class='ocr_par' dir='ltr' id='par_1_67' title="bbox 472 3593 2050 3668">
     <span class='ocr_line' id='line_1_67' title="bbox 472 3593 2050 3668; baseline -0.001 -16"><span class='ocrx_word' id='word_1_519' title='bbox 472 3608 768 3668; x_wconf 87' lang='lat' dir='ltr'><strong>ptereaque</strong></span> <span class='ocrx_word' id='word_1_520' title='bbox 802 3595 1042 3651; x_wconf 79' lang='lat' dir='ltr'><strong>Verbum</strong></span> <span class='ocrx_word' id='word_1_521' title='bbox 1081 3594 1176 3651; x_wconf 86' lang='lat' dir='ltr'><strong>Dei</strong></span> <span class='ocrx_word' id='word_1_522' title='bbox 1218 3593 1393 3651; x_wconf 87' lang='lat' dir='ltr'><strong>Filius</strong></span> <span class='ocrx_word' id='word_1_523' title='bbox 1421 3611 1450 3650; x_wconf 92' lang='lat' dir='ltr'><strong>a</strong></span> <span class='ocrx_word' id='word_1_524' title='bbox 1500 3597 1810 3668; x_wconf 89' lang='lat' dir='ltr'><strong>theologico</strong></span> <span class='ocrx_word' id='word_1_525' title='bbox 1845 3597 2050 3651; x_wconf 90' lang='lat' dir='ltr'><strong>tonitru</strong></span> 
     </span>
    </p>
   </div>
   <div class='ocr_carea' id='block_1_68' title="bbox 474 3685 2047 3756">
    <p class='ocr_par' dir='ltr' id='par_1_68' title="bbox 474 3685 2047 3756">
     <span class='ocr_line' id='line_1_68' title="bbox 474 3685 2047 3756; baseline -0.001 -16"><span class='ocrx_word' id='word_1_526' title='bbox 474 3698 845 3756; x_wconf 84' lang='lat' dir='ltr'><strong>nuncupatur.</strong></span> <span class='ocrx_word' id='word_1_527' title='bbox 896 3686 1060 3742; x_wconf 87' lang='lat' dir='ltr'><strong>Fetus</strong></span> <span class='ocrx_word' id='word_1_528' title='bbox 1109 3685 1254 3740; x_wconf 90' lang='lat' dir='ltr'><strong>enim</strong></span> <span class='ocrx_word' id='word_1_529' title='bbox 1301 3686 1613 3741; x_wconf 89' lang='lat' dir='ltr'><strong>intellectus</strong></span> <span class='ocrx_word' id='word_1_530' title='bbox 1657 3696 1741 3740; x_wconf 90' lang='lat' dir='ltr'><strong>est</strong></span> <span class='ocrx_word' id='word_1_531' title='bbox 1790 3687 2047 3740; x_wconf 81' lang='lat' dir='ltr'><strong>Verbum.</strong></span> 
     </span>
    </p>
   </div>
   <div class='ocr_carea' id='block_1_69' title="bbox 473 3779 2049 3850">
    <p class='ocr_par' dir='ltr' id='par_1_69' title="bbox 473 3779 2049 3850">
     <span class='ocr_line' id='line_1_69' title="bbox 473 3779 2049 3850; baseline -0.001 -16"><span class='ocrx_word' id='word_1_532' title='bbox 473 3781 736 3836; x_wconf 78' lang='lat' dir='ltr'><strong>Voluntas</strong></span> <span class='ocrx_word' id='word_1_533' title='bbox 771 3797 901 3834; x_wconf 87' lang='lat' dir='ltr'><strong>vero</strong></span> <span class='ocrx_word' id='word_1_534' title='bbox 927 3781 1090 3835; x_wconf 86' lang='lat' dir='ltr'><strong>simul</strong></span> <span class='ocrx_word' id='word_1_535' title='bbox 1130 3796 1256 3834; x_wconf 89' lang='lat' dir='ltr'><strong>cum</strong></span> <span class='ocrx_word' id='word_1_536' title='bbox 1301 3781 1419 3850; x_wconf 83' lang='lat' dir='ltr'><strong>ipsa</strong></span> <span class='ocrx_word' id='word_1_537' title='bbox 1451 3783 1689 3836; x_wconf 78' lang='lat' dir='ltr'><strong>essentia</strong></span> <span class='ocrx_word' id='word_1_538' title='bbox 1717 3779 2049 3849; x_wconf 82' lang='lat' dir='ltr'><strong>principium</strong></span> 
     </span>
    </p>
   </div>
   <div class='ocr_carea' id='block_1_70' title="bbox 470 3869 2047 3941">
    <p class='ocr_par' dir='ltr' id='par_1_70' title="bbox 470 3869 2047 3941">
     <span class='ocr_line' id='line_1_70' title="bbox 470 3869 2047 3941; baseline 0.001 -16"><span class='ocrx_word' id='word_1_539' title='bbox 470 3883 525 3925; x_wconf 89' lang='lat' dir='ltr'><strong>ct</strong></span> <span class='ocrx_word' id='word_1_540' title='bbox 558 3873 787 3928; x_wconf 75' lang='lat' dir='ltr'><strong>facultas</strong></span> <span class='ocrx_word' id='word_1_541' title='bbox 813 3872 1085 3926; x_wconf 83' lang='lat' dir='ltr'><strong>cxsistens</strong></span> <span class='ocrx_word' id='word_1_542' title='bbox 1115 3869 1211 3940; x_wconf 81' lang='lat' dir='ltr'><strong>per</strong></span> <span class='ocrx_word' id='word_1_543' title='bbox 1241 3872 1619 3940; x_wconf 79' lang='lat' dir='ltr'><strong>operationem</strong></span> <span class='ocrx_word' id='word_1_544' title='bbox 1648 3872 2047 3941; x_wconf 86' lang='lat' dir='ltr'><strong>productionis,</strong></span> 
     </span>
    </p>
   </div>
   <div class='ocr_carea' id='block_1_71' title="bbox 471 3963 2050 4034">
    <p class='ocr_par' dir='ltr' id='par_1_71' title="bbox 471 3963 2050 4034">
     <span class='ocr_line' id='line_1_71' title="bbox 471 3963 2050 4034; baseline 0.001 -16"><span class='ocrx_word' id='word_1_545' title='bbox 471 3965 585 4018; x_wconf 83' lang='lat' dir='ltr'><strong>sive</strong></span> <span class='ocrx_word' id='word_1_546' title='bbox 647 3964 964 4034; x_wconf 85' lang='lat' dir='ltr'><strong>spirationis</strong></span> <span class='ocrx_word' id='word_1_547' title='bbox 1030 3963 1353 4034; x_wconf 85' lang='lat' dir='ltr'><strong>productiva</strong></span> <span class='ocrx_word' id='word_1_548' title='bbox 1425 3965 1737 4034; x_wconf 83' lang='lat' dir='ltr'><strong>hypostasis</strong></span> <span class='ocrx_word' id='word_1_549' title='bbox 1810 3964 2050 4034; x_wconf 79' lang='lat' dir='ltr'><strong>Spiritus</strong></span> 
     </span>
    </p>
   </div>
   <div class='ocr_carea' id='block_1_72' title="bbox 471 4058 2051 4126">
    <p class='ocr_par' dir='ltr' id='par_1_72' title="bbox 471 4058 2051 4126">
     <span class='ocr_line' id='line_1_72' title="bbox 471 4058 2051 4126; baseline 0.001 -12"><span class='ocrx_word' id='word_1_550' title='bbox 471 4060 664 4123; x_wconf 89' lang='lat' dir='ltr'><strong>sancti,</strong></span> <span class='ocrx_word' id='word_1_551' title='bbox 699 4075 809 4112; x_wconf 89' lang='lat' dir='ltr'><strong>non</strong></span> <span class='ocrx_word' id='word_1_552' title='bbox 848 4069 904 4113; x_wconf 91' lang='lat' dir='ltr'><strong>ut</strong></span> <span class='ocrx_word' id='word_1_553' title='bbox 932 4058 1268 4126; x_wconf 72' lang='lat' dir='ltr'><strong>principium</strong></span> <span class='ocrx_word' id='word_1_554' title='bbox 1297 4059 1550 4118; x_wconf 82' lang='lat' dir='ltr'><strong>liberum.</strong></span> <span class='ocrx_word' id='word_1_555' title='bbox 1585 4059 1680 4113; x_wconf 88' lang='lat' dir='ltr'><strong>sed</strong></span> <span class='ocrx_word' id='word_1_556' title='bbox 1712 4069 1771 4113; x_wconf 93' lang='lat' dir='ltr'><strong>ut</strong></span> <span class='ocrx_word' id='word_1_557' title='bbox 1801 4076 2051 4115; x_wconf 88' lang='lat' dir='ltr'><strong>necessa-</strong></span> 
     </span>
    </p>
   </div>
   <div class='ocr_carea' id='block_1_73' title="bbox 473 4151 2047 4224">
    <p class='ocr_par' dir='ltr' id='par_1_73' title="bbox 473 4151 2047 4224">
     <span class='ocr_line' id='line_1_73' title="bbox 473 4151 2047 4224; baseline 0.002 -20"><span class='ocrx_word' id='word_1_558' title='bbox 473 4156 615 4204; x_wconf 81' lang='lat' dir='ltr'><strong>rium</strong></span> <span class='ocrx_word' id='word_1_559' title='bbox 655 4163 710 4204; x_wconf 88' lang='lat' dir='ltr'><strong>et</strong></span> <span class='ocrx_word' id='word_1_560' title='bbox 741 4151 1007 4205; x_wconf 78' lang='lat' dir='ltr'><strong>naturalis</strong></span> <span class='ocrx_word' id='word_1_561' title='bbox 1037 4151 1286 4218; x_wconf 70' lang='lat' dir='ltr'><strong>quaedam</strong></span> <span class='ocrx_word' id='word_1_562' title='bbox 1337 4151 1568 4207; x_wconf 79' lang='lat' dir='ltr'><strong>facultas</strong></span> <span class='ocrx_word' id='word_1_563' title='bbox 1597 4163 1653 4207; x_wconf 86' lang='lat' dir='ltr'><strong>et</strong></span> <span class='ocrx_word' id='word_1_564' title='bbox 1693 4155 2047 4224; x_wconf 85' lang='lat' dir='ltr'><strong>principium,</strong></span> 
     </span>
    </p>
   </div>
   <div class='ocr_carea' id='block_1_74' title="bbox 471 4241 2050 4316">
    <p class='ocr_par' dir='ltr' id='par_1_74' title="bbox 471 4241 2050 4316">
     <span class='ocr_line' id='line_1_74' title="bbox 471 4241 2050 4316; baseline 0.007 -26"><span class='ocrx_word' id='word_1_565' title='bbox 471 4249 869 4310; x_wconf 86' lang='lat' dir='ltr'><strong>prOptereaquc</strong></span> <span class='ocrx_word' id='word_1_566' title='bbox 941 4256 971 4294; x_wconf 91' lang='lat' dir='ltr'><strong>a</strong></span> <span class='ocrx_word' id='word_1_567' title='bbox 1019 4241 1285 4310; x_wconf 85' lang='lat' dir='ltr'><strong>theologis</strong></span> <span class='ocrx_word' id='word_1_568' title='bbox 1337 4259 1490 4298; x_wconf 88' lang='lat' dir='ltr'><strong>amor</strong></span> <span class='ocrx_word' id='word_1_569' title='bbox 1536 4246 1758 4299; x_wconf 85' lang='lat' dir='ltr'><strong>divinus</strong></span> <span class='ocrx_word' id='word_1_570' title='bbox 1811 4246 2050 4316; x_wconf 83' lang='lat' dir='ltr'><strong>Spiritus</strong></span> 
     </span>
    </p>
   </div>
   <div class='ocr_carea' id='block_1_75' title="bbox 471 4331 2050 4400">
    <p class='ocr_par' dir='ltr' id='par_1_75' title="bbox 471 4331 2050 4400">
     <span class='ocr_line' id='line_1_75' title="bbox 471 4331 2050 4400; baseline 0.006 -16"><span class='ocrx_word' id='word_1_571' title='bbox 471 4331 795 4400; x_wconf 85' lang='lat' dir='ltr'><strong>appellatur.</strong></span> <span class='ocrx_word' id='word_1_572' title='bbox 831 4333 1016 4387; x_wconf 83' lang='lat' dir='ltr'><strong>Virtus</strong></span> <span class='ocrx_word' id='word_1_573' title='bbox 1068 4335 1215 4388; x_wconf 88' lang='lat' dir='ltr'><strong>enim</strong></span> <span class='ocrx_word' id='word_1_574' title='bbox 1268 4337 1470 4394; x_wconf 87' lang='lat' dir='ltr'><strong>amoris</strong></span> <span class='ocrx_word' id='word_1_575' title='bbox 1527 4337 1778 4394; x_wconf 82' lang='lat' dir='ltr'><strong>voluntas</strong></span> <span class='ocrx_word' id='word_1_576' title='bbox 1826 4351 1928 4394; x_wconf 84' lang='lat' dir='ltr'><strong>est.</strong></span> <span class='ocrx_word' id='word_1_577' title='bbox 1981 4339 2050 4394; x_wconf 86' lang='lat' dir='ltr'><strong>Et</strong></span> 
     </span>
    </p>
   </div>
   <div class='ocr_carea' id='block_1_76' title="bbox 470 4425 2044 4502">
    <p class='ocr_par' dir='ltr' id='par_1_76' title="bbox 470 4425 2044 4502">
     <span class='ocr_line' id='line_1_76' title="bbox 470 4425 2044 4502; baseline 0.005 -24"><span class='ocrx_word' id='word_1_578' title='bbox 470 4425 612 4478; x_wconf 85' lang='lat' dir='ltr'><strong>dicta</strong></span> <span class='ocrx_word' id='word_1_579' title='bbox 656 4425 773 4479; x_wconf 74' lang='lat' dir='ltr'><strong>haec</strong></span> <span class='ocrx_word' id='word_1_580' title='bbox 805 4436 993 4480; x_wconf 87' lang='lat' dir='ltr'><strong>nostra</strong></span> <span class='ocrx_word' id='word_1_581' title='bbox 1051 4437 1106 4480; x_wconf 92' lang='lat' dir='ltr'><strong>ct</strong></span> <span class='ocrx_word' id='word_1_582' title='bbox 1141 4428 1517 4498; x_wconf 80' lang='lat' dir='ltr'><strong>theologorum</strong></span> <span class='ocrx_word' id='word_1_583' title='bbox 1568 4431 1764 4502; x_wconf 82' lang='lat' dir='ltr'><strong>placita</strong></span> <span class='ocrx_word' id='word_1_584' title='bbox 1817 4447 2044 4486; x_wconf 83' lang='lat' dir='ltr'><strong>concor-</strong></span> 
     </span>
    </p>
   </div>
   <div class='ocr_carea' id='block_1_77' title="bbox 470 4519 2046 4592">
    <p class='ocr_par' dir='ltr' id='par_1_77' title="bbox 470 4519 2046 4592">
     <span class='ocr_line' id='line_1_77' title="bbox 470 4519 2046 4592; baseline 0.004 -21"><span class='ocrx_word' id='word_1_585' title='bbox 470 4519 613 4572; x_wconf 80' lang='lat' dir='ltr'><strong>diter</strong></span> <span class='ocrx_word' id='word_1_586' title='bbox 660 4519 801 4573; x_wconf 89' lang='lat' dir='ltr'><strong>inter</strong></span> <span class='ocrx_word' id='word_1_587' title='bbox 843 4535 902 4574; x_wconf 88' lang='lat' dir='ltr'><strong>se</strong></span> <span class='ocrx_word' id='word_1_588' title='bbox 947 4530 1280 4592; x_wconf 84' lang='lat' dir='ltr'><strong>congruunt.</strong></span> <span class='ocrx_word' id='word_1_589' title='bbox 1317 4521 1504 4591; x_wconf 85' lang='lat' dir='ltr'><strong>Neque</strong></span> <span class='ocrx_word' id='word_1_590' title='bbox 1550 4523 1637 4576; x_wconf 85' lang='lat' dir='ltr'><strong>his</strong></span> <span class='ocrx_word' id='word_1_591' title='bbox 1683 4525 1864 4578; x_wconf 85' lang='lat' dir='ltr'><strong>minus</strong></span> <span class='ocrx_word' id='word_1_592' title='bbox 1911 4541 2046 4580; x_wconf 88' lang='lat' dir='ltr'><strong>con—</strong></span> 
     </span>
    </p>
   </div>
   <div class='ocr_carea' id='block_1_78' title="bbox 471 4614 2046 4685">
    <p class='ocr_par' dir='ltr' id='par_1_78' title="bbox 471 4614 2046 4685">
     <span class='ocr_line' id='line_1_78' title="bbox 471 4614 2046 4685; baseline 0.004 -20"><span class='ocrx_word' id='word_1_593' title='bbox 471 4618 698 4666; x_wconf 76' lang='lat' dir='ltr'><strong>veniunt</strong></span> <span class='ocrx_word' id='word_1_594' title='bbox 751 4614 926 4668; x_wconf 87' lang='lat' dir='ltr'><strong>sancti</strong></span> <span class='ocrx_word' id='word_1_595' title='bbox 980 4615 1270 4685; x_wconf 79' lang='lat' dir='ltr'><strong>Augustini</strong></span> <span class='ocrx_word' id='word_1_596' title='bbox 1322 4615 1470 4670; x_wconf 87' lang='lat' dir='ltr'><strong>dicta</strong></span> <span class='ocrx_word' id='word_1_597' title='bbox 1527 4616 1580 4669; x_wconf 89' lang='lat' dir='ltr'><strong>in</strong></span> <span class='ocrx_word' id='word_1_598' title='bbox 1643 4618 1922 4674; x_wconf 87' lang='lat' dir='ltr'><strong>volumine</strong></span> <span class='ocrx_word' id='word_1_599' title='bbox 1981 4619 2046 4671; x_wconf 82' lang='lat' dir='ltr'><strong>de</strong></span> 
     </span>
    </p>
   </div>
   <div class='ocr_carea' id='block_1_79' title="bbox 474 4705 2047 4781">
    <p class='ocr_par' dir='ltr' id='par_1_79' title="bbox 474 4705 2047 4781">
     <span class='ocr_line' id='line_1_79' title="bbox 474 4705 2047 4781; baseline 0.005 -23"><span class='ocrx_word' id='word_1_600' title='bbox 474 4705 766 4770; x_wconf 78' lang='lat' dir='ltr'><strong>Trinitate,</strong></span> <span class='ocrx_word' id='word_1_601' title='bbox 819 4709 874 4762; x_wconf 92' lang='lat' dir='ltr'><strong>in</strong></span> <span class='ocrx_word' id='word_1_602' title='bbox 923 4709 1128 4777; x_wconf 85' lang='lat' dir='ltr'><strong>quibus</strong></span> <span class='ocrx_word' id='word_1_603' title='bbox 1175 4711 1494 4765; x_wconf 86' lang='lat' dir='ltr'><strong>memoriam</strong></span> <span class='ocrx_word' id='word_1_604' title='bbox 1548 4711 1769 4781; x_wconf 86' lang='lat' dir='ltr'><strong>quidem</strong></span> <span class='ocrx_word' id='word_1_605' title='bbox 1818 4726 2047 4781; x_wconf 84' lang='lat' dir='ltr'><strong>genera-</strong></span> 
     </span>
    </p>
   </div>
   <div class='ocr_carea' id='block_1_80' title="bbox 475 4800 2041 4873">
    <p class='ocr_par' dir='ltr' id='par_1_80' title="bbox 475 4800 2041 4873">
     <span class='ocr_line' id='line_1_80' title="bbox 475 4800 2041 4873; baseline 0.006 -24"><span class='ocrx_word' id='word_1_606' title='bbox 475 4800 636 4851; x_wconf 84' lang='lat' dir='ltr'><strong>tivam</strong></span> <span class='ocrx_word' id='word_1_607' title='bbox 659 4840 673 4862; x_wconf 95' lang='lat'><strong>,</strong></span> <span class='ocrx_word' id='word_1_608' title='bbox 707 4803 1044 4856; x_wconf 83' lang='lat' dir='ltr'><strong>voluntatem</strong></span> <span class='ocrx_word' id='word_1_609' title='bbox 1081 4819 1210 4857; x_wconf 87' lang='lat' dir='ltr'><strong>vero</strong></span> <span class='ocrx_word' id='word_1_610' title='bbox 1241 4805 1557 4873; x_wconf 82' lang='lat' dir='ltr'><strong>Spirativam</strong></span> <span class='ocrx_word' id='word_1_611' title='bbox 1602 4807 1818 4858; x_wconf 73' lang='lat' dir='ltr'><strong>vocavit</strong></span> <span class='ocrx_word' id='word_1_612' title='bbox 1870 4807 2041 4859; x_wconf 84' lang='lat' dir='ltr'><strong>lacul-</strong></span> 
     </span>
    </p>
   </div>
   <div class='ocr_carea' id='block_1_81' title="bbox 473 4897 660 4940">
    <p class='ocr_par' dir='ltr' id='par_1_81' title="bbox 473 4897 660 4940">
     <span class='ocr_line' id='line_1_81' title="bbox 473 4897 660 4940; baseline 0.027 -5"><span class='ocrx_word' id='word_1_613' title='bbox 473 4897 660 4940; x_wconf 78' lang='lat' dir='ltr'><strong>tatcnt.</strong></span> 
     </span>
    </p>
   </div>
   <div class='ocr_carea' id='block_1_82' title="bbox 543 5021 2046 5103">
    <p class='ocr_par' dir='ltr' id='par_1_82' title="bbox 543 5021 2046 5103">
     <span class='ocr_line' id='line_1_82' title="bbox 543 5021 2046 5103; baseline 0.014 -30"><span class='ocrx_word' id='word_1_614' title='bbox 543 5023 596 5076; x_wconf 68' lang='grc'><strong>4.</strong></span> <span class='ocrx_word' id='word_1_615' title='bbox 642 5021 987 5087; x_wconf 74' lang='lat' dir='ltr'><strong>Manifestum</strong></span> <span class='ocrx_word' id='word_1_616' title='bbox 1022 5031 1208 5102; x_wconf 81' lang='lat' dir='ltr'><strong>itaque</strong></span> <span class='ocrx_word' id='word_1_617' title='bbox 1232 5045 1315 5089; x_wconf 88' lang='lat' dir='ltr'><strong>est</strong></span> <span class='ocrx_word' id='word_1_618' title='bbox 1363 5051 1427 5089; x_wconf 88' lang='lat' dir='ltr'><strong>ex</strong></span> <span class='ocrx_word' id='word_1_619' title='bbox 1455 5036 1639 5103; x_wconf 86' lang='lat' dir='ltr'><strong>dictis,</strong></span> <span class='ocrx_word' id='word_1_620' title='bbox 1678 5036 1894 5094; x_wconf 82' lang='lat' dir='ltr'><strong>Patrem</strong></span> <span class='ocrx_word' id='word_1_621' title='bbox 1927 5039 2046 5094; x_wconf 90' lang='lat' dir='ltr'><strong>fon-</strong></span> 
     </span>
    </p>
   </div>
   <div class='ocr_carea' id='block_1_83' title="bbox 475 5120 2049 5206">
    <p class='ocr_par' dir='ltr' id='par_1_83' title="bbox 475 5120 2049 5206">
     <span class='ocr_line' id='line_1_83' title="bbox 475 5120 2049 5206; baseline 0.013 -38"><span class='ocrx_word' id='word_1_622' title='bbox 475 5127 580 5168; x_wconf 66' lang='lat' dir='ltr'><strong>tem</strong></span> <span class='ocrx_word' id='word_1_623' title='bbox 611 5133 728 5172; x_wconf 67' lang='lat' dir='ltr'><strong>esse</strong></span> <span class='ocrx_word' id='word_1_624' title='bbox 761 5120 1002 5186; x_wconf 79' lang='lat' dir='ltr'><strong>Deitatis,</strong></span> <span class='ocrx_word' id='word_1_625' title='bbox 1033 5135 1086 5178; x_wconf 91' lang='lat' dir='ltr'><strong>ct</strong></span> <span class='ocrx_word' id='word_1_626' title='bbox 1118 5126 1287 5182; x_wconf 85' lang='lat' dir='ltr'><strong>solam</strong></span> <span class='ocrx_word' id='word_1_627' title='bbox 1311 5144 1555 5197; x_wconf 86' lang='lat' dir='ltr'><strong>causam,</strong></span> <span class='ocrx_word' id='word_1_628' title='bbox 1596 5143 1653 5186; x_wconf 86' lang='lat' dir='ltr'><strong>et</strong></span> <span class='ocrx_word' id='word_1_629' title='bbox 1678 5133 1848 5188; x_wconf 87' lang='lat' dir='ltr'><strong>solam</strong></span> <span class='ocrx_word' id='word_1_630' title='bbox 1882 5134 2049 5206; x_wconf 87' lang='lat' dir='ltr'><strong>origi-</strong></span> 
     </span>
    </p>
   </div>
   <div class='ocr_carea' id='block_1_84' title="bbox 474 5213 2050 5296">
    <p class='ocr_par' dir='ltr' id='par_1_84' title="bbox 474 5213 2050 5296">
     <span class='ocr_line' id='line_1_84' title="bbox 474 5213 2050 5296; baseline 0.013 -36"><span class='ocrx_word' id='word_1_631' title='bbox 474 5223 596 5260; x_wconf 87' lang='lat' dir='ltr'><strong>nem</strong></span> <span class='ocrx_word' id='word_1_632' title='bbox 633 5213 1174 5272; x_wconf 77' lang='lat' dir='ltr'><strong>supersubstantialis</strong></span> <span class='ocrx_word' id='word_1_633' title='bbox 1205 5219 1514 5278; x_wconf 76' lang='lat' dir='ltr'><strong>Divinitatis</strong></span> <span class='ocrx_word' id='word_1_634' title='bbox 1538 5268 1554 5290; x_wconf 86' lang='lat'><strong>,</strong></span> <span class='ocrx_word' id='word_1_635' title='bbox 1591 5232 1647 5278; x_wconf 91' lang='lat' dir='ltr'><strong>et</strong></span> <span class='ocrx_word' id='word_1_636' title='bbox 1671 5225 1849 5279; x_wconf 89' lang='lat' dir='ltr'><strong>solum</strong></span> <span class='ocrx_word' id='word_1_637' title='bbox 1897 5227 2050 5296; x_wconf 80' lang='lat' dir='ltr'><strong>getti-</strong></span> 
     </span>
    </p>
   </div>
   <div class='ocr_carea' id='block_1_85' title="bbox 477 5303 2050 5390">
    <p class='ocr_par' dir='ltr' id='par_1_85' title="bbox 477 5303 2050 5390">
     <span class='ocr_line' id='line_1_85' title="bbox 477 5303 2050 5390; baseline 0.014 -38"><span class='ocrx_word' id='word_1_638' title='bbox 477 5312 648 5354; x_wconf 70' lang='lat' dir='ltr'><strong>lul‘Clll</strong></span> <span class='ocrx_word' id='word_1_639' title='bbox 713 5303 878 5357; x_wconf 87' lang='lat' dir='ltr'><strong>simul</strong></span> <span class='ocrx_word' id='word_1_640' title='bbox 936 5314 990 5357; x_wconf 90' lang='lat' dir='ltr'><strong>et</strong></span> <span class='ocrx_word' id='word_1_641' title='bbox 1055 5309 1476 5379; x_wconf 86' lang='lat' dir='ltr'><strong>productorem,</strong></span> <span class='ocrx_word' id='word_1_642' title='bbox 1531 5326 1587 5371; x_wconf 89' lang='lat' dir='ltr'><strong>et</strong></span> <span class='ocrx_word' id='word_1_643' title='bbox 1649 5319 1793 5385; x_wconf 88' lang='lat' dir='ltr'><strong>alia,</strong></span> <span class='ocrx_word' id='word_1_644' title='bbox 1851 5321 2050 5390; x_wconf 87' lang='lat' dir='ltr'><strong>quibus</strong></span> 
     </span>
    </p>
   </div>
   <div class='ocr_carea' id='block_1_86' title="bbox 474 5394 2048 5476">
    <p class='ocr_par' dir='ltr' id='par_1_86' title="bbox 474 5394 2048 5476">
     <span class='ocr_line' id='line_1_86' title="bbox 474 5394 2048 5476; baseline 0.015 -33"><span class='ocrx_word' id='word_1_645' title='bbox 474 5395 650 5459; x_wconf 65' lang='lat' dir='ltr'><strong>ipsum</strong></span> <span class='ocrx_word' id='word_1_646' title='bbox 679 5394 1058 5466; x_wconf 86' lang='lat' dir='ltr'><strong>theologorum</strong></span> <span class='ocrx_word' id='word_1_647' title='bbox 1103 5401 1288 5456; x_wconf 87' lang='lat' dir='ltr'><strong>schola</strong></span> <span class='ocrx_word' id='word_1_648' title='bbox 1319 5406 1646 5463; x_wconf 88' lang='lat' dir='ltr'><strong>cohonestat</strong></span> <span class='ocrx_word' id='word_1_649' title='bbox 1674 5427 1687 5476; x_wconf 89' lang='lat'>;</span> <span class='ocrx_word' id='word_1_650' title='bbox 1729 5427 1838 5465; x_wconf 89' lang='lat' dir='ltr'><strong>non</strong></span> <span class='ocrx_word' id='word_1_651' title='bbox 1871 5414 2048 5467; x_wconf 89' lang='lat' dir='ltr'><strong>solum</strong></span> 
     </span>
    </p>
   </div>
   <div class='ocr_carea' id='block_1_87' title="bbox 473 5489 2051 5570">
    <p class='ocr_par' dir='ltr' id='par_1_87' title="bbox 473 5489 2051 5570">
     <span class='ocr_line' id='line_1_87' title="bbox 473 5489 2051 5570; baseline 0.015 -33"><span class='ocrx_word' id='word_1_652' title='bbox 473 5489 618 5555; x_wconf 83' lang='lat' dir='ltr'><strong>quod</strong></span> <span class='ocrx_word' id='word_1_653' title='bbox 664 5489 777 5558; x_wconf 88' lang='lat' dir='ltr'><strong>jam</strong></span> <span class='ocrx_word' id='word_1_654' title='bbox 837 5491 1012 5548; x_wconf 85' lang='lat' dir='ltr'><strong>dictas</strong></span> <span class='ocrx_word' id='word_1_655' title='bbox 1060 5493 1348 5552; x_wconf 69' lang='lat' dir='ltr'><strong>facultates</strong></span> <span class='ocrx_word' id='word_1_656' title='bbox 1387 5513 1552 5570; x_wconf 85' lang='lat' dir='ltr'><strong>atque</strong></span> <span class='ocrx_word' id='word_1_657' title='bbox 1602 5504 1970 5562; x_wconf 86' lang='lat' dir='ltr'><strong>fecunditates</strong></span> <span class='ocrx_word' id='word_1_658' title='bbox 2021 5523 2051 5560; x_wconf 90' lang='lat' dir='ltr'><strong>a</strong></span> 
     </span>
    </p>
   </div>
   <div class='ocr_carea' id='block_1_88' title="bbox 472 5581 2047 5658">
    <p class='ocr_par' dir='ltr' id='par_1_88' title="bbox 472 5581 2047 5658">
     <span class='ocr_line' id='line_1_88' title="bbox 472 5581 2047 5658; baseline 0.015 -32"><span class='ocrx_word' id='word_1_659' title='bbox 472 5581 689 5633; x_wconf 74' lang='lat' dir='ltr'><strong>Lemino</strong></span> <span class='ocrx_word' id='word_1_660' title='bbox 735 5581 963 5649; x_wconf 81' lang='lat' dir='ltr'><strong>haheat,</strong></span> <span class='ocrx_word' id='word_1_661' title='bbox 1007 5589 1098 5641; x_wconf 88' lang='lat' dir='ltr'><strong>sed</strong></span> <span class='ocrx_word' id='word_1_662' title='bbox 1129 5589 1273 5658; x_wconf 87' lang='lat' dir='ltr'><strong>quod</strong></span> <span class='ocrx_word' id='word_1_663' title='bbox 1325 5592 1438 5658; x_wconf 88' lang='lat' dir='ltr'><strong>ipse</strong></span> <span class='ocrx_word' id='word_1_664' title='bbox 1470 5594 1618 5646; x_wconf 87' lang='lat' dir='ltr'><strong>solus</strong></span> <span class='ocrx_word' id='word_1_665' title='bbox 1661 5597 1731 5649; x_wconf 86' lang='lat' dir='ltr'><strong>sit</strong></span> <span class='ocrx_word' id='word_1_666' title='bbox 1773 5597 1947 5652; x_wconf 89' lang='lat' dir='ltr'><strong>solum</strong></span> <span class='ocrx_word' id='word_1_667' title='bbox 1996 5599 2047 5651; x_wconf 91' lang='lat' dir='ltr'><strong>in</strong></span> 
     </span>
    </p>
   </div>
   <div class='ocr_carea' id='block_1_89' title="bbox 469 5670 2046 5759">
    <p class='ocr_par' dir='ltr' id='par_1_89' title="bbox 469 5670 2046 5759">
     <span class='ocr_line' id='line_1_89' title="bbox 469 5670 2046 5759; baseline 0.016 -44"><span class='ocrx_word' id='word_1_668' title='bbox 469 5670 668 5726; x_wconf 70' lang='lat' dir='ltr'><strong>divinis</strong></span> <span class='ocrx_word' id='word_1_669' title='bbox 703 5672 1031 5740; x_wconf 78' lang='lat' dir='ltr'><strong>producens.</strong></span> <span class='ocrx_word' id='word_1_670' title='bbox 1074 5679 1192 5748; x_wconf 84' lang='lat' dir='ltr'><strong>Ipse</strong></span> <span class='ocrx_word' id='word_1_671' title='bbox 1229 5686 1433 5734; x_wconf 78' lang='lat' dir='ltr'><strong>ctenim</strong></span> <span class='ocrx_word' id='word_1_672' title='bbox 1479 5683 1631 5736; x_wconf 82' lang='lat' dir='ltr'><strong>solus</strong></span> <span class='ocrx_word' id='word_1_673' title='bbox 1663 5696 1766 5748; x_wconf 89' lang='lat' dir='ltr'><strong>cst,</strong></span> <span class='ocrx_word' id='word_1_674' title='bbox 1799 5689 1892 5756; x_wconf 84' lang='lat' dir='ltr'><strong>qui</strong></span> <span class='ocrx_word' id='word_1_675' title='bbox 1939 5690 2046 5759; x_wconf 84' lang='lat' dir='ltr'><strong>jam</strong></span> 
     </span>
    </p>
   </div>
   <div class='ocr_carea' id='block_1_90' title="bbox 467 5759 2048 5846">
    <p class='ocr_par' dir='ltr' id='par_1_90' title="bbox 467 5759 2048 5846">
     <span class='ocr_line' id='line_1_90' title="bbox 467 5759 2048 5846; baseline 0.014 -35"><span class='ocrx_word' id='word_1_676' title='bbox 467 5759 620 5818; x_wconf 74' lang='lat' dir='ltr'><strong>dictis</strong></span> <span class='ocrx_word' id='word_1_677' title='bbox 673 5763 1021 5826; x_wconf 80' lang='lat' dir='ltr'><strong>facultatibus</strong></span> <span class='ocrx_word' id='word_1_678' title='bbox 1054 5772 1220 5826; x_wconf 76' lang='lat' dir='ltr'><strong>veluti</strong></span> <span class='ocrx_word' id='word_1_679' title='bbox 1277 5773 1400 5828; x_wconf 83' lang='lat' dir='ltr'><strong>fons</strong></span> <span class='ocrx_word' id='word_1_680' title='bbox 1455 5785 1510 5828; x_wconf 85' lang='lat' dir='ltr'><strong>ct</strong></span> <span class='ocrx_word' id='word_1_681' title='bbox 1563 5777 1928 5846; x_wconf 83' lang='lat' dir='ltr'><strong>principium,</strong></span> <span class='ocrx_word' id='word_1_682' title='bbox 1997 5796 2048 5835; x_wconf 87' lang='lat' dir='ltr'><strong>et</strong></span> 
     </span>
    </p>
   </div>
   <div class='ocr_carea' id='block_1_91' title="bbox 2157 3241 3712 3318">
    <p class='ocr_par' dir='ltr' id='par_1_91' title="bbox 2157 3241 3712 3318">
     <span class='ocr_line' id='line_1_91' title="bbox 2157 3241 3712 3318; baseline -0.001 -16"><span class='ocrx_word' id='word_1_683' title='bbox 2157 3250 2366 3318; x_wconf 83' lang='grc' dir='ltr'>ἁγεται.</span> <span class='ocrx_word' id='word_1_684' title='bbox 2400 3248 2480 3301; x_wconf 67' lang='grc' dir='ltr'><strong>Τὰ</strong></span> <span class='ocrx_word' id='word_1_685' title='bbox 2507 3247 2564 3301; x_wconf 81' lang='grc' dir='ltr'><strong>δὲ</strong></span> <span class='ocrx_word' id='word_1_686' title='bbox 2588 3247 2696 3315; x_wconf 75' lang='grc' dir='ltr'>ἄρα</span> <span class='ocrx_word' id='word_1_687' title='bbox 2725 3247 2849 3311; x_wconf 87' lang='grc' dir='ltr'>νοῦς</span> <span class='ocrx_word' id='word_1_688' title='bbox 2872 3245 2937 3300; x_wconf 79' lang='grc' dir='ltr'>ἂν</span> <span class='ocrx_word' id='word_1_689' title='bbox 2963 3241 3074 3300; x_wconf 76' lang='grc' dir='ltr'>εἷεν</span> <span class='ocrx_word' id='word_1_690' title='bbox 3106 3248 3202 3299; x_wconf 74' lang='grc' dir='ltr'><strong>καὶ</strong></span> <span class='ocrx_word' id='word_1_691' title='bbox 3229 3245 3512 3318; x_wconf 73' lang='grc' dir='ltr'>βούλησις,</span> <span class='ocrx_word' id='word_1_692' title='bbox 3570 3247 3598 3300; x_wconf 81' lang='grc' dir='ltr'><strong>ό</strong></span> <span class='ocrx_word' id='word_1_693' title='bbox 3625 3247 3712 3315; x_wconf 75' lang='grc' dir='ltr'><strong>μὲν</strong></span> 
     </span>
    </p>
   </div>
   <div class='ocr_carea' id='block_1_92' title="bbox 2156 3338 3711 3413">
    <p class='ocr_par' dir='ltr' id='par_1_92' title="bbox 2156 3338 3711 3413">
     <span class='ocr_line' id='line_1_92' title="bbox 2156 3338 3711 3413; baseline -0.002 -18"><span class='ocrx_word' id='word_1_694' title='bbox 2156 3345 2272 3412; x_wconf 76' lang='grc' dir='ltr'><strong>ἅμα</strong></span> <span class='ocrx_word' id='word_1_695' title='bbox 2303 3346 2368 3413; x_wconf 84' lang='grc' dir='ltr'>τῇ</span> <span class='ocrx_word' id='word_1_696' title='bbox 2400 3341 2563 3412; x_wconf 77' lang='grc' dir='ltr'>οὐσίᾳ</span> <span class='ocrx_word' id='word_1_697' title='bbox 2622 3339 2765 3411; x_wconf 80' lang='grc' dir='ltr'>ἁρχὴ</span> <span class='ocrx_word' id='word_1_698' title='bbox 2813 3340 2908 3396; x_wconf 70' lang='lat' dir='ltr'><strong>xa‘t</strong></span> <span class='ocrx_word' id='word_1_699' title='bbox 2963 3339 3195 3413; x_wconf 73' lang='grc' dir='ltr'>δύναμις</span> <span class='ocrx_word' id='word_1_700' title='bbox 3240 3339 3318 3394; x_wconf 82' lang='grc' dir='ltr'>ὢν</span> <span class='ocrx_word' id='word_1_701' title='bbox 3366 3338 3711 3412; x_wconf 71' lang='grc' dir='ltr'>δι’ὲνεργείσς</span> 
     </span>
    </p>
   </div>
   <div class='ocr_carea' id='block_1_93' title="bbox 2155 3431 3708 3505">
    <p class='ocr_par' dir='ltr' id='par_1_93' title="bbox 2155 3431 3708 3505">
     <span class='ocr_line' id='line_1_93' title="bbox 2155 3431 3708 3505; baseline -0.001 -18"><span class='ocrx_word' id='word_1_702' title='bbox 2155 3437 2254 3504; x_wconf 81' lang='grc' dir='ltr'>τῆς</span> <span class='ocrx_word' id='word_1_703' title='bbox 2279 3437 2607 3505; x_wconf 77' lang='grc' dir='ltr'>γεννήσεως,</span> <span class='ocrx_word' id='word_1_704' title='bbox 2643 3432 2959 3505; x_wconf 80' lang='grc' dir='ltr'>παρακτικὴ</span> <span class='ocrx_word' id='word_1_705' title='bbox 2987 3431 3084 3486; x_wconf 88' lang='grc' dir='ltr'><strong>τοῦ</strong></span> <span class='ocrx_word' id='word_1_706' title='bbox 3117 3431 3274 3486; x_wconf 79' lang='grc' dir='ltr'>Υξοῦ·</span> <span class='ocrx_word' id='word_1_707' title='bbox 3306 3433 3389 3488; x_wconf 78' lang='grc' dir='ltr'><strong>διδ</strong></span> <span class='ocrx_word' id='word_1_708' title='bbox 3420 3435 3514 3486; x_wconf 76' lang='grc' dir='ltr'><strong>καὶ</strong></span> <span class='ocrx_word' id='word_1_709' title='bbox 3552 3433 3708 3500; x_wconf 77' lang='grc' dir='ltr'>Λόγος</span> 
     </span>
    </p>
   </div>
   <div class='ocr_carea' id='block_1_94' title="bbox 2152 3527 3708 3599">
    <p class='ocr_par' dir='ltr' id='par_1_94' title="bbox 2152 3527 3708 3599">
     <span class='ocr_line' id='line_1_94' title="bbox 2152 3527 3708 3599; baseline -0.001 -17"><span class='ocrx_word' id='word_1_710' title='bbox 2152 3532 2180 3582; x_wconf 87' lang='grc' dir='ltr'><strong>ό</strong></span> <span class='ocrx_word' id='word_1_711' title='bbox 2202 3528 2295 3582; x_wconf 86' lang='grc' dir='ltr'><strong>τοῦ</strong></span> <span class='ocrx_word' id='word_1_712' title='bbox 2325 3527 2460 3581; x_wconf 88' lang='grc' dir='ltr'>Θεοῦ</span> <span class='ocrx_word' id='word_1_713' title='bbox 2489 3528 2616 3592; x_wconf 82' lang='grc' dir='ltr'>Υἱὸς</span> <span class='ocrx_word' id='word_1_714' title='bbox 2658 3527 2766 3581; x_wconf 75' lang='grc' dir='ltr'><strong>ὑπὸ</strong></span> <span class='ocrx_word' id='word_1_715' title='bbox 2802 3528 2899 3599; x_wconf 83' lang='grc' dir='ltr'><strong>τῆς</strong></span> <span class='ocrx_word' id='word_1_716' title='bbox 2930 3527 3185 3596; x_wconf 83' lang='grc' dir='ltr'>Θεολόγου</span> <span class='ocrx_word' id='word_1_717' title='bbox 3241 3527 3477 3598; x_wconf 74' lang='grc' dir='ltr'>βροντῆς</span> <span class='ocrx_word' id='word_1_718' title='bbox 3509 3528 3708 3598; x_wconf 75' lang='grc' dir='ltr'>ὠνόμαο</span> 
     </span>
    </p>
   </div>
   <div class='ocr_carea' id='block_1_95' title="bbox 2158 3618 3706 3691">
    <p class='ocr_par' dir='ltr' id='par_1_95' title="bbox 2158 3618 3706 3691">
     <span class='ocr_line' id='line_1_95' title="bbox 2158 3618 3706 3691; baseline 0 -19"><span class='ocrx_word' id='word_1_719' title='bbox 2158 3636 2299 3673; x_wconf 62' lang='grc' dir='ltr'>οταν</span> <span class='ocrx_word' id='word_1_720' title='bbox 2327 3618 2420 3673; x_wconf 92' lang='grc' dir='ltr'><strong>νοῦ</strong></span> <span class='ocrx_word' id='word_1_721' title='bbox 2455 3621 2561 3690; x_wconf 81' lang='grc' dir='ltr'>γὰρ</span> <span class='ocrx_word' id='word_1_722' title='bbox 2596 3620 2848 3690; x_wconf 75' lang='grc' dir='ltr'>γέννημα</span> <span class='ocrx_word' id='word_1_723' title='bbox 2879 3619 3060 3688; x_wconf 78' lang='grc' dir='ltr'>λόγος’</span> <span class='ocrx_word' id='word_1_724' title='bbox 3111 3621 3145 3691; x_wconf 79' lang='grc' dir='ltr'><strong>ὴ</strong></span> <span class='ocrx_word' id='word_1_725' title='bbox 3195 3620 3240 3673; x_wconf 82' lang='grc' dir='ltr'><strong>δ’</strong></span> <span class='ocrx_word' id='word_1_726' title='bbox 3277 3619 3344 3674; x_wconf 83' lang='grc' dir='ltr'><strong>αὖ</strong></span> <span class='ocrx_word' id='word_1_727' title='bbox 3396 3621 3611 3690; x_wconf 75' lang='grc' dir='ltr'>σύναμα</span> <span class='ocrx_word' id='word_1_728' title='bbox 3651 3621 3706 3688; x_wconf 76' lang='grc' dir='ltr'>τῇ</span> 
     </span>
    </p>
   </div>
   <div class='ocr_carea' id='block_1_96' title="bbox 2153 3709 3707 3784">
    <p class='ocr_par' dir='ltr' id='par_1_96' title="bbox 2153 3709 3707 3784">
     <span class='ocr_line' id='line_1_96' title="bbox 2153 3709 3707 3784; baseline -0.002 -18"><span class='ocrx_word' id='word_1_729' title='bbox 2153 3714 2292 3784; x_wconf 82' lang='grc' dir='ltr'>αὐτῇ</span> <span class='ocrx_word' id='word_1_730' title='bbox 2319 3713 2476 3783; x_wconf 76' lang='grc' dir='ltr'>οὐσίᾳ</span> <span class='ocrx_word' id='word_1_731' title='bbox 2512 3713 2546 3782; x_wconf 81' lang='grc' dir='ltr'><strong>ἡ</strong></span> <span class='ocrx_word' id='word_1_732' title='bbox 2583 3712 2856 3783; x_wconf 80' lang='grc' dir='ltr'>βούλησις,</span> <span class='ocrx_word' id='word_1_733' title='bbox 2885 3713 3029 3784; x_wconf 82' lang='grc' dir='ltr'><strong>ἀρχὴ</strong></span> <span class='ocrx_word' id='word_1_734' title='bbox 3072 3714 3166 3766; x_wconf 70' lang='grc' dir='ltr'><strong>καὶ</strong></span> <span class='ocrx_word' id='word_1_735' title='bbox 3205 3713 3436 3782; x_wconf 82' lang='grc' dir='ltr'>δύναμις</span> <span class='ocrx_word' id='word_1_736' title='bbox 3477 3709 3606 3767; x_wconf 75' lang='grc' dir='ltr'>οὖσα</span> <span class='ocrx_word' id='word_1_737' title='bbox 3650 3711 3707 3764; x_wconf 83' lang='grc' dir='ltr'>δι’</span> 
     </span>
    </p>
   </div>
   <div class='ocr_carea' id='block_1_97' title="bbox 2157 3801 3706 3875">
    <p class='ocr_par' dir='ltr' id='par_1_97' title="bbox 2157 3801 3706 3875">
     <span class='ocr_line' id='line_1_97' title="bbox 2157 3801 3706 3875; baseline -0.001 -20"><span class='ocrx_word' id='word_1_738' title='bbox 2157 3803 2454 3874; x_wconf 85' lang='grc' dir='ltr'>ἐνεργείας</span> <span class='ocrx_word' id='word_1_739' title='bbox 2484 3805 2583 3872; x_wconf 71' lang='grc' dir='ltr'>τῆς</span> <span class='ocrx_word' id='word_1_740' title='bbox 2638 3803 2930 3874; x_wconf 76' lang='grc' dir='ltr'>προϐολῆς,</span> <span class='ocrx_word' id='word_1_741' title='bbox 2982 3803 3016 3875; x_wconf 77' lang='grc' dir='ltr'>ἢ</span> <span class='ocrx_word' id='word_1_742' title='bbox 3073 3803 3349 3866; x_wconf 79' lang='grc' dir='ltr'>πνεύσεως</span> <span class='ocrx_word' id='word_1_743' title='bbox 3388 3801 3706 3872; x_wconf 70' lang='grc' dir='ltr'>παρακτικὴ,</span> 
     </span>
    </p>
   </div>
   <div class='ocr_carea' id='block_1_98' title="bbox 2151 3895 3708 3967">
    <p class='ocr_par' dir='ltr' id='par_1_98' title="bbox 2151 3895 3708 3967">
     <span class='ocr_line' id='line_1_98' title="bbox 2151 3895 3708 3967; baseline -0.001 -17"><span class='ocrx_word' id='word_1_744' title='bbox 2151 3897 2252 3967; x_wconf 77' lang='grc' dir='ltr'><strong>τῆς</strong></span> <span class='ocrx_word' id='word_1_745' title='bbox 2283 3898 2377 3951; x_wconf 88' lang='grc' dir='ltr'><strong>τοῦ</strong></span> <span class='ocrx_word' id='word_1_746' title='bbox 2412 3896 2570 3965; x_wconf 83' lang='grc' dir='ltr'>ἁγίου</span> <span class='ocrx_word' id='word_1_747' title='bbox 2605 3895 2921 3967; x_wconf 83' lang='grc' dir='ltr'>Πνεὺματος</span> <span class='ocrx_word' id='word_1_748' title='bbox 2958 3896 3339 3962; x_wconf 77' lang='grc' dir='ltr'>ὑποστάσεως,</span> <span class='ocrx_word' id='word_1_749' title='bbox 3395 3897 3492 3966; x_wconf 79' lang='grc' dir='ltr'>οὐχ</span> <span class='ocrx_word' id='word_1_750' title='bbox 3533 3898 3606 3958; x_wconf 83' lang='grc' dir='ltr'>ὡς</span> <span class='ocrx_word' id='word_1_751' title='bbox 3629 3896 3708 3964; x_wconf 74' lang='grc' dir='ltr'><strong>ἀρ·</strong></span> 
     </span>
    </p>
   </div>
   <div class='ocr_carea' id='block_1_99' title="bbox 2154 3989 3707 4062">
    <p class='ocr_par' dir='ltr' id='par_1_99' title="bbox 2154 3989 3707 4062">
     <span class='ocr_line' id='line_1_99' title="bbox 2154 3989 3707 4062; baseline -0.003 -19"><span class='ocrx_word' id='word_1_752' title='bbox 2154 3992 2222 4060; x_wconf 79' lang='grc' dir='ltr'><strong>χὴ</strong></span> <span class='ocrx_word' id='word_1_753' title='bbox 2241 3991 2612 4057; x_wconf 77' lang='grc' dir='ltr'>αὐτεξούσιος,</span> <span class='ocrx_word' id='word_1_754' title='bbox 2661 3989 2774 4043; x_wconf 81' lang='grc' dir='ltr'><strong>ἀλλ’</strong></span> <span class='ocrx_word' id='word_1_755' title='bbox 2803 3989 2876 4053; x_wconf 84' lang='grc' dir='ltr'>ὼς</span> <span class='ocrx_word' id='word_1_756' title='bbox 2919 3990 3193 4058; x_wconf 74' lang='grc' dir='ltr'>ἀναγκαία</span> <span class='ocrx_word' id='word_1_757' title='bbox 3249 3992 3342 4041; x_wconf 76' lang='grc' dir='ltr'>καὶ</span> <span class='ocrx_word' id='word_1_758' title='bbox 3401 3990 3608 4062; x_wconf 76' lang='grc' dir='ltr'>φυσικὴ</span> <span class='ocrx_word' id='word_1_759' title='bbox 3640 4005 3707 4049; x_wconf 76' lang='grc' dir='ltr'><strong>τις</strong></span> 
     </span>
    </p>
   </div>
   <div class='ocr_carea' id='block_1_100' title="bbox 2151 4063 3704 4152">
    <p class='ocr_par' dir='ltr' id='par_1_100' title="bbox 2151 4063 3704 4152">
     <span class='ocr_line' id='line_1_100' title="bbox 2151 4063 3704 4152; baseline -0.004 -18"><span class='ocrx_word' id='word_1_760' title='bbox 2151 4082 2379 4152; x_wconf 86' lang='grc' dir='ltr'>δύναμις</span> <span class='ocrx_word' id='word_1_761' title='bbox 2443 4082 2534 4134; x_wconf 72' lang='grc' dir='ltr'><strong>καὶ</strong></span> <span class='ocrx_word' id='word_1_762' title='bbox 2591 4080 2732 4150; x_wconf 83' lang='grc' dir='ltr'><strong>ἀρχή</strong></span> <span class='ocrx_word' id='word_1_763' title='bbox 2765 4096 2778 4109; x_wconf 81' lang='lat'>&#39;</span> <span class='ocrx_word' id='word_1_764' title='bbox 2819 4080 2899 4133; x_wconf 84' lang='grc' dir='ltr'>διὸ</span> <span class='ocrx_word' id='word_1_765' title='bbox 2958 4081 3096 4151; x_wconf 72' lang='grc' dir='ltr'>πρὸς</span> <span class='ocrx_word' id='word_1_766' title='bbox 3173 4063 3282 4132; x_wconf 80' lang='grc' dir='ltr'><strong>τῶν</strong></span> <span class='ocrx_word' id='word_1_767' title='bbox 3334 4080 3704 4146; x_wconf 74' lang='grc' dir='ltr'>θεοὶογούντων</span> 
     </span>
    </p>
   </div>
   <div class='ocr_carea' id='block_1_101' title="bbox 2153 4170 3735 4244">
    <p class='ocr_par' dir='ltr' id='par_1_101' title="bbox 2153 4170 3735 4244">
     <span class='ocr_line' id='line_1_101' title="bbox 2153 4170 3735 4244; baseline -0.002 -17"><span class='ocrx_word' id='word_1_768' title='bbox 2153 4177 2341 4242; x_wconf 69' lang='grc' dir='ltr'>ἀγάπη</span> <span class='ocrx_word' id='word_1_769' title='bbox 2381 4171 2442 4225; x_wconf 81' lang='grc' dir='ltr'>τὸ</span> <span class='ocrx_word' id='word_1_770' title='bbox 2474 4174 2615 4225; x_wconf 87' lang='grc' dir='ltr'><strong>Οείον</strong></span> <span class='ocrx_word' id='word_1_771' title='bbox 2651 4171 2912 4239; x_wconf 82' lang='grc' dir='ltr'>κέκληται</span> <span class='ocrx_word' id='word_1_772' title='bbox 2943 4170 3189 4241; x_wconf 81' lang='grc' dir='ltr'>Πνεῦμα.</span> <span class='ocrx_word' id='word_1_773' title='bbox 3222 4172 3333 4240; x_wconf 79' lang='grc' dir='ltr'><strong>Τῆς</strong></span> <span class='ocrx_word' id='word_1_774' title='bbox 3377 4175 3483 4244; x_wconf 82' lang='grc' dir='ltr'>γὰρ</span> <span class='ocrx_word' id='word_1_775' title='bbox 3508 4175 3735 4240; x_wconf 67' lang='grc' dir='ltr'>ἀγάπης,</span> 
     </span>
    </p>
   </div>
   <div class='ocr_carea' id='block_1_102' title="bbox 2153 4263 3731 4336">
    <p class='ocr_par' dir='ltr' id='par_1_102' title="bbox 2153 4263 3731 4336">
     <span class='ocr_line' id='line_1_102' title="bbox 2153 4263 3731 4336; baseline -0.003 -18"><span class='ocrx_word' id='word_1_776' title='bbox 2153 4265 2449 4336; x_wconf 83' lang='grc' dir='ltr'>ήδὺνσμις</span> <span class='ocrx_word' id='word_1_777' title='bbox 2501 4263 2779 4334; x_wconf 79' lang='grc' dir='ltr'>βούλησις.</span> <span class='ocrx_word' id='word_1_778' title='bbox 2823 4263 3049 4334; x_wconf 81' lang='grc' dir='ltr'>Ξυνᾴδει</span> <span class='ocrx_word' id='word_1_779' title='bbox 3089 4263 3144 4316; x_wconf 84' lang='grc' dir='ltr'><strong>δὲ</strong></span> <span class='ocrx_word' id='word_1_780' title='bbox 3189 4264 3255 4318; x_wconf 72' lang='grc' dir='ltr'>τὰ</span> <span class='ocrx_word' id='word_1_781' title='bbox 3295 4264 3563 4332; x_wconf 70' lang='grc' dir='ltr'>λεγόμενα</span> <span class='ocrx_word' id='word_1_782' title='bbox 3608 4267 3731 4326; x_wconf 59' lang='grc' dir='ltr'>ταῖς,</span> 
     </span>
    </p>
   </div>
   <div class='ocr_carea' id='block_1_103' title="bbox 2156 4353 3738 4429">
    <p class='ocr_par' dir='ltr' id='par_1_103' title="bbox 2156 4353 3738 4429">
     <span class='ocr_line' id='line_1_103' title="bbox 2156 4353 3738 4429; baseline -0.003 -18"><span class='ocrx_word' id='word_1_783' title='bbox 2156 4359 2258 4411; x_wconf 76' lang='grc' dir='ltr'>τῶν</span> <span class='ocrx_word' id='word_1_784' title='bbox 2290 4357 2687 4426; x_wconf 80' lang='grc' dir='ltr'>θεολογούντων</span> <span class='ocrx_word' id='word_1_785' title='bbox 2718 4358 2944 4426; x_wconf 81' lang='grc' dir='ltr'>φωναῖς,</span> <span class='ocrx_word' id='word_1_786' title='bbox 2971 4357 3068 4428; x_wconf 86' lang='grc' dir='ltr'>οὐχ</span> <span class='ocrx_word' id='word_1_787' title='bbox 3094 4353 3258 4429; x_wconf 74' lang='grc' dir='ltr'>ἦττον</span> <span class='ocrx_word' id='word_1_788' title='bbox 3281 4357 3338 4410; x_wconf 86' lang='grc' dir='ltr'><strong>δὲ</strong></span> <span class='ocrx_word' id='word_1_789' title='bbox 3369 4361 3480 4420; x_wconf 83' lang='grc' dir='ltr'>τοίς</span> <span class='ocrx_word' id='word_1_790' title='bbox 3505 4359 3707 4428; x_wconf 68' lang='grc' dir='ltr'><strong>εἰρημέο</strong></span> <span class='ocrx_word' id='word_1_791' title='bbox 3732 4371 3738 4394; x_wconf 80' lang='lat'><strong>&#39;-</strong></span> 
     </span>
    </p>
   </div>
   <div class='ocr_carea' id='block_1_104' title="bbox 2155 4449 3706 4522">
    <p class='ocr_par' dir='ltr' id='par_1_104' title="bbox 2155 4449 3706 4522">
     <span class='ocr_line' id='line_1_104' title="bbox 2155 4449 3706 4522; baseline 0.002 -21"><span class='ocrx_word' id='word_1_792' title='bbox 2155 4467 2264 4513; x_wconf 81' lang='grc' dir='ltr'>νοις</span> <span class='ocrx_word' id='word_1_793' title='bbox 2298 4450 2403 4502; x_wconf 76' lang='grc' dir='ltr'>ὑπὸ</span> <span class='ocrx_word' id='word_1_794' title='bbox 2434 4449 2528 4502; x_wconf 87' lang='grc' dir='ltr'><strong>τοῦ</strong></span> <span class='ocrx_word' id='word_1_795' title='bbox 2566 4449 2712 4518; x_wconf 77' lang='grc' dir='ltr'>ἱεροῦ</span> <span class='ocrx_word' id='word_1_796' title='bbox 2740 4449 3109 4516; x_wconf 81' lang='grc' dir='ltr'>Αὐγουστίνου</span> <span class='ocrx_word' id='word_1_797' title='bbox 3163 4453 3220 4502; x_wconf 80' lang='grc' dir='ltr'>ἐν</span> <span class='ocrx_word' id='word_1_798' title='bbox 3274 4451 3352 4522; x_wconf 82' lang='grc' dir='ltr'><strong>τῷ</strong></span> <span class='ocrx_word' id='word_1_799' title='bbox 3397 4452 3534 4521; x_wconf 77' lang='grc' dir='ltr'>Περὶ</span> <span class='ocrx_word' id='word_1_800' title='bbox 3568 4452 3706 4519; x_wconf 74' lang='grc' dir='ltr'>Τριά-</span> 
     </span>
    </p>
   </div>
   <div class='ocr_carea' id='block_1_105' title="bbox 2151 4527 3707 4613">
    <p class='ocr_par' dir='ltr' id='par_1_105' title="bbox 2151 4527 3707 4613">
     <span class='ocr_line' id='line_1_105' title="bbox 2151 4527 3707 4613; baseline 0.002 -22"><span class='ocrx_word' id='word_1_801' title='bbox 2151 4539 2258 4603; x_wconf 82' lang='grc' dir='ltr'>δος</span> <span class='ocrx_word' id='word_1_802' title='bbox 2286 4538 2499 4609; x_wconf 82' lang='grc' dir='ltr'>βιϐλίῳ,</span> <span class='ocrx_word' id='word_1_803' title='bbox 2529 4540 2586 4591; x_wconf 87' lang='grc' dir='ltr'><strong>ὲν</strong></span> <span class='ocrx_word' id='word_1_804' title='bbox 2613 4533 2695 4600; x_wconf 73' lang='grc' dir='ltr'>οἷς</span> <span class='ocrx_word' id='word_1_805' title='bbox 2741 4539 2832 4592; x_wconf 69' lang='grc' dir='ltr'><strong>καὶ</strong></span> <span class='ocrx_word' id='word_1_806' title='bbox 2873 4527 3099 4611; x_wconf 83' lang='grc' dir='ltr'><strong>μνήμην</strong></span> <span class='ocrx_word' id='word_1_807' title='bbox 3160 4540 3261 4609; x_wconf 81' lang='grc' dir='ltr'>μὲν</span> <span class='ocrx_word' id='word_1_808' title='bbox 3324 4540 3423 4613; x_wconf 80' lang='grc' dir='ltr'>τὴν</span> <span class='ocrx_word' id='word_1_809' title='bbox 3479 4559 3707 4612; x_wconf 71' lang='grc' dir='ltr'>γεννητιο</span> 
     </span>
    </p>
   </div>
   <div class='ocr_carea' id='block_1_106' title="bbox 2153 4633 3705 4703">
    <p class='ocr_par' dir='ltr' id='par_1_106' title="bbox 2153 4633 3705 4703">
     <span class='ocr_line' id='line_1_106' title="bbox 2153 4633 3705 4703; baseline 0.003 -19"><span class='ocrx_word' id='word_1_810' title='bbox 2153 4633 2275 4702; x_wconf 81' lang='grc' dir='ltr'>κὴν,</span> <span class='ocrx_word' id='word_1_811' title='bbox 2320 4633 2575 4703; x_wconf 78' lang='grc' dir='ltr'>βούλησιν</span> <span class='ocrx_word' id='word_1_812' title='bbox 2633 4633 2689 4686; x_wconf 84' lang='grc' dir='ltr'>δὲ</span> <span class='ocrx_word' id='word_1_813' title='bbox 2753 4634 2853 4703; x_wconf 80' lang='grc' dir='ltr'><strong>τὴν</strong></span> <span class='ocrx_word' id='word_1_814' title='bbox 2928 4635 3267 4703; x_wconf 81' lang='grc' dir='ltr'>πνευστικὴν</span> <span class='ocrx_word' id='word_1_815' title='bbox 3333 4637 3559 4689; x_wconf 75' lang='grc' dir='ltr'>ἐκάλεσε</span> <span class='ocrx_word' id='word_1_816' title='bbox 3627 4637 3705 4688; x_wconf 67' lang='grc' dir='ltr'><strong>δύο</strong></span> 
     </span>
    </p>
   </div>
   <div class='ocr_carea' id='block_1_107' title="bbox 2154 4745 2336 4797">
    <p class='ocr_par' dir='ltr' id='par_1_107' title="bbox 2154 4745 2336 4797">
     <span class='ocr_line' id='line_1_107' title="bbox 2154 4745 2336 4797; baseline -0.005 -18"><span class='ocrx_word' id='word_1_817' title='bbox 2154 4745 2336 4797; x_wconf 82' lang='grc' dir='ltr'>ναμιν.</span> 
     </span>
    </p>
   </div>
   <div class='ocr_carea' id='block_1_108' title="bbox 2226 5041 3714 5120">
    <p class='ocr_par' dir='ltr' id='par_1_108' title="bbox 2226 5041 3714 5120">
     <span class='ocr_line' id='line_1_108' title="bbox 2226 5041 3714 5120; baseline 0.004 -22"><span class='ocrx_word' id='word_1_818' title='bbox 2226 5045 2286 5098; x_wconf 82' lang='grc' dir='ltr'><strong>δ’.</strong></span> <span class='ocrx_word' id='word_1_819' title='bbox 2318 5047 2554 5116; x_wconf 76' lang='grc' dir='ltr'>Φανερὺν</span> <span class='ocrx_word' id='word_1_820' title='bbox 2590 5041 2679 5100; x_wconf 79' lang='grc' dir='ltr'>οὖν</span> <span class='ocrx_word' id='word_1_821' title='bbox 2719 5048 2782 5099; x_wconf 82' lang='grc' dir='ltr'><strong>ἐκ</strong></span> <span class='ocrx_word' id='word_1_822' title='bbox 2823 5045 2929 5099; x_wconf 85' lang='grc' dir='ltr'><strong>τῶν</strong></span> <span class='ocrx_word' id='word_1_823' title='bbox 2957 5048 3284 5118; x_wconf 80' lang='grc' dir='ltr'>εἰρημένων,</span> <span class='ocrx_word' id='word_1_824' title='bbox 3339 5051 3420 5104; x_wconf 80' lang='grc' dir='ltr'><strong>ὅτι</strong></span> <span class='ocrx_word' id='word_1_825' title='bbox 3478 5055 3505 5105; x_wconf 81' lang='grc' dir='ltr'>ὁ</span> <span class='ocrx_word' id='word_1_826' title='bbox 3542 5051 3714 5120; x_wconf 59' lang='grc' dir='ltr'>Πατὴρ</span> 
     </span>
    </p>
   </div>
   <div class='ocr_carea' id='block_1_109' title="bbox 2163 5138 3719 5217">
    <p class='ocr_par' dir='ltr' id='par_1_109' title="bbox 2163 5138 3719 5217">
     <span class='ocr_line' id='line_1_109' title="bbox 2163 5138 3719 5217; baseline 0.007 -27"><span class='ocrx_word' id='word_1_827' title='bbox 2163 5139 2368 5208; x_wconf 76' lang='grc' dir='ltr'>πηγαῖα</span> <span class='ocrx_word' id='word_1_828' title='bbox 2399 5138 2609 5209; x_wconf 78' lang='grc' dir='ltr'>Θεόεης,</span> <span class='ocrx_word' id='word_1_829' title='bbox 2657 5142 2755 5192; x_wconf 71' lang='grc' dir='ltr'><strong>καὶ</strong></span> <span class='ocrx_word' id='word_1_830' title='bbox 2809 5141 2971 5210; x_wconf 86' lang='grc' dir='ltr'>μόνον</span> <span class='ocrx_word' id='word_1_831' title='bbox 3003 5142 3197 5206; x_wconf 75' lang='grc' dir='ltr'>αἴτιος,</span> <span class='ocrx_word' id='word_1_832' title='bbox 3247 5147 3344 5198; x_wconf 77' lang='grc' dir='ltr'><strong>καὶ</strong></span> <span class='ocrx_word' id='word_1_833' title='bbox 3390 5148 3540 5217; x_wconf 76' lang='grc' dir='ltr'>πηγὴ</span> <span class='ocrx_word' id='word_1_834' title='bbox 3593 5147 3719 5217; x_wconf 73' lang='grc' dir='ltr'>μόνη</span> 
     </span>
    </p>
   </div>
   <div class='ocr_carea' id='block_1_110' title="bbox 2153 5231 3712 5307">
    <p class='ocr_par' dir='ltr' id='par_1_110' title="bbox 2153 5231 3712 5307">
     <span class='ocr_line' id='line_1_110' title="bbox 2153 5231 3712 5307; baseline 0.003 -25"><span class='ocrx_word' id='word_1_835' title='bbox 2153 5231 2250 5300; x_wconf 80' lang='grc' dir='ltr'>τῆς</span> <span class='ocrx_word' id='word_1_836' title='bbox 2283 5232 2609 5300; x_wconf 76' lang='grc' dir='ltr'>ὑπερούσὶου</span> <span class='ocrx_word' id='word_1_837' title='bbox 2636 5233 2918 5304; x_wconf 76' lang='grc' dir='ltr'>θεότητος,</span> <span class='ocrx_word' id='word_1_838' title='bbox 2953 5235 3048 5287; x_wconf 70' lang='grc' dir='ltr'><strong>καὶ</strong></span> <span class='ocrx_word' id='word_1_839' title='bbox 3082 5239 3245 5305; x_wconf 88' lang='grc' dir='ltr'>μόνος</span> <span class='ocrx_word' id='word_1_840' title='bbox 3287 5240 3564 5307; x_wconf 76' lang='grc' dir='ltr'>γεννήτωρ</span> <span class='ocrx_word' id='word_1_841' title='bbox 3612 5239 3712 5305; x_wconf 69' lang='grc' dir='ltr'>ἃμα</span> 
     </span>
    </p>
   </div>
   <div class='ocr_carea' id='block_1_111' title="bbox 2155 5318 3710 5400">
    <p class='ocr_par' dir='ltr' id='par_1_111' title="bbox 2155 5318 3710 5400">
     <span class='ocr_line' id='line_1_111' title="bbox 2155 5318 3710 5400; baseline 0.005 -25"><span class='ocrx_word' id='word_1_842' title='bbox 2155 5324 2248 5376; x_wconf 57' lang='grc' dir='ltr'><strong>καὶ</strong></span> <span class='ocrx_word' id='word_1_843' title='bbox 2286 5324 2606 5392; x_wconf 61' lang='grc' dir='ltr'>προϐολεὺς,</span> <span class='ocrx_word' id='word_1_844' title='bbox 2641 5327 2740 5380; x_wconf 82' lang='grc' dir='ltr'><strong>ὃσα</strong></span> <span class='ocrx_word' id='word_1_845' title='bbox 2773 5327 2821 5380; x_wconf 80' lang='grc' dir='ltr'>τ’</span> <span class='ocrx_word' id='word_1_846' title='bbox 2853 5328 2992 5382; x_wconf 82' lang='grc' dir='ltr'><strong>ἄλλα</strong></span> <span class='ocrx_word' id='word_1_847' title='bbox 3019 5330 3157 5400; x_wconf 69' lang='grc' dir='ltr'>πρὸς</span> <span class='ocrx_word' id='word_1_848' title='bbox 3196 5318 3307 5386; x_wconf 79' lang='grc' dir='ltr'><strong>τῶν</strong></span> <span class='ocrx_word' id='word_1_849' title='bbox 3335 5331 3710 5399; x_wconf 74' lang='grc' dir='ltr'>Θεολογοὺντων</span> 
     </span>
    </p>
   </div>
   <div class='ocr_carea' id='block_1_112' title="bbox 2156 5417 3707 5493">
    <p class='ocr_par' dir='ltr' id='par_1_112' title="bbox 2156 5417 3707 5493">
     <span class='ocr_line' id='line_1_112' title="bbox 2156 5417 3707 5493; baseline 0.003 -24"><span class='ocrx_word' id='word_1_850' title='bbox 2156 5417 2494 5486; x_wconf 78' lang='grc' dir='ltr'>ὠνόμασται,</span> <span class='ocrx_word' id='word_1_851' title='bbox 2521 5420 2583 5472; x_wconf 83' lang='grc' dir='ltr'><strong>οὐ</strong></span> <span class='ocrx_word' id='word_1_852' title='bbox 2624 5421 2785 5488; x_wconf 87' lang='grc' dir='ltr'>μόνον</span> <span class='ocrx_word' id='word_1_853' title='bbox 2819 5419 2896 5487; x_wconf 81' lang='grc' dir='ltr'>τῷ</span> <span class='ocrx_word' id='word_1_854' title='bbox 2937 5424 3088 5492; x_wconf 72' lang='grc' dir='ltr'>παρὰ</span> <span class='ocrx_word' id='word_1_855' title='bbox 3142 5423 3372 5492; x_wconf 68' lang='grc' dir='ltr'>μηδενὸς</span> <span class='ocrx_word' id='word_1_856' title='bbox 3431 5424 3573 5493; x_wconf 71' lang='grc' dir='ltr'>ἔχειν</span> <span class='ocrx_word' id='word_1_857' title='bbox 3619 5423 3707 5481; x_wconf 62' lang='lat' dir='ltr'><strong>ei;</strong></span> 
     </span>
    </p>
   </div>
   <div class='ocr_carea' id='block_1_113' title="bbox 2157 5510 3708 5584">
    <p class='ocr_par' dir='ltr' id='par_1_113' title="bbox 2157 5510 3708 5584">
     <span class='ocr_line' id='line_1_113' title="bbox 2157 5510 3708 5584; baseline 0.001 -22"><span class='ocrx_word' id='word_1_858' title='bbox 2157 5510 2457 5580; x_wconf 64' lang='grc' dir='ltr'>εἰρημένας</span> <span class='ocrx_word' id='word_1_859' title='bbox 2494 5511 2752 5582; x_wconf 77' lang='grc' dir='ltr'>δυνάμεις</span> <span class='ocrx_word' id='word_1_860' title='bbox 2789 5514 2882 5566; x_wconf 79' lang='grc' dir='ltr'>καὶ</span> <span class='ocrx_word' id='word_1_861' title='bbox 2916 5516 3298 5584; x_wconf 70' lang='grc' dir='ltr'>γονιμότητσς,</span> <span class='ocrx_word' id='word_1_862' title='bbox 3352 5515 3491 5569; x_wconf 73' lang='grc' dir='ltr'><strong>ἀλλὰ</strong></span> <span class='ocrx_word' id='word_1_863' title='bbox 3523 5518 3613 5569; x_wconf 75' lang='grc' dir='ltr'>καὶ</span> <span class='ocrx_word' id='word_1_864' title='bbox 3644 5514 3708 5582; x_wconf 79' lang='grc' dir='ltr'>τῷ</span> 
     </span>
    </p>
   </div>
   <div class='ocr_carea' id='block_1_114' title="bbox 2162 5601 3705 5677">
    <p class='ocr_par' dir='ltr' id='par_1_114' title="bbox 2162 5601 3705 5677">
     <span class='ocr_line' id='line_1_114' title="bbox 2162 5601 3705 5677; baseline 0.001 -23"><span class='ocrx_word' id='word_1_865' title='bbox 2162 5604 2320 5670; x_wconf 77' lang='grc' dir='ltr'>μόνον</span> <span class='ocrx_word' id='word_1_866' title='bbox 2352 5604 2498 5673; x_wconf 77' lang='grc' dir='ltr'>αὐτῷ</span> <span class='ocrx_word' id='word_1_867' title='bbox 2535 5608 2590 5657; x_wconf 81' lang='grc' dir='ltr'>ἐν</span> <span class='ocrx_word' id='word_1_868' title='bbox 2627 5607 2738 5668; x_wconf 76' lang='grc' dir='ltr'>τοῖς</span> <span class='ocrx_word' id='word_1_869' title='bbox 2772 5605 2938 5669; x_wconf 78' lang='grc' dir='ltr'>Θείοις</span> <span class='ocrx_word' id='word_1_870' title='bbox 2963 5601 3105 5660; x_wconf 74' lang='grc' dir='ltr'>εἶναι</span> <span class='ocrx_word' id='word_1_871' title='bbox 3140 5608 3230 5660; x_wconf 81' lang='grc' dir='ltr'><strong>τὸν</strong></span> <span class='ocrx_word' id='word_1_872' title='bbox 3259 5608 3419 5677; x_wconf 71' lang='grc' dir='ltr'>μόνον</span> <span class='ocrx_word' id='word_1_873' title='bbox 3451 5611 3705 5677; x_wconf 50' lang='lat' dir='ltr'><strong>rapina-</strong></span> 
     </span>
    </p>
   </div>
   <div class='ocr_carea' id='block_1_115' title="bbox 2156 5695 3707 5768">
    <p class='ocr_par' dir='ltr' id='par_1_115' title="bbox 2156 5695 3707 5768">
     <span class='ocr_line' id='line_1_115' title="bbox 2156 5695 3707 5768; baseline 0.002 -24"><span class='ocrx_word' id='word_1_874' title='bbox 2156 5710 2246 5746; x_wconf 72' lang='grc' dir='ltr'>τα.</span> <span class='ocrx_word' id='word_1_875' title='bbox 2286 5695 2456 5756; x_wconf 77' lang='grc' dir='ltr'>Αὐτὸς</span> <span class='ocrx_word' id='word_1_876' title='bbox 2490 5696 2598 5764; x_wconf 75' lang='grc' dir='ltr'><strong>γὰρ</strong></span> <span class='ocrx_word' id='word_1_877' title='bbox 2638 5695 2798 5764; x_wconf 85' lang='grc' dir='ltr'>μόνος</span> <span class='ocrx_word' id='word_1_878' title='bbox 2823 5696 2972 5748; x_wconf 71' lang='grc' dir='ltr'>ἐστὶν</span> <span class='ocrx_word' id='word_1_879' title='bbox 3004 5698 3032 5748; x_wconf 86' lang='grc' dir='ltr'><strong>ό</strong></span> <span class='ocrx_word' id='word_1_880' title='bbox 3063 5697 3331 5768; x_wconf 75' lang='grc' dir='ltr'>παράγων</span> <span class='ocrx_word' id='word_1_881' title='bbox 3355 5702 3474 5762; x_wconf 86' lang='grc' dir='ltr'>ταῖς</span> <span class='ocrx_word' id='word_1_882' title='bbox 3504 5696 3707 5767; x_wconf 74' lang='grc' dir='ltr'>εἰρημέ-</span> 
     </span>
    </p>
   </div>
   <div class='ocr_carea' id='block_1_116' title="bbox 2161 5784 3694 5860">
    <p class='ocr_par' dir='ltr' id='par_1_116' title="bbox 2161 5784 3694 5860">
     <span class='ocr_line' id='line_1_116' title="bbox 2161 5784 3694 5860; baseline 0.008 -27"><span class='ocrx_word' id='word_1_883' title='bbox 2161 5801 2276 5846; x_wconf 66' lang='grc' dir='ltr'>νχις</span> <span class='ocrx_word' id='word_1_884' title='bbox 2303 5784 2616 5854; x_wconf 64' lang='grc' dir='ltr'>δυνάμεσιν,</span> <span class='ocrx_word' id='word_1_885' title='bbox 2661 5787 2734 5849; x_wconf 79' lang='grc' dir='ltr'>ὡς</span> <span class='ocrx_word' id='word_1_886' title='bbox 2764 5788 2915 5858; x_wconf 80' lang='grc' dir='ltr'>πηγὴ</span> <span class='ocrx_word' id='word_1_887' title='bbox 2945 5789 3037 5843; x_wconf 70' lang='grc' dir='ltr'><strong>καὶ</strong></span> <span class='ocrx_word' id='word_1_888' title='bbox 3070 5791 3212 5860; x_wconf 76' lang='grc' dir='ltr'>ἁρχὴ</span> <span class='ocrx_word' id='word_1_889' title='bbox 3267 5793 3360 5844; x_wconf 70' lang='grc' dir='ltr'><strong>καὶ</strong></span> <span class='ocrx_word' id='word_1_890' title='bbox 3393 5791 3558 5855; x_wconf 68' lang='grc' dir='ltr'>αἰτία,</span> <span class='ocrx_word' id='word_1_891' title='bbox 3615 5789 3694 5839; x_wconf 73' lang='grc' dir='ltr'><strong>κιὶ</strong></span> 
     </span>
    </p>
   </div>
  </div>
