  <div class='ocr_page' id='page_1' title='image "/cluster/home/n/w/nwhite01/storage/ocr_20150623/158/mdp.39015078384701/538.png"; bbox 0 0 3904 6222; ppageno 0'>
   <div class='ocr_carea' id='block_1_1' title="bbox 188 370 293 433">
    <p class='ocr_par' dir='ltr' id='par_1_1' title="bbox 188 370 293 433">
     <span class='ocr_line' id='line_1_1' title="bbox 188 370 293 433; baseline -0.019 0"><span class='ocrx_word' id='word_1_1' title='bbox 188 370 293 433; x_wconf 74' lang='lat'><strong>997</strong></span> 
     </span>
    </p>
   </div>
   <div class='ocr_carea' id='block_1_2' title="bbox 1107 363 2485 427">
    <p class='ocr_par' dir='ltr' id='par_1_2' title="bbox 1107 363 2485 427">
     <span class='ocr_line' id='line_1_2' title="bbox 1107 363 2485 427; baseline -0.001 0"><span class='ocrx_word' id='word_1_2' title='bbox 1107 366 1205 427; x_wconf 89' lang='lat' dir='ltr'><strong>DE</strong></span> <span class='ocrx_word' id='word_1_3' title='bbox 1246 363 1771 425; x_wconf 74' lang='lat' dir='ltr'><strong>PROCESSIONE</strong></span> <span class='ocrx_word' id='word_1_4' title='bbox 1804 363 2161 423; x_wconf 82' lang='lat' dir='ltr'><strong>SPIRITUS</strong></span> <span class='ocrx_word' id='word_1_5' title='bbox 2203 366 2485 427; x_wconf 72' lang='lat' dir='ltr'><strong>SANCTI.</strong></span> 
     </span>
    </p>
   </div>
   <div class='ocr_carea' id='block_1_3' title="bbox 3344 366 3451 428">
    <p class='ocr_par' dir='ltr' id='par_1_3' title="bbox 3344 366 3451 428">
     <span class='ocr_line' id='line_1_3' title="bbox 3344 366 3451 428; baseline 0 0"><span class='ocrx_word' id='word_1_6' title='bbox 3344 366 3451 428; x_wconf 81' lang='lat'><strong>998</strong></span> 
     </span>
    </p>
   </div>
   <div class='ocr_carea' id='block_1_4' title="bbox 188 475 1762 551">
    <p class='ocr_par' dir='ltr' id='par_1_4' title="bbox 188 475 1762 551">
     <span class='ocr_line' id='line_1_4' title="bbox 188 475 1762 551; baseline -0.006 -17"><span class='ocrx_word' id='word_1_7' title='bbox 188 482 217 534; x_wconf 84' lang='grc' dir='ltr'><strong>ὂ</strong></span> <span class='ocrx_word' id='word_1_8' title='bbox 251 498 303 533; x_wconf 90' lang='grc' dir='ltr'><strong>τι</strong></span> <span class='ocrx_word' id='word_1_9' title='bbox 327 478 391 533; x_wconf 76' lang='grc' dir='ltr'>ἂν</span> <span class='ocrx_word' id='word_1_10' title='bbox 418 479 560 533; x_wconf 75' lang='grc' dir='ltr'>εἴποι</span> <span class='ocrx_word' id='word_1_11' title='bbox 592 498 673 546; x_wconf 89' lang='grc' dir='ltr'><strong>τις</strong></span> <span class='ocrx_word' id='word_1_12' title='bbox 700 479 807 535; x_wconf 85' lang='grc' dir='ltr'><strong>τῶν</strong></span> <span class='ocrx_word' id='word_1_13' title='bbox 832 478 1055 551; x_wconf 78' lang='grc' dir='ltr'>ὁμοίων.</span> <span class='ocrx_word' id='word_1_14' title='bbox 1093 478 1329 547; x_wconf 81' lang='grc' dir='ltr'>Φανερὸν</span> <span class='ocrx_word' id='word_1_15' title='bbox 1371 476 1427 529; x_wconf 77' lang='grc' dir='ltr'>δὲ</span> <span class='ocrx_word' id='word_1_16' title='bbox 1459 476 1554 529; x_wconf 73' lang='grc' dir='ltr'>καὶ</span> <span class='ocrx_word' id='word_1_17' title='bbox 1585 476 1664 528; x_wconf 76' lang='grc' dir='ltr'>ὅτι</span> <span class='ocrx_word' id='word_1_18' title='bbox 1710 475 1762 529; x_wconf 78' lang='grc' dir='ltr'><strong>αἱ</strong></span> 
     </span>
    </p>
   </div>
   <div class='ocr_carea' id='block_1_5' title="bbox 1868 475 3458 551">
    <p class='ocr_par' dir='ltr' id='par_1_5' title="bbox 1873 475 3458 546">
     <span class='ocr_line' id='line_1_5' title="bbox 1873 475 3458 546; baseline 0.001 -18"><span class='ocrx_word' id='word_1_19' title='bbox 1873 489 2059 539; x_wconf 89' lang='lat' dir='ltr'><strong>causa,</strong></span> <span class='ocrx_word' id='word_1_20' title='bbox 2096 486 2151 530; x_wconf 88' lang='lat' dir='ltr'><strong>et</strong></span> <span class='ocrx_word' id='word_1_21' title='bbox 2186 476 2452 546; x_wconf 79' lang='lat' dir='ltr'><strong>quidquid</strong></span> <span class='ocrx_word' id='word_1_22' title='bbox 2480 476 2629 531; x_wconf 86' lang='lat' dir='ltr'><strong>aliud</strong></span> <span class='ocrx_word' id='word_1_23' title='bbox 2667 478 2717 531; x_wconf 88' lang='lat' dir='ltr'><strong>in</strong></span> <span class='ocrx_word' id='word_1_24' title='bbox 2747 491 2803 531; x_wconf 90' lang='lat' dir='ltr'><strong>re</strong></span> <span class='ocrx_word' id='word_1_25' title='bbox 2830 484 2976 531; x_wconf 86' lang='lat' dir='ltr'><strong>tanta</strong></span> <span class='ocrx_word' id='word_1_26' title='bbox 3008 490 3071 530; x_wconf 90' lang='lat' dir='ltr'><strong>ac</strong></span> <span class='ocrx_word' id='word_1_27' title='bbox 3096 475 3258 530; x_wconf 83' lang='lat' dir='ltr'><strong>simili</strong></span> <span class='ocrx_word' id='word_1_28' title='bbox 3305 475 3458 545; x_wconf 73' lang='lat' dir='ltr'><strong>quis‘</strong></span> 
     </span>
    </p>
   </div>
   <div class='ocr_carea' id='block_1_6' title="bbox 189 569 1769 642">
    <p class='ocr_par' dir='ltr' id='par_1_6' title="bbox 189 569 1769 642">
     <span class='ocr_line' id='line_1_6' title="bbox 189 569 1769 642; baseline -0.004 -17"><span class='ocrx_word' id='word_1_29' title='bbox 189 575 313 641; x_wconf 82' lang='grc' dir='ltr'>είρη</span> <span class='ocrx_word' id='word_1_30' title='bbox 325 574 483 641; x_wconf 79' lang='grc' dir='ltr'>μέναι</span> <span class='ocrx_word' id='word_1_31' title='bbox 513 571 606 625; x_wconf 83' lang='grc' dir='ltr'><strong>δύο</strong></span> <span class='ocrx_word' id='word_1_32' title='bbox 623 572 883 642; x_wconf 81' lang='grc' dir='ltr'>δυνάμεις</span> <span class='ocrx_word' id='word_1_33' title='bbox 903 573 936 641; x_wconf 78' lang='grc' dir='ltr'><strong>ἡ</strong></span> <span class='ocrx_word' id='word_1_34' title='bbox 961 571 1079 623; x_wconf 83' lang='grc' dir='ltr'>θεία</span> <span class='ocrx_word' id='word_1_35' title='bbox 1103 571 1259 622; x_wconf 80' lang='grc' dir='ltr'>οὐσία</span> <span class='ocrx_word' id='word_1_36' title='bbox 1281 569 1497 631; x_wconf 81' lang='grc' dir='ltr'>πάντως</span> <span class='ocrx_word' id='word_1_37' title='bbox 1518 569 1653 633; x_wconf 71' lang='grc' dir='ltr'>ἐστὶ,</span> <span class='ocrx_word' id='word_1_38' title='bbox 1678 572 1769 619; x_wconf 70' lang='grc' dir='ltr'>καὶ</span> 
     </span>
    </p>
   </div>
   <div class='ocr_carea' id='block_1_7' title="bbox 188 666 1769 740">
    <p class='ocr_par' dir='ltr' id='par_1_7' title="bbox 188 666 1769 740">
     <span class='ocr_line' id='line_1_7' title="bbox 188 666 1769 740; baseline -0.001 -19"><span class='ocrx_word' id='word_1_39' title='bbox 188 668 260 722; x_wconf 65' lang='lat' dir='ltr'><strong>tit</strong></span> <span class='ocrx_word' id='word_1_40' title='bbox 281 670 639 738; x_wconf 72' lang='grc' dir='ltr'>ἀποδιδόμενα</span> <span class='ocrx_word' id='word_1_41' title='bbox 658 670 733 740; x_wconf 80' lang='grc' dir='ltr'><strong>τῷ</strong></span> <span class='ocrx_word' id='word_1_42' title='bbox 753 670 895 739; x_wconf 76' lang='grc' dir='ltr'>Θεῷ,</span> <span class='ocrx_word' id='word_1_43' title='bbox 915 668 1039 732; x_wconf 79' lang='grc' dir='ltr'>νοῦς</span> <span class='ocrx_word' id='word_1_44' title='bbox 1057 686 1114 721; x_wconf 90' lang='grc' dir='ltr'><strong>τε</strong></span> <span class='ocrx_word' id='word_1_45' title='bbox 1140 670 1230 721; x_wconf 64' lang='grc' dir='ltr'>καὶ</span> <span class='ocrx_word' id='word_1_46' title='bbox 1256 668 1533 737; x_wconf 74' lang='grc' dir='ltr'>βούλησις.</span> <span class='ocrx_word' id='word_1_47' title='bbox 1552 666 1691 729; x_wconf 75' lang='grc' dir='ltr'>Νοῦς</span> <span class='ocrx_word' id='word_1_48' title='bbox 1715 666 1769 719; x_wconf 75' lang='grc' dir='ltr'>δὲ</span> 
     </span>
    </p>
   </div>
   <div class='ocr_carea' id='block_1_8' title="bbox 190 761 1770 833">
    <p class='ocr_par' dir='ltr' id='par_1_8' title="bbox 190 761 1770 833">
     <span class='ocr_line' id='line_1_8' title="bbox 190 761 1770 833; baseline -0.002 -19"><span class='ocrx_word' id='word_1_49' title='bbox 190 762 301 831; x_wconf 79' lang='grc' dir='ltr'>ἄρα</span> <span class='ocrx_word' id='word_1_50' title='bbox 316 763 407 814; x_wconf 77' lang='grc' dir='ltr'><strong>καὶ</strong></span> <span class='ocrx_word' id='word_1_51' title='bbox 428 761 681 833; x_wconf 74' lang='grc' dir='ltr'>βούλησις</span> <span class='ocrx_word' id='word_1_52' title='bbox 695 764 779 815; x_wconf 83' lang='grc' dir='ltr'>τε)</span> <span class='ocrx_word' id='word_1_53' title='bbox 793 763 1053 832; x_wconf 86' lang='grc' dir='ltr'>ειότητες.</span> <span class='ocrx_word' id='word_1_54' title='bbox 1071 765 1223 813; x_wconf 74' lang='grc' dir='ltr'>Δυοῖν</span> <span class='ocrx_word' id='word_1_55' title='bbox 1241 763 1481 829; x_wconf 39' lang='grc' dir='ltr'>δὲιόντοιν</span> <span class='ocrx_word' id='word_1_56' title='bbox 1502 764 1614 812; x_wconf 90' lang='grc' dir='ltr'>τοῖν</span> <span class='ocrx_word' id='word_1_57' title='bbox 1635 778 1702 813; x_wconf 86' lang='grc' dir='ltr'><strong>πα</strong></span> <span class='ocrx_word' id='word_1_58' title='bbox 1715 777 1770 829; x_wconf 88' lang='grc' dir='ltr'>ρ-</span> 
     </span>
    </p>
   </div>
   <div class='ocr_carea' id='block_1_9' title="bbox 190 854 1767 925">
    <p class='ocr_par' dir='ltr' id='par_1_9' title="bbox 190 854 1767 925">
     <span class='ocr_line' id='line_1_9' title="bbox 190 854 1767 925; baseline -0.003 -18"><span class='ocrx_word' id='word_1_59' title='bbox 190 855 487 922; x_wconf 76' lang='grc' dir='ltr'>αγομένοιν</span> <span class='ocrx_word' id='word_1_60' title='bbox 508 858 845 925; x_wconf 61' lang='grc' dir='ltr'>προσώποιν,</span> <span class='ocrx_word' id='word_1_61' title='bbox 866 855 995 907; x_wconf 85' lang='grc' dir='ltr'><strong>Υἱοῦ</strong></span> <span class='ocrx_word' id='word_1_62' title='bbox 1016 872 1072 906; x_wconf 89' lang='grc' dir='ltr'><strong>τε</strong></span> <span class='ocrx_word' id='word_1_63' title='bbox 1098 856 1191 906; x_wconf 68' lang='grc' dir='ltr'>καὶ</span> <span class='ocrx_word' id='word_1_64' title='bbox 1217 855 1360 905; x_wconf 78' lang='grc' dir='ltr'>θείου</span> <span class='ocrx_word' id='word_1_65' title='bbox 1417 854 1733 921; x_wconf 67' lang='grc' dir='ltr'>Πνεὺμιτος</span> <span class='ocrx_word' id='word_1_66' title='bbox 1753 892 1767 916; x_wconf 94' lang='grc'><strong>,</strong></span> 
     </span>
    </p>
   </div>
   <div class='ocr_carea' id='block_1_10' title="bbox 191 940 1771 1020">
    <p class='ocr_par' dir='ltr' id='par_1_10' title="bbox 191 940 1771 1020">
     <span class='ocr_line' id='line_1_10' title="bbox 191 940 1771 1020; baseline -0.003 -23"><span class='ocrx_word' id='word_1_67' title='bbox 191 948 221 997; x_wconf 85' lang='lat'><strong>6</strong></span> <span class='ocrx_word' id='word_1_68' title='bbox 250 948 347 1015; x_wconf 77' lang='grc' dir='ltr'><strong>μὲν</strong></span> <span class='ocrx_word' id='word_1_69' title='bbox 370 947 616 1017; x_wconf 88' lang='grc' dir='ltr'>πρόεισιν</span> <span class='ocrx_word' id='word_1_70' title='bbox 646 950 707 1001; x_wconf 78' lang='grc' dir='ltr'><strong>ἐκ</strong></span> <span class='ocrx_word' id='word_1_71' title='bbox 732 946 826 1000; x_wconf 71' lang='grc' dir='ltr'>τοῦ</span> <span class='ocrx_word' id='word_1_72' title='bbox 862 947 1098 1014; x_wconf 65' lang='grc' dir='ltr'>Πατρός,</span> <span class='ocrx_word' id='word_1_73' title='bbox 1171 946 1382 1015; x_wconf 82' lang='grc' dir='ltr'>Πατὴρ,</span> <span class='ocrx_word' id='word_1_74' title='bbox 1420 945 1498 995; x_wconf 79' lang='grc' dir='ltr'><strong>διὸ</strong></span> <span class='ocrx_word' id='word_1_75' title='bbox 1520 946 1611 995; x_wconf 74' lang='grc' dir='ltr'><strong>καὶ</strong></span> <span class='ocrx_word' id='word_1_76' title='bbox 1635 944 1771 1008; x_wconf 69' lang='grc' dir='ltr'>πρὸς</span> 
     </span>
    </p>
   </div>
   <div class='ocr_carea' id='block_1_11' title="bbox 190 1037 1768 1110">
    <p class='ocr_par' dir='ltr' id='par_1_11' title="bbox 190 1037 1768 1110">
     <span class='ocr_line' id='line_1_11' title="bbox 190 1037 1768 1110; baseline -0.001 -21"><span class='ocrx_word' id='word_1_77' title='bbox 190 1038 357 1090; x_wconf 71' lang='grc' dir='ltr'>αὐτὸν</span> <span class='ocrx_word' id='word_1_78' title='bbox 389 1040 723 1110; x_wconf 69' lang='grc' dir='ltr'>ἀναφέρεται</span> <span class='ocrx_word' id='word_1_79' title='bbox 775 1041 841 1109; x_wconf 84' lang='grc' dir='ltr'>τῇ</span> <span class='ocrx_word' id='word_1_80' title='bbox 897 1040 1142 1107; x_wconf 80' lang='grc' dir='ltr'>υίότητι·</span> <span class='ocrx_word' id='word_1_81' title='bbox 1192 1037 1317 1099; x_wconf 82' lang='grc' dir='ltr'>Υἱὸς</span> <span class='ocrx_word' id='word_1_82' title='bbox 1376 1038 1486 1105; x_wconf 76' lang='grc' dir='ltr'><strong>γὰρ</strong></span> <span class='ocrx_word' id='word_1_83' title='bbox 1532 1037 1768 1106; x_wconf 74' lang='grc' dir='ltr'>Πατρὶς,</span> 
     </span>
    </p>
   </div>
   <div class='ocr_carea' id='block_1_12' title="bbox 188 1124 1772 1202">
    <p class='ocr_par' dir='ltr' id='par_1_12' title="bbox 188 1124 1772 1202">
     <span class='ocr_line' id='line_1_12' title="bbox 188 1124 1772 1202; baseline -0.003 -20"><span class='ocrx_word' id='word_1_84' title='bbox 188 1128 384 1200; x_wconf 80' lang='grc' dir='ltr'>ὥσπερ</span> <span class='ocrx_word' id='word_1_85' title='bbox 411 1133 503 1183; x_wconf 66' lang='grc' dir='ltr'><strong>καὶ</strong></span> <span class='ocrx_word' id='word_1_86' title='bbox 526 1132 709 1201; x_wconf 81' lang='grc' dir='ltr'>Πατὴρ</span> <span class='ocrx_word' id='word_1_87' title='bbox 734 1132 759 1183; x_wconf 83' lang='lat'><strong>6</strong></span> <span class='ocrx_word' id='word_1_88' title='bbox 780 1134 969 1202; x_wconf 76' lang='grc' dir='ltr'>Πατὴρ</span> <span class='ocrx_word' id='word_1_89' title='bbox 990 1129 1120 1185; x_wconf 81' lang='grc' dir='ltr'><strong>Υίοῦ</strong></span> <span class='ocrx_word' id='word_1_90' title='bbox 1143 1131 1387 1197; x_wconf 81' lang='grc' dir='ltr'>λέγεται·</span> <span class='ocrx_word' id='word_1_91' title='bbox 1408 1131 1435 1181; x_wconf 97' lang='lat'><strong>6</strong></span> <span class='ocrx_word' id='word_1_92' title='bbox 1455 1128 1498 1181; x_wconf 84' lang='grc' dir='ltr'>δ’</span> <span class='ocrx_word' id='word_1_93' title='bbox 1519 1124 1585 1181; x_wconf 77' lang='grc' dir='ltr'>αὖ</span> <span class='ocrx_word' id='word_1_94' title='bbox 1608 1129 1772 1182; x_wconf 71' lang='grc' dir='ltr'>πάλιν</span> 
     </span>
    </p>
   </div>
   <div class='ocr_carea' id='block_1_13' title="bbox 192 1215 1767 1295">
    <p class='ocr_par' dir='ltr' id='par_1_13' title="bbox 192 1215 1767 1295">
     <span class='ocr_line' id='line_1_13' title="bbox 192 1215 1767 1295; baseline 0 -22"><span class='ocrx_word' id='word_1_95' title='bbox 192 1224 262 1273; x_wconf 80' lang='grc' dir='ltr'>ἐκ</span> <span class='ocrx_word' id='word_1_96' title='bbox 294 1224 387 1275; x_wconf 83' lang='grc' dir='ltr'><strong>τοῦ</strong></span> <span class='ocrx_word' id='word_1_97' title='bbox 455 1224 618 1276; x_wconf 80' lang='grc' dir='ltr'>αὐτοῦ</span> <span class='ocrx_word' id='word_1_98' title='bbox 654 1226 866 1293; x_wconf 65' lang='grc' dir='ltr'>Πατρός</span> <span class='ocrx_word' id='word_1_99' title='bbox 942 1224 1323 1295; x_wconf 67' lang='grc' dir='ltr'>ἐκπορεύεται,</span> <span class='ocrx_word' id='word_1_100' title='bbox 1353 1223 1450 1292; x_wconf 69' lang='grc' dir='ltr'>οὐχ</span> <span class='ocrx_word' id='word_1_101' title='bbox 1558 1221 1767 1291; x_wconf 79' lang='grc' dir='ltr'>Πατὴρ,</span> 
     </span>
    </p>
   </div>
   <div class='ocr_carea' id='block_1_14' title="bbox 187 1308 1766 1387">
    <p class='ocr_par' dir='ltr' id='par_1_14' title="bbox 187 1308 1766 1387">
     <span class='ocr_line' id='line_1_14' title="bbox 187 1308 1766 1387; baseline -0.001 -23"><span class='ocrx_word' id='word_1_102' title='bbox 187 1308 364 1387; x_wconf 82' lang='grc' dir='ltr'>ἁλλ’ᾖ</span> <span class='ocrx_word' id='word_1_103' title='bbox 392 1314 690 1383; x_wconf 82' lang='grc' dir='ltr'>προϐολεὺς</span> <span class='ocrx_word' id='word_1_104' title='bbox 717 1315 909 1385; x_wconf 72' lang='grc' dir='ltr'>δήπου,</span> <span class='ocrx_word' id='word_1_105' title='bbox 956 1316 1050 1368; x_wconf 75' lang='grc' dir='ltr'>καὶ</span> <span class='ocrx_word' id='word_1_106' title='bbox 1071 1315 1414 1385; x_wconf 76' lang='grc' dir='ltr'>προϐάλλων,</span> <span class='ocrx_word' id='word_1_107' title='bbox 1454 1316 1549 1367; x_wconf 71' lang='grc' dir='ltr'><strong>καὶ</strong></span> <span class='ocrx_word' id='word_1_108' title='bbox 1567 1314 1766 1375; x_wconf 80' lang='grc' dir='ltr'>πνέων,</span> 
     </span>
    </p>
   </div>
   <div class='ocr_carea' id='block_1_15' title="bbox 192 1405 1772 1476">
    <p class='ocr_par' dir='ltr' id='par_1_15' title="bbox 192 1405 1772 1476">
     <span class='ocr_line' id='line_1_15' title="bbox 192 1405 1772 1476; baseline 0.001 -19"><span class='ocrx_word' id='word_1_109' title='bbox 192 1406 290 1458; x_wconf 72' lang='grc' dir='ltr'><strong>καὶ</strong></span> <span class='ocrx_word' id='word_1_110' title='bbox 316 1406 415 1457; x_wconf 82' lang='grc' dir='ltr'><strong>ὅσα</strong></span> <span class='ocrx_word' id='word_1_111' title='bbox 449 1405 549 1474; x_wconf 79' lang='grc' dir='ltr'><strong>τῆς</strong></span> <span class='ocrx_word' id='word_1_112' title='bbox 591 1407 785 1473; x_wconf 82' lang='grc' dir='ltr'>ὁμοίας</span> <span class='ocrx_word' id='word_1_113' title='bbox 838 1407 966 1460; x_wconf 82' lang='grc' dir='ltr'>ὄντα</span> <span class='ocrx_word' id='word_1_114' title='bbox 1016 1408 1276 1476; x_wconf 79' lang='grc' dir='ltr'>τυγχάνει</span> <span class='ocrx_word' id='word_1_115' title='bbox 1328 1408 1631 1476; x_wconf 76' lang='grc' dir='ltr'>δυνάμεως.</span> <span class='ocrx_word' id='word_1_116' title='bbox 1679 1408 1772 1459; x_wconf 86' lang='grc' dir='ltr'>Διὸ</span> 
     </span>
    </p>
   </div>
   <div class='ocr_carea' id='block_1_16' title="bbox 186 1494 1767 1564">
    <p class='ocr_par' dir='ltr' id='par_1_16' title="bbox 186 1494 1767 1564">
     <span class='ocr_line' id='line_1_16' title="bbox 186 1494 1767 1564; baseline -0.002 -16"><span class='ocrx_word' id='word_1_117' title='bbox 186 1498 285 1551; x_wconf 79' lang='grc' dir='ltr'>καὶ</span> <span class='ocrx_word' id='word_1_118' title='bbox 315 1497 449 1564; x_wconf 68' lang='grc' dir='ltr'>πρὸς</span> <span class='ocrx_word' id='word_1_119' title='bbox 471 1496 634 1548; x_wconf 73' lang='grc' dir='ltr'>αὑτὸν</span> <span class='ocrx_word' id='word_1_120' title='bbox 660 1499 721 1548; x_wconf 82' lang='grc' dir='ltr'><strong>τδ</strong></span> <span class='ocrx_word' id='word_1_121' title='bbox 743 1497 884 1549; x_wconf 83' lang='grc' dir='ltr'>οεῖον</span> <span class='ocrx_word' id='word_1_122' title='bbox 905 1498 1243 1564; x_wconf 74' lang='grc' dir='ltr'>ἀναφέρεται</span> <span class='ocrx_word' id='word_1_123' title='bbox 1272 1494 1498 1563; x_wconf 79' lang='grc' dir='ltr'>Πνεῦμα</span> <span class='ocrx_word' id='word_1_124' title='bbox 1527 1497 1593 1562; x_wconf 80' lang='grc' dir='ltr'>τῇ</span> <span class='ocrx_word' id='word_1_125' title='bbox 1640 1511 1767 1563; x_wconf 87' lang='grc' dir='ltr'>προ-</span> 
     </span>
    </p>
   </div>
   <div class='ocr_carea' id='block_1_17' title="bbox 184 1586 1770 1658">
    <p class='ocr_par' dir='ltr' id='par_1_17' title="bbox 184 1586 1770 1658">
     <span class='ocr_line' id='line_1_17' title="bbox 184 1586 1770 1658; baseline -0.001 -19"><span class='ocrx_word' id='word_1_126' title='bbox 184 1587 344 1656; x_wconf 71' lang='grc' dir='ltr'>ϐολῇ.</span> <span class='ocrx_word' id='word_1_127' title='bbox 377 1588 691 1656; x_wconf 81' lang='grc' dir='ltr'>Προϐολέως</span> <span class='ocrx_word' id='word_1_128' title='bbox 732 1589 842 1657; x_wconf 77' lang='grc' dir='ltr'><strong>γὰρ</strong></span> <span class='ocrx_word' id='word_1_129' title='bbox 886 1588 1181 1658; x_wconf 79' lang='grc' dir='ltr'>πρόϐλημα</span> <span class='ocrx_word' id='word_1_130' title='bbox 1224 1586 1466 1654; x_wconf 78' lang='grc' dir='ltr'>λέγεται,</span> <span class='ocrx_word' id='word_1_131' title='bbox 1514 1586 1770 1655; x_wconf 76' lang='grc' dir='ltr'>καθάπερ</span> 
     </span>
    </p>
   </div>
   <div class='ocr_carea' id='block_1_18' title="bbox 186 1677 1767 1748">
    <p class='ocr_par' dir='ltr' id='par_1_18' title="bbox 186 1677 1767 1748">
     <span class='ocr_line' id='line_1_18' title="bbox 186 1677 1767 1748; baseline -0.003 -17"><span class='ocrx_word' id='word_1_132' title='bbox 186 1681 284 1731; x_wconf 69' lang='grc' dir='ltr'><strong>καὶ</strong></span> <span class='ocrx_word' id='word_1_133' title='bbox 310 1679 607 1747; x_wconf 77' lang='grc' dir='ltr'>προϐολεὺς</span> <span class='ocrx_word' id='word_1_134' title='bbox 636 1678 703 1730; x_wconf 79' lang='grc' dir='ltr'><strong>αὖ</strong></span> <span class='ocrx_word' id='word_1_135' title='bbox 731 1680 1119 1748; x_wconf 78' lang='grc' dir='ltr'>προῦληματος</span> <span class='ocrx_word' id='word_1_136' title='bbox 1174 1677 1498 1746; x_wconf 82' lang='grc' dir='ltr'>προϐολεύς.</span> <span class='ocrx_word' id='word_1_137' title='bbox 1552 1677 1767 1744; x_wconf 86' lang='grc' dir='ltr'>Ὥσπερ</span> 
     </span>
    </p>
   </div>
   <div class='ocr_carea' id='block_1_19' title="bbox 180 1768 1769 1840">
    <p class='ocr_par' dir='ltr' id='par_1_19' title="bbox 180 1768 1769 1840">
     <span class='ocr_line' id='line_1_19' title="bbox 180 1768 1769 1840; baseline -0.003 -17"><span class='ocrx_word' id='word_1_138' title='bbox 180 1770 395 1823; x_wconf 78' lang='grc' dir='ltr'>οὖντοῦ</span> <span class='ocrx_word' id='word_1_139' title='bbox 437 1771 744 1839; x_wconf 58' lang='grc' dir='ltr'>πῳϐολέως</span> <span class='ocrx_word' id='word_1_140' title='bbox 776 1772 805 1822; x_wconf 85' lang='lat'><strong>6</strong></span> <span class='ocrx_word' id='word_1_141' title='bbox 839 1771 1024 1840; x_wconf 83' lang='grc' dir='ltr'>Πατὴρ</span> <span class='ocrx_word' id='word_1_142' title='bbox 1052 1772 1458 1839; x_wconf 84' lang='grc' dir='ltr'>προεπινοεῖται</span> <span class='ocrx_word' id='word_1_143' title='bbox 1487 1768 1630 1822; x_wconf 75' lang='grc' dir='ltr'>κατὰ</span> <span class='ocrx_word' id='word_1_144' title='bbox 1670 1770 1769 1835; x_wconf 76' lang='grc' dir='ltr'><strong>μὲν</strong></span> 
     </span>
    </p>
   </div>
   <div class='ocr_carea' id='block_1_20' title="bbox 1873 566 3454 638">
    <p class='ocr_par' dir='ltr' id='par_1_20' title="bbox 1873 566 3454 638">
     <span class='ocr_line' id='line_1_20' title="bbox 1873 566 3454 638; baseline 0.002 -20"><span class='ocrx_word' id='word_1_145' title='bbox 1873 566 2015 635; x_wconf 83' lang='lat' dir='ltr'><strong>piam</strong></span> <span class='ocrx_word' id='word_1_146' title='bbox 2047 567 2460 638; x_wconf 75' lang='lat' dir='ltr'><strong>excogitaverit,</strong></span> <span class='ocrx_word' id='word_1_147' title='bbox 2490 568 2767 637; x_wconf 81' lang='lat' dir='ltr'><strong>producit.</strong></span> <span class='ocrx_word' id='word_1_148' title='bbox 2802 566 3023 623; x_wconf 89' lang='lat' dir='ltr'><strong>Clarum</strong></span> <span class='ocrx_word' id='word_1_149' title='bbox 3066 567 3195 623; x_wconf 84' lang='lat' dir='ltr'><strong>item</strong></span> <span class='ocrx_word' id='word_1_150' title='bbox 3226 574 3311 622; x_wconf 85' lang='lat' dir='ltr'><strong>est</strong></span> <span class='ocrx_word' id='word_1_151' title='bbox 3337 567 3454 623; x_wconf 86' lang='lat' dir='ltr'><strong>dic-</strong></span> 
     </span>
    </p>
   </div>
   <div class='ocr_carea' id='block_1_21' title="bbox 1875 656 3453 728">
    <p class='ocr_par' dir='ltr' id='par_1_21' title="bbox 1875 656 3453 728">
     <span class='ocr_line' id='line_1_21' title="bbox 1875 656 3453 728; baseline 0.002 -18"><span class='ocrx_word' id='word_1_152' title='bbox 1875 665 1955 710; x_wconf 86' lang='lat' dir='ltr'><strong>tas</strong></span> <span class='ocrx_word' id='word_1_153' title='bbox 1986 657 2120 711; x_wconf 88' lang='lat' dir='ltr'><strong>duas</strong></span> <span class='ocrx_word' id='word_1_154' title='bbox 2156 656 2443 712; x_wconf 78' lang='lat' dir='ltr'><strong>facultates</strong></span> <span class='ocrx_word' id='word_1_155' title='bbox 2482 658 2723 711; x_wconf 75' lang='lat' dir='ltr'><strong>divinam</strong></span> <span class='ocrx_word' id='word_1_156' title='bbox 2771 658 3063 713; x_wconf 83' lang='lat' dir='ltr'><strong>essentiam</strong></span> <span class='ocrx_word' id='word_1_157' title='bbox 3108 657 3268 728; x_wconf 81' lang='lat' dir='ltr'><strong>plane</strong></span> <span class='ocrx_word' id='word_1_158' title='bbox 3307 656 3453 723; x_wconf 83' lang='lat' dir='ltr'><strong>esse,</strong></span> 
     </span>
    </p>
   </div>
   <div class='ocr_carea' id='block_1_22' title="bbox 1872 748 3452 817">
    <p class='ocr_par' dir='ltr' id='par_1_22' title="bbox 1872 748 3452 817">
     <span class='ocr_line' id='line_1_22' title="bbox 1872 748 3452 817; baseline 0.003 -18"><span class='ocrx_word' id='word_1_159' title='bbox 1872 758 1925 801; x_wconf 87' lang='lat' dir='ltr'><strong>et</strong></span> <span class='ocrx_word' id='word_1_160' title='bbox 1978 764 2097 817; x_wconf 76' lang='lat' dir='ltr'><strong>qua:</strong></span> <span class='ocrx_word' id='word_1_161' title='bbox 2149 748 2255 802; x_wconf 90' lang='lat' dir='ltr'><strong>Deo</strong></span> <span class='ocrx_word' id='word_1_162' title='bbox 2293 749 2677 804; x_wconf 83' lang='lat' dir='ltr'><strong>attribuuntur</strong></span> <span class='ocrx_word' id='word_1_163' title='bbox 2712 751 3021 805; x_wconf 85' lang='lat' dir='ltr'><strong>intellectus</strong></span> <span class='ocrx_word' id='word_1_164' title='bbox 3074 760 3129 805; x_wconf 90' lang='lat' dir='ltr'><strong>et</strong></span> <span class='ocrx_word' id='word_1_165' title='bbox 3173 752 3452 806; x_wconf 81' lang='lat' dir='ltr'><strong>voluntas.</strong></span> 
     </span>
    </p>
   </div>
   <div class='ocr_carea' id='block_1_23' title="bbox 1873 839 3446 911">
    <p class='ocr_par' dir='ltr' id='par_1_23' title="bbox 1873 839 3446 911">
     <span class='ocr_line' id='line_1_23' title="bbox 1873 839 3446 911; baseline 0.004 -20"><span class='ocrx_word' id='word_1_166' title='bbox 1873 839 2189 895; x_wconf 83' lang='lat' dir='ltr'><strong>Intellectus</strong></span> <span class='ocrx_word' id='word_1_167' title='bbox 2242 843 2424 911; x_wconf 81' lang='lat' dir='ltr'><strong>itaque</strong></span> <span class='ocrx_word' id='word_1_168' title='bbox 2480 853 2534 897; x_wconf 89' lang='lat' dir='ltr'><strong>et</strong></span> <span class='ocrx_word' id='word_1_169' title='bbox 2568 843 2822 896; x_wconf 76' lang='lat' dir='ltr'><strong>voluntas</strong></span> <span class='ocrx_word' id='word_1_170' title='bbox 2880 844 3242 911; x_wconf 67' lang='lat' dir='ltr'><strong>perfectiones</strong></span> <span class='ocrx_word' id='word_1_171' title='bbox 3296 853 3446 898; x_wconf 85' lang='lat' dir='ltr'><strong>sunt.</strong></span> 
     </span>
    </p>
   </div>
   <div class='ocr_carea' id='block_1_24' title="bbox 1872 930 3451 1006">
    <p class='ocr_par' dir='ltr' id='par_1_24' title="bbox 1872 930 3451 1006">
     <span class='ocr_line' id='line_1_24' title="bbox 1872 930 3451 1006; baseline 0.005 -24"><span class='ocrx_word' id='word_1_172' title='bbox 1872 930 2258 986; x_wconf 81' lang='lat' dir='ltr'><strong>Verumtamen</strong></span> <span class='ocrx_word' id='word_1_173' title='bbox 2289 950 2410 987; x_wconf 91' lang='lat' dir='ltr'><strong>cum</strong></span> <span class='ocrx_word' id='word_1_174' title='bbox 2442 951 2708 1004; x_wconf 75' lang='lat' dir='ltr'><strong>personze,</strong></span> <span class='ocrx_word' id='word_1_175' title='bbox 2734 954 2850 1006; x_wconf 64' lang='lat' dir='ltr'><strong>qua!</strong></span> <span class='ocrx_word' id='word_1_176' title='bbox 2898 938 3280 1006; x_wconf 85' lang='lat' dir='ltr'><strong>producuntur</strong></span> <span class='ocrx_word' id='word_1_177' title='bbox 3307 936 3451 991; x_wconf 72' lang='lat' dir='ltr'><strong>bina:</strong></span> 
     </span>
    </p>
   </div>
   <div class='ocr_carea' id='block_1_25' title="bbox 1872 1026 3451 1098">
    <p class='ocr_par' dir='ltr' id='par_1_25' title="bbox 1872 1026 3451 1098">
     <span class='ocr_line' id='line_1_25' title="bbox 1872 1026 3451 1098; baseline 0.001 -19"><span class='ocrx_word' id='word_1_178' title='bbox 1872 1027 1999 1093; x_wconf 89' lang='lat' dir='ltr'><strong>sint,</strong></span> <span class='ocrx_word' id='word_1_179' title='bbox 2036 1027 2205 1081; x_wconf 84' lang='lat' dir='ltr'><strong>Filius</strong></span> <span class='ocrx_word' id='word_1_180' title='bbox 2226 1037 2279 1081; x_wconf 86' lang='lat' dir='ltr'><strong>et</strong></span> <span class='ocrx_word' id='word_1_181' title='bbox 2304 1026 2541 1097; x_wconf 89' lang='lat' dir='ltr'><strong>Spiritus</strong></span> <span class='ocrx_word' id='word_1_182' title='bbox 2574 1042 2816 1095; x_wconf 84' lang='lat' dir='ltr'><strong>sanctus,</strong></span> <span class='ocrx_word' id='word_1_183' title='bbox 2858 1030 2947 1082; x_wconf 88' lang='lat' dir='ltr'><strong>ille</strong></span> <span class='ocrx_word' id='word_1_184' title='bbox 2983 1030 3206 1098; x_wconf 85' lang='lat' dir='ltr'><strong>quidem</strong></span> <span class='ocrx_word' id='word_1_185' title='bbox 3238 1029 3451 1097; x_wconf 86' lang='lat' dir='ltr'><strong>prosilit</strong></span> 
     </span>
    </p>
   </div>
   <div class='ocr_carea' id='block_1_26' title="bbox 1870 1117 3453 1189">
    <p class='ocr_par' dir='ltr' id='par_1_26' title="bbox 1870 1117 3453 1189">
     <span class='ocr_line' id='line_1_26' title="bbox 1870 1117 3453 1189; baseline 0.001 -17"><span class='ocrx_word' id='word_1_186' title='bbox 1870 1134 1934 1172; x_wconf 81' lang='lat' dir='ltr'><strong>ex</strong></span> <span class='ocrx_word' id='word_1_187' title='bbox 1974 1118 2148 1183; x_wconf 83' lang='lat' dir='ltr'><strong>Patre,</strong></span> <span class='ocrx_word' id='word_1_188' title='bbox 2184 1135 2289 1187; x_wconf 89' lang='lat' dir='ltr'><strong>qua</strong></span> <span class='ocrx_word' id='word_1_189' title='bbox 2325 1120 2487 1172; x_wconf 80' lang='lat' dir='ltr'><strong>Pater</strong></span> <span class='ocrx_word' id='word_1_190' title='bbox 2529 1128 2649 1183; x_wconf 89' lang='lat' dir='ltr'><strong>est,</strong></span> <span class='ocrx_word' id='word_1_191' title='bbox 2707 1120 2940 1189; x_wconf 89' lang='lat' dir='ltr'><strong>ideoque</strong></span> <span class='ocrx_word' id='word_1_192' title='bbox 2988 1117 3057 1171; x_wconf 88' lang='lat' dir='ltr'><strong>ad</strong></span> <span class='ocrx_word' id='word_1_193' title='bbox 3100 1120 3276 1187; x_wconf 89' lang='lat' dir='ltr'><strong>ipsum</strong></span> <span class='ocrx_word' id='word_1_194' title='bbox 3315 1119 3453 1173; x_wconf 87' lang='lat' dir='ltr'><strong>filia-</strong></span> 
     </span>
    </p>
   </div>
   <div class='ocr_carea' id='block_1_27' title="bbox 1873 1211 3460 1282">
    <p class='ocr_par' dir='ltr' id='par_1_27' title="bbox 1873 1211 3460 1282">
     <span class='ocr_line' id='line_1_27' title="bbox 1873 1211 3460 1282; baseline -0.001 -17"><span class='ocrx_word' id='word_1_195' title='bbox 1873 1211 2021 1266; x_wconf 85' lang='lat' dir='ltr'><strong>tione</strong></span> <span class='ocrx_word' id='word_1_196' title='bbox 2057 1212 2295 1265; x_wconf 81' lang='lat' dir='ltr'><strong>refertur</strong></span> <span class='ocrx_word' id='word_1_197' title='bbox 2332 1229 2346 1266; x_wconf 88' lang='lat'><strong>:</strong></span> <span class='ocrx_word' id='word_1_198' title='bbox 2385 1212 2557 1266; x_wconf 85' lang='lat' dir='ltr'><strong>Filius</strong></span> <span class='ocrx_word' id='word_1_199' title='bbox 2584 1213 2727 1267; x_wconf 88' lang='lat' dir='ltr'><strong>enim</strong></span> <span class='ocrx_word' id='word_1_200' title='bbox 2762 1213 2940 1267; x_wconf 87' lang='lat' dir='ltr'><strong>Patris</strong></span> <span class='ocrx_word' id='word_1_201' title='bbox 2971 1222 3075 1276; x_wconf 88' lang='lat' dir='ltr'><strong>est,</strong></span> <span class='ocrx_word' id='word_1_202' title='bbox 3102 1211 3460 1282; x_wconf 88' lang='lat' dir='ltr'><strong>quemadmo-</strong></span> 
     </span>
    </p>
   </div>
   <div class='ocr_carea' id='block_1_28' title="bbox 1873 1301 3460 1366">
    <p class='ocr_par' dir='ltr' id='par_1_28' title="bbox 1873 1301 3460 1366">
     <span class='ocr_line' id='line_1_28' title="bbox 1873 1301 3460 1366; baseline 0.001 -13"><span class='ocrx_word' id='word_1_203' title='bbox 1873 1302 2003 1355; x_wconf 88' lang='lat' dir='ltr'><strong>dum</strong></span> <span class='ocrx_word' id='word_1_204' title='bbox 2045 1312 2099 1357; x_wconf 90' lang='lat' dir='ltr'><strong>et</strong></span> <span class='ocrx_word' id='word_1_205' title='bbox 2132 1302 2309 1366; x_wconf 84' lang='lat' dir='ltr'><strong>Pater,</strong></span> <span class='ocrx_word' id='word_1_206' title='bbox 2345 1301 2467 1356; x_wconf 88' lang='lat' dir='ltr'><strong>Filii</strong></span> <span class='ocrx_word' id='word_1_207' title='bbox 2504 1304 2664 1357; x_wconf 86' lang='lat' dir='ltr'><strong>Pater</strong></span> <span class='ocrx_word' id='word_1_208' title='bbox 2707 1302 2932 1357; x_wconf 89' lang='lat' dir='ltr'><strong>dicitur.</strong></span> <span class='ocrx_word' id='word_1_209' title='bbox 2965 1301 3063 1357; x_wconf 84' lang='lat' dir='ltr'><strong>llic</strong></span> <span class='ocrx_word' id='word_1_210' title='bbox 3102 1318 3235 1357; x_wconf 85' lang='lat' dir='ltr'><strong>vero</strong></span> <span class='ocrx_word' id='word_1_211' title='bbox 3267 1317 3460 1356; x_wconf 84' lang='lat' dir='ltr'><strong>rursus</strong></span> 
     </span>
    </p>
   </div>
   <div class='ocr_carea' id='block_1_29' title="bbox 1872 1394 3459 1465">
    <p class='ocr_par' dir='ltr' id='par_1_29' title="bbox 1872 1394 3459 1465">
     <span class='ocr_line' id='line_1_29' title="bbox 1872 1394 3459 1465; baseline 0 -17"><span class='ocrx_word' id='word_1_212' title='bbox 1872 1409 1936 1449; x_wconf 75' lang='lat' dir='ltr'><strong>ex</strong></span> <span class='ocrx_word' id='word_1_213' title='bbox 1988 1395 2180 1448; x_wconf 89' lang='lat' dir='ltr'><strong>eodem</strong></span> <span class='ocrx_word' id='word_1_214' title='bbox 2223 1396 2383 1450; x_wconf 85' lang='lat' dir='ltr'><strong>Patre</strong></span> <span class='ocrx_word' id='word_1_215' title='bbox 2421 1396 2691 1464; x_wconf 83' lang='lat' dir='ltr'><strong>procedit,</strong></span> <span class='ocrx_word' id='word_1_216' title='bbox 2734 1412 2844 1450; x_wconf 91' lang='lat' dir='ltr'><strong>non</strong></span> <span class='ocrx_word' id='word_1_217' title='bbox 2871 1412 2977 1465; x_wconf 87' lang='lat' dir='ltr'><strong>qua</strong></span> <span class='ocrx_word' id='word_1_218' title='bbox 3023 1396 3181 1450; x_wconf 87' lang='lat' dir='ltr'><strong>Pater</strong></span> <span class='ocrx_word' id='word_1_219' title='bbox 3224 1404 3330 1460; x_wconf 88' lang='lat' dir='ltr'><strong>est,</strong></span> <span class='ocrx_word' id='word_1_220' title='bbox 3363 1394 3459 1450; x_wconf 88' lang='lat' dir='ltr'><strong>sed</strong></span> 
     </span>
    </p>
   </div>
   <div class='ocr_carea' id='block_1_30' title="bbox 1871 1489 3459 1559">
    <p class='ocr_par' dir='ltr' id='par_1_30' title="bbox 1871 1489 3459 1559">
     <span class='ocr_line' id='line_1_30' title="bbox 1871 1489 3459 1559; baseline 0.004 -21"><span class='ocrx_word' id='word_1_221' title='bbox 1871 1502 1980 1554; x_wconf 88' lang='lat' dir='ltr'><strong>qua</strong></span> <span class='ocrx_word' id='word_1_222' title='bbox 2008 1489 2328 1555; x_wconf 88' lang='lat' dir='ltr'><strong>productor,</strong></span> <span class='ocrx_word' id='word_1_223' title='bbox 2359 1496 2413 1542; x_wconf 90' lang='lat' dir='ltr'><strong>et</strong></span> <span class='ocrx_word' id='word_1_224' title='bbox 2444 1490 2777 1558; x_wconf 85' lang='lat' dir='ltr'><strong>producens,</strong></span> <span class='ocrx_word' id='word_1_225' title='bbox 2815 1498 2871 1545; x_wconf 87' lang='lat' dir='ltr'><strong>et</strong></span> <span class='ocrx_word' id='word_1_226' title='bbox 2897 1489 3115 1559; x_wconf 86' lang='lat' dir='ltr'><strong>spirans</strong></span> <span class='ocrx_word' id='word_1_227' title='bbox 3142 1528 3157 1553; x_wconf 88' lang='lat'><strong>,</strong></span> <span class='ocrx_word' id='word_1_228' title='bbox 3209 1498 3266 1544; x_wconf 88' lang='lat' dir='ltr'><strong>et</strong></span> <span class='ocrx_word' id='word_1_229' title='bbox 3309 1505 3459 1559; x_wconf 68' lang='lat' dir='ltr'><strong>quaa-</strong></span> 
     </span>
    </p>
   </div>
   <div class='ocr_carea' id='block_1_31' title="bbox 1870 1581 3460 1652">
    <p class='ocr_par' dir='ltr' id='par_1_31' title="bbox 1870 1581 3460 1652">
     <span class='ocr_line' id='line_1_31' title="bbox 1870 1581 3460 1652; baseline 0.003 -20"><span class='ocrx_word' id='word_1_230' title='bbox 1870 1593 2091 1646; x_wconf 85' lang='lat' dir='ltr'><strong>cunque</strong></span> <span class='ocrx_word' id='word_1_231' title='bbox 2120 1581 2226 1633; x_wconf 88' lang='lat' dir='ltr'><strong>alia</strong></span> <span class='ocrx_word' id='word_1_232' title='bbox 2246 1581 2478 1634; x_wconf 86' lang='lat' dir='ltr'><strong>similem</strong></span> <span class='ocrx_word' id='word_1_233' title='bbox 2498 1582 2811 1636; x_wconf 86' lang='lat' dir='ltr'><strong>facultatem</strong></span> <span class='ocrx_word' id='word_1_234' title='bbox 2838 1584 3179 1651; x_wconf 81' lang='lat' dir='ltr'><strong>exprimunt.</strong></span> <span class='ocrx_word' id='word_1_235' title='bbox 3198 1582 3460 1652; x_wconf 86' lang='lat' dir='ltr'><strong>Propter-</strong></span> 
     </span>
    </p>
   </div>
   <div class='ocr_carea' id='block_1_32' title="bbox 1870 1670 3461 1744">
    <p class='ocr_par' dir='ltr' id='par_1_32' title="bbox 1870 1670 3461 1744">
     <span class='ocr_line' id='line_1_32' title="bbox 1870 1670 3461 1744; baseline 0.004 -23"><span class='ocrx_word' id='word_1_236' title='bbox 1870 1682 2047 1737; x_wconf 89' lang='lat' dir='ltr'><strong>eaque</strong></span> <span class='ocrx_word' id='word_1_237' title='bbox 2078 1670 2145 1723; x_wconf 91' lang='lat' dir='ltr'><strong>ad</strong></span> <span class='ocrx_word' id='word_1_238' title='bbox 2177 1670 2357 1739; x_wconf 88' lang='lat' dir='ltr'><strong>ipsum</strong></span> <span class='ocrx_word' id='word_1_239' title='bbox 2396 1672 2611 1727; x_wconf 89' lang='lat' dir='ltr'><strong>divinus</strong></span> <span class='ocrx_word' id='word_1_240' title='bbox 2667 1676 2903 1729; x_wconf 84' lang='lat' dir='ltr'><strong>refertur</strong></span> <span class='ocrx_word' id='word_1_241' title='bbox 2947 1674 3187 1742; x_wconf 85' lang='lat' dir='ltr'><strong>Spiritus</strong></span> <span class='ocrx_word' id='word_1_242' title='bbox 3213 1673 3461 1744; x_wconf 85' lang='lat' dir='ltr'><strong>produc-</strong></span> 
     </span>
    </p>
   </div>
   <div class='ocr_carea' id='block_1_33' title="bbox 1876 1761 3462 1834">
    <p class='ocr_par' dir='ltr' id='par_1_33' title="bbox 1876 1761 3462 1834">
     <span class='ocr_line' id='line_1_33' title="bbox 1876 1761 3462 1834; baseline 0.004 -23"><span class='ocrx_word' id='word_1_243' title='bbox 1876 1763 2043 1815; x_wconf 85' lang='lat' dir='ltr'><strong>tione.</strong></span> <span class='ocrx_word' id='word_1_244' title='bbox 2076 1761 2428 1818; x_wconf 87' lang='lat' dir='ltr'><strong>Productoris</strong></span> <span class='ocrx_word' id='word_1_245' title='bbox 2455 1765 2603 1818; x_wconf 87' lang='lat' dir='ltr'><strong>enim</strong></span> <span class='ocrx_word' id='word_1_246' title='bbox 2628 1766 2915 1834; x_wconf 89' lang='lat' dir='ltr'><strong>productio</strong></span> <span class='ocrx_word' id='word_1_247' title='bbox 2941 1765 3169 1832; x_wconf 85' lang='lat' dir='ltr'><strong>dicitur,</strong></span> <span class='ocrx_word' id='word_1_248' title='bbox 3207 1764 3370 1819; x_wconf 88' lang='lat' dir='ltr'><strong>sicuti</strong></span> <span class='ocrx_word' id='word_1_249' title='bbox 3404 1771 3462 1817; x_wconf 80' lang='lat' dir='ltr'><strong>et</strong></span> 
     </span>
    </p>
   </div>
   <div class='ocr_carea' id='block_1_34' title="bbox 182 1842 1762 1932">
    <p class='ocr_par' dir='ltr' id='par_1_34' title="bbox 182 1860 1762 1932">
     <span class='ocr_line' id='line_1_34' title="bbox 182 1860 1762 1932; baseline 0 -20"><span class='ocrx_word' id='word_1_250' title='bbox 182 1862 251 1914; x_wconf 81' lang='grc' dir='ltr'>τὸ</span> <span class='ocrx_word' id='word_1_251' title='bbox 271 1862 442 1915; x_wconf 76' lang='grc' dir='ltr'>ἀΐδιον</span> <span class='ocrx_word' id='word_1_252' title='bbox 478 1860 563 1927; x_wconf 84' lang='grc' dir='ltr'><strong>οὒ,</strong></span> <span class='ocrx_word' id='word_1_253' title='bbox 591 1862 707 1932; x_wconf 78' lang='grc' dir='ltr'>ἄμα</span> <span class='ocrx_word' id='word_1_254' title='bbox 749 1864 855 1932; x_wconf 81' lang='grc' dir='ltr'>γὰρ</span> <span class='ocrx_word' id='word_1_255' title='bbox 904 1862 1028 1915; x_wconf 87' lang='grc' dir='ltr'>κατ’</span> <span class='ocrx_word' id='word_1_256' title='bbox 1090 1864 1267 1915; x_wconf 83' lang='grc' dir='ltr'>ἐκεῖνο</span> <span class='ocrx_word' id='word_1_257' title='bbox 1318 1862 1511 1929; x_wconf 85' lang='grc' dir='ltr'>Πατήρ</span> <span class='ocrx_word' id='word_1_258' title='bbox 1566 1876 1625 1912; x_wconf 78' lang='grc' dir='ltr'><strong>τε</strong></span> <span class='ocrx_word' id='word_1_259' title='bbox 1669 1860 1762 1913; x_wconf 70' lang='grc' dir='ltr'><strong>καὶ</strong></span> 
     </span>
    </p>
   </div>
   <div class='ocr_carea' id='block_1_35' title="bbox 1868 1842 3463 1932">
    <p class='ocr_par' dir='ltr' id='par_1_35' title="bbox 1872 1854 3463 1927">
     <span class='ocr_line' id='line_1_35' title="bbox 1872 1854 3463 1927; baseline 0.003 -21"><span class='ocrx_word' id='word_1_260' title='bbox 1872 1854 2175 1923; x_wconf 87' lang='lat' dir='ltr'><strong>productor</strong></span> <span class='ocrx_word' id='word_1_261' title='bbox 2206 1856 2323 1910; x_wconf 89' lang='lat' dir='ltr'><strong>vice</strong></span> <span class='ocrx_word' id='word_1_262' title='bbox 2350 1871 2507 1911; x_wconf 80' lang='lat' dir='ltr'><strong>versa</strong></span> <span class='ocrx_word' id='word_1_263' title='bbox 2538 1857 2790 1926; x_wconf 85' lang='lat' dir='ltr'><strong>producti</strong></span> <span class='ocrx_word' id='word_1_264' title='bbox 2817 1868 2901 1913; x_wconf 86' lang='lat' dir='ltr'><strong>est</strong></span> <span class='ocrx_word' id='word_1_265' title='bbox 2919 1859 3237 1927; x_wconf 86' lang='lat' dir='ltr'><strong>productor.</strong></span> <span class='ocrx_word' id='word_1_266' title='bbox 3257 1857 3463 1923; x_wconf 86' lang='lat' dir='ltr'><strong>Quem-</strong></span> 
     </span>
    </p>
   </div>
   <div class='ocr_carea' id='block_1_36' title="bbox 186 1947 1767 2023">
    <p class='ocr_par' dir='ltr' id='par_1_36' title="bbox 186 1947 1767 2023">
     <span class='ocr_line' id='line_1_36' title="bbox 186 1947 1767 2023; baseline -0.003 -18"><span class='ocrx_word' id='word_1_267' title='bbox 186 1953 516 2023; x_wconf 81' lang='grc' dir='ltr'>προϐολεὺς,</span> <span class='ocrx_word' id='word_1_268' title='bbox 552 1953 835 2015; x_wconf 83' lang='grc' dir='ltr'>συναῖδίως</span> <span class='ocrx_word' id='word_1_269' title='bbox 883 1951 1124 2014; x_wconf 82' lang='grc' dir='ltr'>τοιοῦτος</span> <span class='ocrx_word' id='word_1_270' title='bbox 1155 1950 1253 2015; x_wconf 82' lang='grc' dir='ltr'><strong>ὢν,</strong></span> <span class='ocrx_word' id='word_1_271' title='bbox 1300 1952 1440 2004; x_wconf 70' lang='grc' dir='ltr'>κατὰ</span> <span class='ocrx_word' id='word_1_272' title='bbox 1484 1951 1540 2002; x_wconf 87' lang='grc' dir='ltr'>δὲ</span> <span class='ocrx_word' id='word_1_273' title='bbox 1586 1950 1646 2001; x_wconf 76' lang='grc' dir='ltr'><strong>τὸ</strong></span> <span class='ocrx_word' id='word_1_274' title='bbox 1676 1947 1767 2001; x_wconf 74' lang='grc' dir='ltr'>δύο</span> 
     </span>
    </p>
   </div>
   <div class='ocr_carea' id='block_1_37' title="bbox 184 2043 1763 2115">
    <p class='ocr_par' dir='ltr' id='par_1_37' title="bbox 184 2043 1763 2115">
     <span class='ocr_line' id='line_1_37' title="bbox 184 2043 1763 2115; baseline -0.001 -17"><span class='ocrx_word' id='word_1_275' title='bbox 184 2046 383 2098; x_wconf 74' lang='grc' dir='ltr'>νασθαι</span> <span class='ocrx_word' id='word_1_276' title='bbox 419 2047 513 2097; x_wconf 70' lang='grc' dir='ltr'><strong>καὶ</strong></span> <span class='ocrx_word' id='word_1_277' title='bbox 548 2047 834 2112; x_wconf 77' lang='grc' dir='ltr'>προάγειν.</span> <span class='ocrx_word' id='word_1_278' title='bbox 879 2047 1149 2114; x_wconf 75' lang='grc' dir='ltr'>Πρότερον</span> <span class='ocrx_word' id='word_1_279' title='bbox 1188 2045 1297 2114; x_wconf 77' lang='grc' dir='ltr'><strong>γὰρ</strong></span> <span class='ocrx_word' id='word_1_280' title='bbox 1328 2045 1417 2096; x_wconf 71' lang='grc' dir='ltr'><strong>τὸν</strong></span> <span class='ocrx_word' id='word_1_281' title='bbox 1472 2043 1595 2096; x_wconf 76' lang='grc' dir='ltr'>Υἱὸν</span> <span class='ocrx_word' id='word_1_282' title='bbox 1622 2062 1763 2115; x_wconf 82' lang='grc' dir='ltr'>παρ-</span> 
     </span>
    </p>
   </div>
   <div class='ocr_carea' id='block_1_38' title="bbox 172 2136 1764 2207">
    <p class='ocr_par' dir='ltr' id='par_1_38' title="bbox 172 2136 1764 2207">
     <span class='ocr_line' id='line_1_38' title="bbox 172 2136 1764 2207; baseline -0.001 -17"><span class='ocrx_word' id='word_1_283' title='bbox 172 2138 309 2204; x_wconf 70' lang='grc' dir='ltr'>ἄγει</span> <span class='ocrx_word' id='word_1_284' title='bbox 331 2136 425 2189; x_wconf 83' lang='grc' dir='ltr'>τοῦ</span> <span class='ocrx_word' id='word_1_285' title='bbox 457 2138 793 2205; x_wconf 70' lang='grc' dir='ltr'>Πνεύματος,</span> <span class='ocrx_word' id='word_1_286' title='bbox 824 2137 926 2207; x_wconf 71' lang='grc' dir='ltr'>ἤδη</span> <span class='ocrx_word' id='word_1_287' title='bbox 953 2137 1241 2206; x_wconf 81' lang='grc' dir='ltr'>νοούμενος</span> <span class='ocrx_word' id='word_1_288' title='bbox 1286 2137 1657 2206; x_wconf 73' lang='grc' dir='ltr'>ὑφεστηκέναι</span> <span class='ocrx_word' id='word_1_289' title='bbox 1698 2139 1764 2206; x_wconf 74' lang='grc' dir='ltr'>τῇ</span> 
     </span>
    </p>
   </div>
   <div class='ocr_carea' id='block_1_39' title="bbox 177 2229 1766 2300">
    <p class='ocr_par' dir='ltr' id='par_1_39' title="bbox 177 2229 1766 2300">
     <span class='ocr_line' id='line_1_39' title="bbox 177 2229 1766 2300; baseline 0.002 -19"><span class='ocrx_word' id='word_1_290' title='bbox 177 2230 324 2298; x_wconf 83' lang='grc' dir='ltr'>πρὸς</span> <span class='ocrx_word' id='word_1_291' title='bbox 360 2230 451 2281; x_wconf 82' lang='grc' dir='ltr'>τὸν</span> <span class='ocrx_word' id='word_1_292' title='bbox 498 2230 623 2282; x_wconf 72' lang='grc' dir='ltr'>Υίον</span> <span class='ocrx_word' id='word_1_293' title='bbox 654 2230 899 2298; x_wconf 83' lang='grc' dir='ltr'>ἰδιότητι,</span> <span class='ocrx_word' id='word_1_294' title='bbox 946 2233 1011 2300; x_wconf 76' lang='grc' dir='ltr'>τῇ</span> <span class='ocrx_word' id='word_1_295' title='bbox 1056 2232 1383 2299; x_wconf 72' lang='grc' dir='ltr'>πατρότητιο</span> <span class='ocrx_word' id='word_1_296' title='bbox 1432 2229 1578 2283; x_wconf 72' lang='grc' dir='ltr'>οὕτω</span> <span class='ocrx_word' id='word_1_297' title='bbox 1624 2232 1766 2284; x_wconf 79' lang='grc' dir='ltr'><strong>καὶὸ</strong></span> 
     </span>
    </p>
   </div>
   <div class='ocr_carea' id='block_1_40' title="bbox 179 2321 1763 2393">
    <p class='ocr_par' dir='ltr' id='par_1_40' title="bbox 179 2321 1763 2393">
     <span class='ocr_line' id='line_1_40' title="bbox 179 2321 1763 2393; baseline 0.001 -18"><span class='ocrx_word' id='word_1_298' title='bbox 179 2324 311 2385; x_wconf 77' lang='grc' dir='ltr'>Υἱὸς</span> <span class='ocrx_word' id='word_1_299' title='bbox 342 2321 407 2374; x_wconf 76' lang='grc' dir='ltr'><strong>αὖ</strong></span> <span class='ocrx_word' id='word_1_300' title='bbox 449 2323 615 2375; x_wconf 78' lang='grc' dir='ltr'>πάλιν</span> <span class='ocrx_word' id='word_1_301' title='bbox 662 2326 1073 2390; x_wconf 77' lang='grc' dir='ltr'>προεπινοεῖται</span> <span class='ocrx_word' id='word_1_302' title='bbox 1126 2322 1222 2375; x_wconf 80' lang='grc' dir='ltr'>τοῦ</span> <span class='ocrx_word' id='word_1_303' title='bbox 1279 2322 1615 2392; x_wconf 61' lang='grc' dir='ltr'>Πκλεύματος,</span> <span class='ocrx_word' id='word_1_304' title='bbox 1667 2325 1763 2393; x_wconf 82' lang='grc' dir='ltr'>οὐχ</span> 
     </span>
    </p>
   </div>
   <div class='ocr_carea' id='block_1_41' title="bbox 176 2414 1766 2485">
    <p class='ocr_par' dir='ltr' id='par_1_41' title="bbox 176 2414 1766 2485">
     <span class='ocr_line' id='line_1_41' title="bbox 176 2414 1766 2485; baseline 0.001 -18"><span class='ocrx_word' id='word_1_305' title='bbox 176 2415 268 2467; x_wconf 81' lang='grc' dir='ltr'>ὅτι</span> <span class='ocrx_word' id='word_1_306' title='bbox 299 2414 396 2484; x_wconf 78' lang='grc' dir='ltr'><strong>ὁὺχ</strong></span> <span class='ocrx_word' id='word_1_307' title='bbox 439 2416 554 2482; x_wconf 72' lang='grc' dir='ltr'><strong>ἅμα</strong></span> <span class='ocrx_word' id='word_1_308' title='bbox 583 2415 837 2483; x_wconf 73' lang='grc' dir='ltr'>ἀλλήλοις</span> <span class='ocrx_word' id='word_1_309' title='bbox 864 2416 1157 2478; x_wconf 75' lang='grc' dir='ltr'>συναϊδίως</span> <span class='ocrx_word' id='word_1_310' title='bbox 1190 2415 1363 2468; x_wconf 78' lang='grc' dir='ltr'>ἐστίν’</span> <span class='ocrx_word' id='word_1_311' title='bbox 1388 2414 1531 2467; x_wconf 76' lang='grc' dir='ltr'>οὓτω</span> <span class='ocrx_word' id='word_1_312' title='bbox 1562 2416 1668 2485; x_wconf 71' lang='grc' dir='ltr'><strong>γὰρ</strong></span> <span class='ocrx_word' id='word_1_313' title='bbox 1698 2420 1766 2468; x_wconf 67' lang='grc' dir='ltr'>τὰ</span> 
     </span>
    </p>
   </div>
   <div class='ocr_carea' id='block_1_42' title="bbox 174 2506 1766 2578">
    <p class='ocr_par' dir='ltr' id='par_1_42' title="bbox 174 2506 1766 2578">
     <span class='ocr_line' id='line_1_42' title="bbox 174 2506 1766 2578; baseline -0.003 -16"><span class='ocrx_word' id='word_1_314' title='bbox 174 2508 309 2577; x_wconf 84' lang='grc' dir='ltr'>τρία</span> <span class='ocrx_word' id='word_1_315' title='bbox 333 2508 604 2578; x_wconf 81' lang='grc' dir='ltr'>πρόσωπα</span> <span class='ocrx_word' id='word_1_316' title='bbox 628 2508 749 2576; x_wconf 72' lang='grc' dir='ltr'><strong>ἅμα</strong></span> <span class='ocrx_word' id='word_1_317' title='bbox 809 2510 987 2577; x_wconf 76' lang='grc' dir='ltr'>πάντη</span> <span class='ocrx_word' id='word_1_318' title='bbox 1026 2507 1119 2561; x_wconf 77' lang='grc' dir='ltr'>καὶ</span> <span class='ocrx_word' id='word_1_319' title='bbox 1173 2507 1437 2572; x_wconf 69' lang='grc' dir='ltr'>ξυναϊδια,</span> <span class='ocrx_word' id='word_1_320' title='bbox 1489 2509 1585 2559; x_wconf 71' lang='grc' dir='ltr'>καὶ</span> <span class='ocrx_word' id='word_1_321' title='bbox 1613 2506 1766 2559; x_wconf 72' lang='grc' dir='ltr'>οὐδα-</span> 
     </span>
    </p>
   </div>
   <div class='ocr_carea' id='block_1_43' title="bbox 189 2598 1764 2669">
    <p class='ocr_par' dir='ltr' id='par_1_43' title="bbox 189 2598 1764 2669">
     <span class='ocr_line' id='line_1_43' title="bbox 189 2598 1764 2669; baseline -0.002 -16"><span class='ocrx_word' id='word_1_322' title='bbox 189 2600 310 2669; x_wconf 81' lang='grc' dir='ltr'><strong>μῶς</strong></span> <span class='ocrx_word' id='word_1_323' title='bbox 339 2600 467 2652; x_wconf 72' lang='grc' dir='ltr'>ἄλλο</span> <span class='ocrx_word' id='word_1_324' title='bbox 499 2599 659 2652; x_wconf 82' lang='grc' dir='ltr'>ἄλλου</span> <span class='ocrx_word' id='word_1_325' title='bbox 689 2617 752 2667; x_wconf 82' lang='grc' dir='ltr'><strong>γε</strong></span> <span class='ocrx_word' id='word_1_326' title='bbox 786 2600 1075 2669; x_wconf 87' lang='grc' dir='ltr'>πρότερον·</span> <span class='ocrx_word' id='word_1_327' title='bbox 1130 2600 1224 2653; x_wconf 80' lang='grc' dir='ltr'>καὶ</span> <span class='ocrx_word' id='word_1_328' title='bbox 1253 2601 1337 2652; x_wconf 83' lang='grc' dir='ltr'>ὅτι</span> <span class='ocrx_word' id='word_1_329' title='bbox 1382 2599 1441 2649; x_wconf 80' lang='grc' dir='ltr'><strong>τὸ</strong></span> <span class='ocrx_word' id='word_1_330' title='bbox 1472 2598 1764 2667; x_wconf 82' lang='grc' dir='ltr'>γεννᾶσθαι</span> 
     </span>
    </p>
   </div>
   <div class='ocr_carea' id='block_1_44' title="bbox 176 2690 1769 2763">
    <p class='ocr_par' dir='ltr' id='par_1_44' title="bbox 176 2690 1769 2763">
     <span class='ocr_line' id='line_1_44' title="bbox 176 2690 1769 2763; baseline -0.004 -17"><span class='ocrx_word' id='word_1_331' title='bbox 176 2695 455 2763; x_wconf 83' lang='grc' dir='ltr'>πρότερον</span> <span class='ocrx_word' id='word_1_332' title='bbox 482 2694 545 2746; x_wconf 83' lang='grc' dir='ltr'>ὲκ</span> <span class='ocrx_word' id='word_1_333' title='bbox 584 2692 685 2763; x_wconf 78' lang='grc' dir='ltr'>τῆς</span> <span class='ocrx_word' id='word_1_334' title='bbox 708 2692 805 2745; x_wconf 81' lang='grc' dir='ltr'>τοῦ</span> <span class='ocrx_word' id='word_1_335' title='bbox 833 2695 1119 2762; x_wconf 79' lang='grc' dir='ltr'>χρήματος</span> <span class='ocrx_word' id='word_1_336' title='bbox 1149 2692 1365 2760; x_wconf 69' lang='grc' dir='ltr'>φύσεως</span> <span class='ocrx_word' id='word_1_337' title='bbox 1388 2692 1481 2744; x_wconf 78' lang='grc' dir='ltr'>τοῦ</span> <span class='ocrx_word' id='word_1_338' title='bbox 1529 2690 1769 2760; x_wconf 81' lang='grc' dir='ltr'>προϐάλ-</span> 
     </span>
    </p>
   </div>
   <div class='ocr_carea' id='block_1_45' title="bbox 174 2777 1765 2855">
    <p class='ocr_par' dir='ltr' id='par_1_45' title="bbox 174 2777 1765 2855">
     <span class='ocr_line' id='line_1_45' title="bbox 174 2777 1765 2855; baseline -0.004 -17"><span class='ocrx_word' id='word_1_339' title='bbox 174 2786 397 2848; x_wconf 79' lang='grc' dir='ltr'>λεσθαι,</span> <span class='ocrx_word' id='word_1_340' title='bbox 433 2786 608 2838; x_wconf 76' lang='grc' dir='ltr'>καὶτὸ</span> <span class='ocrx_word' id='word_1_341' title='bbox 636 2786 831 2855; x_wconf 80' lang='grc' dir='ltr'>γεννᾷν</span> <span class='ocrx_word' id='word_1_342' title='bbox 858 2784 954 2836; x_wconf 81' lang='grc' dir='ltr'>τοῦ</span> <span class='ocrx_word' id='word_1_343' title='bbox 1006 2784 1359 2853; x_wconf 78' lang='grc' dir='ltr'>προϐάλλειν,</span> <span class='ocrx_word' id='word_1_344' title='bbox 1415 2777 1498 2845; x_wconf 71' lang='grc' dir='ltr'>οἷς</span> <span class='ocrx_word' id='word_1_345' title='bbox 1537 2798 1765 2850; x_wconf 85' lang='grc' dir='ltr'>προεπι-</span> 
     </span>
    </p>
   </div>
   <div class='ocr_carea' id='block_1_46' title="bbox 172 2872 1765 2946">
    <p class='ocr_par' dir='ltr' id='par_1_46' title="bbox 172 2872 1765 2946">
     <span class='ocr_line' id='line_1_46' title="bbox 172 2872 1765 2946; baseline -0.003 -17"><span class='ocrx_word' id='word_1_346' title='bbox 172 2879 385 2929; x_wconf 81' lang='grc' dir='ltr'>νοεῖται</span> <span class='ocrx_word' id='word_1_347' title='bbox 425 2876 613 2946; x_wconf 81' lang='grc' dir='ltr'>Πατὴρ</span> <span class='ocrx_word' id='word_1_348' title='bbox 644 2876 738 2927; x_wconf 80' lang='grc' dir='ltr'>τοῦ</span> <span class='ocrx_word' id='word_1_349' title='bbox 776 2875 1199 2944; x_wconf 76' lang='grc' dir='ltr'>προϐάλλοντος.</span> <span class='ocrx_word' id='word_1_350' title='bbox 1236 2874 1348 2926; x_wconf 82' lang='grc' dir='ltr'><strong>Καὶ</strong></span> <span class='ocrx_word' id='word_1_351' title='bbox 1378 2872 1518 2943; x_wconf 75' lang='grc' dir='ltr'>αὕτη</span> <span class='ocrx_word' id='word_1_352' title='bbox 1546 2874 1765 2934; x_wconf 76' lang='grc' dir='ltr'>πάντως</span> 
     </span>
    </p>
   </div>
   <div class='ocr_carea' id='block_1_47' title="bbox 174 2967 1767 3036">
    <p class='ocr_par' dir='ltr' id='par_1_47' title="bbox 174 2967 1767 3036">
     <span class='ocr_line' id='line_1_47' title="bbox 174 2967 1767 3036; baseline -0.001 -16"><span class='ocrx_word' id='word_1_353' title='bbox 174 2971 331 3020; x_wconf 81' lang='grc' dir='ltr'>ἐστὶν</span> <span class='ocrx_word' id='word_1_354' title='bbox 361 2970 394 3036; x_wconf 81' lang='grc' dir='ltr'>ἡ</span> <span class='ocrx_word' id='word_1_355' title='bbox 430 2970 539 3021; x_wconf 83' lang='grc' dir='ltr'><strong>τῶν</strong></span> <span class='ocrx_word' id='word_1_356' title='bbox 565 2969 728 3021; x_wconf 82' lang='grc' dir='ltr'>θείων</span> <span class='ocrx_word' id='word_1_357' title='bbox 775 2969 1132 3023; x_wconf 81' lang='grc' dir='ltr'>ὑποστάσεων</span> <span class='ocrx_word' id='word_1_358' title='bbox 1177 2968 1351 3033; x_wconf 76' lang='grc' dir='ltr'>τάξις,</span> <span class='ocrx_word' id='word_1_359' title='bbox 1412 2968 1474 3019; x_wconf 78' lang='grc' dir='ltr'>ἐκ</span> <span class='ocrx_word' id='word_1_360' title='bbox 1508 2967 1608 3035; x_wconf 79' lang='grc' dir='ltr'>τῆς</span> <span class='ocrx_word' id='word_1_361' title='bbox 1659 2983 1767 3034; x_wconf 87' lang='grc' dir='ltr'>πη-</span> 
     </span>
    </p>
   </div>
   <div class='ocr_carea' id='block_1_48' title="bbox 173 3058 1765 3131">
    <p class='ocr_par' dir='ltr' id='par_1_48' title="bbox 173 3058 1765 3131">
     <span class='ocr_line' id='line_1_48' title="bbox 173 3058 1765 3131; baseline -0.001 -20"><span class='ocrx_word' id='word_1_362' title='bbox 173 3061 343 3129; x_wconf 78' lang='grc' dir='ltr'>γαίας</span> <span class='ocrx_word' id='word_1_363' title='bbox 374 3060 549 3131; x_wconf 81' lang='grc' dir='ltr'>ἀρχῆς</span> <span class='ocrx_word' id='word_1_364' title='bbox 574 3060 670 3113; x_wconf 78' lang='grc' dir='ltr'><strong>καὶ</strong></span> <span class='ocrx_word' id='word_1_365' title='bbox 696 3060 835 3130; x_wconf 79' lang='grc' dir='ltr'>αὑτὴ</span> <span class='ocrx_word' id='word_1_366' title='bbox 874 3061 1171 3129; x_wconf 77' lang='grc' dir='ltr'>ἀνίσχουσα</span> <span class='ocrx_word' id='word_1_367' title='bbox 1226 3059 1320 3112; x_wconf 77' lang='grc' dir='ltr'>τοῦ</span> <span class='ocrx_word' id='word_1_368' title='bbox 1356 3058 1591 3129; x_wconf 80' lang='grc' dir='ltr'>Πατρὸς,</span> <span class='ocrx_word' id='word_1_369' title='bbox 1643 3058 1765 3111; x_wconf 77' lang='grc' dir='ltr'>καθ’</span> 
     </span>
    </p>
   </div>
   <div class='ocr_carea' id='block_1_49' title="bbox 171 3150 1758 3223">
    <p class='ocr_par' dir='ltr' id='par_1_49' title="bbox 171 3150 1758 3223">
     <span class='ocr_line' id='line_1_49' title="bbox 171 3150 1758 3223; baseline -0.001 -20"><span class='ocrx_word' id='word_1_370' title='bbox 171 3153 298 3222; x_wconf 79' lang='grc' dir='ltr'><strong>ῆνὸ</strong></span> <span class='ocrx_word' id='word_1_371' title='bbox 356 3152 545 3223; x_wconf 82' lang='grc' dir='ltr'>Πατὴρ</span> <span class='ocrx_word' id='word_1_372' title='bbox 581 3155 681 3221; x_wconf 80' lang='grc' dir='ltr'><strong>μὲν</strong></span> <span class='ocrx_word' id='word_1_373' title='bbox 734 3154 848 3206; x_wconf 87' lang='grc' dir='ltr'>τοῖν</span> <span class='ocrx_word' id='word_1_374' title='bbox 881 3153 1046 3215; x_wconf 87' lang='grc' dir='ltr'>δυοῖν,</span> <span class='ocrx_word' id='word_1_375' title='bbox 1096 3155 1125 3205; x_wconf 88' lang='lat'><strong>6</strong></span> <span class='ocrx_word' id='word_1_376' title='bbox 1180 3152 1238 3205; x_wconf 82' lang='grc' dir='ltr'>δὲ</span> <span class='ocrx_word' id='word_1_377' title='bbox 1284 3152 1412 3215; x_wconf 76' lang='grc' dir='ltr'>Υἱὸς</span> <span class='ocrx_word' id='word_1_378' title='bbox 1462 3150 1556 3203; x_wconf 83' lang='grc' dir='ltr'>τοῦ</span> <span class='ocrx_word' id='word_1_379' title='bbox 1613 3150 1758 3203; x_wconf 81' lang='grc' dir='ltr'>θείου</span> 
     </span>
    </p>
   </div>
   <div class='ocr_carea' id='block_1_50' title="bbox 1870 1932 3457 2019">
    <p class='ocr_par' dir='ltr' id='par_1_50' title="bbox 1870 1932 3457 2019">
     <span class='ocr_line' id='line_1_50' title="bbox 1870 1932 3457 2019; baseline 0.002 -19"><span class='ocrx_word' id='word_1_380' title='bbox 1870 1932 2169 2003; x_wconf 77' lang='lat' dir='ltr'><strong>admodum</strong></span> <span class='ocrx_word' id='word_1_381' title='bbox 2224 1949 2410 2017; x_wconf 87' lang='lat' dir='ltr'><strong>itaque</strong></span> <span class='ocrx_word' id='word_1_382' title='bbox 2462 1949 2626 2004; x_wconf 87' lang='lat' dir='ltr'><strong>Pater</strong></span> <span class='ocrx_word' id='word_1_383' title='bbox 2691 1950 2845 2019; x_wconf 84' lang='lat' dir='ltr'><strong>prius</strong></span> <span class='ocrx_word' id='word_1_384' title='bbox 2908 1949 3235 2019; x_wconf 76' lang='lat' dir='ltr'><strong>intelligitur</strong></span> <span class='ocrx_word' id='word_1_385' title='bbox 3293 1965 3457 2019; x_wconf 89' lang='lat' dir='ltr'><strong>quam</strong></span> 
     </span>
    </p>
   </div>
   <div class='ocr_carea' id='block_1_51' title="bbox 1872 2040 3456 2114">
    <p class='ocr_par' dir='ltr' id='par_1_51' title="bbox 1872 2040 3456 2114">
     <span class='ocr_line' id='line_1_51' title="bbox 1872 2040 3456 2114; baseline 0.004 -23"><span class='ocrx_word' id='word_1_386' title='bbox 1872 2040 2192 2108; x_wconf 86' lang='lat' dir='ltr'><strong>productor.</strong></span> <span class='ocrx_word' id='word_1_387' title='bbox 2221 2056 2331 2095; x_wconf 90' lang='lat' dir='ltr'><strong>non</strong></span> <span class='ocrx_word' id='word_1_388' title='bbox 2366 2045 2669 2096; x_wconf 83' lang='lat' dir='ltr'><strong>secundum</strong></span> <span class='ocrx_word' id='word_1_389' title='bbox 2702 2043 3085 2111; x_wconf 68' lang='lat' dir='ltr'><strong>aeternitatem;</strong></span> <span class='ocrx_word' id='word_1_390' title='bbox 3116 2058 3353 2114; x_wconf 86' lang='lat' dir='ltr'><strong>namque</strong></span> <span class='ocrx_word' id='word_1_391' title='bbox 3390 2058 3456 2098; x_wconf 91' lang='lat' dir='ltr'><strong>ea</strong></span> 
     </span>
    </p>
   </div>
   <div class='ocr_carea' id='block_1_52' title="bbox 1869 2132 3459 2199">
    <p class='ocr_par' dir='ltr' id='par_1_52' title="bbox 1869 2132 3459 2199">
     <span class='ocr_line' id='line_1_52' title="bbox 1869 2132 3459 2199; baseline 0.004 -16"><span class='ocrx_word' id='word_1_392' title='bbox 1869 2132 2031 2185; x_wconf 87' lang='lat' dir='ltr'><strong>simul</strong></span> <span class='ocrx_word' id='word_1_393' title='bbox 2070 2149 2175 2186; x_wconf 73' lang='lat' dir='ltr'><strong>uina</strong></span> <span class='ocrx_word' id='word_1_394' title='bbox 2223 2143 2353 2187; x_wconf 77' lang='lat' dir='ltr'><strong>sum</strong></span> <span class='ocrx_word' id='word_1_395' title='bbox 2391 2143 2445 2187; x_wconf 90' lang='lat' dir='ltr'><strong>et</strong></span> <span class='ocrx_word' id='word_1_396' title='bbox 2493 2134 2654 2188; x_wconf 82' lang='lat' dir='ltr'><strong>Pater</strong></span> <span class='ocrx_word' id='word_1_397' title='bbox 2698 2144 2756 2189; x_wconf 87' lang='lat' dir='ltr'><strong>et</strong></span> <span class='ocrx_word' id='word_1_398' title='bbox 2789 2135 3133 2199; x_wconf 79' lang='lat' dir='ltr'><strong>Productor.</strong></span> <span class='ocrx_word' id='word_1_399' title='bbox 3182 2135 3252 2190; x_wconf 83' lang='lat' dir='ltr'><strong>ab</strong></span> <span class='ocrx_word' id='word_1_400' title='bbox 3306 2136 3459 2190; x_wconf 85' lang='lat' dir='ltr'><strong>omni</strong></span> 
     </span>
    </p>
   </div>
   <div class='ocr_carea' id='block_1_53' title="bbox 1868 2226 3458 2289">
    <p class='ocr_par' dir='ltr' id='par_1_53' title="bbox 1868 2226 3458 2289">
     <span class='ocr_line' id='line_1_53' title="bbox 1868 2226 3458 2289; baseline 0.002 -12"><span class='ocrx_word' id='word_1_401' title='bbox 1868 2226 2178 2278; x_wconf 77' lang='lat' dir='ltr'><strong>aeternitate</strong></span> <span class='ocrx_word' id='word_1_402' title='bbox 2203 2226 2327 2279; x_wconf 84' lang='lat' dir='ltr'><strong>talis</strong></span> <span class='ocrx_word' id='word_1_403' title='bbox 2359 2226 2775 2289; x_wconf 45' lang='lat' dir='ltr'><strong>exsistensned</strong></span> <span class='ocrx_word' id='word_1_404' title='bbox 2807 2227 3109 2282; x_wconf 86' lang='lat' dir='ltr'><strong>secundum</strong></span> <span class='ocrx_word' id='word_1_405' title='bbox 3139 2226 3458 2282; x_wconf 84' lang='lat' dir='ltr'><strong>facultatem</strong></span> 
     </span>
    </p>
   </div>
   <div class='ocr_carea' id='block_1_54' title="bbox 1870 2320 3457 2392">
    <p class='ocr_par' dir='ltr' id='par_1_54' title="bbox 1870 2320 3457 2392">
     <span class='ocr_line' id='line_1_54' title="bbox 1870 2320 3457 2392; baseline -0.002 -17"><span class='ocrx_word' id='word_1_406' title='bbox 1870 2330 1924 2375; x_wconf 85' lang='lat' dir='ltr'><strong>et</strong></span> <span class='ocrx_word' id='word_1_407' title='bbox 1984 2322 2400 2388; x_wconf 79' lang='lat' dir='ltr'><strong>productionem</strong></span> <span class='ocrx_word' id='word_1_408' title='bbox 2444 2322 2648 2392; x_wconf 89' lang='lat' dir='ltr'><strong>;prius</strong></span> <span class='ocrx_word' id='word_1_409' title='bbox 2712 2321 2858 2375; x_wconf 89' lang='lat' dir='ltr'><strong>enim</strong></span> <span class='ocrx_word' id='word_1_410' title='bbox 2911 2321 3110 2375; x_wconf 84' lang='lat' dir='ltr'><strong>Filium</strong></span> <span class='ocrx_word' id='word_1_411' title='bbox 3178 2320 3457 2389; x_wconf 79' lang='lat' dir='ltr'><strong>producit,</strong></span> 
     </span>
    </p>
   </div>
   <div class='ocr_carea' id='block_1_55' title="bbox 1869 2412 3460 2483">
    <p class='ocr_par' dir='ltr' id='par_1_55' title="bbox 1869 2412 3460 2483">
     <span class='ocr_line' id='line_1_55' title="bbox 1869 2412 3460 2483; baseline 0.001 -18"><span class='ocrx_word' id='word_1_412' title='bbox 1869 2429 2030 2477; x_wconf 85' lang='lat' dir='ltr'><strong>quam</strong></span> <span class='ocrx_word' id='word_1_413' title='bbox 2083 2415 2387 2483; x_wconf 87' lang='lat' dir='ltr'><strong>Spiritum,</strong></span> <span class='ocrx_word' id='word_1_414' title='bbox 2435 2429 2559 2466; x_wconf 86' lang='lat' dir='ltr'><strong>cum</strong></span> <span class='ocrx_word' id='word_1_415' title='bbox 2605 2415 2718 2482; x_wconf 84' lang='lat' dir='ltr'><strong>jam</strong></span> <span class='ocrx_word' id='word_1_416' title='bbox 2751 2413 3088 2481; x_wconf 76' lang='lat' dir='ltr'><strong>intelligatur</strong></span> <span class='ocrx_word' id='word_1_417' title='bbox 3120 2412 3460 2482; x_wconf 83' lang='lat' dir='ltr'><strong>proprietate</strong></span> 
     </span>
    </p>
   </div>
   <div class='ocr_carea' id='block_1_56' title="bbox 1866 2502 3460 2572">
    <p class='ocr_par' dir='ltr' id='par_1_56' title="bbox 1866 2502 3460 2572">
     <span class='ocr_line' id='line_1_56' title="bbox 1866 2502 3460 2572; baseline -0.001 -17"><span class='ocrx_word' id='word_1_418' title='bbox 1866 2503 1936 2555; x_wconf 90' lang='lat' dir='ltr'><strong>ad</strong></span> <span class='ocrx_word' id='word_1_419' title='bbox 1995 2503 2231 2568; x_wconf 78' lang='lat' dir='ltr'><strong>Filium,</strong></span> <span class='ocrx_word' id='word_1_420' title='bbox 2291 2504 2622 2570; x_wconf 88' lang='lat' dir='ltr'><strong>paternitate</strong></span> <span class='ocrx_word' id='word_1_421' title='bbox 2679 2516 2878 2572; x_wconf 82' lang='lat' dir='ltr'><strong>nempe</strong></span> <span class='ocrx_word' id='word_1_422' title='bbox 2936 2503 3289 2558; x_wconf 79' lang='lat' dir='ltr'><strong>subsistere:</strong></span> <span class='ocrx_word' id='word_1_423' title='bbox 3338 2502 3460 2571; x_wconf 84' lang='lat' dir='ltr'><strong>pari</strong></span> 
     </span>
    </p>
   </div>
   <div class='ocr_carea' id='block_1_57' title="bbox 1870 2594 3459 2665">
    <p class='ocr_par' dir='ltr' id='par_1_57' title="bbox 1870 2594 3459 2665">
     <span class='ocr_line' id='line_1_57' title="bbox 1870 2594 3459 2665; baseline 0.001 -18"><span class='ocrx_word' id='word_1_424' title='bbox 1870 2594 2033 2648; x_wconf 87' lang='lat' dir='ltr'><strong>modo</strong></span> <span class='ocrx_word' id='word_1_425' title='bbox 2068 2604 2123 2648; x_wconf 88' lang='lat' dir='ltr'><strong>et</strong></span> <span class='ocrx_word' id='word_1_426' title='bbox 2155 2594 2329 2649; x_wconf 82' lang='lat' dir='ltr'><strong>Filius</strong></span> <span class='ocrx_word' id='word_1_427' title='bbox 2369 2596 2523 2665; x_wconf 84' lang='lat' dir='ltr'><strong>prius</strong></span> <span class='ocrx_word' id='word_1_428' title='bbox 2572 2595 2936 2665; x_wconf 75' lang='lat' dir='ltr'><strong>intelligitur,</strong></span> <span class='ocrx_word' id='word_1_429' title='bbox 2984 2609 3150 2664; x_wconf 86' lang='lat' dir='ltr'><strong>quam</strong></span> <span class='ocrx_word' id='word_1_430' title='bbox 3198 2594 3459 2663; x_wconf 76' lang='lat' dir='ltr'><strong>Spiritus.</strong></span> 
     </span>
    </p>
   </div>
   <div class='ocr_carea' id='block_1_58' title="bbox 1870 2688 3460 2755">
    <p class='ocr_par' dir='ltr' id='par_1_58' title="bbox 1870 2688 3460 2755">
     <span class='ocr_line' id='line_1_58' title="bbox 1870 2688 3460 2755; baseline 0.001 -16"><span class='ocrx_word' id='word_1_431' title='bbox 1870 2702 1979 2739; x_wconf 84' lang='lat' dir='ltr'><strong>non</strong></span> <span class='ocrx_word' id='word_1_432' title='bbox 2022 2688 2167 2755; x_wconf 91' lang='lat' dir='ltr'><strong>quod</strong></span> <span class='ocrx_word' id='word_1_433' title='bbox 2217 2703 2323 2741; x_wconf 91' lang='lat' dir='ltr'><strong>una</strong></span> <span class='ocrx_word' id='word_1_434' title='bbox 2363 2689 2529 2742; x_wconf 87' lang='lat' dir='ltr'><strong>simul</strong></span> <span class='ocrx_word' id='word_1_435' title='bbox 2573 2702 2683 2741; x_wconf 89' lang='lat' dir='ltr'><strong>non</strong></span> <span class='ocrx_word' id='word_1_436' title='bbox 2718 2689 2830 2741; x_wconf 89' lang='lat' dir='ltr'><strong>sint</strong></span> <span class='ocrx_word' id='word_1_437' title='bbox 2861 2688 3053 2741; x_wconf 77' lang='lat' dir='ltr'><strong>eadem</strong></span> <span class='ocrx_word' id='word_1_438' title='bbox 3100 2690 3406 2741; x_wconf 73' lang='lat' dir='ltr'><strong>zeternitate</strong></span> <span class='ocrx_word' id='word_1_439' title='bbox 3443 2702 3460 2740; x_wconf 91' lang='lat'><strong>:</strong></span> 
     </span>
    </p>
   </div>
   <div class='ocr_carea' id='block_1_59' title="bbox 1868 2778 3462 2847">
    <p class='ocr_par' dir='ltr' id='par_1_59' title="bbox 1868 2778 3462 2847">
     <span class='ocr_line' id='line_1_59' title="bbox 1868 2778 3462 2847; baseline -0.001 -14"><span class='ocrx_word' id='word_1_440' title='bbox 1868 2781 1947 2833; x_wconf 87' lang='lat' dir='ltr'><strong>sic</strong></span> <span class='ocrx_word' id='word_1_441' title='bbox 2006 2780 2151 2833; x_wconf 89' lang='lat' dir='ltr'><strong>enim</strong></span> <span class='ocrx_word' id='word_1_442' title='bbox 2203 2787 2314 2834; x_wconf 89' lang='lat' dir='ltr'><strong>tres</strong></span> <span class='ocrx_word' id='word_1_443' title='bbox 2355 2794 2603 2847; x_wconf 71' lang='lat' dir='ltr'><strong>personae</strong></span> <span class='ocrx_word' id='word_1_444' title='bbox 2642 2780 2807 2833; x_wconf 86' lang='lat' dir='ltr'><strong>simul</strong></span> <span class='ocrx_word' id='word_1_445' title='bbox 2853 2778 3030 2833; x_wconf 84' lang='lat' dir='ltr'><strong>modis</strong></span> <span class='ocrx_word' id='word_1_446' title='bbox 3074 2779 3365 2842; x_wconf 76' lang='lat' dir='ltr'><strong>utiinibus,</strong></span> <span class='ocrx_word' id='word_1_447' title='bbox 3405 2785 3462 2831; x_wconf 69' lang='lat' dir='ltr'><strong>et</strong></span> 
     </span>
    </p>
   </div>
   <div class='ocr_carea' id='block_1_60' title="bbox 1866 2866 3457 2937">
    <p class='ocr_par' dir='ltr' id='par_1_60' title="bbox 1866 2866 3457 2937">
     <span class='ocr_line' id='line_1_60' title="bbox 1866 2866 3457 2937; baseline -0.001 -14"><span class='ocrx_word' id='word_1_448' title='bbox 1866 2869 2179 2931; x_wconf 78' lang='lat' dir='ltr'><strong>aeviterua:,</strong></span> <span class='ocrx_word' id='word_1_449' title='bbox 2229 2877 2286 2922; x_wconf 86' lang='lat' dir='ltr'><strong>et</strong></span> <span class='ocrx_word' id='word_1_450' title='bbox 2333 2869 2648 2922; x_wconf 90' lang='lat' dir='ltr'><strong>nullatenus</strong></span> <span class='ocrx_word' id='word_1_451' title='bbox 2698 2868 2802 2922; x_wconf 83' lang='lat' dir='ltr'><strong>alia</strong></span> <span class='ocrx_word' id='word_1_452' title='bbox 2849 2868 2952 2922; x_wconf 88' lang='lat' dir='ltr'><strong>alia</strong></span> <span class='ocrx_word' id='word_1_453' title='bbox 2995 2868 3305 2937; x_wconf 70' lang='lat' dir='ltr'><strong>praecedit:</strong></span> <span class='ocrx_word' id='word_1_454' title='bbox 3355 2866 3457 2921; x_wconf 82' lang='lat' dir='ltr'><strong>sed</strong></span> 
     </span>
    </p>
   </div>
   <div class='ocr_carea' id='block_1_61' title="bbox 1869 2958 3454 3031">
    <p class='ocr_par' dir='ltr' id='par_1_61' title="bbox 1869 2958 3454 3031">
     <span class='ocr_line' id='line_1_61' title="bbox 1869 2958 3454 3031; baseline 0 -20"><span class='ocrx_word' id='word_1_455' title='bbox 1869 2961 2013 3031; x_wconf 79' lang='lat' dir='ltr'><strong>quod</strong></span> <span class='ocrx_word' id='word_1_456' title='bbox 2053 2962 2300 3031; x_wconf 74' lang='lat' dir='ltr'><strong>generari</strong></span> <span class='ocrx_word' id='word_1_457' title='bbox 2340 2960 2493 3028; x_wconf 90' lang='lat' dir='ltr'><strong>prius</strong></span> <span class='ocrx_word' id='word_1_458' title='bbox 2521 2958 2594 3013; x_wconf 82' lang='lat' dir='ltr'><strong>sit</strong></span> <span class='ocrx_word' id='word_1_459' title='bbox 2619 2960 2736 3027; x_wconf 87' lang='lat' dir='ltr'><strong>ipsa</strong></span> <span class='ocrx_word' id='word_1_460' title='bbox 2769 2967 2987 3023; x_wconf 86' lang='lat' dir='ltr'><strong>natura,</strong></span> <span class='ocrx_word' id='word_1_461' title='bbox 3015 2975 3178 3030; x_wconf 90' lang='lat' dir='ltr'><strong>quam</strong></span> <span class='ocrx_word' id='word_1_462' title='bbox 3200 2960 3454 3029; x_wconf 84' lang='lat' dir='ltr'><strong>produci,</strong></span> 
     </span>
    </p>
   </div>
   <div class='ocr_carea' id='block_1_62' title="bbox 1868 3050 3459 3121">
    <p class='ocr_par' dir='ltr' id='par_1_62' title="bbox 1868 3050 3459 3121">
     <span class='ocr_line' id='line_1_62' title="bbox 1868 3050 3459 3121; baseline 0 -15"><span class='ocrx_word' id='word_1_463' title='bbox 1868 3060 1924 3106; x_wconf 87' lang='lat' dir='ltr'><strong>ct</strong></span> <span class='ocrx_word' id='word_1_464' title='bbox 1951 3066 2235 3121; x_wconf 77' lang='lat' dir='ltr'><strong>generare.</strong></span> <span class='ocrx_word' id='word_1_465' title='bbox 2269 3066 2435 3115; x_wconf 85' lang='lat' dir='ltr'><strong>quam</strong></span> <span class='ocrx_word' id='word_1_466' title='bbox 2469 3050 2799 3121; x_wconf 87' lang='lat' dir='ltr'><strong>producere,</strong></span> <span class='ocrx_word' id='word_1_467' title='bbox 2833 3050 3032 3120; x_wconf 84' lang='lat' dir='ltr'><strong>quibus</strong></span> <span class='ocrx_word' id='word_1_468' title='bbox 3065 3052 3218 3120; x_wconf 82' lang='lat' dir='ltr'><strong>prius</strong></span> <span class='ocrx_word' id='word_1_469' title='bbox 3252 3052 3459 3106; x_wconf 77' lang='lat' dir='ltr'><strong>intelli-</strong></span> 
     </span>
    </p>
   </div>
   <div class='ocr_carea' id='block_1_63' title="bbox 1868 3143 3460 3213">
    <p class='ocr_par' dir='ltr' id='par_1_63' title="bbox 1868 3143 3460 3213">
     <span class='ocr_line' id='line_1_63' title="bbox 1868 3143 3460 3213; baseline 0.002 -17"><span class='ocrx_word' id='word_1_470' title='bbox 1868 3145 2015 3213; x_wconf 82' lang='lat' dir='ltr'><strong>gitur</strong></span> <span class='ocrx_word' id='word_1_471' title='bbox 2064 3144 2261 3207; x_wconf 83' lang='lat' dir='ltr'><strong>Pater,</strong></span> <span class='ocrx_word' id='word_1_472' title='bbox 2294 3159 2454 3213; x_wconf 86' lang='lat' dir='ltr'><strong>quam</strong></span> <span class='ocrx_word' id='word_1_473' title='bbox 2505 3145 2836 3213; x_wconf 85' lang='lat' dir='ltr'><strong>producens.</strong></span> <span class='ocrx_word' id='word_1_474' title='bbox 2876 3143 2942 3199; x_wconf 79' lang='lat' dir='ltr'><strong>Et</strong></span> <span class='ocrx_word' id='word_1_475' title='bbox 2989 3145 3081 3198; x_wconf 87' lang='lat' dir='ltr'><strong>hic</strong></span> <span class='ocrx_word' id='word_1_476' title='bbox 3115 3155 3200 3199; x_wconf 86' lang='lat' dir='ltr'><strong>est</strong></span> <span class='ocrx_word' id='word_1_477' title='bbox 3241 3145 3460 3199; x_wconf 71' lang='lat' dir='ltr'><strong>divina-</strong></span> 
     </span>
    </p>
   </div>
   <div class='ocr_carea' id='block_1_64' title="bbox 173 3224 1762 3314">
    <p class='ocr_par' dir='ltr' id='par_1_64' title="bbox 173 3242 1762 3314">
     <span class='ocr_line' id='line_1_64' title="bbox 173 3242 1762 3314; baseline -0.003 -16"><span class='ocrx_word' id='word_1_478' title='bbox 173 3244 501 3313; x_wconf 78' lang='grc' dir='ltr'>Πνεύματος</span> <span class='ocrx_word' id='word_1_479' title='bbox 530 3246 817 3314; x_wconf 85' lang='grc' dir='ltr'>πρότερος·</span> <span class='ocrx_word' id='word_1_480' title='bbox 854 3246 948 3297; x_wconf 69' lang='grc' dir='ltr'><strong>καὶ</strong></span> <span class='ocrx_word' id='word_1_481' title='bbox 984 3245 1155 3298; x_wconf 81' lang='grc' dir='ltr'>ταῦτα</span> <span class='ocrx_word' id='word_1_482' title='bbox 1188 3246 1331 3298; x_wconf 73' lang='grc' dir='ltr'>κατὰ</span> <span class='ocrx_word' id='word_1_483' title='bbox 1381 3244 1443 3297; x_wconf 82' lang='grc' dir='ltr'><strong>τὸ</strong></span> <span class='ocrx_word' id='word_1_484' title='bbox 1479 3242 1610 3297; x_wconf 71' lang='grc' dir='ltr'>αὐτὸ</span> <span class='ocrx_word' id='word_1_485' title='bbox 1668 3242 1762 3295; x_wconf 80' lang='grc' dir='ltr'>νῦν</span> 
     </span>
    </p>
   </div>
   <div class='ocr_carea' id='block_1_65' title="bbox 1868 3224 3457 3314">
    <p class='ocr_par' dir='ltr' id='par_1_65' title="bbox 1872 3238 3457 3310">
     <span class='ocr_line' id='line_1_65' title="bbox 1872 3238 3457 3310; baseline 0.003 -19"><span class='ocrx_word' id='word_1_486' title='bbox 1872 3254 1988 3291; x_wconf 90' lang='lat' dir='ltr'><strong>rum</strong></span> <span class='ocrx_word' id='word_1_487' title='bbox 2061 3242 2425 3307; x_wconf 72' lang='lat' dir='ltr'><strong>hypostaseon</strong></span> <span class='ocrx_word' id='word_1_488' title='bbox 2478 3238 2614 3292; x_wconf 91' lang='lat' dir='ltr'><strong>ordo</strong></span> <span class='ocrx_word' id='word_1_489' title='bbox 2665 3252 2732 3292; x_wconf 79' lang='lat' dir='ltr'><strong>ex</strong></span> <span class='ocrx_word' id='word_1_490' title='bbox 2792 3238 3123 3307; x_wconf 81' lang='lat' dir='ltr'><strong>primigenio</strong></span> <span class='ocrx_word' id='word_1_491' title='bbox 3179 3240 3457 3310; x_wconf 83' lang='lat' dir='ltr'><strong>principio</strong></span> 
     </span>
    </p>
   </div>
   <div class='ocr_carea' id='block_1_66' title="bbox 171 3334 1766 3408">
    <p class='ocr_par' dir='ltr' id='par_1_66' title="bbox 171 3334 1766 3408">
     <span class='ocr_line' id='line_1_66' title="bbox 171 3334 1766 3408; baseline -0.003 -17"><span class='ocrx_word' id='word_1_492' title='bbox 171 3338 278 3407; x_wconf 78' lang='grc' dir='ltr'>τῆς</span> <span class='ocrx_word' id='word_1_493' title='bbox 302 3338 610 3407; x_wconf 76' lang='grc' dir='ltr'>ἁῐδιότητος</span> <span class='ocrx_word' id='word_1_494' title='bbox 633 3338 749 3408; x_wconf 77' lang='grc' dir='ltr'>ἅμα</span> <span class='ocrx_word' id='word_1_495' title='bbox 804 3339 1023 3408; x_wconf 79' lang='grc' dir='ltr'>Πατρός</span> <span class='ocrx_word' id='word_1_496' title='bbox 1073 3354 1132 3391; x_wconf 84' lang='grc' dir='ltr'><strong>τε</strong></span> <span class='ocrx_word' id='word_1_497' title='bbox 1190 3337 1342 3400; x_wconf 75' lang='grc' dir='ltr'>ὄντος</span> <span class='ocrx_word' id='word_1_498' title='bbox 1378 3336 1512 3390; x_wconf 77' lang='grc' dir='ltr'>Υίοῦ</span> <span class='ocrx_word' id='word_1_499' title='bbox 1574 3354 1636 3390; x_wconf 89' lang='grc' dir='ltr'><strong>τε</strong></span> <span class='ocrx_word' id='word_1_500' title='bbox 1672 3334 1766 3388; x_wconf 77' lang='grc' dir='ltr'>καὶ</span> 
     </span>
    </p>
   </div>
   <div class='ocr_carea' id='block_1_67' title="bbox 173 3430 1423 3502">
    <p class='ocr_par' dir='ltr' id='par_1_67' title="bbox 173 3430 1423 3502">
     <span class='ocr_line' id='line_1_67' title="bbox 173 3430 1423 3502; baseline -0.002 -17"><span class='ocrx_word' id='word_1_501' title='bbox 173 3431 332 3485; x_wconf 83' lang='grc' dir='ltr'>Οεὶου</span> <span class='ocrx_word' id='word_1_502' title='bbox 368 3430 715 3502; x_wconf 80' lang='grc' dir='ltr'>Πνεύματος.</span> <span class='ocrx_word' id='word_1_503' title='bbox 1418 3432 1423 3437; x_wconf 82' lang='grc'><strong>’</strong></span> 
     </span>
    </p>
   </div>
   <div class='ocr_carea' id='block_1_68' title="bbox 209 3695 1765 3770">
    <p class='ocr_par' dir='ltr' id='par_1_68' title="bbox 209 3695 1765 3770">
     <span class='ocr_line' id='line_1_68' title="bbox 209 3695 1765 3770; baseline -0.004 -17"><span class='ocrx_word' id='word_1_504' title='bbox 209 3762 219 3769; x_wconf 91' lang='lat'><em>_</em></span> <span class='ocrx_word' id='word_1_505' title='bbox 250 3701 314 3755; x_wconf 86' lang='grc' dir='ltr'><strong>ε’.</strong></span> <span class='ocrx_word' id='word_1_506' title='bbox 359 3699 521 3752; x_wconf 80' lang='grc' dir='ltr'>Ἀλλὰ</span> <span class='ocrx_word' id='word_1_507' title='bbox 544 3698 651 3770; x_wconf 79' lang='grc' dir='ltr'>μὴν</span> <span class='ocrx_word' id='word_1_508' title='bbox 682 3700 905 3752; x_wconf 79' lang='grc' dir='ltr'>κάκεῖνο</span> <span class='ocrx_word' id='word_1_509' title='bbox 943 3701 1054 3761; x_wconf 77' lang='grc' dir='ltr'>τοῖς</span> <span class='ocrx_word' id='word_1_510' title='bbox 1081 3699 1395 3769; x_wconf 77' lang='grc' dir='ltr'>εἰρημένοις</span> <span class='ocrx_word' id='word_1_511' title='bbox 1446 3695 1765 3766; x_wconf 84' lang='grc' dir='ltr'>προσθεῖναι</span> 
     </span>
    </p>
   </div>
   <div class='ocr_carea' id='block_1_69' title="bbox 168 3790 1765 3863">
    <p class='ocr_par' dir='ltr' id='par_1_69' title="bbox 168 3790 1765 3863">
     <span class='ocr_line' id='line_1_69' title="bbox 168 3790 1765 3863; baseline -0.001 -16"><span class='ocrx_word' id='word_1_512' title='bbox 168 3795 413 3856; x_wconf 76' lang='grc' dir='ltr'>δίκαιον,</span> <span class='ocrx_word' id='word_1_513' title='bbox 450 3793 912 3860; x_wconf 82' lang='grc' dir='ltr'>θεολογικώτατον</span> <span class='ocrx_word' id='word_1_514' title='bbox 944 3790 1021 3843; x_wconf 78' lang='grc' dir='ltr'>δν·</span> <span class='ocrx_word' id='word_1_515' title='bbox 1058 3792 1139 3843; x_wconf 83' lang='grc' dir='ltr'>ὅτι</span> <span class='ocrx_word' id='word_1_516' title='bbox 1188 3790 1216 3843; x_wconf 88' lang='lat'><strong>6</strong></span> <span class='ocrx_word' id='word_1_517' title='bbox 1250 3790 1443 3861; x_wconf 80' lang='grc' dir='ltr'>Πατὴρ</span> <span class='ocrx_word' id='word_1_518' title='bbox 1502 3794 1765 3863; x_wconf 80' lang='grc' dir='ltr'>ἑκάτερον</span> 
     </span>
    </p>
   </div>
   <div class='ocr_carea' id='block_1_70' title="bbox 170 3882 1761 3952">
    <p class='ocr_par' dir='ltr' id='par_1_70' title="bbox 170 3882 1761 3952">
     <span class='ocr_line' id='line_1_70' title="bbox 170 3882 1761 3952; baseline -0.003 -15"><span class='ocrx_word' id='word_1_519' title='bbox 170 3887 287 3937; x_wconf 82' lang='grc' dir='ltr'>τῶν</span> <span class='ocrx_word' id='word_1_520' title='bbox 320 3886 478 3937; x_wconf 79' lang='grc' dir='ltr'>θείων</span> <span class='ocrx_word' id='word_1_521' title='bbox 522 3883 763 3952; x_wconf 78' lang='grc' dir='ltr'>παράγει</span> <span class='ocrx_word' id='word_1_522' title='bbox 819 3882 1149 3951; x_wconf 79' lang='grc' dir='ltr'>προσώπων,</span> <span class='ocrx_word' id='word_1_523' title='bbox 1204 3882 1521 3951; x_wconf 77' lang='grc' dir='ltr'>ῖσονέαυτῷ</span> <span class='ocrx_word' id='word_1_524' title='bbox 1584 3884 1761 3952; x_wconf 74' lang='grc' dir='ltr'>πάντη</span> 
     </span>
    </p>
   </div>
   <div class='ocr_carea' id='block_1_71' title="bbox 172 3973 1760 4047">
    <p class='ocr_par' dir='ltr' id='par_1_71' title="bbox 172 3973 1760 4047">
     <span class='ocr_line' id='line_1_71' title="bbox 172 3973 1760 4047; baseline -0.001 -16"><span class='ocrx_word' id='word_1_525' title='bbox 172 3982 397 4041; x_wconf 73' lang='grc' dir='ltr'>πάντως</span> <span class='ocrx_word' id='word_1_526' title='bbox 429 3978 520 4031; x_wconf 78' lang='grc' dir='ltr'><strong>καὶ</strong></span> <span class='ocrx_word' id='word_1_527' title='bbox 551 3979 735 4047; x_wconf 78' lang='grc' dir='ltr'>ὅμοιον</span> <span class='ocrx_word' id='word_1_528' title='bbox 758 3977 879 4037; x_wconf 85' lang='grc' dir='ltr'>ταῖς</span> <span class='ocrx_word' id='word_1_529' title='bbox 911 3977 1103 4037; x_wconf 76' lang='grc' dir='ltr'>αὑταῖς</span> <span class='ocrx_word' id='word_1_530' title='bbox 1164 3974 1242 4044; x_wconf 81' lang='grc' dir='ltr'>τῷ</span> <span class='ocrx_word' id='word_1_531' title='bbox 1273 3973 1492 4045; x_wconf 79' lang='grc' dir='ltr'>ἀριθμῷ</span> <span class='ocrx_word' id='word_1_532' title='bbox 1558 3975 1760 4029; x_wconf 83' lang='grc' dir='ltr'>τελειό-</span> 
     </span>
    </p>
   </div>
   <div class='ocr_carea' id='block_1_72' title="bbox 170 4067 1760 4141">
    <p class='ocr_par' dir='ltr' id='par_1_72' title="bbox 170 4067 1760 4141">
     <span class='ocr_line' id='line_1_72' title="bbox 170 4067 1760 4141; baseline -0.003 -16"><span class='ocrx_word' id='word_1_533' title='bbox 170 4090 328 4141; x_wconf 76' lang='grc' dir='ltr'>τησι.</span> <span class='ocrx_word' id='word_1_534' title='bbox 368 4073 550 4124; x_wconf 67' lang='grc' dir='ltr'>Πάντα</span> <span class='ocrx_word' id='word_1_535' title='bbox 576 4073 684 4140; x_wconf 79' lang='grc' dir='ltr'><strong>γὰρ</strong></span> <span class='ocrx_word' id='word_1_536' title='bbox 719 4072 815 4123; x_wconf 80' lang='grc' dir='ltr'>ὅσα</span> <span class='ocrx_word' id='word_1_537' title='bbox 840 4069 1100 4139; x_wconf 74' lang='grc' dir='ltr'>πρόσεστι</span> <span class='ocrx_word' id='word_1_538' title='bbox 1132 4067 1209 4138; x_wconf 81' lang='grc' dir='ltr'>τῷ</span> <span class='ocrx_word' id='word_1_539' title='bbox 1252 4069 1428 4138; x_wconf 74' lang='grc' dir='ltr'>Πατρῖ</span> <span class='ocrx_word' id='word_1_540' title='bbox 1477 4069 1605 4121; x_wconf 76' lang='grc' dir='ltr'>ἄνευ</span> <span class='ocrx_word' id='word_1_541' title='bbox 1658 4087 1760 4120; x_wconf 71' lang='grc' dir='ltr'>παν</span> 
     </span>
    </p>
   </div>
   <div class='ocr_carea' id='block_1_73' title="bbox 168 4160 1758 4236">
    <p class='ocr_par' dir='ltr' id='par_1_73' title="bbox 168 4160 1758 4236">
     <span class='ocr_line' id='line_1_73' title="bbox 168 4160 1758 4236; baseline -0.004 -18"><span class='ocrx_word' id='word_1_542' title='bbox 168 4169 465 4236; x_wconf 82' lang='grc' dir='ltr'>τρότητος,</span> <span class='ocrx_word' id='word_1_543' title='bbox 500 4167 593 4215; x_wconf 70' lang='grc' dir='ltr'>καὶ</span> <span class='ocrx_word' id='word_1_544' title='bbox 638 4165 852 4231; x_wconf 81' lang='grc' dir='ltr'>ὅσαπερ</span> <span class='ocrx_word' id='word_1_545' title='bbox 883 4162 1220 4231; x_wconf 81' lang='grc' dir='ltr'>ὲφαρμόττει</span> <span class='ocrx_word' id='word_1_546' title='bbox 1280 4164 1345 4231; x_wconf 81' lang='grc' dir='ltr'>τῇ</span> <span class='ocrx_word' id='word_1_547' title='bbox 1384 4160 1505 4231; x_wconf 74' lang='grc' dir='ltr'>θείᾳ</span> <span class='ocrx_word' id='word_1_548' title='bbox 1549 4162 1758 4230; x_wconf 83' lang='grc' dir='ltr'>πατρό-</span> 
     </span>
    </p>
   </div>
   <div class='ocr_carea' id='block_1_74' title="bbox 168 4255 1761 4329">
    <p class='ocr_par' dir='ltr' id='par_1_74' title="bbox 168 4255 1761 4329">
     <span class='ocr_line' id='line_1_74' title="bbox 168 4255 1761 4329; baseline -0.003 -18"><span class='ocrx_word' id='word_1_549' title='bbox 168 4277 323 4329; x_wconf 72' lang='grc' dir='ltr'>τητι,</span> <span class='ocrx_word' id='word_1_550' title='bbox 368 4257 462 4311; x_wconf 67' lang='grc' dir='ltr'><strong>καὶ</strong></span> <span class='ocrx_word' id='word_1_551' title='bbox 502 4257 627 4310; x_wconf 82' lang='grc' dir='ltr'>ἄνευ</span> <span class='ocrx_word' id='word_1_552' title='bbox 662 4255 1000 4325; x_wconf 85' lang='grc' dir='ltr'>πατρότητος</span> <span class='ocrx_word' id='word_1_553' title='bbox 1044 4256 1160 4324; x_wconf 78' lang='grc' dir='ltr'><strong>ἅμα</strong></span> <span class='ocrx_word' id='word_1_554' title='bbox 1204 4257 1298 4307; x_wconf 77' lang='grc' dir='ltr'><strong>καὶ</strong></span> <span class='ocrx_word' id='word_1_555' title='bbox 1328 4256 1627 4317; x_wconf 78' lang='grc' dir='ltr'>πνεύσεως,</span> <span class='ocrx_word' id='word_1_556' title='bbox 1669 4255 1761 4307; x_wconf 73' lang='grc' dir='ltr'><strong>καὶ</strong></span> 
     </span>
    </p>
   </div>
   <div class='ocr_carea' id='block_1_75' title="bbox 168 4349 1761 4418">
    <p class='ocr_par' dir='ltr' id='par_1_75' title="bbox 168 4349 1761 4418">
     <span class='ocr_line' id='line_1_75' title="bbox 168 4349 1761 4418; baseline -0.003 -14"><span class='ocrx_word' id='word_1_557' title='bbox 168 4354 390 4418; x_wconf 74' lang='grc' dir='ltr'>ζσαπερ</span> <span class='ocrx_word' id='word_1_558' title='bbox 414 4351 602 4412; x_wconf 85' lang='grc' dir='ltr'>αὑταῖς</span> <span class='ocrx_word' id='word_1_559' title='bbox 633 4349 829 4411; x_wconf 84' lang='grc' dir='ltr'>κοινῶς</span> <span class='ocrx_word' id='word_1_560' title='bbox 857 4349 1218 4418; x_wconf 80' lang='grc' dir='ltr'>ὲφαρμόττει,</span> <span class='ocrx_word' id='word_1_561' title='bbox 1251 4349 1408 4402; x_wconf 85' lang='grc' dir='ltr'>κοινὰ</span> <span class='ocrx_word' id='word_1_562' title='bbox 1436 4351 1530 4402; x_wconf 77' lang='grc' dir='ltr'>καὶ</span> <span class='ocrx_word' id='word_1_563' title='bbox 1554 4351 1665 4411; x_wconf 82' lang='grc' dir='ltr'>τοῖς</span> <span class='ocrx_word' id='word_1_564' title='bbox 1696 4350 1761 4400; x_wconf 81' lang='grc' dir='ltr'>ἐκ</span> 
     </span>
    </p>
   </div>
   <div class='ocr_carea' id='block_1_76' title="bbox 168 4437 1760 4512">
    <p class='ocr_par' dir='ltr' id='par_1_76' title="bbox 168 4437 1760 4512">
     <span class='ocr_line' id='line_1_76' title="bbox 168 4437 1760 4512; baseline -0.002 -16"><span class='ocrx_word' id='word_1_565' title='bbox 168 4443 393 4512; x_wconf 76' lang='grc' dir='ltr'>ιιατρδς</span> <span class='ocrx_word' id='word_1_566' title='bbox 425 4437 612 4494; x_wconf 76' lang='grc' dir='ltr'>εἶναιὸ</span> <span class='ocrx_word' id='word_1_567' title='bbox 655 4440 965 4508; x_wconf 73' lang='grc' dir='ltr'>θεολογικος</span> <span class='ocrx_word' id='word_1_568' title='bbox 1004 4439 1348 4509; x_wconf 83' lang='grc' dir='ltr'>παραδίδωσι</span> <span class='ocrx_word' id='word_1_569' title='bbox 1381 4441 1563 4511; x_wconf 81' lang='grc' dir='ltr'>λόγος.</span> <span class='ocrx_word' id='word_1_570' title='bbox 1611 4440 1760 4494; x_wconf 54' lang='lat' dir='ltr'><strong>Auri</strong></span> 
     </span>
    </p>
   </div>
   <div class='ocr_carea' id='block_1_77' title="bbox 1868 3328 3455 3400">
    <p class='ocr_par' dir='ltr' id='par_1_77' title="bbox 1868 3328 3455 3400">
     <span class='ocr_line' id='line_1_77' title="bbox 1868 3328 3455 3400; baseline 0.005 -19"><span class='ocrx_word' id='word_1_571' title='bbox 1868 3328 2029 3383; x_wconf 88' lang='lat' dir='ltr'><strong>Patre</strong></span> <span class='ocrx_word' id='word_1_572' title='bbox 2063 3344 2355 3398; x_wconf 76' lang='lat' dir='ltr'><strong>assurgens</strong></span> <span class='ocrx_word' id='word_1_573' title='bbox 2393 3344 2503 3397; x_wconf 90' lang='lat' dir='ltr'><strong>quo</strong></span> <span class='ocrx_word' id='word_1_574' title='bbox 2530 3329 2693 3385; x_wconf 85' lang='lat' dir='ltr'><strong>Pater</strong></span> <span class='ocrx_word' id='word_1_575' title='bbox 2726 3339 2961 3400; x_wconf 90' lang='lat' dir='ltr'><strong>utraque</strong></span> <span class='ocrx_word' id='word_1_576' title='bbox 2999 3347 3256 3400; x_wconf 87' lang='lat' dir='ltr'><strong>persona,</strong></span> <span class='ocrx_word' id='word_1_577' title='bbox 3284 3333 3455 3389; x_wconf 83' lang='lat' dir='ltr'><strong>Filius</strong></span> 
     </span>
    </p>
   </div>
   <div class='ocr_carea' id='block_1_78' title="bbox 1869 3422 3455 3491">
    <p class='ocr_par' dir='ltr' id='par_1_78' title="bbox 1869 3422 3455 3491">
     <span class='ocr_line' id='line_1_78' title="bbox 1869 3422 3455 3491; baseline 0.004 -17"><span class='ocrx_word' id='word_1_578' title='bbox 1869 3438 2000 3476; x_wconf 81' lang='lat' dir='ltr'><strong>vero</strong></span> <span class='ocrx_word' id='word_1_579' title='bbox 2049 3422 2259 3491; x_wconf 87' lang='lat' dir='ltr'><strong>Spiritu</strong></span> <span class='ocrx_word' id='word_1_580' title='bbox 2305 3432 2497 3476; x_wconf 89' lang='lat' dir='ltr'><strong>sancto</strong></span> <span class='ocrx_word' id='word_1_581' title='bbox 2530 3422 2774 3476; x_wconf 88' lang='lat' dir='ltr'><strong>anterior</strong></span> <span class='ocrx_word' id='word_1_582' title='bbox 2805 3434 2887 3477; x_wconf 86' lang='lat' dir='ltr'><strong>est</strong></span> <span class='ocrx_word' id='word_1_583' title='bbox 2927 3441 2940 3477; x_wconf 88' lang='lat'><strong>:</strong></span> <span class='ocrx_word' id='word_1_584' title='bbox 2981 3423 3107 3478; x_wconf 88' lang='lat' dir='ltr'><strong>licet</strong></span> <span class='ocrx_word' id='word_1_585' title='bbox 3150 3426 3455 3480; x_wconf 88' lang='lat' dir='ltr'><strong>secundum</strong></span> 
     </span>
    </p>
   </div>
   <div class='ocr_carea' id='block_1_79' title="bbox 1820 3513 3457 3587">
    <p class='ocr_par' dir='ltr' id='par_1_79' title="bbox 1820 3513 3457 3587">
     <span class='ocr_line' id='line_1_79' title="bbox 1820 3513 3457 3587; baseline 0.002 -21"><span class='ocrx_word' id='word_1_586' title='bbox 1820 3522 1823 3525; x_wconf 86' lang='lat'>&#39;</span> <span class='ocrx_word' id='word_1_587' title='bbox 1868 3513 2013 3567; x_wconf 88' lang='lat' dir='ltr'><strong>idem</strong></span> <span class='ocrx_word' id='word_1_588' title='bbox 2041 3524 2376 3568; x_wconf 87' lang='lat' dir='ltr'><strong>momentum</strong></span> <span class='ocrx_word' id='word_1_589' title='bbox 2407 3514 2731 3569; x_wconf 67' lang='lat' dir='ltr'><strong>aeternitatis</strong></span> <span class='ocrx_word' id='word_1_590' title='bbox 2795 3514 2976 3580; x_wconf 73' lang='lat' dir='ltr'><strong>Pater,</strong></span> <span class='ocrx_word' id='word_1_591' title='bbox 3020 3513 3189 3570; x_wconf 83' lang='lat' dir='ltr'><strong>Filius</strong></span> <span class='ocrx_word' id='word_1_592' title='bbox 3231 3529 3287 3572; x_wconf 89' lang='lat' dir='ltr'><strong>et</strong></span> <span class='ocrx_word' id='word_1_593' title='bbox 3333 3516 3457 3587; x_wconf 85' lang='lat' dir='ltr'><strong>Spi-</strong></span> 
     </span>
    </p>
   </div>
   <div class='ocr_carea' id='block_1_80' title="bbox 1869 3606 2740 3664">
    <p class='ocr_par' dir='ltr' id='par_1_80' title="bbox 1869 3606 2740 3664">
     <span class='ocr_line' id='line_1_80' title="bbox 1869 3606 2740 3664; baseline 0.006 -6"><span class='ocrx_word' id='word_1_594' title='bbox 1869 3606 2007 3659; x_wconf 87' lang='lat' dir='ltr'><strong>ritus</strong></span> <span class='ocrx_word' id='word_1_595' title='bbox 2034 3617 2255 3661; x_wconf 81' lang='lat' dir='ltr'><strong>sanctus</strong></span> <span class='ocrx_word' id='word_1_596' title='bbox 2285 3623 2390 3661; x_wconf 83' lang='lat' dir='ltr'><strong>una</strong></span> <span class='ocrx_word' id='word_1_597' title='bbox 2416 3608 2580 3664; x_wconf 89' lang='lat' dir='ltr'><strong>simul</strong></span> <span class='ocrx_word' id='word_1_598' title='bbox 2612 3608 2740 3663; x_wconf 90' lang='lat' dir='ltr'><strong>sint.</strong></span> 
     </span>
    </p>
   </div>
   <div class='ocr_carea' id='block_1_81' title="bbox 1938 3699 3454 3772">
    <p class='ocr_par' dir='ltr' id='par_1_81' title="bbox 1938 3699 3454 3772">
     <span class='ocr_line' id='line_1_81' title="bbox 1938 3699 3454 3772; baseline 0.006 -21"><span class='ocrx_word' id='word_1_599' title='bbox 1938 3699 1993 3752; x_wconf 85' lang='lat'><strong>5.</strong></span> <span class='ocrx_word' id='word_1_600' title='bbox 2038 3699 2173 3751; x_wconf 90' lang='lat' dir='ltr'><strong>Illud</strong></span> <span class='ocrx_word' id='word_1_601' title='bbox 2206 3715 2425 3768; x_wconf 88' lang='lat' dir='ltr'><strong>quoque</strong></span> <span class='ocrx_word' id='word_1_602' title='bbox 2460 3704 2571 3770; x_wconf 89' lang='lat' dir='ltr'><strong>jam</strong></span> <span class='ocrx_word' id='word_1_603' title='bbox 2607 3700 2770 3755; x_wconf 86' lang='lat' dir='ltr'><strong>dictis</strong></span> <span class='ocrx_word' id='word_1_604' title='bbox 2804 3703 3006 3772; x_wconf 90' lang='lat' dir='ltr'><strong>apponi</strong></span> <span class='ocrx_word' id='word_1_605' title='bbox 3036 3718 3144 3758; x_wconf 87' lang='lat' dir='ltr'><strong>non</strong></span> <span class='ocrx_word' id='word_1_606' title='bbox 3183 3704 3454 3760; x_wconf 88' lang='lat' dir='ltr'><strong>absonum</strong></span> 
     </span>
    </p>
   </div>
   <div class='ocr_carea' id='block_1_82' title="bbox 1868 3792 3455 3865">
    <p class='ocr_par' dir='ltr' id='par_1_82' title="bbox 1868 3792 3455 3865">
     <span class='ocr_line' id='line_1_82' title="bbox 1868 3792 3455 3865; baseline 0.004 -20"><span class='ocrx_word' id='word_1_607' title='bbox 1868 3792 2055 3857; x_wconf 88' lang='lat' dir='ltr'><strong>fuerit,</strong></span> <span class='ocrx_word' id='word_1_608' title='bbox 2084 3808 2152 3846; x_wconf 78' lang='lat' dir='ltr'><strong>ex</strong></span> <span class='ocrx_word' id='word_1_609' title='bbox 2188 3793 2393 3845; x_wconf 87' lang='lat' dir='ltr'><strong>intimis</strong></span> <span class='ocrx_word' id='word_1_610' title='bbox 2428 3794 2714 3863; x_wconf 70' lang='lat' dir='ltr'><strong>theologia:</strong></span> <span class='ocrx_word' id='word_1_611' title='bbox 2739 3794 2959 3850; x_wconf 81' lang='lat' dir='ltr'><strong>arcanis</strong></span> <span class='ocrx_word' id='word_1_612' title='bbox 2990 3797 3221 3865; x_wconf 88' lang='lat' dir='ltr'><strong>petitum</strong></span> <span class='ocrx_word' id='word_1_613' title='bbox 3252 3816 3265 3851; x_wconf 88' lang='lat'><strong>:</strong></span> <span class='ocrx_word' id='word_1_614' title='bbox 3292 3800 3455 3852; x_wconf 84' lang='lat' dir='ltr'><strong>Pater</strong></span> 
     </span>
    </p>
   </div>
   <div class='ocr_carea' id='block_1_83' title="bbox 1866 3882 3451 3956">
    <p class='ocr_par' dir='ltr' id='par_1_83' title="bbox 1866 3882 3451 3956">
     <span class='ocr_line' id='line_1_83' title="bbox 1866 3882 3451 3956; baseline 0.004 -20"><span class='ocrx_word' id='word_1_615' title='bbox 1866 3896 1934 3936; x_wconf 71' lang='lat' dir='ltr'><strong>ex</strong></span> <span class='ocrx_word' id='word_1_616' title='bbox 1972 3882 2171 3936; x_wconf 78' lang='lat' dir='ltr'><strong>divinis</strong></span> <span class='ocrx_word' id='word_1_617' title='bbox 2206 3884 2456 3951; x_wconf 86' lang='lat' dir='ltr'><strong>personis</strong></span> <span class='ocrx_word' id='word_1_618' title='bbox 2490 3894 2781 3953; x_wconf 90' lang='lat' dir='ltr'><strong>utramque</strong></span> <span class='ocrx_word' id='word_1_619' title='bbox 2818 3885 3149 3955; x_wconf 83' lang='lat' dir='ltr'><strong>sibimetipsi</strong></span> <span class='ocrx_word' id='word_1_620' title='bbox 3184 3889 3451 3956; x_wconf 72' lang='lat' dir='ltr'><strong>aequalem</strong></span> 
     </span>
    </p>
   </div>
   <div class='ocr_carea' id='block_1_84' title="bbox 1867 3976 3453 4050">
    <p class='ocr_par' dir='ltr' id='par_1_84' title="bbox 1867 3976 3453 4050">
     <span class='ocr_line' id='line_1_84' title="bbox 1867 3976 3453 4050; baseline 0.005 -23"><span class='ocrx_word' id='word_1_621' title='bbox 1867 3989 1964 4043; x_wconf 88' lang='lat' dir='ltr'><strong>per</strong></span> <span class='ocrx_word' id='word_1_622' title='bbox 2009 3976 2193 4028; x_wconf 87' lang='lat' dir='ltr'><strong>omnia</strong></span> <span class='ocrx_word' id='word_1_623' title='bbox 2241 3986 2297 4029; x_wconf 90' lang='lat' dir='ltr'><strong>ct</strong></span> <span class='ocrx_word' id='word_1_624' title='bbox 2344 3976 2582 4029; x_wconf 88' lang='lat' dir='ltr'><strong>similem</strong></span> <span class='ocrx_word' id='word_1_625' title='bbox 2634 3977 2828 4032; x_wconf 90' lang='lat' dir='ltr'><strong>iisdem</strong></span> <span class='ocrx_word' id='word_1_626' title='bbox 2883 3994 3114 4035; x_wconf 84' lang='lat' dir='ltr'><strong>numero</strong></span> <span class='ocrx_word' id='word_1_627' title='bbox 3154 3980 3453 4050; x_wconf 81' lang='lat' dir='ltr'><strong>perfectio-</strong></span> 
     </span>
    </p>
   </div>
   <div class='ocr_carea' id='block_1_85' title="bbox 1867 4068 3450 4142">
    <p class='ocr_par' dir='ltr' id='par_1_85' title="bbox 1867 4068 3450 4142">
     <span class='ocr_line' id='line_1_85' title="bbox 1867 4068 3450 4142; baseline 0.006 -22"><span class='ocrx_word' id='word_1_628' title='bbox 1867 4068 2033 4122; x_wconf 89' lang='lat' dir='ltr'><strong>nibus</strong></span> <span class='ocrx_word' id='word_1_629' title='bbox 2089 4068 2361 4139; x_wconf 90' lang='lat' dir='ltr'><strong>producit.</strong></span> <span class='ocrx_word' id='word_1_630' title='bbox 2402 4070 2755 4139; x_wconf 75' lang='lat' dir='ltr'><strong>Quaecunque</strong></span> <span class='ocrx_word' id='word_1_631' title='bbox 2804 4075 2952 4128; x_wconf 90' lang='lat' dir='ltr'><strong>enim</strong></span> <span class='ocrx_word' id='word_1_632' title='bbox 3015 4075 3209 4131; x_wconf 82' lang='lat' dir='ltr'><strong>insunt.</strong></span> <span class='ocrx_word' id='word_1_633' title='bbox 3258 4073 3450 4142; x_wconf 85' lang='lat' dir='ltr'><strong>Patri,</strong></span> 
     </span>
    </p>
   </div>
   <div class='ocr_carea' id='block_1_86' title="bbox 1866 4165 3450 4239">
    <p class='ocr_par' dir='ltr' id='par_1_86' title="bbox 1866 4165 3450 4239">
     <span class='ocr_line' id='line_1_86' title="bbox 1866 4165 3450 4239; baseline 0.005 -24"><span class='ocrx_word' id='word_1_634' title='bbox 1866 4172 2095 4231; x_wconf 83' lang='lat' dir='ltr'><strong>excepta</strong></span> <span class='ocrx_word' id='word_1_635' title='bbox 2131 4178 2234 4216; x_wconf 90' lang='lat' dir='ltr'><strong>una</strong></span> <span class='ocrx_word' id='word_1_636' title='bbox 2269 4165 2630 4233; x_wconf 84' lang='lat' dir='ltr'><strong>paternitate.</strong></span> <span class='ocrx_word' id='word_1_637' title='bbox 2677 4176 2731 4220; x_wconf 83' lang='lat' dir='ltr'><strong>et</strong></span> <span class='ocrx_word' id='word_1_638' title='bbox 2765 4168 2833 4221; x_wconf 90' lang='lat' dir='ltr'><strong>iis</strong></span> <span class='ocrx_word' id='word_1_639' title='bbox 2864 4182 2986 4237; x_wconf 75' lang='lat' dir='ltr'><strong>qua:</strong></span> <span class='ocrx_word' id='word_1_640' title='bbox 3019 4167 3218 4223; x_wconf 71' lang='lat' dir='ltr'><strong>divina:</strong></span> <span class='ocrx_word' id='word_1_641' title='bbox 3265 4177 3450 4239; x_wconf 86' lang='lat' dir='ltr'><strong>pater-</strong></span> 
     </span>
    </p>
   </div>
   <div class='ocr_carea' id='block_1_87' title="bbox 1865 4255 3452 4331">
    <p class='ocr_par' dir='ltr' id='par_1_87' title="bbox 1865 4255 3452 4331">
     <span class='ocr_line' id='line_1_87' title="bbox 1865 4255 3452 4331; baseline 0.004 -24"><span class='ocrx_word' id='word_1_642' title='bbox 1865 4255 2024 4309; x_wconf 88' lang='lat' dir='ltr'><strong>nitati</strong></span> <span class='ocrx_word' id='word_1_643' title='bbox 2085 4257 2434 4310; x_wconf 85' lang='lat' dir='ltr'><strong>accommoda</strong></span> <span class='ocrx_word' id='word_1_644' title='bbox 2508 4268 2672 4323; x_wconf 89' lang='lat' dir='ltr'><strong>sunt,</strong></span> <span class='ocrx_word' id='word_1_645' title='bbox 2712 4269 3052 4330; x_wconf 80' lang='lat' dir='ltr'><strong>exceptaque</strong></span> <span class='ocrx_word' id='word_1_646' title='bbox 3119 4263 3452 4331; x_wconf 85' lang='lat' dir='ltr'><strong>pateruitate</strong></span> 
     </span>
    </p>
   </div>
   <div class='ocr_carea' id='block_1_88' title="bbox 1863 4346 3450 4421">
    <p class='ocr_par' dir='ltr' id='par_1_88' title="bbox 1863 4346 3450 4421">
     <span class='ocr_line' id='line_1_88' title="bbox 1863 4346 3450 4421; baseline 0.003 -19"><span class='ocrx_word' id='word_1_647' title='bbox 1863 4355 1922 4402; x_wconf 85' lang='lat' dir='ltr'><strong>et</strong></span> <span class='ocrx_word' id='word_1_648' title='bbox 1981 4346 2278 4415; x_wconf 82' lang='lat' dir='ltr'><strong>spiratione</strong></span> <span class='ocrx_word' id='word_1_649' title='bbox 2308 4388 2322 4411; x_wconf 88' lang='lat'><strong>,</strong></span> <span class='ocrx_word' id='word_1_650' title='bbox 2370 4358 2426 4402; x_wconf 90' lang='lat' dir='ltr'><strong>et</strong></span> <span class='ocrx_word' id='word_1_651' title='bbox 2456 4364 2585 4421; x_wconf 64' lang='lat' dir='ltr'><strong>quae</strong></span> <span class='ocrx_word' id='word_1_652' title='bbox 2650 4349 2759 4403; x_wconf 90' lang='lat' dir='ltr'><strong>illis</strong></span> <span class='ocrx_word' id='word_1_653' title='bbox 2817 4350 3165 4419; x_wconf 86' lang='lat' dir='ltr'><strong>adaptantur,</strong></span> <span class='ocrx_word' id='word_1_654' title='bbox 3200 4368 3450 4407; x_wconf 87' lang='lat' dir='ltr'><strong>commu-</strong></span> 
     </span>
    </p>
   </div>
   <div class='ocr_carea' id='block_1_89' title="bbox 1866 4440 3441 4513">
    <p class='ocr_par' dir='ltr' id='par_1_89' title="bbox 1866 4440 3441 4513">
     <span class='ocr_line' id='line_1_89' title="bbox 1866 4440 3441 4513; baseline 0.003 -18"><span class='ocrx_word' id='word_1_655' title='bbox 1866 4442 1958 4497; x_wconf 89' lang='lat' dir='ltr'><strong>nia</strong></span> <span class='ocrx_word' id='word_1_656' title='bbox 1997 4440 2063 4496; x_wconf 89' lang='lat' dir='ltr'><strong>iis</strong></span> <span class='ocrx_word' id='word_1_657' title='bbox 2115 4456 2356 4511; x_wconf 89' lang='lat' dir='ltr'><strong>quoque,</strong></span> <span class='ocrx_word' id='word_1_658' title='bbox 2416 4443 2511 4509; x_wconf 89' lang='lat' dir='ltr'><strong>qui</strong></span> <span class='ocrx_word' id='word_1_659' title='bbox 2565 4457 2631 4495; x_wconf 80' lang='lat' dir='ltr'><strong>ex</strong></span> <span class='ocrx_word' id='word_1_660' title='bbox 2678 4443 2838 4497; x_wconf 89' lang='lat' dir='ltr'><strong>Patre</strong></span> <span class='ocrx_word' id='word_1_661' title='bbox 2878 4451 3027 4508; x_wconf 85' lang='lat' dir='ltr'><strong>sunt,</strong></span> <span class='ocrx_word' id='word_1_662' title='bbox 3065 4445 3441 4513; x_wconf 77' lang='lat' dir='ltr'><strong>theologorum</strong></span> 
     </span>
    </p>
   </div>
   <div class='ocr_carea' id='block_1_90' title="bbox 170 4533 1762 4624">
    <p class='ocr_par' dir='ltr' id='par_1_90' title="bbox 170 4533 1757 4606">
     <span class='ocr_line' id='line_1_90' title="bbox 170 4533 1757 4606; baseline -0.002 -19"><span class='ocrx_word' id='word_1_663' title='bbox 170 4536 281 4606; x_wconf 77' lang='grc' dir='ltr'><strong>μὲν</strong></span> <span class='ocrx_word' id='word_1_664' title='bbox 322 4538 453 4604; x_wconf 74' lang='grc' dir='ltr'>γὰρ,</span> <span class='ocrx_word' id='word_1_665' title='bbox 493 4536 613 4604; x_wconf 71' lang='grc' dir='ltr'>ἢτοι</span> <span class='ocrx_word' id='word_1_666' title='bbox 674 4534 976 4603; x_wconf 84' lang='grc' dir='ltr'>πατρότης,</span> <span class='ocrx_word' id='word_1_667' title='bbox 1033 4533 1125 4587; x_wconf 76' lang='grc' dir='ltr'><strong>καὶ</strong></span> <span class='ocrx_word' id='word_1_668' title='bbox 1164 4533 1436 4603; x_wconf 86' lang='grc' dir='ltr'>πατρότης</span> <span class='ocrx_word' id='word_1_669' title='bbox 1486 4535 1603 4604; x_wconf 78' lang='grc' dir='ltr'><strong>ἅμα</strong></span> <span class='ocrx_word' id='word_1_670' title='bbox 1662 4535 1757 4587; x_wconf 77' lang='grc' dir='ltr'>καὶ</span> 
     </span>
    </p>
   </div>
   <div class='ocr_carea' id='block_1_91' title="bbox 1868 4533 3442 4624">
    <p class='ocr_par' dir='ltr' id='par_1_91' title="bbox 1868 4534 3442 4606">
     <span class='ocr_line' id='line_1_91' title="bbox 1868 4534 3442 4606; baseline 0.001 -15"><span class='ocrx_word' id='word_1_671' title='bbox 1868 4535 2143 4592; x_wconf 89' lang='lat' dir='ltr'><strong>sententia</strong></span> <span class='ocrx_word' id='word_1_672' title='bbox 2180 4534 2334 4588; x_wconf 81' lang='lat' dir='ltr'><strong>facit.</strong></span> <span class='ocrx_word' id='word_1_673' title='bbox 2375 4534 2469 4589; x_wconf 92' lang='lat' dir='ltr'><strong>llla</strong></span> <span class='ocrx_word' id='word_1_674' title='bbox 2513 4535 2781 4604; x_wconf 88' lang='lat' dir='ltr'><strong>siquidem</strong></span> <span class='ocrx_word' id='word_1_675' title='bbox 2808 4576 2821 4599; x_wconf 93' lang='lat'><strong>,</strong></span> <span class='ocrx_word' id='word_1_676' title='bbox 2874 4536 3177 4605; x_wconf 87' lang='lat' dir='ltr'><strong>pateruitas</strong></span> <span class='ocrx_word' id='word_1_677' title='bbox 3225 4552 3442 4606; x_wconf 85' lang='lat' dir='ltr'><strong>nempe,</strong></span> 
     </span>
    </p>
   </div>
   <div class='ocr_carea' id='block_1_92' title="bbox 171 4621 1755 4694">
    <p class='ocr_par' dir='ltr' id='par_1_92' title="bbox 171 4621 1755 4694">
     <span class='ocr_line' id='line_1_92' title="bbox 171 4621 1755 4694; baseline 0 -17"><span class='ocrx_word' id='word_1_678' title='bbox 171 4626 541 4691; x_wconf 62' lang='lat' dir='ltr'><strong>stur-:Dstc,xai</strong></span> <span class='ocrx_word' id='word_1_679' title='bbox 577 4624 787 4693; x_wconf 82' lang='grc' dir='ltr'>ὅσαπερ</span> <span class='ocrx_word' id='word_1_680' title='bbox 813 4623 1010 4675; x_wconf 76' lang='grc' dir='ltr'>ἕπεται</span> <span class='ocrx_word' id='word_1_681' title='bbox 1061 4626 1126 4694; x_wconf 81' lang='grc' dir='ltr'>τῇ</span> <span class='ocrx_word' id='word_1_682' title='bbox 1172 4624 1499 4694; x_wconf 86' lang='grc' dir='ltr'>πατρότητι,</span> <span class='ocrx_word' id='word_1_683' title='bbox 1544 4626 1637 4676; x_wconf 66' lang='grc' dir='ltr'><strong>καὶ</strong></span> <span class='ocrx_word' id='word_1_684' title='bbox 1690 4621 1755 4677; x_wconf 75' lang='grc' dir='ltr'>αὖ</span> 
     </span>
    </p>
   </div>
   <div class='ocr_carea' id='block_1_93' title="bbox 169 4715 1755 4787">
    <p class='ocr_par' dir='ltr' id='par_1_93' title="bbox 169 4715 1755 4787">
     <span class='ocr_line' id='line_1_93' title="bbox 169 4715 1755 4787; baseline -0.002 -17"><span class='ocrx_word' id='word_1_685' title='bbox 169 4718 344 4772; x_wconf 82' lang='grc' dir='ltr'>πάλιν</span> <span class='ocrx_word' id='word_1_686' title='bbox 378 4717 681 4787; x_wconf 84' lang='grc' dir='ltr'>πατρότητί</span> <span class='ocrx_word' id='word_1_687' title='bbox 708 4734 766 4769; x_wconf 90' lang='grc' dir='ltr'><strong>τε</strong></span> <span class='ocrx_word' id='word_1_688' title='bbox 804 4720 898 4769; x_wconf 69' lang='grc' dir='ltr'><strong>καὶ</strong></span> <span class='ocrx_word' id='word_1_689' title='bbox 926 4715 1149 4769; x_wconf 81' lang='grc' dir='ltr'>πνεύσει</span> <span class='ocrx_word' id='word_1_690' title='bbox 1180 4717 1395 4785; x_wconf 81' lang='grc' dir='ltr'>σχέσεις</span> <span class='ocrx_word' id='word_1_691' title='bbox 1433 4718 1540 4769; x_wconf 74' lang='grc' dir='ltr'>είσῖ</span> <span class='ocrx_word' id='word_1_692' title='bbox 1575 4717 1755 4785; x_wconf 82' lang='grc' dir='ltr'>μόνον,</span> 
     </span>
    </p>
   </div>
   <div class='ocr_carea' id='block_1_94' title="bbox 164 4806 1757 4878">
    <p class='ocr_par' dir='ltr' id='par_1_94' title="bbox 164 4806 1757 4878">
     <span class='ocr_line' id='line_1_94' title="bbox 164 4806 1757 4878; baseline -0.004 -15"><span class='ocrx_word' id='word_1_693' title='bbox 164 4813 234 4864; x_wconf 66' lang='grc' dir='ltr'><strong>οὐ</strong></span> <span class='ocrx_word' id='word_1_694' title='bbox 261 4810 623 4878; x_wconf 81' lang='grc' dir='ltr'>τελειότητες,</span> <span class='ocrx_word' id='word_1_695' title='bbox 687 4808 876 4878; x_wconf 84' lang='grc' dir='ltr'>ὥσπερ</span> <span class='ocrx_word' id='word_1_696' title='bbox 918 4809 1013 4861; x_wconf 76' lang='grc' dir='ltr'><strong>καὶ</strong></span> <span class='ocrx_word' id='word_1_697' title='bbox 1046 4810 1079 4877; x_wconf 80' lang='grc' dir='ltr'>ἡ</span> <span class='ocrx_word' id='word_1_698' title='bbox 1114 4807 1321 4876; x_wconf 85' lang='grc' dir='ltr'>υίότης,</span> <span class='ocrx_word' id='word_1_699' title='bbox 1383 4812 1476 4860; x_wconf 80' lang='grc' dir='ltr'><strong>καὶ</strong></span> <span class='ocrx_word' id='word_1_700' title='bbox 1508 4810 1538 4875; x_wconf 76' lang='grc' dir='ltr'>ἡ</span> <span class='ocrx_word' id='word_1_701' title='bbox 1588 4808 1645 4860; x_wconf 82' lang='grc' dir='ltr'><strong>ὲν</strong></span> <span class='ocrx_word' id='word_1_702' title='bbox 1682 4806 1757 4876; x_wconf 79' lang='grc' dir='ltr'>τῷ</span> 
     </span>
    </p>
   </div>
   <div class='ocr_carea' id='block_1_95' title="bbox 169 4898 1758 4970">
    <p class='ocr_par' dir='ltr' id='par_1_95' title="bbox 169 4898 1758 4970">
     <span class='ocr_line' id='line_1_95' title="bbox 169 4898 1758 4970; baseline -0.002 -17"><span class='ocrx_word' id='word_1_703' title='bbox 169 4901 461 4970; x_wconf 78' lang='grc' dir='ltr'>ιινεύματι</span> <span class='ocrx_word' id='word_1_704' title='bbox 512 4900 760 4961; x_wconf 55' lang='lat' dir='ltr'><strong>«vsust;</strong></span> <span class='ocrx_word' id='word_1_705' title='bbox 828 4900 911 4953; x_wconf 85' lang='grc' dir='ltr'><strong>διὸ</strong></span> <span class='ocrx_word' id='word_1_706' title='bbox 964 4901 1060 4952; x_wconf 76' lang='grc' dir='ltr'><strong>καὶ</strong></span> <span class='ocrx_word' id='word_1_707' title='bbox 1118 4900 1381 4969; x_wconf 81' lang='grc' dir='ltr'>ἰδιότητες</span> <span class='ocrx_word' id='word_1_708' title='bbox 1431 4898 1627 4961; x_wconf 76' lang='grc' dir='ltr'>ταῦτα,</span> <span class='ocrx_word' id='word_1_709' title='bbox 1679 4901 1758 4951; x_wconf 76' lang='grc' dir='ltr'><strong>ἐνὶ</strong></span> 
     </span>
    </p>
   </div>
   <div class='ocr_carea' id='block_1_96' title="bbox 170 4992 1758 5065">
    <p class='ocr_par' dir='ltr' id='par_1_96' title="bbox 170 4992 1758 5065">
     <span class='ocr_line' id='line_1_96' title="bbox 170 4992 1758 5065; baseline -0.001 -20"><span class='ocrx_word' id='word_1_710' title='bbox 170 4996 329 5065; x_wconf 79' lang='grc' dir='ltr'>μόνῳ</span> <span class='ocrx_word' id='word_1_711' title='bbox 349 4994 456 5045; x_wconf 79' lang='grc' dir='ltr'>τῶν</span> <span class='ocrx_word' id='word_1_712' title='bbox 482 4994 793 5063; x_wconf 84' lang='grc' dir='ltr'>προσώπων</span> <span class='ocrx_word' id='word_1_713' title='bbox 818 4992 1053 5045; x_wconf 77' lang='grc' dir='ltr'>ἑκάστου</span> <span class='ocrx_word' id='word_1_714' title='bbox 1086 4993 1384 5062; x_wconf 84' lang='grc' dir='ltr'>προσόντος</span> <span class='ocrx_word' id='word_1_715' title='bbox 1421 4992 1625 5061; x_wconf 72' lang='grc' dir='ltr'>ἥκιστα</span> <span class='ocrx_word' id='word_1_716' title='bbox 1676 5010 1758 5044; x_wconf 87' lang='grc' dir='ltr'>κι-</span> 
     </span>
    </p>
   </div>
   <div class='ocr_carea' id='block_1_97' title="bbox 168 5081 1755 5153">
    <p class='ocr_par' dir='ltr' id='par_1_97' title="bbox 168 5081 1755 5153">
     <span class='ocr_line' id='line_1_97' title="bbox 168 5081 1755 5153; baseline -0.003 -15"><span class='ocrx_word' id='word_1_717' title='bbox 168 5085 442 5153; x_wconf 72' lang='grc' dir='ltr'>νουμένου</span> <span class='ocrx_word' id='word_1_718' title='bbox 474 5084 567 5135; x_wconf 70' lang='grc' dir='ltr'><strong>καὶ</strong></span> <span class='ocrx_word' id='word_1_719' title='bbox 600 5083 1056 5151; x_wconf 85' lang='grc' dir='ltr'>μεταπίπτοντος.</span> <span class='ocrx_word' id='word_1_720' title='bbox 1108 5084 1189 5135; x_wconf 75' lang='grc' dir='ltr'><strong>Τὰ</strong></span> <span class='ocrx_word' id='word_1_721' title='bbox 1257 5083 1315 5135; x_wconf 73' lang='grc' dir='ltr'>δὲ</span> <span class='ocrx_word' id='word_1_722' title='bbox 1382 5083 1533 5152; x_wconf 83' lang='grc' dir='ltr'>παρᾶ</span> <span class='ocrx_word' id='word_1_723' title='bbox 1584 5081 1755 5135; x_wconf 83' lang='grc' dir='ltr'>ταῦτα</span> 
     </span>
    </p>
   </div>
   <div class='ocr_carea' id='block_1_98' title="bbox 172 5174 1755 5246">
    <p class='ocr_par' dir='ltr' id='par_1_98' title="bbox 172 5174 1755 5246">
     <span class='ocr_line' id='line_1_98' title="bbox 172 5174 1755 5246; baseline -0.001 -17"><span class='ocrx_word' id='word_1_724' title='bbox 172 5177 359 5229; x_wconf 68' lang='grc' dir='ltr'>πάντα</span> <span class='ocrx_word' id='word_1_725' title='bbox 399 5175 466 5227; x_wconf 63' lang='lat' dir='ltr'><strong>re</strong></span> <span class='ocrx_word' id='word_1_726' title='bbox 506 5175 645 5228; x_wconf 76' lang='grc' dir='ltr'>αὐτὰ</span> <span class='ocrx_word' id='word_1_727' title='bbox 696 5175 773 5245; x_wconf 87' lang='grc' dir='ltr'>τῷ</span> <span class='ocrx_word' id='word_1_728' title='bbox 798 5175 1017 5246; x_wconf 78' lang='grc' dir='ltr'>ἀριθμῷ</span> <span class='ocrx_word' id='word_1_729' title='bbox 1078 5178 1232 5229; x_wconf 75' lang='grc' dir='ltr'>κοινὰ</span> <span class='ocrx_word' id='word_1_730' title='bbox 1285 5179 1395 5239; x_wconf 84' lang='grc' dir='ltr'>τοῖς</span> <span class='ocrx_word' id='word_1_731' title='bbox 1425 5176 1626 5245; x_wconf 75' lang='grc' dir='ltr'>τρισὶν,</span> <span class='ocrx_word' id='word_1_732' title='bbox 1688 5174 1755 5227; x_wconf 80' lang='grc' dir='ltr'>ἵν’</span> 
     </span>
    </p>
   </div>
   <div class='ocr_carea' id='block_1_99' title="bbox 169 5266 1754 5337">
    <p class='ocr_par' dir='ltr' id='par_1_99' title="bbox 169 5266 1754 5337">
     <span class='ocr_line' id='line_1_99' title="bbox 169 5266 1754 5337; baseline -0.001 -16"><span class='ocrx_word' id='word_1_733' title='bbox 169 5270 266 5337; x_wconf 73' lang='grc' dir='ltr'><strong>εἴη</strong></span> <span class='ocrx_word' id='word_1_734' title='bbox 295 5270 405 5330; x_wconf 90' lang='grc' dir='ltr'>τοῖς</span> <span class='ocrx_word' id='word_1_735' title='bbox 432 5269 610 5330; x_wconf 80' lang='grc' dir='ltr'>αὐτοῖς</span> <span class='ocrx_word' id='word_1_736' title='bbox 643 5268 755 5331; x_wconf 87' lang='grc' dir='ltr'>ῐσος</span> <span class='ocrx_word' id='word_1_737' title='bbox 796 5269 892 5320; x_wconf 68' lang='grc' dir='ltr'><strong>καὶ</strong></span> <span class='ocrx_word' id='word_1_738' title='bbox 938 5269 1125 5337; x_wconf 79' lang='grc' dir='ltr'>ὅμοιος</span> <span class='ocrx_word' id='word_1_739' title='bbox 1159 5268 1293 5329; x_wconf 83' lang='grc' dir='ltr'>Θεὸς</span> <span class='ocrx_word' id='word_1_740' title='bbox 1326 5270 1352 5320; x_wconf 90' lang='lat'><strong>6</strong></span> <span class='ocrx_word' id='word_1_741' title='bbox 1380 5269 1507 5330; x_wconf 80' lang='grc' dir='ltr'>Υἱὸς</span> <span class='ocrx_word' id='word_1_742' title='bbox 1538 5266 1655 5337; x_wconf 85' lang='grc' dir='ltr'>Θεῷ</span> <span class='ocrx_word' id='word_1_743' title='bbox 1677 5267 1754 5337; x_wconf 83' lang='grc' dir='ltr'>τῷ</span> 
     </span>
    </p>
   </div>
   <div class='ocr_carea' id='block_1_100' title="bbox 170 5360 1753 5431">
    <p class='ocr_par' dir='ltr' id='par_1_100' title="bbox 170 5360 1753 5431">
     <span class='ocr_line' id='line_1_100' title="bbox 170 5360 1753 5431; baseline -0.001 -18"><span class='ocrx_word' id='word_1_744' title='bbox 170 5363 377 5429; x_wconf 71' lang='grc' dir='ltr'>Πατρὶ,</span> <span class='ocrx_word' id='word_1_745' title='bbox 410 5361 502 5413; x_wconf 72' lang='grc' dir='ltr'><strong>καὶ</strong></span> <span class='ocrx_word' id='word_1_746' title='bbox 536 5360 668 5422; x_wconf 76' lang='grc' dir='ltr'>Θεὸς</span> <span class='ocrx_word' id='word_1_747' title='bbox 703 5361 763 5412; x_wconf 82' lang='grc' dir='ltr'><strong>τὸ</strong></span> <span class='ocrx_word' id='word_1_748' title='bbox 794 5361 1021 5430; x_wconf 79' lang='grc' dir='ltr'>Πνεῦμα</span> <span class='ocrx_word' id='word_1_749' title='bbox 1061 5361 1179 5431; x_wconf 85' lang='grc' dir='ltr'>Θεῴ</span> <span class='ocrx_word' id='word_1_750' title='bbox 1229 5362 1404 5431; x_wconf 89' lang='grc' dir='ltr'>Πατρί</span> <span class='ocrx_word' id='word_1_751' title='bbox 1437 5378 1494 5413; x_wconf 85' lang='grc' dir='ltr'><strong>τε</strong></span> <span class='ocrx_word' id='word_1_752' title='bbox 1553 5362 1647 5414; x_wconf 77' lang='grc' dir='ltr'>καὶ</span> <span class='ocrx_word' id='word_1_753' title='bbox 1675 5360 1753 5429; x_wconf 84' lang='grc' dir='ltr'>τῷ</span> 
     </span>
    </p>
   </div>
   <div class='ocr_carea' id='block_1_101' title="bbox 166 5451 1755 5524">
    <p class='ocr_par' dir='ltr' id='par_1_101' title="bbox 166 5451 1755 5524">
     <span class='ocr_line' id='line_1_101' title="bbox 166 5451 1755 5524; baseline 0.001 -21"><span class='ocrx_word' id='word_1_754' title='bbox 166 5452 309 5520; x_wconf 79' lang='grc' dir='ltr'><strong>Υἱῴ·</strong></span> <span class='ocrx_word' id='word_1_755' title='bbox 344 5454 436 5505; x_wconf 71' lang='grc' dir='ltr'><strong>καὶ</strong></span> <span class='ocrx_word' id='word_1_756' title='bbox 459 5452 547 5505; x_wconf 78' lang='grc' dir='ltr'><strong>διὰ</strong></span> <span class='ocrx_word' id='word_1_757' title='bbox 576 5452 750 5505; x_wconf 81' lang='grc' dir='ltr'>ταῦτα</span> <span class='ocrx_word' id='word_1_758' title='bbox 790 5454 921 5516; x_wconf 68' lang='grc' dir='ltr'>Θεὸς</span> <span class='ocrx_word' id='word_1_759' title='bbox 955 5451 1035 5516; x_wconf 79' lang='grc' dir='ltr'>εἷς</span> <span class='ocrx_word' id='word_1_760' title='bbox 1064 5455 1131 5506; x_wconf 77' lang='grc' dir='ltr'>τὰ</span> <span class='ocrx_word' id='word_1_761' title='bbox 1158 5454 1304 5524; x_wconf 80' lang='grc' dir='ltr'>τρία,</span> <span class='ocrx_word' id='word_1_762' title='bbox 1355 5457 1421 5524; x_wconf 81' lang='grc' dir='ltr'>τῇ</span> <span class='ocrx_word' id='word_1_763' title='bbox 1475 5453 1609 5522; x_wconf 79' lang='grc' dir='ltr'>αὐτῇ</span> <span class='ocrx_word' id='word_1_764' title='bbox 1660 5454 1755 5504; x_wconf 70' lang='grc' dir='ltr'><strong>καὶ</strong></span> 
     </span>
    </p>
   </div>
   <div class='ocr_carea' id='block_1_102' title="bbox 173 5544 1752 5617">
    <p class='ocr_par' dir='ltr' id='par_1_102' title="bbox 173 5544 1752 5617">
     <span class='ocr_line' id='line_1_102' title="bbox 173 5544 1752 5617; baseline 0.004 -23"><span class='ocrx_word' id='word_1_765' title='bbox 173 5544 280 5614; x_wconf 84' lang='grc' dir='ltr'>μιᾷ</span> <span class='ocrx_word' id='word_1_766' title='bbox 307 5544 486 5615; x_wconf 76' lang='grc' dir='ltr'>οὐσίᾳ,</span> <span class='ocrx_word' id='word_1_767' title='bbox 524 5546 757 5607; x_wconf 77' lang='grc' dir='ltr'>καὶταῖς</span> <span class='ocrx_word' id='word_1_768' title='bbox 781 5547 970 5609; x_wconf 87' lang='grc' dir='ltr'>αὑταῖς</span> <span class='ocrx_word' id='word_1_769' title='bbox 1024 5548 1349 5617; x_wconf 84' lang='grc' dir='ltr'>τελειότησι,</span> <span class='ocrx_word' id='word_1_770' title='bbox 1404 5547 1500 5601; x_wconf 84' lang='grc' dir='ltr'>τοῦ</span> <span class='ocrx_word' id='word_1_771' title='bbox 1546 5549 1752 5617; x_wconf 82' lang='grc' dir='ltr'>τρόπου</span> 
     </span>
    </p>
   </div>
   <div class='ocr_carea' id='block_1_103' title="bbox 170 5636 1753 5709">
    <p class='ocr_par' dir='ltr' id='par_1_103' title="bbox 170 5636 1753 5709">
     <span class='ocr_line' id='line_1_103' title="bbox 170 5636 1753 5709; baseline 0.004 -20"><span class='ocrx_word' id='word_1_772' title='bbox 170 5637 341 5708; x_wconf 81' lang='grc' dir='ltr'>μόνου</span> <span class='ocrx_word' id='word_1_773' title='bbox 377 5655 492 5700; x_wconf 87' lang='grc' dir='ltr'><strong>πως</strong></span> <span class='ocrx_word' id='word_1_774' title='bbox 516 5638 950 5702; x_wconf 76' lang='grc' dir='ltr'>ὲναλλάττοντος,</span> <span class='ocrx_word' id='word_1_775' title='bbox 979 5636 1057 5701; x_wconf 76' lang='grc' dir='ltr'><strong>οἷς</strong></span> <span class='ocrx_word' id='word_1_776' title='bbox 1082 5642 1138 5691; x_wconf 82' lang='grc' dir='ltr'>ὲν</span> <span class='ocrx_word' id='word_1_777' title='bbox 1160 5640 1335 5709; x_wconf 70' lang='grc' dir='ltr'>Πατρὶ</span> <span class='ocrx_word' id='word_1_778' title='bbox 1361 5640 1462 5709; x_wconf 79' lang='grc' dir='ltr'>μὲν</span> <span class='ocrx_word' id='word_1_779' title='bbox 1495 5642 1753 5708; x_wconf 76' lang='grc' dir='ltr'>πηγαίως</span> 
     </span>
    </p>
   </div>
   <div class='ocr_carea' id='block_1_104' title="bbox 166 5729 1752 5806">
    <p class='ocr_par' dir='ltr' id='par_1_104' title="bbox 166 5729 1752 5806">
     <span class='ocr_line' id='line_1_104' title="bbox 166 5729 1752 5806; baseline 0.003 -25"><span class='ocrx_word' id='word_1_780' title='bbox 166 5729 367 5793; x_wconf 78' lang='grc' dir='ltr'>ταῦτα,</span> <span class='ocrx_word' id='word_1_781' title='bbox 404 5735 496 5781; x_wconf 71' lang='lat'><strong>7.1&quot;.</strong></span> <span class='ocrx_word' id='word_1_782' title='bbox 538 5731 804 5800; x_wconf 75' lang='grc' dir='ltr'>ἀνάρχως,</span> <span class='ocrx_word' id='word_1_783' title='bbox 852 5733 948 5784; x_wconf 73' lang='grc' dir='ltr'>καὶ</span> <span class='ocrx_word' id='word_1_784' title='bbox 994 5733 1279 5795; x_wconf 83' lang='grc' dir='ltr'>ἀναιτίως,</span> <span class='ocrx_word' id='word_1_785' title='bbox 1342 5734 1437 5784; x_wconf 77' lang='grc' dir='ltr'><strong>καὶ</strong></span> <span class='ocrx_word' id='word_1_786' title='bbox 1491 5733 1565 5802; x_wconf 76' lang='grc' dir='ltr'>μὴ</span> <span class='ocrx_word' id='word_1_787' title='bbox 1622 5735 1752 5806; x_wconf 83' lang='grc' dir='ltr'>παρ’</span> 
     </span>
    </p>
   </div>
   <div class='ocr_carea' id='block_1_105' title="bbox 172 5819 1747 5895">
    <p class='ocr_par' dir='ltr' id='par_1_105' title="bbox 172 5819 1747 5895">
     <span class='ocr_line' id='line_1_105' title="bbox 172 5819 1747 5895; baseline 0.006 -24"><span class='ocrx_word' id='word_1_788' title='bbox 172 5819 335 5872; x_wconf 80' lang='grc' dir='ltr'>ἄλλου</span> <span class='ocrx_word' id='word_1_789' title='bbox 376 5838 468 5875; x_wconf 89' lang='grc' dir='ltr'><strong>του</strong></span> <span class='ocrx_word' id='word_1_790' title='bbox 532 5823 803 5892; x_wconf 70' lang='grc' dir='ltr'>διδόμενα,</span> <span class='ocrx_word' id='word_1_791' title='bbox 845 5826 901 5877; x_wconf 82' lang='grc' dir='ltr'>ὲν</span> <span class='ocrx_word' id='word_1_792' title='bbox 932 5823 987 5876; x_wconf 80' lang='grc' dir='ltr'>δὲ</span> <span class='ocrx_word' id='word_1_793' title='bbox 1020 5824 1096 5894; x_wconf 83' lang='grc' dir='ltr'>τῷ</span> <span class='ocrx_word' id='word_1_794' title='bbox 1152 5822 1270 5892; x_wconf 82' lang='grc' dir='ltr'>Υῐῴ</span> <span class='ocrx_word' id='word_1_795' title='bbox 1321 5823 1417 5877; x_wconf 78' lang='grc' dir='ltr'><strong>καὶ</strong></span> <span class='ocrx_word' id='word_1_796' title='bbox 1466 5824 1747 5895; x_wconf 71' lang='grc' dir='ltr'>Πνεῦματι</span> 
     </span>
    </p>
   </div>
   <div class='ocr_carea' id='block_1_106' title="bbox 1865 4627 3443 4699">
    <p class='ocr_par' dir='ltr' id='par_1_106' title="bbox 1865 4627 3443 4699">
     <span class='ocr_line' id='line_1_106' title="bbox 1865 4627 3443 4699; baseline 0.001 -15"><span class='ocrx_word' id='word_1_797' title='bbox 1865 4639 1920 4684; x_wconf 89' lang='lat' dir='ltr'><strong>et</strong></span> <span class='ocrx_word' id='word_1_798' title='bbox 1943 4629 2241 4699; x_wconf 79' lang='lat' dir='ltr'><strong>paternitas</strong></span> <span class='ocrx_word' id='word_1_799' title='bbox 2287 4628 2448 4681; x_wconf 90' lang='lat' dir='ltr'><strong>simul</strong></span> <span class='ocrx_word' id='word_1_800' title='bbox 2472 4636 2528 4681; x_wconf 88' lang='lat' dir='ltr'><strong>et</strong></span> <span class='ocrx_word' id='word_1_801' title='bbox 2550 4627 2798 4696; x_wconf 87' lang='lat' dir='ltr'><strong>spiratio,</strong></span> <span class='ocrx_word' id='word_1_802' title='bbox 2830 4636 2884 4682; x_wconf 84' lang='lat' dir='ltr'><strong>et</strong></span> <span class='ocrx_word' id='word_1_803' title='bbox 2912 4643 3031 4697; x_wconf 76' lang='lat' dir='ltr'><strong>quae</strong></span> <span class='ocrx_word' id='word_1_804' title='bbox 3058 4629 3443 4697; x_wconf 86' lang='lat' dir='ltr'><strong>pateruitatcm</strong></span> 
     </span>
    </p>
   </div>
   <div class='ocr_carea' id='block_1_107' title="bbox 1863 4695 3443 4793">
    <p class='ocr_par' dir='ltr' id='par_1_107' title="bbox 1863 4695 3443 4793">
     <span class='ocr_line' id='line_1_107' title="bbox 1863 4695 3443 4793; baseline -0.004 -14"><span class='ocrx_word' id='word_1_805' title='bbox 1863 4695 2321 4793; x_wconf 59' lang='lat' dir='ltr'><strong>conseiquuntur,</strong></span> <span class='ocrx_word' id='word_1_806' title='bbox 2364 4723 2606 4792; x_wconf 89' lang='lat' dir='ltr'><strong>itemque</strong></span> <span class='ocrx_word' id='word_1_807' title='bbox 2661 4727 3051 4793; x_wconf 87' lang='lat' dir='ltr'><strong>paternitatem</strong></span> <span class='ocrx_word' id='word_1_808' title='bbox 3095 4734 3151 4777; x_wconf 90' lang='lat' dir='ltr'><strong>et</strong></span> <span class='ocrx_word' id='word_1_809' title='bbox 3184 4726 3443 4788; x_wconf 79' lang='lat' dir='ltr'><strong>spiratio-</strong></span> 
     </span>
    </p>
   </div>
   <div class='ocr_carea' id='block_1_108' title="bbox 1864 4816 3443 4887">
    <p class='ocr_par' dir='ltr' id='par_1_108' title="bbox 1864 4816 3443 4887">
     <span class='ocr_line' id='line_1_108' title="bbox 1864 4816 3443 4887; baseline 0.002 -17"><span class='ocrx_word' id='word_1_810' title='bbox 1864 4832 1987 4871; x_wconf 90' lang='lat' dir='ltr'><strong>nem</strong></span> <span class='ocrx_word' id='word_1_811' title='bbox 2021 4856 2035 4879; x_wconf 87' lang='lat'><em>.</em></span> <span class='ocrx_word' id='word_1_812' title='bbox 2076 4816 2367 4870; x_wconf 83' lang='lat' dir='ltr'><strong>relationes</strong></span> <span class='ocrx_word' id='word_1_813' title='bbox 2417 4817 2795 4871; x_wconf 87' lang='lat' dir='ltr'><strong>tantummodo</strong></span> <span class='ocrx_word' id='word_1_814' title='bbox 2840 4825 3009 4882; x_wconf 91' lang='lat' dir='ltr'><strong>sunt,</strong></span> <span class='ocrx_word' id='word_1_815' title='bbox 3066 4832 3175 4871; x_wconf 91' lang='lat' dir='ltr'><strong>non</strong></span> <span class='ocrx_word' id='word_1_816' title='bbox 3228 4820 3443 4887; x_wconf 87' lang='lat' dir='ltr'><strong>perfec-</strong></span> 
     </span>
    </p>
   </div>
   <div class='ocr_carea' id='block_1_109' title="bbox 1867 4907 3438 4978">
    <p class='ocr_par' dir='ltr' id='par_1_109' title="bbox 1867 4907 3438 4978">
     <span class='ocr_line' id='line_1_109' title="bbox 1867 4907 3438 4978; baseline 0.001 -17"><span class='ocrx_word' id='word_1_817' title='bbox 1867 4908 2067 4973; x_wconf 87' lang='lat' dir='ltr'><strong>tiones,</strong></span> <span class='ocrx_word' id='word_1_818' title='bbox 2098 4908 2559 4977; x_wconf 89' lang='lat' dir='ltr'><strong>quemadmodum</strong></span> <span class='ocrx_word' id='word_1_819' title='bbox 2591 4916 2645 4961; x_wconf 91' lang='lat' dir='ltr'><strong>et</strong></span> <span class='ocrx_word' id='word_1_820' title='bbox 2676 4908 2884 4971; x_wconf 88' lang='lat' dir='ltr'><strong>liliatio,</strong></span> <span class='ocrx_word' id='word_1_821' title='bbox 2912 4918 2991 4972; x_wconf 91' lang='lat' dir='ltr'><strong>et,</strong></span> <span class='ocrx_word' id='word_1_822' title='bbox 3014 4923 3133 4977; x_wconf 61' lang='lat' dir='ltr'><strong>quae</strong></span> <span class='ocrx_word' id='word_1_823' title='bbox 3154 4908 3210 4961; x_wconf 90' lang='lat' dir='ltr'><strong>in</strong></span> <span class='ocrx_word' id='word_1_824' title='bbox 3231 4907 3438 4978; x_wconf 81' lang='lat' dir='ltr'><strong>Spiritu</strong></span> 
     </span>
    </p>
   </div>
   <div class='ocr_carea' id='block_1_110' title="bbox 1861 5000 3439 5070">
    <p class='ocr_par' dir='ltr' id='par_1_110' title="bbox 1861 5000 3439 5070">
     <span class='ocr_line' id='line_1_110' title="bbox 1861 5000 3439 5070; baseline 0.001 -17"><span class='ocrx_word' id='word_1_825' title='bbox 1861 5010 1966 5064; x_wconf 87' lang='lat' dir='ltr'><strong>est,</strong></span> <span class='ocrx_word' id='word_1_826' title='bbox 2002 5000 2231 5070; x_wconf 87' lang='lat' dir='ltr'><strong>spiratio</strong></span> <span class='ocrx_word' id='word_1_827' title='bbox 2264 5018 2276 5051; x_wconf 92' lang='lat'><strong>:</strong></span> <span class='ocrx_word' id='word_1_828' title='bbox 2313 5011 2713 5069; x_wconf 84' lang='lat' dir='ltr'><strong>proptereaque</strong></span> <span class='ocrx_word' id='word_1_829' title='bbox 2748 5000 3143 5069; x_wconf 89' lang='lat' dir='ltr'><strong>proprietates,</strong></span> <span class='ocrx_word' id='word_1_830' title='bbox 3198 5000 3290 5054; x_wconf 89' lang='lat' dir='ltr'><strong>uni</strong></span> <span class='ocrx_word' id='word_1_831' title='bbox 3337 5003 3439 5055; x_wconf 91' lang='lat' dir='ltr'><strong>soli</strong></span> 
     </span>
    </p>
   </div>
   <div class='ocr_carea' id='block_1_111' title="bbox 1862 5092 3443 5163">
    <p class='ocr_par' dir='ltr' id='par_1_111' title="bbox 1862 5092 3443 5163">
     <span class='ocr_line' id='line_1_111' title="bbox 1862 5092 3443 5163; baseline 0 -17"><span class='ocrx_word' id='word_1_832' title='bbox 1862 5107 2107 5161; x_wconf 75' lang='lat' dir='ltr'><strong>persona:</strong></span> <span class='ocrx_word' id='word_1_833' title='bbox 2160 5093 2473 5163; x_wconf 82' lang='lat' dir='ltr'><strong>singulatim</strong></span> <span class='ocrx_word' id='word_1_834' title='bbox 2535 5092 2905 5155; x_wconf 61' lang='lat' dir='ltr'><strong>inhaerentes,</strong></span> <span class='ocrx_word' id='word_1_835' title='bbox 2957 5093 3217 5162; x_wconf 84' lang='lat' dir='ltr'><strong>nulloque</strong></span> <span class='ocrx_word' id='word_1_836' title='bbox 3279 5095 3443 5147; x_wconf 88' lang='lat' dir='ltr'><strong>modo</strong></span> 
     </span>
    </p>
   </div>
   <div class='ocr_carea' id='block_1_112' title="bbox 1861 5183 3439 5247">
    <p class='ocr_par' dir='ltr' id='par_1_112' title="bbox 1861 5183 3439 5247">
     <span class='ocr_line' id='line_1_112' title="bbox 1861 5183 3439 5247; baseline 0 -10"><span class='ocrx_word' id='word_1_837' title='bbox 1861 5198 1981 5238; x_wconf 87' lang='lat' dir='ltr'><strong>sese</strong></span> <span class='ocrx_word' id='word_1_838' title='bbox 2012 5194 2313 5246; x_wconf 85' lang='lat' dir='ltr'><strong>moventes,</strong></span> <span class='ocrx_word' id='word_1_839' title='bbox 2340 5192 2433 5236; x_wconf 85' lang='lat' dir='ltr'><strong>aut</strong></span> <span class='ocrx_word' id='word_1_840' title='bbox 2456 5183 2510 5235; x_wconf 90' lang='lat' dir='ltr'><strong>in</strong></span> <span class='ocrx_word' id='word_1_841' title='bbox 2544 5183 2703 5236; x_wconf 83' lang='lat' dir='ltr'><strong>aliam</strong></span> <span class='ocrx_word' id='word_1_842' title='bbox 2726 5184 3057 5247; x_wconf 78' lang='lat' dir='ltr'><strong>recidentes.</strong></span> <span class='ocrx_word' id='word_1_843' title='bbox 3081 5185 3279 5240; x_wconf 61' lang='lat' dir='ltr'><strong>Praeter</strong></span> <span class='ocrx_word' id='word_1_844' title='bbox 3304 5186 3439 5246; x_wconf 76' lang='lat' dir='ltr'><strong>lucc,</strong></span> 
     </span>
    </p>
   </div>
   <div class='ocr_carea' id='block_1_113' title="bbox 1862 5273 3438 5346">
    <p class='ocr_par' dir='ltr' id='par_1_113' title="bbox 1862 5273 3438 5346">
     <span class='ocr_line' id='line_1_113' title="bbox 1862 5273 3438 5346; baseline 0.001 -21"><span class='ocrx_word' id='word_1_845' title='bbox 1862 5275 2119 5326; x_wconf 81' lang='lat' dir='ltr'><strong>universa</strong></span> <span class='ocrx_word' id='word_1_846' title='bbox 2156 5273 2365 5341; x_wconf 84' lang='lat' dir='ltr'><strong>reliqua</strong></span> <span class='ocrx_word' id='word_1_847' title='bbox 2396 5274 2587 5326; x_wconf 88' lang='lat' dir='ltr'><strong>eadem</strong></span> <span class='ocrx_word' id='word_1_848' title='bbox 2623 5288 2853 5327; x_wconf 88' lang='lat' dir='ltr'><strong>numero</strong></span> <span class='ocrx_word' id='word_1_849' title='bbox 2888 5277 3066 5331; x_wconf 90' lang='lat' dir='ltr'><strong>tribus</strong></span> <span class='ocrx_word' id='word_1_850' title='bbox 3091 5277 3245 5346; x_wconf 81' lang='lat' dir='ltr'><strong>juxta</strong></span> <span class='ocrx_word' id='word_1_851' title='bbox 3288 5290 3438 5328; x_wconf 89' lang='lat' dir='ltr'><strong>com-</strong></span> 
     </span>
    </p>
   </div>
   <div class='ocr_carea' id='block_1_114' title="bbox 1860 5350 3438 5435">
    <p class='ocr_par' dir='ltr' id='par_1_114' title="bbox 1860 5350 3438 5435">
     <span class='ocr_line' id='line_1_114' title="bbox 1860 5350 3438 5435; baseline 0 -16"><span class='ocrx_word' id='word_1_852' title='bbox 1860 5367 2047 5420; x_wconf 89' lang='lat' dir='ltr'><strong>munia</strong></span> <span class='ocrx_word' id='word_1_853' title='bbox 2081 5374 2228 5427; x_wconf 85' lang='lat' dir='ltr'><strong>sunt,</strong></span> <span class='ocrx_word' id='word_1_854' title='bbox 2257 5376 2317 5418; x_wconf 93' lang='lat' dir='ltr'><strong>ut</strong></span> <span class='ocrx_word' id='word_1_855' title='bbox 2348 5364 2540 5419; x_wconf 76' lang='lat' dir='ltr'><strong>iisdem</strong></span> <span class='ocrx_word' id='word_1_856' title='bbox 2576 5350 2800 5435; x_wconf 70' lang='lat' dir='ltr'><strong>aequalis</strong></span> <span class='ocrx_word' id='word_1_857' title='bbox 2822 5365 3243 5421; x_wconf 83' lang='lat' dir='ltr'><strong>etsimilisDeus</strong></span> <span class='ocrx_word' id='word_1_858' title='bbox 3266 5365 3438 5419; x_wconf 84' lang='lat' dir='ltr'><strong>Filius</strong></span> 
     </span>
    </p>
   </div>
   <div class='ocr_carea' id='block_1_115' title="bbox 1861 5456 3439 5528">
    <p class='ocr_par' dir='ltr' id='par_1_115' title="bbox 1861 5456 3439 5528">
     <span class='ocr_line' id='line_1_115' title="bbox 1861 5456 3439 5528; baseline 0.001 -16"><span class='ocrx_word' id='word_1_859' title='bbox 1861 5461 1931 5513; x_wconf 91' lang='lat' dir='ltr'><strong>sit</strong></span> <span class='ocrx_word' id='word_1_860' title='bbox 1991 5459 2101 5511; x_wconf 90' lang='lat' dir='ltr'><strong>Deo</strong></span> <span class='ocrx_word' id='word_1_861' title='bbox 2145 5456 2315 5521; x_wconf 82' lang='lat' dir='ltr'><strong>Patri,</strong></span> <span class='ocrx_word' id='word_1_862' title='bbox 2349 5467 2403 5511; x_wconf 88' lang='lat' dir='ltr'><strong>et</strong></span> <span class='ocrx_word' id='word_1_863' title='bbox 2435 5458 2577 5511; x_wconf 74' lang='lat' dir='ltr'><strong>Deus</strong></span> <span class='ocrx_word' id='word_1_864' title='bbox 2608 5459 2843 5528; x_wconf 78' lang='lat' dir='ltr'><strong>Spiritus</strong></span> <span class='ocrx_word' id='word_1_865' title='bbox 2872 5461 2983 5513; x_wconf 83' lang='lat' dir='ltr'><strong>Deo</strong></span> <span class='ocrx_word' id='word_1_866' title='bbox 3011 5458 3175 5521; x_wconf 86' lang='lat' dir='ltr'><strong>Patri,</strong></span> <span class='ocrx_word' id='word_1_867' title='bbox 3219 5458 3439 5527; x_wconf 86' lang='lat' dir='ltr'><strong>Deoque</strong></span> 
     </span>
    </p>
   </div>
   <div class='ocr_carea' id='block_1_116' title="bbox 1861 5549 3442 5619">
    <p class='ocr_par' dir='ltr' id='par_1_116' title="bbox 1861 5549 3442 5619">
     <span class='ocr_line' id='line_1_116' title="bbox 1861 5549 3442 5619; baseline -0.002 -15"><span class='ocrx_word' id='word_1_868' title='bbox 1861 5551 1998 5605; x_wconf 88' lang='lat' dir='ltr'><strong>Filio</strong></span> <span class='ocrx_word' id='word_1_869' title='bbox 2024 5566 2038 5617; x_wconf 85' lang='grc'>;</span> <span class='ocrx_word' id='word_1_870' title='bbox 2058 5560 2456 5619; x_wconf 87' lang='lat' dir='ltr'><strong>proptereaque</strong></span> <span class='ocrx_word' id='word_1_871' title='bbox 2478 5552 2578 5604; x_wconf 89' lang='lat' dir='ltr'><strong>tria</strong></span> <span class='ocrx_word' id='word_1_872' title='bbox 2608 5552 2721 5604; x_wconf 79' lang='lat' dir='ltr'><strong>haec</strong></span> <span class='ocrx_word' id='word_1_873' title='bbox 2741 5552 2883 5604; x_wconf 90' lang='lat' dir='ltr'><strong>Deus</strong></span> <span class='ocrx_word' id='word_1_874' title='bbox 2906 5564 3067 5613; x_wconf 88' lang='lat' dir='ltr'><strong>unus,</strong></span> <span class='ocrx_word' id='word_1_875' title='bbox 3099 5564 3201 5602; x_wconf 92' lang='lat' dir='ltr'><strong>una</strong></span> <span class='ocrx_word' id='word_1_876' title='bbox 3219 5549 3442 5603; x_wconf 86' lang='lat' dir='ltr'><strong>eadem-</strong></span> 
     </span>
    </p>
   </div>
   <div class='ocr_carea' id='block_1_117' title="bbox 1859 5638 3441 5712">
    <p class='ocr_par' dir='ltr' id='par_1_117' title="bbox 1859 5638 3441 5712">
     <span class='ocr_line' id='line_1_117' title="bbox 1859 5638 3441 5712; baseline -0.002 -17"><span class='ocrx_word' id='word_1_877' title='bbox 1859 5659 1966 5712; x_wconf 87' lang='lat' dir='ltr'><strong>que</strong></span> <span class='ocrx_word' id='word_1_878' title='bbox 2011 5641 2249 5695; x_wconf 87' lang='lat' dir='ltr'><strong>essentia</strong></span> <span class='ocrx_word' id='word_1_879' title='bbox 2286 5642 2403 5694; x_wconf 57' lang='lat' dir='ltr'><strong>iisdv</strong></span> <span class='ocrx_word' id='word_1_880' title='bbox 2425 5658 2587 5712; x_wconf 88' lang='lat' dir='ltr'><strong>mque</strong></span> <span class='ocrx_word' id='word_1_881' title='bbox 2635 5640 3066 5712; x_wconf 88' lang='lat' dir='ltr'><strong>perfectionibus</strong></span> <span class='ocrx_word' id='word_1_882' title='bbox 3110 5638 3272 5693; x_wconf 90' lang='lat' dir='ltr'><strong>modo</strong></span> <span class='ocrx_word' id='word_1_883' title='bbox 3319 5648 3441 5692; x_wconf 91' lang='lat' dir='ltr'><strong>tan-</strong></span> 
     </span>
    </p>
   </div>
   <div class='ocr_carea' id='block_1_118' title="bbox 1863 5728 3439 5801">
    <p class='ocr_par' dir='ltr' id='par_1_118' title="bbox 1863 5728 3439 5801">
     <span class='ocr_line' id='line_1_118' title="bbox 1863 5728 3439 5801; baseline -0.002 -12"><span class='ocrx_word' id='word_1_884' title='bbox 1863 5736 2144 5789; x_wconf 87' lang='lat' dir='ltr'><strong>tummodo</strong></span> <span class='ocrx_word' id='word_1_885' title='bbox 2189 5735 2342 5788; x_wconf 83' lang='lat' dir='ltr'><strong>vario</strong></span> <span class='ocrx_word' id='word_1_886' title='bbox 2393 5735 2723 5801; x_wconf 80' lang='lat' dir='ltr'><strong>diversoque</strong></span> <span class='ocrx_word' id='word_1_887' title='bbox 2748 5772 2763 5792; x_wconf 87' lang='lat'><strong><em>.</em></strong></span> <span class='ocrx_word' id='word_1_888' title='bbox 2805 5748 2914 5799; x_wconf 89' lang='lat' dir='ltr'><strong>quo</strong></span> <span class='ocrx_word' id='word_1_889' title='bbox 2942 5730 2996 5782; x_wconf 89' lang='lat' dir='ltr'><strong>in</strong></span> <span class='ocrx_word' id='word_1_890' title='bbox 3030 5730 3188 5784; x_wconf 85' lang='lat' dir='ltr'><strong>Patre</strong></span> <span class='ocrx_word' id='word_1_891' title='bbox 3216 5728 3439 5798; x_wconf 83' lang='lat' dir='ltr'><strong>quidem</strong></span> 
     </span>
    </p>
   </div>
   <div class='ocr_carea' id='block_1_119' title="bbox 1861 5824 3439 5899">
    <p class='ocr_par' dir='ltr' id='par_1_119' title="bbox 1861 5824 3439 5899">
     <span class='ocr_line' id='line_1_119' title="bbox 1861 5824 3439 5899; baseline -0.003 -20"><span class='ocrx_word' id='word_1_892' title='bbox 1861 5826 1974 5882; x_wconf 72' lang='lat' dir='ltr'><strong>lucc</strong></span> <span class='ocrx_word' id='word_1_893' title='bbox 2001 5840 2257 5898; x_wconf 84' lang='lat' dir='ltr'><strong>tauquam</strong></span> <span class='ocrx_word' id='word_1_894' title='bbox 2284 5827 2339 5881; x_wconf 89' lang='lat' dir='ltr'><strong>iu</strong></span> <span class='ocrx_word' id='word_1_895' title='bbox 2359 5827 2530 5891; x_wconf 89' lang='lat' dir='ltr'><strong>fonte,</strong></span> <span class='ocrx_word' id='word_1_896' title='bbox 2560 5835 2611 5880; x_wconf 83' lang='lat' dir='ltr'><strong>ct</strong></span> <span class='ocrx_word' id='word_1_897' title='bbox 2636 5824 2840 5893; x_wconf 83' lang='lat' dir='ltr'><strong>absque</strong></span> <span class='ocrx_word' id='word_1_898' title='bbox 2871 5824 3140 5893; x_wconf 79' lang='lat' dir='ltr'><strong>principio</strong></span> <span class='ocrx_word' id='word_1_899' title='bbox 3162 5832 3218 5878; x_wconf 87' lang='lat' dir='ltr'><strong>et</strong></span> <span class='ocrx_word' id='word_1_900' title='bbox 3250 5838 3439 5899; x_wconf 62' lang='lat' dir='ltr'><strong>causa,</strong></span> 
     </span>
    </p>
   </div>
  </div>
