3904 6222
465 312 583 380 999

1638 307 1966 371 JOANNIS
2005 307 2507 369 ARGYROPULI

3599 307 3719 376 1000

474 440 580 481 nec
626 425 696 480 ab
727 425 834 480 alio
873 422 1116 479 exhibita
1147 424 1356 492 insunt,
1391 427 1444 481 in
1492 425 1633 482 Filio
1678 439 1808 482 vero
1840 433 1894 480 et
1923 421 2046 491 Spi-

2168 423 2283 490 παρ’
2315 420 2478 476 ἄλλου
2509 437 2604 476 του
2637 420 2892 493 διδόμενα
2929 423 3022 478 τοῦ
3058 423 3274 496 [ἰατρὸς
3319 423 3423 478 οὐκ
3468 422 3717 494 manu,

478 519 608 581 ritu,
643 516 712 572 ab
737 516 844 570 alio
872 516 1142 580 exhibita,
1185 517 1346 576 Patre
1379 518 1682 583 duntaxat,
1723 532 1833 570 non
1881 513 2050 569 veluti

475 609 530 662 in
551 608 724 664 fonte.
753 621 856 662 nec
887 607 1092 677 absque
1115 609 1382 678 principio
1403 617 1459 664 et
1483 623 1668 665 causa.
1699 606 1860 662 Solus
1887 603 2056 674 siqui—

473 699 596 754 dem
632 700 753 754 fons
801 701 1347 772 supersubstautialis
1403 700 1709 757 divinitatis
1759 699 1919 754 Pater
1947 704 2053 758 est.

472 798 528 844 et
554 789 704 845 solus
727 792 840 860 ipse
875 806 1062 851 causa,
1093 800 1147 845 et
1178 801 1452 856 causator,
1485 791 1633 861 quod
1663 799 1718 844 et
1745 789 1899 843 solus
1935 788 2056 841 sine

474 899 636 937 causa
667 894 722 938 et
753 885 871 940 sine
901 883 1170 953 principio
1202 894 1284 939 est
1323 901 1338 937 :
1377 900 1557 954 neque
1589 881 1736 936 enim
1765 896 1830 935 ex
1872 879 2056 948 aliquo

475 976 593 1044 ipse
625 985 729 1040 est,
781 985 838 1030 ut
869 975 1276 1044 quodammodo
1307 987 1362 1031 et
1391 978 1506 1044 ipse
1542 973 1844 1044 productus
1882 972 1973 1036 sit,
2003 980 2059 1026 et

475 1083 596 1136 qum
629 1067 682 1120 in
709 1068 825 1135 ipso
852 1077 981 1122 sunt
1007 1067 1074 1121 ab
1111 1069 1218 1122 alio
1242 1067 1524 1137 quopiam,
1555 1075 1610 1120 et
1635 1080 1742 1120 non
1767 1065 1884 1120 sine
1907 1064 2056 1133 prin-

474 1160 642 1229 cipio,
677 1171 732 1213 et
761 1170 1017 1230 tanquam
1055 1160 1108 1214 in
1136 1160 1310 1214 fonte.
1346 1159 1629 1227 Siquidem
1662 1159 1776 1228 ipse
1807 1157 1956 1211 solus
1975 1163 2059 1210 est

477 1253 599 1306 Filii
639 1265 693 1306 et
738 1252 976 1323 Spiritus
1017 1252 1349 1321 principium
1398 1250 1609 1321 absque
1661 1247 1974 1319 principio,
2001 1254 2053 1302 et

473 1346 684 1416 absque
719 1361 914 1409 causa,
949 1353 1007 1398 ut
1038 1343 1383 1398 dicebamus.

544 1479 600 1534 0.
644 1480 962 1536 Producens
1013 1479 1181 1551 igitur
1230 1480 1389 1535 Pater
1430 1478 1629 1534 Filium
1689 1476 2061 1532 communicat

475 1572 580 1641 ipsi
615 1573 858 1625 divinam
911 1573 1204 1626 essentiam
1230 1611 1244 1634 ,
1275 1570 1625 1640 reliquasque
1667 1583 1861 1623 omnes
1911 1569 2061 1623 illius

475 1664 880 1734 perfectiones,
911 1666 988 1718 uti
1044 1673 1101 1718 et
1147 1665 1519 1734 generativam
1573 1673 1632 1718 et
1672 1661 2057 1732 productivam

2155 513 2217 566 οὐ
2241 516 2508 582 πηγαίως,
2535 515 2644 568 οὐδ’
2667 515 2943 582 ἀναιτίως.
2967 518 3115 589 Μόνη
3136 519 3245 586 γὰρ
3270 518 3426 587 πηγὴ
3451 517 3549 588 τῆς
3567 516 3718 588 61:29-

2156 607 2338 659 ουσίου
2389 607 2645 682 ρεότητος
2668 610 2696 660 ό
2723 608 2932 680 Πατὴρ,
2964 611 3060 663 καὶ
3087 610 3250 680 μόνος
3287 610 3455 673 αὐτὸς
3475 609 3616 662 αἰτία
3637 608 3721 662 καὶ

2155 701 2346 764 αἴτιος,
2378 701 2458 752 ὅτι
2486 702 2580 754 καὶ
2621 703 2781 771 μόνος
2813 703 3050 767 ἀναίτιός
3079 721 3140 757 τε
3175 707 3272 758 καὶ
3307 707 3570 772 ἄναρχος.
3600 703 3719 755 Οὐδὲ

2158 793 2264 859 γὰρ
2293 791 2356 842 ἐκ
2377 809 2520 855 τινος
2546 795 2638 846 καὶ
2659 793 2845 857 αὐτὸς,
2881 795 2948 846 ἶν’
2986 795 3069 863 εῐη
3102 796 3196 847 καὶ
3226 795 3394 857 αὐτός
3425 811 3541 856 πως
3564 793 3722 847 αἰτια-

2157 883 2270 948 τόν,
2305 884 2398 936 καὶ
2437 884 2504 936 τὰ
2533 886 2684 956 αὐτῷ
2719 886 2995 956 προσόντα
3035 887 3164 954 παρ’
3199 887 3366 941 ἄλλου
3385 903 3479 938 του
3524 885 3612 938 καὶ
3649 883 3718 953 μὴ

2159 977 2436 1046 ἀνάρχως,
2469 979 2605 1048 μηδὲ
2645 979 2916 1049 πηγαίως.
2941 980 3110 1043 Αὐτὸς
3142 981 3253 1050 γὰρ
3291 979 3456 1048 μόνος
3484 977 3608 1030 Υίοῦ
3636 979 3719 1029 καὶ

2162 1069 2479 1139 Ιῐνεύματος
2515 1071 2662 1140 ἀρχὴ
2725 1071 2961 1142 ἄναρχος
3015 1073 3110 1126 καὶ
3169 1073 3440 1135 ἀναίτιος,
3485 1071 3560 1134 ὡς
3613 1070 3717 1122 Eli-

2159 1177 2351 1230 γομεν.

2234 1477 2605 1550 ς’.Παράγων
2629 1480 2809 1534 τοίνυν
2856 1483 2884 1533 ὁ
2929 1479 3120 1551 Πατὴρ
3177 1479 3271 1533 τὸν
3321 1479 3472 1546 Υἱον,
3521 1477 3726 1532 δίδωσιν

2161 1571 2311 1642 αὐτῷ
2339 1571 2438 1641 τὴν
2485 1573 2638 1626 θείαν
2665 1574 2878 1641 οὐσίαν,
2907 1575 3001 1628 καὶ
3031 1576 3265 1646 ὅσαιπερ
3327 1572 3498 1641 αὐτῆς
3536 1570 3726 1623 τελειό-

2162 1683 2350 1736 τητες,
2383 1663 2525 1718 ὥστε
2556 1668 2649 1719 καὶ
2707 1668 2806 1738 τὴν
2849 1667 3176 1736 γεννητικὴν
3233 1667 3328 1718 καὶ
3362 1663 3727 1735 προϐλητιιιὴν

475 1759 638 1812 simul
671 1757 1006 1812 facultatem.
1031 1757 1166 1810 Cum
1199 1755 1348 1810 enim
1382 1754 1634 1825 ejusdem
1659 1754 1913 1809 essentia:
1935 1767 2052 1822 pcr-

2168 1759 2283 1828 ἅμα
2320 1759 2571 1828 δύναμιν.
2608 1757 2720 1828 Τῆς
2749 1759 2856 1829 γὰρ
2897 1760 3070 1828 αὐτῆς
3106 1757 3294 1819 οὐσίας
3351 1758 3421 1808 τὰ
3473 1756 3727 1824 πρόσωπα

475 1868 628 1907 sonat:
656 1851 768 1906 sint
788 1893 803 1917 ,
835 1851 1054 1905 easdem
1085 1865 1304 1921 qu0que
1348 1848 1631 1919 possident
1669 1846 2055 1920 perfectiones,

477 1953 538 1999 ut
568 1945 1005 1999 demonstratum
1042 1952 1145 2007 est,
1176 1942 1571 2011 etintellectus
1610 1940 1836 2011 quidem
1879 1947 1936 1994 et
1963 1951 2060 1992 vo-

475 2036 660 2089 luntas
701 2032 1072 2102 perfectiones
1119 2042 1268 2088 sunt.
1304 2031 1441 2086 Cum
1473 2030 1720 2101 alioquin
1762 2029 1888 2100 quis
1948 2043 2058 2083 non

476 2129 627 2183 novit
657 2129 996 2182 intellectum
1023 2135 1081 2181 et
1111 2127 1448 2181 voluntatem
1476 2124 1666 2180 eadem
1693 2139 1919 2193 prorsus
1943 2137 2059 2177 om-

476 2224 641 2291 nique
668 2236 732 2275 ex
767 2228 919 2289 parte
941 2219 994 2272 in
1017 2219 1196 2282 Patre,
1220 2229 1274 2271 et
1305 2216 1464 2282 Filio,
1490 2227 1544 2270 et
1565 2215 1770 2285 Spiritu
1791 2214 2060 2270 ?Verum-

477 2327 660 2368 tamen
691 2329 816 2368 cum
855 2313 1028 2367 Filius
1065 2310 1481 2381 producebatur
1516 2325 1544 2362 a
1580 2308 1761 2372 Patre,
1789 2307 2056 2368 utPatre,

478 2424 586 2462 non
618 2405 940 2476 intelligitur
973 2403 1212 2473 Spiritus
1251 2411 1473 2456 sanctus
1531 2414 1598 2454 ex
1637 2399 1800 2452 Patre
1833 2407 1890 2452 ut
1936 2413 2064 2466 pro-

479 2503 714 2555 ducente
750 2497 1000 2567 produci.
1047 2494 1493 2563 Praziutelligitur
1521 2491 1669 2546 enim
1719 2490 1910 2553 Pater,
1954 2504 2060 2558 qua

479 2593 645 2648 Pater
683 2589 1033 2660 producenti,
1078 2602 1184 2657 qua
1229 2585 1544 2656 producens
1577 2592 1698 2647 est,
1741 2593 1801 2636 ut
1833 2581 2058 2635 diceba-

483 2704 595 2746 tur.
626 2692 796 2746 Aliter
830 2687 1191 2760 paternitate,
1224 2700 1346 2755 qua:
1377 2693 1462 2739 est
1511 2697 1616 2735 una
1653 2697 1719 2735 ex
1755 2681 2060 2751 proprieta-

481 2787 664 2849 tibus,
695 2784 1002 2838 sustinente
1045 2787 1327 2848 paternam
1387 2775 1762 2849 bypostasim,
1794 2775 1963 2828 veluti
2007 2785 2062 2828 et

479 2880 677 2934 Filium
724 2877 933 2938 filiatio,
973 2884 1028 2929 et
1055 2873 1321 2944 Spiritum
1355 2869 1661 2942 productio,
1709 2885 1816 2923 non
1873 2869 2060 2936 utique

479 2972 644 3028 simul
681 2969 849 3024 fuerit
881 2970 1206 3039 paternitas,
1239 2975 1314 3031 et,
1343 2980 1463 3033 qua:
1499 2964 1552 3018 in
1589 2963 1751 3019 Patre
1781 2970 1897 3025 est,
1928 2977 2057 3029 pro—

480 3068 691 3122 ductio.
723 3063 1182 3132 Prwintelligetur
1213 3060 1481 3128 siquidem
1513 3058 1811 3126 paternitas
1852 3072 1971 3123 quae
2004 3055 2058 3108 in

2162 1853 2258 1903 καὶ
2287 1850 2388 1912 τὰς
2414 1851 2585 1912 αὐτὰς
2617 1849 2731 1919 ἔχει
2758 1849 3033 1920 δήπουθεν
3081 1847 3456 1918 τελειότητας,
3509 1845 3584 1906 ὡς
3629 1844 3727 1896 ἑδέ-

2161 1943 2359 1997 δεικτο·
2395 1942 2494 1995 καὶ
2512 1942 2635 2003 νοῦς
2660 1942 2715 1994 δὲ
2745 1942 2840 1994 καὶ
2869 1941 3122 2010 βούλησις
3147 1939 3512 2008 τελειότητες.
3537 1937 3729 1998 ’Δλλως

2161 2053 2223 2090 τε
2244 2034 2328 2098 τίς
2355 2035 2455 2088 οὐκ
2489 2032 2598 2088 οἶδε
2629 2034 2755 2088 νοῦν
2781 2051 2840 2088 τε
2882 2035 2978 2087 καὶ
3007 2034 3268 2104 βούλησιν
3302 2034 3372 2086 τὰ
3402 2032 3544 2085 αὐτὰ
3567 2033 3729 2101 πάντη

2163 2129 2382 2191 πάντως
2411 2132 2468 2181 ὲν
2497 2129 2672 2198 Πατρὶ
2700 2129 2795 2181 καὶ
2823 2127 2937 2198 Υἰῷ
2969 2128 3062 2180 καὶ
3119 2127 3197 2197 τῷ
3231 2127 3554 2191 Evadunt;
3586 2125 3733 2178 ’Δλὶὰ

2165 2220 2273 2290 μὴν
2303 2219 2380 2272 ὅθ’
2405 2220 2431 2272 ό
2467 2220 2595 2281 Υἱὸς
2629 2220 2916 2290 παρήγετο
2946 2221 3008 2271 ὲκ
3041 2218 3255 2288 Πατρός
3285 2217 3363 2282 ὡς
3417 2218 3654 2287 Πατρός,
3679 2217 3732 2269 οὐ

2163 2317 2366 2367 νοεῖται
2395 2313 2454 2365 τὸ
2474 2313 2630 2382 ἆγιον
2663 2311 2888 2382 Πνεῦμα
2937 2314 3000 2366 ἐκ
3046 2311 3141 2364 τοῦ
3173 2312 3388 2381 Πατρός
3427 2311 3507 2371 ὡς
3553 2309 3734 2379 προεσ-

2163 2407 2302 2471 λέως
2335 2406 2702 2478 παράγεσθαι.
2740 2406 3156 2474 Προεπινοεῖται
3210 2405 3324 2475 γὰρ
3377 2406 3406 2455 ὁ
3465 2403 3655 2472 Πατὴρ
3704 2396 3734 2475 ᾗ

2164 2501 2375 2572 Πατὴρ,
2399 2500 2494 2552 τοῦ
2515 2493 2876 2573 προόολέως
2905 2498 3227 2568 προὼλεύς,
3254 2497 3331 2561 ὡς
3348 2496 3597 2564 ἐλέγετο.
3621 2495 3737 2547 Ἀλ-

2162 2591 2269 2655 λως
2304 2609 2362 2644 τε
2393 2593 2484 2644 καὶ
2519 2591 2618 2653 τῆς
2649 2591 2992 2660 πατρότητος
3048 2589 3395 2658 ὑφεστώσης,
3435 2589 3573 2657 μιᾶς
3623 2586 3736 2639 [6:6-

2163 2701 2326 2752 τητος
2350 2683 2540 2751 οὐσης,
2565 2682 2662 2752 τὴν
2700 2681 2979 2752 πατρικὴν
3012 2683 3340 2743 ὑπόστασιν,
3369 2683 3629 2750 καθάπερ
3655 2682 3737 2734 καὶ

2164 2779 2254 2830 τὸν
2299 2778 2426 2830 Υἱὸν
2477 2779 2510 2846 ὴ
2541 2777 2742 2845 υἰότης,
2786 2776 2880 2828 καὶ
2908 2775 2968 2828 τὸ
3023 2775 3302 2846 Πνεῦμαή
3361 2774 3626 2846 προϐολὴ,
3653 2777 3734 2826 οὐν

2163 2872 2229 2924 ἂν
2258 2872 2372 2940 ἅμα
2403 2871 2488 2939 εἴη
2521 2871 2818 2940 πατρότης,
2859 2869 2954 2922 καὶ
2997 2869 3028 2938 ἡ
3059 2869 3115 2921 ἐν
3138 2868 3217 2939 τῷ
3255 2870 3438 2936 Ila-cpi.
3485 2868 3737 2939 προὸολή.

2165 2962 2709 3032 Προεπινοηῦήςεται
2766 2963 2875 3031 γὰρ
2933 2965 3216 3031 πατρότης
3286 2964 3390 3030 τῆς
3451 2962 3513 3014 ὲν
3555 2963 3734 3031 Πατρὶ,

2164 3056 2361 3109 ταυτὸν
2393 3056 2448 3109 δὲ
2479 3058 2673 3119 εἰπεῖν,
2705 3055 2805 3124 τῆς
2832 3055 3194 3126 ὲνεργητικῆς
3214 3055 3519 3124 προϐολῆς.
3545 3053 3740 3109 Οὐκοῦν

481 3165 643 3220 Patre
676 3170 778 3225 est,
816 3169 870 3212 ct
903 3161 1043 3214 idem
1079 3157 1184 3212 erit
1214 3157 1417 3219 dicere,
1449 3155 1640 3208 activa:
1684 3151 2054 3221 producnioni.

2168 3150 2259 3203 καὶ
2290 3152 2316 3202 ό
2343 3149 2490 3212 Υἱὸς,
2519 3149 2594 3202 ὅθ’
2625 3151 2652 3202 ὁ
2689 3147 2876 3219 Πατὴρ
2946 3149 3022 3210 ὡς
3069 3149 3389 3218 προόολεὺςέ
3427 3150 3666 3218 παράγει
3691 3148 3742 3201 τὸ

481 3256 663 3322 Quare
691 3262 748 3309 et
775 3253 966 3316 Filius,
1005 3267 1126 3305 cum
1165 3251 1323 3303 Pater
1361 3256 1422 3301 ut
1464 3248 1770 3316 produccns
1803 3243 2064 3311 producit

481 3350 746 3420 Spiritum
786 3357 1059 3409 sanctum,
1095 3342 1347 3397 eamdem
1380 3340 1663 3410 possidens
1705 3355 1734 3393 a
1766 3339 1922 3392 Patre
1968 3354 2064 3405 per

482 3442 894 3512 generationem
931 3436 1269 3498 facultatem,
1307 3433 1676 3502 productivam
1709 3447 1924 3499 nempe,
1955 3446 2061 3483 una

483 3548 604 3587 cum
661 3533 818 3585 Patre
874 3528 1208 3595 intelligetur
1269 3527 1321 3578 iu
1380 3523 1622 3593 Spiritus
1666 3523 2057 3592 processione.

484 3641 603 3691 quae
634 3639 738 3674 una
772 3621 938 3673 fuerit
981 3635 1044 3674 ex
1083 3619 1240 3672 Patre
1275 3633 1372 3688 per
1419 3615 1618 3671 Filium
1645 3657 1658 3682 ,
1699 3630 1803 3669 una
1853 3615 2062 3668 scilicet

483 3712 777 3784 principio,
813 3721 866 3764 et
900 3726 1004 3765 una
1040 3712 1329 3775 facultate,
1371 3723 1493 3778 qua:
1526 3707 1579 3760 in
1614 3707 1771 3761 Patre
1816 3715 1871 3760 et
1924 3705 2063 3758 Filio

483 3814 603 3869 est,
640 3805 694 3857 in
745 3803 838 3856 illo
871 3802 1037 3856 veluti
1084 3802 1137 3854 in
1186 3799 1374 3866 fonte,
1417 3807 1472 3853 et
1517 3798 1722 3868 absque
1769 3799 2061 3866 principio,

484 3915 586 3954 nec
617 3899 685 3952 ab
719 3899 828 3951 alio
856 3897 1076 3961 tradita;
1112 3895 1164 3948 in
1211 3894 1350 3948 Filio
1375 3908 1504 3947 vero
1537 3901 1793 3961 tanquam
1823 3906 1887 3944 ex
1918 3893 2063 3958 prin-

485 3994 630 4062 cipio
670 3993 786 4047 sine
819 3990 1116 4062 principio,
1145 3999 1203 4043 et
1235 3988 1420 4048 fonte,
1464 3995 1519 4040 et
1553 3993 1855 4052 causa‘per
1900 3999 2062 4053 gene«

489 4089 754 4140 rationem
795 4085 1072 4146 exhibita,
1105 4098 1171 4136 ex
1225 4098 1332 4150 qua
1376 4079 1537 4134 ambo
1587 4079 1847 4133 exsiliunt
1891 4077 2064 4134 Filius

486 4187 542 4230 et
591 4177 830 4245 Spiritus
885 4184 1125 4230 sanctus.
1185 4175 1532 4243 Quapropter
1565 4172 1806 4242 Spiritus
1839 4184 2064 4228 sanctus

483 4271 605 4339 jure
643 4269 839 4322 merito
871 4282 935 4321 ex
973 4268 1132 4321 Patre
1167 4282 1262 4336 per
1286 4267 1482 4320 Filium
1513 4265 1809 4336 procedere
1838 4266 2062 4332 dicitur,

490 4361 796 4416 indubitata
832 4376 896 4414 ac
939 4361 1086 4414 clara
1120 4359 1495 4428 theologorum
1540 4359 1835 4414 sententia.
1880 4361 2065 4430 Neque

2171 3244 2392 3312 ΙΙνεῦμα
2416 3247 2474 3294 τὸ
2501 3244 2677 3311 ἅγιον,
2726 3241 2825 3313 τὴν
2857 3244 3026 3313 αὐτὴν
3060 3243 3199 3313 ἔχων
3228 3245 3381 3313 παρὰ
3408 3245 3507 3298 τοῦ
3545 3245 3744 3312 Πατρός

2165 3339 2250 3390 διὰ
2284 3339 2591 3408 γεννήσεως
2617 3337 2870 3407 δύναμιν,
2935 3339 3034 3407 τὴν
3097 3338 3480 3410 προϐλητικὴν
3531 3339 3740 3408 δηλαδὴ,

2169 3428 2688 3499 ξυνεπινοηθήσεται
2716 3428 2795 3497 τῷ
2830 3429 3004 3499 Πατρὶ
3039 3430 3175 3497 πρὸς
3197 3431 3296 3498 τὴν
3362 3429 3462 3483 τοῦ
3501 3431 3760 3500 Πνεῦμα-ν

2167 3540 2256 3584 τος
2292 3522 2541 3593 πρόοδον,
2580 3521 2711 3590 μίαν
2741 3521 2909 3575 οὖσαν
2961 3523 3024 3574 ὲκ
3077 3523 3288 3593 Πατρός
3340 3524 3410 3576 δι’
3438 3523 3593 3589 Υἱοῦ,
3656 3527 3742 3594 μιᾷ

2165 3615 2366 3685 δηλαδὴ
2398 3615 2630 3683 δυνάμει
2658 3632 2719 3667 τε
2759 3616 2854 3668 καλ⁹
2885 3617 3050 3686 ἀρχῇ,
3089 3619 3155 3686 τῇ
3191 3619 3249 3669 ὲν
3274 3618 3451 3686 Πατρὶ
3490 3617 3585 3670 καὶ
3621 3617 3742 3684 Υἱῷ,

2169 3714 2224 3764 ὲν
2254 3711 2352 3779 μὲν
2390 3711 2584 3779 ἐκείνῳ
2625 3709 2873 3777 πηγαίως
2902 3709 3069 3779 οῦσης
3125 3711 3220 3764 καὶ
3251 3710 3513 3780 ἀνάρχως
3551 3713 3648 3764 καί
3676 3717 3742 3781 μὴ

2167 3802 2298 3872 παρ’
2321 3803 2505 3867 ἄλλου,
2531 3804 2588 3854 ὲν
2620 3800 2678 3853 δὲ
2713 3799 2789 3870 τῷ
2817 3796 2929 3870 Υίῷ
2955 3801 3204 3872 διδομένη
3229 3801 3315 3854 διὰ
3352 3804 3664 3872 γεννήσεως
3688 3807 3743 3858 ἐκ

2168 3895 2400 3966 Πατρός,
2445 3896 2518 3957 ὼς
2559 3895 2619 3960 ἐξ
2653 3895 2830 3966 ἀρχῆς
2860 3897 3099 3966 ἀνάρχου
3133 3900 3225 3950 καὶ
3280 3899 3471 3968 πηγῆς
3536 3900 3632 3952 καὶ
3666 3901 3744 3954 σί-

2166 3986 2392 4052 τίας,ὲξ
2421 3982 2487 4057 ἦς
2533 3987 2779 4057 ἑκάτερα
2820 3988 3072 4058 πρόεισιν
3139 3990 3267 4052 Υἱός
3297 4009 3356 4043 τε
3399 3994 3496 4044 καὶ
3531 3993 3744 4061 Πνεῦμα

2167 4080 2346 4150 ἅγιον.
2383 4079 2548 4134 Ὥστε
2597 4081 2655 4133 τὸ
2686 4079 2913 4150 Πνεῦμα
2945 4081 3002 4132 τὸ
3026 4081 3180 4149 ἅγιον
3204 4083 3428 4146 εἰκότως
3447 4087 3514 4137 ὲκ
3545 4087 3744 4155 Ungi;

2167 4172 2572 4242 ἐκπορεύεσθαι
2602 4173 2822 4242 λέγεται
2864 4174 2930 4228 δι’
2956 4175 3112 4242 Υἱοῦ,
3149 4178 3290 4230 κατὰ
3319 4179 3420 4249 τὴν
3454 4181 3745 4246 ξυνεπτυγ-

2174 4271 2340 4338 μένην
2371 4268 2673 4336 οεολογίαν.
2700 4268 2836 4322 Οὐδὲ
2861 4269 2968 4339 γὰρ
3000 4271 3063 4322 ἐκ
3092 4271 3256 4340 μόνου
3285 4273 3522 4343 Πατρός,
3557 4276 3643 4326 ἴνα
3681 4277 3746 4344 μὴ

2170 4359 2447 4428 νομίζοιτο
2493 4361 2520 4411 ὁ
2581 4360 2708 4424 Υἱὸς
2759 4360 2906 4430 αὐτῷ
2959 4362 3236 4431 ἀνόμοιος,
3298 4363 3375 4434 μὴ
3429 4368 3530 4428 τὰς
3589 4369 3747 4429 αὐτὰς

489 4459 633 4509 enim
664 4470 729 4509 ex
755 4453 869 4508 solo
896 4454 1080 4515 Patre,
1110 4468 1177 4506 ne
1209 4451 1379 4506 Filius
1406 4453 1482 4506 illi
1510 4461 1862 4521 reputarctur
1905 4454 2062 4507 dissi-

2176 4450 2315 4520 ἔχων
2340 4452 2685 4522 τελειότητας
2710 4453 2786 4523 τῷ
2821 4454 3020 4524 Πατρὶ,
3052 4457 3145 4508 καὶ
3174 4456 3263 4508 διὰ
3290 4458 3449 4512 τοῦτο
3484 4460 3609 4527 μηδ’
3629 4464 3749 4529 ὀμο-

487 4550 655 4614 ntilis,
697 4558 956 4617 tanquam
986 4547 1079 4616 qui
1116 4546 1336 4600 easdem
1383 4555 1548 4614 atque
1587 4546 1749 4599 Pater
1775 4545 2070 4613 perfectio-

489 4662 586 4699 nes
645 4660 752 4698 non
813 4641 1161 4712 possideret,
1222 4648 1623 4708 proptereaque
1684 4655 2069 4722 neque.cou-

489 4737 898 4797 substantialis.
945 4734 1091 4804 quod
1156 4733 1657 4787 conformissitnum
1724 4743 1806 4786 est
1856 4733 2075 4787 Ariana:

495 4832 708 4895 lizvresi,
749 4833 842 4899 qui
879 4829 1076 4883 Filium
1101 4826 1288 4880 divina
1319 4835 1516 4878 natura
1561 4825 1737 4879 Patris
1772 4826 2068 4894 spoliabat.

495 4921 737 4984 Quorum
795 4922 995 4975 etenim
1053 4919 1340 4972 facultates
1395 4915 1626 4970 diversae
1662 4930 1827 4976 sunt.
1889 4928 2076 4974 essent

497 5026 716 5079 quoque
750 5011 942 5063 eadem
981 5012 1096 5079 ipsa
1124 5011 1359 5063 essentia
1388 5008 1624 5062 diversa.
1661 5007 1848 5076 Neque
1881 5024 2073 5062 rursus

497 5119 560 5157 ex
613 5101 769 5164 Filio,
804 5117 870 5154 ne
913 5102 1112 5154 iterum
1145 5100 1312 5154 Filius
1345 5100 1674 5170 principium
1727 5101 2074 5154 existimare-

499 5203 587 5245 tur
611 5195 728 5244 sine
751 5191 1019 5259 principio
1044 5209 1056 5243 :
1079 5191 1315 5259 indeque
1353 5207 1542 5245 rursus
1563 5206 1590 5243 a
1624 5201 1850 5260 paterna
1886 5207 2073 5247 essen-

496 5289 567 5340 tia
602 5294 906 5351 naturaque
936 5281 1168 5333 alienus.
1201 5283 1276 5334 Ad
1317 5283 1432 5336 haec
1460 5321 1474 5345 ,
1506 5298 1575 5336 ne
1606 5292 1661 5336 et
1695 5298 1862 5351 nepos
1893 5281 2072 5338 Patris

495 5383 844 5448 reputarctur
877 5373 1120 5442 Spiritus
1163 5383 1402 5436 sanctus,
1431 5389 1487 5428 et
1537 5374 1710 5429 Filius
1763 5377 1890 5430 item
1949 5376 2071 5431 Filii

494 5473 612 5525 llei.
651 5473 806 5524 Esset
836 5467 982 5522 enim
1024 5467 1266 5520 vicissim
1294 5477 1349 5520 et
1373 5467 1544 5523 Filius
1588 5469 1766 5524 Pater.
1805 5471 1976 5535 Item,
2006 5488 2073 5526 ne

493 5566 623 5633 quid
673 5563 808 5617 Filio
849 5560 1065 5622 inesse,
1105 5558 1273 5612 veluti
1323 5557 1702 5626 productivam
1752 5559 2071 5616 facultatem

495 5657 735 5724 Spiritus
776 5653 975 5715 sancti,
1007 5652 1382 5720 opinaremur,
1414 5651 1561 5720 quod
1598 5669 1700 5704 nun
1731 5663 1877 5705 esset
1928 5653 2070 5707 idem

494 5764 722 5804 numero
757 5747 814 5802 in
861 5745 970 5799 Deo
1022 5753 1073 5799 et
1105 5746 1286 5805 Patre.
1329 5744 1705 5802 Introduc-itur
1753 5762 1986 5815 namque
2019 5759 2073 5804 et

2174 4543 2376 4605 οῦτιος,
2410 4543 2548 4613 ὅπερ
2585 4543 2837 4613 οὐδαμῶς
2881 4545 3108 4596 ἀπέοικε
3163 4548 3226 4614 τῇ
3259 4544 3350 4598 τοῦ
3405 4547 3623 4617 ’Λρείου
3675 4550 3746 4600 αὶ-

2177 4633 2492 4706 psset,”th
2557 4635 2686 4688 Υἱὸν
2742 4635 3106 4710 ἁλλοτριούσῃ
3154 4639 3254 4707 τῆς
3321 4639 3479 4702 οείας
3541 4647 3745 4708 φύσεως

2173 4726 2266 4780 τοῦ
2304 4727 2538 4796 Πατρός·
2567 4719 2642 4780 ὧν
2677 4730 2784 4797 γὰρ
2811 4731 2865 4782 αἱ
2899 4730 3158 4800 δυνάμεις
3194 4731 3465 4802 δαφοροι,
3505 4734 3746 4787 καὶαύτὲι

2176 4821 2240 4873 ἂν
2268 4816 2377 4872 εἷεν
2399 4824 2515 4883 ταῖς
2549 4821 2762 4886 οὐσίαις
2791 4823 3048 4893 διάφορα·
3082 4823 3192 4876 οὐδ’
3225 4820 3292 4877 αῦ
3352 4825 3413 4888 ἐξ
3472 4828 3608 4880 Υίοῦ
3672 4830 3746 4881 iv:

2180 4913 2253 4982 μὴ
2281 4912 2442 4967 πάλιν
2475 4915 2502 4966 ὁ
2535 4913 2660 4976 Υἱὸς
2696 4914 2839 4985 ἀρχὴ
2895 4914 3175 4984 νομίζοιτο
3229 4918 3490 4988 ἄναρχος,
3534 4921 3747 4976 κάντεῦ-

2176 5009 2265 5061 Οεν
2299 5010 2458 5062 πάλιν
2501 5008 2782 5080 ἀλλότριος
2816 5011 2914 5080 τῆς
2964 5010 3241 5080 πατρικῆς
3298 5013 3490 5076 οὐςίας
3526 5018 3623 5068 καὶ
3659 5017 3745 5085 cpi}-

2179 5115 2336 5163 σεως·
2401 5101 2540 5170 πρὸς
2589 5103 2644 5154 δὲ
2701 5103 2794 5156 καὶ
2839 5102 2925 5156 ἵνα
2983 5101 3059 5171 μὴ
3114 5103 3310 5166 υἱωνὸς
3356 5108 3633 5176 νομίζοιτο
3698 5111 3748 5162 τί

2179 5195 2404 5262 Πνεῦμα
2432 5196 2492 5246 τὸ
2541 5195 2696 5264 ἅγιον
2737 5197 2829 5249 τοῦ
2879 5201 3118 5273 Πατρὸς,
3154 5205 3248 5256 καὶ
3312 5202 3427 5266 υίὸς
3482 5204 3548 5257 αῦ
3599 5207 3748 5257 πάλιν

2177 5287 2272 5341 τοῦ
2305 5289 2436 5341 Υίοῦ
2474 5288 2566 5341 τοῦ
2619 5290 2776 5343 Θεοῦο
2807 5287 2876 5362 ἦν
2907 5295 3014 5364 γὰρ
3043 5296 3108 5349 ἂν
3133 5298 3228 5350 καὶ
3253 5297 3280 5348 ό
3316 5298 3446 5359 Υἱός
3502 5294 3571 5351 αὖ
3603 5299 3747 5348 πᾶλιν

2179 5383 2387 5452 Πατήρ·
2424 5383 2562 5451 πρὸς
2616 5384 2673 5436 δὲ
2721 5384 2816 5437 καὶ
2868 5389 2953 5440 ἵνα
3015 5389 3090 5460 μὴ
3118 5393 3394 5460 νομίζοιτό
3425 5410 3479 5444 τι
3534 5393 3608 5461 τῷ
3650 5391 3748 5458 Υἰῷ

2178 5478 2462 5544 προσεῖναι
2493 5476 2569 5540 ὠς
2601 5479 2925 5550 παρακτικὴ
2965 5481 3196 5552 δύναμις
3227 5484 3322 5536 τοῦ
3378 5485 3540 5552 ἁγίου
3597 5483 3747 5536 [lysi-

2181 5584 2369 5635 ματος,
2405 5569 2482 5637 μὴ
2520 5570 2596 5638 τῷ
2638 5571 2785 5641 αὐτῴ
2819 5572 2879 5626 ὃν
2928 5573 3006 5643 τῷ
3031 5575 3252 5646 ἀριῖιμῷ
3279 5579 3383 5629 κάν
3417 5578 3495 5648 τῷ
3528 5577 3641 5646 Θεῷ
3669 5577 3746 5628 καὶ

2178 5661 2375 5730 Πιτρί.
2417 5662 2802 5731 Ἐπεισάγεται
2839 5667 2946 5736 γὰρ
2979 5668 3072 5718 καὶ
3117 5667 3274 5720 τοῦτο
3307 5667 3474 5722 πάλιν
3513 5665 3670 5729 αὐθις
3695 5663 3746 5718 τὸ

2178 5754 2275 5824 τῆς
2302 5754 2488 5818 οὐσίας
2515 5757 2791 5826 ἀνόμοιον,
2824 5757 2858 5812 ἃ.
2894 5759 2957 5829 δὴ
2990 5760 3164 5813 πάντα
3239 5762 3434 5814 ἀνόσια
3493 5762 3586 5812 καὶ
3643 5757 3746 5810 ἀθέ-
