3904 6222
162 319 288 388 1001

1102 320 1200 381 DE
1242 320 1766 385 PROCESSIONE
1804 326 2163 392 SPIRITUS
2202 333 2494 395 SANCTI.

3273 330 3431 393 1002’

160 457 305 513 μιτα,
336 436 430 491 καὶ
478 436 667 509 πόρῤω
694 435 794 507 τῆς
828 435 938 492 τῶν
966 436 1320 507 Χριστιανῶν
1382 437 1720 507 Ἐκκλησίας

1833 442 1932 498 hoc
1975 459 2196 500 rursum
2224 486 2239 510 ,
2270 450 2525 504 essentiae
2570 464 2765 519 nempe
2799 445 3196 503 dissimilitudo
3225 486 3238 509 ,
3290 462 3412 517 quae

153 535 245 590 καὶ
287 531 545 593 πίστεως.

213 716 278 779 ζ’.
309 711 409 766 Διὰ
423 710 587 765 τοῦτο
611 712 661 766 οἱ
684 713 785 783 τῆς
836 711 1162 783 Ἑκκλησίας
1197 711 1537 774 διδάσκαλοι,
1566 711 1660 764 καὶ
1685 712 1718 781 ἡ

149 806 404 877 καθολικὴ
436 806 640 876 ἑϐδόμη
704 806 924 868 σύνοδος
976 807 1042 859 ὲκ
1071 805 1166 858 τοῦ
1227 804 1441 875 Πατρός
1500 806 1721 874 ἀπεφή-

151 917 306 956 ναντο
332 898 397 951 δι’
433 898 566 951 Υίοῦ
597 898 662 951 τὸ
706 897 865 966 ἆγιον
895 896 1300 965 ἐκπορεύεσθαι
1344 896 1596 965 Πνεῦμα,
1624 897 1723 966 οὐχ

146 996 217 1057 ὼς
250 991 424 1046 αἰτίου
482 991 578 1045 τοῦ
621 989 754 1044 Υίοῦ
815 989 992 1052 ὄντος,
1056 989 1167 1043 οὐδ’
1195 988 1269 1051 ὡς
1297 988 1476 1059 ἀρχῆς
1537 987 1723 1048 ἁπλῶς

147 1084 238 1137 καὶ
261 1081 573 1153 προϐολέως
606 1082 707 1152 τῆς
730 1080 825 1135 τοῦ
855 1080 994 1135 Πνεύ
1004 1099 1172 1152 ματος
1195 1082 1567 1145 ὑποστάσεως,
1608 1080 1723 1135 ἀλλ’

145 1176 215 1237 ὥς
249 1174 520 1239 ξυναιτίου
575 1173 670 1227 καὶ
715 1168 892 1243 ἀρχῆς
917 1173 976 1238 ἐξ
1005 1175 1203 1243 ἀρχῆς,
1238 1173 1347 1226 οὐδ’
1379 1172 1455 1234 ὡς
1490 1172 1564 1242 μὴ
1608 1172 1721 1225 οἴου

142 1284 199 1321 τε
230 1267 382 1330 ὄντος
401 1265 494 1321 τοῦ
525 1268 742 1338 Πατρὸς
777 1266 964 1336 μόνου,
1001 1266 1185 1334 μόνως
1221 1268 1284 1319 τὸ
1308 1265 1526 1335 Πνεῦμα
1555 1266 1724 1334 παρά-

144 1376 258 1428 γειν
290 1359 351 1412 τδ
380 1359 564 1427 ἅγιον.
596 1351 674 1431 ’Π
700 1360 808 1430 γὰρ
824 1358 890 1412 ἂν
924 1360 1049 1412 οὐδὲ
1084 1359 1177 1413 τὸν
1214 1360 1343 1412 Υίδν
1366 1360 1495 1413 ἄνευ
1581 1358 1726 1422 τινὸς

144 1451 328 1521 ἑτέρου
364 1453 659 1520 προσώπου
705 1452 967 1523 γεννῆσαι
1005 1454 1165 1522 μόνος
1217 1453 1409 1523 Πατὴρ
1462 1451 1721 1523 ἠδύνατο,

142 1538 222 1607 οἷς
265 1543 367 1612 τῆς
398 1542 568 1612 αὐτῆς
602 1544 721 1598 ἐστι
770 1542 1112 1614 τελειότητος
1171 1543 1280 1597 τῶν
1321 1543 1729 1615 παραγομένων

144 1639 401 1711 ἑκάτερον
432 1639 524 1691 καὶ
550 1637 857 1707 δυνάμεως.
887 1636 1076 1706 Πατὴρ
1105 1637 1205 1706 μὲν
1255 1634 1366 1706 γὰρ
1392 1636 1556 1698 αὐτὸς
1589 1636 1723 1689 αύτ-

144 1731 324 1800 άρκως
358 1729 454 1781 τὸν
494 1728 626 1783 Υίὺν
669 1729 856 1799 γεννᾷ,
876 1729 970 1780 καὶ
997 1727 1057 1780 τὸ
1085 1727 1313 1796 Πνεῦμα
1345 1728 1639 1797 προϐάλλει
1666 1728 1727 1782 τὸ

142 1819 313 1886 ἅγιον,
347 1818 518 1875 αὐτοῦ
558 1835 619 1872 τε
668 1819 821 1882 ὄντος
875 1818 1033 1872 ἔσται
1085 1821 1179 1872 καὶ
1232 1820 1261 1872 6
1313 1818 1439 1882 Υἱὸς
1501 1822 1599 1874 καὶ
1658 1820 1717 1873 τὸ

141 1912 387 1979 Πνεῦμα,
419 1911 586 1965 αὐτοῦ
631 1929 692 1965 τε
726 1911 796 1967 αὖ
819 1913 1053 1975 ἀπόντος
1081 1914 1147 1983 τῇ
1182 1912 1419 1984 ἐπινοίᾳ,
1453 1911 1565 1965 οὐδ’
1587 1913 1719 1976 Υἱὸς

140 2004 273 2068 ὅλως
323 2005 507 2066 ἔσται,
566 2005 690 2058 οὐδὲ
736 2005 799 2058 τὸ
840 2004 1071 2076 Πνεῦμά
1120 2024 1237 2069 πως
1302 2006 1359 2071 ἐξ
1400 2004 1554 2072 Υίοῦ,
1609 2006 1722 2060 οὐδ’

140 2097 274 2160 ὅλως
302 2095 363 2151 ἒν
389 2083 553 2149 οὐδὲῦ
571 2096 681 2150 τῶν
721 2097 1056 2165 προσώπων,
1119 2097 1195 2165 μὴ
1238 2098 1322 2149 ὅτι
1345 2113 1409 2164 γε
1472 2096 1717 2164 πρόοδος,

140 2189 235 2242 καὶ
258 2191 291 2255 ἠ
320 2188 462 2259 πρὸς
489 2188 725 2259 ὓπαρξιν
775 2189 883 2242 τῶν
934 2187 1245 2257 προσώπων
1294 2189 1565 2258 ἐνέργεια.
1595 2187 1721 2249 Υἱὸς

140 2279 284 2344 δ’ὡς
344 2280 691 2347 προϐάλλων,
736 2278 1042 2348 ’παράγων
1110 2296 1233 2343 πως
1292 2280 1388 2334 καὶ
1450 2280 1610 2342 αὐτὸς
1662 2281 1722 2333 τὸ

140 2372 367 2443 Πνεῦμα
416 2375 475 2426 τὸ
504 2376 660 2443 ἆγιον
701 2376 766 2429 ὲκ
792 2374 885 2428 τοῦ
945 2375 1164 2445 Πατρὸς
1223 2374 1436 2443 προϊὸν,
1482 2374 1613 2426 αὐτό
1659 2390 1722 2442 γε

140 2465 468 2534 προϐάλλει,
501 2468 596 2519 καὶ
651 2466 744 2519 τοῦ
775 2466 990 2538 Πατρὺς
1016 2467 1341 2536 προϐάλλων
1398 2467 1721 2538 ἐξήρτηται,

143 2553 217 2623 μὴ
255 2555 339 2607 ὃτι
373 2555 509 2608 καθὸ
528 2556 816 2624 γεννᾶται,
846 2555 983 2607 ἀλλὰ
1010 2556 1104 2608 καὶ
1140 2549 1173 2630 ᾖ
1202 2555 1524 2626 προϐάλλων
1555 2558 1722 2622 ἐστὶν,

141 2643 224 2709 οἷς
251 2648 340 2701 διὰ
369 2649 678 2718 γεννήσεως
704 2650 805 2717 τῆς
838 2647 1008 2714 αὐτῆς
1059 2645 1383 2716 μεταλαϐὼν
1437 2648 1727 2717 δυνάμεως

138 2738 230 2791 τοῦ
254 2740 478 2811 Πατρδς
500 2739 574 2803 ὡς
603 2737 1028 2809 προϐάλλοντος,
1069 2738 1372 2807 προϐάλλει
1422 2742 1518 2791 καὶ
1563 2740 1726 2801 αὐτὸς

145 2830 371 2902 σύναμα
401 2832 481 2902 τῷ
544 2832 726 2902 Πατρὶ
767 2831 828 2885 τὸ
883 2833 948 2885 ὲκ
989 2829 1210 2900 Πατρὸς
1259 2828 1727 2899 προϐαλλόμενον.

142 2923 237 2987 Ὦς
278 2942 345 2994 γε
388 2927 487 2978 καὶ
516 2927 564 2977 εί
611 2924 735 2978 κατ’
758 2924 1006 2977 ἐπίνοιαν
1064 2925 1090 2976 6
1124 2921 1427 2993 προϐολεύς
1489 2921 1589 2991 μὲν
1634 2921 1728 2975 τοῦ

138 3019 361 3088 Πατρδς
401 3020 725 3089 προηγεῖτο,
762 3016 823 3070 τό
849 3017 905 3069 δὲ
934 3016 1159 3085 Πνεῦμα
1186 3016 1245 3068 τὸ
1271 3014 1428 3082 ἅγιον
1460 3015 1729 3085 πρότερόν

1825 535 2010 589 omnia
2048 536 2236 607 impia.
2269 539 2501 605 nefaria,
2548 550 2602 596 et
2636 558 2666 596 a
2699 540 3013 596 Christiana
3047 538 3319 594 Ecclessia
3358 548 3414 593 et

1827 625 1933 679 ﬁde
1971 642 2133 695 quam
2181 628 2608 698 disjunctissima
2647 638 2798 685 sunt.

1900 719 1951 772 7.
1993 718 2132 774 llinc
2158 718 2413 775 doctores
2440 720 2695 776 Ecclesiae
2721 731 2776 776 et
2808 722 3136 777 universalis
3177 719 3410 787 septima

1828 810 2073 881 synodus
2104 810 2509 874 decreverunt,
2542 828 2607 866 ex
2654 813 2813 867 Patre
2864 829 2963 881 per
2999 812 3193 867 Filium
3230 809 3412 881 Spiri-

1829 911 1943 956 tum
1981 914 2230 959 sanctum
2283 904 2587 972 procedere
2614 946 2628 970 ,
2662 918 2770 959 non
2807 905 2953 974 quod
3000 905 3072 958 sit
3114 920 3276 959 causa
3321 902 3414 956 Fi-

1826 997 1975 1061 lius,
2033 1004 2086 1050 et
2141 997 2474 1066 principium
2523 998 2813 1075 absolute,
2859 1007 2914 1052 et
2966 997 3267 1066 productor
3322 998 3416 1066 liy-

1828 1090 2064 1160 postasis
2102 1089 2343 1160 Spiritus
2371 1106 2386 1157 ;
2415 1093 2507 1145 sed
2540 1090 2684 1161 quod
2711 1106 2835 1145 cum
2884 1090 2991 1143 alio
3024 1105 3187 1144 causa
3237 1089 3327 1151 sit,
3360 1098 3415 1143 et

1832 1183 2162 1252 principium
2192 1197 2259 1236 ex
2284 1182 2579 1253 principio,
2643 1198 2821 1252 neque
2849 1183 2996 1253 quod
3032 1198 3139 1236 non
3170 1181 3241 1235 sit
3274 1180 3417 1247 potis

1830 1275 1979 1332 solus
2026 1274 2191 1329 Pater
2239 1272 2588 1343 singulariter
2624 1272 2888 1340 Spiritum
2924 1280 3177 1326 sanctum
3210 1269 3411 1339 produ-

1829 1380 1956 1421 cere
1996 1374 2155 1419 :tum
2203 1364 2351 1418 enim
2388 1378 2565 1432 neque
2611 1361 2808 1417 Filium
2858 1363 2974 1417 sine
3024 1361 3252 1416 alterius
3292 1377 3416 1429 per-

1828 1472 1976 1512 sona:
2009 1471 2112 1527 ope
2149 1458 2301 1511 solus
2350 1471 2615 1526 generare
2646 1456 2915 1524 potuisset
2953 1473 2966 1507 :
3000 1469 3127 1509 eum
3164 1452 3415 1521 ejusdem

1829 1551 1901 1606 sit
1935 1549 2292 1620 perfectionis
2328 1548 2712 1617 facultatisque
2745 1564 2813 1603 ex
2866 1546 3149 1617 productis
3202 1554 3415 1599 utrum‘

1831 1660 1959 1714 que.
1999 1644 2134 1699 Nam
2167 1641 2328 1699 Pater
2376 1644 2493 1712 ipse
2545 1641 2880 1696 sufﬁcienter
2916 1640 3113 1694 Filium
3162 1647 3417 1708 generat,

1830 1747 1886 1792 et
1917 1737 2182 1807 Spiritum
2219 1743 2463 1790 sanctum
2494 1734 2771 1803 producit,
2814 1741 2872 1788 et
2901 1747 3023 1785 cum
3058 1730 3147 1784 ille
3171 1740 3277 1793 est,
3310 1730 3419 1783 erit

1828 1832 1990 1901 plane
2028 1838 2083 1883 et
2118 1828 2315 1893 Filius,
2345 1839 2402 1882 et
2445 1826 2726 1896 Spiritus:
2756 1835 2811 1880 et
2840 1825 2883 1879 si
2916 1825 2961 1879 is
3006 1821 3272 1878 defecerit
3322 1836 3418 1874 co-

1820 1919 2082 1988 gitationc
2121 1926 2328 1983 nostra,
2362 1932 2590 1986 prorsus
2637 1929 2816 1985 neque
2848 1912 3019 1969 Filius
3045 1913 3172 1977 erit,
3227 1926 3407 1979 neque

1820 2012 1982 2065 etiam
2016 2011 2253 2080 Spiritus
2285 2025 2349 2064 ex
2401 2008 2541 2063 Filio
2563 2048 2579 2071 ,
2616 2015 2671 2061 et
2718 2006 2869 2060 nulla
2901 2004 3125 2075 penitus
3157 2017 3417 2072 persona,

1823 2112 2035 2159 tantum
2091 2101 2267 2163 abest,
2301 2110 2359 2155 ut
2396 2100 2675 2170 processio
2703 2101 2795 2162 sit,
2841 2108 2896 2152 et
2946 2099 2998 2151 in
3034 2095 3415 2151 exsistentiam

1822 2209 2180 2265 personarum
2216 2203 2421 2248 motus.
2466 2192 2639 2247 Filius
2669 2206 2803 2245 vero
2852 2190 3021 2245 veluti
3079 2189 3416 2259 producens,

1825 2302 1925 2341 suo
1964 2286 2129 2341 modo
2183 2285 2517 2354 producens,
2556 2294 2611 2339 et
2647 2286 2763 2354 ipse
2815 2284 3084 2351 Spiritum
3134 2291 3415 2341 sanetum,

1823 2394 1887 2433 ex
1917 2379 2080 2432 Patre
2115 2387 2465 2431 emanantem
2502 2375 2783 2446 producit,
2813 2376 3238 2444 producensquc
3269 2374 3415 2427 Patri

1826 2469 2095 2535 adlueret,
2135 2484 2244 2521 non
2282 2475 2494 2521 tantum
2540 2476 2602 2521 ut
2633 2476 2969 2538 generatur,
3004 2465 3095 2519 sed
3133 2465 3300 2517 etiam
3356 2474 3417 2517 ut

1828 2561 2088 2632 producit
2121 2577 2133 2613 :
2174 2574 2410 2629 namque
2447 2573 2546 2629 per
2574 2557 2984 2630 generationem
3020 2556 3298 2610 facultatis
3330 2571 3423 2624 pa—

1831 2666 2021 2720 ternae,
2058 2664 2117 2709 ut
2154 2656 2510 2724 producentis
2540 2662 2818 2724 particeps
2850 2653 3049 2713 factus,
3090 2650 3421 2721 producitet

1830 2747 1945 2815 ipse
2007 2762 2113 2801 una
2150 2762 2273 2800 cum
2330 2748 2534 2810 Patre,
2588 2746 2735 2815 quod
2772 2760 2801 2798 a
2857 2747 3017 2800 Patre
3071 2744 3417 2812 producitur.

1830 2837 1980 2891 Adeo
2023 2847 2100 2901 ut,
2145 2837 2189 2891 si
2223 2846 2411 2891 nostra
2453 2836 2843 2906 imaginatione
2882 2835 3172 2903 tingamus,
3208 2850 3237 2887 a
3291 2848 3422 2901 pro-

1831 2928 2067 2981 ducente
2100 2929 2317 2997 Patrem
2384 2926 2561 2995 ipsum
2600 2926 2856 2997 praecedi,
2901 2936 2955 2980 et
2981 2925 3247 2995 Spiritum
3290 2939 3417 2978 san-

1832 3029 1979 3073 ctum
2019 3030 2144 3074 ante
2165 3020 2340 3089 ipsum
2364 3018 2560 3073 Filium
2589 3017 2845 3087 produci,
2873 3017 3039 3072 Filius
3065 3027 3211 3071 esset
3240 3032 3269 3069 a
3294 3028 3421 3085 pro-

136 3127 255 3174 πως
282 3115 351 3165 ὲκ
379 3112 477 3164 τοῦ
504 3110 820 3180 προϐολέως
878 3110 1163 3179 παρήγετο
1210 3106 1303 3160 τοῦ
1332 3107 1491 3173 Υίοῦ,
1543 3110 1569 3160 6
1601 3106 1727 3169 Υἱὸς

1833 3111 2061 3167 ductore
2092 3127 2188 3182 per
2216 3111 2506 3181 Spiritum,
2546 3120 2602 3165 et
2631 3109 2871 3179 Spiritus
2901 3109 3116 3171 eadem,
3174 3124 3294 3177 quae
3361 3106 3417 3161 in

134 3200 203 3257 ἂν
227 3200 300 3275 ἦν
326 3207 400 3256 ὲκ
422 3202 517 3255 τοῦ
560 3202 869 3273 προϐολέως
898 3201 985 3254 διὰ
1003 3199 1095 3253 τοῦ
1126 3200 1463 3269 Πνεύματος,
1489 3200 1548 3252 τὸ
1579 3200 1632 3251 δέ
1664 3216 1726 3267 γε

137 3295 373 3365 Πνεῦμα
418 3297 485 3365 τῇ
512 3295 650 3364 αὐτῇ
688 3293 860 3364 δήπου
913 3293 1149 3362 δυνάμει
1199 3295 1265 3362 τῇ
1313 3293 1372 3344 ἐν
1425 3292 1624 3361 Πατρὶ,
1660 3294 1726 3362 τῇ

133 3390 437 3459 γεννητικῇ
479 3386 684 3457 δηλαδὴ
728 3384 822 3438 τοῦ
869 3385 1002 3438 Υίοῦ
1035 3384 1293 3455 παρῆγεν
1338 3383 1405 3438 ἂν
1449 3386 1543 3438 καὶ
1597 3385 1729 3438 αὐτὸ

132 3483 224 3535 τὸν
265 3481 407 3535 Υίδν
438 3481 502 3531 ὲκ
543 3477 640 3532 τοῦ
679 3477 997 3548 προϐολέως
1025 3475 1114 3542 ,ὥς
1151 3494 1216 3546 γε
1252 3476 1488 3548 Πατρός*
1523 3478 1622 3549 οὐχ
1647 3479 1727 3532 ὅτι

131 3576 160 3627 6
181 3564 560 3649 προϐολεύςῇ
598 3571 788 3640 Πατὴρ
818 3570 919 3623 οὐκ
942 3564 1012 3639 ἦν
1060 3567 1125 3621 ἂν
1156 3569 1441 3640 αὐτάρκης
1486 3569 1577 3622 τὸν
1631 3573 1729 3624 αὐ-

130 3661 226 3715 τοῦ
259 3659 533 3728 γεννῆσαι
562 3658 711 3723 Υίὺν,
745 3659 878 3712 ὅπου
915 3655 1010 3710 νῦν
1053 3656 1215 3710 αὐτὸν
1245 3657 1535 3727 αὐτάρκως
1566 3657 1728 3725 μόνος

131 3756 329 3825 γεννᾷ,
388 3752 642 3822 καθάπερ
701 3751 796 3804 καὶ
841 3749 964 3802 τότε
1021 3750 1183 3818 μόνος
1228 3748 1517 3819 αὐτάρκως
1549 3750 1613 3802 ἂν
1669 3749 1728 3802 τὸ

132 3847 378 3917 Πνεῦμα
411 3845 629 3913 παρῆγε
675 3845 737 3895 τὸ
769 3842 944 3911 διγιον⁹
1003 3840 1230 3894 ἀλλ’ὅτι
1283 3840 1381 3910 τὴν
1441 3840 1610 3911 αὐτὴν
1662 3841 1728 3893 ἂν

128 3936 248 4011 εἶχε
272 3936 613 4008 γεννητικὴν
643 3935 876 4003 δύναμιν
924 3934 1003 4005 τῷ
1062 3933 1242 4004 Πατρὶ
1305 3931 1394 3988 διὰ
1449 3933 1725 3996 πνεύσεως

129 4031 290 4101 αὐτῷ
325 4028 602 4091 δοθεῖσαν,
631 4027 706 4086 ὡς
735 4025 1051 4095 τελειότητα
1109 4026 1204 4077 καὶ
1238 4023 1468 4094 δύναμιν
1518 4026 1581 4076 ἐκ
1618 4026 1727 4077 Πα-

127 4123 287 4191 τρὸς,
323 4122 499 4191 μήπω
520 4116 614 4173 τοῦ
638 4115 769 4169 Υίοῦ
801 4118 866 4186 τῇ
901 4116 1121 4185 ἐπινοίᾳ
1145 4116 1567 4184 παραγομένου.
1615 4115 1728 4185 Τὴν

128 4217 189 4270 δὲ
258 4211 726 4282 ξυνεπτυγμένην
764 4194 969 4279 ταύτην
1018 4209 1300 4277 θεολογίαν
1354 4210 1390 4279 ἡ
1440 4209 1726 4279 Ῥωμαῖκὴ

126 4306 508 4371 ἀναπτύξασα
536 4301 841 4372 Ἐκκλησία
866 4301 963 4354 καὶ
1001 4301 1070 4354 ἐκ
1106 4302 1212 4354 τοῦ
1260 4301 1396 4355 Υιοῦ
1435 4302 1500 4354 τὸ
1540 4300 1729 4355 Πνεῦ-

122 4418 215 4469 μα
286 4397 654 4466 ὲθεολόγησεν
729 4393 1149 4463 ἐκπορεύεσθαι,
1216 4394 1382 4447 ταυτὺ
1424 4393 1725 4466 βουλομένη

1834 3204 1992 3259 Patre
2027 3213 2131 3268 est,
2167 3204 2440 3268 facultate,
2470 3202 2788 3273 generativa
2817 3218 3014 3271 nempe
3041 3201 3188 3265 Filii,
3210 3200 3417 3270 produ-

1834 3305 1982 3350 ceret
2015 3307 2070 3351 et
2098 3296 2215 3367 ipse
2251 3296 2447 3351 Filium
2480 3310 2548 3350 ex
2580 3294 2914 3365 productore
2948 3304 3201 3365 tanquam
3233 3294 3414 3348 Patre.

1833 3388 1951 3443 Non
1992 3389 2139 3459 quod
2194 3388 2541 3459 producens,
2579 3402 2689 3456 qua
2719 3386 2882 3441 Pater
2938 3395 3058 3453 est,
3116 3400 3226 3439 non
3274 3390 3421 3440 esset

1833 3478 2109 3534 sulicicns
2140 3496 2301 3536 suum
2336 3493 2600 3549 generare
2630 3476 2829 3531 Filium
2855 3519 2869 3544 ,
2919 3492 3043 3531 cum
3078 3491 3224 3530 nunc
3264 3476 3418 3529 illum

1834 3570 2175 3627 sufﬁcienter
2219 3573 2370 3627 solus
2419 3580 2684 3642 generat,
2716 3569 3178 3640 quemadmodum
3214 3578 3271 3623 et
3306 3578 3418 3622 tum

1832 3662 1981 3718 solus
2013 3663 2356 3718 sufficienter
2405 3662 2673 3734 Spiritum
2726 3672 2975 3717 sanctum
3018 3660 3417 3732 produxisset:

1833 3755 1929 3811 sed
1960 3755 2103 3824 quod
2137 3754 2365 3825 perinde
2393 3764 2556 3825 atque
2589 3755 2750 3811 Pater
2775 3754 3141 3824 generativam
3190 3753 3421 3807 faculta-

1835 3855 1946 3901 tem
1998 3845 2103 3901 sibi
2150 3862 2248 3916 per
2294 3846 2650 3915 spirationem
2698 3846 3196 3909 communicatam,
3246 3842 3419 3899 veluti

1834 3936 2228 4007 perfectionem
2262 3947 2316 3993 et
2359 3937 2675 4003 facultatem
2705 3938 3085 4007 possedisset,
3121 3950 3246 3990 cum
3283 3950 3419 3988 non-

1832 4030 1962 4083 dum
2000 4030 2171 4085 Filius
2217 4031 2453 4085 a'Patre
2497 4031 2830 4101 cogitatione
2876 4037 3065 4083 nostra
3115 4026 3420 4097 productus

1832 4131 2001 4177 esset.
2040 4122 2109 4176 Et
2156 4122 2296 4178 hanc
2324 4123 2547 4193 quidem
2582 4123 2910 4193 theologiam
2941 4120 3259 4189 implicitam
3306 4120 3419 4173 Ro—

1832 4229 1990 4267 mana
2042 4214 2289 4271 Ecclesia
2341 4216 2664 4285 explicans,
2710 4224 2759 4267 et
2824 4230 2888 4268 ea:
2943 4210 3089 4267 Filio
3161 4211 3419 4284 Spiritum

1804 4304 2110 4373 procedere
2165 4306 2578 4371 determinavit;
2611 4306 2665 4359 id
2712 4305 2920 4360 scilicet
2954 4303 3241 4357 insinuans
3266 4344 3279 4369 ,
3324 4318 3422 4372 per

1831 4394 2033 4449 Filium
2065 4409 2131 4448 ex
2170 4395 2355 4461 Patre,
2379 4404 2439 4449 ut
2483 4396 2653 4449 hocce
2699 4408 2945 4457 causam,
2987 4401 3043 4447 et
3084 4392 3288 4447 fontem
3315 4434 3329 4457 ,
3364 4402 3421 4447 et

124 4495 283 4547 νοεῖν
313 4491 412 4545 διὰ
445 4489 637 4543 τούτου
663 4487 742 4554 τῷ
770 4487 837 4539 δι’
875 4484 1009 4538 Υἱοῦ
1050 4485 1116 4537 ὲκ
1153 4485 1392 4555 Πατρός,
1450 4485 1520 4538 ἵν’
1549 4486 1727 4540 αἰτίαν

1838 4487 2169 4556 principium
2200 4488 2441 4557 primum
2486 4486 2663 4541 sancti
2709 4483 2947 4554 Spiritus
2978 4484 3286 4553 hypostasis
3320 4484 3419 4537 Pa—

128 4588 238 4656 μὲν
274 4584 376 4640 διὰ
410 4581 604 4634 τούτου
632 4580 727 4631 καὶ
755 4576 942 4647 πηγὴν
978 4576 1070 4629 καὶ
1100 4574 1277 4646 ἀρχὴν
1316 4575 1374 4642 ἐξ
1414 4575 1591 4644 ἀρχῆς
1624 4592 1731 4646 πη-

121 4681 311 4748 γαίαν
375 4678 476 4745 τῆς
515 4672 610 4727 τοῦ
648 4672 805 4741 ἁγίου
858 4670 1181 4739 Πνεύματος
1233 4670 1583 4732 ὑποστάσεως
1644 4670 1736 4722 τὸν

122 4771 377 4841 Πατέρα
407 4766 643 4838 κηρύξῃ,
672 4765 765 4817 καὶ
794 4764 934 4817 κατὰ
969 4764 1071 4833 τὴν
1104 4761 1199 4815 τοῦ
1228 4760 1365 4816 Θεοῦ
1413 4761 1588 4829 Λόγου
1625 4779 1735 4831 φω-

122 4864 255 4935 νὴν,
291 4860 581 4929 ξυναίτιον
610 4858 668 4911 δὲ
705 4857 798 4910 τὸν
822 4856 973 4923 Υἰὸν,
1042 4856 1137 4908 καὶ
1184 4854 1367 4924 πηγὴν
1417 4855 1481 4906 ὲκ
1528 4856 1734 4924 πηγῆς,

123 4956 233 5009 καὶ
261 4950 451 5024 ἀρχῆς
490 4949 590 5016 τῆς
633 4945 808 5015 αὐτῆς
866 4945 1240 5009 ὑποστάσεως,
1299 4943 1375 5013 τῷ
1431 4943 1583 5012 παρὰ
1638 4942 1734 4995 τοῦ

122 5041 372 5111 Πατρὸς
400 5036 564 5091 αὐτὸν
597 5036 741 5105 ἔχειν
778 5034 874 5105 τὴν
912 5032 1288 5105 προϐλητικὴν
1347 5031 1602 5099 δύναμιν,
1661 5031 1733 5093 ὡς

123 5137 440 5204 ἐλέγομεν,
534 5128 724 5200 Πατὴρ
752 5129 996 5198 παράγει
1020 5128 1080 5179 τὸ
1104 5125 1328 5193 Πνεῦμα
1352 5125 1412 5177 τὸ
1444 5124 1618 5191 ἅγιον.
1648 5124 1737 5175 Διδ

124 5230 237 5284 καὶ
290 5224 601 5295 ἀρχοειδῶς
638 5223 737 5293 μὲν
768 5222 862 5274 καὶ
896 5218 1345 5291 προηγουμένως,
1382 5217 1549 5287 φαίην
1578 5216 1622 5269 δ’
1647 5216 1733 5277 ἂν,

124 5324 235 5376 καὶ
276 5314 767 5386 προκαταρτικῶς,
791 5315 885 5368 καὶ
914 5313 1184 5382 άρχικῶς,
1212 5312 1309 5365 καὶ
1326 5311 1531 5381 κυρίως
1556 5312 1620 5361 ἐκ
1642 5308 1735 5360 τοῦ

124 5411 380 5482 Πατρὸς
412 5406 661 5478 προϊέναι
691 5407 825 5475 φησι
852 5405 910 5458 τὸ
942 5405 1167 5475 Πνεῦμα
1194 5403 1254 5457 τὸ
1286 5403 1464 5473 ἆγιον.
1499 5402 1589 5467 Ἐξ
1608 5400 1736 5455 Υἱοῦ

122 5508 191 5561 δὲ
218 5506 337 5573 οὐχ
365 5500 526 5567 οὕτω,
545 5499 646 5553 κᾶν
670 5498 763 5551 καὶ
786 5498 845 5562 ἐξ
874 5497 1038 5551 αὐτοῦ
1062 5501 1127 5567 τῇ
1158 5497 1294 5567 αὐτῇ
1318 5497 1632 5566 παράγηται
1651 5495 1739 5548 ὃν·

124 5599 317 5667 νάμει
358 5595 453 5646 καὶ
482 5590 742 5662 προϐολῇ.
767 5589 899 5643 Οὐδὲ
922 5590 1029 5659 γὰρ
1057 5588 1228 5650 αἴτιος
1261 5590 1505 5652 ἀναίτιος
1534 5591 1561 5642 6
1590 5589 1736 5653 Υἱὸς,

125 5690 269 5747 οὐδὲ
309 5686 460 5755 ἀρχὴ
487 5685 721 5753 ἄναρχος
755 5683 851 5751 τῆς
884 5683 976 5734 τοῦ
1012 5680 1325 5749 Πνεύματος
1361 5681 1736 5743 ὑποστάσεως.

206 5784 294 5851 η’,
337 5775 529 5829 Ταῦτά
559 5790 637 5827 τοι
690 5774 785 5827 καὶ
834 5772 902 5837 ἐξ
954 5772 1088 5825 Υἱοῦ
1122 5773 1305 5843 λέγειν
1359 5772 1613 5826 ἐθέσπισε
1672 5774 1735 5827 τὸ

1840 4587 1975 4632 trem
2008 4579 2311 4648 evulgaret,
2340 4578 2504 4633 etiam
2537 4577 2841 4633 secundum
2884 4576 2977 4631 Dei
3005 4575 3169 4630 Verbi
3203 4590 3415 4640 vocem,

1836 4680 1889 4723 et
1922 4683 2139 4723 causam
2168 4668 2535 4723 communiter
2568 4668 2787 4735 Filium,
2819 4679 2875 4723 et
2905 4669 3111 4723 fontem
3147 4683 3213 4723 ex
3241 4665 3415 4733 fonte,

1837 4772 1893 4818 et
1951 4761 2280 4832 principium
2342 4777 2409 4815 ex
2453 4761 2721 4830 principio
2769 4760 3016 4831 ejusdem
3071 4760 3414 4832 liypostasis,

1837 4854 1986 4924 quod
2035 4870 2065 4909 a
2128 4853 2291 4909 Patre
2328 4853 2443 4924 ipse
2489 4854 2869 4923 productivam
2910 4854 3261 4917 facultatem,
3308 4868 3417 4922 qua

1838 4948 1999 5002 Pater
2034 4947 2298 5018 Spiritum
2335 4960 2583 5006 sanctum
2635 4952 2920 5020 producit,
2968 4961 3029 5005 nt
3073 4951 3413 5017 dicebamus,

1840 5039 2055 5093 habeat.
2099 5040 2448 5112 Quapropter
2482 5058 2512 5098 a
2545 5043 2868 5114 primigenia
2909 5059 3071 5099 causa
3114 5054 3168 5099 et
3213 5045 3419 5113 princi-

1841 5132 1969 5203 pali,
2011 5134 2269 5190 adderem
2300 5137 2439 5205 ipse,
2478 5137 2740 5207 primaria
2792 5149 2849 5193 et
2882 5140 3156 5209 prmeipua
3210 5147 3265 5192 et
3294 5154 3418 5209 pro-

1840 5227 1954 5293 pria
1988 5242 2019 5281 a
2051 5228 2211 5282 Patre
2244 5229 2542 5296 procedere
2568 5230 2734 5285 tradit
2765 5229 3026 5302 Spiritum
3046 5242 3289 5286 sanctum
3312 5272 3326 5295 ,
3350 5246 3423 5283 ex

1842 5317 1979 5374 Filio
2013 5335 2141 5375 vero
2170 5336 2278 5374 non
2304 5337 2478 5391 mque,
2507 5323 2638 5379 licet
2676 5333 2731 5379 et
2773 5339 2839 5378 ex
2872 5327 2987 5394 ipso
3024 5322 3212 5377 eadem
3247 5320 3416 5372 facul—

1842 5420 1951 5465 tate
2008 5420 2062 5466 et
2103 5412 2466 5481 productione
2501 5417 2854 5485 producatur.
2899 5417 3087 5485 Neque
3127 5412 3274 5466 enim
3321 5411 3414 5465 Fi-

1841 5503 1946 5556 lius
1976 5512 2061 5557 est
2090 5519 2253 5558 causa
2300 5506 2419 5561 sine
2467 5522 2631 5563 causa
2659 5548 2673 5573 ,
2719 5523 2897 5577 neque
2931 5504 3257 5575 principium
3293 5503 3413 5559 sine

1842 5594 2111 5663 principio
2140 5595 2448 5665 liypostasis
2476 5597 2735 5669 Spiritus.

1913 5773 1963 5829 8.
2008 5774 2413 5845 Proptereaque
2437 5785 2482 5827 et
2538 5791 2599 5827 ex
2646 5772 2784 5824 Filio
2824 5770 2929 5824 dici
2983 5766 3236 5834 Spiritum
3284 5786 3416 5823 san-
