3904 6222
166 302 295 369 1005
1069 298 1164 358 DE
1204 295 1728 359 PROCESSIONE
1767 297 2132 359 SPIRITUS
2173 300 2461 365 SANCTL
3270 290 3403 353 1005

161 412 315 471 θείοις
344 405 591 464 ιντεῦθεν
621 408 675 461 ai
706 406 1057 468 ὑποστάσεις,
1114 406 1370 475 καθάπερ
1394 406 1506 467 τοῖς
1534 403 1703 457 θεολο·

1861 414 1969 469 unt,
1992 405 2070 460 uti
2090 409 2494 462 accuratiorum
2520 406 2897 475 theologorum
2926 404 3177 457 examine
3202 402 3403 454 consti-

164 499 469 572 γικωτέροις
495 499 807 569 ἐξήτασται.
837 499 951 567 Οὑχ
980 498 1124 550 οὑτω
1164 497 1219 549 δὲ
1254 496 1540 565 ξυμϐαίνει
1596 494 1706 565 περ¹

1861 506 2003 550 utum
2043 506 2145 551 est.
2193 497 2366 552 Aliter
2403 514 2531 552 vero
2574 513 2633 552 se
2678 497 2842 551 habet
2881 497 2934 550 in
2981 494 3236 547 facultate
3278 506 3403 559 pro-

160 594 254 664 τὴν
274 592 328 644 ἒν
355 589 433 660 τῷ
457 592 571 660 Υἱῷ
601 590 975 665 προϐλητικὴν
1005 589 1259 660 δύναμιν,
1288 590 1389 657 τὴν
1419 590 1482 642 ὲκ
1508 588 1702 658 [ἰατρὸς

1868 590 2064 654 uctiva,
2093 605 2212 658 qua:
2244 590 2298 643 in
2328 589 2465 643 Filio
2488 599 2592 653 est,
2615 605 2681 645 ex
2715 590 2874 645 Patre
2906 586 3007 657 ipsi
3044 602 3142 656 per
3175 601 3401 656 genera-

163 683 301 754 αὑτῷ
358 683 641 755 διδομένην
676 686 766 740 διὰ
823 684 1151 754 γεννήσεως.
1218 683 1363 752 Αὐτὴ
1399 680 1528 763 γάρ,
1588 680 1705 734 δθί

1860 684 2028 736 ionem
2061 682 2326 735 exhibita.
2365 681 2457 736 Illa
2504 684 2647 735 enim
2676 723 2689 745 ,
2736 698 2857 736 cum
2891 682 3061 735 Filius
3100 680 3402 749 productus

160 774 281 837 Υἱὸς
324 774 623 845 παρῆκται,
681 779 850 845 μήπω
898 774 1191 843 νοουμένου
1241 773 1334 826 τοῦ
1403 770 1702 840 Πνεύματοε

1862 781 1945 838 st,
2001 775 2243 826 nondum
2304 773 2616 837 intellecto,
2664 770 2931 840 Spiritum
2976 773 3309 841 procedere.
3346 780 3404 824 ut

158 864 570 936 ἐκπορεύεσθαι,
614 866 868 938 καθάπερ
900 869 1139 937 πρόσθεν
1190 866 1473 935 ἐλέγομεν,
1524 865 1589 917 ὲκ
1618 865 1699 915 lla.

1863 876 1985 920 ntea
2014 865 2220 919 dictum
2254 874 2359 929 est,
2386 880 2452 919 ex
2479 865 2639 918 Patre
2700 864 2935 917 traditur
2962 864 3118 927 Filio,
3161 863 3401 916 nondum

155 960 275 1026 ’πρὸς
307 957 513 1013 δέδοται
548 959 625 1029 τῷ
658 960 771 1029 ΥΞῴ
808 961 977 1031 μήπω
1012 959 1107 1014 τοῦ
1144 960 1358 1030 Πατρδς
1413 958 1488 1021 ὡς
1522 957 1697 1027 προϐο

1858 964 2009 1024 ἰιιι-θ,
2039 960 2206 1013 veluti
2256 959 2607 1027 productore,
2638 974 2701 1013 ea
2734 958 2998 1029 Spiritum
3044 960 3400 1027 producente.

157 1052 286 1115 λέως
308 1052 444 1121 αὑτῇ
472 1052 534 1105 τὸ
567 1052 791 1123 Πνεῦμα
840 1052 1196 1124 προάγοντος.
1245 1053 1336 1105 Διὸ
1364 1054 1459 1105 καὶ
1489 1046 1557 1121 τῇ
1582 1050 1699 1119 αὐτῆ

1861 1057 2231 1121 ’roptereaque
2274 1052 2465 1106 eadem
2513 1051 2772 1106 facultate
2806 1061 2864 1105 et
2892 1049 3082 1113 Filius,
3122 1066 3227 1120 qua
3273 1067 3403 1119 pro-

153 1143 374 1213 δυνάμει
404 1144 498 1196 καὶ
537 1146 563 1197 ὁ
616 1140 826 1219 Υἱὸς,ᾖ
879 1146 1202 1215 προϐάλλων
1241 1148 1305 1199 ὲκ
1350 1146 1444 1198 τοῦ
1490 1146 1695 1216 [ἰατρὸς

1868 1151 2023 1196 uctor
2053 1152 2134 1196 est
2165 1159 2231 1197 ex
2266 1142 2448 1207 Patre,
2484 1144 2644 1198 simul
2676 1159 2800 1200 cum
2833 1144 2991 1198 Patre
3024 1158 3129 1195 una
3184 1157 3404 1211 proces-

159 1234 371 1304 σύναιμα
406 1236 576 1305 [Ιατρὶ
609 1238 707 1309 μιᾷ
739 1237 951 1307 προόδῳ
990 1239 1050 1291 τὸ
1074 1237 1299 1306 Πνεῦμα
1338 1237 1629 1308 ἐκπορεύει
1667 1255 1701 1285 τι

1864 1234 1982 1318 ioue
2016 1236 2284 1305 Spiritum
2322 1245 2572 1291 sanctum
2614 1236 2891 1306 producit,
2929 1250 3054 1290 cum
3088 1235 3266 1295 Pater,
3302 1248 3406 1301 qua

156 1322 325 1393 ἅγιον,
356 1321 434 1375 ὅθ’
461 1326 486 1374 ὁ
516 1327 703 1397 Πατὴρ
801 1327 1101 1397 προϐολεὺς
1133 1328 1267 1382 αὑτὸ
1302 1326 1618 1397 ὲκπορεύει.

1224 1328 1267 1380 τὸ
1302 1326 1618 1397 ὲκπορεύει.
1832 1328 2129 1397 productor
2160 1338 2264 1391 est,
2318 1328 2467 1382 illum
2492 1329 2766 1398 producit.

225 1411 275 1465 ι’.
323 1413 553 1469 Ἔπειτα
580 1417 637 1469 δὲ
670 1418 765 1472 καὶ
795 1419 933 1487 πρὸς
963 1419 1024 1471 τὸ
1052 1418 1308 1489 δεύτερον
1342 1417 1496 1483 ἴστω,
1534 1423 1618 1472 ὅτι
1666 1418 1727 1471 τὸ

1906 1421 1990 1475 l0.
2036 1421 2109 1475 De
2141 1421 2382 1475 secundo
2427 1420 2774 1491 postmodum
2805 1421 2965 1485 sciat,
2995 1420 3254 1489 principii
3307 1431 3408 1470 no-

153 1503 244 1571 τῆς
271 1504 448 1575 ἀρχῆς
480 1508 652 1577 ὄνομα
684 1510 880 1573 διττῶς
936 1512 997 1565 οὑ
1031 1513 1193 1580 μόνον
1238 1515 1350 1575 τοῖς
1386 1513 1695 1587 φιλοσόφοις

1870 1529 1955 1568 ten
1982 1555 1997 1577 ,
2041 1530 2148 1568 non
2199 1522 2409 1569 tantum
2463 1530 2492 1569 ιι
2548 1512 2893 1584 philosophis
2942 1510 3038 1567 sed
3069 1524 3099 1563 ιι
3137 1509 3408 1577 theologis

153 1598 284 1651 ἀλλὰ
319 1603 413 1652 καὶ
438 1605 549 1665 τοῖς
578 1602 889 1673 θεολογοῦσι
921 1604 1291 1673 λαμϐάνεται,
1326 1608 1422 1661 ἕνα
1458 1609 1557 1678 μὲν
1600 1608 1695 1676 τρό

1870 1621 2048 1673 unque
2086 1607 2345 1676 bipartito
2382 1607 2580 1676 accipi,
2621 1616 2676 1660 et
2705 1620 2812 1660 uno
2851 1602 3074 1675 quidem
3115 1603 3295 1662 modo,
3331 1600 3406 1653 nti

154 1708 248 1742 πον
278 1690 354 1753 ὡς
388 1691 641 1763 δύναμις,
669 1694 830 1750 ἄλλον
854 1697 900 1751 δ’
929 1696 997 1750 αὖ
1028 1698 1101 1761 ὡς
1137 1700 1452 1769 πρόσωπον,
1516 1700 1549 1770 ἢ
1595 1699 1696 1752 ἄτο

1861 1704 2081 1764 acultas,
2136 1702 2244 1755 alio
2292 1703 2368 1756 uti
2434 1715 2687 1769 persona.
2731 1710 2825 1753 aut
2880 1696 3246 1759 individuum,
3313 1703 3403 1746 aut

155 1784 335 1853 μον,ἢ
377 1785 991 1849 ὑπόστασις.Καλείται
1037 1790 1094 1844 δὲ
1144 1792 1176 1861 ἡ
1229 1792 1327 1861 μὲν
1374 1794 1517 1863 ἀρχὴ
1570 1793 1603 1862 ἡ
1652 1792 1695 1843 ὼ

1871 1792 2141 1861 ypostasis
2176 1814 2187 1846 :
2231 1800 2461 1846 vocatur
2493 1806 2623 1844 vero
2652 1788 3006 1860 principium,
3049 1797 3109 1841 ut
3153 1785 3404 1843 facultas.

150 1872 397 1944 δύναμις,
433 1870 488 1948 ᾖ,
518 1880 824 1944 τουτέστιν,
922 1882 1151 1952 δυνάμει
1177 1884 1271 1936 καὶ
1321 1886 1462 1955 ἀρχῇ
1497 1884 1692 1953 προάγε

1872 1899 1937 1938 ua
1971 1900 2167 1953 nempe
2190 1884 2451 1939 facultate
2489 1895 2543 1938 et
2566 1883 2836 1953 principio
2864 1881 3173 1951 producens
3200 1875 3408 1949 produ-

148 1970 205 2018 τό
226 1985 286 2034 γε
320 1971 589 2038 προάγον,
622 1972 794 2042 αὐτῆς
828 1973 928 2041 μὲν
945 1976 1005 2028 οὑ
1049 1976 1427 2047 προαγούσης·
1464 1978 1496 2046 ή
1528 1976 1635 2045 γὰρ
1663 1976 1690 2028 ἂ

1872 1977 2001 2041 ucit,
2043 1980 2156 2047 ipsa
2188 1977 2411 2045 quidem
2444 1976 2594 2031 nullo
2643 1975 2808 2027 modo
2851 1973 3220 2040 producente;
3255 1982 3406 2021 naru-

149 2059 241 2114 καὶ
271 2061 413 2129 αὑτὴ
442 2061 576 2132 ἄλλῃ
605 2063 713 2117 τινὶ
736 2065 964 2135 δυνάμει
1010 2068 1230 2138 παρῆγε
1263 2072 1327 2137 τῇ
1370 2071 1427 2123 ἐν
1450 2070 1606 2139 αὐτῇ,
1636 2086 1691 2122 κε

1870 2084 1940 2123 ue
1975 2078 2088 2124 tum
2117 2078 2171 2125 et
2196 2070 2312 2140 ipsa
2352 2070 2456 2124 alia
2501 2065 2755 2137 quapiam
2790 2065 3067 2130 facultate,
3114 2076 3235 2131 qua:
3263 2061 3314 2114 in
3344 2076 3405 2115 ea

147 2149 281 2221 αὑτὴ
341 2152 507 2205 πάλιν
543 2153 612 2207 αὑ
650 2155 817 2227 ἑτέρᾳ
876 2157 1126 2225 δυνάμει,
1166 2159 1463 2213 κάντεῦθεν
1515 2162 1572 2213 ἑν
1614 2164 1689 2213 rei

1865 2170 2012 2230 sset,
2053 2163 2424 2232 produceret,
2459 2171 2515 2216 et
2564 2161 2679 2228 ipsa
2730 2173 2918 2213 rursus
2968 2156 3071 2210 alia
3123 2155 3402 2213 facultate,

147 2240 263 2293 καθ’
286 2243 477 2315 αὑτδή
506 2244 593 2297 ἐπ’
618 2246 852 2318 ἄπειρον
882 2244 951 2319 ἦν
988 2250 1364 2321 προχώρησις,
1418 2253 1555 2324 ὅπερ
1605 2253 1689 2306 άτι

1872 2254 2068 2323 ineque
2099 2254 2154 2309 in
2185 2254 2348 2308 rebus
2375 2253 2652 2307 similibus
2682 2251 2961 2312 processio
2984 2248 3216 2301 daretur
3243 2244 3296 2296 in
3324 2243 3405 2294 in-

146 2348 265 2385 πυψ
298 2335 476 2404 ἀρχῆς
507 2336 563 2391 δὲ
595 2337 769 2407 οὔσης
788 2340 961 2410 αὐτῆς
999 2343 1091 2394 καὶ
1130 2344 1438 2413 δυνάμεως,
1556 2348 1688 2416 προό

1870 2345 2041 2400 nitum
2069 2386 2083 2412 ,
2125 2346 2268 2415 quod
2321 2347 2478 2416 plane
2528 2344 2828 2399 absurdum
2879 2350 2982 2397 est.
3020 2340 3126 2394 Sed
3161 2353 3285 2394 cum
3342 2352 3408 2388 ea

144 2441 228 2491 γει
266 2425 326 2477 τὸ
367 2426 535 2498 αὐτὴν
557 2428 796 2499 ἔχον,ὼς
833 2432 979 2503 ἀρχὴ
1026 2433 1168 2485 κατὰ
1228 2436 1288 2486 τὸ
1334 2435 1585 2503 δεύτερον
1626 2435 1686 2502 τῆ

1862 2446 1912 2492 st
1949 2420 2282 2508 princip-ium
2309 2448 2368 2492 et
2410 2435 2659 2497 facultas,
2707 2449 2813 2503 qua
2845 2433 3105 2503 producit
3156 2429 3404 2483 eamdem

144 2513 312 2583 ἀρχῆς
349 2518 774 2587 σημαινόμενον.
807 2520 871 2575 Ἢ
904 2522 962 2575 δὲ
997 2523 1144 2592 ἁρχὴ
1187 2526 1221 2593 ἠ
1244 2523 1317 2586 ὠς
1353 2525 1664 2592 πρόσωπον,

1866 2531 2135 2596 assidens,
2168 2532 2246 2586 uti
2273 2531 2627 2600 principium,
2663 2527 2907 2583 secundo
2948 2524 3204 2594 principii
3240 2523 3408 2591 signi-

143 2602 369 2675 ᾶτομον,
407 2608 439 2677 ἢ
469 2608 791 2677 ὑπόστασις,
833 2613 958 2682 ἥτις
988 2614 1260 2680 καλεῖται,
1292 2617 1576 2668 τουτέστιν
1601 2616 1685 2687 ἦτε

1868 2629 2014 2687 catu,
2045 2621 2307 2690 principii
2365 2620 2575 2674 scilicet
2606 2618 2754 2686 quod
2783 2627 2868 2672 est
2913 2624 2973 2669 ut
3005 2626 3239 2684 persona
3267 2656 3279 2677 ,
3315 2623 3408 2665 aut

146 2699 388 2768 παράγει
414 2690 537 2774 τῇῇ
571 2703 803 2773 δυνάμει
829 2707 894 2774 τῇ
940 2707 999 2757 ἐν
1057 2705 1196 2776 αὐτῇ
1228 2707 1459 2777 δηλαδή.
1521 2709 1688 2761 Τοσαι

1862 2711 2197 2775 ridividuum,
2229 2720 2326 2766 aut
2356 2712 2688 2782 hypostasis,
2722 2711 2803 2764 sic
2832 2708 3032 2770 vocati,
3076 2708 3168 2775 qui
3203 2705 3404 2773 produ-

141 2792 316 2860 ταχῶς
348 2787 444 2847 οῦν
465 2794 558 2846 τοῦ
590 2796 689 2863 τῆς
719 2796 895 2866 ἀρχῆς
930 2796 1195 2865 ὀνόματος
1218 2796 1683 2866 ὲκλαμϐανομένοι

1865 2804 1901 2856 it
1932 2804 2186 2858 facultate
2213 2818 2379 2871 quam
2412 2806 2466 2857 in
2515 2818 2573 2857 se
2624 2802 2812 2856 habet.
2868 2799 2974 2853 Tot
3013 2799 3195 2866 itaque
3230 2796 3407 2847 modis

142 2885 188 2935 εί
238 2886 339 2953 μὲν
376 2888 430 2938 ὲν
465 2888 643 2960 Πατρὶ
672 2889 769 2941 καὶ
818 2888 934 2959 Υίῷ
966 2889 1062 2942 δύο
1105 2889 1204 2951 τὰς
1258 2889 1436 2959 ἀρχὰς
1471 2889 1593 2956 θείη
1643 2908 1684 2942 τ;

1865 2895 2047 2949 omine
2078 2894 2331 2964 principii
2359 2902 2603 2962 accepto,
2631 2894 2674 2946 si
2713 2892 2766 2945 in
2818 2892 2978 2946 Patre
3012 2900 3068 2943 et
3110 2887 3245 2942 Filio
3292 2886 3403 2938 duo

141 2976 214 3039 ὼς
252 2977 521 3049 δυνάμεις
553 2980 955 3052 προϐλητικὲις,
988 2976 1076 3045 αἷς
1112 2981 1300 3052 Πατὴρ
1359 2982 1453 3035 καὶ
1507 2983 1634 3045 Υίὸς
1664 3000 1683 3033 Ί

1867 2985 2095 3053 rincipia
2122 2986 2247 3053 quis
2268 2983 2639 3047 constituerit,
2658 2982 2825 3036 veluti
2856 2979 3143 3034 facultates
3165 2976 3403 3046 produc-

142 3066 373 3139 Πνεῦμα
400 3070 741 3141 παράγουσι,
778 3073 925 3143 μάλα
961 3075 1191 3140 ἄτοπον,
1232 3074 1325 3127 καὶ
1362 3073 1578 3143 ψευδὲς,
1629 3091 1684 3127 κς

1855 3076 1985 3140 ivas,
2018 3076 2219 3145 quibus
2258 3076 2419 3131 Pater
2447 3085 2502 3130 et
2549 3075 2718 3129 Filius
2763 3074 3034 3144 Spiritum
3067 3070 3397 3141 producunt.

141 3158 238 3227 τῆς
254 3127 549 3227 εὑσεϐείας
569 3127 886 3236 ’ἀλλότριοι
914 3157 989 3236 ᾞ
1010 3166 1119 3236 γὰρ
1138 3127 1204 3221 ἂν
1222 3166 1332 3220 οὐδ’
1419 3127 1683 3236 arisi-1.006!

1863 3168 2126 3221 bsurdum
2168 3166 2223 3222 id
2260 3168 2649 3236 maximopere,
2696 3182 2751 3221 et
2778 3165 2996 3227 falsum,
3031 3171 3088 3217 et
3118 3178 3147 3216 a
3172 3161 3402 3215 veritate

139 3252 216 3325 τῷ
254 3250 483 3325 ἀριθμῴ
548 3256 726 3328 Πατρὶ
769 3256 987 3327 προσῆν
1043 3259 1135 3310 καὶ
1166 3255 1303 3327 Υίῷ,
1377 3251 1458 3319 οἷς
1508 3260 1572 3327 τῇ
1631 3258 1681 3307 τί

1858 3261 2073 3315 .licnum
2112 3260 2691 3317 asseveraverit.'l'um
2715 3256 3184 3327 siquidem-neque
3211 3252 3400 3309 eadem

142 3349 319 3417 αὐτῆς⁹
348 3348 638 3418 δυνάμεως
694 3347 970 3419 διακρίσει
1024 3351 1117 3404 καὶ
1162 3351 1197 3420 ἡ
1246 3350 1523 3416 διάκρισις
1565 3350 1684 3402 εὐθί

1859 3369 2059 3408 ιυηιοιο
2088 3354 2325 3409 essentia
2350 3354 2495 3420 Patri
2516 3353 2720 3407 inesset
2745 3349 3132 3417 etFilio,quos
3158 3343 3401 3413 ejusdem

139 3437 332 3491 ἕπεται
368 3438 468 3509 τῆς
500 3437 711 3504 οὑσίας,
745 3438 863 3491 ἐστι
898 3439 999 3508 μὲν
1021 3439 1108 3491 ὅτε
1157 3440 1250 3492 καὶ
1300 3438 1452 3503 εἴδει,
1507 3439 1624 3491 ἔστι

1860 3447 2102 3501 ιουΙιιιιίε
2138 3446 2494 3501 distinctione
2536 3444 2723 3500 statim
2774 3451 2831 3497 et
2889 3450 3096 3495 naturae
3124 3436 3402 3491 distinctio

140 3529 225 3582 ὅτε
276 3531 375 3584 καὶ
416 3529 493 3601 τῷ
529 3531 741 3601 ἀτόμῳ.
778 3529 917 3585 Ἀλλ’
944 3530 1088 3583 οὑτω
1132 3530 1225 3583 δύο
1271 3531 1445 3599 ἀρχὰς
1506 3532 1563 3581 ἐν
1613 3532 1682 3581 το]

1861 3537 2282 3608 ubsequeretur,
2325 3538 2619 3606 aliquando
2642 3535 2846 3604 specie,
2875 3527 3169 3601 aliquando
3207 3527 3403 3583 indivi-

141 3624 288 3676 δυοῖν
318 3622 399 3686 ὡς
425 3622 687 3694 δυνάμεις
729 3622 985 3694 οὐδαμῶς
1019 3626 1052 3695 ἡ
1108 3626 1230 3694 ἱερὰ
1266 3625 1376 3677 τῶν
1436 3625 1683 3694 Ῥωμαία

1869 3645 1936 3683 uo
1970 3630 2207 3685 diversa.
2230 3629 2297 3683 Et
2330 3630 2429 3683 hac
2449 3629 2658 3683 ratione
2684 3628 2790 3681 duo
2808 3623 3076 3695 principia
3105 3622 3159 3677 in
3192 3620 3406 3676 duabus

138 3709 399 3775 ἐδόξασεν
454 3708 772 3781 Ἐκκλησία.
804 3713 1009 3766 Πολλοῦ
1040 3730 1103 3780 γε
1167 3713 1265 3767 atati.
1294 3715 1373 3766 δεῖ
1420 3729 1435 3743 θ
1494 3714 1680 3780 ὃπουγί

1861 3722 2077 3776 ersonis
2123 3731 2183 3776 ut
2242 3720 2532 3776 facultates
2591 3732 2871 3787 nunquam
2918 3730 3073 3770 sacra
3126 3714 3403 3768 Romano-

141 3800 401 3871 καθάπερ
434 3800 719 3871 ἐλέγομεν,
749 3803 933 3875 πάντη
956 3803 1057 3874 τὴν
1084 3804 1256 3872 αὑτῆς
1302 3806 1360 3857 ὲν
1389 3804 1565 3871 Πατρὶ
1590 3820 1683 3872 πρ(

1863 3828 1949 3867 um
1990 3812 2228 3868 Ecclesia
2262 3812 2459 3867 tenuit.
2484 3812 2570 3867 Nil
2623 3810 2842 3872 minus;
2876 3821 3022 3868 cum,
3059 3806 3243 3873 utjam
3270 3802 3405 3855 dixi-

138 3892 408 3963 ϐλητικὴν
434 3894 665 3964 δύναμιν
714 3894 964 3966 τάριθμῷ
1020 3899 1303 3966 προσεῖναι
1366 3895 1582 3961 δοξάζει
1633 3913 1680 3949 κς

1860 3917 1971 3969 aus,
2015 3902 2191 3956 modis
2229 3902 2488 3956 omnibus
2513 3900 2760 3955 eamdem
2792 3896 3187 3967 producentem
3236 3892 3402 3945 facul-

136 3982 212 4051 τῷ
246 3984 387 4053 Υἱῷ,
420 3984 483 4035 ἐκ
516 3984 609 4036 τοῦ
646 3984 859 4055 [Ias-pb;
889 3984 1036 4057 αὑτῷ
1068 3986 1354 4055 διδομένην
1398 3985 1487 4038 διὰ
1533 3997 1678 4054 γεννι

1862 4005 2022 4059 item,
2062 4010 2183 4064 quas
2235 3994 2290 4049 in
2324 3995 2485 4049 Patre
2515 4002 2600 4048 est
2640 4006 2895 4052 numero,
2930 3990 2983 4044 in
3016 3986 3153 4041 Filio
3185 3998 3404 4054 quoque

140 4091 301 4143 σεως,
326 4076 585 4146 καθάπερ
616 4080 707 4129 καὶ
746 4078 845 4147 τὴν
884 4079 1072 4130 οὐσίαν
1096 4080 1291 4147 αὑτὴν,
1328 4080 1427 4131 ὅσα
1486 4096 1547 4130 τε
1588 4079 1682 4130 ἄλλ

1865 4102 1948 4141 sse
1979 4095 2189 4151 censet,
2222 4101 2288 4141 ex
2346 4086 2505 4140 Patre
2538 4083 2640 4154 ipsi
2673 4098 2772 4152 per
2821 4078 3226 4152 generationem
3259 4090 3407 4129 com-

138 4169 322 4237 φαμὲν
355 4169 468 4231 τοῖς
510 4167 827 4239 προσώποις
876 4172 939 4223 ἐκ
970 4172 1067 4239 τῆς
1104 4172 1345 4239 πηγαίοις
1380 4171 1557 4241 ἀρχῆς
1591 4171 1680 4224 δίδε

1866 4179 2184 4242 tunicatam,
2220 4178 2300 4232 uti
2346 4188 2403 4233 et
2448 4175 2742 4233 essentiam
2777 4174 2982 4244 ipsam,
3035 4179 3090 4225 et
3137 4175 3408 4239 quotquot

140 4262 267 4312 σθαι
305 4261 404 4313 τοῦ
435 4258 571 4315 Θεοῦ
612 4263 702 4315 καὶ
738 4260 975 4332 Πατρδς,
1018 4260 1317 4315 κάντεῦθεν
1342 4262 1437 4316 καὶ
1468 4263 1596 4332 μίαν
1630 4263 1682 4315 τό

1865 4272 1931 4325 lia
1965 4272 2216 4340 personis
2244 4286 2311 4326 ex
2346 4268 2675 4339 primigenio
2705 4266 2977 4336 principio
3006 4264 3117 4317 Deo
3153 4270 3209 4316 et
3245 4261 3407 4315 Patre

139 4350 331 4423 ριομῷ
374 4354 627 4424 πρόοδον,
685 4355 778 4407 καὶ
810 4354 867 4406 ἓν
896 4354 1071 4423 δήπου
1108 4355 1330 4423 Πνεῦμα
1382 4354 1442 4407 τὸ
1472 4356 1681 4425 παραγέ

1866 4362 2148 4415 ’ἱιηιυῐιιυι-
2201 4377 2216 4417 :
2274 4361 2511 4428 indeque
2569 4373 2730 4411 unam
2788 4369 3019 4409 numero
3073 4352 3408 4421 progressio-

140 4463 307 4513 μενον
343 4442 421 4498 ἐκ
446 4446 657 4518 Πατρδς
692 4446 758 4498 δι’
792 4445 951 4510 Υίοῦ,
983 4447 1046 4517 τῇ
1078 4447 1177 4515 μιᾷ
1207 4447 1467 4517 τάριθμῷ
1491 4447 1682 4513 δυνάμι

1869 4468 1976 4518 em,
2008 4461 2063 4506 et
2094 4466 2260 4506 unum
2285 4466 2514 4505 numero
2540 4449 2807 4518 Spiritum
2831 4445 3158 4515 productum
3189 4459 3218 4495 a
3248 4444 3406 4496 Patre

136 4540 202 4611 τῇ
239 4541 301 4591 ἐν
338 4534 568 4608 ἀμφοῖν.
595 4539 657 4593 Εἰ
698 4539 754 4592 δὲ
786 4538 877 4591 δύο
924 4539 1096 4608 ἀρχάς
1130 4536 1275 4590 οὕτω
1319 4556 1402 4602 τις
1434 4540 1678 4610 -ὲκλαμϐι

1864 4559 1928 4598 er
1962 4544 2196 4607 Filium,
2234 4544 2391 4597 unica
2445 4555 2676 4595 numero
2710 4539 2963 4593 facultate
2989 4578 3002 4602 ,
3037 4550 3157 4605 qua:
3191 4534 3243 4587 in
3293 4548 3406 4586 am-

136 4650 252 4684 νειν
276 4633 481 4696 ἐθέλει,
531 4632 787 4702 καθάπερ
817 4633 1145 4694 ὑποστάσεις
1180 4629 1273 4684 δύο
1309 4633 1401 4684 καὶ
1430 4634 1678 4702 πρόσωπ<

1862 4634 2008 4688 obus
2037 4644 2142 4688 est.
2173 4632 2327 4697 Quod
2351 4631 2394 4685 si
2426 4631 2551 4700 quis
2578 4629 2688 4683 duo
2718 4627 3082 4699 principiaita
3114 4621 3404 4691 acceperit,

131 4727 188 4779 τί
216 4727 282 4776 τὸ
319 4725 523 4779 ἄτοπον
543 4727 676 4794 πρὶς
708 4726 807 4793 τῆς
836 4724 1065 4792 Τριάδος
1094 4724 1264 4793 αὑτῆς
1288 4742 1301 4786 ;
1330 4723 1361 4794 ἦ
1405 4726 1558 4779 ποῖον
1584 4744 1673 4778 κατ

1871 4726 1987 4780 nasi
2022 4726 2161 4780 duas
2195 4726 2517 4794 hypostases
2547 4730 2601 4775 et
2636 4735 2898 4790 personas
2924 4761 2937 4784 ,
2987 4716 3261 4787 quodnam
3308 4713 3404 4765 ab-

134 4818 239 4886 τῆς
275 4817 617 4885 Ἐκκλησὶας
655 4817 909 4870 ἐντεῦθεν
944 4816 1145 4884 γένοιτ’
1169 4817 1235 4870 ἂν
1285 4818 1468 4885 δόγμα
1502 4818 1582 4888 τῷ
1632 4836 1676 4870 τι

1866 4819 2082 4881 urdum,
2118 4831 2215 4887 per
2248 4815 2570 4869 Trinitatem
2609 4812 2805 4881 ipsam,
2836 4810 2917 4862 vel
2972 4806 3245 4877 quodnam
3281 4802 3408 4857 inde

148 4912 374 4980 Ἀρείου
405 4911 727 4980 προσεοικός
755 4926 768 4976 ;
799 4911 909 4963 Καὶ
936 4911 1171 4962 πειθέτω
1197 4926 1257 4961 σε
1278 4910 1340 4961 τὸ
1368 4913 1467 4979 μιᾷ
1494 4910 1690 4979 δυνάμι

1862 4911 2104 4966 ιιινιιιευε
2163 4905 2455 4962 Ecclesiam
2517 4904 2754 4972 dogma,
2828 4900 2961 4952 Ario
3021 4894 3404 4955 concordans,

134 5001 237 5061 τὰς
286 5000 440 5066 spei;
496 4999 827 5060 ὑποστάσεις
850 4998 948 5066 τὴν
987 4998 1169 5049 κτίσιν
1217 4996 1518 5066 παράγειν,
1576 5016 1671 5068 τρε

1866 5000 2113 5070 ssurget?
2138 4999 2202 5053 Et
2226 4996 2451 5053 suadeat
2478 5006 2551 5058 te,
2578 4991 2727 5063 quod
2749 5006 2853 5045 una
2878 4989 3133 5045 facultate
3164 4994 3278 5041 tres
3310 4987 3406 5057 by‘

132 5092 324 5161 ἀρχάς
357 5089 528 5152 οὓτως
555 5090 627 5151 ὡς
653 5089 1000 5153 ὑποστάσεις,
1024 5090 1123 5157 οὑχ
1145 5089 1219 5149 ὡς
1249 5089 1535 5158 δυνάμεις.
1572 5089 1639 5143 '0
1668 5110 1674 5124 ι

1872 5102 2083 5147 ostases
2103 5101 2411 5145 creaturam
2450 5087 2775 5156 producunt,
2798 5083 2898 5137 tria
2942 5081 3208 5150 principia
3257 5095 3410 5147 teque

132 5185 250 5253 γὰρ
269 5182 463 5251 Πατὴρ
482 5184 719 5252 παράγει
749 5182 848 5250 τὴν
872 5179 1070 5245 κτίσιν,
1094 5182 1122 5231 ὃ
1140 5181 1187 5232 θ’
1216 5181 1341 5243 Υἱὸς
1362 5184 1601 5252 παράγει
1625 5182 1674 5233 τί

1870 5195 1995 5254 tque
2020 5184 2431 5253 hypostases,et
2450 5194 2554 5233 non
2581 5175 2884 5231 facultates.
2909 5172 3049 5228 Tum
3078 5172 3224 5227 enim
3256 5171 3410 5224 Pater

132 5275 357 5334 κτίσιν,
389 5273 450 5325 τό
483 5289 542 5324 τε
576 5271 801 5342 Πνεῦμα
825 5273 886 5325 τὸ
910 5273 1068 5341 ἅγιον
1111 5274 1353 5343 παράγει
1377 5275 1476 5343 τὴν
1511 5277 1674 5326 κτίσιι

1868 5283 2138 5329 reaturam
2168 5271 2444 5342 producit,
2469 5278 2584 5322 turn
2636 5265 2807 5321 Filius
2851 5272 3153 5320 creaturam
3202 5260 3408 5329 produ-

133 5364 237 5415 καὶ
263 5360 424 5413 οὐδὲν
446 5360 698 5414 ἐντεῦθεν
719 5361 913 5415 ἕπεται
930 5364 1153 5429 ἄτοπον,
1174 5364 1284 5416 οὐδ’
1312 5363 1509 5427 ἀσεϐὲς
1526 5364 1675 5434 δόγμι

1867 5368 1944 5431 it,
1982 5379 2093 5419 tum
2137 5364 2375 5434 Spiritus
2406 5370 2631 5416 sanctus
2675 5368 2981 5414 creaturam
3034 5352 3319 5424 producit;
3352 5361 3408 5403 et

130 5455 264 5507 οὐδὲ
296 5452 380 5521 τῷ
406 5454 501 5505 τοῦ
540 5453 752 5523 ’Δρείου
791 5457 1135 5526 προσεοικός.
1195 5456 1342 5520 Ἕως
1388 5456 1496 5525 γὰρ
1522 5456 1587 5510 ἄν
1629 5476 1666 5527 μ

1874 5459 1969 5512 ihil
2024 5456 2149 5510 inde
2198 5452 2420 5508 absurdi
2456 5451 2835 5523 consequitur,
2872 5460 3045 5515 neque
3074 5444 3266 5510 dogma
3310 5440 3411 5493 im-

131 5547 445 5614 θεότητιαί
470 5547 799 5609 ὑποστάσεις
854 5548 1245 5617 πληθύνονται,
1295 5549 1554 5602 οὐδέποτε
1606 5552 1671 5604 ᾶτ

1871 5552 2195 5615 ium,neque
2234 5546 2377 5614 quod
2407 5545 2662 5598 Arianam
2709 5538 2953 5596 hairesim
2989 5532 3204 5587 referat.
3226 5531 3408 5585 Donec

130 5654 243 5690 πον
268 5635 557 5705 νομισθείη
592 5636 651 5688 τὸ
677 5638 733 5689 ὲν
759 5639 857 5707 μιᾷ
875 5639 968 5690 καὶ
985 5640 1055 5708 τῇ
1083 5639 1223 5709 αὑτῇ
1254 5639 1484 5710 δυνάμει
1508 5642 1672 5696 πλείοι

1871 5639 1975 5693 nim
2012 5640 2065 5692 in
2105 5653 2209 5692 una
2232 5637 2437 5691 Deitato
2470 5637 2786 5707 hypostascs
2808 5625 3259 5694 multiplicantur,
3294 5623 3413 5675 nu!-

130 5727 240 5792 τὰς
283 5726 466 5796 ἀρχὰς
495 5725 762 5795 ὑπάρχειν
800 5726 877 5790 ὡς
903 5727 1253 5793 ὑποστάσεις.

1868 5747 1941 5785 tm
1985 5731 2285 5786 absurdum
2318 5728 2682 5801 reputabitur,
2726 5726 2776 5777 in
2810 5736 2912 5775 una
2975 5716 3274 5782 eademque
3333 5726 3410 5765 ta-

1840 5823 2039 5879 cultatc
2076 5826 2230 5894 plura
2262 5821 2527 5894 principia
2552 5817 2719 5875 veluti
2760 5815 3079 5883 hypostases
3116 5806 3410 5863 exsistere-
