3904 6222
473 283 609 346 1037

1639 288 1959 352 JOANNIS
2001 291 2491 355 ARGYROPULI
2596 365 2604 372 η

3597 288 3720 355 1008

542 397 630 452 ll.
676 395 769 452 llis
793 396 980 468 itaque
1005 398 1352 456 manifestum
1389 412 1655 466 remanet,
1688 405 1890 460 nullam
1917 405 2040 460 inde

2221 412 2306 460 ια’.
2327 408 2420 460 Ἐκ
2442 407 2647 460 τούτων
2669 405 2732 478 δὴ
2751 406 3005 476 φανερὸν,
3032 406 3112 460 δτι
3133 406 3362 475 οὐδεμία
3378 424 3465 470 τις
3487 407 3714 468 ἐντεῦθεν

467 482 793 539 divisionem
834 495 929 539 aut
979 489 1413 546 contractionem
1467 493 1661 562 sequi,
1711 511 1891 565 neque
1944 496 2046 550 ali-

466 577 612 645 quod
645 578 968 639 absurdum.
1010 596 1192 652 neque
1227 584 1371 654 quod
1424 585 1540 639 fieri
1575 601 1685 640 non
1716 588 1933 656 possit,
1987 590 2043 644 in

467 683 576 722 una
622 668 894 738 siquidem
947 671 1202 729 facultate
1254 675 1573 744 productiva
1604 718 1619 742 ,
1665 679 1743 732 uti
1775 695 2042 748 personae,

465 760 790 831 liypostases
813 764 1136 820 dividuntur
1179 767 1338 824 Pater
1366 779 1421 824 et
1452 771 1642 837 Filius,
1687 776 2046 842 quemadmo-

467 853 598 908 dum
637 865 692 910 et
722 855 778 911 in
816 871 921 912 una
951 860 1194 915 essentia
1228 862 1390 918 Pater
1427 874 1482 918 et
1513 865 1682 919 Filius
1720 875 1775 920 et
1803 865 2045 936 Spiritus

463 955 724 1011 sanctus,
778 963 886 1003 non
947 950 1057 1004 duo
1119 953 1482 1021 productores
1535 955 1894 1023 exsistentes,
1949 957 2043 1013 sed

465 1053 630 1092 unus.
671 1036 790 1094 Duo
825 1043 1014 1111 utique
1066 1043 1437 1112 producentes
1479 1045 1643 1101 modo
1700 1049 2045 1108 solummodo

464 1129 808 1186 diﬁcreutes.
845 1131 981 1186 Illud
1013 1135 1218 1188 ctenim
1269 1135 1586 1190 facultatem
1637 1139 1892 1208 respicitz,
1924 1157 2046 1207 qua:

467 1238 573 1277 una
599 1232 702 1290 est,
734 1239 842 1278 non
887 1226 1075 1295 plures
1100 1228 1154 1281 in
1182 1235 1437 1298 utroque.
1468 1228 1877 1303 PrOptereaque
1905 1250 2046 1292 unus

466 1313 694 1368 omnino
721 1315 1071 1380 producens:
1114 1317 1222 1372 hoc
1262 1333 1373 1374 uno
1413 1319 1736 1391 bypostases
1782 1339 1842 1380 re
1890 1327 2046 1396 quasi

466 1416 804 1474 separantes.
843 1407 1248 1478 Promereaque
1284 1409 1425 1468 duos
1461 1413 1698 1471 dicimus
1741 1417 2049 1486 producen-

469 1502 572 1556 tcs,
607 1510 675 1548 ex
717 1495 1061 1565 penitissima
1110 1500 1230 1570 ipsa
1273 1503 1561 1575 theologia:
1601 1505 1873 1565 doctrina.
1924 1509 2048 1568 Haec

467 1597 551 1642 est
588 1589 850 1646 Romanae
879 1593 1155 1659 Ecclesia,
1188 1596 1335 1665 quod
1358 1598 1501 1653 idem
1537 1601 1645 1656 erit
1678 1601 1881 1671 dicere,
1920 1608 2046 1660 uni-

468 1679 699 1736 versalis
731 1681 864 1738 lidei
897 1682 964 1738 de
991 1687 1341 1754 processione
1367 1689 1607 1757 Spiritus
1630 1695 1806 1749 sancti
1847 1697 2043 1765 pietas.

470 1769 567 1826 llis
591 1787 694 1829 nos
722 1775 939 1830 educati
984 1792 1178 1835 sumus
1218 1780 1585 1852 instructique
1646 1785 2002 1856 dogmatibus
2031 1807 2045 1844 :

469 1877 576 1916 non
607 1865 937 1933 sopbismos,
973 1877 1032 1921 ut
1077 1870 1300 1937 quidam
1354 1871 1753 1942 obloquuntur,
1790 1889 1885 1931 aut
1924 1895 2047 1948 per-

469 1954 756 2009 suasibilia
784 1957 1066 2027 sapientiae
1097 1961 1286 2026 verba,
1337 1972 1432 2016 aut
1474 1963 1710 2018 humana
1744 1969 2046 2037 excogitata

471 2057 677 2102 temere
719 2051 1032 2120 sequimur,
1098 2055 1191 2108 sed
1223 2054 1478 2112 Ecclesiae
1511 2057 1783 2125 doctores,
1829 2069 2049 2117 senten-

471 2138 682 2209 tiasque
736 2157 965 2210 eorum,
1018 2146 1264 2217 singulas
1314 2149 1576 2205 divinitus
1642 2155 2045 2220 pronuntiatas.

469 2229 608 2285 llinc
645 2231 810 2287 etiam
869 2235 1048 2305 colligi
1083 2248 1262 2306 potest
1301 2243 1714 2313 existimarique
1764 2245 1868 2300 sibi
1913 2246 2045 2315 ipsis

468 2325 764 2378 concordia
795 2325 986 2382 Patres
1019 2335 1358 2400 enuntiasse,
1409 2350 1588 2405 neque
1636 2337 1704 2391 de
1740 2337 1931 2392 iisdem
1964 2339 2045 2392 di-

466 2428 624 2469 versa
659 2425 826 2488 atque
861 2424 1161 2491 contraria,
1198 2426 1304 2480 sibi
1341 2426 1474 2496 ipsis
1505 2428 1880 2494 adversantes,
1915 2447 2046 2485 con-

467 2508 745 2576 cinnasse,
776 2512 830 2566 in
861 2529 1024 2583 quam
1072 2519 1422 2586 sententiam,
1452 2521 1546 2588 qui
1591 2535 1680 2575 res
1711 2523 2044 2591 theologicae

467 2604 740 2674 ignorant,
771 2609 997 2676 abeunt,
1035 2626 1159 2666 cum
1196 2614 1281 2667 vel
1325 2624 1640 2670 sanctorum
1689 2617 2041 2686 pronuntiata

467 2697 628 2753 obelo
675 2701 1037 2769 transfigunt,
1089 2705 1174 2760 vel
1225 2707 1431 2775 spuriis
1460 2708 1677 2777 injectis
1705 2709 2040 2772 adulterant,

2148 499 2414 569 διαίρεσις
2465 500 2840 569 ῆσυναίρεσις
2882 499 3097 565 ἕπεται,
3143 500 3341 553 ἕπεται
3380 499 3492 553 οὐδ’
3521 502 3638 556 ἄλλο
3672 525 3715 562 τι

2146 593 2350 647 ἄτοπον
2371 591 2462 644 καὶ
2475 591 2755 646 ἀδύνατον.
2780 592 2874 646 Ἐν
2889 591 2996 662 γὰρ
3015 593 3112 662 μιᾷ
3131 592 3363 662 δυνάμει
3388 575 3712 666 πρόϐλητικῇ

2149 685 2520 756 προσωπικῶς
2537 687 2592 741 ai
2613 685 2938 749 ὑποστάσεις
2952 685 3236 756 διῄρηνται
3255 687 3451 757 Πατὴρ
3471 688 3566 740 καὶ
3582 688 3714 751 Υἱὸς,

2147 778 2402 848 καθάπερ
2435 781 2529 832 καὶ
2560 779 2616 831 ὲν
2650 779 2751 849 μιᾷ
2772 778 2930 846 οὐσίᾳ
2955 779 3145 849 Πατὴρ
3165 779 3296 842 rw»,-
3325 797 3385 832 τε
3405 781 3500 832 καί
3515 779 3718 850 Πνεῦμα

2149 870 2325 936 ἅγιον,
2353 871 2414 925 οὐ
2453 871 2546 923 δύο
2585 871 2684 942 μὲν
2716 871 3000 942 προϐολεῖς
3028 871 3204 935 ὄντες,
3231 872 3353 926 ἀλλ’
3386 868 3468 936 εἷς
3488 889 3501 902 ⁸
3552 874 3638 926 δύο
3661 891 3716 940 γε

2153 961 2258 1033 μὴν
2295 962 2718 1033 προϐάλλοντες,
2748 962 2828 1032 τῷ
2857 965 3046 1034 τρόπῳ
3077 963 3225 1033 μόνῳ
3256 980 3320 1031 γε
3354 964 3714 1032 διαφέροντες.

2160 1055 2366 1108 Ἐκεῖνο
2393 1056 2492 1124 μὲν
2516 1055 2623 1126 γὰρ
2651 1055 2748 1126 τὴν
2779 1056 3010 1123 δύναμιν
3034 1057 3238 1126 ἀφορᾷ,
3273 1055 3410 1125 μίαν
3439 1053 3625 1120 οὖσαν,
3663 1057 3714 1110 ού

2151 1145 2370 1209 πλείους
2405 1150 2462 1200 ὲν
2507 1149 2777 1217 ἑκατέρῳ,
2813 1149 2908 1201 καὶ
2941 1148 3029 1201 διὰ
3078 1148 3240 1202 τοῦτο
3290 1143 3373 1210 εἷς
3430 1150 3644 1212 πάντως
3695 1154 3719 1204 ό

2151 1240 2478 1310 προϐολεύςο
2512 1239 2676 1313 τοῦτο
2708 1240 2763 1293 δὲ
2793 1241 2902 1311 ἄρα
2929 1243 3028 1304 τὰς
3051 1241 3383 1303 ὑποστάσεις
3413 1241 3486 1303 ὡς
3516 1242 3718 1311 διακρι-

2149 1334 2382 1400 νομένας
2404 1333 2480 1403 τῷ
2512 1335 2781 1404 χρήματι.
2809 1335 2920 1387 Καὶ
2951 1333 3041 1388 διὰ
3069 1329 3234 1388 τοῦτο
3259 1333 3353 1386 δύο
3385 1334 3570 1402 φαμὲν
3613 1335 3718 1387 θεο-

2149 1423 2491 1492 λογικὼτατα
2522 1426 2648 1488 τοὺς
2697 1425 3129 1496 προϐάλλοντας.
3193 1424 3346 1495 Δῦτη
3391 1425 3541 1478 ἐστὶν
3569 1426 3600 1495 ἡ
3629 1425 3720 1492 τῆς

2160 1516 2478 1586 Ῥωμαῖκῆς
2514 1517 2866 1588 Ἐκκλησίας,
2900 1517 3098 1570 ταυτὸν
3139 1516 3197 1568 δὲ
3245 1517 3445 1580 είπεῖν,
3482 1517 3582 1586 τῆς
3627 1533 3720 1568 κα-

2150 1610 2369 1680 θολικῆς
2403 1611 2644 1672 πίστεως
2704 1610 2835 1680 περὶ
2889 1611 2990 1678 τῆς
3019 1606 3408 1679 ὲκπορεύσεως
3453 1606 3546 1660 τοῦ
3575 1607 3716 1676 ἁγίου

2137 1700 2474 1768 ’Πνεύματος
2503 1703 2535 1770 ἡ
2563 1701 2843 1756 εὐσέϐεια.
2902 1698 3180 1760 Τοιούτοις
3218 1699 3382 1769 ἡμεῖς
3411 1696 3717 1769 ἐτράφημεν

2151 1809 2211 1846 τε
2247 1795 2343 1846 καὶ
2378 1793 2783 1861 ἐπαιδεύθημεν
2812 1791 3108 1861 δόγμασιν,
3139 1791 3200 1845 οὐ
3256 1788 3614 1858 σοφίσμασιν,
3650 1788 3718 1851 ὡς

2153 1882 2288 1935 ἔνιοί
2333 1883 2582 1954 φασιν,ἢ
2632 1881 2813 1936 πειθοῖ
2853 1882 3067 1950 σοφίας,
3131 1881 3164 1950 ἢ
3225 1879 3596 1948 ἀνθρωπίναις
3646 1881 3720 1933 ἐν·

2156 1975 2328 2038 νοίαις
2349 1976 2585 2044 γυμναῖς
2618 1973 2903 2042 ἑπόμενοι,
2945 1973 3085 2026 ἀλλὰ
3147 1972 3260 2032 τοῖς
3313 1969 3592 2037 θεολόγοις
3629 1968 3719 2038 τῆς

2163 2067 2512 2133 Ἐκκλησίας,
2549 2067 2645 2119 καὶ
2668 2065 2880 2134 ὅσαπερ
2908 2062 3095 2116 θεόθεν
3133 2059 3489 2128 ἐφθέγξαντο.
3521 2060 3720 2113 Ἐντεῦο

2153 2155 2244 2208 θεν
2276 2155 2390 2208 ἔστι
2420 2155 2508 2208 διὰ
2558 2154 2764 2207 τούτων
2803 2155 2899 2206 καὶ
2927 2154 3056 2214 τοὺς
3082 2152 3275 2220 ἁγίους
3331 2150 3579 2220 νομίζειν
3605 2151 3717 2218 ξυν-

2152 2250 2264 2317 ῳδὰ
2287 2247 2470 2316 σφίσιν
2499 2247 2684 2309 αὐτοῖς
2711 2245 3067 2314 φθέγγεσθαι,
3115 2245 3210 2298 καὶ
3243 2244 3306 2296 οὐ
3348 2245 3481 2313 περὶ
3501 2245 3611 2297 τῶν
3634 2243 3719 2298 αύ-

2151 2341 2258 2395 τῶν
2307 2339 2681 2410 διαφέρεσθαι,
2729 2339 2867 2406 ὅπερ
2921 2340 2972 2392 οί
3009 2338 3109 2407 τῆς
3166 2335 3495 2404 θεολογικῆς
3530 2336 3716 2402 σοφίας

2151 2434 2582 2502 ἀνεπιστήμονες
2617 2432 2942 2502 πάσχουσιν,
2971 2430 3090 2500 ἦτοι
3117 2428 3184 2482 τὰ
3208 2427 3316 2482 τῶν
3339 2427 3518 2497 ἁγίων
3555 2425 3718 2479 ὀϐελί-

2152 2529 2337 2598 ζοντες
2368 2528 2676 2595 ἀξιώματα,
2724 2527 2758 2597 ἢ
2808 2524 3144 2590 νοθεύοντες,
3203 2522 3236 2592 ἢ
3289 2519 3640 2591 ἀρνούμενοι,
3687 2519 3719 2588 ἢ

2151 2621 2337 2683 κακῶς
2369 2623 2465 2675 καὶ
2506 2620 2984 2687 ἀνεπιστημόνως,
3034 2616 3130 2671 καὶ
3163 2616 3240 2678 ὠς
3271 2614 3464 2679 αὐτοῖς
3507 2613 3715 2681 ἐφετὸν,

2152 2714 2353 2783 ὲξηγού
2364 2732 2536 2784 μενοι.

466 2794 552 2849 vel
581 2807 900 2868 pernegant,
933 2799 1018 2855 vel
1051 2801 1188 2856 male
1212 2811 1269 2856 et
1302 2802 1520 2870 inscite,
1553 2811 1628 2871 et,
1656 2813 1716 2858 ut
1745 2804 1878 2872 ipsis
1905 2804 2212 2873 allubescit,
2249 2809 2704 2879 interpretantur.

541 2890 629 2945 12.
673 2892 874 2947 Verum
926 2905 980 2949 tu
1023 2895 1160 2950 nihil
1200 2898 1305 2952 tale
1343 2900 1566 2968 patiaris
1591 2941 1605 2966 ,
1642 2915 1807 2970 quem
1855 2917 1955 2972 ego
1989 2911 2046 2957 et

2234 2905 2322 2975 ιβ’.
2378 2867 2541 2958 ima:
2583 2905 2656 2974 μὴ
2693 2903 2931 2956 τοιοῦτόν
2952 2918 3004 2954 τι
3060 2898 3257 2962 πάθοις
3277 2867 3478 2959 αὐτὸς,
3524 2893 3585 2947 δν
3617 2891 3714 2960 ire}

468 2984 727 3040 omnibus
752 2987 894 3053 aliis,
937 2991 1030 3043 sed
1072 2991 1418 3059 potissimum
1446 2993 1719 3062 exquisito
1761 2994 1905 3049 circa
1934 2995 2044 3064 pie-

2158 3001 2322 3052 πᾶσιν
2357 2999 2537 3060 ἄλλοις
2566 2998 2860 3066 εὐδαίμονα
2891 2995 2968 3066 τῷ
2994 2993 3107 3047 ὄντι
3129 2990 3354 3061 νομίζω,
3407 2988 3504 3042 καὶ
3532 2986 3600 3058 δὴ
3629 2986 3717 3038 καὶ

469 3086 636 3134 tatem
685 3081 907 3148 studio,
956 3092 1012 3137 et
1045 3093 1321 3138 rectorum
1372 3083 1687 3155 dogmatum
1737 3085 2047 3158 integritate

468 3185 600 3226 vere
633 3171 972 3228 fortunatum
1006 3187 1222 3246 reputo.
1259 3177 1322 3231 Et
1344 3178 1636 3248 diligenter
1667 3181 1873 3245 animo,
1927 3197 2048 3250 qua:

469 3263 539 3316 ab
571 3263 817 3334 utrisque
853 3266 1232 3333 producuntur
1257 3270 1558 3338 perpensis,
1597 3283 1828 3338 sequere
1865 3272 2048 3340 potius

469 3370 567 3410 eos
603 3357 697 3425 qui
738 3359 950 3411 ratione
980 3374 1068 3413 res
1109 3360 1440 3427 tbeologicas
1481 3371 1848 3430 pertractant,
1887 3379 2046 3432 quam

471 3448 758 3517 imperitos
786 3449 1055 3518 improbe,
1089 3451 1180 3518 qui
1214 3451 1418 3506 nullam
1451 3453 1535 3507 sui
1581 3454 1709 3508 dicti
1754 3455 2047 3521 rationem,

470 3556 592 3610 quae
619 3542 820 3594 rationi
866 3541 966 3609 ipsi
996 3556 1304 3597 consonans
1351 3545 1443 3607 sit,
1478 3544 1778 3608 adducunt,
1813 3555 1864 3601 et
1904 3547 2052 3618 judi-

472 3637 618 3690 cium
652 3636 837 3704 potius
867 3635 1057 3700 vitant,
1095 3648 1150 3693 et
1185 3638 1470 3694 veritatem
1539 3640 1826 3704 occulunt,
1861 3652 1916 3694 et
1948 3657 2047 3694 na-

472 3729 678 3782 tionem
725 3727 1040 3783 Graecorum
1073 3739 1185 3784 tum
1218 3730 1413 3795 factis,
1465 3739 1578 3784 tum
1632 3730 1796 3786 dictis
1848 3731 2047 3785 misere

473 3819 730 3887 perdunt.
763 3820 893 3874 Erat
921 3821 1137 3877 animus
1183 3822 1322 3878 hanc
1352 3823 1654 3878 orationem
1694 3823 2046 3891 prolixiorem

472 3911 658 3978 edere,
683 3921 741 3969 et
766 3913 833 3968 de
851 3915 1044 3970 iisdem
1076 3917 1252 3970 multo
1265 3917 1418 3986 plura
1435 3918 1788 3983 concinnare,
1814 3917 1908 3972 sed
1935 3917 2049 3971 haec

473 4009 529 4062 in
561 4009 854 4077 praesentia
894 4010 1027 4062 satis
1052 4024 1172 4063 esse
1202 4010 1329 4064 duxi
1365 4021 1469 4064 tuae
1518 4011 1895 4066 examinatrict
1931 4013 2049 4064 ani-

474 4115 596 4165 mae,
649 4116 770 4167 quae
815 4115 879 4153 ex
930 4100 1275 4168 paucissimis
1339 4103 1512 4156 multo
1567 4103 1724 4171 plura
1773 4103 2047 4173 conjicere

473 4199 636 4255 atque
697 4190 1117 4258 apprehendere
1166 4192 1330 4246 valet.
1377 4191 1644 4248 Secuturo
1693 4197 2045 4263 postmodum

476 4291 742 4349 tempore,
789 4282 835 4337 si
889 4284 1174 4349 annueris,
1229 4285 1475 4340 latiorem
1528 4286 1596 4341 de
1649 4288 1814 4342 rebus
1846 4289 2045 4342 divinis

2159 3093 2225 3162 τῇ
2293 3091 2424 3159 περὶ
2500 3089 2601 3159 τὴν
2658 3089 2949 3142 εὐσέϐειαν
3003 3083 3265 3156 ἀκριϐείᾳ
3343 3082 3439 3134 καὶ⁵
3497 3081 3562 3148 τῇ
3617 3076 3718 3129 τῶν

2154 3185 2334 3254 ὀρθῶν
2404 3183 2692 3253 δογμάτων
2771 3166 3046 3251 ὀρθότητι.
3103 3175 3246 3230 Ἀλλ’
3271 3173 3576 3242 ἐπιστήσας
3631 3169 3720 3222 σὺν

2155 3276 2413 3345 ἀκριϐείᾳ
2489 3275 2604 3336 τοῖς
2674 3273 2986 3343 λεγομένοις
3074 3267 3134 3332 ἐξ
3199 3265 3527 3336 ἑκατέρων,
3591 3261 3719 3314 ἕπου

2154 3370 2265 3427 τοῖς
2323 3366 2804 3434 θεολογικωτέροις
2854 3362 3058 3432 μᾶλλον
3149 3359 3248 3412 σὺν
3307 3358 3457 3425 λόγῳ
3515 3354 3550 3424 ἢ
3616 3354 3721 3413 τοῖς

2155 3456 2545 3527 ἀμαθέσιισὺν
2599 3454 2861 3524 ἁμιθείᾳ,
2927 3453 3090 3520 λόγον
3181 3449 3283 3520 μὲν
3342 3447 3538 3500 οὐδένα
3597 3445 3721 3498 ἁπο-

2156 3551 2411 3613 διδοῦσιν,
2449 3549 2506 3612 ὃς
2529 3549 2596 3602 ἂν
2629 3548 2722 3602 καὶ
2749 3545 2972 3614 εὔλογος
3013 3543 3323 3612 νομισθείη,
3375 3534 3720 3609 φυγοδικοῦσι

2155 3645 2214 3698 δὲ
2251 3643 2470 3714 μᾶλλον,
2497 3642 2593 3694 καὶ
2613 3641 2710 3710 τὴν
2735 3639 2996 3710 ἀλήθειαν
3033 3635 3497 3704 ξυγκαλύπτουσι,
3535 3628 3626 3682 καὶ
3663 3626 3717 3678 τὸ

2157 3741 2264 3791 τῶν
2310 3738 2579 3806 Ἑλλήνων
2611 3738 2768 3803 γένος
2795 3731 2880 3796 οἷς
2937 3729 3241 3802 πράττουσί
3273 3743 3331 3778 τε
3377 3725 3475 3778 καὶ
3509 3722 3718 3788 λέγουσι

2156 3829 2582 3900 διαφθείρουσιν.
2642 3827 2976 3896 Ἐϐουλόμην
3015 3823 3107 3876 τὸν
3126 3820 3372 3891 παρόντα
3420 3816 3582 3882 λόγον
3639 3813 3719 3863 ὲκ-

2155 3921 2371 3986 τείνειν,
2405 3921 2500 3973 καὶ
2548 3919 2720 3971 πλείω
2763 3934 2844 3970 σοι
2899 3915 3132 3984 γράφειν
3193 3911 3303 3965 τῶν
3351 3907 3532 3962 αὐτῶν
3589 3903 3708 3972 πέρι

2154 4014 2538 4086 λαμπροόταταο
2604 4011 2721 4064 ἀλλ’
2745 4011 2933 4080 ἀρκεῖν
2985 4007 3211 4075 ἐνόμισα
3255 4001 3434 4056 ταῦτα
3491 3997 3606 4052 νυνὶ
3656 3994 3716 4064 τῇ

2156 4107 2478 4175 ὲξεταστικῇ
2513 4121 2606 4156 σου
2637 4103 2804 4172 ψυχῇ,
2825 4100 2882 4166 ἐξ
2905 4099 3103 4164 ὀλίγων
3129 4096 3269 4162 ἄγαν
3302 4091 3374 4145 τὰ
3390 4089 3563 4144 πλείω
3587 4087 3718 4153 ξυνι-

2154 4197 2264 4250 δεῖν
2301 4197 2596 4267 δυναμένῃ.
2642 4195 2730 4247 Ἑν
2757 4194 2812 4246 δὲ
2846 4191 2924 4262 τῷ
2953 4189 3092 4262 μετὰ
3115 4186 3289 4241 ταῦτα
3321 4184 3506 4255 χρόνῳ
3554 4179 3718 4242 διεξο-

2155 4288 2475 4357 δικώτερον,
2503 4290 2550 4339 εἰ
2588 4288 2651 4340 σὺ
2690 4284 2959 4346 κελεύοις,
3016 4279 3443 4347 θεολογήσομεν,
3505 4269 3717 4347 ἀκριϐἑο

407 4426 418 4437 ,
473 4388 785 4430 sermonem
827 4376 1172 4444 habebimus,
1205 4381 1515 4435 accuratius
1551 4381 1887 4449 theologicas
1922 4397 2043 4436 sen-

2160 4399 2352 4452 στερον
2375 4383 2444 4433 τὰ
2496 4381 2594 4449 τῆς
2645 4377 2929 4444 θεολογίας
2987 4372 3400 4443 διεξερχόμενοι
3460 4367 3712 4434 δόγματι.

474 4466 675 4520 tentias
723 4479 1090 4524 recensentes.
1147 4471 1259 4526 Mos
1309 4472 1580 4541 siquidem
1634 4488 1862 4542 prorsus
1917 4474 2049 4539 tibi,

472 4559 641 4615 veluti
672 4561 861 4630 patriae
915 4571 969 4616 et
1023 4565 1260 4618 nationis
1295 4566 1534 4620 curatori
1572 4567 1844 4636 gerendus
1874 4577 1978 4621 est.

509 4689 620 4709 α’..-

621 4697 922 4708 ——-___.

554 4775 872 4836 JOANNIS
954 4778 1445 4840 ARGYROPULI
1513 4781 1875 4850 EPISTOLA
1936 4780 2040 4840 AD
2113 4779 2572 4840 DOMINICUM
2635 4777 3082 4853 ROBOREUM,
3141 4771 3646 4838 CARDINALEM

2161 4473 2253 4524 Δεῖ
2299 4473 2408 4541 γάρ
2439 4489 2522 4524 σοι
2553 4469 2839 4524 πείθεσθαι
2881 4467 3121 4532 πάντως,
3153 4463 3411 4532 καθάπερ
3443 4457 3613 4528 πατρὶ
3635 4454 3717 4510 καὶ

2161 4562 2419 4632 κηδεμόνι
2435 4552 2544 4647 ⁸θεοῦ
2573 4561 2789 4629 γένους.

3493 4693 3698 4706 .—

1821 4883 2401 4944 TAURINENSEM.

551 5005 605 5057 lu
649 5005 838 5081 codice
894 5010 1222 5065 Taurincnsi
1268 5013 1379 5066 455
1410 5013 1614 5081 (Pasini
1667 5013 1794 5067 Cod.
1843 5012 2058 5065 Tauriu.
2105 5026 2159 5079 p.
2203 5011 2326 5077 102)
2357 5011 2593 5064 habetur
2628 5011 2927 5066 Aristotelis
2976 5025 3106 5080 opus
3140 5007 3422 5081 deanimq
3458 5023 3492 5058 a
3522 5003 3712 5058 Joanne

478 5077 808 5158 Argyrnopylo
841 5081 1212 5134 emendatione
1244 5076 1433 5136 ultime
1469 5083 1763 5151 elegantius
1810 5099 1975 5135 causa
2018 5076 2280 5158 Dontim'ri
2317 5083 2539 5158 Roborei
2575 5081 2872 5158 ca_rdina_l_is
2907 5076 3252 5158 Tatii-ineas“
3288 5076 3617 5158 traductum.

550 5145 617 5224 ln_
637 5146 816 5198 fronte
846 5148 1016 5226 totius
1047 5152 1228 5226 cperis
1259 5145 1668 5222 elegantissima
1697 5153 1929 5205 babctur
1961 5154 2282 5226 Argyropyli
2319 5154 2550 5226 epistola
2581 5153 2646 5205 ad
2684 5152 3017 5226 cardinalcm
3051 5149 3390 5226 Roboreutn,
3422 5148 3581 5226 cujus
3607 5158 3714 5226 ετξ·

483 5216 555 5268 tia
607 5215 1127 5290 interpretationem
1156 5219 1298 5290 banc
1344 5215 1746 5276 accuratiorem
1783 5215 2121 5290 susceperat.
2172 5215 2443 5289 integram
2480 5223 2568 5275 hic
2614 5222 2886 5287 subjicere
2927 5237 3034 5274 non
3076 5219 3267 5274 inutile
3307 5215 3503 5277 fuerit,
3545 5223 3712 5286 utpote

483 5301 604 5353 quae
635 5283 933 5338 cardinalis
974 5287 1275 5344 mirabilem
1305 5307 1433 5362 erga
1475 5294 1684 5348 litteras
1715 5305 1769 5348 et
1813 5283 2071 5348 scientias
2100 5283 2522 5359 propensionem
2565 5283 2935 5346 commendet.

549 5501 792 5555 Joannes
836 5501 1202 5577 Argyropyl‘us
1254 5507 1535 5564 Dominico
1585 5509 1842 5564 Roboreo
1871 5511 2052 5564 cardi—

482 5593 588 5644 nali
619 5592 943 5648 Taurinensi
987 5597 1217 5651 salutem
1249 5609 1680 5667 perpetuamque
1706 5602 2046 5656 felicitatem.

552 5682 704 5739 Meus
729 5699 861 5755 erga
895 5695 945 5741 te
980 5703 1132 5741 amor
1169 5704 1491 5756 summaque
1523 5689 1925 5755 benevolentia,
1959 5693 2052 5745 Sa-

484 5777 824 5841 pientissime
862 5782 1051 5848 Pater,
1093 5784 1147 5838 id
1202 5797 1363 5851 agere
1408 5798 1492 5838 me
1539 5783 1745 5853 Optimo
1791 5800 1890 5840 suo
1932 5790 2050 5856 jute

2159 5514 2648 5584 compellitzquod
2690 5515 2742 5568 ni
2786 5515 3041 5578 facerem,
3075 5527 3236 5566 nemo
3275 5511 3442 5565 homo
3475 5509 3712 5564 nimirum

2160 5618 2332 5670 esset,
2363 5607 2456 5676 qui
2518 5625 2626 5662 non
2663 5622 2841 5662 meum
2891 5621 2977 5660 me
3021 5619 3223 5659 munus
3259 5604 3603 5673 ofﬁciumque
3632 5611 3713 5655 aut

2165 5697 2412 5766 ignorare
2442 5710 2535 5753 aut
2562 5702 2833 5777 negligere
2860 5700 3299 5768 postltabcrcque
3323 5705 3554 5768 putaret,
3595 5708 3716 5764 quo-

2161 5803 2282 5841 rum
2313 5801 2603 5862 utruu'tque
2629 5791 3025 5860 turpitudinem
3051 5807 3160 5846 non
3183 5791 3517 5847 medioerem
3538 5801 3642 5859 prir-
3663 5799 3712 5840 se
