3904 6222
181 279 309 347 1039

946 284 1185 349 EPIST.
1229 287 1332 349 AD
1372 288 1552 354 DOM.
1590 290 2049 371 ROBOREUM,
2076 301 2293 364 CABD.
2326 303 2645 367 TAURIN.

3293 302 3430 370 1010

172 398 312 452 ferre
342 405 502 490 nemo
535 400 620 449 est
652 394 748 465 qui
784 396 1016 468 ignoret.
1058 402 1194 477 Nam
1229 404 1359 475 quid
1411 420 1565 463 amor
1611 407 1743 464 aer-
1774 418 1818 473 Α
1852 424 1996 469 recta
2052 417 2280 473 minime
2336 418 2452 473 fieri
2503 426 2705 490 potest.
2738 416 3005 485 Quocirca
3042 430 3145 473 nec
3197 416 3251 472 id
3296 431 3427 472 sane

176 494 319 550 ctat,
350 482 479 555 quid
529 485 912 544 benevolentia
957 490 1190 563 ﬂagitat,
1219 496 1473 567 ignorare
1516 499 1746 554 nimium

175 578 388 635 hebetis
422 592 576 645 sane,
612 579 845 635 nimium
880 584 1131 641 vecordis
1176 587 1414 642 hominis
1448 604 1570 645 esse
1616 606 1750 646 eon-

177 678 298 726 stat.
328 668 395 723 Et
424 668 477 722 id
502 671 646 739 quod
692 673 1090 732 benevolentia:
1120 680 1258 733 ratio
1282 681 1548 750 postulat,
1603 685 1752 754 quod

181 775 209 816 e
239 759 556 829 praecordiis
586 763 794 817 amoris
817 766 1051 838 emergit
1080 771 1360 840 negligere
1395 773 1753 842 posthabere-

181 865 281 919 que
306 850 425 918 ejus
450 862 535 905 est
565 850 837 921 profecto,
893 858 979 912 cui
1024 873 1112 913 res
1142 860 1332 915 eadem
1368 863 1547 932 placet
1588 873 1753 933 atque

178 955 279 995 non
337 940 544 1009 placet,
581 944 792 1014 quique
831 949 1089 1005 maximis
1124 952 1178 1006 in
1229 954 1393 1009 rebus
1433 954 1757 1010 honestissi-

140 1032 383 1102 .misque
436 1043 629 1104 suapte
686 1048 882 1106 sponte
926 1041 1221 1114 delinquit.
1285 1045 1494 1102 Omitto
1553 1056 1756 1103 mutuae

180 1121 568 1177 benevolentia:
606 1128 893 1197 mutuique
938 1134 1145 1188 amoris
1178 1136 1373 1192 merita
1401 1136 1632 1207 juraque
1666 1153 1756 1193 re—

178 1214 315 1270 ferre
343 1232 358 1271 :
384 1217 587 1285 quibus
635 1220 680 1275 si
732 1222 1005 1292 quispiam
1060 1227 1245 1296 quoad
1275 1230 1424 1283 vires
1452 1240 1755 1300 suppetunt

179 1309 319 1366 haud
378 1313 734 1383 respondeat,
764 1316 1179 1386 ingratitudinis
1204 1320 1475 1376 obnoxius
1498 1321 1759 1392 iniquita-

178 1403 309 1458 tisve
334 1404 555 1459 crimini
585 1422 693 1460 non
728 1407 925 1479 injuria
971 1410 1138 1466 fuerit
1168 1429 1182 1466 :
1216 1428 1245 1466 a
1276 1413 1476 1483 quibus
1516 1413 1755 1469 humana

177 1496 419 1565 probitas
474 1499 811 1571 ingenuique
851 1517 1033 1558 mores
1073 1505 1419 1573 potissimum
1454 1507 1756 1562 abhorrere

176 1585 445 1642 videntur.
477 1589 558 1645 Tu
580 1591 707 1646 vita:
730 1593 897 1648 talem
923 1603 1110 1650 tenere
1138 1598 1508 1665 pulcherrime
1533 1614 1754 1654 cursum

177 1680 482 1749 instituisti,
536 1693 598 1739 ut
622 1685 940 1744 domesticis
968 1689 1133 1745 rebus
1161 1690 1592 1747 familiaribusve
1617 1693 1756 1748 bene

175 1770 429 1849 lauteque
466 1773 751 1844 dispositis
794 1780 992 1847 partim
1038 1781 1365 1849 amplissimi
1402 1783 1756 1851 magistratus
1783 1764 1831 1824 Β

177 1861 349 1918 officio
380 1880 721 1936 manereque
749 1869 967 1925 caeteris
988 1871 1311 1927 hominibus
1331 1875 1481 1928 vivas
1516 1890 1533 1927 :
1558 1874 1754 1943 partim

178 1955 231 2009 in
256 1957 566 2012 litterarum
610 1960 708 2016 tibi
750 1963 949 2017 studiis
982 1962 1361 2039 doctrinisque
1397 1967 1756 2024 nobilissimis

176 2049 503 2115 satisfacias,
557 2062 849 2124 utramque
897 2072 1170 2112 summam
1220 2059 1442 2115 vivendi
1484 2045 1755 2115 rationem

176 2143 511 2212 complexus.
544 2144 599 2198 ln
637 2161 744 2216 qua
784 2147 882 2201 tibi
924 2164 1012 2203 me
1056 2162 1275 2219 qu0que
1302 2152 1556 2206 comitem
1593 2163 1757 2220 atque

177 2234 377 2289 socium
409 2237 657 2291 ascivisti
686 2255 699 2291 :
732 2253 840 2293 non
875 2240 1082 2296 inscius
1104 2242 1285 2296 studia
1313 2244 1513 2312 quibus
1545 2247 1756 2301 incum-

176 2327 350 2384 bimus
386 2331 721 2400 expeditius,
745 2334 995 2389 exactius
1028 2334 1132 2388 hoc
1158 2346 1317 2405 pacto
1346 2338 1611 2393 meliusve
1635 2341 1753 2394 fieri

179 2435 355 2489 posse.
404 2422 524 2493 Ego
560 2423 653 2493 qui
708 2440 797 2480 res
852 2441 1046 2481 omnes
1081 2426 1371 2496 humanas,
1398 2431 1606 2499 optimo
1649 2432 1755 2487 fine

176 2514 401 2583 sublato,
436 2531 609 2570 vanas
655 2531 776 2571 esse
854 2518 1016 2572 nihili
1068 2518 1493 2590 pendendasque
1537 2538 1757 2593 semper

179 2608 354 2675 putavi
387 2626 399 2661 :
441 2609 606 2678 cujus
652 2608 742 2661 illa
774 2610 1047 2665 sententia
1080 2622 1348 2682 perpetua
1396 2613 1498 2668 fuit
1534 2615 1756 2669 :homi-

177 2717 294 2757 nem
336 2705 633 2774 utriusque
675 2705 801 2759 vitae
848 2707 1120 2762 rationem
1157 2710 1503 2778 complexum
1538 2713 1756 2768 :oculis

176 2797 415 2866 utrisque
482 2797 713 2868 prazdito
750 2798 968 2868 corpori
1003 2814 1016 2851 :
1050 2810 1327 2855 carentem
1370 2802 1538 2857 altera
1576 2803 1749 2869 lusco,

176 2890 556 2955 praestantiore
612 2891 808 2946 dextro
848 2901 1072 2962 aspectu
1128 2910 1142 2947 :
1178 2892 1438 2947 inferiore
1476 2894 1700 2949 sinistro
1736 2911 1751 2949 :

179 2992 455 3050 expertem
491 2985 779 3053 utriusque
812 2999 956 3039 caeco
992 2985 1215 3053 penitus
1247 2987 1583 3056 persimilem
1611 3003 1751 3042 esse.
1786 3006 1791 3011 ν

1853 508 2239 579 negligendum
2274 525 2396 566 esse
2425 511 2611 567 censui
2648 530 2661 567 ε
2693 511 2837 581 quod
2869 509 3089 580 quidem
3129 508 3275 563 haud
3315 524 3428 562 me-

1855 600 2119 657 diocriter
2150 602 2269 656 sine
2305 601 2475 656 dubio
2503 603 2665 657 nobis
2703 602 2950 657 conferet
2979 602 3046 656 ad
3080 600 3136 655 id
3169 601 3234 654 ad
3280 598 3429 669 quod

1856 692 2081 747 tendere
2107 692 2479 762 maximopere
2508 692 2781 762 cupimus.
2814 692 3141 757 Aristotelis,
3176 691 3424 759 inquam,

1856 782 2007 837 illius
2037 784 2211 838 nostri
2258 783 2699 853 praestantissimi
2756 781 3434 853 pbilosophi‘summique

1856 874 2084 928 artificis
2108 889 2275 943 opera
2301 875 2569 930 nonnulla
2596 875 2869 929 bonorum
2901 876 3145 930 omnium
3173 874 3286 929 sola
3310 887 3435 927 meo

1850 963 2060 1033 judicio
2107 965 2302 1027 fontes.
2340 967 2487 1022 unde
2546 967 2675 1022 finis
2706 966 2982 1020 humanus
3023 974 3263 1028 emanat,
3323 965 3436 1019 ele-

1856 1056 2075 1127 gantius
2124 1074 2271 1113 nunc
2324 1060 2611 1114 traducere
2668 1057 2881 1128 tibique
2936 1057 3136 1112 offerre
3184 1056 3305 1110 :ab
3365 1071 3433 1110 eo

1857 1150 2204 1219 potissimum
2254 1150 2413 1205 initio
2448 1161 2692 1222 sumpto,
2753 1165 2864 1220 quo
2896 1149 3126 1205 scientia
3161 1148 3229 1203 de
3258 1147 3439 1202 anima

1860 1241 2115 1297 traditur.
2145 1241 2263 1308 Qua
2290 1243 2453 1313 plane
2485 1258 2596 1298 non
2630 1242 2798 1298 modo
2825 1250 3153 1297 caaterorum
3190 1240 3438 1293 omnium

1858 1333 2243 1398 animantium,
2319 1334 2414 1388 sed
2463 1342 2709 1395 nostrum
2760 1333 2927 1388 etiam
2959 1329 3307 1387 exactissime
3348 1343 3447 1383 na-

1860 1432 2059 1490 turam,
2122 1424 2482 1494 humanaeque
2532 1422 2814 1480 felicitatis
2875 1421 3170 1491 originem,
3225 1433 3445 1485 causas,

1859 1515 2133 1585 principia
2184 1515 2476 1585 fontesque
2524 1514 2812 1585 percipere
2862 1525 3179 1583 possumus.
3213 1510 3352 1564 Nam
3385 1518 3448 1565 ut

1860 1615 1913 1661 te
1954 1622 2063 1660 non
2099 1607 2364 1675 prwterit,
2400 1618 2696 1674 utrumque
2743 1620 2889 1659 cura:
2948 1618 3056 1657 non
3097 1600 3302 1671 injuria
3347 1612 3448 1653 no-

1862 1696 1947 1751 bis
1974 1712 2095 1752 esse
2127 1713 2143 1751 :
2175 1712 2277 1753 nos
2322 1697 2434 1767 jam
2476 1698 2567 1751 diu
2601 1695 2898 1751 statuimus
2947 1711 2961 1747 :
3000 1707 3186 1749 rerum
3221 1691 3445 1760 inquam

1859 1790 2111 1845 notitiam
2163 1810 2176 1845 :
2224 1798 2333 1844 tam
2384 1804 2577 1843 earum
2632 1803 2755 1858 quae
2801 1785 3011 1842 nullius
3058 1793 3225 1854 egent
3262 1796 3448 1852 operae

1860 1891 2063 1939 ηοειηε
2108 1900 2122 1937 ζ
2164 1898 2329 1951 quam
2382 1894 2575 1935 earum
2611 1894 2848 1950 quarum
2892 1892 2995 1933 l'IOS
3047 1884 3302 1931 auctores
3352 1888 3445 1928 Sll-

1859 1990 1982 2029 mus
2012 1993 2025 2027 :
2050 1989 2283 2044 qumque
2306 1973 2406 2029 sub
2431 1980 2705 2041 potestate
2737 1979 2932 2025 nostra
2958 1976 3090 2025 sunt
3119 1968 3397 2023 collocatae
3425 1980 3441 2018 :

1859 2077 1916 2123 et
1939 2068 2269 2138 elegantiam
2296 2066 2500 2136 lingua:
2530 2084 2545 2121 :
2579 2064 2799 2121 dicendi
2825 2065 3096 2119 rationem
3127 2079 3141 2115 :
3169 2060 3443 2116 delectum

1858 2160 2155 2214 verborum
2187 2178 2201 2213 :
2235 2162 2519 2225 ornatum,
2558 2164 2907 2214 venustatem
2948 2170 3013 2211 ac
3041 2154 3257 2224 copiam
3290 2170 3304 2206 :
3337 2165 3448 2220 quo

1862 2267 1956 2307 res
1986 2251 2392 2321 sententiaeque
2434 2240 2664 2306 dictioni
2702 2268 2716 2304 :
2750 2258 2805 2305 et
2840 2248 3009 2304 rebus
3050 2243 3450 2313 sententiisque

1859 2342 2030 2397 dictio
2064 2342 2135 2397 sit
2159 2342 2492 2404 conveniens
2521 2349 2684 2409 atque
2709 2339 3143 2403 accommodata,
3201 2336 3246 2391 si
3274 2333 3453 2390 sensis

1860 2436 2135 2490 orationes
2160 2451 2173 2489 :
2200 2450 2356 2491 sensa
2380 2434 2549 2489 rebus
2567 2431 3033 2489 accommodanda
3058 2431 3191 2492 sint,
3250 2435 3310 2480 ut
3336 2433 3451 2479 tum

1858 2528 2104 2596 ipsorum
2134 2527 2276 2582 ratio
2308 2536 2616 2597 naturaque
2646 2567 2660 2589 ,
2692 2533 2809 2580 tum
2834 2522 3113 2579 institutio
3140 2518 3453 2588 sapientum

1859 2618 2143 2673 hominum
2166 2619 2670 2690 expetit,elﬂagitat
2692 2626 2857 2687 atque
2876 2614 3144 2686 exposcit.
3164 2612 3283 2668 Non
3309 2610 3455 2665 enim

1859 2712 1896 2766 ii
1930 2712 2094 2767 nobis
2153 2722 2212 2765 ut
2245 2712 2588 2782 exemplaria
2643 2710 2757 2766 siut
2798 2705 3143 2779 proponendi
3192 2703 3330 2772 :qui
3374 2700 3457 2755 vel

1859 2808 2059 2856 ornatu
2092 2801 2392 2856 verborum
2450 2808 2683 2854 utuntur
2716 2799 2837 2853 sine
2871 2798 3065 2851 notitia
3099 2808 3283 2848 rerum
3325 2808 3338 2844 :
3370 2788 3455 2843 vel

1858 2894 2090 2949 scientia
2121 2893 2335 2963 praediti
2365 2900 2512 2959 sunt,
2565 2891 2685 2945 sine
2728 2889 2924 2959 peritia
2954 2885 3184 2942 rationis
3211 2879 3453 2937 dicendi-

1859 2985 2095 3055 Insignis
2150 2984 2397 3053 profecto
2446 2980 2806 3051 turpitudinis
2860 2985 2944 3033 est
2996 2980 3452 3043 utrumque,tam

176 3070 270 3126 Cui
313 3075 509 3145 religio
545 3074 886 3130 sanctissima
932 3084 1142 3140 nostra,
1180 3078 1341 3133 nobis
1387 3078 1568 3133 oblata
1617 3080 1752 3134 divi-
1790 3103 1834 3161 ο
1865 3093 2006 3132 vane
2041 3092 2205 3146 quam
2267 3089 2435 3146 prave
2476 3073 2650 3142 loqui,
2702 3084 3031 3161 quanquam,
3069 3067 3326 3161 alterum,
3370 3061 3457 3115 νει

179 3166 343 3235 nitus,
398 3168 512 3223 hac
557 3183 776 3237 quoque
814 3169 1025 3225 ratione
1070 3169 1217 3239 quod
1265 3179 1590 3239 perornatus
1634 3188 1765 3242 per-

180 3256 472 3330 fectosque
542 3261 796 3316 homines
853 3273 1088 3331 utroque
1153 3263 1375 3318 vivendi
1435 3264 1601 3320 modo
1651 3267 1768 3321 suis

185 3351 578 3420 pulcherrimis
605 3354 821 3424 legibus
849 3353 1231 3425 institutisque
1267 3356 1498 3411 reddere
1534 3368 1640 3411 tam
1676 3374 1771 3413 na-

183 3450 316 3498 tura:
349 3461 518 3515 quam
563 3444 757 3515 Opiﬁci
784 3461 887 3501 suo
945 3457 1198 3514 conatur,
1260 3448 1619 3504 vehementer
1658 3451 1772 3520 pla-

185 3544 271 3591 cet
306 3553 320 3592 :
354 3553 523 3607 quem
563 3537 803 3608 denique
833 3549 1033 3610 praeter
1062 3540 1401 3597 honestatem
1431 3544 1658 3597 omnino
1686 3559 1772 3598 sa-

183 3628 435 3700 pientiast]
447 3645 513 3684 ue
535 3630 712 3685 studia
736 3631 871 3686 nihil
895 3632 1132 3687 delectat
1158 3651 1171 3686 :
1196 3635 1327 3703 quid
1349 3648 1475 3704 erga
1495 3643 1545 3689 te
1573 3635 1768 3692 faciam

185 3735 366 3790 quaeso
392 3722 528 3793 quid
549 3739 703 3793 agam
732 3739 745 3777 :
779 3724 924 3792 quod
946 3724 1014 3778 ad
1045 3733 1309 3794 utrosque
1330 3741 1430 3782 nos
1459 3742 1771 3781 accommo-

186 3810 533 3868 datissimum
560 3813 728 3867 fuerit
758 3830 772 3867 :
807 3822 920 3868 tum
962 3816 1226 3882 instante,
1269 3826 1494 3886 urgente
1525 3815 1769 3886 compel—

183 3899 449 3972 lenthue
476 3919 664 3959 amore
703 3921 715 3958 :
756 3916 867 3958 tum
897 3905 1153 3959 instituto
1184 3906 1311 3960 vita:
1344 3906 1575 3975 perinde
1606 3915 1771 3976 atque

184 4002 378 4046 natura
447 4006 725 4059 movente,
756 4005 811 4047 et
845 3995 1016 4048 veluti
1068 4006 1221 4049 recta
1266 3996 1477 4049 ratione
1521 3995 1769 4064 jubente.

185 4081 377 4141 Nonne
414 4087 467 4140 id
519 4102 681 4140 omne
723 4086 869 4155 quod
903 4086 1126 4143 affectas
1165 4089 1326 4143 modo
1353 4088 1511 4143 nobis
1543 4088 1773 4145 facultas

189 4176 331 4232 adsit
370 4197 383 4233 :
414 4188 475 4233 ut
509 4194 618 4233 non
678 4179 846 4248 inepti
874 4180 1174 4240 videamur.
1207 4198 1315 4235 non
1346 4180 1517 4253 ignari
1557 4183 1776 4252 penitus

184 4269 439 4335 rationis,
473 4269 577 4323 alia
616 4270 824 4340 quaevis
875 4269 1173 4325 offerentes
1228 4288 1334 4327 non
1369 4289 1434 4328 ea
1466 4274 1669 4343 quibus
1692 4284 1775 4329 est

186 4375 345 4430 opus.
372 4361 569 4416 Nonne
601 4362 655 4415 id
691 4377 854 4417 omne
880 4361 1025 4430 quod
1074 4363 1140 4417 ad
1173 4374 1487 4432 exoptatum
1536 4364 1775 4419 hominis

188 4453 351 4508 finem
398 4455 559 4510 facile
587 4455 1037 4524 consequendum
1068 4456 1165 4511 tibi
1194 4458 1503 4513 conducere
1548 4468 1725 4529 potest
1758 4476 1772 4513 :
1809 4448 1851 4502 Ῑ)

187 4546 252 4599 ad
296 4563 464 4616 quem
511 4547 624 4614 jam
671 4548 786 4617 ipse
834 4556 947 4602 toto
991 4550 1175 4603 studio
1222 4561 1533 4621 conatuque
1573 4555 1774 4623 pergis.

187 4633 527 4693 Succurrere
569 4654 733 4709 porro
775 4639 960 4709 quoad
1011 4640 1156 4694 vires
1191 4640 1321 4692 mihi
1375 4643 1775 4710 Sllppt‘dllﬂﬂl:

186 4731 627 4798 praeclarissimis
670 4746 735 4786 ac
767 4730 1177 4803 honestissimis
1228 4732 1334 4785 tuis
1363 4734 1562 4788 studiis
1595 4752 1609 4787 :
1648 4752 1779 4806 ope-

189 4837 423 4892 ramque
460 4823 560 4879 tibi
594 4824 725 4878 dare
752 4806 1097 4891 frequentem
1150 4840 1164 4878 :
1209 4825 1424 4879 caeteris
1474 4827 1639 4881 rebus
1679 4844 1779 4881 nc-

193 4913 578 4985 gleetisatque
603 4916 934 4983 posthabitis
960 4932 973 4967 :
1001 4931 1180 4985 opera:
1207 4918 1439 4985 pretium
1463 4934 1581 4972 esse
1607 4919 1737 4973 duxi
1764 4939 1777 4973 :

189 5016 360 5074 atque
404 5006 501 5061 tibi
544 5007 663 5061 vias
712 5008 1026 5075 itineraque
1082 5008 1284 5075 quibus
1341 5009 1405 5061 ad
1457 5009 1777 5063 felicitatem

190 5097 492 5152 humanam
527 5100 1031 5167 beatitudinemque
1056 5112 1201 5153 recta
1232 5102 1501 5169 pergitur,
1549 5101 1782 5156 demon—

193 5191 427 5245 stranda
450 5206 571 5245 esse
600 5194 810 5260 putavi.
840 5191 1048 5245 Tecum
1075 5208 1183 5245 una
1220 5194 1348 5245 mihi
1374 5193 1634 5262 legendos
1658 5209 1780 5249 esse

197 5283 507 5352 scriptores
569 5292 625 5337 ct
662 5294 915 5337 auctores
968 5282 1236 5340 bonarum
1282 5286 1484 5339 artium
1527 5287 1781 5355 pervolu-

193 5374 512 5443 tandosque
545 5374 757 5428 censui.
792 5376 1138 5429 Evocandam
1180 5376 1235 5429 in
1278 5377 1450 5431 lucem
1490 5392 1613 5432 esse
1636 5379 1779 5433 veri-

193 5475 368 5520 tatem
414 5468 469 5520 in
512 5468 616 5523 illis
658 5468 928 5521 inclusam
974 5483 1193 5522 omnem
1231 5470 1563 5526 existimavi.
1600 5472 1782 5527 Disse‘

196 5558 358 5612 rendi
404 5558 641 5629 denique
676 5560 951 5615 facultatis
991 5561 1256 5616 formulas
1300 5579 1363 5617 ac
1412 5564 1655 5621 rationes
1687 5567 1782 5621 (le-

199 5651 527 5717 gustandas,
585 5654 725 5706 haud
780 5654 1185 5719 posthabcndas
1241 5670 1363 5709 esse
1428 5657 1772 5725 dijudicavi:

202 5741 327 5796 sine
397 5746 597 5812 quibus
660 5747 1001 5816 investigatio
1066 5749 1313 5805 veritatis
1382 5751 1769 5820 perceptioque

1874 3171 2209 3241 impotentiae
2261 3168 2406 3223 forte
2457 3166 2699 3229 fortuna,
2747 3164 2831 3217 vel
2884 3157 3144 3231 segnitiei
3190 3154 3454 3209 ratione:

1872 3264 2176 3320 secundum
2219 3261 2401 3332 potius
2456 3267 2544 3315 est
2591 3255 2992 3327 expetendum.
3042 3249 3458 3321 Conjungamus

1872 3373 1973 3411 nos
1999 3371 2061 3410 ea
2094 3371 2214 3425 qua:
2244 3350 2624 3425 conjungenda
2656 3353 2883 3405 omnino
2918 3354 3068 3409 sunt,
3103 3357 3212 3396 non
3244 3355 3309 3394 ea
3338 3352 3459 3407 quae

1873 3450 1993 3504 sine
2029 3449 2298 3503 dedecore
2338 3462 2438 3501 suo
2483 3451 2669 3515 potest
2706 3454 2948 3510 unquam
2993 3435 3333 3507 conjungere
3365 3445 3459 3485 ne-

1875 3558 1986 3608 mo,
2021 3557 2085 3596 ac
2116 3540 2440 3611 sapientiam
2476 3537 2543 3591 ab
2571 3535 2865 3606 elegantia,
2911 3532 3100 3600 lepore
3148 3531 3461 3581 venustate-

1876 3651 1982 3705 que
2012 3633 2308 3688 verborum
2343 3628 2727 3697 orationisque
2777 3640 2886 3679 non
2920 3634 3267 3692 separemus.
3309 3616 3461 3671 llane

1875 3729 2039 3799 igitur
2068 3739 2292 3796 operam
2322 3724 2439 3793 ipse
2487 3737 2605 3777 mea
2649 3717 2920 3775 sententia
2951 3732 3061 3769 non
3083 3714 3457 3811 inhonestam,

1875 3836 1983 3875 non
2035 3818 2451 3880 inutilem,non
2504 3810 2881 3883 injucundam,
2939 3822 3046 3861 non
3102 3820 3131 3858 a
3179 3810 3459 3856 communi

1876 3919 2065 3965 nostro
2100 3906 2385 3979 proposito
2416 3922 2428 3959 :
2459 3920 2567 3959 non
2587 3918 2617 3957 a
2644 3910 2833 3956 mutua
2862 3909 3047 3954 nostra
3079 3893 3462 3993 benevolentia

1877 4002 2237 4057 dissidentem
2267 4003 2331 4053 ac
2370 3996 2771 4052 abhorrentem
2804 4010 2817 4046 :
2854 3990 3087 4045 dandam
3135 4002 3258 4043 esse
3303 3990 3460 4054 quasi

1876 4096 1997 4165 lege
2032 4092 2269 4163 quadam
2312 4090 2593 4145 assiduam
2645 4104 2675 4142 a
2712 4102 2801 4141 me
2857 4084 2955 4139 tibi
3008 4083 3464 4151 frequentemque

1877 4187 2095 4256 censui,
2128 4184 2295 4241 statui
2329 4182 2574 4244 deﬁnivi,
2606 4191 2772 4251 atque
2813 4179 2974 4241 adeo,
3008 4186 3068 4231 ut
3101 4173 3203 4228 nisi
3254 4179 3465 4225 natura:

1877 4280 2254 4346 necessitudo,
2298 4279 2447 4334 nulla
2487 4276 2573 4331 vis
2613 4290 2733 4331 eam
2792 4272 2951 4329 nobis
2981 4270 3225 4325 adimere
3265 4263 3463 4335 possit.

1878 4374 2011 4440 Quae
2038 4388 2162 4426 cum
2195 4371 2270 4425 ita
2297 4369 2432 4432 sint,
2464 4382 2602 4437 opus
2624 4364 2943 4420 Arismtelis
2967 4362 3034 4415 de
3068 4359 3269 4419 anima,
3294 4354 3465 4410 veluti
3492 4432 3501 4443 .

1883 4474 2084 4519 nostra:
2115 4462 2411 4533 quamdam
2444 4474 2623 4529 opera:
2667 4465 2904 4528 partem,
2936 4451 3244 4521 elegantius
3273 4448 3466 4501 ultima
3517 4512 3521 4517 ι

1885 4573 2033 4614 nunc
2064 4555 2446 4611 emendatione
2473 4551 2782 4607 limatiusve
2812 4561 2975 4601 causa
3011 4544 3089 4598 tui
3130 4541 3461 4603 traductum,

1884 4647 1964 4703 uti
2016 4645 2272 4701 materies
2332 4644 2462 4710 fert,
2521 4642 2775 4711 ratioque
2826 4636 3138 4709 praescrihit
3193 4636 3464 4701 interpre-

1886 4741 2032 4794 tandi
2067 4740 2198 4808 (non
2240 4739 2387 4795 enim
2420 4739 2474 4793 in
2505 4737 2705 4792 talibus
2750 4734 2967 4802 amplus
3010 4742 3237 4798 campus
3268 4738 3468 4777 conce-

1884 4833 2055 4901 ditur)
2092 4832 2301 4901 tibique
2333 4847 2361 4885 a
2409 4830 2571 4885 nobis
2613 4829 2879 4888 oblatum,
2920 4825 3100 4894 legere
3147 4819 3467 4890 aggrediare

1883 4927 2024 4980 bona
2062 4925 2299 4979 fortuna.
2338 4921 2578 4978 Habebis
2606 4930 2661 4976 et
2694 4936 2793 4975 nos
2822 4919 2875 4972 in
2909 4917 3013 4970 hoc
3042 4914 3205 4970 etiam
3234 4910 3490 4984 legendo~

1884 5017 2375 5087 percipiendoqne,
2409 5015 2670 5085 quoniam
2709 5013 2779 5066 ita
2815 5009 3091 5063 voluimus
3120 5022 3182 5061 ac
3223 5003 3467 5059 institui-

1884 5124 2025 5174 mus,
2062 5110 2309 5170 comites,
2342 5108 2621 5175 adjutores
2652 5120 2714 5159 ac
2749 5105 2937 5166 duces,
2980 5118 3086 5155 non
3121 5101 3304 5169 pigros
3336 5096 3463 5164 qui-

1885 5204 2029 5266 dem,
2056 5219 2164 5257 non
2186 5204 2415 5265 inertes,
2445 5216 2551 5254 non
2579 5214 2793 5269 segnes,
2818 5198 2911 5253 sed
2942 5197 3008 5251 ad
3037 5209 3253 5250 omnem
3284 5205 3464 5259 prom-

1883 5292 2162 5360 ptissimos
2203 5290 2551 5344 subeundum
2602 5289 2873 5351 laborem,
2932 5286 3142 5340 fructus
3211 5280 3367 5368 cujus
3417 5279 3465 5332 is

1883 5382 2309 5452 consequendus
2362 5391 2447 5436 est
2498 5383 2594 5435 tibi
2638 5382 2799 5446 linis,
2846 5380 2917 5432 ob
2957 5393 3119 5447 quem
3170 5382 3364 5426 natura
3411 5380 3464 5423 te

1883 5475 2230 5545 procreavit,
2278 5475 2574 5544 opifexque
2618 5489 2802 5527 rerum
2854 5472 2997 5524 Deus
3048 5476 3128 5520 tot
3187 5463 3462 5530 tantisque

1884 5568 2099 5621 viribus
2147 5567 2612 5639 facultatibusque
2664 5561 3075 5619 condecoravit.
3130 5556 3257 5612 Vale
3310 5555 3463 5623 plus-

1891 5676 2052 5729 quam
2086 5661 2373 5715 dimidium
2405 5663 2573 5716 animi
2612 5660 2741 5723 mei,
2778 5665 2835 5711 et
2885 5653 2979 5709 tibi
3018 5647 3290 5722 persuade
3323 5644 3462 5700 mihi

1886 5764 1935 5810 te
1971 5749 2578 5823 eharioremvnemiurm
2610 5768 2745 5806 esse.
