3904 6222
140 310 258 380 1013

1258 310 1686 371 REFUTATIO
1726 308 2237 369 ARGYROPULI.

3254 303 3395 368 1014

148 425 529 498 ὑφηγουμένοις
561 425 668 494 ιξω
690 427 783 484 τοῦ
812 426 974 499 ὀρθοῦ
1008 429 1357 498 φρονήματος
1386 428 1691 497 εὑρεθείην,
1740 433 1790 489 Α
1818 430 1955 484 ἀλλὰ
1980 431 2075 483 καὶ
2103 432 2214 490 τοῖς
2262 429 2442 491 ἀλλοις
2464 425 3034 493 ἀνακοινοῦσθαιιπερὶ
3067 424 3292 484 τούτων,
3324 425 3387 478 οὐ

149 522 233 576 καὶ
256 522 311 576 ἐν
334 520 412 590 τῷ
442 521 680 590 μεγίστῳ
702 522 1077 591 πλανώμενος.
1113 520 1274 574 ’Λλλά
1296 522 1390 575 νῦν
1412 525 1468 573 ἐν
1496 521 1704 581 τούτοις

150 617 318 669 πᾶσαν
352 612 450 683 τὴν
472 611 566 666 τοῦ
596 613 757 681 λόγου
798 615 951 684 ἰσχὺν
976 614 1330 683 θεασάμενος,
1366 617 1459 666 καὶ
1491 613 1589 683 τὴν
1622 614 1705 665 ἐλ-

150 707 267 759 πίδα
294 704 395 775 τῆς
423 704 533 757 τῶν
571 704 906 774 Ἐκκλησιῶν
934 706 1187 768 ὲνώσεως
1240 705 1335 758 ἐπὶ
1364 703 1569 759 τούτων
1610 721 1708 756 σα-

150 797 312 851 λεύειν
352 795 711 864 κατανοήσας,
758 796 882 849 ἐπιί
924 796 1021 850 καὶ
1039 796 1128 850 διὰ
1152 795 1314 850 τοῦτο
1340 796 1595 865 ἡγοῦνταί
1631 812 1707 846 τι-

150 905 228 950 νες
246 886 365 949 τούς
389 885 727 955 σοφωτέρους
748 886 1167 942 ἐπισπάσεσθαι⁸
1184 888 1308 951 τοὺς
1323 887 1433 957 γάρ
1456 886 1529 955 μὴ
1542 885 1712 938 τοιού-

150 995 266 1041 τους
318 976 412 1029 καὶ
466 976 896 1047 ιύληπτοτέρους
952 979 1081 1041 τσως
1143 974 1284 1032 εἶναι
1342 978 1707 1040 πιστεύουσιν,

150 1069 527 1137 ἐθαυμάσαμεν
558 1069 708 1130 ὅπως
740 1070 894 1136 σοφοὶ
942 1068 1156 1138 ἄνδρες,
1198 1066 1289 1121 νοῦ
1346 1085 1407 1121 τε
1458 1068 1550 1120 καὶ
1582 1084 1709 1120 παι,

151 1163 284 1223 δείας
324 1159 383 1213 εὖ
414 1159 650 1230 ἔχοντες,
674 1159 771 1213 καὶ
801 1159 967 1231 πείρᾳ
997 1158 1276 1227 θεολογίας
1309 1157 1712 1229 προϐεϐηκέναι

151 1250 443 1313 δοκοῦντες,
479 1250 741 1312 τοιούτοις
776 1250 887 1303 τισὶ
941 1250 1041 1320 τὴν
1079 1251 1261 1304 πίστιν
1309 1249 1404 1302 καὶ
1460 1249 1558 1317 τήν
1604 1246 1714 1300 τῶν

155 1342 395 1410 Πατέρων
425 1341 706 1407 θεολογίαν
741 1343 947 1411 κρίνειν
986 1342 1082 1396 καὶ
1107 1340 1453 1415 ταλαντεύιιν
1481 1338 1715 1410 πειρῶν-

152 1449 251 1496 ται,
300 1433 331 1502 ἦ
363 1433 516 1485 αὐτοὶ
552 1434 692 1499 σφᾶς
718 1432 914 1495 αὐτοὺς
957 1432 1297 1497 ἀπατῶντες,
1327 1431 1360 1501 ἢ
1391 1430 1584 1493 ἀλλους
1615 1435 1712 1500 ρᾳ-

153 1523 268 1585 δίως
295 1522 383 1574 ὐπ’
409 1522 588 1576 αὐτῶν
632 1522 790 1575 τοῦτο
820 1522 1107 1576 πείσεσθαι
1138 1521 1469 1591 νομίζοντες.
1511 1519 1713 1587 Ἀπήλ-

154 1615 345 1683 λαγμαι
364 1616 407 1666 δ’
436 1614 511 1677 ῶς
536 1615 675 1684 ἐφην
704 1616 799 1668 καὶ
828 1614 923 1669 τοῦ
959 1615 1133 1681 δέους,
1166 1614 1370 1684 βέλτιον
1398 1616 1463 1683 τῇ
1500 1610 1718 1680 πατρίῳ

154 1707 267 1776 δόξῃ
297 1705 631 1775 στηριχθείς,
666 1707 882 1775 Πέφυκι
926 1706 1033 1777 γάρ
1062 1723 1180 1770 πως
1204 1704 1273 1757 τά
1307 1705 1416 1757 τῶν
1458 1702 1716 1756 ἐναντίων

156 1771 490 1867 ἐλεγχόμενα
527 1796 654 1860 τούς
717 1771 948 1861 τούτοις
985 1771 1408 1867 διαφερομένους
1442 1794 1719 1866 βεϐαιοτέ-
1750 1771 1793 1827 Β

159 1907 273 1958 ρους
322 1889 352 1957 ἢ
386 1890 483 1943 καὶ
508 1888 918 1958 γενναιοτέρους
952 1891 1149 1944 ποιεῖν.

221 1980 324 2034 Καὶ
352 1981 379 2032 6
428 1979 531 2050 μὲν
560 1979 886 2048 οἰουδήτινος
920 1980 1226 2049 ἁπτόμενος
1271 1980 1495 2049 ἐλέγχου
1521 1978 1721 2044 δόξειεν

160 2069 218 2122 ἂν
253 2058 386 2130 ίσωξ
407 2069 769 2139 ἐνισχημένος
817 2071 924 2122 τινί
954 2069 1116 2122 πάθει
1141 2069 1301 2123 τοῦτο
1336 2072 1529 2133 ποιεῖν,
1558 2070 1644 2137 ἐφ’
1678 2061 1721 2133 ᾧ

159 2162 220 2213 τὰ
271 2160 364 2228 μὲν
410 2158 592 2223 καλῶς
656 2161 849 2230 ἔχοντα
902 2161 1253 2231 διαστρέφειν
1302 2162 1394 2214 καὶ
1425 2178 1719 2231 παρερμη-

162 2249 361 2315 νεύειν,
406 2252 519 2311 τοῖς
572 2248 627 2301 δὲ
660 2248 1009 2318 σαθροτέροις
1056 2250 1407 2318 ἐπιφύεσθαι,
1457 2250 1719 2317 καὶπρὸς

161 2338 306 2392 τοῦτο
334 2339 493 2409 μόνον
524 2340 725 2393 τείνειν
763 2340 853 2391 τὸν
887 2339 1111 2405 σκοπὸν,
1148 2341 1294 2402 ὅπως
1327 2339 1527 2402 ἱκανῶς
1554 2339 1723 2402 δόξειε

164 2431 217 2483 τὸ
241 2431 635 2498 ἀνταγωνιστδν
690 2430 827 2483 ἐλὼν
852 2472 867 2497 ,
904 2431 1015 2499 ἐγὼ
1051 2431 1108 2484 δὲ
1162 2431 1322 2484 τοῦτο
1354 2433 1411 2484 ἐν
1456 2431 1727 2501 οίῳδήτινι

167 2520 437 2589 πράγματι
457 2523 689 2583 ἀπεικὸς
714 2516 850 2574 εἶναι
875 2522 1108 2591 νομίζων
1141 2522 1232 2575 καί
1262 2523 1461 2576 ἄδικον.
1488 2521 1600 2589 Τῆς
1622 2522 1729 2592 γὰρ

169 2610 409 2680 ἀληθείας
430 2612 554 2665 ἐστὶ
586 2612 930 2678 κατάγνωσις
967 2616 1059 2665 καὶ
1087 2613 1185 2682 τῆς
1222 2613 1578 2682 συνειδήσεως
1606 2612 1733 2678 φθο-

170 2703 255 2772 ρὰ,
276 2706 367 2771 οὐχ
400 2705 609 2775 ἥκιστά
637 2705 689 2772 γ’
718 2705 775 2757 ἐν
811 2698 889 2765 οἷς
918 2705 1050 2774 περὶ
1080 2706 1317 2765 πίστεως
1347 2705 1621 2771 γίγνονται
1645 2704 1731 2755 λό-

169 2813 249 2865 γοι
276 2798 453 2850 καινοῦ
490 2814 637 2859 τινος
673 2796 997 2867 πράγματος
1033 2797 1126 2849 καὶ
1156 2796 1413 2865 μεγίστου
1440 2797 1531 2849 καί
1565 2812 1730 2862 κεφα-

169 2888 311 2943 λαίου
334 2889 438 2943 τῶν
468 2889 712 2952 πάντων,
757 2888 972 2947 ἀνόσιον
1007 2887 1249 2958 ἡγοῦμαι
1297 2889 1454 2939 τοῦτο
1488 2888 1579 2938 καὶ
1608 2888 1735 2939 ἀσε-

173 2981 276 3046 6ὲς,
325 2982 400 3053 μὴ
454 2982 663 3035 ἀπαθεῖ
718 2981 811 3033 καὶ
857 2979 1085 3051 καθαρῷ
1135 2978 1216 3033 νοῒ
1268 2983 1337 3033 τά
1366 2979 1497 3048 περί
1536 2979 1736 3031 τούτοιν

175 3072 685 3144 καταστοχάζεσθαι,
724 3073 862 3125 ἀλλά
891 3073 1027 3142 πρὸς
1071 3071 1215 3142 έριν,
1252 3071 1284 3142 ἢ
1317 3070 1668 3138 φιλονεικίαν,
1700 3070 1732 3140 ἢ
1762 3096 1808 3156 c

174 3164 291 3219 ἀλλο
316 3183 365 3218 τι
395 3167 504 3219 τῶν
532 3164 887 3234 ἀνθρωπίνων
918 3164 1043 3227 τοὺς
1069 3164 1261 3231 λόγους
1322 3161 1614 3216 ποιεῖσθαι.
1649 3161 1738 3231 Τῷ

175 3274 250 3310 τοι
286 3260 373 3313 καὶ
397 3260 497 3327 τὴν
522 3257 783 3327 ἀλήθειαν
806 3257 976 3326 αὐτὴν
1007 3258 1066 3309 ἐν
1107 3257 1316 3319 τούτοις
1361 3256 1738 3325 μαρτύρομαι,

176 3349 245 3412 ὡς
274 3351 369 3404 ὅσα
403 3368 495 3420 μοι
549 3349 805 3421 καθαρῶς
841 3348 1173 3419 ὑπαγορεύει
1232 3349 1291 3401 τὸ
1346 3348 1606 3412 συνειδὸς,
1645 3348 1739 3414 ἀφ’

178 3435 245 3497 ὧν
270 3442 375 3513 έχω
407 3440 598 3513 μαθὼν
629 3441 765 3511 πρὸς
797 3441 907 3493 τῶν
939 3440 1418 3511 προηγησαμένων
1450 3438 1627 3507 σοφῶν
1649 3437 1743 3491 καὶ

183 3535 344 3603 ἁγίων
373 3533 607 3605 ἀνδρῶν,
639 3533 733 3588 καὶ
760 3532 870 3586 τῶν
903 3532 1097 3585 κοινῶν
1151 3532 1251 3601 τῆς
1283 3530 1565 3593 εὐσεϐείας
1602 3532 1743 3583 διδα-

186 3630 408 3695 σκάλων,
435 3627 538 3682 καὶ
565 3627 670 3680 τῶν
691 3626 875 3696 ἀρχῶν
909 3627 1007 3693 τῆς
1037 3625 1273 3686 πίστεως
1305 3624 1469 3687 λέξων
1491 3623 1741 3693 ἔρχομαι·

184 3721 214 3791 ἢ
250 3722 442 3785 μᾶλλον
485 3720 699 3783 εἰπεῖν,
750 3718 857 3770 οὐδ’
913 3716 973 3781 ἐξ
1011 3716 1209 3770 οἰκείου
1254 3715 1603 3785 δικαστηρίου
1650 3714 1748 3785 τὴν

184 3810 356 3881 ψῆφον
387 3810 549 3873 αὐτὸς
581 3809 738 3866 οἴσω.
790 3808 1064 3877 Παραθείς
1109 3808 1166 3861 δὲ
1222 3806 1381 3875 μόνον
1428 3803 1597 3857 ταῦτα
1631 3806 1750 3866 ταῖς

187 3904 288 3958 τῶν
322 3904 491 3972 ἁγίων
521 3904 782 3972 γραφαῖς,
814 3902 906 3954 τόν
948 3919 1005 3954 τε
1048 3900 1173 3953 νοῦν
1196 3898 1399 3952 τούτων
1426 3898 1502 3967 τῷ
1530 3896 1751 3949 ἐκείνων

189 3993 581 4062 παρεξετάσας.
614 3992 871 4054 δικαστὰς
911 3994 1035 4054 τοὺς
1077 3990 1426 4059 εὐγνώμονας
1477 3989 1570 4043 καὶ
1603 3989 1751 4040 ἀπαο

189 4083 289 4149 θῶς
318 4091 384 4140 τά
441 4084 687 4155 παρόντα
719 4085 1163 4153 διελευσομένους
1215 4083 1596 4153 προστήσομαι
1618 4098 1630 4111 ·
1664 4080 1755 4141 οὒς

191 4178 277 4229 καὶ
297 4178 431 4242 ἀξιῶ
456 4178 531 4249 μὴ
564 4180 629 4246 τῇ
657 4176 801 4239 λέξει
834 4178 1121 4244 προσέχειν
1145 4176 1357 4243 ἀφελῶς
1383 4174 1631 4244 ἔχουσαν,
1668 4173 1756 4225 τὸν

188 4266 244 4320 δὲ
278 4268 397 4323 νοῦν
431 4268 730 4334 ἐξετάζειν,
762 4268 853 4319 καὶ
884 4267 981 4335 τήν
1028 4268 1286 4337 ἀλήθειαν
1315 4264 1613 4334 ἐπιζητεῖν.

257 4359 373 4412 Τῶν
399 4361 497 4429 μὲν
532 4360 610 4421 είς
644 4361 737 4413 τὸν
772 4359 1117 4425 ἐνδοξότατον
1148 4360 1321 4427 μέγαν
1349 4357 1557 4412 Δούκαν
1588 4360 1759 4425 ἐγκω-

196 4447 329 4515 μίων
365 4448 522 4517 κάγὼ
564 4447 723 4518 χάριν
752 4446 1000 4518 ὁμολογῶ
1031 4447 1127 4501 σύν
1156 4449 1288 4501 πᾶσι
1318 4450 1428 4510 τοῖς
1457 4446 1636 4510 ἄλλοις
1667 4450 1763 4501 αὐ·
1796 4442 1838 4497 ι)

192 4538 285 4606 τῷ’
306 4543 459 4610 κοινῇ
493 4557 553 4592 τε
585 4540 694 4609 γὰρ
711 4538 952 4601 ἅπαντες
986 4537 1277 4607 ὀφείλομεν
1308 4538 1403 4601 τὰς
1436 4540 1661 4610 χάριτας
1687 4537 1762 4607 τῷ

194 4632 412 4702 τοιούτῳ
442 4634 619 4702 ἀνδρὶ,
659 4631 927 4703 προθύμῳ
964 4649 1021 4685 τε
1067 4631 1179 4684 ὄντι
1213 4632 1339 4701 περὶ
1388 4632 1458 4684 τά
1489 4633 1643 4685 κοινά
1670 4631 1764 4684 καὶ

196 4725 483 4795 ἐπωφελεῖ,
539 4726 632 4778 καὶ
691 4725 799 4795 ἰδίᾳ
829 4725 1057 4788 ἕκαστος
1106 4724 1195 4778 διὰ
1228 4725 1325 4793 τὴν
1362 4726 1499 4794 πρὸς
1535 4725 1765 4777 ἐκαστον

198 4813 408 4869 εὔνοιαν
438 4818 623 4885 αὐτοῦ,
660 4818 838 4871 κοινὸν
860 4819 1185 4887 πρυτανεῖον
1218 4816 1408 4868 ἑαυτὸν
1434 4816 1638 4883 ἀγαθοῦ
1675 4818 1766 4869 καὶ

201 4908 373 4978 πάσης
404 4910 594 4979 χρείας
621 4910 715 4963 καὶ
761 4908 1014 4978 βοηθείας
1044 4908 1275 4959 ἑκάστου
1328 4907 1729 4977 παρασχομένῳ
1750 4924 1764 4936 ·

199 4998 265 5050 τὰ
294 4999 349 5050 δὲ
388 5000 506 5051 κατ’
544 5000 708 5051 αὐτοῦ
749 4997 919 5051 ταῦτα
954 4997 1202 5065 ἐγκώμια
1251 4994 1370 5046 ἀντὶ
1415 4991 1626 5046 πολλῶν
1676 4995 1769 5046 καὶ

204 5091 454 5159 μεγάλων
495 5092 601 5145 τῶν
628 5092 1014 5162 προσηκόντων
1046 5088 1192 5157 αὐτῷ
1228 5086 1431 5157 βραχέα
1462 5087 1558 5138 καὶ
1610 5085 1769 5147 αὐτὸς

201 5174 341 5233 εἶναι
378 5183 647 5252 ὁμολογῶ,
710 5186 806 5237 καί
839 5181 1126 5252 ἀνθρώπου
1180 5178 1559 5249 πεφεισμένως
1608 5180 1766 5244 ἀγαν,

203 5274 296 5327 καὶ
328 5276 520 5344 ἄκροις
557 5278 630 5340 ὡς
666 5280 839 5330 εἰπεῖν
887 5274 1175 5335 δακτύλοις
1216 5273 1418 5325 τούτων
1466 5272 1768 5341 ἁψαμένου,

202 5366 277 5433 τῷ
301 5366 626 5438 βραχυτάτῳ
656 5370 744 5421 τὸν
777 5370 1107 5438 ἐνεστηκότα
1145 5365 1526 5435 ξυγχωρῆσθαι
1558 5364 1769 5434 χρόνον,

204 5459 297 5510 καὶ
330 5458 405 5529 τῷ
439 5462 607 5532 μήπω
632 5462 721 5515 τὸν
773 5462 964 5529 καιρὸν
994 5462 1150 5531 ἥκειν
1186 5460 1289 5512 τῶν
1321 5460 1611 5527 ἐγκωμίων
1667 5458 1773 5509 τῶν

205 5550 546 5619 τελεωτέρων
581 5552 740 5616 ἴσωςο
784 5555 895 5614 τοῖς
935 5552 1041 5622 γὰρ
1101 5551 1323 5617 ἀγαθοῖς
1361 5550 1505 5609 ἅπας
1566 5551 1774 5601 ἀνεῖται

206 5643 395 5709 καιρὸς
449 5647 530 5707 εἰς
557 5645 797 5699 ἔπαινον.
831 5644 901 5696 Τὸ
930 5644 985 5697 δὲ
1023 5644 1212 5713 χάριεν
1249 5644 1354 5694 τίῖιν
1386 5641 1547 5693 αὐτοῦ
1576 5639 1773 5699 καλῶν,

208 5731 268 5781 ἰδ
301 5734 374 5803 μὴ
408 5736 565 5802 μόνον
599 5740 905 5805 ἐφιστάνειν
953 5739 1061 5797 τοῖς
1098 5737 1358 5803 δόγμασιν
1387 5729 1495 5787 οἷόν
1528 5752 1580 5785 τε
1615 5735 1764 5797 ὄντα,

1816 522 1977 590 μόνον
1995 516 2079 583 οἷς
2113 519 2353 572 σύνοιδεν
2382 520 2553 587 ὑγιῶς
2585 522 2824 586 φρονεῖν,
2869 517 3005 570 ἀλλά
3034 516 3131 569 καλ⁵
3159 516 3271 576 τοῖς
3314 512 3390 581 μὴ

1808 611 1977 674 οὕτως
2006 612 2243 681 ἔχουσιν,
2269 610 2338 664 ἶν’
2371 612 2434 663 ἐκ
2467 611 2683 665 πάντων
2716 614 2775 664 τὸ
2799 610 2962 663 καλὸν
2994 607 3132 661 κατὰ
3162 607 3261 675 τὴν
3306 622 3390 657 σο-

1811 704 1916 774 φὴν
1955 704 2205 773 μέλιτταν
2234 703 2571 770 ἀναλέγοιτο,
2600 702 2660 755 οὐ
2692 703 2882 771 χάριεν
2910 702 3073 763 αὐτὸς
3114 701 3181 753 ἂν
3199 699 3389 766 φαίην,

1810 797 1883 859 ὡς
1920 798 1985 851 ἀν
2025 813 2107 857 τις
2137 795 2303 858 εἴποι,
2343 794 2478 847 ἀλλά
2516 798 2759 861 γενναῖον
2794 795 2886 847 καὶ
2915 791 3249 859 θαυμαστὸν,
3296 791 3393 840 καὶ

1813 888 2000 956 λογίας
2037 889 2203 949 δντως
2238 888 2369 941 ἴδιον
2411 885 2611 955 ψυχῆς,
2650 885 2777 938 ὅθεν
2814 887 2907 937 καὶ
2938 884 3007 936 τὰ
3033 881 3393 950 περὶτούτων

1811 979 2091 1048 ἀφειμένῳ
2140 977 2280 1029 ἰτέον
2314 976 2415 1047 ήδη
2452 976 2541 1043 μοί
2574 977 2689 1028 ἐστι
2736 975 2870 1043 πρδς
2901 972 2968 1025 τά
3002 970 3392 1038 θεολογικώτε-

1814 1089 1903 1141 ρα,
1936 1072 1995 1124 οὐ
2032 1071 2346 1141 περιέργως
2388 1068 2549 1122 τοῦτο
2574 1068 2816 1122 ποιοῦντι
2846 1066 2970 1120 οὐτε
3002 1065 3118 1127 νῦν,
3151 1061 3261 1115 οὐτ’
3300 1060 3395 1114 ἀλ-

1813 1169 1955 1227 λοτε,
1989 1164 2265 1233 προύργου
2297 1163 2405 1232 γὰρ
2437 1161 2596 1215 τοῦτό
2616 1179 2679 1229 γε
2710 1162 2976 1231 τυγχάνον
3007 1159 3243 1221 πάντως,
3280 1152 3393 1206 οὐτ’

1816 1256 2057 1325 ἀμελῶς,
2090 1256 2248 1323 εἰπερ
2280 1255 2386 1325 γὰρ
2410 1254 2539 1309 ἀλλο
2587 1271 2641 1305 τι
2671 1252 2830 1306 τοῦτο
2872 1245 3397 1320 προσοχῆςτελείας

1817 1348 1987 1413 ἄξιον,
2013 1349 2060 1399 εἰ
2095 1349 2169 1417 μή
2196 1365 2299 1401 που
2323 1347 2636 1415 περιέργως
2660 1346 2958 1411 θεολογεῖν,
2982 1343 3077 1395 καί
3109 1338 3399 1409 περιεργό-

1814 1457 1971 1508 τερον
1999 1440 2079 1491 Et;
2109 1438 2473 1506 θεολογήσειν,
2501 1437 2645 1490 εἴποι
2678 1454 2761 1499 τις
2786 1438 2878 1488 τὶν
2907 1435 3074 1505 μηδὲν
3104 1434 3399 1498 ἀναγκαῖον

1815 1534 2063 1599 λέγοντα,
2098 1531 2131 1601 ἢ
2160 1530 2407 1601 ἐροῦντα,
2457 1529 2553 1582 καὶ
2583 1529 2681 1598 τῆς
2714 1530 2866 1599 ίερᾶς
2911 1526 3193 1591 θεολογίας
3226 1522 3397 1587 ἀξιον.

1818 1624 1882 1676 Τί
1910 1620 2001 1677 οὖν
2036 1624 2258 1692 φησιτά
2281 1624 2377 1691 τῆς
2417 1622 2693 1689 θεολογίας
2721 1637 2736 1686 ;

2326 1732 2897 1787 ΑΡΓΥΡΟΠΟΥΛΟΣ.

1893 1827 2073 1897 Τριῶν
2103 1827 2272 1879 ὅντων
2324 1825 2379 1877 ἐν
2430 1826 2541 1887 τοῖς
2587 1822 2754 1885 θείοις
2784 1820 3096 1892 προσώπων
3124 1820 3267 1872 κατά
3307 1818 3404 1873 τάξ

1824 1918 2136 1986 θεολογικάς
2155 1916 2534 1975 ὐποτυπώσεις
2564 1915 2660 1968 καὶ
2690 1914 2887 1987 ἀρχάς,
2923 1912 3159 1983 Πατρὺς,
3191 1910 3321 1962 Υἰοῦ
3347 1926 3406 1961 τε

1822 2011 1917 2065 καὶ
1946 2009 2090 2062 θείου
2123 2008 2463 2077 Πνεύματος,
2496 2006 2795 2078 ήνωμένων
2828 2006 2927 2076 μὲν
2971 2006 3037 2074 τῇ
3081 2003 3262 2073 οὐσίᾳ,
3293 2003 3409 2055 δια-

1830 2099 2167 2170 κρινομένων
2189 2098 2242 2150 δέ
2278 2099 2398 2160 ταῖς
2432 2095 2657 2166 ἰδιότησι
2683 2096 2954 2168 χρήματι.

2386 2201 2844 2261 ΑΓΑΛΛΙΑΝΟΣ.

1908 2304 1969 2354 '0
2007 2303 2103 2371 μὲν
2129 2300 2375 2370 θεμέλιος
2406 2300 2484 2362 ὡς
2515 2299 2744 2368 εὐσεϐὴς
2790 2298 2885 2352 καὶ
2924 2294 3133 2367 ἀληθὴς
3166 2294 3259 2348 καὶ
3291 2292 3412 2345 θεον

1827 2391 2191 2459 λογικώτατος
2222 2391 2361 2460 ἀρχή
2400 2406 2458 2442 τε
2482 2390 2577 2442 καὶ
2602 2388 2864 2452 ὑπόθεσις
2892 2389 2990 2457 τῆς
3019 2386 3254 2447 πίστεως
3282 2385 3417 2452 ἀλη-

1831 2483 2090 2548 θεστάτη,
2114 2481 2160 2532 εἰ
2191 2478 2285 2532 καὶ
2310 2478 2378 2531 τά
2419 2479 2931 2548 ἐποικοδομούμενα
2972 2476 3121 2544 αὐτῷ
3150 2476 3420 2543 σύμφωνα.

1830 2578 1941 2637 τοῖς
1972 2573 2084 2627 τῶν
2113 2573 2536 2643 ἀρχιτεκτόνων,
2574 2570 2670 2623 καί
2700 2564 2782 2634 οἷς
2811 2568 3042 2623 ἕπεσθαι
3078 2566 3421 2639 προστετάγ-

1836 2665 1975 2734 μεθα
2038 2664 2340 2732 ἐπιτεθείη.
2415 2659 2803 2731 Διακρίνεσθαι
2853 2659 2959 2729 γάρ
2994 2673 3128 2728 φησι
3176 2655 3243 2708 τά
3304 2654 3424 2707 θεῖα

1835 2756 2104 2824 πρόσωπα
2153 2755 2274 2815 ταῖς
2313 2752 2563 2821 ἰδιότησι.
2599 2750 2780 2803 Καλὸν
2815 2744 2909 2802 οὖν
2959 2746 3229 2800 πυθέσθαι
3287 2746 3425 2811 πρὶς

1834 2847 1941 2898 τῶν
1971 2844 2239 2911 θεολόγων
2288 2842 2572 2911 Πατέρων,
2607 2842 2749 2892 τίσιν
2792 2840 2930 2891 εἰσὶν
2968 2841 3022 2890 αἰ
3065 2837 3175 2889 τῶν
3204 2834 3423 2905 προσώ-

1839 2953 1955 2989 πων
1990 2935 2272 3004 ἰδιότητες,
2309 2934 2365 2985 αἳ
2396 2934 2493 2985 καὶ
2526 2931 2866 2999 διακρίνουσι
2896 2930 2964 2982 τὰ
3018 2927 3288 2997 πρόσωπα
3329 2924 3424 2976 καὶ

1839 3026 1956 3078 οὐδὲ
1984 3026 2347 3095 μεταπίπτειν
2383 3021 2694 3091 πεφύκασιν
2725 3062 2737 3085 ,
2777 3019 3001 3090 ἀμιγεῖς
3053 3035 3113 3070 τε
3150 3016 3243 3069 καὶ
3273 3016 3425 3066 ἀκοι-

1839 3116 2066 3187 νώνητοι
2100 3114 2596 3184 κατονομάζονται.
2632 3110 2800 3164 Λυδία
2828 3110 2936 3180 γάρ
2964 3126 3046 3172 τις
3078 3108 3144 3161 ἂν
3169 3106 3255 3173 εἴη
3285 3105 3424 3175 πρὸς

1843 3208 1909 3260 τά
1934 3208 2059 3276 ἑξῆς
2101 3206 2160 3258 τό
2188 3222 2248 3257 τε
2283 3204 2539 3273 κίϐδηλον
2569 3202 2916 3271 ἐμφαίνουσα
2975 3200 3068 3251 καὶ
3096 3198 3155 3249 τὸ
3197 3197 3426 3263 εἰλικρι-

1844 3303 1952 3364 νές.
1984 3303 2046 3355 Εἰ
2072 3300 2179 3368 γὰρ
2229 3299 2461 3369 τηρήσει
2509 3296 2607 3366 τὴν
2644 3296 2792 3347 θέσιν
2818 3336 2832 3360 ,
2867 3292 2967 3361 τὴν
3004 3292 3177 3361 ἀρχὴν
3226 3289 3319 3341 καὶ
3363 3288 3426 3340 τὸ

1822 3394 2017 3447 αἴτιον
2049 3392 2195 3445 ἔνδον
2224 3393 2282 3445 ἐν
2336 3392 2400 3460 τῇ
2436 3389 2651 3457 θεότητι
2684 3387 2758 3449 ὡς
2808 3387 3045 3451 ἰδιότητα
3086 3382 3177 3435 τοῦ
3212 3381 3425 3450 Πατρός

1846 3486 1993 3556 αὐτῷ
2028 3486 2175 3555 μόνῳ
2208 3485 2433 3555 φυλάξει
2460 3501 2475 3516 σ
2503 3484 2551 3535 εἰ
2581 3482 2637 3535 δέ
2671 3480 2826 3534 κοινὰ
2855 3477 3210 3550 νομοθετήσει
3247 3474 3427 3543 Πατρὶ

1848 3580 1944 3632 καὶ
1976 3578 2110 3647 Υἰῷ,
2155 3580 2371 3641 πάντως
2394 3578 2493 3639 τὰς
2526 3573 2843 3643 θεολογικάς
2879 3569 3295 3629 ὐποπτυπώσεις
3325 3584 3429 3619 πα-

1854 3688 1917 3742 ρα
1927 3670 2199 3723 σαλεύσει.

1918 3762 2125 3816 Αὐτίκα
2150 3760 2257 3832 γὰρ
2280 3762 2306 3812 6
2331 3758 2594 3827 Θεολόγος
2624 3756 2947 3827 Γρηγόριος,
2992 3775 3011 3806 ‹
3043 3755 3107 3807 Δί
3145 3754 3431 3822 ἰδιότητες,

1854 3853 2006 3920 φησί,
2032 3851 2243 3922 Πατρός
2278 3849 2374 3918 μὲν
2398 3849 2490 3900 καὶ
2520 3849 2757 3917 ἀνάρχου
2782 3847 2872 3899 καὶ
2905 3844 3080 3913 ἀρχῆς
3113 3844 3433 3910 ἐπινοουμὲο

1856 3961 1946 3997 νου
1977 3942 2072 3995 καὶ
2097 3940 2417 4009 λεγομένου.
2452 3958 2470 3990 ι
2509 3939 2618 3991 Καὶ
2665 3940 2692 3991 6
2722 3938 2865 4008 ἱερὸς
2898 3934 3193 3997 Διονύσιος,
3238 3952 3252 3983 ι
3280 3933 3434 3999 Μόνη

1857 4036 2007 4107 πηγὴ
2045 4036 2141 4105 τῆς
2168 4034 2492 4106 ὑπερουσίου
2527 4032 2778 4103 θεότητος
2801 4034 2829 4084 6
2873 4031 3088 4099 Πατήρ.
3128 4047 3145 4078 ι
3190 4026 3296 4079 Καὶ
3325 4026 3437 4078 Κύ-

1862 4128 2059 4199 ριλλος,
2112 4146 2131 4178 ι
2162 4128 2224 4180 Εἰ
2257 4124 2547 4196 γνώρισμα
2571 4125 2670 4194 τῆς
2722 4124 2815 4176 τοῦ
2846 4121 3056 4191 Πατρὸς
3087 4119 3439 4181 ὑποστάσεως

1860 4222 1892 4287 ή
1919 4218 2279 4288 καρπογονία,
2314 4218 2488 4269 εῖτουν
2519 4217 2789 4283 θεογονία,
2821 4213 3026 4282 φυσική
3057 4212 3139 4274 τίς
3165 4213 3281 4262 ἐστι
3307 4209 3441 4261 πάν-

1861 4330 1968 4375 τως
2006 4313 2205 4381 ἰδιότης
2236 4310 2423 4363 αὐτοῦ.
2456 4329 2474 4362 ι
2508 4310 2613 4360 Καὶ
2637 4311 2662 4360 6
2694 4308 2869 4375 μέγας
2903 4305 3201 4367 Βασίλειος,
3235 4321 3254 4353 ι
3283 4303 3443 4353 Ἷδιον

1862 4402 1958 4455 τοῦ
1988 4402 2201 4472 Πατρός
2229 4402 2261 4468 ἡ
2296 4399 2594 4467 ἀγεννησία
2628 4398 2721 4448 καὶ
2750 4396 2810 4446 τδ
2840 4395 3125 4447 καλεῖσθαι
3170 4394 3379 4461 Πατήρ.
3421 4410 3439 4441 ι

1866 4495 2044 4563 ’Ὅπερ
2080 4491 2439 4545 ἀναπτύσσων
2477 4492 2504 4542 6
2536 4489 2856 4558 Γρηγόριος,
2902 4505 2921 4536 ι
2960 4485 3132 4537 Τοῦτό
3168 4487 3307 4547 ἐστι,
3342 4501 3445 4551 φη-

1868 4588 1970 4648 σὶν,
2026 4586 2054 4635 6
2089 4586 2297 4654 Πατὴρ,
2354 4581 2638 4652 γεννήτωρ
2678 4578 2772 4632 καὶ
2829 4575 3148 4646 προϐολεύς.
3196 4574 3355 4626 Ἰδιον
3390 4574 3445 4622 δὲ

1863 4678 1957 4729 τοῦ
1994 4676 2122 4729 Υἰοῦ
2176 4675 2237 4727 τὸ
2299 4671 2583 4726 καλεῖσθαι
2622 4670 2772 4734 Υίὸν,
2827 4670 2921 4721 καὶ
2952 4668 3012 4719 τὸ
3052 4663 3347 4733 γεννᾶσθαι
3381 4664 3446 4712 ἐκ

1866 4769 1958 4823 τοῦ
1994 4767 2225 4838 Πατρός.
2261 4765 2423 4818 Ἵδιον
2479 4763 2535 4816 δέ
2580 4762 2673 4814 τοῦ
2711 4759 3026 4829 [Ινεύματος
3075 4756 3133 4809 τὸ
3163 4754 3449 4807 καλεῖσθαι

1871 4859 2095 4927 Πνεῦμα
2139 4858 2316 4924 ἆγιον,
2343 4856 2436 4908 καί
2468 4855 2531 4905 ἐκ
2569 4852 2661 4905 τοῦ
2695 4851 2909 4920 Πατρδς
2963 4846 3382 4915 ἐκπορεύεσθαι.
3426 4865 3444 4897 ι

1884 4952 2044 5005 Ἀλλά
2090 4948 2261 5002 ταῦτα
2302 4948 2424 5018 μὲν,
2474 4945 2549 5007 ὼς
2580 4944 2740 5013 ἔφην,
2796 4940 3102 4994 κείσθωσαν
3134 4939 3334 4991 ὡσανεί
3367 4952 3452 4998 τις

1872 5044 2108 5115 γνώμων
2131 5044 2227 5096 καὶ
2250 5040 2453 5104 κανὼν,
2501 5038 2630 5106 παρ’
2663 5029 2724 5088 οὗ
2749 5034 2858 5086 τῶν
2888 5032 3086 5101 ἐφεξῆς
3113 5031 3278 5084 αὐτοῦ
3317 5047 3453 5097 συμ-

1875 5136 2242 5204 περαινόντων
2295 5128 2597 5199 κατάδηλον
2644 5127 2795 5179 ἔσται
2834 5125 2895 5177 τὸ
2929 5122 3273 5195 ἐφαρμόξον⁸
3308 5122 3358 5172 τί
3392 5120 3450 5171 δὲ

1874 5232 1939 5284 τὰ
1968 5228 2196 5297 ἐφεξῆς

2368 5334 2941 5392 ΑΡΓΥΡΟΠΟΥΛΟΣ.

1950 5436 2191 5507 [ίαράγει
2221 5435 2317 5501 μὲν
2350 5432 2409 5484 τὶ
2433 5430 2490 5482 ἐν
2520 5430 2548 5481 6
2586 5426 2795 5495 Πατὴρ,
2825 5424 3133 5494 παράγεται
3162 5418 3216 5469 δέ
3243 5415 3305 5467 τὰ
3337 5411 3451 5475 δύο,

1880 5530 2001 5587 Υἱός
2036 5547 2086 5579 τε
2114 5529 2204 5579 καὶ
2238 5525 2459 5595 Πνεῦμα
2502 5525 2679 5591 ἅγιον.

2439 5632 2894 5690 Μ’ᾹΛΛΙΛΝΟΣ.

1952 5735 2102 5796 Τίνος
2142 5733 2239 5784 τῶν
2272 5732 2534 5799 θ;ολόγων
2574 5728 2836 5795 ἀκήκοας,
2874 5722 3150 5791 ἄνθρωπε,
3188 5715 3360 5785 ταύτῃ
3388 5714 3450 5782 τῇ
