3904 6222
458 307 598 375 1015

1654 308 2055 376 THEODORI
2095 305 2515 372 AGALLIANI

3574 301 3703 370 1016

455 423 598 489 λέξει
624 423 996 496 χρησαμένου,
1017 422 1096 494 τῷ
1119 424 1410 505 παράγευ
1437 424 1624 498 Ταύτῃ
1643 426 1754 494 γὰρ
1780 428 1842 478 οὐ
1870 424 2037 495 μόνον’
2059 422 2112 484 Δ
2134 422 2196 477 τὸ
2235 423 2785 498 γεννητοαγέννητον,
2817 423 2917 478 καὶ
2953 421 3341 478 αίτιατοαίτιον
3363 435 3380 454 ·
3428 421 3466 493 ἢ
3494 422 3631 476 κατά
3655 423 3712 477 σε

466 516 532 570 τδ
572 517 794 584 Πνεῦμα
825 518 884 568 τὸ
912 515 1091 582 ἅγιον,
1124 517 1261 571 ἀλλά
1290 515 1386 572 καὶ
1412 517 1505 572 τὸν
1528 518 1812 588 Μονογενῆ
1840 516 2048 586 κτίσμα

457 610 682 676 φρονεῖν
720 606 924 668 δοκεῖς.
957 607 1026 659 Ἦ
1068 606 1283 675 άγνοεῐς
1312 606 1395 659 ὅτι
1424 607 1485 659 τδ
1519 606 1794 677 παράγειν
1830 608 1890 660 ἑν
1933 609 2047 670 τοῖς

455 696 721 760 τοιούτοις
764 698 1078 765 λεγόμενον,
1106 698 1168 751 τδ
1201 697 1306 763 ἔξω
1338 698 1534 752 ἑαυτοῦ
1577 700 1671 752 καὶ
1699 700 1800 767 τῆς
1831 697 2047 766 φύσεώς

455 801 512 840 τι
558 791 734 841 ποιεῖν
766 787 880 841 ἑστι
914 789 1005 842 τὸν
1041 788 1195 854 Θεὸν,
1233 789 1309 852 ὡς
1337 791 1370 859 ἡ
1394 790 1541 855 λέξις
1565 790 1859 860 ἑμφαίνεις
1897 790 2048 861 Παρ-

457 878 583 946 ἀγει
630 878 759 950 γάρ,
798 880 953 948 φησὶ,
988 879 1056 934 τά
1111 879 1430 951 σύμπαντα·
1469 881 1584 945 καὶ,
1618 881 1917 951 Παρήγαγε
1957 882 2047 935 τὸν

458 973 666 1044 κόσμον
699 974 807 1028 ἀπὸ
836 973 931 1028 τοῦ
959 975 1035 1045 μὴ
1072 974 1247 1039 ὄντος.
1273 976 1364 1029 Διὸ
1395 976 1491 1028 καὶ
1525 975 1574 1029 οί
1604 974 1915 1028 διδάσκαλοι
1945 975 2044 1045 τῆς

471 1063 803 1134 Ἐκκλησίας
847 1065 926 1137 τῷ
979 1067 1227 1137 προάγει
1282 1066 1378 1118 καὶ
1428 1064 1507 1135 τῷ
1566 1066 1805 1134 πρόεισι
1842 1065 2047 1136 μᾶλλον

459 1156 767 1227 ἐχρήσαντο
791 1157 885 1210 ἐπὶ
921 1157 1020 1226 τῆς
1054 1156 1205 1211 ενδον
1237 1155 1539 1223 θεολογίας.
1568 1156 1648 1227 Τῇ
1681 1156 1791 1227 γὰρ
1819 1156 2047 1227 τοιαύτῃ

459 1248 717 1317 προθέσει
767 1249 971 1318 μᾶλλον
1013 1247 1263 1315 ιγνωσαν
1295 1247 1394 1317 τὴν
1422 1247 1533 1301 τῶν
1560 1248 1855 1317 ἑνδοτόρων
1900 1247 2046 1317 γίνε-

462 1342 589 1394 σθαι
620 1341 866 1412 προόδων
899 1340 1163 1410 ἔμφασιν.
1207 1340 1631 1410 Ἦκρισωμόνας
1659 1339 1719 1393 δὲ
1749 1340 1920 1410 δήπου
1946 1339 2045 1395 καὶ¹

458 1433 558 1492 τὰς
582 1430 757 1496 λέξεις
784 1426 923 1483 εἶναι
952 1430 1035 1483 δεῖ
1047 1430 1156 1484 τῶν
1185 1430 1604 1500 θεολογούντων,
1628 1431 1713 1486 ἵνα
1738 1430 1869 1501 μήθ’
1890 1432 2044 1485 ἑκόν-

459 1539 552 1584 τες
594 1522 722 1592 μήτ’
746 1522 976 1586 ἄκοντες
1006 1524 1185 1595 κακὴν
1215 1523 1374 1592 δόξαν
1406 1524 1537 1595 περὶ
1563 1523 1713 1593 σφῶν
1743 1522 1921 1578 αὐτῶν
1935 1540 2040 1578 παο

463 1614 727 1685 ράσχωσι,
767 1615 861 1668 καὶ
891 1609 967 1669 ὧν
998 1615 1316 1686 προύθεντο.

964 1729 1098 1783 ΑΡΓ
1106 1729 1234 1785 ΥΡο
1242 1730 1534 1788 ΠΟΥΛΟΣ.

536 1836 674 1890 Οὔτε
704 1840 813 1911 γάρ
844 1840 937 1910 ἀφ’
976 1840 1188 1895 ἑαυτῶν
1243 1841 1353 1897 ἔδει
1387 1841 1561 1899 ταῦτα
1617 1839 1782 1913 εῐναι,
1834 1846 1920 1902 τνα
1963 1850 2043 1921 μὴ

464 1926 722 2000 ἑτερότης
760 1931 985 2004 γένηται
1013 1933 1230 2003 φύσεως
1266 1934 1380 1988 οὔτ’
1417 1934 1478 2001 ἑξ
1516 1934 1767 2007 ἀλλήλων
1796 1941 2042 2011 παράγε-

467 2018 592 2072 σθαι
621 2016 703 2085 οἷς
724 2022 856 2075 αὐτό
887 2039 939 2077 τι
979 2022 1141 2075 ἑαυτὸ
1166 2025 1440 2094 παράγειν
1476 2025 1781 2096 ἀμήχανον.

1016 2134 1476 2193 ΑΓΑΛΛΙΑΝΟΣ.

534 2251 646 2303 Καὶ
676 2249 856 2319 τοῦτο,
891 2246 1068 2322 οἶμαι,
1100 2254 1344 2325 ἀτέχνως
1368 2255 1486 2325 ἅμα
1533 2254 1628 2310 καὶ
1661 2256 1931 2328 περιττῶς
1961 2258 2039 2313 εῐ-

467 2358 649 2413 ρηται.
682 2342 827 2396 Ἔδει
867 2344 977 2416 γάρ
1025 2345 1230 2415 μᾶλλον
1266 2348 1463 2414 εἰπεῖν,
1487 2348 1564 2411 ὡς
1586 2347 1698 2402 οὔτ’
1716 2349 1810 2418 ἀφ’
1831 2350 2044 2405 ἑαυτῶν

463 2435 573 2489 ἔδει
606 2437 778 2492 ταῦτα
835 2435 994 2506 εἶναι,
1025 2435 1108 2504 οἷς
1152 2441 1281 2495 αὑτό
1313 2458 1366 2495 τι
1399 2441 1562 2495 ἑαυτὸ
1594 2441 1863 2511 προάγειν
1896 2443 2043 2514 ἀμή-

464 2545 652 2597 χανον,
697 2532 791 2584 καὶ
836 2531 954 2601 ἅμα
989 2533 1076 2586 ίνα
1132 2533 1206 2604 μὴ
1237 2534 1494 2605 ἑτερότης
1548 2536 1763 2603 γένοιτο
1798 2536 2042 2604 φύσεως,

464 2619 578 2674 οὔτ’
605 2620 665 2689 ἐξ
694 2623 939 2694 ἀλλήλων
965 2626 1240 2695 προϊέναι,
1274 2626 1364 2681 ἵνα
1395 2626 1471 2697 μὴ
1503 2626 1562 2691 ἑξ
1591 2625 1837 2695 ἀλλήλων
1866 2625 1924 2678 αἱ
1947 2626 2046 2696 ἀρ-

464 2714 563 2783 χαὶ
594 2710 724 2782 εἷεν,
762 2718 855 2770 καὶ
880 2716 1054 2778 οὕτως
1078 2718 1305 2789 οὐδεμία
1328 2718 1413 2792 εῐη
1434 2719 1599 2791 ἀρχὴ,
1637 2718 1866 2789 μηδενὸς
1892 2717 2044 2781 ὄντος

464 2808 781 2877 ἀγεννήτως
812 2811 906 2863 καὶ
929 2811 1214 2877 ἀναιτίως,
1252 2812 1286 2883 ἦ
1343 2813 1437 2866 καὶ⁸
1468 2810 1614 2866 οὕτω
1639 2809 2043 2883 Χριστιανικὼ-

463 2917 629 2955 τατον
654 2899 736 2966 ὃν,
780 2904 874 2957 καὶ
902 2901 1015 2957 οὔτ’
1044 2903 1103 2971 ἑξ
1127 2903 1394 2975 ἀλλήλων,
1429 2901 1544 2957 οὔτ’
1567 2902 1626 2968 ἑξ
1661 2902 1871 2957 ἑαυτῶν
1899 2899 2041 2956 εῖναι

464 2991 641 3046 ταῦτά
657 3010 860 3063 φαμεν,
883 2994 1028 3049 οὕτω
1052 2996 1150 3065 τῆς
1178 2996 1400 3067 Γραφῆς
1421 2993 1798 3064 διδασκούσηςο
1816 2994 1908 3048 καὶ
1932 2993 2040 3064 γάρ

2149 516 2337 584 φάναι,
2375 516 2995 588 παραγομενοπαράγων
3022 531 3039 548 °
3082 515 3215 569 όταν
3245 513 3310 567 δν
3336 515 3447 584 φῇς
3483 514 3715 583 παράγε-

2149 608 2296 671 σθαι,
2327 609 2721 679 συμπαράγειν
2750 609 3099 678 νουθετήσεις
3128 608 3192 662 τδ
3223 608 3715 677 συμπαραγόμενον

2151 698 2465 767 πρόσωπον,
2492 701 2700 771 τέρατά
2735 718 2858 754 τινα
2909 699 3262 766 παραδιδοὺς,
3310 699 3412 752 καὶ
3447 698 3715 765 θεολογίαν

2148 790 2482 859 ἀνήκουστον
2505 807 2520 821 ⁸
2552 791 2668 845 ἀλλ’
2691 791 2993 860 ἀποτρέπει
3028 807 3087 844 σε
3127 790 3448 852 ’Δθανάσιος
3478 790 3510 842 6
3556 788 3717 858 μέγας

2149 879 2208 932 ἑν
2243 878 2323 949 τῷ
2344 880 2473 951 περὶ
2495 880 2666 935 ἀϊδίου
2695 879 2984 952 ὑπάρξεως
3009 880 3185 949 λέγων
3207 897 3223 914 ·
3258 899 3281 933 ε
3314 880 3510 933 Ἔσται
3539 879 3600 931 τί.
3628 880 3717 933 αὖ·

2147 966 2208 1019 τὸ
2239 966 2414 1023 αἴτιον
2447 971 2540 1023 καὶ
2567 970 2833 1035 αίτιατδν,
2858 968 3064 1035 γεννῶν
3088 969 3184 1024 καὶ
3203 968 3568 1037 γεννώμενον,
3591 970 3717 1037 6129

2147 1059 2371 1126 ἀτοπον,
2407 1080 2427 1114 ι
2461 1064 2553 1116 καὶ
2579 1066 2609 1116 6
2638 1063 2899 1131 Θεολόγος
2939 1062 3136 1132 καινὴν
3180 1062 3330 1132 μίξιν
3358 1060 3636 1130 ὀνομάζων
3661 1062 3718 1113 τδ

2146 1155 2697 1225 γεννητοαγέννητον.
2726 1154 2793 1207 Τί
2824 1155 2933 1224 γάρ
2964 1157 3021 1206 ἐν
3052 1153 3132 1222 τῷ
3164 1153 3347 1222 μέλιτι
3370 1153 3636 1223 κρύπτεις
3662 1153 3719 1204 τὸ

2146 1245 2492 1317 δηλητήριον,
2518 1247 2635 1301 ἀλλ’
2660 1248 2756 1301 οὐκ
2785 1247 2948 1310 εὐθὺς
2972 1248 3377 1310 ἀνακαλύπτεις
3398 1263 3416 1315 ;
3437 1247 3586 1299 Ἔδει
3614 1247 3718 1316 γάρ

2148 1355 2209 1392 σε
2229 1338 2408 1406 λέγειν
2445 1338 2644 1408 μᾶλλον
2667 1339 2851 1403 εὐθὺς,
2887 1338 2945 1392 ἐν
2979 1340 3078 1408 μὲν
3110 1335 3251 1393 εῖναι
3275 1340 3338 1392 τὸ
3365 1339 3637 1408 παράγον,
3659 1339 3718 1391 ἓν

2143 1430 2202 1484 δὲ
2228 1431 2289 1483 τδ
2316 1430 2567 1500 παράγον
2595 1432 2692 1485 καὶ
2730 1431 3141 1501 παραγόμενον,
3178 1430 3239 1483 ἐν
3288 1430 3345 1484 δὲ
3378 1430 3441 1482 τὸ
3476 1432 3721 1499 παραγό-

2148 1537 2311 1590 μενον
2343 1522 2523 1593 μόνον,
2547 1524 2625 1586 ὡς
2658 1524 2723 1577 ἑκ
2747 1522 2856 1575 τῶν
2879 1523 3055 1590 λόγων
3082 1540 3179 1576 σου
3213 1524 3444 1592 φανήσει
3486 1522 3718 1591 φρονῶν.

2158 1613 2302 1667 Ἀλλ’
2332 1615 2408 1678 ὡς
2435 1614 2579 1668 ἔοικε
2599 1616 2664 1669 τὸ
2697 1615 2796 1685 μὲν
2819 1615 2997 1686 ἀληθῆ
3031 1617 3125 1670 τοῦ
3157 1615 3368 1669 τιθέναι
3396 1614 3643 1684 θεμέλιον
3661 1617 3723 1668 ἑκ

2145 1708 2249 1777 τῆς
2276 1707 2522 1777 ἀνάγκης
2556 1708 2656 1777 τῆς
2688 1706 2947 1775 ἀληθείας
2983 1708 3119 1768 ἐστὶ.
3164 1706 3227 1760 τὸ
3275 1705 3335 1759 δὲ
3369 1705 3659 1773 σύμφωνα,
3686 1706 3717 1777 ἢ

2154 1799 2231 1869 μὴ
2254 1799 2499 1863 τοιαῦτα,
2518 1799 2897 1869 ἐποικοδομεῖν
2918 1799 3021 1867 τῆς
3042 1799 3323 1868 ἡμετέρας
3348 1797 3409 1851 ἑν
3430 1800 3544 1860 τοῖς
3563 1797 3699 1851 τοιού

2146 1908 2260 1955 τοις
2293 1889 2492 1961 πείρας
2518 1889 2550 1959 ἢ
2587 1891 2986 1960 προαιρέσεως.
3016 1890 3082 1942 Τί
3109 1891 3167 1942 τι»
3189 1888 3485 1954 ἑντεῦθεν;

2654 2001 3224 2058 ΛΡΓΥΡΟΠΟΥΛΟΣ.

2223 2115 2495 2189 Παράγων
2519 2117 2576 2172 δὲ
2607 2117 2637 2170 δ
2674 2117 2887 2188 Πατὴρ,
2946 2118 3297 2191 παρακτικὰς
3310 2117 3592 2189 δήπουθεν
3614 2118 3723 2183 ἓξει

2155 2208 2439 2281 δυνάμεις,
2470 2211 2895 2281 διακρινομένας
2927 2229 3043 2276 πως
3073 2213 3166 2267 καὶ
3200 2211 3393 2279 αὑτάς,
3424 2209 3505 2276 οἷς
3540 2212 3605 2266 δι’
3628 2212 3724 2266 αὖ·

2148 2303 2259 2355 τῶν
2281 2302 2672 2373 διακρινόμενα
2702 2304 3012 2375 παράγεται
3047 2304 3336 2374 πρόσωπα,
3384 2306 3489 2374 τὴν
3542 2305 3637 2374 μὲν
3684 2297 3719 2378 ᾗ

2150 2395 2242 2448 τὸν
2282 2395 2432 2463 Υιὸν,
2468 2396 2569 2465 τὴν
2603 2395 2647 2450 δ’
2673 2391 2742 2452 αὖ
2774 2397 2940 2453 πάλιν
3054 2397 3297 2468 παράγει
3322 2398 3384 2451 τδ
3421 2395 3641 2468 Πνεῦμα
3666 2396 3725 2451 τδ

2152 2485 2334 2554 ἅγιον.

2721 2557 3181 2658 ΔΓΑΔΛΙΔΝΠΣ.

2222 2720 2394 2775 Τοῦτό
2427 2721 2574 2774 ἑστιν
2607 2721 2636 2772 6
2665 2718 2912 2787 θεμέλιος
2960 2720 3060 2787 τῆς
3109 2718 3468 2786 καινοτομίας
3498 2719 3596 2789 τῆς
3618 2717 3724 2772 τῶν

2150 2815 2326 2879 ἁγίων
2350 2813 2648 2881 θεολογίας.
2673 2812 2768 2876 Τίς
2797 2813 2907 2882 γάρ
2942 2829 3072 2865 ποτε
3106 2811 3213 2867 τῶν
3245 2811 3518 2881 θεολόγων
3546 2811 3723 2881 εἴρηκε

2150 2908 2434 2978 προσεῖναι
2472 2906 2550 2976 τῷ
2581 2905 2752 2975 Πατρὶ
2782 2903 3042 2973 δυνάμεις
3096 2902 3451 2974 παρακτικάς
3488 2905 3550 2956 ἑν
3580 2903 3718 2973 αὐτῷ

2146 2997 2604 3067 διακρινομένας,
2636 2996 2706 3049 δι’
2760 2991 2837 3050 ῶν
2881 2996 3109 3066 προάγει
3152 2996 3222 3049 τὰ
3268 2996 3391 3049 θεῖα
3420 2996 3719 3067 πρόσωπας

466 3085 497 3136 1’
512 3085 770 3156 ρηγόριος
802 3086 831 3139 ό
864 3086 1030 3155 θεῖος,
1066 3088 1201 3141 πολὺ
1238 3087 1466 3157 βελτίων
1519 3085 1598 3140 ὢν
1644 3086 1915 3154 θεολόγος,
1949 3085 2049 3140 Διά
2076 3120 2120 3178 C
2157 3091 2344 3153 Οὐδεὶς
2389 3090 2585 3160 δήπου.
2623 3090 2735 3161 Τῆς
2766 3089 2824 3143 δὲ
2856 3087 3176 3158 καινοτέρας
3199 3088 3412 3159 ταύτης
3456 3088 3722 3156 θεολογίας

468 3177 648 3243 τοῦτο,
683 3178 775 3232 ἐπὶ
804 3177 914 3232 τῶν
945 3179 1231 3250 ἡμετέρων
1261 3179 1403 3250 ὅρων
1450 3178 1753 3247 ἱστάμενοι,
1790 3177 1945 3247 φησὶ,
1988 3176 2049 3229 τὸ

467 3270 768 3342 ἀγέννητον
819 3272 1146 3342 εἰσάγομεν,
1181 3271 1275 3326 καὶ
1332 3270 1395 3324 τὸ
1427 3268 1707 3339 γεννητὸν,
1765 3269 1858 3322 καὶ
1890 3268 1951 3320 τὸ
1988 3270 2051 3321 ἑκ

467 3363 565 3417 τοῦ
600 3363 816 3434 Πατρός
859 3352 1320 3433 ἐκπορευόμενον,
1374 3362 1450 3426 ῶς
1481 3362 1582 3415 πού
1630 3379 1796 3432 φησιν
1824 3361 1984 3424 αὐτὸς
2023 3358 2051 3412 6

467 3456 602 3519 Θεὸς
620 3456 814 3525 Λόγος.
852 3454 942 3525 Τῷ
973 3455 1084 3526 γὰρ
1107 3456 1206 3524 τῆς
1233 3456 1457 3527 Γραφῆς
1479 3456 1753 3525 ἐρείδεται
1778 3452 2050 3523 ἀξιώματι

470 3550 567 3602 καὶ
600 3550 711 3613 τοῖς
742 3547 952 3601 ἐκεῖθεν
982 3548 1289 3619 πεπηγόσιν
1308 3548 1457 3620 ὅροις
1485 3548 1745 3619 ἐμμένειν
1774 3550 1960 3617 φησὶν.
1989 3539 2050 3600 οὗ

470 3639 536 3707 δὴ
576 3637 671 3691 καὶ
699 3638 760 3691 τὸ
790 3640 856 3692 ἑκ
905 3637 1116 3709 Πατρός
1150 3638 1585 3709 ἐκπορευόμενον
1619 3638 2049 3709 προστεθεικὼς,

471 3730 654 3786 πᾶσαν
680 3729 1028 3800 κακοφωνίαν
1073 3731 1184 3786 τῶν
1222 3731 1351 3797 τοὺς
1379 3732 1540 3803 ὄρους
1567 3732 1794 3798 τούτους
1830 3730 2053 3802 παρεξι-

469 3821 638 3879 όντων
665 3823 894 3880 ἀνεῖλεν.
921 3876 929 3883 .

981 3942 1549 4000 ΔΡΓΥΡΟΠΟΥΛΟΣ.

553 4057 653 4110 Ἐν
686 4051 780 4109 οῦν
806 4074 941 4128 φησι
972 4055 1039 4110 δι’
1069 4057 1203 4110 αὐτὸ
1233 4057 1295 4110 τό
1320 4073 1384 4125 γε
1412 4056 1682 4126 παράγον,
1717 4053 1786 4108 τά
1813 4054 1870 4108 δὲ
1891 4054 2055 4108 λοιπά

479 4174 553 4207 πα
563 4155 861 4225 ραγόμενα.
1143 4186 1156 4198 ·
1428 4146 1433 4151 θ

759 4343 768 4352 _
1047 4270 1511 4326 ΑΓΑΔΛΙΑΝΟΣ.

550 4384 746 4449 Καλῶς
768 4385 879 4457 ἔχει
909 4382 1088 4449 τοῦτο,
1129 4383 1270 4455 πλὴν
1292 4384 1390 4454 τῆς
1419 4383 1640 4451 λέξεως,
1676 4385 1724 4438 εί
1759 4384 1920 4456 μέχρι
1937 4383 2059 4438 τού-

2152 3182 2299 3235 ἐστὶν
2340 3181 2585 3252 εὕρημα,
2636 3184 2729 3234 καὶ
2781 3179 2981 3235 ὡσανεὶ
3035 3179 3285 3250 θεμέλιος
3341 3178 3439 3232 τοῦ
3471 3179 3722 3248 δόγματος

2150 3278 2337 3345 τούτου
2360 3273 2451 3328 τοῦ
2480 3271 2689 3342 καινοῦ,
2717 3272 3191 3343 προῦποτιθέντων
3214 3271 3328 3327 τῶν
3369 3270 3532 3325 τοῦτο
3568 3286 3724 3324 κατα-

2154 3367 2527 3430 σκευαζόντων
2554 3368 2611 3420 ἑν
2639 3365 2717 3436 τῷ
2756 3367 2934 3436 Πατρὶ
2993 3363 3199 3429 ταύτας
3224 3364 3293 3427 ἃς
3322 3363 3481 3418 αὐτοὶ
3516 3362 3723 3429 λέγουσι

2152 3459 2408 3529 δυνάμεις
2456 3458 2824 3529 παρακτικὰς,
2871 3455 3025 3521 τάξει
3059 3457 3169 3510 τινὶ
3220 3454 3531 3525 προσούσας
3566 3454 3725 3523 αὐτῷ,

2154 3551 2294 3604 ὥστε
2325 3550 2423 3621 τὴν
2459 3551 2556 3619 μὲν
2600 3546 2746 3605 εῖναι
2779 3550 3055 3621 προτέραν
3079 3550 3213 3613 δεῖν,
3238 3547 3341 3618 τὴν
3368 3547 3427 3602 δὲ
3456 3547 3722 3616 δευτέραν,

2155 3644 2222 3697 ἶν’
2255 3641 2399 3697 οὕτω
2425 3644 2750 3712 προάγοιντο
2772 3643 2868 3696 καὶ
2895 3642 2963 3696 τά
2992 3641 3114 3696 θεῖα
3142 3642 3414 3713 πρόσωπα
3442 3655 3458 3671 ο
3492 3640 3726 3710 προλαμ-

2154 3738 2425 3807 6ανούσης
2450 3736 2648 3807 δηλαδὴ
2678 3737 2776 3807 τῆς
2802 3735 3129 3806 γεννητικῆς
3164 3734 3456 3802 δυνάμεως
3476 3734 3571 3786 καὶ
3602 3734 3724 3799 ὕφε-

2157 3830 2370 3900 στώσης
2397 3829 2672 3906 τὸνοΥίὸν,
2703 3829 2791 3882 ἴνα
2822 3827 3004 3898 φθάσῃ
3038 3826 3423 3898 συμπροάγειν
3456 3824 3533 3894 τῷ
3564 3822 3724 3891 Harp!

2108 3956 2111 3960 ι
2153 3923 2215 3976 τὸ
2245 3924 2388 3975 θεῖον
2415 3922 2657 3990 Πνεῦμα,
2693 3917 3178 3988 κοινοποιουμένης
3210 3916 3313 3987 τῆς
3343 3916 3537 3986 ἑτέρας
3563 3931 3725 3981 παρα-

2156 4015 2353 4083 κτικῆς
2401 4013 2703 4083 δυνάμεως,
2763 4014 2864 4081 τῆς
2918 4008 3221 4080 λεγομένης
3266 4006 3637 4079 προόλητικῆς
3657 4004 3724 4071 τῷ

2156 4106 2296 4176 Υίῷ,
2317 4106 2393 4176 τῷ
2425 4106 2626 4170 φθάσαι
2652 4103 2857 4173 ταύτην
2886 4102 3071 4157 λαϐεῖν
3092 4103 3151 4156 ἑν
3181 4100 3263 4171 τῷ
3293 4099 3604 4168 γεννᾶσθαι.
3626 4094 3722 4151 Τοῦ

2157 4198 2213 4252 δὲ
2244 4198 2556 4268 Πνεύματος
2576 4193 3028 4265 ἀποκλειομένου,
3052 4192 3134 4263 τῷ
3168 4193 3355 4264 λαχεῖν
3384 4192 3722 4262 ύστερογενε-

2161 4294 2358 4364 στέρας
2407 4289 2687 4359 δυνάμεως
2748 4288 2848 4357 τῆς
2907 4284 3267 4356 παραγούσης
3295 4283 3472 4355 αὐτῷ,
3525 4280 3722 4336 καὶδιά

2158 4383 2317 4436 τοῦτο
2380 4381 2456 4451 μὴ
2511 4381 2724 4451 ἔχοντος
2779 4378 3011 4447 δύναμιν
3061 4375 3415 4448 παρακτικὴν
3470 4373 3609 4429 κατὰ
3644 4372 3722 4426 τὸν

475 4497 570 4534 του
606 4481 817 4549 σταίηςο
841 4480 890 4532 εί
917 4479 1025 4548 γὰρ
1045 4477 1103 4532 ἓν
1129 4480 1244 4531 ἐστι
1273 4476 1336 4530 τὸ
1367 4479 1612 4549 προάγον
1643 4479 1701 4531 ἑν
1733 4480 1849 4540 τοῖς
1880 4478 2053 4547 τρισί,
2090 4485 2130 4539 ι)
2160 4475 2290 4527 Υίδν
2320 4472 2528 4527 καὶτὸν
2553 4471 2790 4540 Πατέρα,
2825 4468 2961 4522 ἀλλὰ
2992 4467 3112 4521 κατ’
3144 4466 3276 4521 αύτδ
3302 4464 3463 4519 τοῦτο
3490 4461 3723 4524 ἑλλιποῦς

475 4571 636 4626 τοῦτο
658 4569 702 4624 δ’
729 4571 879 4624 ἑστιν
904 4571 932 4624 6
962 4570 1172 4640 Πατὴρ,
1205 4569 1299 4625 καὶ
1328 4571 1488 4641 μόνος
1527 4570 1686 4636 εἴπερ
1717 4567 1796 4628 ἓν,
1823 4568 1921 4620 οὐκ
1951 4568 2056 4639 ἄρα

477 4669 506 4717 6
535 4663 686 4729 Υἱὸς,
715 4662 835 4715 οὐδὲ
871 4661 1010 4731 μετά
1033 4660 1130 4713 τοῦ
1163 4660 1294 4714 Υίοῦ
1321 4662 1349 4714 6
1383 4661 1595 4728 Πατήρ.
1625 4657 1700 4710 Τὸ
1729 4656 1773 4709 δ’
1804 4656 1935 4709 αὐτὸ
1964 4657 2058 4710 καὶ

477 4756 572 4808 ἰπὶ
599 4755 708 4808 τῶν
739 4754 1060 4825 προϊόντωνο
1088 4751 1181 4806 δύο
1215 4751 1322 4805 εἰσὶ
1343 4751 1411 4806 τά
1437 4749 1716 4820 προϊόντα,
1744 4750 1772 4802 6
1808 4747 1933 4812 Υἱὸς
1966 4748 2059 4800 καὶ

479 4847 539 4897 τ’)
571 4846 825 4915 Πνεῦμαο
865 4847 966 4899 οὐκ
987 4847 1095 4917 ἀρα
1125 4848 1153 4898 6
1177 4846 1304 4908 Υἱὸς
1324 4843 1578 4913 προάγει.
1604 4839 1776 4894 Τοῦτο
1802 4840 1894 4893 καὶ
1918 4839 2060 4909 Γρη-

481 4936 651 5005 γορίῳ
681 4937 826 4991 δοκεῖ
857 4938 934 5007 τῷ
971 4937 1244 5008 Θεολόγῳ
1274 4939 1333 4989 ὲν
1362 4938 1474 4998 τοῖς
1515 4933 1654 5005 πρὸς
1696 4932 1925 5002 Ἥρωνα
1976 4930 2061 4984 λέ-

482 5044 666 5096 γοντι·
715 5029 959 5098 Ἀληθῶς
1009 5030 1227 5100 Πατέρα
1278 5028 1371 5082 τὸν
1421 5027 1657 5098 Πατέρα,
1716 5026 1800 5079 ὅτι
1851 5023 2052 5096 μόνως,

485 5119 805 5188 ἰδιοτρόπως
846 5123 977 5190 γὰρ,
1009 5122 1104 5173 καὶ
1137 5121 1318 5190 μόνος,
1350 5122 1412 5173 o6
1443 5118 1551 5189 γὰρ
1605 5118 1747 5185 μετά
1772 5115 2057 5184 συζυγίας,

484 5212 579 5266 καὶ
608 5210 790 5280 μόνου,
823 5213 1150 5279 μονογενοῦς
1189 5212 1326 5281 γάρ’
1374 5211 1469 5266 καὶ
1500 5211 1660 5281 μόνον
1690 5208 1906 5279 ἀληθῶς
1934 5206 2061 5259 Υἱὸν

481 5305 575 5356 τὶν
615 5301 779 5355 Υίόνο
827 5303 912 5356 ὅτι
950 5303 1109 5372 μόνος
1142 5303 1236 5358 καὶ
1277 5304 1464 5375 μόνου,
1495 5303 1590 5357 καὶ
1627 5303 1804 5374 μόνως
1839 5300 1933 5354 καὶ
1961 5299 2059 5369 μό-

483 5409 601 5447 νον·
652 5397 699 5449 εί
733 5394 840 5464 γὰρ
890 5396 1098 5468 Πατὴρ,
1131 5396 1227 5450 καὶ
1278 5398 1398 5451 ὅλον
1444 5396 1595 5461 Υίός.
1630 5395 1695 5450 El
1739 5390 1836 5448 οὖν
1884 5393 2064 5462 μόνως

485 5487 679 5559 Πατὴρ
706 5488 734 5540 ὁ
766 5488 975 5559 Πατὴρ,
1009 5490 1103 5543 καὶ
1134 5491 1192 5542 ού
1230 5489 1369 5560 μετά
1393 5486 1656 5557 συζυγίας
1699 5526 1714 5543 .
1759 5523 1775 5541 .
1820 5484 1980 5539 τοῦτο
2005 5485 2065 5538 δέ

487 5580 636 5634 ἑστιν
677 5581 705 5634 6
737 5579 951 5649 Πατὴρ,
982 5581 1262 5650 γεννήτωρ
1311 5581 1410 5634 καὶ⁵
1437 5578 1758 5650 προὸολεὺς,
1794 5575 1977 5638 καλῶς
2000 5574 2066 5629 ἂν

487 5668 599 5742 εἶχέ
627 5688 710 5726 σοι
731 5672 898 5744 μέχρι
930 5669 1119 5725 τούτου
1149 5649 1490 5741 στῆναιίκαὶ
1519 5672 1632 5731 τοῖς
1673 5671 1818 5738 ὅροις
1855 5666 2066 5728 τούτοις

491 5763 770 5836 ἐμμένειν.
799 5767 871 5821 Σὺ
893 5765 948 5821 δὲ
979 5765 1187 5834 προῖὼν
1227 5765 1326 5835 τὴν
1359 5761 1554 5832 καινὴν
1584 5759 1731 5831 μίξιν
1757 5761 2066 5831 ἐπινοήσεις

2167 4567 2338 4629 δντος.
2376 4565 2441 4619 "A
2472 4564 2644 4632 πόσης
2679 4562 2893 4632 ἔχονται
2936 4560 3319 4635 βλασφημίας,
3342 4559 3544 4619 πάντες
3579 4557 3644 4611 ἂν
3662 4556 3724 4607 εἰ·

2158 4659 2297 4711 δεῖεν
2320 4656 2368 4709 οἱ
2391 4656 2481 4709 καὶ
2508 4657 2733 4725 μετρίαν
2762 4654 2819 4706 ἐν
2846 4655 2958 4716 τοῖς
2990 4651 3255 4714 τοιούτοις
3279 4649 3486 4720 εἴδησιν
3506 4649 3720 4718 ἔχοντες.

2171 4745 2313 4800 Ἀλλ’
2342 4746 2447 4799 ἔδει
2474 4746 2647 4815 δήπου
2675 4741 2877 4805 ταύτας
2903 4742 2999 4803 τὰς
3023 4740 3283 4811 δυνάμεις
3303 4742 3400 4794 καὶ
3426 4738 3723 4811 προσειπεῖν

2158 4836 2192 4905 ἢ
2223 4833 2499 4896 ούσιώδεις
2529 4832 2626 4885 καὶ
2655 4831 2914 4899 φυσικὰς,
2946 4830 2978 4901 ἢ
3017 4824 3410 4893 ύποστατικάς.
3440 4827 3603 4885 Οῦτω
3629 4827 3722 4896 γὰρ

2165 4945 2227 4998 με
2239 4926 2567 4996 μαθήκαμεν
2591 4926 2728 4996 πρὸς
2757 4926 2856 4994 τῆς
2901 4925 3050 4991 ἱερᾶς
3083 4922 3362 4992 θεολογίας
3385 4922 3604 4976 πάντων
3630 4920 3720 4971 τῶν

2161 5016 2642 5087 ἑπιθεωρουμένων
2665 5015 2698 5086 ἢ
2730 5015 3038 5083 λεγομένων
3059 5016 3117 5067 ἐν
3140 5016 3207 5085 τῇ
3232 5012 3544 5085 ύπερουσίῳ
3574 5010 3721 5082 Τριά-

2159 5110 2230 5175 δι,
2264 5110 2331 5164 τὰ
2363 5110 2461 5180 μὲν
2489 5107 2724 5176 οὐσιώδη
2772 5101 2936 5168 εῖναι,
2965 5107 3033 5159 τά
3067 5106 3125 5160 δὲ
3151 5106 3517 5160 ύποστατικά’
3544 5106 3640 5158 καὶ
3667 5102 3721 5154 τὰ

2165 5202 2264 5272 μὲν
2293 5203 2400 5255 ἀπὸ
2429 5198 2522 5254 τοῦ
2554 5198 2715 5266 λόγου
2760 5198 2859 5266 τῆς
2890 5196 3079 5258 οὐσίας
3102 5195 3392 5266 ἀνίσχοντα
3416 5193 3721 5262 κατηγορεῖ-

2165 5292 2287 5345 σθαι
2335 5291 2433 5344 καί¹
2478 5288 2587 5342 τῶν
2613 5288 2782 5359 τριῶν
2831 5288 3160 5356 προσώπων.
3199 5287 3344 5340 Ὀσα
3383 5286 3494 5356 γάρ
3520 5281 3720 5353 φησινό

2164 5383 2311 5455 ἱερὸς
2340 5378 2612 5443 Διονύσιος
2657 5378 2752 5430 ἐπὶ
2781 5376 2876 5430 τοῦ
2912 5377 3126 5445 Πατρός
3166 5376 3262 5429 καὶ
3310 5376 3478 5429 αὐτοῦ
3504 5376 3620 5446 ἦτοι
3642 5367 3718 5423 τοῦ

2164 5476 2320 5541 Υίοῦ,
2342 5473 2419 5542 τῷ
2447 5469 2728 5542 θεαρχικῷ
2755 5468 3035 5537 Πνεύματι
3068 5467 3406 5529 κοινωνικῶς
3457 5467 3551 5519 καὶ
3599 5466 3720 5534 ἠνω-

2169 5568 2346 5640 μὲνως
2376 5562 2665 5634 ἀνατίθησι
2712 5560 2812 5623 τὰς
2841 5559 3156 5631 θεουργίας,
3188 5560 3249 5614 τδ
3277 5559 3471 5625 σέϐας,
3501 5557 3597 5626 τὴν
3637 5568 3719 5622 περ

2167 5658 2330 5726 γαίαν
2374 5654 2469 5709 καὶ
2501 5653 2840 5722 ἀνέκληπτον
2896 5651 3101 5716 αἰτίαν,
3161 5651 3259 5704 καὶ
3315 5646 3579 5719 διανομὴν
3626 5642 3719 5696 τῶν

2174 5748 2396 5821 ἀγαθῶν
2439 5745 2649 5817 δώρων.
2703 5741 2812 5798 Καὶ
2858 5742 3047 5797 οὐδένα
3099 5740 3212 5795 τῶν
3240 5742 3355 5805 τοῖς
3380 5739 3544 5804 θείοις
3565 5736 3716 5805 λόγοις
