3904 6222
163 314 301 385 1οΠ

1232 329 1685 392 REFUTATIO
1727 332 2244 398 ARGYROPULI.

3289 336 3427 405 1018

161 434 541 505 ἀδιαστρόφοις
583 436 815 504 ἐννοίαις
878 440 1337 514 ὲντεθραμμένων
1402 442 1560 517 οἶμαι
1606 449 1742 520 πρὸς
1773 458 1820 514 Α
1849 450 2087 504 ἑοικέναι
2112 450 2338 521 βούλοιτ’
2383 450 2467 517 ἂν,
2500 453 2576 516 ὡς
2606 451 2687 519 τῷ
2715 452 3113 522 διακεκρίσθαι,
3144 450 3289 508 οὕτω
3328 456 3426 510 καὶ

161 526 320 581 τοῦτο
348 528 612 598 ἀντερεῖν,
636 529 719 583 ὅτι
745 532 811 585 τὰ
834 532 1113 606 θεοπρεπῆ
1139 536 1318 590 πάντα
1349 541 1415 609 τῇ
1444 541 1541 611 ὅλῃ
1577 542 1739 612 θεαρ-

159 618 260 689 χίᾳ
302 617 564 686 πρόσεστι
595 620 738 674 κατὰ
762 622 853 676 τὸν
884 622 1103 695 θεοτελῆ
1148 626 1324 695 λόγον.
1358 629 1500 682 Ὅσα
1535 631 1590 684 δὲ
1625 636 1743 695 ταῖς

162 708 496 763 ὑποστάσεσι
514 711 862 782 προσήκει,ἢ
899 716 1135 768 τοιαῖσδε
1172 716 1560 785 ὑποστάσεσιν,
1593 722 1745 774 ἀκοι-

162 801 378 873 νώνητα
410 802 758 858 παντάπασιν
786 799 924 857 εῖναι
958 806 1051 858 καὶ
1090 807 1285 876 ἀμιγῆ,
1334 809 1409 872 ὡς
1446 811 1741 883 ἰδιότητας,

159 891 419 963 οὐδεμιᾶς
463 895 519 946 ὲν
548 892 758 957 τούτοις
783 896 1168 967 ἀντιστροφῆς,
1198 899 1230 969 ἢ
1263 900 1401 964 ὅλως
1430 903 1745 973 κοινότητος

160 986 621 1056 ὲπεισαγομένης,
647 991 811 1055 φησὶν
834 990 862 1041 ὀ
889 989 1373 1056 αὑτὸςοΔιονύσιος.
1399 994 1520 1058 Πῶς
1547 996 1656 1063 γὰρ
1680 997 1745 1049 ἂν

160 1075 256 1129 καὶ
287 1075 445 1146 μείνῃ
478 1076 678 1140 ἰδιότης
705 1078 997 1148 κινουμένη
1028 1080 1125 1131 καὶ
1157 1083 1606 1150 μεταπίπτουσα;
1629 1087 1745 1139 Μέ-

163 1184 257 1219 σον
276 1166 335 1220 δέ
366 1184 420 1220 τι
445 1166 649 1220 τούτων
669 1167 803 1239 ἡμῖν
828 1171 875 1221 οἰ
912 1169 1151 1241 θεολόγοι
1181 1172 1278 1243 τῆς
1326 1174 1654 1245 Ἐκκλησίας
1682 1176 1742 1229 οὐ

162 1260 509 1331 παρέδωκαν,
548 1260 662 1313 ἀλλ’
690 1261 723 1331 ἠ
752 1261 913 1331 καινὴ
939 1260 1079 1333 αῦτη
1124 1263 1371 1334 θεολογία
1403 1267 1744 1338 ἑκατέρωθεν

160 1351 345 1420 ὁρῶσα
372 1344 416 1420 ᾧ
447 1352 791 1422 περιπίπτει,
819 1356 868 1406 εί
905 1360 1001 1407 καὶ
1032 1356 1108 1426 μὴ
1138 1356 1412 1427 ὁμολογεῖ,
1446 1358 1478 1429 ἢ
1514 1360 1588 1430 μὴ
1614 1362 1746 1425 νοεῖ,

162 1444 249 1496 ἵνα
278 1444 354 1514 μὴ
376 1442 721 1513 ὲτεροούσιον
758 1446 1016 1517 ἀποφήνῃ
1039 1448 1099 1499 τὸ
1120 1447 1366 1518 Πνεῦμα,
1392 1451 1440 1503 εί
1463 1451 1745 1516 οὐσιῶδεις

160 1534 312 1588 εἴποι
345 1535 443 1599 τὰς
496 1535 756 1607 δυνάμεις
810 1538 1034 1604 ταύτας,
1094 1538 1170 1610 μὴ
1212 1540 1440 1611 μετέχον
1490 1543 1584 1595 καὶ
1615 1545 1748 1598 αὐτὸ

159 1630 418 1697 τοιαύτης
444 1627 587 1691 τινὸς
608 1630 959 1699 παρακτικῆς
988 1630 1295 1699 δυνάμεως,
1325 1634 1464 1701 μήτε
1486 1636 1551 1705 τῇ
1586 1635 1750 1706 δυαρ-

159 1720 257 1792 χίᾳ
287 1721 560 1792 περιπέσῃ
586 1720 661 1788 τῷ
688 1722 1058 1786 ὑποστατικὰς
1088 1720 1156 1778 αὗ
1184 1728 1526 1795 προσειπεῖν,
1556 1727 1747 1797 ὥσπερ

159 1811 218 1863 ἐν
248 1812 564 1881 μεταιχμίῳ
593 1812 810 1883 ἵστησιν
840 1814 1067 1881 ταύτας,
1098 1816 1218 1869 ἀλλ’
1249 1818 1531 1890 οὐδέτερον
1554 1823 1744 1885 αὑταῖς
1774 1802 1824 1863 Β

161 1902 598 1973 προσμαρτυρεῖ,
633 1904 740 1968 ἕως
772 1904 837 1958 ἂν
860 1907 1034 1976 ἀρχὰς
1068 1908 1314 1981 ὀνομάσῃ
1339 1912 1429 1963 καὶ
1452 1913 1748 1984 γονιμότη⁴

158 2013 257 2058 τας
292 1997 476 2060 κοινὰς
508 1998 682 2069 Πατρὶ
713 2000 808 2053 καὶ
830 1999 964 2069 Υίῴ,
1018 2000 1081 2053 οὐ
1121 2001 1228 2071 μὴν
1262 2003 1352 2055 καὶ
1382 2003 1459 2073 τῷ
1490 2006 1748 2074 Πνεύμα·

160 2094 234 2153 τι,
274 2090 533 2153 ἐναντίως
564 2092 662 2144 καὶ
708 2091 884 2161 τούτῳ
932 2096 1043 2157 τοῖς
1078 2094 1445 2159 διδασκάλοις,
1487 2099 1557 2150 τὰ
1591 2099 1748 2153 κοινὰ

160 2183 341 2253 Πατρὶ
387 2184 481 2237 καὶ
515 2183 629 2255 Υἱῷ
658 2188 815 2238 κοινά
848 2186 941 2237 καὶ
962 2185 1040 2256 τῷ
1073 2187 1352 2257 Πνεύματι
1378 2189 1651 2258 λέγουσιν.

464 2360 465 2363 γ
670 2298 1243 2355 ΑΡΓΥΡΟΠΟΥΑΟΣ.

229 2409 307 2463 Ἦ
332 2411 521 2475 κοινὰς
554 2410 656 2479 μὲν
690 2415 785 2463 καί¹
813 2411 893 2482 τῷ
945 2415 1248 2484 Πνεύματι,
1285 2415 1401 2469 ἀλλ’
1431 2419 1490 2471 ὲν
1517 2418 1747 2485 ἐκείνοις

160 2499 261 2569 μὲν
323 2502 460 2571 μετὰ.
511 2502 612 2574 τῆς
660 2503 982 2575 ἐνεργείας,
1030 2508 1089 2561 ἐν
1136 2506 1309 2579 τούτῳ
1341 2508 1399 2561 δὲ
1433 2508 1555 2582 δίχα
1588 2513 1744 2582 ἐνερ-

160 2590 342 2656 γείας.

710 2708 1066 2764 ΔΓΑΛΛΙᾹΝ
1072 2714 1176 2767 ΟΣ.

229 2814 302 2870 Τί
332 2811 1028 2892 τούτουτερατωδέστερον
1060 2825 1298 2895 ἤκουσεν
1334 2825 1667 2897 ἄνθρωπος;

674 2935 1243 2993 ΑΡΓΥΡΟΠΟΥΛΟΣ.

240 3049 449 3123 Ἀρχὰς
480 3051 537 3106 δέ
569 3070 703 3123 φησι
734 3055 828 3108 καὶ
862 3058 1222 3126 γονιμότητας
1263 3057 1400 3127 μήτε
1453 3060 1741 3129 παραγού-

158 3159 281 3208 σας,
313 3143 451 3215 μήτε
489 3148 883 3218 παραγομένας
907 3164 921 3182 ·
950 3149 1212 3220 ἑκάτερον
1239 3150 1351 3221 γὰρ
1381 3150 1740 3217 ὑποστάσεως
1770 3133 1815 3194 C

159 3234 296 3289 ῐδιον

724 3352 1184 3409 ΑΓΑΛΛΙΑΝΟΣ.

224 3465 345 3521 Καὶ
375 3465 457 3529 τίς
506 3467 541 3537 ἡ
571 3466 743 3537 πολλὴ
776 3466 985 3537 σπουδὴ
1032 3466 1291 3536 δυνάμεις
1342 3467 1599 3536 ἐπινοεῖν,
1652 3469 1749 3523 καὶ

154 3561 336 3633 ἀρχὰς
384 3560 557 3623 αὑτὰς
590 3560 878 3629 ὀνομάζειν
931 3561 1026 3612 καὶ
1076 3561 1463 3632 γονιμότητας,
1520 3564 1614 3616 καί⁵
1649 3564 1748 3617 ὅσα

157 3655 356 3725 μηδεὶς
382 3656 491 3708 τῶν
523 3654 787 3723 θεολόγων
819 3654 1139 3723 ἐτόλμησεν,
1174 3654 1332 3724 εἴπερ
1354 3657 1482 3709 ἴδιον
1509 3657 1746 3713 ὑποστά-

156 3764 299 3811 σεως
328 3732 388 3800 τὸ
420 3748 687 3818 προάγειν
715 3747 747 3818 ἢ
777 3748 1069 3817 προῖέναι;
1108 3748 1218 3801 Καὶ
1246 3748 1365 3812 πῶς
1399 3750 1457 3802 οὐ
1486 3750 1746 3806 τοσαῦται

156 3841 353 3911 ἀρχαὶ,
386 3841 509 3893 ὅσαι
535 3840 629 3891 καὶ
665 3840 991 3901 ὑποστάσεις
1021 3841 1077 3892 αἱ
1108 3844 1487 3910 προάγουσαι;
1528 3840 1594 3895 Ἦ
1626 3841 1746 3897 τίνοι

155 3934 393 4002 δύναμιν
415 3932 635 4002 ἔχουσαι
661 3934 716 3985 αἱ
747 3930 1102 4003 ἐξευρημέναι
1138 3934 1300 3989 αὗται
1335 3937 1612 4003 δυνάμεις,
1648 3938 1747 4001 τὰς

156 4025 493 4087 ὑποστάσεις
522 4024 828 4093 ἀμέμπτως
884 4024 1252 4094 συναλείφειν,
1281 4027 1348 4095 ἢν
1370 4026 1431 4078 ού
1460 4026 1746 4091 Σαὸέλλιος

155 4117 407 4187 ἐξευρεῖν
434 4115 737 4184 δεδύνηται,
786 4112 870 4181 ἐφ’
901 4108 945 4181 ᾧ
997 4118 1092 4167 καὶ
1138 4115 1318 4177 ἁθῶος
1353 4116 1613 4184 γενέσθαι
1652 4116 1744 4169 τοῦ

156 4210 579 4279 κατακρίματος
604 4223 620 4274 ;
657 4208 700 4258 Τ
705 4206 870 4277 ρόπον
899 4205 991 4259 οῦν
1020 4207 1177 4259 ἄλλον
1207 4207 1339 4277 ἡμῖν
1374 4208 1746 4276 παραδίδωσιν

156 4305 189 4373 ή
216 4301 444 4371 τοιαύτη
476 4300 586 4353 τῶν
608 4299 892 4367 δυνάμεων
923 4299 1133 4351 ἐπίνοια
1161 4299 1475 4370 καινότερον
1498 4294 1746 4371 καίξὰνή-

154 4406 389 4444 κουστον
416 4394 528 4451 τοῖς
567 4389 761 4456 ἁγίοις,
795 4387 870 4449 ὡς
902 4386 968 4439 ἂν
997 4389 1142 4440 εἴποι
1186 4406 1267 4453 τις
1300 4391 1627 4461 γεννηθέντα
1652 4392 1744 4443 τὸν

1848 539 1926 609 τῷ
1953 539 2141 610 τρόπῳ
2178 538 2279 607 τῆς
2326 540 2675 610 διακρίσεως,
2714 542 2835 593 ἐπεὶ
2866 542 2962 595 καὶ
2992 547 3307 612 προεπινοεῖ
3326 546 3430 616 τὴν

1857 633 2173 700 γεννητικὴν
2206 630 2305 700 τῆς
2341 632 2732 700 προϐλητικῆς,
2766 633 2841 694 ὡς
2877 633 2977 685 καὶ
3007 634 3125 687 ἐκεῖ
3156 637 3431 707 προτέραν

1848 716 2013 776 οὖσαν
2039 721 2237 791 δήπου,
2269 721 2346 785 ὡς
2388 722 2446 774 τὸ
2474 724 2733 793 γεννητδν
2770 721 2866 775 τοῦ
2903 712 3248 796 έκττορευτυῦ
3280 729 3432 796 λέγει

1850 816 2139 885 πρότερον.
2168 814 2228 867 Εί
2263 813 2309 867 δ’
2346 815 2474 868 ἄλλο
2507 832 2559 868 τι
2610 814 2853 884 βούλοιτο
2897 818 3101 888 λέγειν,
3134 821 3315 890 ὀλίγον
3352 821 3432 892 τῷ

1848 905 1993 976 λόγῳ
2022 904 2302 977 βοηθήσει.
2344 907 2547 977 Ἀρχὰς
2578 907 2636 961 δέ
2670 925 2836 979 φησιν
2863 908 3027 973 οὔσας
3044 929 3102 964 τε
3135 914 3229 967 καὶ
3266 914 3429 968 δυνά-

1852 1014 1974 1066 μεις
2016 998 2111 1051 καὶ
2139 999 2522 1067 γονιμότητας.

1922 1090 2265 1159 Παραχθήτω
2298 1107 2381 1153 τις
2402 1091 2513 1144 τῶν
2545 1092 2716 1161 ἁγίων
2735 1095 2908 1149 ταῦτα
2936 1097 3109 1165 λέγων
3139 1102 3228 1153 καὶ
3253 1102 3428 1174 ἀρχὰς

1849 1180 1941 1232 καὶ
1963 1180 2349 1249 γονιμότητας.
2416 1181 2557 1235 Ἀλλ’
2584 1183 2683 1236 οὑκ
2712 1183 2861 1238 ἐστιν
2885 1201 2898 1217 ⁸
2933 1188 3096 1252 αὐτὸς
3134 1190 3191 1242 δὲ
3223 1194 3430 1261 προῖὼν

1848 1268 2039 1339 ὥσπερ
2097 1272 2161 1323 ὲκ
2218 1272 2528 1341 μεταμέλου
2578 1274 2674 1343 τὴν
2707 1275 2802 1329 τοῦ
2833 1276 3046 1348 Πατρὺς
3078 1281 3267 1336 οὐσίαν
3293 1278 3437 1338 εἶναι

1848 1363 2013 1431 φησει
2058 1361 2161 1432 τὴν
2206 1364 2380 1432 ἀρχὴν
2408 1364 2504 1417 καὶ
2532 1364 2633 1435 τὴν
2676 1366 2907 1436 δύναμιν
2940 1370 3039 1437 τῆς
3093 1377 3439 1445 παραγωγῆς

1847 1453 1956 1504 τῶν
1991 1451 2150 1506 θείων
2200 1453 2533 1523 προσώπων.
2588 1453 2707 1510 Εἶθ’
2734 1458 2923 1529 ῶσπερ
2964 1461 3092 1524 τοὺς
3154 1463 3437 1532 θεολόγους

1847 1540 2051 1607 δεδιὼς,
2116 1544 2253 1614 μήτε
2285 1545 2552 1613 προάγειν
2575 1587 2591 1612 ,
2653 1551 2792 1619 μήτε
2824 1551 3075 1618 προϊέναι
3114 1553 3213 1623 τὴν
3246 1556 3437 1608 οὐσίαν

1851 1634 2182 1703 φάσκοντας,
2217 1634 2457 1699 ξυνεῖναι
2487 1638 2654 1706 φήσει
2705 1642 2771 1710 τῇ
2801 1641 2984 1713 οὐσίᾳ,
3015 1643 3111 1699 καὶ
3140 1645 3257 1700 ἀλλ’
3297 1645 3437 1701 ἄττα

1849 1726 1949 1797 τὴν
1976 1728 2234 1798 διαφορὰν
2265 1728 2523 1782 ποιοῦντα
2558 1731 2669 1782 τῶν
2701 1731 3009 1801 δυνάμεων.

2385 1841 2959 1902 ΑΡΓΥΡΟΠΟΥΛΟΣ.

1923 1958 2114 2013 Ταῦτα
2147 1958 2204 2013 δὲ
2221 1958 2344 2024 νοῦς
2370 1958 2437 2014 ἂν
2462 1954 2571 2012 εἷεν
2609 1960 2703 2014 καὶ
2732 1960 3007 2031 βούλησις.

2413 2071 2878 2128 ΔΓΑΛΛΙΑΝΟΣ.

1923 2181 2037 2235 Οὐκ
2067 2177 2165 2235 οἷδ’
2197 2182 2379 2251 ὲξότου
2424 2184 2583 2239 τοῦτο
2613 2185 2795 2238 λαόὠν
2817 2202 2831 2218 ο
2868 2188 2916 2239 εί
2968 2186 3067 2257 μὲν
3098 2187 3203 2258 γὰρ
3232 2190 3434 2245 ταυτδν

1852 2273 2103 2343 βούλεται
2146 2275 2244 2347 τὴν
2270 2276 2503 2345 δύναμιν
2544 2273 2684 2329 εἶναι
2716 2278 2810 2329 καὶ
2843 2276 2941 2347 τὴν
2969 2280 3176 2343 οὐσίαν,
3218 2282 3313 2334 καὶ
3345 2285 3437 2335 ού-

1851 2365 1973 2426 σίας
2004 2368 2121 2435 ὲρεῖ
2170 2366 2267 2436 τὴν
2327 2370 2458 2437 μίαν
2499 2369 2718 2429 οὐσίαν,
2753 2369 2942 2438 ῶσπερ
2974 2369 3069 2423 καὶ
3124 2371 3299 2441 ἀρχὰς
3344 2376 3439 2427 καὶ

1849 2456 2106 2525 δυνάμεις
2135 2456 2306 2521 οὔσας
2353 2458 2539 2510 καλεῖο
2576 2459 2700 2512 εἰδὲ
2728 2461 2786 2512 οὺ
2820 2460 3070 2529 βούλεται
3095 2462 3274 2527 τοῦτο,
3330 2464 3432 2535 τὴν

1854 2548 1951 2618 μὲν
1977 2548 2053 2618 τῷ
2104 2550 2282 2618 Πατρὶ
2328 2550 2654 2621 ὁριζομένην
2704 2551 2897 2605 οὐσίαν
2942 2548 3081 2606 εἶναι
3117 2554 3215 2623 τὴν
3260 2556 3440 2628 ἀρχὴν

1850 2640 1959 2693 τῶν
1989 2640 2048 2704 ἐξ
2082 2640 2249 2694 αὑτοῦ
2278 2644 2584 2712 προϊόντων
2616 2643 2953 2715 προσώπων.
2984 2644 3200 2709 Ταύτας
3235 2647 3293 2700 δὲ
3339 2650 3441 2713 τὰς

1849 2730 2113 2800 δυνάμεις
2145 2733 2241 2784 καὶ
2285 2735 2651 2801 γονιμότητας
2687 2735 2753 2795 ἃς
2780 2736 3021 2800 ξυνεῖναι
3064 2740 3129 2807 τῇ
3165 2739 3324 2807 οὐσίᾳ
3348 2740 3440 2794 λέ-

1849 2837 1955 2889 γει,
1986 2824 2077 2873 καὶ
2111 2821 2235 2875 νοῦν
2266 2840 2324 2874 τε
2351 2824 2446 2874 καὶ
2479 2824 2736 2892 βούλησιν
2765 2826 3023 2892 ὀνομάζει
3059 2831 3441 2897 καινοτρόπως

1848 2912 1925 2975 ὡς
1957 2913 2225 2984 ἰδιότητας
2249 2913 2671 2982 ὲπιθεωρεῖσθαι
2699 2919 2766 2987 τῇ
2801 2920 2982 2991 οὐσία,
3027 2915 3098 2971 ἶν’
3125 2920 3264 2992 αὕτη
3302 2924 3442 2990 μετὰ

1848 3004 1949 3075 τῆς
1982 3006 2244 3076 ἰδιότητος
2300 3007 2387 3073 εἴη
2424 3004 2726 3072 ὑπόστασις
2766 3011 2907 3083 ἁρχὴ
2966 3016 3298 3085 προακτικὴ,
3326 3016 3437 3070 ἀπὸ

1850 3097 2009 3162 ποίας
2036 3098 2283 3169 ἀνάγκης
2311 3098 2585 3166 ἀποδείξει
2624 3103 2831 3166 ταύτας
2864 3103 2965 3167 τὰς
3019 3106 3289 3177 ἰδιότητας
3319 3126 3437 3163 κοι-

1856 3192 2078 3247 νοῦσθαι
2118 3196 2210 3248 καὶ
2244 3194 2324 3265 τῷ
2384 3195 2522 3265 Υίῷ,
2562 3197 2639 3266 τῷ
2688 3196 2969 3265 Πνεύματι
3015 3198 3071 3250 δὲ
3105 3200 3224 3269 μή;
3269 3197 3438 3271 Οἶμαι
3474 3236 3475 3241 η

1857 3284 2028 3338 πολλὰ
2052 3285 2245 3356 καμὼν
2274 3287 2334 3340 οὑ
2366 3287 2557 3354 δείξει,
2589 3287 2747 3359 θήσει
2778 3287 2834 3341 δὲ
2866 3289 3025 3357 μόνον
3058 3290 3229 3344 πολλά
3261 3293 3438 3363 σαθρά

1856 3377 1950 3430 καὶ
1990 3378 2328 3445 ἐπικίνδυνα,
2392 3382 2489 3433 καὶ
2548 3382 2614 3452 τῇ
2670 3379 2933 3450 συνηθείᾳ
2985 3380 3092 3433 τῶν
3154 3382 3426 3453 θεολόγων

1857 3470 2137 3539 ἄγνωστα.

1926 3561 2298 3633 Γονιμότητας
2324 3563 2381 3617 δὲ
2410 3563 2493 3627 τίς
2519 3580 2650 3617 ποτε
2676 3562 2784 3616 τῶν
2809 3563 2979 3633 ἁγίων
3001 3560 3122 3620 εἷπε
3144 3585 3161 3637 ;
3185 3567 3440 3639 Πηγαίαν

1861 3652 1963 3722 μὲν
2001 3651 2094 3705 οῦν
2125 3651 2255 3715 ἴσως
2286 3653 2538 3723 θεότητα,
2579 3656 2671 3708 καὶ
2707 3657 2868 3724 μόνον
2897 3657 3102 3727 πηγὴν,
3132 3661 3227 3711 καὶ
3261 3658 3439 3728 ῥίζαν,

1856 3748 1947 3799 καὶ
1980 3746 2182 3812 αἰτίαν,
2214 3746 2308 3800 καὶ
2344 3746 2596 3815 θεογόνον
2628 3746 2720 3800 τὸν
2745 3748 2964 3818 Πατέρα
2999 3748 3437 3820 μεμαθήκαμεν,

1856 3838 2053 3901 ἑνικῶς
2104 3838 2490 3908 προφερόντων
2518 3838 2696 3891 ταῦτα
2726 3838 2835 3893 τῶν
2869 3838 3158 3907 θεολόγων,
3194 3840 3275 3911 τῷ
3304 3842 3436 3907 μίαν

1854 3930 2190 3999 γονιμότητα
2248 3929 2455 3993 πάντας
2501 3930 2746 3993 εὐσεϐῶς
2779 3929 2990 3983 τιθέναι
3020 3932 3078 3983 ὲν
3114 3931 3194 4001 τῷ
3236 3935 3433 4003 Πατρὶ,

1855 4022 1952 4073 καὶ
1995 4021 2127 4091 μίαν
2153 4021 2496 4092 προακτικὴν
2531 4021 2759 4092 δύναμιν
2787 4022 2868 4091 τῷ
2892 4023 2988 4093 τῆς
3019 4023 3197 4088 ἕξεως
3220 4025 3433 4094 τρόπῳ,

1855 4114 1920 4181 τῇ
1948 4111 2084 4181 πρὸς
2112 4113 2181 4165 τὰ
2213 4113 2567 4182 προαγόμενα
2618 4114 2922 4183 παραθέσει
2972 4116 3134 4184 μόνον
3167 4117 3309 4171 κατὰ
3339 4118 3433 4171 τὸν

1853 4205 1955 4272 τῆς
2010 4204 2290 4271 ἐνεργείας
2349 4204 2506 4274 λόγον
2561 4206 2943 4277 δικαζομένην.
2981 4208 3191 4263 Αὐτίκα
3242 4213 3355 4281 γάρ
3405 4214 3435 4264 ὀ

1868 4293 2268 4366 Ἀρεοπαγίτης
2302 4298 2474 4365 λέγει,
2519 4297 2597 4360 ὡς
2647 4298 2853 4366 Τριάδα
2881 4300 2936 4352 δὲ
2987 4299 3077 4352 διὰ
3110 4301 3210 4371 τὴν
3240 4318 3437 4371 τρισυ-

1857 4388 2125 4439 πόστατον
2154 4390 2253 4457 τῆς
2287 4387 2619 4457 ὑπερουσίου
2651 4390 3032 4459 γονιμωτάτην
3062 4390 3347 4460 ἔκφανσιν,
3377 4393 3436 4457 ἐξ

158 4485 314 4550 Υίὸν,
349 4483 438 4535 διὰ
458 4482 555 4551 τῆς
596 4482 723 4551 μιᾶς
754 4481 1036 4549 δυνάμεως
1069 4481 1160 4532 τοῦ
1200 4482 1439 4549 Πατρὸς,
1471 4478 1592 4536 εἶτα
1618 4484 1747 4551 δρα·
1780 4507 1824 4561 D
1852 4474 1920 4550 ἧς
1952 4481 2097 4532 πᾶσα
2124 4482 2331 4547 πατριὰ
2358 4482 2416 4531 ὲν
2448 4480 2665 4550 οὐρανῷ
2690 4482 2784 4532 καὶ
2824 4480 2917 4533 ἐπὶ
2949 4481 3051 4549 γῆς
3086 4483 3434 4549 ὀνομάζεται,

159 4580 397 4649 ξάμενον
430 4580 525 4630 καὶ
555 4578 653 4644 τῆς
692 4574 882 4645 ἑτέρας
923 4574 1114 4639 αὑτοῦ,
1149 4573 1217 4625 δι’
1251 4574 1423 4645 αὐτῆς
1462 4578 1602 4645 μετὰ
1627 4577 1748 4629 ’τοῦ

162 4673 375 4737 Πατρὸς
429 4668 691 4739 προάγειν
754 4667 814 4721 τὸ
868 4667 1093 4735 Πνεῦμα
1145 4667 1204 4718 τὸ
1246 4665 1426 4734 ἅγιον,
1464 4670 1750 4740 ὑστερίζον

160 4766 303 4818 κατὰ
337 4767 578 4831 γένεσιν,
632 4760 766 4830 μηδὲ
819 4759 1045 4827 μετέχον
1098 4762 1247 4837 τινος
1276 4760 1384 4814 τῶν
1442 4760 1747 4831 δυνάμεων,

160 4858 353 4926 ῶσπερ
380 4855 523 4925 λόγῳ
555 4855 702 4923 μόνῳ
740 4851 944 4923 ἀρκοῦν
978 4854 1037 4905 τὸ
1068 4853 1338 4905 συναῖδιον
1372 4854 1467 4904 καὶ
1496 4853 1555 4904 τὸ
1586 4854 1748 4924 ἄχρο-

160 4966 252 5003 νον
281 4949 371 5001 καί
402 4949 461 5000 τὸ
486 4947 773 5016 οὐδέτερον
807 4947 993 5017 ἑτέρου
1020 4945 1294 5014 λέγεσθαι.
1320 4946 1412 5016 Μὴ
1443 4948 1660 5000 σκοπῶν
1692 4948 1749 4999 δὲ

159 5043 311 5104 ὅπως
337 5042 432 5094 καὶ
467 5041 572 5094 ἀπὸ
603 5041 712 5092 τῶν
749 5038 954 5091 θέσεων
1006 5038 1179 5091 ταῦτα
1224 5038 1575 5108 ἐμφαίνοιντο
1607 5056 1749 5107 συμ-

164 5137 457 5203 φωνουσῶν
503 5136 618 5197 τοῖς
644 5133 848 5201 λόγοις,
897 5132 1034 5185 ἀλλὰ
1068 5131 1382 5185 τούναντίον
1420 5131 1624 5202 μᾶλλον
1653 5132 1750 5184 αύ-

159 5229 284 5289 ταῖς
317 5225 805 5296 συμπεραίνεσθαι.

234 5322 507 5391 Δυνάμεις
552 5320 607 5372 δὲ
636 5319 1056 5391 διακρινομένας
1087 5317 1331 5382 εἰπόντα,
1373 5312 1469 5371 κάι
1509 5318 1600 5371 τὸν
1623 5317 1750 5386 τρό-

159 5431 263 5466 πον
285 5413 390 5467 ἔδει
426 5412 741 5483 προσθεῖναι
772 5413 871 5480 τῆς
901 5411 1247 5482 διακρίσεως.
1280 5409 1516 5480 Είχομεν
1540 5410 1651 5477 γὰρ
1685 5410 1749 5463 ἂν

157 5506 548 5573 ἐπιγινώσκειν
570 5505 730 5558 αὑτὸν
763 5506 821 5556 ἐν
842 5505 946 5556 τίνι
975 5504 1123 5572 γένει
1153 5502 1479 5572 διακρίσεως
1513 5504 1611 5572 τὴν
1640 5501 1749 5555 τῶν

159 5599 449 5667 δυνάμεων
484 5598 762 5667 διάκρισιν
802 5596 1043 5665 τίθησιν,
1085 5595 1160 5658 ὡς
1199 5594 1263 5649 ἐκ
1317 5610 1381 5662 γε
1436 5593 1531 5646 τοῦ
1590 5594 1748 5662 λόγου

160 5690 569 5761 πραγματικῶς
629 5691 797 5750 αὑτὰς
856 5687 1178 5758 διακρίνειν.
1231 5687 1308 5739 Δι’
1371 5684 1554 5741 αὐτῶν
1616 5685 1747 5757 γὰρ,

160 5781 320 5852 φησι,
365 5781 756 5853 διακρινόμενα
796 5780 1065 5851 πρόσωπα
1098 5779 1433 5848 παράγεται.
1469 5778 1629 5840 Ἴσως
1653 5774 1747 5831 οὖν

1853 4574 1911 4626 ὃν
1936 4590 2100 4642 φησιν
2131 4575 2158 4625 ό
2189 4573 2442 4643 Μάξιμος
2494 4571 2882 4643 ἐξηγούμενος,
2925 4576 3258 4644 γονιμότητά
3303 4593 3439 4647 φησι

1853 4666 1951 4735 τὴν
1986 4665 2260 4735 πατρικὴν
2303 4666 2443 4736 ὑπὲρ
2492 4665 2705 4719 ἔννοιαν
2764 4665 3012 4735 πρόοδον,
3048 4667 3130 4729 είς
3167 4667 3437 4736 ἕκφανσιν

1853 4758 1947 4810 τοῦ
1972 4757 2104 4811 Υίοῦ
2139 4759 2235 4811 καὶ
2260 4756 2354 4810 τοῦ
2381 4759 2538 4827 ἁγίου
2571 4758 2910 4826 Πνεύματος.
2944 4760 3052 4811 Καὶ
3080 4755 3238 4824 αὖθις
3262 4761 3290 4812 ὁ
3313 4761 3436 4813 Διο-

1853 4851 2033 4911 νύσιος
2052 4864 2068 4880 ο
2108 4848 2233 4902 Ὅτι
2267 4848 2325 4901 δὲ
2353 4851 2448 4903 καὶ
2476 4852 2576 4921 τὴν
2606 4851 2804 4920 κυρίαν
2827 4850 2941 4920 ἔχει
2972 4850 3082 4904 τῶν
3113 4851 3249 4904 ὅλων
3281 4853 3315 4922 ἠ
3335 4852 3433 4922 ὅλη

1853 4941 2041 5010 θεότης
2062 4942 2299 5011 περὶτῆς
2328 4942 2578 5010 θεογόνου
2604 4941 2881 5012 θεότητος,
2910 4943 3059 5013 ἢτῆς
3078 4943 3285 5014 υἱικῆς,
3311 4943 3435 4999 οὐδὲ

1852 5036 2024 5086 εἰπεῖν
2068 5032 2236 5099 ἔστιν,
2283 5030 2458 5103 οἶμαι.
2492 5034 2670 5087 Ὅπου
2701 5034 2793 5087 καὶ
2823 5035 2899 5103 τῷ
2932 5034 3297 5106 διαζευκτικῷ
3328 5036 3439 5089 δεί-

1854 5144 2069 5191 κνυσιν,
2110 5127 2193 5178 ὅτι
2229 5128 2287 5179 οὑ
2320 5127 2569 5196 βούλεται
2616 5127 2693 5196 τῷ
2721 5126 2830 5195 Υίῷ
2862 5129 3147 5197 προσεῖναι
3194 5128 3332 5190 ὅλως
3374 5127 3436 5179 τὸ

1854 5220 2123 5287 θεογὸνον.
2152 5220 2261 5273 ΚαίΙ
2288 5220 2315 5271 ὁ
2340 5220 2516 5289 μέγας
2556 5219 2873 5281 Ἀθανάσιος
2891 5235 2909 5252 ο
2939 5220 3118 5281 Μόνος
3142 5221 3437 5287 άγέννητος

1852 5313 1948 5365 καὶ
1973 5313 2134 5381 μόνος
2169 5312 2323 5382 πηγὴ
2356 5312 2609 5378 θεότητος
2641 5314 2667 5363 ὀ
2700 5311 2912 5381 Πατήρ.
2956 5312 3067 5364 Καὶ
3121 5313 3148 5362 ὀ
3176 5309 3436 5375 Θεολόγος

1853 5406 2151 5476 Γρηγόριος
2170 5421 2185 5436 ο
2206 5406 2300 5467 Εἰς
2330 5403 2388 5456 ἓν
2420 5404 2591 5458 αἴτιον
2621 5404 2710 5457 τὸν
2741 5403 2962 5469 Πατέρα
2977 5401 3107 5454 Υίοῦ
3142 5401 3236 5470 καὶ
3264 5399 3437 5451 Πνεύ-

1855 5514 2024 5567 ματος
2049 5495 2493 5566 ἀναφερομένων.
2532 5496 2638 5547 Καὶ
2660 5496 2692 5547 ὀ
2729 5493 2997 5564 Κύριλλος
3019 5507 3033 5521 ·
3073 5490 3196 5551 Πῶς
3229 5489 3290 5540 ού
3319 5489 3435 5558 ζωὴ

1851 5591 1911 5642 τὸ
1943 5589 2099 5659 ῥίζαν
2134 5589 2257 5659 ἔχον
2280 5589 2379 5660 τὴν
2413 5588 2560 5654 ζωὴν
2591 5586 2685 5641 καὶ
2721 5588 2905 5654 πηγὴν
2941 5584 3133 5649 ὥσπερ
3160 5579 3284 5633 τινὰ
3334 5579 3436 5651 τὴν

1852 5686 2129 5754 ἀκήρατον
2174 5683 2271 5736 καὶ
2319 5683 2518 5745 παντὸς
2566 5680 2825 5733 ἐπέκεινα
2874 5672 3138 5745 γεννητοῦ
3168 5671 3262 5725 τοῦ
3298 5671 3436 5724 Θεοῦ

1855 5778 2100 5847 φύσεως
2152 5778 2265 5832 Καὶ
2314 5772 2469 5837 αὖθις
2496 5790 2509 5805 ’
2542 5772 2603 5825 Εἰ
2634 5768 2921 5838 γνώρισμα
2948 5766 3045 5835 τῆς
3082 5762 3179 5827 τοῦ
3220 5760 3435 5832 [ἰατρὸς
