3904 6222
201 322 335 392 ῙΟΞῙ

1301 334 1742 398 REFUTATIO
1787 337 2310 411 ARGYROPULI.

3311 361 3445 426 1022

271 441 428 547 Ἀλλ’.
441 442 604 506 αὐτὸς
633 442 708 507 ὥς
741 445 828 547 διά
854 446 979 547 τὰς.
1002 446 1283 547 δυνάμεις,
1311 449 1441 515 ἴσως
1469 467 1766 524 γνωριμω-
1797 460 1840 517 Α
1873 455 1999 509 Υίὸν
2023 460 2292 530 πρότερον
2310 479 2324 494 ο
2361 460 2516 539 εἷθ”ή
2551 467 2806 542 βούλησις
2837 471 3054 544 σὺναμα
3080 476 3144 547 τῇ
3172 473 3332 545 οὐσίᾳ
3358 475 3448 530 διὰ

183 535 344 605 τέρας
373 533 536 599 οῦσας
562 538 699 606 ἡμῖν
729 538 821 590 τοῦ
847 537 982 592 Θεοῦ
1016 539 1114 604 τὰς
1146 541 1491 608 ὑποστάσεις,
1530 545 1626 597 καὶ
1658 546 1758 608 τὰς

179 629 383 682 τούτων
413 629 692 698 προ-ἕδους,
757 632 1229 698 ἑπιγινωσκόντων
1265 635 1423 703 ήμῶν
1449 675 1464 698 ,
1497 637 1604 690 ἀπὸ
1649 635 1760 689 τῶν

183 717 467 787 δυνάμεων
512 721 820 792 ὲνσπείρειν
870 725 1094 794 ἄρχεται
1120 725 1180 778 τὸ
1201 725 1421 795 ψεῦδος,
1458 728 1534 790 ῶς
1564 727 1630 782 ἂν
1665 729 1759 781 δπὶ

181 810 289 862 τῶν
349 809 658 879 προσώπων
691 815 966 886 ἀναφανῇ,
1018 819 1112 873 καὶ
1167 819 1258 872 τὸν
1307 818 1429 872 ὅλον
1459 822 1554 872 καὶ
1595 821 1758 889 μόνον

181 902 308 954 Υίὺν
344 903 483 957 κατά
513 903 606 957 τὸν
626 905 907 974 Θεολόγον,
942 908 1002 960 δν
1021 909 1117 962 καὶ
1147 910 1308 973 αὐτὸς
1338 912 1604 982 πρότερον
1629 913 1756 980 ἀλη-

180 995 355 1047 θεύων
410 996 602 1066 εἴρηκε
669 997 829 1068 μόνον
870 1002 1272 1070 παραγόμενον,
1312 1003 1438 1056 ὅσον
1495 1002 1595 1056 οὐκ
1653 1003 1753 1073 ήδη

177 1089 510 1152 άπεναντίας
540 1090 758 1156 ἑαυτοῦ,
791 1094 886 1144 καὶ
913 1095 1011 1162 τῆς
1041 1096 1322 1165 ἀληθείας,
1359 1096 1628 1166 προὸολέα
1656 1096 1756 1163 καὶ

179 1180 357 1232 αίτίαν
382 1181 479 1233 καὶ
511 1181 687 1252 ἀρχὴν
719 1185 1118 1254 ἀπεργάσεται,
1146 1190 1244 1240 καὶ
1283 1189 1390 1240 ἀπὸ
1421 1188 1518 1256 τῆς
1550 1188 1756 1254 τάξεως

179 1273 581 1327 κατασκευάσει
611 1275 804 1339 ταῦτα,
822 1278 903 1330 ὄτι
930 1278 1024 1331 τοῦ
1052 1280 1259 1350 Πατρδς
1279 1280 1531 1350 δεύτερος
1552 1282 1581 1333 6
1607 1281 1752 1343 Υἱὸς,

179 1368 392 1434 πρῦτος
426 1365 481 1419 δὲ
511 1366 607 1420 τοῦ
651 1369 990 1438 Πνεῦματος,
1027 1373 1208 1440 τρίτον
1247 1372 1399 1425 δὲτὸ
1445 1372 1668 1442 Πνεῦμα
1695 1374 1755 1427 τὸ

177 1456 332 1523 ἆγιον
361 1456 450 1510 διὰ
489 1458 589 1521 τὰς
632 1460 893 1529 δυνάμεις
936 1463 1032 1525 τὰς
1077 1462 1445 1532 προαγούσας,
1475 1465 1506 1536 ἢ
1541 1467 1638 1528 τάς
1667 1467 1755 1518 αί-

174 1547 315 1614 τίας,
339 1549 480 1617 ὁτιή
534 1550 634 1619 μὲν
669 1555 1015 1620 προηγεῖται,
1049 1556 1082 1624 ή
1117 1554 1174 1606 δὲ
1225 1555 1519 1624 ὑστερίζει.
1561 1557 1671 1608 Καὶ
1706 1557 1754 1609 εί

179 1643 278 1706 μὲν
328 1643 758 1715 προσεχέστερος
796 1644 891 1698 τοῦ
949 1648 1160 1718 Πατρδς
1220 1651 1286 1719 τῇ
1345 1649 1612 1721 δυνάμει,
1683 1652 1753 1721 ἦν

175 1746 340 1799 φησιν
390 1727 532 1785 εἶναι
575 1732 672 1802 τὴν
701 1733 912 1800 οὐσίαν,
960 1734 1156 1789 οὐκοῦν
1209 1739 1305 1791 καὶ
1351 1738 1543 1792 οὐσία·
1586 1739 1647 1792 τὸ
1693 1741 1749 1792 δὲ

174 1820 546 1890 πορρώτερον,
579 1823 672 1877 καὶ
705 1824 840 1878 ἄλλα
865 1826 1038 1879 πλείω
1076 1828 1374 1900 βλάσφημα
1399 1830 1495 1880 καὶ
1530 1830 1750 1900 χείρονα
1784 1827 1825 1882 Β

171 1916 377 1968 τοᾲτων
397 1916 517 1992 ’πᾶς
549 1933 631 1977 τις
657 1915 836 1986 ὀρθῶς
855 1934 914 1972 τε
949 1919 1042 1973 καὶ
1067 1921 1294 1983 ἀπαθῶς
1329 1923 1549 1975 σκοπῶν
1588 1925 1754 1976 ἐνυπ-

171 2008 410 2074 άρχοντα
462 2006 542 2076 τῷ
576 2007 718 2078 λόγῳ
770 2010 1038 2080 φωράσει.
1103 2011 1213 2064 Καὶ
1263 2012 1622 2084 παρακατιὼν
1664 2015 1755 2069 λέ-

172 2113 276 2163 γει.

665 2237 983 2291 ΑΡΓΥΡΟΠ
994 2239 1239 2294 ΟΥΛΟΣ.

251 2350 415 2404 Ἀλλά
451 2349 558 2421 μήν
583 2351 682 2420 τῆς
705 2350 799 2405 τοῦ
830 2352 1040 2422 Πατρὺς
1073 2352 1427 2416 ὑποστάσεως
1461 2353 1562 2422 τῆς
1587 2353 1757 2424 αὐτῆς

170 2443 333 2513 οὔσης
362 2445 450 2496 ὅτε
481 2445 810 2514 παράγειτά
833 2447 1122 2515 πρόσωπα,
1155 2446 1249 2498 καὶ
1276 2446 1377 2515 τῆς
1401 2446 1588 2508 οὐσίας
1624 2446 1756 2516 μιᾶς

169 2536 333 2605 06m;
360 2531 424 2588 αὖ
448 2535 610 2590 πάλιν
638 2535 814 2606 ἀρχῆς
836 2537 928 2592 καὶ
954 2536 1257 2607 δυνάμεως,
1291 2537 1361 2589 τά
1394 2537 1760 2606 παραγόμενοι

176 2632 242 2681 τά
282 2629 422 2683 αὐτά
471 2628 536 2683 ἂν
569 2625 637 2701 ἦν
685 2628 862 2700 πάντη
893 2628 1130 2691 πάντως,
1164 2627 1366 2699 μᾶλλον
1407 2627 1462 2680 δὲ
1501 2627 1560 2680 ἓν
1596 2627 1663 2681 ἂν
1693 2623 1763 2698 ἦν

177 2722 256 2790 τῷ
289 2721 404 2777 ὄντι
448 2723 511 2775 τὸ
545 2722 928 2793 παραγόμενον
955 2722 1269 2791 πρόσωπον,
1299 2722 1348 2773 εί
1382 2720 1456 2789 μὴ
1486 2723 1550 2790 τῇ
1583 2719 1760 2790 οὐσίᾳ,

176 2815 272 2868 καὶ
306 2814 421 2869 ἀλλ’
453 2814 590 2868 ἄττα
625 2815 791 2884 συνῆν
821 2815 892 2868 δι’
918 2807 990 2869 ὧν
1014 2812 1262 2884 διάφοροί
1293 2829 1409 2875 πως
1435 2813 1766 2880 γένοιντο-αἱ

179 2906 447 2976 δυνάμεις
473 2902 561 2971 αἶς
588 2907 719 2961 Υίὸν
745 2907 841 2960 καὶ
865 2905 1090 2974 Πνεῦμα
1122 2904 1454 2976 παράγεταιο
1485 2901 1553 2957 τά
1571 2903 1627 2956 δὲ
1657 2901 1767 2973 ἀρα

184 2999 310 3064 νοῦς
349 3000 415 3054 ἂν
439 3001 528 3070 εῐη
555 3000 650 3055 καὶ
679 3000 955 3072 βούλησις.

755 3130 1210 3186 ΔΓΑΛΛΙΛΝΟΣ.

267 3249 513 3319 Ἀνάγκη
548 3249 668 3312 ταίς
690 3249 890 3318 ἀρχαῖς
920 3248 1230 3316 συμφωνεῖν
1262 3245 1356 3300 καὶ
1377 3243 1444 3300 τὰ
1469 3243 1620 3316 τέλη.
1655 3242 1767 3298 Καὶ

169 3340 367 3412 παρὼν
430 3339 626 3394 οὐκοῦν
685 3341 845 3406 λόγος
876 3343 942 3393 ὲκ
995 3337 1209 3407 ψευδῶν
1268 3337 1630 3407 κεκινημένος
1666 3336 1766 3405 ἀρ-

168 3434 310 3502 χῶν,
343 3432 585 3486 τοιοῦτον
606 3431 718 3497 ἕξει
739 3433 837 3484 καὶ
861 3432 922 3484 τὸ
949 3430 1320 3500 ἀποτέλεσμα.
1351 3427 1763 3500 Προῦποτίθησι

169 3527 284 3594 γάρ
316 3525 385 3576 τὰ
408 3527 598 3594 χρόνον
628 3523 920 3590 εἰσάγοντα
949 3523 1028 3586 είς
1055 3523 1155 3591 τὴν
1187 3521 1281 3574 τοῦ
1313 3521 1488 3574 ἀϊδίου
1542 3520 1765 3574 ἀπόδει-

169 3619 277 3682 ξιν.
327 3617 457 3668 Ὅτε
484 3615 614 3686 γὰρ,
645 3616 802 3686 φησὶ,
840 3615 1078 3684 παράγει
1108 3615 1177 3666 τά
1206 3612 1624 3685 πρόσωπα,“οὐκ
1646 3613 1760 3666 ἐστι

168 3709 370 3777 χρόνος
406 3711 462 3762 ὲν
502 3709 737 3771 τούτοις.
784 3710 897 3761 Ἀεὶ
923 3710 1031 3778 γάρ
1070 3704 1138 3779 ἦν
1179 3707 1505 3777 προηγμένα
1542 3708 1638 3760 καὶ
1676 3708 1764 3761 ἀεὶ

168 3801 415 3869 πρόεισι,
455 3801 656 3869 μᾶλλον
687 3800 741 3852 δὲ
792 3796 859 3872 ἦν
908 3799 1164 3870 ἀπαρχῆς
1210 3799 1555 3870 προηγμένα.
1590 3797 1761 3853 Τοῦτο

169 3893 288 3959 γάρ
315 3889 511 3961 ἔχομεν
541 3889 804 3960 μαθόντες
837 3893 974 3964 πρὸς
1001 3892 1093 3946 τοῦ
1118 3891 1577 3958 θεολογικωτάτου
1615 3893 1761 3962 Γρη-

169 3983 390 4055 γορίου,
431 3984 567 4053 πρός
594 4000 715 4037 τινα
735 3986 843 4036 τῶν
875 3985 1172 4056 αἱρετικῶν
1203 3986 1620 4055 ἀπαντήσαντος
1640 4001 1762 4036 πει-

170 4077 454 4146 ραστικῶς
501 4077 792 4146 ἐρωτῶντα
848 4076 978 4146 περὶ
1012 4077 1106 4146 τῆς
1144 4075 1293 4140 θείας
1328 4077 1633 4146 γεννήσεως
1665 4077 1760 4129 καὶ
1794 4071 1800 4076 ’

170 4164 602 4229 είπόντος,Ἀλλ⁹
639 4161 707 4236 ἦν
748 4168 1004 4235 ἁπαρχῆς
1031 4167 1427 4237 γεγεννημένος
1455 4169 1482 4220 6
1516 4168 1642 4230 Υἱὸς
1669 4169 1760 4237 δη-

170 4254 374 4319 λονότι,
416 4255 502 4309 ἵνα
535 4272 627 4308 σου
662 4256 860 4328 ῥαδίως
894 4257 1156 4326 φύγωμεν
1191 4258 1287 4320 τὰς
1317 4257 1646 4328 περιέργους
1669 4262 1759 4309 ὲν-

171 4348 403 4411 στάσεις
438 4350 530 4402 καὶ
560 4349 931 4419 φιλοχρόνους,
961 4349 1137 4402 καίτοι
1168 4367 1230 4416 γε
1255 4350 1352 4403 καὶ
1373 4351 1534 4415 αὐτὸς
1564 4349 1758 4404 ἑαυτοῦ

174 4440 696 4510 συναισθανόμενος,
747 4441 806 4493 τὸ
839 4441 1011 4495 ἀΐδιον
1069 4441 1348 4511 πανταχοῦ
1384 4442 1759 4513 προσδιορίζε-

169 4551 292 4595 ται,
319 4531 395 4595 ὡς
421 4531 474 4584 εἴ
517 4549 598 4596 τις
629 4533 779 4600 λέγοι
821 4532 1089 4602 χρονικῶς
1140 4532 1280 4600 πλὴν
1309 4533 1493 4597 άῖδίως

170 4621 366 4682 ἁῖδίως
416 4619 697 4688 τιθέμενος
728 4620 920 4685 άληθεῖ
957 4620 1093 4684 δντι,
1130 4622 1255 4687 περὶ
1293 4621 1352 4674 δὲ
1405 4621 1633 4692 οατέρου
1686 4621 1762 4692 μὴ

172 4711 485 4782 φροντίζων
525 4714 574 4765 εί
603 4716 715 4776 τοῖς
743 4715 920 4782 λόγοις
946 4714 1253 4778 ἀκολουθεῖ,
1285 4712 1365 4784 τῷ
1398 4716 1602 4784 σφόδρα
1634 4715 1761 4786 βού-

171 4801 368 4854 λεσθαι
393 4802 492 4873 τὴν
525 4804 731 4856 οἰκείαν
778 4804 1152 4874 συστήσασθαι
1183 4803 1362 4867 δόξαν.
1402 4805 1512 4858 Καὶ
1541 4804 1607 4866 ἃς
1636 4823 1764 4875 προ-

172 4894 360 4948 λαϐὼν
389 4895 543 4961 ἔλεγε
572 4895 828 4964 δυνάμεις
878 4896 1306 4965 διακεκριμένας
1327 4935 1342 4957 ,
1390 4893 1467 4957 ῶς
1503 4895 1650 4966 αὐτῴ
1684 4893 1762 4966 τῷ

169 4988 558 5056 διακεκρίσθαι
611 4988 836 5052 ταύτας,
899 4988 1295 5057 διακεκριμένα
1365 4987 1460 5040 καὶ
1508 4988 1577 5042 τὰ
1643 4988 1762 5042 θεῖα

172 5080 427 5148 προϊέναι
451 5081 741 5152 πρόσωπα,
786 5081 893 5133 ίδοὺ
926 5080 1021 5132 νῦν
1054 5077 1313 5143 ταυτίζει,
1343 5079 1376 5150 ἤ
1402 5079 1658 5143 ένοποιεί,
1695 5080 1762 5134 ἵν’

169 5172 252 5234 ὡς
286 5171 430 5223 ἔοικε
456 5175 520 5242 τῇ
549 5173 897 5242 ἐπεισαγωγῇ
923 5171 1030 5224 τῶν
1053 5172 1227 5225 ἄλλων
1259 5171 1366 5225 τῶν
1400 5174 1666 5225 συνόντων
1695 5173 1760 5243 τῇ

172 5263 358 5333 οὐσίᾳ,
393 5265 459 5314 τά
486 5263 542 5314 δέ
568 5265 685 5316 ἐστι
713 5263 836 5321 νοῦς
867 5265 960 5316 καὶ
1004 5263 1279 5332 βούλησις,
1311 5264 1508 5336 διχάσῃ
1533 5264 1760 5333 ταύτην,

172 5356 240 5406 τὸ
277 5356 375 5421 μὲν
412 5354 583 5423 αὐτῆς
613 5355 1076 5426 προεπινοεῖσθαι,
1102 5357 1162 5408 τὸ
1192 5355 1249 5409 δὲ
1271 5356 1576 5425 ὑστερίζειν
1601 5373 1760 5424 νομο-

176 5448 412 5517 Θετήσῃ.

691 5561 1253 5631 ΑΡΓΥΡΟΠΟΥΑΟΣ.

260 5676 364 5727 Καὶ
399 5679 424 5727 6
460 5676 581 5739 νοῦς
615 5676 757 5746 ἁρχὴ
795 5678 888 5730 καὶ
930 5678 1160 5748 δύναμις
1189 5677 1285 5740 ὢν,
1323 5678 1398 5740 ῶς
1432 5678 1591 5741 αὐτὸς
1620 5677 1761 5740 άξιοί

176 5769 271 5822 διὰ
311 5769 616 5839 γεννήσεως
640 5771 897 5842 ἐνεργῶν,
929 5772 1044 5842 ἅμα
1070 5774 1136 5841 τῇ
1170 5771 1328 5840 οὐσίᾳ
1385 5774 1622 5841 παράγει
1672 5774 1761 5825 τὸν

1865 549 2139 623 προϐολῆς
2177 556 2417 626 παράγει
2443 560 2502 613 τὸ
2537 562 2761 634 Πνεῦμα
2782 567 2842 620 τὸ
2868 568 3046 638 άγιον.

2413 704 2876 765 ΔΓΑΛΛΙΑΝΟΣ.

1930 811 2088 866 Οὕτω
2119 815 2227 884 γάρ
2259 833 2423 888 φησιν
2460 819 2655 884 αὐταῖς
2680 821 2911 887 λέξεσιν.

2354 961 2927 1022 ΔΡΓΪῬΟΠΟΥΛΟΣ.

1939 1068 2006 1129 '0
2041 1071 2139 1142 μὲν
2178 1073 2296 1143 ἄμα
2342 1076 2408 1145 τῇ
2447 1076 2604 1149 οὐσίᾳ.
2655 1080 2798 1150 ἀρχὴ
2852 1083 2946 1136 καὶ
2981 1083 3208 1154 δύναμις
3249 1089 3349 1157 ὢν,
3379 1093 3448 1147 δι’

1859 1163 2140 1234 ἐνεργείας
2194 1167 2292 1236 τῆς
2344 1170 2656 1240 γεννήσεως
2704 1177 3020 1248 παρακτική
3051 1179 3144 1232 τοῦ
3179 1182 3332 1248 Υίοῦ,
3363 1185 3446 1239 διδ

1857 1253 2153 1344 καὶῖΛόγος
2187 1257 2214 1308 6
2259 1257 2354 1314 τοῦ
2398 1258 2536 1312 Θεοῦ
2569 1261 2698 1326 Υἱὸς
2727 1263 2834 1317 ὑπὸ
2865 1267 2968 1336 τῆς
2994 1268 3259 1340 Θεολόγου
3288 1274 3446 1344 βρον-

1855 1343 1953 1435 τῆς
2002 1344 2338 1414 ὠνόμασται.
2387 1350 2499 1404 Νοῦ
2557 1352 2666 1419 γάρ
2714 1355 2966 1426 γέννημα
3010 1362 3255 1435 λόγος,ἡ
3371 1367 3442 1422 αὖ

1858 1433 2073 1503 σύναμα
2097 1440 2164 1508 τῇ
2197 1438 2404 1512 οὐσίᾳή
2438 1442 2716 1514 βούλησις,
2735 1447 2901 1518 ἀρχὴ,
2935 1453 3026 1504 καὶ
3055 1433 3286 1524 δύναμις
3309 1457 3449 1513 οὖσα

1855 1525 2235 1620 δι’-ἐνεργείας
2268 1531 2366 1599 τῆς
2401 1535 2701 1607 προϐολῆς,
2734 1539 2766 1606 ἦ
2805 1540 3084 1608 πνεύσεως
3113 1547 3440 1620 παρακτικὴ

1855 1616 1948 1669 τοῦ
1978 1617 2137 1685 ἁγίου
2172 1620 2494 1690 Πνεῦματος
2525 1625 2904 1694 ὑποστάσεως.
3150 1656 3159 1664 ”

2407 1771 2662 1828 ΑΓΑΛΛῙ
2674 1775 2870 1834 ΑΝΟΣ.

1941 1876 2102 1932 Ἀλλά
2129 1881 2224 1934 καὶ
2247 1883 2417 1954 ἐσμὸς
2435 1888 2570 1957 ἡμῖν
2600 1889 2786 1960 ἀρχῶν
2813 1893 2876 1945 ἐκ
2898 1895 3010 1948 τῶν
3038 1896 3214 1964 λόγων
3235 1901 3445 1958 τούτων

1857 1970 2216 2063 ἀναφαίνεται
2236 1991 2251 2006 ο
2279 1979 2372 2029 καὶ
2426 1981 2458 2048 ή
2489 1980 2785 2049 ὑπόστασις
2815 1985 2925 2056 γάρ
2955 1988 3050 2042 καὶ
3097 1991 3156 2043 αί
3185 1990 3446 2063 δυνάμεις

1856 2061 1948 2114 καὶ
1979 2063 2023 2154 ήῗ
2044 2063 2203 2118 οὐσία
2248 2068 2343 2120 καὶ
2369 2068 2466 2123 νῦν
2515 2071 2597 2126 έτι
2630 2076 2658 2126 ὁ
2692 2077 2837 2140 νοῦς.
2874 2079 2944 2130 Ἦ
2973 2079 3104 2147 γοῦν
3135 2061 3448 2154 πολύαρχόν

1857 2167 1909 2203 τι
1933 2153 2126 2246 χρῆμα
2155 2157 2183 2208 6
2207 2156 2396 2229 Πατὴρ
2430 2160 2555 2216 ὅσον
2585 2166 2650 2219 ὲκ
2685 2166 2794 2219 τῶν
2827 2167 3002 2237 λόγων
3027 2171 3231 2226 τούτων
3253 2153 3444 2246 ὥσπερ

1859 2244 1953 2296 καί
1983 2246 2366 2319 πολυδύναμον
2402 2254 2690 2325 πρότερον,
2722 2258 2754 2330 ἢ
2788 2260 2836 2312 εί
2858 2261 2940 2332 τῷ
2968 2263 3022 2316 τί
3043 2258 3114 2335 ἦν
3149 2263 3291 2320 εἶναι
3333 2244 3448 2322 δια-

1859 2335 2161 2428 κρινόμενα
2190 2339 2288 2409 τῆς
2315 2343 2525 2410 οὐσίας,
2558 2347 2618 2399 ἓν
2639 2350 2748 2402 είσι
2783 2353 3002 2418 πάντως
3026 2355 3107 2426 ,τῷ
3133 2358 3443 2428 πράγματι,

1860 2426 2106 2484 Λατίνων
2138 2434 2299 2500 φαῖέν
2349 2451 2517 2500 τινες.
2568 2437 2666 2502 Τίς
2724 2443 2758 2512 ή
2813 2445 2978 2513 χρεία
3017 2448 3111 2500 τοῦ
3153 2426 3448 2505 συνάπτειν

1860 2518 2034 2612 ταῦτα
2078 2524 2172 2612 καὶ
2221 2524 2454 2594 διαιρεῖν
2507 2531 2606 2584 καὶ
2649 2530 2764 2587 ἀνω
2811 2539 2906 2591 καὶ
2952 2537 3102 2592 κάτω
3153 2543 3449 2612 στρέφειν;

1866 2608 2068 2699 ξᾟρκει
2096 2611 2204 2685 γὰρ
2226 2616 2398 2670 είπετν
2421 2617 2504 2671 ὅτι
2531 2619 2562 2671 6
2584 2623 2782 2694 Πατήρ
2815 2627 2880 2694 τῇ
2910 2628 3072 2699 οὐσίᾳ
3097 2608 3331 2699 προάγει
3359 2608 3450 2688 τὸν

1866 2697 1996 2751 Υίὸν
2045 2705 2233 2757 καὶτὸ
2268 2707 2497 2778 Πνεῦμα
2544 2712 2605 2764 τὸ
2662 2715 2843 2784 ἅγιον,
2888 2718 2917 2771 δ
2971 2697 3055 2789 δή
3085 2697 3450 2790 φυλάττοντες

1866 2791 2047 2860 ἡμεῖς,
2095 2795 2155 2848 τὸ
2201 2799 2499 2867 συμϐαῖνον
2556 2807 2844 2876 προϊόντες
2904 2813 3311 2882 σκοπήσωμενο
3379 2817 3449 2869 τά

1866 2883 1973 2952 γάρ
2003 2885 2142 2940 ἄλλα
2171 2889 2458 2957 παρέλκει.
2501 2895 2641 2966 ’Ἤδη
2688 2899 2746 2950 δὲ
2782 2901 2874 2951 καὶ
2915 2901 3148 2969 δύναμιν
3179 2904 3272 2957 τὸν
3324 2904 3448 2958 νοῦν

1869 2975 2026 3066 καλεῖ
2044 2979 2136 3030 καὶ
2163 2978 2333 3050 ἀλλην
2363 2983 2560 3055 ἀρχὴν,
2589 2989 2742 3056 παρά
2773 2990 2873 3061 τὴν
2913 2995 3242 3064 γεννητικὴν
3269 2997 3446 3066 δήπου

1869 3065 2122 3150 δύναμιν.
2167 3070 2321 3125 Ἐπεὶ
2354 3073 2445 3128 διά
2493 3093 2557 3145 γε
2610 3078 2703 3132 τὸν
2721 3079 2856 3146 ¹νοῦν
2901 3083 2996 3136 καὶ
3039 3085 3142 3154 τήν
3187 3065 3449 3157 βούλησιν

1797 3181 1845 3244 C
1874 3143 2165 3229 διαφόρους
2193 3162 2441 3230 γίνεσθαί
2493 3143 2626 3240 φησι
2654 3143 2754 3236 τὰς
2807 3143 3106 3244 δυνάμειςί
3134 3143 3351 3242 τάύταςι
3391 3180 3449 3232 δὲ

1871 3249 2027 3315 αὖθις
2053 3251 2155 3322 τήν
2183 3253 2371 3310 οὐσίαν
2422 3258 2540 3329 ἐρεῖ
2595 3263 2821 3332 προῖὼν,
2858 3258 2942 3330 οἷς
2981 3265 3176 3328 ἕπεται
3217 3271 3450 3341 μεμερί-

1869 3342 1994 3396 σθαι
2013 3343 2112 3418 τήν
2145 3347 2353 3405 οὐσίαν.

1935 3451 2072 3511 Εἶτα
2117 3458 2350 3533 δύναμιν
2385 3463 2483 3533 μὲν
2517 3465 2575 3518 ὲν
2623 3465 2743 3536 Θεῷ
2776 3470 2955 3542 Πατρὶ
2985 3469 3135 3539 λέγει
3168 3474 3260 3526 τὸν
3293 3473 3441 3538 νοῦν,

1865 3545 1958 3600 νοῦ
1994 3548 2052 3601 δὲ
2100 3550 2349 3623 γέννημα
2396 3555 2489 3608 τὸν
2525 3555 2702 3624 λόγον.
2732 3557 2898 3614 Ὀθεν
2929 3560 3039 3633 ἀρα
3073 3563 3323 3634 γέννημα
3351 3566 3448 3634 τῆς

1865 3640 2147 3711 δυνάμεως
2177 3645 2206 3698 6
2226 3644 2407 3713 λόγος,
2439 3648 2579 3728 ὅπερ
2607 3649 2782 3712 οὐδείς
2808 3668 2938 3708 ποτε
2969 3654 3216 3724 εἴρηκεν,
3241 3656 3450 3726 ἀνθρώ-

1869 3747 2026 3784 πινον
2059 3731 2170 3801 γάρ
2213 3732 2389 3788 τοῦτο.
2435 3735 2576 3789 Ἀλλ’
2605 3739 2633 3790 6
2669 3737 2932 3807 Θεολόγος
2965 3739 3269 3812 Γρηγόριος
3302 3743 3361 3794 ὲν
3401 3740 3450 3811 β’

1863 3821 1971 3875 τῶν
2017 3824 2148 3893 περὶ
2181 3823 2334 3891 Υίόῦ,
2379 3825 2755 3896 Ὀνομάζεται,
2805 3830 2994 3900 φησὶν,
3027 3833 3056 3884 6
3090 3830 3218 3894 Υίδς
3253 3832 3444 3900 Λόγος,

1863 3913 1948 3966 ὅτι
1997 3913 2170 3980 οὕτως
2223 3917 2336 3988 ἔχει
2389 3919 2528 3990 πρὸς
2580 3920 2673 3974 τὸν
2725 3921 2946 3991 Πατέρα
3003 3921 3081 3986 ὡς
3127 3923 3266 3993 πρὸς
3320 3923 3450 3977 νοῦν

1862 4005 2042 4074 λόγος.
2081 4008 2202 4060 Ἔτι
2238 4009 2335 4078 τὴν
2367 4009 2465 4078 μὲν
2493 4011 2724 4082 δύναμιν
2758 4013 2857 4083 τὴν
2889 4014 3078 4071 οὐσίαν
3110 4009 3252 4068 εἷναί
3289 4031 3446 4085 φησι.

1863 4099 1961 4168 τὴν
1999 4099 2054 4152 δὲ
2097 4101 2284 4154 οὐσίαν
2332 4101 2486 4171 ἔλεγε
2525 4103 2664 4174 μήτε
2697 4104 2897 4176 γεννᾷν
2950 4106 3091 4176 μήτε
3127 4105 3445 4176 γεννᾶσθαι,

1863 4189 2042 4258 λέγων
2077 4193 2279 4256 καλῶς.

1937 4303 2204 4374 Βούλησιν
2234 4307 2290 4358 δὲ
2324 4307 2496 4362 είπὼν
2525 4309 2622 4379 τήν
2659 4311 2717 4362 ὲν
2757 4310 2836 4380 τῷ
2871 4311 3052 4381 Πατρὶ
3088 4315 3446 4382 παρακτικὴν

1864 4395 1960 4450 τοῦ
1994 4397 2154 4464 ἁγίου
2201 4399 2524 4468 Πνεῦματος
2567 4400 2796 4469 δύναμιν
2829 4403 2924 4456 καὶ
2955 4403 3154 4473 ἀρχὴν,
3191 4403 3253 4455 οὐ
3299 4403 3450 4456 δοκεῖ

1783 4513 1840 4574 D
1865 4488 1957 4604 τὸν
1991 4488 2089 4542 ἕνα
2138 4489 2240 4558 τῆς
2275 4489 2318 4542 Τ
2326 4491 2528 4604 ριξιδος,
2579 4493 2673 4604 τὶν
2710 4494 3090 4604 ⁹Παράιιληιῖον
3131 4494 3297 4604 λέγω,
3331 4497 3448 4600 τοῖς

1864 4581 2125 4651 κτίσμασι
2176 4584 2570 4654 συναριθμεῐν;
2609 4585 2799 4658 Ταύτῃ
2832 4585 2948 4656 γάρ
2993 4584 3332 4656 διακρίνουσι
3377 4588 3446 4639 τὰ

1865 4673 1984 4727 θεῖα
2035 4673 2304 4744 πρόσωπα
2349 4677 2459 4728 τῶν
2503 4677 2961 4746 κτισμάτων,’ὅτι
2993 4677 3062 4731 τά
3100 4679 3200 4748 μὲν
3241 4679 3303 4731 ὲκ
3344 4677 3445 4745 τῆς

1865 4763 2103 4831 φύσεως,
2133 4765 2201 4817 τὰ
2229 4765 2285 4818 δὲ
2316 4768 2382 4819 ἐκ
2410 4770 2511 4838 τῆς
2543 4767 2853 4839 βουλήσεως
2879 4769 2991 4823 είσι
3019 4769 3115 4823 τοῦ
3145 4767 3302 4822 Θεοῦ.
3334 4770 3448 4822 Καὶ

1865 4855 1934 4909 τά
1959 4854 2057 4924 μὲν
2081 4857 2314 4924 προάγει
2348 4855 2426 4926 τῷ
2450 4857 2756 4927 πεφυκέναι
2782 4862 2810 4912 6
2841 4859 2996 4925 Θεὸς,
3028 4860 3094 4914 τά
3123 4859 3179 4913 δὲ
3209 4859 3446 4929 προάγει

1865 4947 1944 5016 τῷ
1973 4946 2282 5017 βούλεσθαι.
2323 4949 2648 5020 Παράξομεν
2680 4950 2738 5003 δὲ
2770 4952 2864 5004 καὶ
2915 4951 3044 5013 τοὺς
3091 4950 3446 5027 διδασκάλους

1865 5041 2024 5096 τοῦτο
2077 5042 2550 5113 μαρτυρήσοντας.
2598 5045 2886 5108 ’ίουστίνος
2931 5044 2961 5097 6
3011 5043 3301 5113 φιλόσοφος
3351 5043 3448 5096 καὶ

1870 5132 2082 5204 μάρτυς
2109 5137 2206 5204 τῆς
2233 5134 2490 5204 ἀληθείας
2516 5134 2659 5190 οὕτω
2685 5135 2840 5208 φησί·
2879 5154 2898 5189 ι
2932 5137 3038 5190 Τοῦ
3069 5137 3204 5190 Θεοῦ
3232 5137 3447 5208 ἔχοντος

1865 5230 2056 5284 οὐσίαν
2093 5230 2192 5300 μὲν
2222 5229 2357 5300 πρὸς
2384 5229 2640 5300 ὓπαρξιν,
2665 5230 2922 5302 βούλησιν
2945 5231 3001 5285 δὲ
3031 5230 3168 5298 πρὸς
3204 5231 3442 5298 ποίησιν,

1865 5321 1894 5374 6
1923 5321 2284 5392 ἀπορρίπτων
2313 5322 2505 5386 οὐσίας
2534 5325 2627 5377 καὶ
2659 5322 2858 5394 βουλῆς
2886 5323 2985 5394 τὴν
3037 5321 3303 5390 διαφορὰν
3352 5319 3446 5371 καὶ

1866 5415 1966 5484 τὴν
1993 5413 2233 5485 ὕπαρξιν
2264 5417 2597 5486 ἀπορρίπτει
2650 5415 2744 5470 τοῦ
2777 5415 2912 5470 Θεοῦ
2945 5415 3040 5469 καὶ
3073 5415 3172 5483 τήν
3200 5411 3443 5481 ποίησιν,

1869 5505 2105 5575 ὓπαρξιν
2138 5506 2236 5575 μὲν
2266 5505 2363 5576 τὴν
2389 5504 2579 5570 αὐτοῦ,
2599 5508 2816 5576 ποίησιν
2845 5505 2903 5558 δὲ
2929 5504 3036 5556 τῶν
3066 5501 3165 5553 οὐκ
3194 5500 3383 5551 ὄντων.
3417 5516 3434 5547 ι

1869 5597 2032 5650 Καὶὸ
2061 5596 2202 5659 θεῖος
2236 5595 2490 5668 Μάξιμος
2520 5601 2578 5651 ὲν
2605 5601 2725 5659 ταῖς
2755 5597 2836 5657 είς
2867 5593 2958 5646 τὸν
2984 5591 3140 5655 άγιον
3162 5586 3441 5645 Διονύσιον

1867 5687 2166 5757 ἐξηγήσεσί
2193 5707 2349 5759 φησι·
2391 5708 2410 5742 ε
2445 5692 2664 5758 Κυρίως
2698 5688 2793 5740 τοῦ
2842 5684 3100 5753 ἀκινήτου
3134 5681 3226 5734 καὶ
3260 5679 3446 5732 ὡσαύ-

1866 5797 1974 5842 τως
2025 5780 2242 5851 ἔχοντος
2276 5781 2493 5850 λέγεται
2541 5784 2574 5850 ἡ
2609 5782 2687 5843 είς
2717 5777 2786 5831 τά
2820 5776 2948 5832 ὅντα
2991 5771 3246 5844 βούλησις
3276 5766 3444 5825 αὐτοῦ
