3904 6222
475 309 612 377 1023

1667 303 2074 369 THEODORI
2115 299 2538 363 AGALLIANI

3598 297 3724 365 1024

471 428 569 481 καὶ
595 424 652 479 αί
678 419 895 491 πρόοδοι
923 418 1026 489 τῆς
1047 418 1126 482 είς
1158 418 1335 474 πάντα
1361 415 1622 489 προνοίας
1649 417 1836 470 αὑτοῦ.
1878 434 1896 468 ι
1938 415 2052 470 Καὶ
2081 419 2123 476 Α
2159 409 2473 481 βουλήσεως
2515 408 2609 462 τοῦ
2661 405 2796 462 Θεοῦ
2846 407 3022 476 λέγων
3055 409 3126 462 τὰ
3169 409 3468 479 κτίσμα-τα.
3502 405 3597 463 Ἐν
3624 415 3722 484 γὰρ

471 519 501 572 6
547 513 928 586 Δαμασκηνός·
975 530 993 564 ι
1030 512 1234 581 Ἔργον
1283 510 1384 581 μέν
1418 510 1567 572 θείας
1603 509 1818 578 φύσεως
1848 510 1882 580 ή
1919 525 2052 579 προ-

474 608 692 670 αιὼνιος
723 605 820 661 καὶ
861 605 1034 668 ἀΐδιος
1065 604 1319 674 γέννησις
1365 602 1457 655 καὶ
1501 602 1853 673 ἐκπόρευσις,
1889 601 2052 670 ἔργον

473 694 532 752 δὲ
559 696 712 760 Θείας
760 695 1035 767 θελήσεως
1066 695 1099 765 ή
1130 694 1329 756 κτίσις.
1365 711 1384 745 ι
1421 693 1532 746 Καὶ
1562 693 1596 761 ή
1630 690 1669 745 ε’
1704 691 1921 754 σύνοδος
1942 690 2053 744 τῶν

473 788 875 860 οίκουμενικῶν
919 787 1065 841 οῦτω
1096 787 1266 856 λέγει·
1306 803 1326 836 ι
1368 785 1428 839 '0
1458 785 1616 851 Θεὸς,
1648 785 1815 853 φησὶν
1841 785 1870 836 6
1909 784 2053 852 Ὠρι-

475 881 666 952 γένης,
710 881 820 933 ἀπὸ
866 879 960 933 τοῦ
1015 878 1090 948 μὴ
1124 878 1336 942 κτίζειν
1383 875 1552 930 ἐλθὼν
1595 877 1676 938 εἰς
1717 875 1777 928 τὸ
1823 874 2052 940 κτίζειν,

479 972 703 1034 πάντως
726 969 940 1040 ἐτράπη
965 967 1058 1037 ἀφ’
1084 968 1275 1038 ἐτέρου
1301 968 1378 1029 είς
1404 965 1614 1036 ἕτερον,
1637 966 1799 1035 ήμεῖς
1822 964 1880 1018 δὲ
1901 964 2059 1031 λέγο-

484 1079 586 1134 μεν
617 1063 700 1115 δτι
729 1061 789 1114 οὐ
823 1059 969 1114 κατά
1006 1059 1107 1130 τὴν
1141 1059 1304 1128 φύσιν
1346 1057 1585 1128 ἐτράπη,
1618 1056 1756 1111 ἀλλὰ
1792 1056 1931 1109 κατά
1955 1055 2056 1125 τὴν

479 1154 784 1224 ἐνέργειαν·
819 1153 1021 1223 μᾶλλον
1049 1152 1106 1205 δὲ
1138 1151 1258 1205 οὐδὲ
1286 1149 1411 1204 κατ’
1443 1147 1618 1220 αὑτήν
1641 1163 1657 1179 ·
1691 1142 1804 1219 εἶχε
1838 1148 1944 1218 γὰρ
1971 1149 2058 1201 ἀεὶ

477 1245 578 1316 τὴν
607 1245 840 1316 δύναμιν
867 1245 963 1299 τοῦ
1000 1243 1210 1308 κτίζειν
1233 1243 1329 1296 καὶ
1363 1241 1744 1314 δημιουργεῖν·
1771 1241 2057 1314 ἐνηργήθη

479 1338 590 1407 γὰρ
619 1340 652 1408 ή
680 1337 904 1404 τοιαύτη
930 1335 1161 1402 δύναμις
1192 1334 1281 1386 ὅτε
1313 1331 1618 1404 ήϐουλήθη.
1657 1350 1678 1384 ι

553 1430 628 1481 Οὐ
660 1426 878 1496 συνᾴδει
903 1425 1293 1495 τοϊςεΠατράσι
1323 1423 1534 1486 τούτοις
1557 1422 1653 1477 καὶ
1681 1416 1835 1486 οὗτος
1859 1415 2056 1491 οἷσπερ

481 1521 638 1574 αὐτοὶ
666 1519 796 1588 περὶ
823 1516 932 1570 τῶν
961 1516 1280 1586 κτισμάτων
1303 1517 1724 1587 ἀποφαίνονται,
1752 1515 1928 1568 ταῦτα
1962 1515 2058 1567 καὶ

482 1609 646 1672 αὐτὸς
671 1610 803 1680 περὶ
834 1611 934 1680 τῆς
960 1608 1186 1680 πρόοδου
1209 1607 1302 1662 τοῦ
1327 1609 1485 1678 ἁγίου
1516 1608 1836 1678 Πνεύματος
1858 1606 2054 1676 λέγων.

2154 522 2278 573 κεφ.
2299 505 2391 558 τοῦ
2417 502 2556 570 Περὶ
2573 501 2812 570 τριάδος
2831 501 3060 571 βιϐλίου,
3081 503 3536 565 Καταγέλαστος,
3552 507 3724 574 φησιν,

2154 598 2188 666 ή
2220 596 2488 665 Εὑνομίου
2519 595 2838 663 διαλεκτικὴ
2885 595 2946 659 ἐξ
2972 591 3034 648 οὗ
3084 598 3130 648 οί
3166 595 3506 664 Εὐνομιανοὶ
3538 597 3724 665 αἱρετι-

2157 686 2247 740 κοὶ
2273 685 2608 755 ἀνεφύησαν.
2641 686 2738 746 Ὃς
2771 685 2846 754 μὴ
2879 684 3131 755 δυνηθεὶς
3160 685 3382 752 νοῆσαι,
3419 682 3452 753 ἢ
3512 683 3587 753 μὴ
3621 684 3727 752 βου-

2155 776 2343 846 ληθεὶς
2374 775 2683 843 πιστεῦσαι,
2716 776 2809 831 τὸν
2842 780 3106 848 μονογενῆ
3140 777 3242 829 τοῦ·
3279 775 3420 830 Θεοῦ
3455 777 3646 844 Λόγον,
3671 779 3727 830 δι’

2155 863 2219 922 οὗ
2265 871 2334 923 τὰ
2365 869 2546 922 πάντα
2584 868 2821 936 ἐγένετο,
2855 869 2946 921 τοῦ
2993 869 3130 922 Θεοῦ
3183 870 3315 923 Υἱὸν
3363 865 3515 921 εἶναι
3564 869 3727 935 φύσει,

2156 961 2440 1014 τουτέστιν
2471 961 2536 1014 ἐκ
2560 961 2658 1030 τῆς
2691 960 2880 1022 οὐσίας
2911 959 3006 1012 τοῦ
3038 960 3252 1031 [ἰατρὸς
3285 959 3650 1027 γεννηθέντα,
3677 962 3730 1013 οὔ

2158 1053 2256 1122 τῆς
2284 1053 2500 1121 φύσεως
2527 1053 2558 1120 ἢ
2585 1053 2682 1121 τῆς
2709 1053 2899 1116 οὐσίας
2931 1048 3086 1104 εἶπεν
3119 1047 3262 1106 εἶναι
3290 1053 3448 1114 Υίδν,
3480 1052 3620 1121 ἀλλα
3647 1053 3734 1119 τῆς

2159 1145 2436 1214 θελήσεως
2465 1145 2559 1198 τοῦ
2593 1144 2750 1198 Θεοῦ·
2791 1143 3208 1216 συμϐεϐηκυῖαν
3235 1144 3493 1215 δηλονότι
3523 1147 3603 1215 τῷ
3631 1146 3736 1215 Θεῷ

2161 1237 2489 1309 βουλόμενος
2541 1239 2896 1308 μαρτυρῆσαι
2937 1237 3160 1308 θέλησιν
3198 1239 3324 1292 καθ’
3374 1239 3448 1310 ἢν
3488 1241 3736 1308 ἐγέννησε

2161 1333 2255 1385 τὸν
2289 1333 2438 1385 Υἱόν.

2236 1423 2356 1484 Πῶς
2386 1417 2479 1475 οὖν
2511 1423 2674 1485 αὐτὸς
2701 1421 2809 1476 τῶν
2860 1425 3157 1493 αἱρετικῶν
3206 1427 3545 1494 καταγελῶν
3579 1426 3740 1479 ταῦτα

2158 1513 2449 1582 λεγόντων,
2495 1517 2607 1578 τοῖς
2641 1515 2853 1584 ὁμοίοις
2904 1517 2970 1570 ἂν
3026 1519 3358 1588 περιέπεσεν
3374 1537 3392 1584 ;
3445 1515 3517 1591 ἦν
3551 1519 3658 1587 γὰρ
3686 1521 3744 1572 ἂν

2158 1607 2332 1676 δήπου
2363 1607 2996 1674 καταγελαστότερος.Ὃ
3017 1609 3073 1663 δὲ
3100 1610 3249 1678 λέγει
3273 1613 3406 1680 περί
3438 1628 3501 1662 τε
3532 1615 3742 1681 μνήμης

483 1701 614 1755 Ὅτε
653 1701 785 1770 γὰρ,
837 1701 992 1772 φησὶ,
1032 1701 1269 1768 παράγει
1318 1703 1380 1755 τὸ
1426 1701 1652 1770 Πνεῦμα
1683 1702 1710 1752 6
1759 1698 1970 1767 Πατὴρ,
2020 1699 2053 1766 ὴ
2087 1760 2132 1773 __
2162 1702 2257 1753 καὶ
2284 1698 2556 1767 θελήσεως
2587 1700 2687 1752 οὐκ
2719 1700 2826 1753 ἀπὸ
2850 1700 2947 1767 τῆς
2977 1703 3200 1772 Γραφῆς
3223 1703 3375 1773 ἔχειν
3399 1703 3739 1766 διατείνεται,

483 1760 1036 1864 συνοῦσα’τῇὀύσίᾳ
1076 1760 1354 1864 βούλησις,
1383 1793 1526 1864 ἀρχὴ
1576 1760 1674 1847 καὶ
1719 1760 1964 1860 δύναμις
1989 1760 2058 1843 δι·
2087 1760 2134 1821 Β
2163 1791 2256 1858 ἀφ’
2290 1760 2482 1846 ἑαυτοῦ
2515 1792 2570 1845 δι
2618 1792 2877 1860 συνάγειν
2905 1760 3306 1868 ’ἐπιὲάλξρ”τιζῖι
3349 1796 3609 1866 λογισμῷ
3649 1760 3743 1848 ἀει

481 1885 763 1954 ἐνεργείας
787 1885 887 1950 τῆς
920 1883 1214 1954 προϐολῆς,
1249 1885 1282 1956 ή
1333 1885 1636 1948 πνεύσεως,
1678 1884 1888 1950 γίνεται
1920 1898 2063 1954 παρ-

481 1978 683 2046 ακτικὴ
731 1976 880 2030 αίτία
939 1976 1042 2046 τῆς
1084 1977 1177 2030 τοῦ
1234 1978 1390 2044 ἁγίου
1440 1975 1759 2045 Πνεύματος
1817 1975 2060 2028 ὑποστά-

483 2087 645 2132 σεως.
713 2067 878 2122 Ἀλλά
929 2069 997 2122 τὰ
1050 2069 1148 2138 μὲν
1190 2068 1441 2121 ἐντεῦθεν
1495 2069 1695 2132 ἄτοπα,
1757 2065 1956 2136 μᾶλλον
2003 2065 2063 2118 δέ

485 2161 790 2232 βλάσφημα
813 2161 949 2214 πᾶσι
979 2159 1134 2228 δῆλα,
1167 2160 1262 2212 καὶ
1289 2159 1348 2212 οὐ
1371 2159 1453 2212 δεῖ
1485 2157 1825 2224 πολυλογεῖν·
1852 2155 2063 2226 διχάζει

485 2253 542 2306 δὲ
567 2254 664 2304 καὶ
695 2253 794 2322 τήν
817 2251 1072 2322 βούλησιν
1103 2252 1239 2306 καθό
1273 2253 1390 2304 ἐστι
1421 2251 1564 2322 ἀρχή
1597 2267 1780 2316 τινων,
1820 2249 1900 2309 είς
1935 2249 2065 2302 αὑτ-

515 2340 766 2406 εξούσιον
797 2341 969 2411 αὐτὴν
991 2339 1185 2393 διελὼν
1215 2342 1308 2393 καὶ
1341 2340 1769 2410 ήναγκασμένην
1797 2339 1943 2402 τινὰ,
1964 2337 2064 2389 οὐκ

489 2427 610 2485 οῖδα
638 2429 798 2485 ποίαν
820 2433 945 2486 τινά
979 2431 1153 2499 λέγων
1175 2431 1464 2500 ἑκατέραν·
1499 2431 1709 2501 προῖὼν
1744 2432 1851 2499 γάρ
1873 2446 2063 2500 φησιν,

492 2525 605 2594 Οὐχ
647 2524 723 2586 ὡς
758 2523 903 2594 ἀρχὴ
948 2523 1320 2588 αὐτεξούσιος,
1374 2521 1489 2575 ἀλλ’
1527 2521 1602 2584 ὡς
1648 2521 1928 2590 ἀναγκαία
1972 2520 2067 2574 καὶ

491 2616 697 2685 φυσική
719 2632 804 2678 τις
835 2613 1068 2684 δύναμις
1099 2619 1194 2668 καὶ
1219 2614 1385 2684 ἀρχή,
1413 2609 1512 2666 εἶτ’
1541 2612 1760 2681 ἐπάγει.

989 2749 1560 2804 ΑΡΓΥΡΟΠΟΥΛΟΣ.

557 2860 649 2913 Διὸ
679 2859 818 2928 πρὸς
861 2859 970 2912 τῶν
1020 2858 1419 2928 θεολογούντων
1459 2861 1648 2932 ἀγάπη
1695 2858 1757 2913 τὸ
1799 2859 1943 2914 θετον
1977 2858 2068 2910 κέ-

488 2951 687 3023 κληται
719 2951 965 3024 Πνεῦμα·
997 2954 1098 3024 τῆς
1149 2954 1257 3025 γὰρ
1309 2955 1534 3024 ἀγάπης
1582 2954 1633 3023 ή-
1661 2953 1895 3023 δύναμις
1943 2951 2066 3022 βού-

487 3041 668 3114 λησις.

1044 3179 1504 3235 ΑΓΑΛΛῘΑΝΟΣ.

560 3291 757 3355 Καλῶς
798 3291 910 3364 ἄρα
957 3292 1243 3362 ἐλέγομεν,
1287 3295 1486 3364 μᾶλλον
1515 3295 1572 3348 δὲ
1621 3297 1668 3350 οί
1699 3296 1960 3367 θεολόγοι,
2003 3297 2068 3352 Ἦ

490 3387 630 3457 πρὸς
657 3387 760 3458 τὴν
783 3387 1147 3458 δημιουργίαν
1180 3388 1358 3450 κτίσις
1383 3387 1480 3440 τοῦ
1511 3387 1619 3442 τῶν
1641 3389 1777 3444 ὅλων
1808 3390 1944 3445 Θεοῦ
1971 3391 2067 3444 τοῦ

490 3483 755 3552 ἀκινήτου
791 3481 939 3531 ἐστὶν
970 3481 1004 3550 ή
1052 3479 1312 3549 βούλησις
1341 3480 1532 3546 αὐτοῦ,
1561 3482 1683 3552 ἥτις
1715 3484 1776 3536 οὐ
1818 3486 1918 3555 μιᾷ
1954 3485 2068 3538 τῶν

491 3573 654 3626 θείων
678 3570 1037 3625 ὑποστάσεων
1063 3571 1394 3642 ἀφώρισται·
1423 3574 1578 3642 κοινὴ
1603 3575 1712 3644 γάρ
1741 3575 1890 3628 ἐστιν
1915 3577 2071 3649 ἐνέρ-

491 3677 617 3729 γεια
649 3662 745 3715 καὶ
791 3661 889 3730 μία
925 3660 1158 3732 δύναμις
1199 3665 1231 3732 ή
1275 3663 1671 3734 δημιουργική.
1709 3665 1836 3719 Ἰδοὺ
1869 3665 1977 3734 γάρ
2007 3665 2069 3718 τὺ

491 3753 633 3807 θεῖον
683 3749 910 3824 Πνεῦμιί
968 3746 1309 3826 κεκλημένον
1366 3757 1896 3828 ἀγάπηνιδύναμιν
1956 3759 2069 3828 ἔχει

491 3849 845 3917 παρακτικην
874 3847 1071 3902 ἑαυτοῦ
1103 3849 1203 3920 τήν
1237 3849 1517 3922 βούλησιν·
1557 3852 1656 3904 καὶ
1685 3851 1944 3904 οὐδέποτε
1977 3851 2070 3904 τὸν

493 3935 668 4008 ῥύπον
693 3939 885 3994 τοῦτον
909 3943 1266 4014 ἀπονίψονται
1294 3946 1517 3998 Λατῖνοι
1536 3943 1631 3997 τοῦ
1660 3943 1842 4013 λέγειν
1864 3943 2070 4015 κτίσμα

493 4029 558 4083 τὸ
591 4031 815 4101 Πνεῦμα
836 4031 900 4084 τὸ
929 4033 1108 4100 ἅγιον,
1140 4035 1266 4088 ἐπεὶ⁸
1293 4038 1388 4089 καὶ
1415 4038 1479 4090 ἐκ
1507 4038 1608 4107 τῆς
1640 4036 1950 4108 βουλήσεως
1976 4037 2069 4090 τοῦ
2107 4044 2118 4054 ·

493 4123 631 4176 Θεοῦ
662 4123 947 4188 δοξάζουσι
979 4126 1352 4195 παράγεσθαι.

995 4257 1570 4318 ΑΡΓΥΡΟΠΟΥΛΟΣ.

565 4364 794 4441 Ξυνᾲδει
831 4369 910 4436 δέ,
945 4372 1102 4441 φησὶ,
1133 4373 1204 4424 τὰ
1250 4373 1525 4443 λεγόμενα
1567 4378 1686 4438 ταῖς
1729 4377 1838 4430 τῶν
1884 4378 2067 4432 θεολο-

2163 1888 2261 1954 τῆς
2292 1886 2516 1954 κτιστῆς
2567 1885 2774 1950 είκόνος
2804 1886 2897 1940 τοῦ
2931 1888 3090 1953 Θεοῦ,
3117 1890 3151 1960 ἦ
3184 1891 3337 1942 ἐστιν
3367 1891 3397 1943 6
3446 1889 3545 1941 ἄνθ
3558 1906 3742 1959 ρωπος,

2165 1977 2415 2030 εἰκασίαν
2445 1976 2571 2031 τινὰ
2604 1977 2935 2048 παραδιδοὺς
2964 1981 3056 2034 τοῦ
3091 1981 3354 2034 ἀκτίστου
3387 1980 3538 2033 Θεοῦ
3575 1997 3743 2050 παρα-

2166 2069 2390 2123 κατιών.
2440 2069 2527 2122 Ἐν
2559 2071 2669 2141 γάρ
2699 2070 2776 2141 τῷ
2811 2072 2965 2142 αὐτῷ
3003 2072 3286 2143 κεφαλαίῳ
3309 2067 3495 2142 οὗπερ
3529 2072 3743 2143 ἔναγχος

2165 2162 2545 2231 ἐμνήσθημεν,
2571 2162 2715 2215 οὕτω
2747 2165 2936 2232 φησίν·
2978 2183 2996 2216 ι
3040 2164 3201 2218 Ἀλλά
3230 2167 3366 2237 περὶ
3391 2169 3502 2238 τῆς
3531 2168 3744 2228 κτίσεως

2165 2255 2231 2322 ἢν
2261 2254 2518 2321 ἐποίησεν
2543 2255 2571 2306 ὁ
2603 2254 2758 2318 Θεὸς,
2789 2256 2986 2309 ὁπόσον
3020 2250 3123 2309 οἷοί
3149 2274 3205 2309 τε
3251 2257 3560 2326 γενόμεθα,
3596 2257 3745 2310 ἐδιδά-

2167 2344 2339 2413 ξαμεν
2389 2348 2516 2408 τοὺς
2563 2345 2720 2415 λόγον
2763 2348 2892 2416 περὶ
2937 2349 3044 2401 τῶν
3088 2350 3354 2403 τοιούτων
3408 2350 3746 2419 πραγμάτων

2165 2434 2555 2501 ἀπαιτοῦντας,
2595 2437 2668 2500 ὡς
2698 2438 2766 2490 τὰ
2795 2437 3002 2508 ἀόρατα
3034 2440 3200 2492 αὑτοῦ
3228 2439 3319 2492 διὰ
3367 2441 3490 2492 τῶν
3542 2442 3744 2509 γεγειό-

2165 2544 2275 2582 των
2305 2529 2538 2584 καθόσον
2561 2530 2816 2585 δύνανται
2849 2534 3118 2603 νοούμενα
3159 2534 3434 2604 καθορᾷν,
3480 2535 3578 2588 καὶ
3606 2536 3747 2603 pila-

2167 2637 2271 2674 στα
2311 2621 2401 2674 διὰ
2439 2621 2537 2691 τῆς
2587 2622 2876 2695 λογικῆςῆ
2913 2626 3110 2696 νοερᾶς
3143 2626 3403 2689 κτίσεως,
3465 2629 3572 2695 τῆς
3616 2644 3748 2694 γενο-

2170 2713 2340 2783 μένης
2371 2713 2491 2768 κατ’
2540 2714 2725 2769 εἰκόνα
2755 2716 2912 2782 Θεοῦ,
2943 2718 3012 2771 δι’
3042 2717 3101 2770 οῦ
3141 2718 3334 2790 ὥσπερ
3369 2718 3446 2770 δι’
3492 2719 3746 2787 ἐσόπτρου

2164 2805 2360 2888 ὁπόσον
2389 2807 2670 2872 δύνανται,
2692 2809 2810 2878 εἴγε
2836 2810 3090 2864 δύνανται
3120 2810 3342 2880 βλέπειν
3371 2812 3472 2864 τὸν
3505 2812 3641 2864 Θεὸν
3664 2812 3746 2881 τήν

2165 2898 2374 2968 Τριάδα
2405 2901 2462 2953 ἐν
2497 2903 2560 2969 τῇ
2600 2901 2848 2972 ἡμετέρα
2883 2903 3093 2973 μνήμῃ,
3126 2904 3220 2956 καὶ
3247 2907 3315 2973 τῇ
3346 2905 3545 2974 νοήσει
3575 2904 3667 2957 καὶ
3689 2907 3742 2974 τῇ

2167 2988 2406 3059 θελήσει.
2437 2989 2625 3043 Ταῦτα
2669 2991 2726 3044 δὲ
2761 2995 2825 3044 τὰ
2849 2993 2978 3061 τρία
3013 2994 3072 3044 ἐν
3102 2993 3178 3062 τῷ
3209 2993 3363 3064 αὐτῷ
3391 2994 3483 3047 νοῒ
3516 2994 3747 3062 φυσικῶς

2091 3113 2135 3169 c
2168 3077 2351 3134 θεόθεν
2399 3081 2802 3154 καθεστηκότα,
2855 3083 3088 3148 ἕκαστος
3121 3085 3356 3154 ζωηρῶς
3398 3085 3634 3155 θεωρεῖ,
3669 3089 3749 3139 καὶ

2171 3171 2337 3224 πόσον
2362 3175 2506 3242 μέγα
2529 3176 2677 3227 ἐστὶν
2708 3176 2766 3226 ἐν
2795 3174 2965 3244 αὐτῷ,
2997 3176 3130 3230 ἔνθα
3157 3178 3371 3245 πέφυκε
3400 3182 3505 3231 καὶ
3535 3181 3568 3249 ή
3595 3180 3748 3241 ἀΐδιος

2168 3266 2264 3318 καὶ
2298 3267 2679 3337 ἀμετάϐλητος
2723 3269 2882 3324 οὐσία
2918 3269 3382 3338 μνημονεύεσθαι,
3420 3275 3524 3324 καὶ
3567 3273 3750 3343 βλέξ·

2170 3354 2317 3422 σθαι,
2362 3357 2454 3408 καὶ
2499 3357 2912 3428 ἐπιθυμεῖσθαι.
2946 3359 3465 3430 Ἀναμιμνήσκεται
3521 3362 3640 3434 γὰρ
3669 3360 3749 3414 διὰ

2167 3441 2269 3510 τῆς
2311 3443 2555 3512 μνήμης,
2603 3444 2858 3514 βλέπεται
2894 3447 2981 3500 διά
3021 3450 3122 3517 τῆς
3168 3450 3440 3520 νοήσεως,
3501 3451 3749 3523 περιϐάλ-

2169 3533 2320 3587 λεται
2352 3536 2439 3589 διὰ
2468 3538 2565 3606 τῆς
2597 3539 2840 3608 ἀγάπης,
2869 3542 2964 3594 καὶ
2991 3541 3338 3594 παντάπασιν
3371 3546 3634 3613 εὑρίσκει
3661 3545 3750 3614 τῆς

2171 3627 2350 3696 ἄκρας
2375 3628 2604 3696 Τριάδος
2632 3631 2731 3700 τὴν
2757 3631 2990 3686 εἰκόνα.ι
3020 3635 3128 3686 Καὶ
3153 3633 3308 3697 αὖθις
3334 3638 3394 3688 ἐν
3417 3635 3500 3707 τῷ
3523 3636 3615 3706 κγ’
3637 3655 3752 3706 κεφ.

2180 3733 2199 3767 ι
2235 3718 2341 3770 Καὶ
2389 3719 2497 3788 γὰρ
2547 3720 2642 3772 καὶ
2676 3723 2867 3792 μνήμη
2902 3725 2995 3778 τοῦ
3030 3726 3346 3796 ἀνθρώπου,
3382 3729 3486 3781 καὶ
3522 3730 3752 3799 μάλιστα

2175 3807 2242 3876 ἢν
2275 3809 2375 3862 οὐκ
2403 3809 2514 3878 ἔχει
2546 3813 2613 3863 τά
2642 3815 2834 3882 κτήνη,
2886 3816 3166 3870 τουτέστιν
3216 3816 3346 3870 καθ’
3374 3823 3440 3889 ἢν
3492 3822 3564 3873 τά
3600 3838 3778 3892 νοητι-

2176 3901 2483 3970 πράγματα
2540 3902 2682 3957 οὕτω
2735 3907 3075 3976 περιέχεται,
3134 3911 3209 3972 ὡς
3266 3912 3342 3980 μὴ
3392 3913 3534 3980 πρὸς
3589 3916 3754 3981 αὶτιςν

2172 3992 2262 4045 διά
2293 3995 2403 4047 τῶν
2437 3993 2530 4047 τοῦ
2577 3996 2830 4067 σώματος
2864 4001 3174 4070 αίσθήσεων
3205 4002 3493 4072 ἔρχεσθαι,
3527 4007 3676 4058 κατὰ
3703 4007 3754 4057 τὸ

2178 4084 2378 4156 μέτρον
2424 4087 2625 4158 ἐαυτῆς
2673 4089 2785 4159 ἔχει
2816 4093 2875 4144 ἐν
2905 4092 3031 4162 τῇδε
3057 4097 3122 4165 τῇ
3158 4093 3262 4164 τῆς
3294 4097 3533 4164 Τριάῑος
3566 4098 3752 4162 εἰκόνι,

2175 4181 2527 4250 ἀσυγκρίτως
2557 4182 2657 4249 μὲν
2685 4183 2960 4252 ἀνόμοιον,
2982 4188 3130 4257 ὅμως
3156 4190 3214 4242 δέ
3241 4191 3636 4261 ὁποιανδήτινα
3665 4190 3755 4245 τεῦ

2178 4272 2389 4342 Πατρὸς
2420 4273 2738 4344 ὁμοιότητα.
2771 4277 2892 4328 Ἔτι
2919 4277 2976 4330 δὲ
3009 4281 3103 4333 καὶ
3135 4283 3166 4350 ή
3199 4281 3385 4352 νόησις
3412 4284 3512 4335 τοῦ
3545 4285 3756 4356 ανθρώ-

2177 4380 2303 4427 που,
2327 4366 2360 4434 ή
2385 4365 2472 4417 διά
2491 4367 2591 4437 τῆς
2618 4368 2711 4422 τοῦ
2741 4369 3009 4439 λογισμοῦ
3037 4372 3349 4443 προθέσεως
3373 4376 3588 4428 ἐκεῖθεν
3623 4395 3754 4446 μορ-

493 4462 738 4531 γούντων
771 4467 998 4532 φωναῖς,
1044 4465 1142 4536 οὐχ
1167 4460 1331 4537 ἦττον
1365 4467 1422 4520 δὲ
1464 4469 1577 4530 τοῖς
1621 4470 1932 4540 είρημένοις
1964 4471 2068 4524 ὑπὸ
2102 4452 2144 4507 D
2175 4456 2447 4526 φουμένην
2481 4461 2703 4513 ἐπειδὰν
2741 4461 2770 4514 δ
2819 4464 3150 4530 γινώσκεται
3191 4466 3440 4535 λέγηται,
3481 4469 3582 4520 καί
3625 4468 3753 4539 μηδὲ

493 4555 588 4609 τοῦ
616 4556 766 4627 ἱεροῦ
799 4557 1170 4626 Αὑγουστίνου
1197 4563 1253 4611 ἐν
1301 4559 1380 4629 τῷ
1418 4564 1544 4630 περὶ
1595 4562 1824 4631 Τριάδος
1857 4563 2066 4633 βιϐλίῳ,

493 4651 551 4703 ἐν
576 4645 657 4712 οἷς
696 4652 788 4704 καὶ
816 4654 1041 4722 μνήμην
1083 4654 1184 4720 μὲν
1213 4655 1311 4722 τὴν
1343 4659 1690 4727 γεννητικὴν,
1726 4656 1980 4728 βούλησιν
2013 4659 2070 4710 δὲ

494 4742 596 4813 τὴν
627 4744 965 4814 πνευστικὴν
996 4746 1223 4799 ἐκάλεσε
1254 4746 1507 4818 δύναμιν.

1051 4885 1512 4944 ΑΓΑΛΛΙᾹΝΟΣ.

568 4992 672 5045 Φεῦ
720 4999 818 5065 τῆς
866 5003 1264 5068 συκοφαντίαςί
1305 5005 1414 5056 Καὶ
1449 5007 1595 5069 τίνες
1647 5009 1755 5061 τῶν
1805 5010 2068 5080 Οεολόγων

497 5081 596 5145 τὰς
628 5088 814 5150 φωνὰς
841 5092 1045 5156 ταύτας
1072 5096 1398 5163 παρέδωκαν
1431 5093 1517 5160 αἷς
1563 5100 1780 5170 συνᾴδει
1814 5103 1880 5154 τὰ
1911 5103 2068 5172 λεγό-

496 5189 673 5244 μενα;
704 5176 890 5241 Οὐδεὶς
918 5181 1114 5247 δήπου.
1147 5187 1437 5242 Διαϐάλλει
1472 5190 1580 5259 γὰρ
1624 5193 1719 5243 καὶ
1760 5195 1850 5246 τὸν
1887 5212 2067 5264 μακαο

496 5264 766 5336 ριώτατον
813 5270 1201 5337 Αὑγουστῖνον,
1238 5279 1312 5339 ὡς
1355 5279 1618 5350 δυνάμεις
1659 5283 1926 5339 καλοῦντα
1972 5286 2066 5340 τοῦ

492 5358 707 5429 Πατρὸς
755 5359 854 5430 τὴν
909 5364 1132 5433 μνήμην
1183 5369 1276 5419 καὶ
1323 5370 1422 5437 τὴν
1483 5373 1762 5444 βούλησιν,
1819 5377 1919 5445 τὴν
1971 5377 2068 5446 μὲν

489 5452 838 5522 γεννητικὴν,
881 5455 983 5524 τὴν
1033 5454 1292 5526 βούλησιν
1340 5460 1396 5512 δὲ
1442 5467 1793 5537 πνευστικήν.
1829 5467 1905 5519 Οὐ
1958 5469 2067 5539 γὰρ

489 5539 721 5630 εὕρηταί
746 5560 845 5600 που
873 5546 982 5598 τῶν
1005 5547 1170 5601 αὑτοῦ
1200 5557 1673 5624 συγγραμμάτων,
1702 5563 1800 5613 ὅσα
1822 5577 1884 5628 γε
1905 5563 2066 5630 ήμεῖς

491 5629 670 5701 ἴσμεν,
706 5633 851 5688 οὕτω
882 5636 1058 5692 ταῦτα
1093 5640 1387 5713 λεγόμενα,
1436 5648 1638 5716 μᾶλλον
1667 5650 1723 5701 δὲ
1760 5651 2067 5705 τούναντίον

489 5720 651 5783 ἅπαν.
686 5727 912 5800 Συνᾲδει
946 5731 1056 5801 γὰρ
1085 5738 1341 5802 κάκεῖνος
1372 5744 1482 5804 τοῖς
1515 5740 1720 5806 λοιποῖς
1759 5743 1936 5809 ἁγίοις
1964 5745 2059 5814 τῆς

2175 4549 2302 4617 μιᾶς
2321 4547 2589 4626 γλῲττης,
2609 4552 2744 4606 ἀλλά
2767 4552 3047 4627 καρδίας
3073 4556 3251 4624 λόγος,
3278 4557 3394 4626 ἔχει
3412 4561 3473 4615 ἐν
3493 4565 3562 4630 τῇ
3583 4566 3752 4632 οἰκείᾳ

2175 4639 2386 4710 μεγάλῃ
2435 4643 2783 4713 άνομοιότητι
2831 4647 2926 4700 καί
2971 4665 3093 4704 τινα
3142 4651 3438 4719 ὁμοιότητα
3474 4655 3572 4707 103
3608 4657 3751 4707 Υἱοῦ.

2173 4735 2282 4785 Kac
2323 4734 2386 4801 δὴ
2424 4736 2513 4787 καὶ
2565 4736 2600 4804 ὴ
2648 4737 2739 4790 τοῦ
2789 4739 3078 4808 ἀνθρώπου
3134 4745 3323 4813 ἀγάπη
3365 4748 3428 4796 ἐκ
3465 4750 3564 4816 τῇς
3618 4749 3752 4815 γνὼ-

2174 4841 2312 4888 σεως
2344 4828 2607 4897 προϊοῦσα
2637 4831 2732 4882 καὶ
2765 4831 2862 4900 τὴν
2897 4837 3120 4904 μνήμην
3153 4839 3511 4891 συνάπτουσα
3540 4843 3638 4892 καὶ
3663 4845 3751 4910 τὴν

2171 4917 2378 4986 νόησιν,
2414 4920 2487 4982 ὡς
2519 4919 2586 4972 ἂν
2618 4925 2772 4992 κοινῇ
2805 4913 2881 4994 τῷ
2912 4925 3087 4994 Πατρί
3113 4944 3171 4978 τε
3199 4930 3299 4980 καὶ
3320 4929 3398 4998 τῷ
3421 4932 3748 5002 γεννήματι,

2169 5009 2294 5062 ὅθεν
2335 5009 2460 5062 οὔτε
2498 5012 2708 5084 Πατὴρ,
2743 5014 2868 5067 οὔτε
2903 5018 3152 5087 γέννημα
3191 5013 3331 5071 εἶναι
3378 5026 3609 5088 νοεῖται,
3651 5026 3748 5092 ἔχει

2172 5105 2229 5153 ἐν
2273 5101 2398 5170 τῇδε
2432 5105 2497 5171 τῇ
2538 5105 2708 5156 εἰκόνι
2760 5106 2809 5158 εἰ
2853 5110 2948 5160 καὶ
2987 5109 3110 5161 λίαν
3152 5110 3406 5179 ἀνόμοιον
3455 5115 3750 5184 ὁμοιότητᾶ

2167 5209 2292 5246 τινα
2319 5193 2410 5245 τοῦ
2442 5194 2600 5262 ἁγίου
2630 5195 2997 5262 Πνεύματος.»
3029 5201 3136 5254 Καὶ
3160 5199 3336 5265 αὖθις·
3368 5223 3387 5255 ι
3419 5207 3556 5276 Περὶ
3583 5207 3648 5262 δὲ
3668 5209 3748 5260 τοῦ

2168 5284 2327 5351 ἁγίου
2367 5285 2687 5355 Πνεῦματος
2722 5289 2877 5342 οὐδὲν
2906 5291 2962 5343 ἐν
2992 5291 3125 5360 τῷδε
3165 5294 3244 5362 τῷ
3277 5297 3592 5364 αἰνίγματι,
3618 5299 3748 5366 ὅπερ

2168 5377 2359 5446 ὅμοιον
2382 5379 2448 5431 ἂν
2481 5379 2633 5450 αὐτῷ
2666 5381 2876 5452 δοκοίη,
2917 5383 3206 5450 ἀπέδειξα,
3245 5388 3326 5439 ὅτι
3357 5389 3433 5458 μὴ
3463 5390 3562 5461 τὴν
3595 5391 3746 5457 θέλη-

2171 5485 2254 5523 σιν
2293 5470 2475 5540 ήμῶν,
2511 5472 2543 5542 ἢ
2579 5474 2670 5525 τὸν
2703 5474 2902 5544 ἔρωτα,
2934 5477 2966 5546 ἦ
3005 5477 3102 5548 τὴν
3141 5481 3387 5553 ἀγάπην,
3423 5483 3547 5554 ήτις
3581 5485 3749 5556 ερρω-

2172 5563 2473 5633 μενεστέρα
2534 5567 2654 5619 ἐστὶ
2706 5566 2942 5640 θέλησις.
2986 5589 3007 5626 ι
3051 5574 3165 5627 Καὶ
3211 5576 3268 5626 ἐν
3311 5576 3392 5646 τῷ
3441 5583 3522 5629 κε’
3569 5578 3746 5630 πάλιν·

2176 5674 2194 5705 ι
2227 5657 2398 5710 Τοῦτο
2433 5659 2490 5712 τὸ
2525 5660 2700 5731 ὄνομα
2751 5664 2828 5734 τῷ
2869 5666 3151 5737 Πνεύματι
3185 5668 3262 5738 τῷ
3302 5669 3445 5740 ἁγίῳ
3495 5671 3744 5740 ἁρμόζει,

2171 5747 2362 5821 ὥσπερ
2393 5753 2544 5822 καιή
2592 5755 2783 5827 ἀγάπη
2807 5771 2821 5786 ·
2851 5759 2902 5812 τί
2943 5760 2998 5813 δέ
3037 5762 3185 5823 ἐστιν
3234 5763 3426 5834 ἕτερον
3457 5765 3681 5838 ἀγάπη,
3715 5765 3744 5834 ᾗ
