3904 6222
143 321 262 380 1θ25
1194 311 1631 375 REFUTATIO
1669 316 1697 372 Α

1810 309 2133 373 ίΥΒΟΡΗΙ,
2147 311 2189 371 l.
3186 305 3325 369 1026

100 488 105 497 Α
137 429 344 498 θέλησις.
378 445 394 479 ι
436 426 545 480 Καὶ
594 424 754 478 πάλιν
806 424 864 478 ἐν
898 422 974 494 τῷ
1005 424 1153 495 αὐτῷ
1186 443 1340 494 κεφε.
1380 445 1399 477 ι
1439 425 1663 488 Ὁσάκις
1692 434 1736 489 Α
1766 408 1977 497 ἀγάπη,
2008 423 2165 477 τοῦτο
2209 424 2303 477 καὶ
2350 423 2639 495 ἡθέλήσις
2684 422 2906 493 ὁμοίως.
2939 421 3127 478 Ταῦτα
3164 424 3222 478 δὲ
3263 424 3333 478 τά

137 524 201 577 ἂν
224 522 275 576 ἐν
299 520 420 595 αὐτῇ
451 522 517 591 τῇ
566 518 762 582 κτίσει,
784 518 909 589 ἣτις
954 518 1119 588 ἐσμέν
1168 520 1350 589 ἡμεῖς,
1382 520 1566 590 ὅμοιόν
1613 537 1664 574 τι
1766 516 2009 586 ὀνόματα
2025 514 2292 583 ἰδιότητάς
2314 530 2479 582 φασιν
2507 516 2555 566 οί
2584 514 2823 582 θεολόγοι
2854 513 3205 584 παραδηλοῦν
3232 516 3335 575 τάς

136 614 307 683 ἐκείνῳ
326 614 394 683 τῷ
426 614 717 682 πράγματι
756 610 1041 677 ἀποδεῖξαι
1073 610 1335 681 ἠθέλησα,
1368 614 1433 680 τῇ
1480 614 1666 682 όποιᾳ-
1768 611 1827 663 ἐν
1856 609 1922 679 τῇ
1966 607 2127 677 οὐσίᾳ
2152 606 2219 660 τὰ
2260 607 2531 675 πρόσωπα·
2570 605 2957 671 διακρινούσας
2988 606 3193 671 ἐκεῖνα,
3240 605 3338 658 καὶ

136 708 290 774 δήτινι
318 705 488 775 ἐννοίᾳ
531 703 713 775 ήμῶν,
739 703 841 756 οὐκ
886 701 1181 771 ἀποχρῶσα
1216 702 1419 771 φράσις
1467 703 1668 772 ἐπηκο-
1768 703 1867 766 τὰς
1904 702 2039 769 πρὸς
2083 699 2288 771 ἄλληλα
2338 701 2553 770 σχέσεις
2589 699 2685 752 καὶ
2725 701 3004 769 ἀναφορὰς
3050 702 3339 772 ἐμφαίνειν

134 797 390 868 λούθησεν,
422 797 474 849 εἰ
520 795 618 849 καὶ
647 794 706 847 ἐν
733 793 869 863 αὐτῇ
900 794 967 863 τῇ
996 792 1174 862 ἐννοίᾳ
1216 794 1668 861 ἐπιχειρήσαντος
1770 794 1971 849 αὐτῶν.
1998 794 2064 847 Αἱ
2094 795 2203 861 γάρ
2235 792 2515 860 ἰδιότητες,
2548 793 2686 863 φησί
2712 792 2994 856 Βασίλειος
3024 797 3080 847 ἐν
3101 795 3340 865 δευτέρῳ

134 888 352 959 ἐμαυτοῦ
385 885 584 954 μᾶλλον
610 885 857 956 ᾐσθόμην
883 884 916 952 ἢ
943 881 1354 947 τελειώσαντος,
1382 884 1477 936 καὶ
1506 886 1561 936 ἐν
1590 885 1671 937 ἐνὶ
1772 886 1881 939 τῶν
1913 885 2057 955 Πρὸς
2100 884 2383 954 Εὐνόμιον,
2412 885 2575 937 οίονεί
2605 901 2750 948 τινες
2797 888 3002 955 μορφαὶ
3033 888 3125 940 καὶ
3165 904 3339 957 χαραα

134 981 231 1050 μέν
256 980 513 1049 προσώπῳ
541 977 679 1047 ὅπερ
703 976 852 1029 ἐστὶν
877 978 905 1029 6
933 974 1215 1045 ἄνθρωπος
1252 975 1542 1045 εὑρηκέναι
1573 974 1672 1046 τὴν
1772 976 1977 1046 κτῆρες
2022 974 2496 1045 ἐπιθεωρούμεναι
2528 977 2593 1045 τῇ
2630 976 2809 1045 οὐσίᾳ,
2837 974 3107 1042 διαιροῦσι
3141 976 3240 1043 μὲν
3281 978 3343 1029 16

135 1071 302 1125 εἰκόνα
342 1071 433 1138 τῆς
480 1070 655 1138 άκρας
692 1067 943 1136 Τριάδος,
974 1068 1071 1119 καὶ
1114 1067 1174 1119 ἐν
1223 1064 1444 1135 τρεπτῷ
1493 1066 1673 1141 πράγ-
1774 1069 1957 1122 κοινὸν
2002 1070 2117 1129 τοῖς
2169 1066 2435 1131 ίδιάζουσι
2486 1065 2852 1141 χαρακτῇρσι,
2894 1068 2955 1120 τὺ
3007 1068 3063 1119 δὲ
3105 1069 3345 1137 όμοφυές

137 1182 282 1234 ματι,
306 1163 372 1225 ὡς
399 1162 466 1214 τὰ
489 1160 616 1229 τρία
643 1160 828 1211 ἐκεῖνα
861 1159 992 1228 ῥᾷον
1031 1157 1268 1211 νοεῖσθαι
1297 1157 1536 1211 δύναται.
1558 1136 1596 1208 ἰ
1774 1162 1874 1235 τῆς
1902 1159 2087 1222 οὐσίας
2122 1159 2180 1211 οὐ
2228 1134 2635 1212 διακόπτουσιν·
2668 1134 2780 1218 οίον
2809 1160 2987 1213 κοινὸν
3028 1134 3195 1233 μὲν-ἡ
3225 1134 3348 1214 θεό-

204 1254 342 1309 Οὕτω
389 1252 486 1323 μὲν
513 1255 541 1305 6
566 1250 889 1311 διδάσκαλος
929 1248 1053 1303 ἐπεὶ
1083 1250 1270 1303 είκόνα
1299 1250 1393 1303 τοῦ
1423 1249 1558 1303 Θεοῦ
1583 1251 1675 1304 τὶν
1775 1266 1899 1316 της,
1933 1248 2201 1317 ἰδιώματα
2234 1250 2292 1302 δέ
2332 1266 2454 1302 τινα
2482 1250 2757 1321 πατρότης
2796 1254 2889 1304 καὶ
2915 1253 3119 1323 υίότης.
3163 1253 3258 1307 Ἐκ
3289 1255 3348 1308 δὲ

133 1346 397 1417 ἄνθρωπον
429 1344 530 1413 τῆς
574 1343 796 1414 Γραφῆς
842 1342 1047 1412 ἢκουσε
1089 1340 1378 1408 λεγούσης,
1426 1342 1537 1394 ἀπὸ
1575 1340 1673 1409 τῆς
1777 1340 2175 1410 τῆς”ἐκατέρου
2208 1341 2531 1412 συμπλοκῆς
2563 1343 2653 1395 τοῦ
2682 1360 2741 1396 τε
2768 1344 2950 1397 κοινοῦ
2980 1349 3075 1399 καὶ
3095 1347 3188 1400 τοῦ
3213 1349 3346 1401 ἰδίου

134 1439 374 1509 τοιαύτης
408 1436 619 1500 εἰκόνος
659 1434 911 1488 εἰκασίαν
961 1435 1085 1487 τινὰ
1126 1433 1499 1503 παραδίδωσιν
1554 1434 1676 1486 ὅσον
1779 1432 1813 1501 ὴ
1848 1432 2155 1502 κατάληψις
2206 1435 2340 1510 ημῖν
2388 1433 2490 1504 τῆς
2541 1434 2798 1505 ἀληθείας
2838 1438 3137 1506 ἐγγίνεται.
3172 1440 3281 1493 Kal
3320 1443 3350 1491 6

134 1526 243 1586 οἷόν
271 1548 322 1584 τε
348 1529 410 1583 δι’
434 1528 604 1597 αὐτῆς
629 1528 688 1581 16
716 1526 1024 1598 ἀρχέτυπον
1054 1526 1276 1589 ἐννοεῖν,
1312 1524 1409 1579 καὶ
1435 1524 1545 1579 ἀπὸ
1569 1524 1679 1577 τῶν
1792 1524 2212 1593 Ἀρεοπαγίτης,
2252 1526 2512 1596 Διακεκρι
2522 1529 2681 1597 μένα,
2724 1528 2881 1597 φησὶ,
2921 1530 2981 1582 16
3008 1531 3101 1583 τοῦ
3137 1531 3351 1602 Πατρὸς

135 1618 611 1695 ἐγκαθεστηκότων
637 1619 716 1690 τῷ
755 1618 851 1671 τοῦ
888 1618 1184 1689 ἀνθρώπου
1205 1615 1287 1670 νοτ
1311 1616 1497 1671 θεόθεν
1521 1632 1679 1685 φυσι-
1781 1614 2110 1684 ὐπερούσιον
2133 1613 2309 1686 ὄνομα
2342 1617 2437 1669 καὶ
2468 1618 2657 1687 χρῆμα
2684 1619 2781 1671 καὶ
2808 1618 2935 1673 Υίοῦ
2960 1620 3062 1673 -καὶ
3094 1620 3353 1691 Πνεῦμα-

134 1717 264 1782 κῶς,
294 1715 357 1768 τά
386 1713 444 1767 δέ
480 1712 596 1766 ἐστὶ
642 1712 833 1781 μνήμη
876 1709 970 1763 καὶ
1014 1709 1198 1778 νόησις
1228 1709 1322 1762 καὶ
1369 1707 1607 1778 θέλησις,
1642 1706 1680 1760 ἀ
1707 1779 1742 1782 Δ
1780 1719 1893 1771 τος,
1920 1705 2177 1773 οὐδεμιᾶς
2205 1708 2263 1758 ἐν
2288 1706 2501 1771 τούτοις
2529 1709 2918 1779 ἀντιστροφῆς,
2951 1711 2984 1782 ἢ
3015 1711 3153 1776 ὅλως
3176 1712 3355 1766 κοινό-

129 1808 195 1861 ὲν
226 1779 298 1877 τῷ
324 1802 597 1875 ἀνθρώπῳ
622 1779 845 1874 τρεπτῷ
877 1801 992 1855 ὄντι
1018 1799 1114 1855 καὶ
1162 1798 1269 1883 ὐπδ
1300 1799 1512 1869 χρόνον,
1535 1796 1679 1851 οὕτω
1705 1779 1754 1840 Β
1781 1812 1944 1864 τητος
1965 1797 2332 1868 ἐπαγομένης.
2365 1796 2469 1852 Kal
2499 1799 2799 1872 Γρηγόριος
2821 1802 2851 1854 ό
2876 1779 3158 1873 Θεολόγος,
3182 1805 3350 1871 Αὐτὸ,

132 1897 227 1951 καὶ
266 1894 398 1950 αὐτὰ
443 1894 750 1963 θεωρεῖται,
785 1892 862 1955 ὡς
893 1889 961 1945 δι’
1000 1891 1270 1960 ἐσόπτρου
1311 1889 1481 1955 τινὸς,
1522 1889 1678 1960 φησὶ,
1785 1886 1943 1956 φησὶ,
1970 1887 2032 1940 τὸ
2074 1887 2150 1958 μὴ
2187 1888 2574 1959 γεγεννῆσθαι,
2614 1892 2709 1944 καὶ
2745 1892 2805 1944 16
2842 1891 3223 1965 γεγεννῆσθαι,
3258 1900 3354 1949 καὶ

130 1987 223 2042 16v
248 1986 535 2055 δυνάμενον
567 1984 682 2052 είγε
713 1982 941 2037 δύναται
968 1981 1039 2035 τὰ
1064 1984 1124 2035 ἐν
1147 1983 1214 2052 τῇ
1239 1980 1398 2050 ἀϊδίῳ
1421 1980 1519 2034 καὶ
1546 1980 1684 2050 άμε-
1776 1978 1843 2031 τὸ
1881 1978 2302 2049 ἐκπορεύεσθαι,
2341 1981 2435 2035 16v
2470 1983 2569 2052 μὲν
2600 1982 2839 2053 Πατέρα,
2870 1985 2961 2038 16v
2999 1986 3068 2040 δὲ
3107 1986 3260 2052 Υιδν,
3291 1986 3356 2041 τὸ

128 2077 373 2149 ταόλήτῳ
408 2076 571 2149 οὐσίᾳ
601 2075 967 2145 ἀναγωγικῶς
992 2074 1119 2144 τρία
1145 2075 1416 2144 πρόσωπα
1453 2073 1685 2143 θεωρεῖν
1777 2069 1841 2124 δέ
1867 2069 2015 2123 τοῦθ’
2045 2072 2182 2142 ὅπερ
2204 2070 2425 2141 λέγεται
2456 2075 2685 2145 Πνεῦμα
2707 2075 2863 2145 ἅγιον
2882 2079 3353 2150 προσηγόρευσεν,

130 2188 193 2223 τε
223 2169 311 2223 καὶ
340 2170 500 2233 νοεῖν,
534 2167 583 2220 εί
611 2168 707 2221 καὶ
734 2166 953 2237 μεγάλη
982 2166 1305 2236 ἀνομοιότης
1331 2164 1450 2218 ἐστὶ
1477 2162 1683 2217 τούτων
1787 2162 1877 2216 ἵνα
1903 2163 1964 2216 16
1991 2161 2301 2234 ἀσύγχυτον
2348 2163 2591 2235 σώζηται
2628 2166 2737 2221 τῶν
2773 2169 2940 2238 τριῶν
2973 2170 3353 2231 ὑποστάσεων,

134 2263 268 2331 πρὸς
293 2262 491 2343 ἐκεῖνα,
520 2259 646 2312 ὅσον
668 2259 829 2328 μόνον
862 2257 953 2310 τὸν
978 2256 1326 2323 ἐξεταστικὸν
1358 2254 1448 2307 τοῦ
1477 2253 1685 2323 ἀνθρών

132 2368 236 2404 που
273 2342 391 2403 νοῦν
422 2348 568 2417 ἔχειν
604 2346 731 2399 τινὰ
761 2346 970 2417 ἵδρυσιν
1019 2347 1078 2398 ἐν
1121 2347 1239 2408 ταῖς
1270 2344 1398 2413 περὶ
1434 2342 1570 2395 Θεοῦ
1601 2344 1686 2392 ἐν-

129 2444 320 2509 νοίαις,
352 2441 445 2495 καὶ
484 2438 793 2509 ἐφησθῆναι
841 2436 1151 2506 κατάληψίν
1178 2453 1321 2502 τινα,
1351 2435 1400 2488 εἰ
1439 2434 1535 2487 καὶ
1564 2432 1687 2485 λίαν

126 2536 394 2607 ἀμυδρὰν,
426 2533 460 2605 ἢ
497 2534 591 2586 καὶ
616 2533 798 2586 πάντα
823 2532 1098 2601 ἀνόμοιον,
1125 2529 1236 2582 ἀπὸ
1263 2529 1371 2581 τῶν
1402 2528 1527 2581 καθ’
1555 2526 1687 2581 αὐτὸ

129 2629 260 2699 περὶ
294 2627 500 2681 ἐκείνου
548 2624 939 2695 πορισάμενον.
992 2622 1066 2674 Οὐ
1106 2620 1291 2691 μέντοι
1336 2635 1402 2688 γε
1444 2619 1552 2672 ἀπὸ
1588 2620 1689 2687 τῆς

124 2721 351 2793 Γραφῆς
399 2718 547 2789 ἔχειν
593 2716 768 2771 ταῦτα
818 2713 1205 2786 προστίθησιν,
1250 2712 1342 2779 ἀφ’
1385 2709 1581 2793 ἐαυτοῦ
1631 2707 1690 2761 δέ

130 2788 331 2887 μάλλον
356 2788 630 2869 διδάσκειν
658 2812 785 2872 τοὺς
819 2809 913 2861 καὶ
940 2808 1096 2874 λόγον
1130 2804 1258 2873 περὶ
1291 2803 1399 2855 τῶν
1433 2788 1690 2854 τοῶύτων

126 2906 470 2979 πραγμάτων
499 2901 841 2971 ἀνθρώπειον
869 2894 1240 2959 ἀπαιτοῦντας
1272 2906 1427 2963 φησι·
1451 2892 1546 2945 καὶ
1569 2889 1691 2942 οὐδὲ

124 2999 349 3061 τελείως
382 2996 444 3050 16
479 2993 556 3065 μὴ
600 2989 994 3047 ἐπακολουθεῖν
1039 2986 1369 3058 ἀποχρῶσαν
1410 2984 1510 3055 τὴν
1553 2981 1692 3053 φρά-

124 3109 239 3156 σιν,
273 3092 433 3159 μόνον
458 3087 515 3140 66
546 3087 849 3156 ἐπιχειρεῖν
878 3085 945 3155 τῇ
976 3081 1176 3146 ἐννοίᾳ.

1787 2256 1899 2311 Kal
1927 2260 1957 2311 6
1986 2257 2231 2327 Νύσσης,
2265 2258 2331 2311 Ἦ
2360 2257 2811 2331 ἐπιθεωρουμένη
2838 2261 3049 2335 ἑκάστη
3074 2265 3201 2319 τῶν
3214 2266 3356 2320 ὐπο-

1789 2348 2034 2401 στάσεων
2085 2346 2286 2416 ἰδιότης
2329 2346 2546 2416 τρανῶς
2593 2345 3007 2417 καὶηκαθαρῶς
3057 2352 3120 2403 16
3167 2352 3358 2424 ἕτερον

1787 2438 1896 2492 ἀπὸ
1922 2438 2014 2491 τοῦ
2036 2437 2224 2508 ἐτέρου
2252 2437 2513 2510 διίστησι.

1863 2531 2081 2585 Τούτων
2108 2530 2281 2593 οὕτως
2313 2530 2548 2602 ἐχόντων
2567 2532 2663 2585 καὶ
2700 2532 2811 2587 τῶν
2847 2533 3130 2604 ὀνομάτων
3153 2533 3360 2589 τούτοιν

1790 2622 1928 2692 πρὸς
1966 2621 2029 2674 16
2071 2621 2361 2690 διαστῆσαι
2411 2622 2508 2675 καὶ
2554 2621 2831 2692 διακρῖναι
2880 2624 2978 2688 τὰς
3027 2624 3360 2688 ὐ-ποστάσεις

1790 2713 1912 2782 ἦτοι
1954 2711 2023 2763 τὰ
2081 2709 2348 2780 πρόσωπα
2380 2710 2440 2761 ἐν
2484 2712 2550 2780 τῇ
2589 2712 2690 2779 τῆς
2730 2712 2919 2775 οὐσίας
2954 2713 3179 2783 ἐνότητι
3220 2713 3356 2782 πρὸς

1791 2804 1899 2855 τῶν
1946 2800 2215 2866 θεολόγων
2256 2798 2659 2870 ἐξευρημένωνο
2703 2801 2769 2853 άν
2813 2818 2872 2855 τε
2929 2804 3040 2873 γάρ
3073 2803 3132 2856 16
3170 2804 3361 2874 Πατήρ

1792 2893 1976 2963 εἴπῃς,
2006 2891 2037 2961 ἢ
2069 2892 2158 2944 τὸν
2188 2889 2333 2958 νοῦν,
2365 2890 2399 2962 ἢ
2441 2892 2539 2960 τὴν
2574 2891 2815 2963 μνήμην,
2853 2893 2921 2947 άν
2958 2911 3016 2946 τε
3049 2894 3293 2966 ἀγάπην,
3324 2896 3359 2966 ἢ

1792 2986 1891 3053 τὴν
1933 2984 2175 3053 θέλησιν,
2206 2985 2317 3054 οὐχ
2344 2982 2419 3048 ὡς
2442 2983 2707 3052 δυνάμεις
2740 2984 2967 3049 ἐνούσας
2996 2986 3029 3058 ἢ
3064 2988 3356 3054 συνούσας,

1715 3107 1764 3171 C
1796 3079 1889 3129 καὶ
1917 3076 2055 3140 ὅλως
2080 3079 2147 3147 τῇ
2177 3077 2336 3146 οὐσία
2368 3076 2766 3145 ἀποδιδομένας
2790 3075 3045 3147 νοοῦμεν·
3079 3077 3222 3133 οὕτω
3253 3080 3363 3149 γάρ

203 3183 368 3236 Ὅθεν
395 3180 554 3251 δῆλον
582 3179 657 3241 ὡς
687 3180 715 3230 6
743 3174 934 3247 παρὼν
961 3174 1281 3235 διδάσκαλος
1305 3174 1362 3226 ἐν
1385 3169 1463 3241 τῷ
1486 3170 1696 3241 ἀνθρω-
1730 3167 1764 3171 “
1796 3169 1987 3239 ὥσπερ
2021 3170 2118 3238 μία
2153 3170 2312 3222 οὐσία
2355 3169 2447 3222 καὶ
2487 3167 2547 3222 ἐν
2581 3169 2877 3240 πρόσωπον
2924 3171 3013 3225 διά
3062 3171 3162 3236 τὰς
3207 3173 3363 3226 δυνά-

123 3277 274 3346 πίνφ
302 3273 383 3327 νοῒ
409 3273 509 3344 τὴν
538 3273 763 3342 μνήμην
791 3267 887 3321 καλ⁵
916 3267 1014 3335 τὴν
1045 3266 1235 3336 νόησιν
1271 3264 1367 3318 καὶ
1399 3262 1499 3334 τὴν
1539 3262 1697 3332 θέλη-

124 3388 243 3433 σιν,
274 3370 339 3439 ἢν
370 3365 470 3419 καὶ
520 3364 701 3433 ἔρωτα
739 3362 832 3414 καὶ
883 3360 1105 3427 ἀγάπην
1156 3353 1583 3427 προσονομάζει,
1623 3354 1699 3417 ὡς

116 3460 393 3530 δυνάμεις
446 3452 558 3509 οἵδε
613 3456 710 3508 καὶ
764 3451 1071 3523 ἐνεργείαςο
1118 3450 1175 3501 ἐν
1219 3448 1276 3501 66
1322 3449 1387 3517 τῇ
1442 3445 1697 3534 μαμαρίᾳ

120 3550 325 3623 Τριάδι
369 3549 471 3617 οὐχ
500 3548 575 3610 ὼς
612 3544 875 3613 δυνάμεις
922 3542 1054 3605 νοεῖ,
1085 3538 1203 3593 ἀλλ’
1236 3538 1407 3600 αὐτάς
1434 3537 1532 3599 τὰς
1570 3538 1702 3589 ὑπο-

120 3645 352 3706 στάσεις
380 3641 556 3702 οῦτως
585 3636 866 3707 ὀνομάζει.
906 3635 971 3687 Ἦ
1000 3634 1108 3703 γάρ
1144 3633 1338 3701 μνήμη
1366 3629 1461 3683 τοῦ
1494 3628 1701 3700 ἀνθρώ-

118 3753 257 3802 τιονς
280 3734 469 3805 φησὶν,
498 3731 636 3801 μήτε
660 3729 956 3800 σύγκρισιν
978 3727 1198 3796 ἔχουσα,
1224 3727 1361 3798 μήτε
1388 3720 1701 3794 ὁμοιότητα,

118 3832 247 3901 ἔχει
292 3831 445 3899 ὅμως
472 3822 857 3891 ὁποιανδήτινα
885 3816 1180 3890 ὁμοιότητα
1218 3817 1314 3871 τοῦ
1342 3816 1577 3885 Πατρός,
1605 3813 1703 3865 καὶ

52 3966 65 3971 -
119 3928 160 3996 ή
197 3926 260 3977 ἐν
288 3923 423 3994 ἡμῖν
467 3918 676 3988 νόησις,
708 3914 830 3983 ἦτοι
862 3913 922 3965 16
969 3910 1065 3965 τοῦ
1093 3910 1185 3965 νοῦ
1218 3912 1312 3963 καὶ.
1347 3910 1447 3979 τῆς
1480 3910 1701 3978 μνήμης

113 4014 510 4081 ἀποτέλεσμα,
540 4009 570 4060 6
620 4004 928 4066 ἐνδιάθετος
956 4003 1159 4073 δηλαδὴ
1184 4003 1362 4070 λόγος,
1392 4001 1491 4070 οὐχ
1512 4002 1539 4054 6
1570 4016 1703 4070 προ-

114 4110 363 4181 φορικὸς
409 4107 506 4174 τῆς
555 4101 828 4171 γλώττης,
881 4099 931 4150 εἰ
982 4098 1075 4150 καὶ
1112 4099 1363 4165 ἀνόμοιον
1414 4096 1527 4165 ἔχει
1581 4094 1704 4146 τινά

107 4201 438 4274 ὁμοιότητα
472 4195 568 4249 τοῦ
603 4191 773 4276 νΥίοῦ.
813 4189 923 4244 Kal
962 4190 996 4259 ἡ
1033 4189 1128 4241 τοῦ
1176 4186 1465 4277 ἀνθρώπου
1518 4189 1707 4255 ἀγάπη

110 4297 223 4351 καὶ
256 4296 294 4365 ἡ
335 4292 555 4360 θέλησις
586 4286 700 4357 ἔχει
734 4283 1031 4352 ὁμοιότητα
1054 4279 1149 4333 τοῦ
1178 4280 1342 4347 ἁγίου
1370 4277 1706 4349 Πνεύματος.

107 4389 239 4444 και
289 4384 475 4447 τοῦτο,
510 4381 665 4451 φησι,
699 4376 761 4429 τδ
804 4374 973 4443 δνομα
1006 4372 1085 4443 τῷ
1123 4373 1401 4440 Πνεύματι
1445 4370 1523 4439 τῷ
1569 4368 1709 4438 ἁγίῳ

1802 3278 1945 3331 μεις,
1985 3260 2074 3313 ὁτὲ
2111 3261 2209 3331 μέν
2237 3260 2457 3330 Πατὴρ,
2492 3260 2582 3315 ὁτὲ
2600 3261 2683 3333 ⁸δέ
2714 3262 2865 3329 Υίδς,
2898 3262 2987 3316 616
3034 3262 3091 3318 δὲ
3136 3264 3363 3334 Πνεῦμα

1800 3352 2114 3422 λεγόμενον,
2141 3353 2217 3415 ὡς
2264 3352 2294 3405 6
2324 3353 2613 3417 Σαὸέλλιος
2654 3355 2936 3425 ἐφλυάρει,
2973 3355 3088 3409 ἀλλ’
3131 3357 3206 3419 ὡς
3241 3357 3364 3410 ἰδιό-

1800 3463 1969 3515 τητας
2014 3446 2395 3515 διακρινούσας
2450 3447 2610 3517 μόνον
2668 3447 2736 3500 τά
2786 3449 3081 3517 πρόσωπα,
3135 3451 3209 3514 ὡς
3259 3452 3365 3506 τῶν

1802 3539 1970 3608 ἁγίων
1993 3540 2237 3609 ἀκήκοας
2262 3540 2444 3603 αὐτὸς,
2483 3534 2527 3592 ὦ
2554 3539 2795 3609 βέλτιστε
2822 3545 2917 3595 καὶ
2946 3545 3100 3597 καινὲ
3126 3545 3367 3615 θεολόγε·

1804 3632 1967 3685 τίνων
1994 3632 2039 3685 δ’
2059 3632 2236 3686 ἄλλων
2269 3631 2535 3701 θεολόγων
2565 3634 2769 3701 φωναῖς
2796 3632 3164 3708 ξυνᾴδεινκφῂς
3191 3639 3260 3692 τά
3288 3640 3369 3692 σοὶ

1804 3724 2101 3794 εἰρημένω

1877 3816 1975 3880 Τίς
2005 3816 2114 3886 γάρ
2139 3816 2285 3871 οὕτω
2316 3834 2432 3882 πως
2462 3818 2785 3890 ἐθεολόγησε
2812 3821 2903 3873 16v
2936 3821 3156 3891 Πατέρα
3191 3824 3371 3893 φήσας

1805 3907 2036 3977 δύναμιν
2064 3906 2255 3977 ἔχοντα
2281 3910 2372 3962 τὸν
2399 3908 2545 3972 νοῦν,
2572 3910 2604 3981 ἢ
2633 3912 2732 3981 τήν
2761 3912 2985 3983 μνήμην
3016 3914 3368 3983 γεννητικὴν,

1806 4004 1875 4056 δι’
1907 4003 2077 4073 αὐτῆς
2126 4003 2400 4072 παράγειν
2443 4005 2536 4057 16v
2565 4004 2723 4072 Υίόν;
2759 4005 2880 4058 εἶτα
2905 4007 3003 4076 τὴν
3031 4005 3251 4075 θέλησιν
3278 4007 3375 4060 καὶ

1807 4095 1874 4147 δι’
1903 4098 2073 4164 αὐτῆς
2124 4094 2191 4150 αὖ
2247 4096 2521 4167 παράγειν
2569 4096 2630 4152 16
2677 4094 2905 4166 Πνεῦμα
2961 4097 3024 4151 τὸ
3074 4098 3251 4167 άγλιον,
3297 4096 3376 4161 ὡς

1809 4186 1971 4248 αὐτὸς
2003 4186 2245 4255 ἠξίωσας
2282 4188 2629 4258 θεολογῆσαι,
2674 4189 2749 4256 μὴ
2783 4188 2986 4251 συνιεὶς
3033 4189 3115 4241 ὃτι
3165 4188 3375 4256 αίρετι-

1811 4280 1921 4332 κῶν
1954 4281 2062 4334 εἰσι
2089 4280 2261 4335 ταῦτα
2285 4282 2483 4349 φωναὶ,
2520 4282 2567 4332 εἰ
2596 4282 2670 4349 μή
2702 4295 2806 4332 που
2829 4282 2924 4332 καὶ
2955 4279 3118 4342 αὐτὸς
3147 4280 3378 4342 ταύταις

1811 4370 1956 4441 τίθη,
1981 4371 2075 4425 καὶ
2096 4371 2289 4435 ἄλλους
2320 4354 2451 4424 σύνα
2463 4371 2668 4441 ρπάσαι
2695 4373 3025 4442 ἐπιχειρείς;

108 4478 392 4552 ἁρμόζει,
426 4474 617 4543 ὥσπερ
648 4469 742 4523 καὶ
777 4469 808 4537 ή
843 4465 1072 4534 ἀγάπη⁶
1105 4461 1160 4517 τί
1189 4463 1296 4533 γάρ
1329 4464 1474 4552 ἐστιν
1504 4461 1710 4530 ἕτερον,
1747 4457 1791 4512 ῐ)
1889 4464 2001 4516 Kal
2044 4463 2137 4516 16v
2181 4461 2450 4533 μακάριον
2490 4463 2548 4515 66
2592 4465 2950 4531 συκοφαντεῖς
2990 4461 3375 4529 Δύγουστῖνον,

104 4550 325 4642 φησιν,
354 4564 548 4634 ἀγάπη
576 4561 609 4632 ἢ
640 4561 901 4627 θέλησις;
936 4554 1123 4636 Ταῦτα
1154 4554 1211 4607 66
1243 4552 1342 4605 οὐκ
1364 4551 1471 4605 ἀπὸ
1502 4550 1707 4603 σκοποῦ

99 4666 238 4717 τῶν
273 4659 491 4714 λοιπῶν
528 4650 1008 4715 διδασκάλων,σκαὶ
1048 4646 1292 4718 μάλιστα
1322 4644 1430 4696 τῶν
1460 4643 1710 4696 ἀνατολι-

98 4758 239 4811 κῶν
271 4751 583 4821 φιλοσοφεῖ.
621 4746 744 4799 Εἰσὶ
775 4746 882 4813 γὰρ
907 4744 954 4795 οἳ
980 4743 1069 4794 τὸν
1100 4742 1321 4808 Πατέρα
1350 4737 1475 4791 νοῦν
1505 4753 1711 4807 προσηο

96 4846 464 4917 γορεύκασι,
496 4840 591 4894 καὶ
628 4839 719 4889 τὸν
754 4836 882 4887 Υίὸν
914 4835 1088 4900 Λόγον
1119 4836 1145 4885 6
1174 4835 1271 4902 τῆς
1304 4829 1537 4902 βροντῆς
1571 4828 1707 4891 υἰδς,

94 4936 215 4991 καὶ
259 4933 496 5001 ἀγάπην
536 4928 598 4981 τὸ
630 4926 856 4995 Πνεῦμα
896 4925 957 4975 16
997 4925 1176 4989 άγιον·
1213 4922 1311 4991 τὴν
1353 4921 1569 4987 ἀγάπην
1603 4918 1711 4988 γὰρ

92 5026 214 5082 τοῦ
249 5021 558 5093 ἀνθρώπου
584 5014 1075 5089 ἐρρωμενεστέραν
1099 5012 1231 5079 φησι
1264 5012 1481 5078 θέλησιν
1506 5008 1713 5074 Αὐγου-

95 5125 341 5189 στῖνος,
366 5119 483 5172 ἀλλ’
516 5116 578 5170 οὐ
606 5116 703 5185 τὴν
730 5113 969 5181 θέλησιν,
997 5110 1115 5179 1ήτοι
1137 5108 1235 5178 τὴν
1265 5106 1524 5181 βούλησιν
1556 5105 1716 5158 δύνα-

93 5234 213 5287 μιν
278 5208 645 5283 παρακτικὴν
705 5209 803 5275 τῆς
860 5201 1084 5271 ἀγάπης
1137 5202 1383 5269 εἴρηκεν,
1440 5198 1557 5268 ἦτοι
1616 5194 1712 5249 τοῦ

86 5308 287 5375 ἁγίου
324 5302 676 5373 Πνεύματος·
712 5300 741 5350 6
783 5296 891 5367 γὰρ
922 5293 1085 5349 τοῦτο
1123 5293 1348 5362 φάσκων
1380 5288 1714 5352 Μακεδόνιπ

86 5399 423 5467 ἄντικρυς.
1627 5385 1630 5389 ’

183 5488 394 5541 ’Ὥστε-
424 5485 451 5538 δ
489 5483 743 5553 βούλεται
783 5480 939 5533 ταυτὶ
966 5478 1036 5531 τὰ
1064 5476 1308 5546 ὀνόματα
1347 5477 1375 5527 6
1405 5475 1596 5544 Πατὴρ
1625 5473 1716 5526 καὶ

79 5586 119 5635 ὁ
158 5581 342 5643 νοῦς,
383 5578 543 5633 τοῦτο
592 5577 687 5628 καὶ
737 5575 770 5645 ἠ
820 5574 1008 5642 μνήμη
1047 5570 1196 5641 παρὰ
1226 5568 1302 5638 τῷ
1344 5566 1712 5635 Αὐγουστίνῳ·

82 5677 205 5729 καὶ
240 5673 274 5726 6
302 5671 568 5742 βούλεται
592 5671 619 5720 6
642 5666 772 5728 Υίδς
798 5666 891 5718 καὶ
914 5666 940 5717 6
965 5664 1156 5728 Λόγος,
1183 5662 1339 5716 τοῦτο
1364 5662 1458 5714 καὶ
1479 5662 1511 5729 ἡ
1535 5660 1720 5728 νόησις

82 5768 283 5838 παρὰ
338 5763 424 5835 τῷ
466 5759 636 5829 αὐτῷ·
672 5760 766 5811 καὶ
799 5757 825 5810 6
860 5756 1114 5827 βούλεται
1166 5755 1225 5807 τὸ
1279 5752 1504 5823 Πνεῦμα
1548 5752 1641 5804 καὶ
1682 5753 1715 5820 ή

473 5856 745 5916 ΡΑτιιοι..
779 5854 893 5912 GR.
930 5847 1189 5911 CLVIII.

1810 4554 1877 4609 τὰ
1902 4555 2094 4625 ἐκείνῳ
2135 4554 2316 4617 καλῶς
2360 4554 2455 4608 καὶ
2501 4553 2635 4625 ὀρθῇ
2670 4553 2878 4625 διανοίᾳ
2915 4552 3213 4622 λελεγμένα
3262 4553 3378 4606 διαυ

1813 4647 2060 4717 στρέφων
2094 4646 2191 4697 καὶ
2222 4644 2745 4715 παρερμηνεύων,ἢ
2778 4643 2977 4713 μᾶλλον
3011 4644 3183 4696 εἰπεῖν
3218 4644 3381 4698 πλάτ-

1812 4756 1922 4792 των
1953 4736 2138 4806 αὐτὸς,
2174 4738 2243 4791 τά
2290 4737 2537 4808 μηδόλως
2571 4738 2838 4808 εἰρημένα
2868 4737 2900 4807 ἢ
2934 4737 3147 4808 ἐκείνῳ,
3181 4737 3216 4809 ἢ
3268 4739 3384 4801 τοῖς

1814 4832 1999 4894 ἄλλοις
2031 4830 2326 4898 θεολόγοις,
2363 4830 2392 4883 6
2439 4830 2503 4900 δὴ
2532 4831 2627 4884 καὶ
2656 4836 2714 4885 ἐν
2746 4833 2859 4894 τοῖς
2897 4830 3100 4899 ἐφεξῆς
3137 4830 3382 4899 φανήσε-

1815 4940 1926 4976 ται.
1953 4921 2101 4975 Ἀλλ’
2129 4922 2157 4975 δ
2187 4938 2250 4990 γε
2284 4922 2554 4991 μακάριος
2580 4920 2851 4990 Κύριλλος
2881 4922 2975 4973 καὶ
3006 4921 3102 4990 τὴν
3126 4919 3384 4991 βούλησιν

1814 5013 1907 5065 τοῦ
1927 5011 2153 5081 Πατρδς
2174 5012 2265 5065 τὸν
2287 5011 2415 5065 Υίδν
2444 5007 2583 5063 εἶναί
2616 5026 2780 5080 φησιν
2800 5010 2990 5081 ἕτερόν
3017 5028 3136 5065 τινα
3155 5012 3381 5082 τρόπον.

1830 5104 1917 5157 Ἐν
1950 5104 2059 5173 γάρ
2091 5102 2134 5166 ζ’
2167 5104 2275 5155 τῶν
2315 5100 2668 5170 Θησαυρῶν,
2704 5102 2862 5165 Ἀλλά
2890 5102 2963 5156 τὰ
2994 5104 3094 5173 μὲν
3125 5102 3201 5167 ὡς
3228 5104 3386 5173 ποιή-

1820 5210 1985 5265 ματα,
2035 5194 2221 5264 φησὶν,
2261 5196 2325 5245 ἐκ
2365 5193 2675 5263 βουλήσεως
2713 5194 3026 5262 γεγονέναι,
3063 5197 3090 5248 6
3143 5194 3200 5247 66
3255 5195 3383 5256 Υἰὺς

1816 5287 1891 5351 ὼς
1921 5286 2085 5349 αὐτὸς
2115 5285 2190 5339 ὢν
2219 5286 2253 5355 ἡ
2310 5284 2566 5357 βούλησις
2600 5280 2669 5353 ἦν
2717 5285 2901 5349 άῖδίως
2953 5287 3011 5339 ἐν
3056 5285 3131 5354 τῷ
3185 5287 3379 5353 Πατρί.

1817 5378 2082 5434 Τοσοῦτον
2112 5380 2304 5449 ἀπεῖχε
2335 5377 2562 5447 δύναμίν
2594 5396 2718 5432 τινα
2744 5378 3076 5447 πνευστικήν
3111 5377 3210 5446 τὴν
3252 5375 3380 5444 βού-

1817 5472 1973 5541 λησιν
2015 5474 2216 5525 ἐννοεῖν
2245 5470 2405 5534 αὐτὸς
2441 5473 2469 5524 6
2498 5472 2590 5524 16v
2619 5470 2746 5525 Υίδν
2774 5471 3029 5541 βούλησιν
3052 5467 3144 5521 τοῦ
3172 5468 3383 5536 Πατρδς

1818 5566 2013 5632 λέγων,
2055 5565 2129 5628 ὡς
2176 5564 2542 5632 Δύγουστῖνος
2593 5563 2752 5618 ἄλλον
2794 5562 2993 5631 τρόπον
3036 5559 3097 5613 16
3136 5557 3384 5627 Πνεῦμα,

1818 5658 1979 5712 ἀλλον
2000 5658 2055 5710 66
2085 5658 2175 5709 16v
2202 5658 2443 5728 Πατέρα,
2472 5658 2546 5719 ὡς
2582 5658 2609 5707 ό
2644 5655 2804 5715 αὐτός
2842 5670 2996 5722 φησι.
3029 5652 3181 5713 Τινὲς
3208 5652 3263 5704 66
3294 5652 3385 5706 ἵνα

1823 5750 1898 5822 μὴ
1929 5751 2055 5804 Υίὸν
2080 5750 2177 5820 τῆς
2200 5749 2394 5821 βουλῆς
2419 5749 2451 5819 ἢ
2475 5749 2573 5815 τῆς
2599 5746 2869 5816 θελήσεως
2897 5744 2989 5796 τοῦ
3013 5741 3146 5796 Θεοῦ
3178 5742 3387 5813 λέγοιεν
