3904 6222
109 376 257 442 1029

1228 388 1673 450 REFUTATIO
1709 388 2225 453 ARGYROPULI.

3228 403 3370 467 1030

103 495 207 548 καὶ
229 493 405 558 οὕτως
431 495 604 570 ἀναζῇ
635 499 945 569 Σαϐέλλιος,
971 503 1002 572 ἢ
1037 504 1093 556 αἱ
1116 504 1374 575 δυνάμεις
1406 507 1617 561 ἔσονται
1652 509 1686 577 ἠ
1716 512 1760 570 Α
1788 506 1882 559 τοῦ
1911 506 2247 578 Πνεῦματος,
2285 504 2391 564 κάκ
2424 513 2612 566 τούτου
2639 517 2734 569 καὶ
2766 517 3059 587 προϐολέα.
3097 518 3238 573 Ἀλλ’
3261 521 3364 576 οὐκ

100 586 256 640 αἰτία
281 587 375 641 τοῦ
406 588 564 658 ἁγίου
602 591 937 662 Πνεύματος,
971 594 999 648 6
1028 598 1117 649 καὶ
1150 599 1353 669 χεῖρον.

186 677 351 732 Ἀλλά
398 680 555 751 καὶὴ
604 684 820 755 μηχανὴ
853 684 948 739 τοῦ
993 685 1333 756 σοφίσματος
1381 686 1686 756 καταγέλα-

1791 599 1839 649 εί
1868 602 2279 669 προεπινοεῖται
2308 604 2336 655 6
2382 603 2510 666 Υίὸς
2551 607 2643 659 τοῦ
2674 609 2991 679 Πνεῦματος
3024 610 3082 676 ἐξ
3112 612 3365 685 ἀνάγκης

1790 691 1884 743 καὶ
1917 691 2110 756 αἴτιοςο
2145 692 2229 763 είη
2250 695 2371 765 ,γάρ
2401 695 2467 748 ἂν
2508 695 2653 749 οὕτω
2685 701 2778 751 καὶ
2819 704 2845 754 6
2875 702 3063 773 Πατὴρ
3096 704 3189 756 τοῦ
3228 722 3365 773 προ-

101 786 253 832 στος.
302 772 495 834 Μόνως
539 774 670 846 γὰρ,
714 779 905 847 φησὶν,
944 782 972 833 6
1024 782 1215 852 Πατήρ
1261 783 1409 836 ἐστιν
1464 785 1523 837 ἐν
1572 785 1686 848 τοῖς
1788 780 1987 844 ϐολέως
2028 784 2202 848 αίτιος
2245 788 2761 856 προεπινοοὺμενος.
2802 792 2859 844 EE
2898 772 3081 846 δὲκαὶ
3116 772 3359 867 ἀμυδρόο

98 859 275 924 θείοις
301 863 328 915 6
378 864 542 932 μόνον
587 867 877 939 παράγων,
917 870 1012 924 ἆτε
1048 870 1144 923 τοῦ
1188 872 1323 925 Υίοῦ
1367 872 1487 924 κατ’
1519 874 1683 928 αὐτὸν
1784 891 1944 943 τερον
1970 877 2145 931 ταῦτα
2173 876 2482 950 διενήνοχεν
2512 880 2570 931 ὲν
2602 882 2802 951 Πατρὶ,
2835 885 2867 953 ἢ
2903 884 3028 948 Υίδς
3059 859 3168 939 καὶ-
3189 859 3363 939 Πνεῦ-

97 949 198 1003 καὶ
243 953 588 1021 παράγοντος
637 956 735 1013 καὶ
769 961 1183 1029 παραγομένου,
1222 961 1311 1016 ἵνα
1354 961 1506 1034 δείξῃ
1553 963 1680 1024 τοὺς

1790 982 1865 1031 μα
1900 966 1968 1016 τά
2014 966 2369 1035 προαγόμενοι
2406 968 2559 1023 οὐδὲν
2595 969 2862 1041 διαφέρει.
2910 972 2998 1026 Ἐν
3043 973 3213 1044 ὁποίῳ
3248 977 3359 1047 γὰρ

99 1042 358 1114 Πατέρας
401 1045 560 1100 τοῦτο
606 1048 971 1117 σκοποῦντας,
1012 1053 1237 1106 ἐπειδὰν
1276 1054 1497 1122 λέγωσι,
1542 1053 1617 1117 ὡς
1653 1054 1681 1106 6
1786 1054 1931 1120 γένει
1960 1053 2192 1107 τιθεῖντο
2221 1056 2321 1125 τῆς
2352 1057 2705 1129 διακρίσεως.
2732 1063 2760 1113 6
2788 1059 2977 1131 Πατὴρ
3004 1062 3153 1116 ἔσται
3185 1042 3359 1127 αἴτιος

98 1134 295 1206 Πατὴρ
320 1139 501 1206 μόνως
526 1140 674 1194 αίτία
714 1141 811 1195 καὶ
852 1144 986 1214 μόνη
1022 1146 1197 1215 πηγή.
1230 1145 1341 1198 Καὶ
1384 1145 1469 1209 τίς
1506 1144 1681 1209 οὕτως

94 1227 327 1295 ἁπλοῦς,
361 1228 505 1284 ὥστε
550 1232 585 1304 ἢ
630 1233 903 1305 τοσαύτην
935 1234 1214 1307 ἁπλότητα
1257 1236 1367 1290 τῶν
1416 1237 1678 1305 Πατέρων

91 1323 530 1396 καταγνῶναι,ἢ
583 1327 811 1383 ἐκείνων
855 1328 998 1384 οὕτω
1043 1329 1433 1403 διοριζομένων
1488 1331 1677 1402 σαφῶς

92 1412 275 1467 θέλειν
303 1415 673 1487 ἀμφισϐητεῖν
690 1436 709 1487 ;

169 1507 233 1560 El
267 1508 375 1578 γὰρ
425 1510 590 1574 αὐτὸς
648 1506 789 1566 οἶδεν
838 1512 921 1567 ὅτι
971 1516 1034 1567 τὸ
1084 1516 1376 1570 Λατινικὸν
1428 1518 1676 1588 ἐκλείψει

90 1598 493 1671 συμπέρασμα,
524 1602 591 1655 ἂν
622 1600 697 1676 μὴ
726 1607 999 1678 προστεθῇ
1026 1607 1123 1677 τῷ,
1155 1607 1331 1672 Μόνος
1359 1594 1552 1674 αίτιος,
1580 1612 1674 1664 καὶ

92 1691 257 1759 μόνος
292 1694 462 1759 αίτία,
495 1694 713 1763 οὐκοῦν,
758 1698 789 1769 ἢ
838 1698 1162 1768 ἀγνοοῦντες
1209 1702 1257 1754 οί
1308 1699 1455 1770 ἀγιοι
1493 1701 1673 1770 λέγειν

90 1782 298 1851 καλῶς,
324 1783 577 1853 λέγουσιν
600 1787 773 1843 αίτιον
806 1790 967 1859 μόνον
991 1791 1085 1845 τὸν
1108 1793 1352 1864 Πατέρα,
1375 1790 1528 1857 ὄντος
1553 1790 1669 1859 πῶς

1781 1143 1877 1196 τοῦ
1912 1145 2221 1214 προϐολέως
2255 1149 2312 1200 ἐν
2345 1148 2421 1218 τῷ
2455 1149 2650 1220 Πατρί.
2694 1151 2861 1205 Ἀλλὰ
2883 1153 3043 1206 τοῦτο
3070 1154 3353 1209 ἀδύνατονο

1780 1236 1981 1291 οὐκοῦν
2031 1238 2151 1292 οὐδὲ
2204 1240 2383 1293 ἐκεῖνο
2441 1242 2766 1310 ἀναγκαῖον.
2823 1244 2886 1296 Εί
2927 1244 3036 1315 γὰρ
3089 1248 3118 1301 6
3168 1247 3356 1318 Πατὴρ

1781 1332 2192 1397 προεπινοεῖται
2216 1330 2312 1385 τοῦ
2345 1332 2476 1386 Υίοῦ
2506 1334 2582 1399 ὼς
2614 1336 2766 1390 αίτία
2791 1334 2981 1400 αὑτοῦ,
3011 1338 3111 1391 οῦκ
3139 1338 3356 1411 ἀνάγκη

1780 1419 1874 1471 κει.)⁹
1902 1420 1996 1472 τὸν
2030 1419 2161 1475 Υίῦν
2194 1425 2641 1493 προεπινοεῖσθαι
2673 1426 2761 1481 διά
2795 1428 2896 1497 τὴν
2924 1429 3126 1483 αἰτίανο
3160 1431 3221 1484 οὐ
3248 1432 3357 1503 γὰρ

1778 1506 1892 1562 ἔστι
1920 1518 2004 1576 τις
2035 1514 2306 1587 ἀνάγκηὴ
2342 1517 2507 1581 τοῦτο,
2542 1521 2792 1575 ποιοῦσα·
2827 1522 2876 1574 εί
2912 1520 3022 1593 γάρ
3059 1517 3146 1595 ἦν,
3180 1523 3355 1592 ἐγνω-

1778 1618 1876 1655 σαν
1905 1602 1973 1657 ἂν
2004 1605 2172 1675 αὐτὴν
2201 1608 2250 1661 οί
2290 1608 2459 1662 πάλαι
2490 1608 2751 1678 θεολόγοι.

1848 1694 1959 1749 Καὶ
1988 1696 2147 1766 δῆλον
2174 1700 2283 1754 ἀπὸ
2312 1700 2406 1753 τοῦ
2439 1703 2587 1772 ίεροῦ
2618 1705 2904 1759 Βασιλείου
2934 1705 3184 1774 λέγοντος
3217 1716 3351 1780 περὶ

1776 1788 1875 1857 μὲν
1901 1789 1995 1842 τοῦ
2029 1791 2325 1875 Υίοῦςπρὸς
2349 1795 2443 1848 τὸν
2477 1797 2716 1868 Πατέρα,
2754 1800 2877 1862 Πῶς
2906 1800 2973 1854 ἂν
3020 1804 3354 1881 προεπινοη-

91 1875 273 1928 αίτίου
321 1878 415 1931 καὶ
448 1879 542 1933 τοῦ
578 1880 709 1935 Υίοῦ
740 1882 800 1936 ἐν
845 1886 915 1955 τῇ
950 1884 1164 1954 θεότητι
1208 1885 1376 1953 ἔνδον,
1411 1887 1443 1958 ἢ
1492 1889 1542 1941 εί
1592 1886 1668 1959 μὴ
1702 1864 1742 1919 Β
1769 1879 1886 1949 θείη
1922 1884 1951 1934 δ
1978 1881 2104 1946 Υίδς
2136 1872 2237 1953 τῆς
2266 1885 2402 1949 ἰδίας
2436 1864 2658 1953 αἰτίαςνς
2699 1889 2828 1961 περὶ
2860 1890 2915 1944 δὲ
2960 1864 3349 1965 ’ποῦ’Πνεὺμαί

86 1963 339 2033 ἠγνόουν,
390 1968 529 2038 ὅπερ
576 1964 719 2023 οἶδεν
765 1968 949 2037 αὐτὸς,
997 1976 1261 2043 σιγῶντες
1310 1977 1452 2047 ὅπερ
1501 1977 1665 2040 αὐτὸς

86 2054 437 2128 προστίθησι,
477 2059 557 2131 τῷ
603 2052 881 2141 Λατινικῷ
923 2070 1357 2141 συμπεράσματι
1406 2070 1501 2124 καὶ
1539 2070 1663 2123 κατ’

86 2146 256 2203 αὐτὸν
284 2150 544 2221 μάχεται.
746 2138 751 2145 ί

157 2234 295 2295 Εἶτα
337 2242 432 2296 καὶ
475 2243 635 2312 λόγον
685 2246 752 2299 ἂν
799 2242 944 2316 εἶχεν
972 2251 1004 2318 ἡ
1034 2236 1323 2321 προσθήκη
1364 2252 1459 2305 τοῦ
1498 2253 1658 2323 μόνου

80 2331 227 2400 τινὰ,
267 2333 321 2386 ετ
345 2351 431 2398 τις
459 2330 529 2406 ἦν
572 2339 600 2390 6
637 2337 813 2406 λέγων
856 2339 946 2394 τὸν
980 2340 1109 2397 Υίὸν
1139 2344 1459 2413 παράγοντα
1494 2342 1658 2407 εἶναι.

81 2422 181 2475 καὶ
205 2427 614 2496 παραγόμενον,
647 2428 740 2483 καὶ
766 2431 951 2486 αἰτίαν
988 2433 1084 2486 καὶ
1112 2436 1375 2501 αἰτιατὸν,
1405 2436 1439 2506 ἦ
1473 2453 1525 2488 τι
1547 2453 1659 2489 τοι-

80 2515 261 2572 οῦτον.
309 2516 524 2572 Νῦνηδὲ
558 2522 790 2591 μηδενὸς
833 2525 992 2579 τοῦτο
1024 2527 1305 2597 λέγοντος,
1339 2528 1456 2591 πῶς
1484 2528 1659 2601 τολμᾷ

79 2602 437 2674 προσθήκαις
467 2607 732 2678 ἀρρήτοις
774 2611 868 2664 τὸν
890 2613 1131 2685 φανερὸν
1171 2616 1297 2671 νοῦν
1346 2618 1655 2688 μεταπλάτ-

78 2708 195 2748 τειν
220 2695 331 2750 τῶν
359 2700 643 2769 πατρικῶν
669 2700 915 2773 ρήσεωνς

582 2812 1149 2873 ΑΡΓΥΡΟΠΟΥΛΟΣ.

146 2919 471 3003 Φανερὺνοδέ
501 2941 636 2995 φησι
667 2926 749 2980 ὅτι
783 2929 841 2981 αί
880 2932 1173 3001 εἰρημέναι
1206 2933 1297 2987 δύο
1328 2934 1586 3005 δυνάμεις
1615 2938 1648 3004 ὴ

73 3013 202 3067 θεία
242 3016 401 3068 οὐσία
446 3017 666 3083 πάντως
715 3020 854 3088 ἐστὶ,
906 3026 1000 3077 καὶ
1048 3025 1116 3078 τά
1158 3026 1524 3099 ἀποδιδόμενα
1569 3029 1649 3099 τῷ

38 3104 219 3174 νκΘεῷ,
251 3104 375 3169 νοῦς
404 3124 465 3159 τε
496 3108 591 3161 καὶ⁸
617 3108 892 3181 βούλησις.
923 3111 1067 3176 Νοῦς
1098 3113 1154 3166 δὲ
1185 3114 1292 3186 ἄρα
1321 3118 1415 3169 καὶ
1446 3116 1647 3188 βούλη-

73 3211 163 3257 σις
195 3194 555 3268 τελειότητες.

632 3317 981 3373 ΑΓΔΛΛΙΑΝ
988 3322 1092 3376 ΟΣ.

143 3426 255 3479 Καὶ
296 3426 463 3480 πόθεν
507 3429 623 3481 ἐστὶ
659 3431 916 3501 φανερὸν,
950 3436 1041 3487 καὶ
1090 3436 1173 3498 τίς
1222 3437 1329 3489 τῶν
1384 3438 1650 3509 θεολόγων

63 3515 245 3569 ταῦτα
272 3518 596 3588 ὲτύπωσεν;
641 3521 803 3577 Ἀλλά
834 3526 927 3577 καὶ
970 3526 1126 3581 τοῦτο
1176 3527 1234 3581 τδ
1285 3532 1451 3599 μέρος
1499 3532 1648 3601 ἐλέγ-

63 3624 208 3676 χειν,
237 3608 425 3680 ἐπειδὴ
451 3613 548 3670 καὶ
573 3614 740 3682 ἄλλης
768 3617 1004 3671 ἅπτεται
1027 3623 1435 3691 πραγματείας,
1465 3625 1645 3678 ὲάσθω

61 3700 128 3753 τό
155 3717 218 3769 γε
246 3700 361 3758 νῦν·
391 3703 461 3757 τὰ
482 3704 527 3757 δ’
551 3705 802 3761 ἐντεῦθεν
833 3708 1222 3781 θεωρήσωμεν.

571 3818 1141 3878 ΔΡΓΥΡΟΠΟΥΛΟΣ.

141 3933 301 3986 Δυοῖν
345 3932 405 3986 δὲ
457 3933 637 3988 ὄντοιν
685 3938 798 3990 τοῖν
854 3941 1265 4009 παραγομένοιν
1326 3942 1641 4011 προσώποιν

62 4024 203 4079 Υίοῦ
234 4042 295 4079 τε
341 4025 438 4079 καὶ
473 4027 617 4080 θείου
669 4028 1010 4098 Πνεύματος,
1050 4035 1078 4086 6
1130 4035 1229 4102 μὲν
1275 4035 1527 4105 πρόεισιν
1579 4038 1641 4089 ἐκ

56 4114 166 4171 τοῦ
196 4118 409 4184 Πατρδς
440 4112 477 4192 ᾖ
506 4120 716 4194 Πατὴρ,
750 4121 832 4173 διὸ
867 4124 961 4176 καὶ
1008 4125 1144 4193 πρὸς
1180 4126 1345 4179 αὑτὸν
1377 4129 1643 4196 ἀναφέρε-

59 4225 161 4260 ται
194 4210 261 4277 τῇ
293 4208 522 4278 υίότητι·
556 4209 686 4273 Υίὸς
711 4212 817 4282 γὰρ
850 4213 1081 4283 Πατρὸς,
1109 4214 1297 4286 ὥσπερ
1325 4218 1419 4271 καὶ
1453 4220 1643 4291 Πατὴρ

60 4303 91 4354 6
126 4300 317 4371 Πατὴρ
352 4301 483 4354 Υίοῦ
518 4302 758 4370 λέγεται.
789 4305 863 4356 Τὸ
896 4304 940 4356 δ’
972 4304 1038 4358 αῦ
1071 4306 1235 4362 πάλιν
1264 4311 1327 4361 ἐκ
1348 4310 1443 4362 τοῦ
1476 4311 1639 4365 αὐτοῦ

58 4388 280 4458 ﬂat-:96;
306 4390 688 4461 ἐκπορεύεται,
715 4395 814 4464 οὐχ
840 4387 875 4470 ᾖ
906 4395 1113 4466 Πατὴρ,
1139 4398 1252 4452 ἀλλ’
1282 4394 1315 4473 ᾗ
1342 4402 1641 4469 προϐολεὺς

52 4481 235 4549 δήπου
266 4481 357 4533 καὶ
388 4482 709 4551 προϐάλλων
730 4486 828 4537 καὶ
856 4486 1053 4551 πνέων,
1080 4488 1173 4540 καὶ
1195 4490 1296 4542 ὅσα
1320 4492 1416 4560 τῆς
1443 4492 1638 4563 ὁμοίας

51 4572 193 4626 ὄντα
218 4573 482 4642 τυγχάνει
517 4573 821 4644 δυνάμεως.
1665 4564 1716 4624 D

615 4687 865 4742 ΑΓΑΛΛΙ
873 4690 967 4743 ΑΝ
971 4692 1076 4746 ΟΣ.

145 4796 367 4867 Ἐπειδὴ
396 4797 472 4862 ὡς
516 4800 576 4852 ἐν
621 4801 964 4872 πορίσματος
1005 4804 1181 4872 τάξει,
1236 4807 1412 4861 καίτοι
1460 4810 1635 4880 μηδα-

52 4893 167 4965 μοῦ
200 4900 467 4965 πρότερον
500 4901 992 4970 συμπερανάμενος
1013 4904 1110 4967 τὰς
1144 4905 1255 4958 τῶν
1286 4906 1633 4977 Χριστιανῶν

46 4986 236 5056 ἀρχὰς
287 4988 522 5053 τέθεικε,
584 4991 680 5044 καὶ
728 4993 936 5057 ταύτας
991 4998 1114 5066 μεθ’
1166 4998 1485 5070 ὑπαλλαγῆς
1535 5002 1633 5053 καὶ

48 5079 383 5149 προσθήκης
412 5084 553 5136 κατὰ
589 5084 651 5136 τὸ
694 5088 979 5157 συμφέρον
1030 5090 1183 5157 αὐτὸ,
1220 5091 1252 5160 ἢ
1294 5093 1354 5145 τό
1399 5109 1460 5161 γε
1501 5094 1633 5163 ἀλη-

47 5172 318 5241 θέστερον
348 5171 538 5241 φάναι,
566 5174 661 5227 ἐπὶ
686 5175 861 5250 βλάϐῃ
896 5181 960 5248 τῇ
1001 5181 1243 5252 σφετέρα
1272 5183 1631 5254 προσλαμϐά-

45 5281 157 5328 νει,
186 5265 326 5317 ὅτιὸ
362 5266 461 5335 μὲν
495 5266 623 5330 Υίὸς
662 5269 910 5339 πρόεισιν
956 5272 1017 5325 ἐκ
1073 5273 1308 5343 Πατρὸς,
1438 5278 1629 5349 Πατὴρ

42 5359 283 5421 ἐκεῖνος,
314 5358 375 5410 τὸ
400 5358 456 5411 δὲ
492 5359 718 5429 Πνεῦμα
751 5365 1106 5434 ἐκπυρεὺεται
1135 5369 1199 5420 ἐκ
1228 5366 1320 5420 τοῦ
1355 5370 1566 5441 Πατρὸς
1597 5364 1629 5444 ᾖ

41 5447 357 5519 προϐολεὺς
392 5452 620 5517 ἐκεῖνος,
668 5453 716 5505 εί
760 5456 854 5507 καὶ
899 5456 1061 5520 αὐτὸς
1107 5458 1347 5528 ἀφελῶς,
1399 5460 1514 5513 ἀλλ’
1545 5464 1626 5515 ὅτι

38 5544 112 5609 τῇ
138 5538 283 5605 λέξει
308 5541 476 5610 δηλοῖ,
498 5544 772 5614 πάσχειδέ
798 5547 1020 5602 τοιαῦτα
1045 5549 1215 5620 μυρία
1234 5554 1291 5604 ὲν
1312 5555 1423 5615 τοίς
1446 5552 1628 5623 λόγοις

38 5647 285 5694 τουτοις.

115 5719 259 5777 Εἶτα
292 5724 487 5795 ἐπάγει
522 5727 605 5780 ὃτι
635 5732 663 5781 6
696 5730 884 5802 Πατὴρ
918 5738 1331 5802 προεπινοεῖται
1365 5737 1457 5789 τοῦ
1490 5754 1623 5807 προ-

36 5818 270 5886 ὑολέως,
305 5818 388 5873 ἵνα
438 5821 531 5874 καὶ
573 5822 662 5875 τὸν
696 5823 825 5879 Υίὸν
877 5829 1412 5900 προεπινοησόμενον
1470 5830 1619 5902 δείξῃ

1769 1987 1862 2034 τος
1897 1971 2034 2042 πρὸς
2063 1972 2155 2025 τὸν
2182 1973 2330 2041 Υίὸν,
2359 1975 2420 2027 οὐ
2448 1975 2539 2029 τδν
2580 1976 2746 2031 αὐτὸν
2776 1978 3127 2045 ἀποδιδόντος
3159 1981 3347 2051 λόγον.

1734 2068 1738 2073 ’
1769 2062 1831 2116 Εἰ
1858 2064 1966 2131 γὰρ
1999 2065 2219 2136 ἐφρόνει
2265 2065 2446 2133 τοῦτο,
2475 2066 2581 2122 κᾶν
2619 2069 2826 2140 ἔλεγεν.
2872 2071 3035 2129 Ἀλλά
3069 2074 3123 2127 τί
3167 2092 3340 2146 φησι;

1770 2155 1893 2219 Πῶς
1926 2156 1992 2210 ἂν
2028 2146 2354 2228 διατμηθείη
2392 2162 2424 2229 ἡ
2463 2162 2667 2230 ἀμεσος
2698 2156 2885 2233 σχέσις
2916 2165 3013 2219 τοῦ
3042 2165 3173 2220 Υίοῦ
3203 2169 3345 2239 πρὸς

1765 2248 1856 2301 τὸν
1887 2249 2143 2317 Πατέρα;
2180 2252 2289 2305 Καὶ
2319 2251 2478 2317 αὖθις
2510 2256 2569 2309 ἐν
2596 2256 2663 2327 τῇ
2704 2258 2845 2327 Πρὸς
2877 2259 2977 2323 τὰς
3027 2262 3339 2325 κανονικάς·

1777 2336 1917 2389 Ἀλλ’
1963 2338 2085 2392 οὐδὲ
2130 2339 2222 2393 τοῦ
2282 2342 2626 2411 Μονογενοῦς
2681 2346 2949 2417 πρότερον
2999 2349 3059 2403 τὸ
3110 2351 3342 2423 Πνεῦμα

1761 2428 2005 2499 δηλονότι
2027 2430 2087 2482 τὸ
2110 2431 2286 2499 ἆγιον·
2320 2433 2472 2486 οὐδὲν
2489 2435 2597 2505 γὰρ
2629 2435 2797 2503 μέσον
2824 2438 2956 2491 Υίοῦ
2982 2441 3076 2494 καὶ
3099 2438 3338 2512 Πατρός.

1767 2519 1875 2573 Καὶ
1914 2520 1953 2573 «ὁ
1994 2520 2247 2590 θεολόγος
2300 2524 2618 2597 Γρηγόριος,
2673 2527 2929 2594 δεδοικὼς
2976 2531 3068 2587 τὸν
3117 2534 3342 2605 Πατέρα

1763 2612 2111 2681 προτιμῆσαι
2166 2612 2259 2666 τοῦ
2307 2613 2438 2668 Υίοῦ
2488 2616 2575 2671 διὰ
2628 2618 2727 2690 τὴν
2781 2620 2978 2693 ἀρχὴν,
3036 2624 3113 2696 μὴ
3163 2626 3343 2697 ἀρχὴν

1761 2704 1922 2754 αὑτὸν
1948 2704 2256 2759 ἐλαττόνων
2301 2708 2576 2781 ἀποφήνῃ,
2625 2708 2847 2781 ἐπάγει·
2904 2732 2924 2783 ς
2968 2715 3138 2785 Θέλω,
3178 2719 3337 2789 φησι,

1760 2794 1853 2845 τὸν
1886 2794 2015 2845 Υίὸν
2044 2798 2383 2868 προτιμῆσαι
2407 2800 2501 2852 τοῦ
2534 2801 2849 2872 Πνεῦματος
2873 2804 2947 2869 ὡς
2979 2808 3122 2873 Υίὸν,
3147 2810 3211 2863 οὐ
3236 2811 3340 2881 μὲν

1759 2883 1853 2938 οὖν
1879 2884 1956 2948 ὡς
1988 2886 2164 2957 ἀρχὴν
2190 2890 2282 2942 καὶ
2313 2889 2498 2944 αὐτόν.
2528 2890 2596 2943 Τί
2620 2894 2729 2963 γὰρ
2766 2895 3006 2951 ἐκώλυεν
3038 2900 3085 2951 εί
3117 2888 3339 2971 ἐφρόνει

1760 2975 1922 3029 τοῦτο
1952 2979 2149 3041 εἰπεῖν,
2176 2979 2251 3043 ὡς
2281 2980 2456 3052 ἀρχὴν
2486 2984 2583 3036 καὶ
2611 2984 2775 3038 αὑτὸν
2805 2987 2949 3056 μετά
2989 2988 3084 3043 τοῦ
3119 2993 3337 3064 Πατρδς

1758 3070 1851 3121 καὶ
1874 3068 1975 3122 οὐκ
2000 3070 2246 3142 ἐδιδάχθη
2264 3071 2423 3125 τοῦτο
2440 3076 2591 3146 παρὰ
2612 3075 2707 3129 τοῦ
2726 3079 2962 3150 Πατρός;
2982 3082 3145 3138 Ὅθεν
3172 3084 3336 3156 δῆλον

1680 3193 1723 3251 C
1756 3161 1838 3212 ὅτι
1878 3160 2002 3213 οὔτε
2034 3164 2209 3215 αἴτιον
2238 3165 2511 3236 ἐφρόνουν
2540 3170 2588 3221 οί
2626 3169 2863 3240 θεολόγοι
2893 3176 2985 3230 τὸν
3020 3164 3170 3243 Υίὸν,
3210 3180 3334 3235 οὐδὲ

1759 3252 1845 3305 διὰ
1872 3253 2034 3306 τοῦτο
2066 3256 2317 3321 ἐδόξαζον
2348 3263 2821 3329 προεκφωνείσθαι
2853 3265 3017 3321 αὐτὸν
3037 3268 3133 3323 τοῦ
3158 3272 3335 3327 Πνεῦ-

1758 3358 1948 3411 ματος.

1840 3437 1993 3489 Ἐπεὶ
2029 3438 2075 3492 6‘
2100 3440 2453 3512 ἀμωσγέπως
2482 3447 2640 3512 τάξιν
2669 3448 2777 3504 ἔδει
2817 3455 2941 3507 τινὰ
2968 3458 3026 3511 ἐν
3054 3463 3119 3532 τῇ
3152 3463 3332 3532 ἐκφω-

1756 3532 1909 3601 νήσει
1943 3533 2052 3585 τῶν
2085 3534 2245 3587 θείων
2295 3537 2581 3607 ὀνομάτων
2625 3535 2792 3609 εἶναι,
2831 3547 3036 3614 μᾶλλον
3075 3550 3222 3616 είκὸς
3260 3548 3331 3625 ἦν

1750 3625 1842 3677 τὸν
1886 3625 2015 3677 Υίὸν
2060 3626 2155 3679 τοῦ
2195 3629 2515 3699 Πνεύματος
2560 3637 2948 3707 προτετάχθαι,
2981 3640 3051 3693 δι’
3082 3643 3219 3698 ἀλλα
3266 3654 3327 3700 τε

1750 3717 1943 3782 πολλὰ,
1979 3721 2074 3771 καὶ
2101 3720 2190 3773 διὰ
2217 3722 2278 3773 τὸ
2308 3722 2404 3792 τὴν
2434 3726 2619 3795 κοινὴν
2643 3728 2820 3796 ἀρχὴν
2854 3730 3037 3785 αὐτῶν
3074 3733 3153 3804 τῷ
3186 3737 3327 3807 πρὸς

1749 3810 1842 3861 τὸν
1874 3810 2002 3863 Υίὺν
2028 3812 2527 3886 ἀνταναφέρομένῳ
2560 3820 3043 3890 προσηγορεῦσθαι
3074 3826 3321 3895 ὀνόματι,

1745 3902 1822 3968 τῷ
1849 3903 2107 3973 πατρικῷ
2136 3904 2401 3973 δηλονότι.
2442 3907 2552 3960 Καὶ
2596 3908 2753 3978 δῆλον
2780 3911 2845 3963 ἐκ
2874 3913 2981 3966 τῶν
3024 3915 3216 3984 ἁγίων,
3248 3919 3327 3984 ὡς

1746 3994 1873 4046 Υίὸν
1901 3996 2190 4064 λεγόντων,
2225 3998 2321 4050 καὶ
2360 3998 2511 4052 οὐδὲν
2559 4001 2724 4069 μέσον
2768 4004 2899 4058 Υίοῦ
2935 4007 3030 4060 καὶ
3082 4009 3319 4081 Πατρδς,

1749 4086 1846 4139 καὶ
1877 4087 1945 4140 τὰ
1976 4086 2220 4153 τοιαῦτα,
2247 4089 2318 4165 ῶς
2353 4091 2527 4144 αἴτιον
2565 4093 2623 4145 δὲ
2658 4095 2932 4167 οὐδαμῶς·
2966 4100 3027 4152 οὐ
3068 4103 3180 4173 γὰρ
3205 4103 3324 4159 ἐδό.

1743 4193 1832 4229 κει
1864 4179 1979 4241 τοῖς
2023 4179 2200 4247 ἁγίοις
2244 4181 2428 4247 τοῦτο,
2458 4185 2659 4249 πάντες
2709 4188 2766 4241 δὲ
2814 4189 2893 4260 τῷ
2945 4193 3119 4263 Πατρὶ
3171 4196 3320 4267 μόνῳ

1740 4271 1891 4322 τουτὶ
1926 4273 2325 4342 μαρτυροῦσιν.

2238 4387 2808 4447 ΑΡΓΥΡΟΠΟΥΛΟΣ.

1823 4498 1911 4560 Ὠς
1941 4499 2071 4566 γοῦν
2102 4498 2196 4551 τοῦ
2246 4502 2557 4571 προϐολέως
2586 4507 2614 4556 6
2646 4507 2840 4579 Πατὴρ
2884 4518 3314 4587 προεπινοεῖται,

1742 4591 1883 4643 κατὰ
1915 4593 2014 4660 μὲν
2047 4593 2107 4646 τὸ
2136 4593 2307 4647 ἀίδιον
2337 4593 2423 4660 οὒ,
2457 4596 2575 4666 ἅμα
2608 4600 2716 4671 γὰρ
2747 4603 2867 4655 κατ’
2900 4605 3082 4660 ἐκεῖνο
3117 4609 3309 4681 Πατήρ

1735 4702 1796 4738 τε
1828 4685 1922 4738 καὶ
1965 4686 2266 4755 προϐολεὺς
2311 4690 2619 4755 συναῖδίως,
2663 4693 2908 4758 τοιοῦτος
2934 4695 3034 4762 ὢν,
3086 4701 3227 4753 κατὰ
3250 4705 3311 4758 66

1735 4778 1797 4829 τὸ
1831 4777 2091 4831 δύνασθαι
2139 4780 2233 4833 καὶ
2268 4783 2559 4849 προάγειν,
2600 4785 2869 4857 πρότερον
2901 4789 3011 4859 γὰρ
3045 4792 3137 4845 τὸν
3180 4794 3309 4850 Υίὸν

1737 4864 1977 4931 παράγει
2007 4864 2103 4918 τοῦ
2139 4867 2457 4938 Πνεὺματος
2481 4871 2581 4941 ἤδη
2616 4875 2911 4944 νοούμενος
2937 4878 3310 4954 ὑφεστηκέναι

1736 4958 1802 5025 τῇ
1844 4957 1980 5026 πρὸς
2000 4960 2089 5011 τὸν
2122 4959 2251 5013 Υίὸν
2286 4962 2510 5031 ἰδιότητι
2559 4967 2625 5034 τῇ
2672 4970 2998 5039 πατρότητι’
3034 4973 3178 5029 οὕτω
3211 4981 3309 5033 καὶ

1734 5051 1763 5101 ὁ
1796 5051 1922 5115 Υἱὸς
1960 5048 2029 5106 αὖ
2064 5054 2231 5107 πάλιν
2265 5061 2673 5124 προεπινοεῖται
2705 5061 2799 5114 τοῦ
2844 5064 3184 5136 Πνεύματος.

2292 5168 2381 5221 ΛΓ
2382 5170 2641 5224 ΔΛΛΙΑΝ
2645 5172 2729 5225 ΟΣ
2741 5205 2756 5222 .

1805 5278 1914 5330 Καὶ
1959 5279 2069 5333 ἀπὸ
2111 5281 2270 5343 ποίας
2300 5282 2549 5352 ἀνάγκης
2596 5284 2855 5359 ἐφάνη,ἢ
2893 5289 2981 5343 διὰ
3026 5292 3169 5356 τίνος
3195 5295 3308 5351 τῶν

1734 5370 2003 5440 θεολόγων
2033 5372 2330 5444 ἀπεδείχθη
2358 5376 2440 5427 ὅτι
2483 5379 2512 5429 ὁ
2547 5377 2734 5449 Πατὴρ
2768 5388 3173 5452 προεπινοεῖται
3208 5387 3305 5441 τοῦ

1733 5463 2078 5533 προϐολέως;
2129 5465 2191 5518 El
2235 5466 2292 5518 δὲ
2341 5468 2475 5521 διότι
2525 5470 2553 5522 6
2601 5470 2727 5534 Υίὸς
2776 5474 2870 5527 τοῦ
2922 5477 3307 5548 προϐλήματος

1735 5559 2163 5625 προεπινοεῖται,
2220 5559 2269 5610 εί
2329 5560 2466 5629 μηδὲ
2519 5562 2548 5614 6
2613 5564 2739 5628 Υίὸς
2793 5571 3192 5635 προεπινοεῖται
3245 5572 3306 5638 ἐξ

1731 5649 1977 5716 ἀνάγκης
2000 5649 2075 5712 ὡς
2105 5650 2303 5715 αἴτιος,
2330 5654 2447 5716 πῶς
2482 5655 2545 5707 ἐκ
2571 5656 2663 5709 τοῦ
2699 5657 2789 5709 τὸν
2816 5659 3117 5729 γεννήτορα
3139 5678 3305 5732 προι-

1731 5739 2039 5792 πινοεῖσθαι
2093 5742 2188 5794 τοῦ
2240 5743 2553 5815 προϐολέως
2589 5746 2649 5810 ἐξ
2686 5746 2930 5818 ἀνάγκης
2970 5750 3064 5804 τοῦ
3107 5735 3306 5822 γεννή;

1732 5850 1901 5902 ματος
1934 5835 1962 5887 6
2006 5835 2132 5901 Υἱὸς
2173 5836 2326 5892 ἔσται
2372 5840 2578 5906 αἴτιος,
2615 5839 2821 5895 Τούτου
2869 5845 2977 5911 γὰρ
3011 5844 3174 5905 ἕνεκα
3206 5851 3306 5915 τὴν
