3904 6222
573 321 704 384 ιιιπι

1758 311 2155 374 THEODORI
2199 311 2620 376 AGALLIANI

3710 314 3822 380 103

569 435 663 489 τοῦ
710 431 1038 503 γεννήτορος
1090 429 1225 499 πρὸς
1275 427 1364 482 16v
1409 425 1678 498 προϐολέα
1713 426 1867 494 τάξιν
1902 430 2144 498 προῦπο-
2178 429 2222 490 Α
2252 426 2521 499 φλυαρίας
2567 427 2885 494 ἐξώκειλαν.
2920 429 3043 493 Πῶς
3071 428 3129 483 δέ
3175 426 3273 483 καὶ
3309 427 3415 482 οὐκ
3467 427 3627 480 ἄνοια
3675 431 3816 500 πολλή

569 528 805 595 τίθησιν,
837 524 931 578 καὶ
963 525 1012 576 εἰ
1051 523 1127 592 μὴ
1160 517 1274 574 οἷόν
1322 521 1380 573 τέ
1431 521 1600 584 ἐστιν,
1632 519 1664 589 ἢ
1703 520 1830 589 μίαν
1865 515 2005 572 εἶναι
2044 518 2146 586 τὴν

571 617 912 689 προακτικὴν
945 617 1176 683 δύναμιν
1216 617 1273 667 ἐν
1307 614 1504 684 Πατρὶ,
1536 613 1568 682 ἢ
1603 612 1662 666 ἓν
1694 609 1836 666 εἶναι
1888 612 1980 665 τδν
2019 629 2144 680 γεν-

567 713 771 782 νήτορα
827 711 922 763 καὶ
960 707 1236 778 προϐολέα
1290 707 1379 761 διὰ
1427 707 1488 758 16
1543 704 1991 776 προεπινοεϊσθαι
2045 705 2145 774 τὴν

547 797 798 874 ’δύναμιν
848 804 948 874 τῆς
991 800 1298 869 δυνάμεως,
1329 799 1397 853 ἵν’
1428 798 1685 852 ἐντεῦθεν
1711 799 1804 850 καί
1839 799 1871 869 ἡ
1913 798 2145 867 προεπίο

565 917 685 952 νοια
731 896 839 949 τῶν
884 895 1190 968 προϊόντων
1239 891 1546 962 προσώπων
1578 887 1926 960 ἀκολουθήσῃ
1975 890 2071 944 καὶ
2107 890 2142 961 ἠ

566 992 720 1057 τάξις
751 993 784 1060 ἡ
831 989 889 1041 ἐν
920 987 1126 1050 αὐτοῖς,
1182 986 1300 1048 πῶς
1347 985 1374 1036 6
1433 982 1626 1050 Πατὴρ
1676 983 1768 1035 καὶ
1804 984 1832 1037 6
1865 982 1993 1046 Υἱὸς
2045 983 2145 1048 μία

566 1084 720 1136 ἐσται
757 1080 900 1152 ἀρχὴ
947 1079 1042 1133 τοῦ
1091 1077 1432 1146 Πνεύματος,
1474 1075 1530 1126 ἐν
1578 1068 1659 1135 οἷς
1707 1074 1768 1127 16
1816 1075 2146 1145 προϐάλλειν

567 1178 662 1231 καί
689 1177 723 1247 ἡ
759 1175 904 1245 ἀρχὴ
934 1175 1029 1227 καί
1055 1173 1122 1226 τά
1147 1170 1397 1235 τοιαῦτα,
1431 1169 1500 1222 τὰ
1540 1170 1640 1238 μὲν
1671 1168 1765 1223 τοῦ
1794 1170 2144 1240 προεπινοεῐο

569 1270 693 1324 σθαί
731 1270 916 1333 ἐστιν;
951 1266 1027 1318 06
1067 1265 1178 1334 γάρ
1203 1263 1536 1332 ἀρνήσαιντο
1579 1261 2022 1333 προεπινοείσθαι
2046 1260 2145 1332 τὴν

566 1362 626 1414 ἑν
671 1361 846 1428 Πατρί
881 1358 1115 1428 δύναμιν
1167 1355 1266 1425 τῆς
1319 1356 1378 1409 ἐν
1421 1357 1648 1425 ἀμφοῖν,
1691 1354 1808 1424 είγε
1859 1355 2001 1426 μηδέ
2052 1356 2146 1410 τὸν

571 1452 792 1522 Πατέρα
821 1450 960 1514 ὅλως
997 1449 1336 1521 ἀρνήσαιντο
1365 1447 1460 1502 τοῦ
1503 1447 1633 1502 Υίοῦ
1669 1448 2142 1518 προεπινοεῖσθαι.

639 1541 775 1598 Εῐτα
806 1546 856 1598 εἰ
905 1543 1006 1613 μὶν
1038 1543 1101 1596 τὸ
1150 1541 1342 1615 Πατὴρ
1371 1542 1448 1605 ὡς
1479 1541 1573 1596 16v
1606 1543 1780 1596 αἴτιον
1813 1541 1946 1609 νοεῖ,
1985 1559 2147 1612 προε-

565 1641 838 1693 πινοεῐται
870 1639 969 1708 μὲν
997 1636 1119 1691 τότε
1149 1635 1244 1689 τοῦ
1281 1633 1616 1705 προϐολέως,
1647 1637 2060 1705 προεπινοεῖται
2090 1635 2147 1690 δὲ

569 1731 676 1801 ἄρα
705 1731 801 1784 καὶ
826 1731 924 1784 τοῦ
953 1731 1299 1800 γεννήτορος,
1328 1726 1388 1780 δν
1413 1728 1615 1798 τρόπον
1637 1726 1707 1781 τὰ
1731 1727 2014 1798 κοινότερα
2037 1727 2146 1782 τῶν

565 1819 733 1898 ἦττον
782 1823 980 1877 κοινῶν
1037 1819 1538 1892 προσεπινοοῦνται
1590 1821 1652 1874 ἐν
1705 1822 1774 1891 τῇ
1838 1819 2147 1895 τελεωτέρα

567 1913 821 1986 ἐνεργείᾳ
858 1911 954 1966 τοῦ
1008 1911 1126 1968 νοῦ.
1169 1909 1529 1982 Ἐναντίωςῆ
1587 1911 1647 1964 ἐν
1695 1914 1763 1984 τῇ
1815 1912 2147 1985 ἀτελεστέρᾳ

567 2007 900 2077 συμπίπτει,
941 2005 1034 2058 καί
1082 1994 1338 2057 ἐντεῦθεν
1389 2003 1491 2057 οὐκ
1545 2003 1614 2058 ἂν
1669 2005 1757 2074 είη
1794 2021 1880 2068 τις
1927 2004 2146 2077 ἀνάγκη

565 2099 705 2151 ὥστε
761 2098 856 2151 καὶ
906 2095 998 2148 τὸν
1049 2093 1176 2148 Υίὸν
1227 2093 1402 2148 αίτιον
1461 2086 1604 2147 εἶναι
1654 2093 1749 2148 τοῦ
1802 2094 2144 2166 Πνεῦματοςο

563 2192 686 2259 ,ἅμα
716 2208 774 2243 τε
818 2189 928 2258 γάρ
962 2187 1116 2242 ισται
1151 2187 1432 2258 γεννήτωρ
1481 2186 1576 2241 καὶ
1611 2185 1934 2258 προϐολεὺς,
1964 2187 2041 2252 ὡς
2077 2189 2147 2243 τά

569 2283 1022 2354 ἁντιδιῃρημένα,
1068 2281 1162 2334 καὶ
1203 2279 1320 2350 ἅμα
1374 2279 1500 2344 Υἰὸς
1537 2283 1632 2336 καὶ
1685 2279 1910 2351 Πνεῦμα
1961 2283 2023 2336 06
2055 2282 2146 2338 διά

565 2381 664 2450 τὴν
694 2377 794 2445 τῆς
840 2376 1022 2439 αἰτίας
1071 2373 1228 2439 τάξιν
1255 2371 1349 2425 τοῦ
1385 2371 1516 2426 Υἰοῦ
1555 2372 2042 2444 προθεωρουμένου
2075 2375 2144 2444 τῇ

565 2469 803 2540 ἐπινοίᾳ,
835 2467 910 2532 ὡς
947 2467 1177 2537 ἔφημεν.
1201 2467 1262 2520 Εἰ
1295 2465 1352 2519 δέ
1376 2464 1438 2517 16
1468 2463 1657 2534 Πατὴρ
1681 2463 1757 2527 ὡς
1789 2464 1879 2518 16v
1911 2467 2144 2534 γεννῶν-

565 2582 634 2620 τα
664 2565 796 2626 νοεῖ,
827 2561 945 2624 πῶς
975 2562 1003 2614 6
1031 2560 1219 2629 Πατὴρ
1251 2560 1658 2629 προεπινοείται
1683 2557 1776 2611 τοῦ
1800 2558 2143 2629 προϐολέως;

569 2661 630 2713 Εἰ
661 2659 759 2729 μὲν
795 2657 904 2727 γάρ
999 2656 1027 2710 6
1049 2654 1240 2725 Πατὴρ
1265 2652 1398 2724 πρὸς
1426 2652 1518 2705 16v
1545 2652 1672 2706 Υἰὸν
1707 2651 1946 2722 λέγεται,
1973 2652 2144 2724 ταύτῃ

568 2769 630 2816 γε
665 2749 762 2803 καὶ
793 2749 822 2800 6
854 2744 1155 2816 προϐολεὺς
1201 2744 1605 2812 προεπινοετται
1651 2743 1746 2794 τοῦ
1796 2744 2142 2814 γεννήτορος,

564 2838 598 2920 ᾖ
632 2841 768 2913 πρὸς
798 2840 859 2893 16
902 2837 1198 2908 πρόϐλημα
1228 2837 1326 2890 καὶ
1367 2835 1534 2897 αὐτὸς
1570 2834 1805 2902 λέγεται.
1842 2833 2146 2888 Κάνταῦθεν

564 2933 796 3003 οὐδεμία
843 2929 1061 3000 ἀνάγκη
1093 2930 1231 2998 πρὸς
1275 2927 1336 2980 τὸ
1372 2928 1464 2980 τὸν
1506 2927 1632 2980 Υἰὸν
1681 2926 1947 2996 πρότερον
1981 2922 2142 2992 εἶναι,

565 3027 641 3088 ὼς
676 3025 837 3087 αὐτὸς
867 3023 1030 3090 ἀξιοῖ.
1066 3020 1129 3074 Εἰ
1161 3021 1221 3074 δέ
1252 3020 1344 3075 καὶ
1378 3017 1454 3082 ὡς
1479 3019 1620 3085 ἐξεις
1651 3019 1791 3080 τινὲς
1817 3018 1848 3088 ἢ
1872 3019 2143 3090 ἐνέργειαι

565 3117 858 3187 νοοῦμεναι
892 3114 1070 3169 ταῦτα
1103 3117 1160 3168 ἐν
1190 3114 1367 3182 Πατρί
1396 3113 1494 3181 τὴν
1520 3111 1672 3175 τάξιν
1700 3108 1883 3176 ἕξουσι
1911 3112 2141 3181 ταύτην,
2168 3137 2213 3202 C

567 3209 1024 3282 προεπινοοῦνται
1050 3207 1159 3279 γάρ
1191 3225 1293 3260 που
1317 3205 1402 3269 ῶς
1437 3206 1574 3258 εἰσιν
1606 3205 1663 3256 ἐν
1693 3203 1776 3274 τῷ
1813 3207 2007 3274 Πατρί,
2035 3207 2142 3259 τῶν

563 3308 638 3370 ὡς
667 3307 803 3375 πρὸς
835 3304 905 3356 τά
951 3301 1210 3370 προϊόντα
1241 3300 1456 3370 ἔχουσιν
1506 3297 1539 3368 ἤ
1571 3298 1810 3366 λέγεται,
1846 3299 1898 3350 τί
1949 3298 2141 3354 τούτου

565 3399 764 3468 γένοιτ’
806 3397 872 3450 ἂν
925 3394 1304 3461 ἀτοπώτερον;
1351 3391 1512 3444 Ἀνευ
1547 3391 1656 3458 γάρ
1707 3389 1922 3445 πολλῶν
1967 3391 2142 3446 ἄλλων

564 3493 672 3544 τῶν
708 3486 1119 3558 συμϐαινόντων
1148 3482 1339 3552 ὥσπερ
1371 3482 1662 3552 ήδιαφορὰ
1695 3481 1789 3534 τοῦ
1821 3485 2018 3553 γεννᾷν
2053 3483 2146 3538 καὶ

565 3579 894 3652 προϐάλλειν
928 3579 984 3630 ἐν
1009 3575 1086 3644 τῷ
1139 3575 1334 3644 Πατρί,
1370 3575 1428 3626 ἐν
1458 3573 1534 3643 τῷ
1571 3573 1948 3646 ἀσθενεστέρῳ
1996 3576 2143 3643 γένει

563 3673 673 3724 τῶν
699 3671 1024 3740 διακρίσεων
1049 3667 1206 3733 οὖσα,
1233 3666 1328 3720 καὶ
1354 3667 1495 3720 κατά
1517 3667 1643 3730 τοὺς
1663 3667 1930 3729 Λατίνους
1955 3669 2010 3722 ἐν
2033 3669 2143 3730 τοῖς

566 3764 972 3834 προαγομένοις
1010 3760 1362 3830 ἰσχυρότερον
1395 3758 1692 3830 διαλάμπει
1741 3760 2142 3829 πραγματικῶς

563 3851 1023 3925 διακρινομένοις·
1056 3848 1202 3902 οὕτω
1234 3850 1329 3902 καὶ
1359 3851 1392 3918 ἠ
1431 3849 1754 3917 προεπίνοια
1779 3851 1880 3903 οὐκ
1910 3849 1987 3903 ἐτ’
2017 3849 2141 3923 ἂνὴ

564 3945 703 4015 αὑτὴ
734 3945 819 4014 είη
854 3943 910 3996 ἐν
937 3959 996 3996 τε
1034 3943 1328 4013 γεννήτορι
1368 3942 1462 3994 καὶ
1486 3940 1744 4009 προϐολεί
1776 3945 1869 3995 καὶ
1902 3941 2018 4022 Tit}
2047 3944 2140 3998 καὶ

563 4036 937 4107 προϐλήματι,
970 4032 1106 4087 ἀλλά
1149 4033 1334 4102 πολλῷ
1363 4032 1518 4086 ἐσται
1567 4032 1707 4102 αὕτη
1745 4034 1962 4104 ἐκείνης
1991 4035 2141 4106 ἰσχυ⁶

567 4126 788 4196 ροτέρα,
832 4125 926 4177 καὶ
975 4125 1076 4177 οὐκ
1110 4123 1187 4175 ἐτ’
1231 4124 1298 4176 ἂν
1348 4123 1436 4193 εἴη
1489 4125 1811 4194 προεπίνοια
1853 4125 2058 4196 μᾶλλον
2105 4129 2140 4199 ἢ

563 4215 700 4285 ἄλλη
742 4231 828 4276 τις
874 4215 1183 4284 προήγησις
1227 4211 1335 4265 τῶν
1385 4213 1879 4286 ἀπηγορευμένων,
1925 4217 1993 4289 ἢν
2046 4220 2141 4273 καὶ

563 4306 728 4370 αὐτὸς
774 4307 921 4361 ἔοικε
971 4305 1278 4376 βούλεσθαι.
1313 4307 1384 4360 Ἦ
1435 4307 1482 4360 τί
1515 4305 1763 4377 βούλεται
1801 4309 1974 4380 αὐτῷ,
2004 4312 2086 4364 ὃτι
2111 4313 2140 4365 6

566 4399 757 4468 Πατὴρ
792 4397 1060 4469 πρότερον
1087 4397 1330 4468 παράγει
1361 4397 1454 4450 τὸν
1493 4397 1619 4452 Υἰδν
1661 4397 1760 4451 τοῦ
1792 4398 2134 4468 Πνεύματος,

2247 537 2300 573 τι
2327 521 2434 575 τῶν
2467 522 2524 574 ἐν
2547 521 2624 594 τῷ
2651 524 2958 594 ἀγεννήτῳ,
2986 518 3100 576 οἷον
3128 523 3207 594 τῷ
3245 519 3594 594 προϐάλλειν
3623 519 3821 592 ὕστερον

2247 605 2388 666 εἶναι
2423 613 2603 682 λέγειν
2633 615 2741 669 τῶν
2774 618 2838 668 ἐκ
2869 615 2960 669 τοῦ
2990 614 3294 685 ἀγεννήτου
3331 613 3530 679 τινός;
3562 611 3700 666 ἔστω
3729 615 3820 684 γὰρ

2246 705 2330 758 ὅτι
2366 707 2394 759 ό
2421 707 2703 778 γεννήτωρ
2743 707 2838 760 τοῦ
2881 707 3197 779 προϐολέως
3244 709 3697 777 πρωπινοείται·
3724 705 3819 758 ἀλλ’

2247 797 2345 866 οὐχ
2374 798 2400 852 δ
2428 815 2491 866 γε
2520 799 2648 864 Υἰδς
2668 801 2759 854 διά
2785 801 2943 854 τοῦτο
2973 799 3067 855 τοῦ
3098 800 3444 870 προϐολέως,
3485 800 3556 854 ἵν’
3651 801 3679 853 6
3712 816 3822 870 προ-

2247 887 2439 954 ϐολεὺς
2467 891 2501 962 ἢ
2526 893 2588 945 16
2627 893 2957 962 προϐάλλειν
2986 893 3164 947 κοινὸν
3198 894 3379 963 Πατρί
3405 894 3509 948 καὶ
3539 892 3683 962 Υἰῷ,
3704 893 3819 945 ἀλλὰ

2249 982 2452 1049 μᾶλλον
2480 983 2648 1056 ἄμφω
2673 985 2774 1050 τὰς
2802 987 3009 1050 αἰτίας.
3042 988 3090 1040 εἰ
3124 988 3220 1041 καὶ
3253 987 3493 1056 δοίημεν
3528 988 3592 1038 ἐν
3627 989 3820 1050 ἑαυταῖς

2247 1071 2392 1142 ἔχειν
2421 1075 2573 1144 τάξιν
2639 1077 2784 1144 τινά,
2831 1079 2864 1149 ἥ
2907 1079 3122 1133 τοιάσδε
3161 1078 3344 1142 αἰτίας
3390 1079 3569 1148 μόνον
3619 1095 3823 1150 προεπι-

2246 1167 2485 1221 νοεῖσθαι
2517 1167 2625 1222 τῶν
2659 1169 2945 1235 αἰτιατῶν,
2979 1169 3205 1240 εὔλογον
3235 1172 3303 1226 ἂν
3337 1173 3430 1242 εἴη
3471 1170 3705 1241 palm,
3733 1172 3824 1224 ἀπὸ

2247 1257 2348 1326 τῆς
2375 1259 2484 1312 τῶν
2513 1261 2633 1315 κατ’
2664 1262 2834 1326 αὐτὰς
2857 1263 3249 1334 προαγομένων
3273 1264 3606 1336 προσώπων
3634 1263 3823 1328 τάξεως

2245 1352 2634 1423 λαμϐανόντων
2656 1359 2690 1426 ἡ
2700 1357 2817 1427 μῶν
2843 1357 2944 1428 τὴν
2970 1359 3102 1430 περὶ
3127 1358 3310 1414 αὐτῶν
3337 1358 3602 1412 ἐπίνοιαν
3635 1357 3757 1410 ὅσον
3773 1358 3824 1410 16

2246 1447 2332 1516 ἐφ’
2361 1449 2514 1519 ἡμῖν,
2547 1449 2668 1504 ἐκεῖ
2693 1449 2749 1503 δέ
2779 1451 3052 1524 μηδεμίαν
3083 1451 3332 1522 ἀνάγκην
3363 1445 3510 1504 εἶναι
3546 1449 3826 1503 πιστεύειν

2246 1537 2341 1591 τοῦ
2359 1538 2505 1610 ἐχειν
2527 1537 2724 1606 οὕτως,
2741 1541 2818 1606 ὡς
2839 1543 2873 1612 η
2895 1541 3142 1612 ἡμετέρα
3163 1539 3577 1610 προῦτοοτίθησι
3598 1539 3826 1592 ἐπίνοια·

2246 1631 2488 1701 άρῤητος
2531 1631 2644 1704 γὰρ
2683 1634 2780 1687 καὶ
2825 1622 3118 1704 ἀνενόητος
3149 1633 3178 1686 6
3209 1633 3415 1703 τρόπος
3450 1631 3551 1685 καὶ
3598 1631 3637 1702 η
3685 1630 3827 1698 τάξις

2249 1721 2356 1776 τῶν
2381 1721 2545 1779 θείων
2570 1725 2799 1780 ἐκείνων
2829 1725 3077 1796 προόδων
3105 1725 3217 1779 τῶν
3249 1724 3522 1792 θεολόγων
3561 1723 3825 1791 λεγόντων

2177 1787 2538 1885 θάκοῠομεν,
2583 1816 2682 1870 καὶ
2734 1815 2794 1869 16
2838 1787 2970 1888 περὶ
3027 1817 3237 1871 τούτων
3293 1787 3482 1885 ζητεῖν
3525 1787 3825 1886 αἰρεταῦν

2248 1901 2392 1962 εῖναι
2419 1909 2452 1979 ἡ
2481 1904 2535 1972 ς’
2562 1909 2672 1962 τῶν
2717 1909 3119 1978 οἰκουμενικῶν
3158 1908 3500 1980 ἀπεφήνατο.
3534 1907 3739 1978 τούτῳ
3761 1909 3825 1977 τῷ

2248 1998 2435 2070 τρόπῳ
2468 2002 2566 2054 καὶ
2591 1988 2694 2070 τῆς
2735 2001 2946 2072 Ἀρείου
2975 2001 3071 2055 καὶ
3097 2001 3366 2071 Εὐνομίου
3396 1999 3825 2072 φρενοϐλαϐείας

2247 2091 2309 2144 o6
2349 2095 2789 2164 μετασχήσομεν.
2818 2095 2928 2148 Καὶ
2972 2095 3082 2166 γάρ
3120 2095 3284 2159 αὐτὸς
3326 2095 3598 2164 Εὑνόμιος
3634 2095 3701 2146 ἐκ
3727 2111 3823 2147 τοι·

2248 2183 2424 2240 ούτων
2462 2185 2628 2240 τινῶν
2670 2187 3040 2257 προεπινοιῶν
3082 2188 3266 2251 κακῶς
3295 2186 3612 2257 τιθεμένων
3642 2186 3821 2257 ὥςπερ

2247 2278 2513 2350 ἀφορμῶν
2541 2277 2886 2349 ὁρμώμενος.
2909 2280 3010 2350 τὴν
3041 2281 3185 2334 κατά
3202 2279 3293 2332 τδν
3312 2279 3413 2348 τῆς
3437 2282 3626 2344 αἰτίαις
3646 2281 3818 2349 λόγον,

2247 2370 2343 2424 καί
2373 2371 2578 2442 τρόπον
2605 2371 2714 2427 τῶν
2753 2372 2925 2442 τριῶν
2968 2372 3323 2428 ὑποστάσεων
3365 2375 3426 2428 ἐν
3472 2374 3699 2444 ἐνὸτητι
3731 2376 3820 2443 φύ-

2249 2479 2387 2526 σεως
2415 2463 2690 2534 διάκρισιν
2720 2464 2802 2526 εἰς
2841 2467 2940 2535 τὴν
2972 2464 3032 2518 ἐν
3066 2467 3133 2536 τῇ
3165 2464 3329 2533 φύσει
3361 2465 3642 2535 διαφορὰν
3673 2469 3820 2536 μετέο

2247 2570 2380 2622 φερε
2412 2555 2507 2607 καὶ
2535 2555 2632 2618 τὰς
2659 2556 2768 2608 ἀπὸ
2797 2557 2892 2608 τοῦ
2922 2555 3084 2626 λόγου
3122 2556 3220 2626 τῆς
3260 2555 3439 2619 αἰτίας
3475 2557 3819 2625 προθεωρίας

2247 2647 2342 2700 καὶ
2368 2645 2830 2718 προαριθμήσεις,
2860 2645 2918 2700 αἱ
2950 2647 3008 2701 16
3037 2647 3344 2716 άσύγχυτον
3365 2647 3704 2716 ἐργάζονται
3725 2647 3821 2700 τῶν

2248 2739 2602 2794 ὕποστάσεων
2637 2739 2962 2810 ὑπερθέσεις
2994 2741 3092 2793 καί
3122 2741 3344 2807 ὑφέσεις
3369 2739 3713 2810 ἀξιωμάτων
3740 2743 3823 2792 καὶ

2248 2829 2485 2899 φύσεων,
2529 2828 2849 2898 ἐπισφαλῶς
2896 2830 3075 2898 ἔλεγε,
3119 2829 3361 2900 βαθμούς
3409 2847 3568 2894 τινας
3617 2833 3822 2899 φύσεων

2249 2920 2520 2973 συνετίθει
2545 2920 2623 2983 ὡς
2649 2921 2980 2991 ἀξιωμάτων
3003 2921 3037 2990 ἢ
3069 2920 3309 2990 προόδων
3335 2920 3540 2992 ἕτεροι,
3572 2921 3639 2974 δν
3666 2923 3824 2992 ἀπορ-

2249 3008 2498 3078 ραπίζων
2527 3010 2555 3060 6
2585 3010 2808 3078 Νύσσης
2853 3010 3156 3081 Γρηγόριος
3182 3010 3366 3081 φησίν·
3415 3029 3435 3060 ε
3471 3009 3534 3062 Εἰ
3583 3012 3692 3080 μὲν
3717 3029 3823 3065 τινα

2247 3101 2508 3172 χρυνικὴν
2546 3101 2786 3171 ἔμφασιν
2832 3102 3143 3173 ὑπερετίθει
3189 3102 3290 3172 τῆς
3332 3101 3428 3156 τοῦ
3481 3104 3823 3172 Μονογενοῦς

2251 3193 2606 3258 ὑποστάσεως
2637 3196 2666 3248 6
2712 3194 2805 3248 16v
2840 3195 3061 3266 Πατέρα
3094 3195 3189 3250 τοῦ
3232 3196 3363 3250 Υίοῦ
3413 3199 3569 3269 μόνῳ
3620 3200 3701 3269 τῷ
3739 3200 3824 3268 τῆς

2249 3287 2428 3349 αἰτίας
2473 3287 2620 3357 λόγῳ
2660 3287 3014 3358 προθεωρῶν,
3045 3287 3274 3351 εἰκότως
3302 3289 3370 3341 ἂν
3397 3290 3428 3342 6
3459 3291 3564 3358 τῆς
3599 3292 3821 3359 6261611;-

2249 3397 2341 3441 τος
2365 3383 2498 3448 ἡμῖν
2527 3381 2657 3446 περὶ
2683 3379 2812 3434 Υίοῦ
2845 3381 2998 3448 λόγος
3034 3379 3427 3435 ἐκινδυνεύετο.
3465 3400 3486 3433 ι
3524 3378 3672 3435 Εἶτα
3700 3386 3819 3438 6.15-

2249 3489 2358 3541 γει·
2412 3493 2429 3525 ι
2473 3474 2534 3527 Ὀ
2567 3473 2622 3528 δὲ
2666 3473 2826 3536 αὐτὸς
2874 3475 3006 3544 ἡμῖν
3059 3475 3157 3528 καὶ
3201 3475 3326 3544 περὶ
3363 3475 3464 3528 τοῦ
3511 3476 3821 3548 Πνεύματος

2251 3567 2427 3635 λόγος,
2457 3568 2515 3619 ἐν
2553 3567 2688 3638 μόνῃ
2718 3569 2784 3636 τῇ
2816 3566 2966 3630 τάξει
2995 3566 3094 3637 τὴν
3121 3566 3384 3637 διαφορὰν
3410 3565 3583 3637 ἔχων·
3616 3571 3698 3631 ὡς
3729 3569 3821 3637 γάρ

2252 3662 2586 3715 συνάπτεται
2615 3661 2692 3729 τῷ
2726 3662 2903 3733 Πατρὶ
2936 3662 2963 3713 ὁ
2997 3662 3146 3725 Υἰὸς,
3181 3662 3276 3715 καὶ
3303 3662 3364 3726 ἐξ
3392 3663 3566 3715 αὑτοῦ
3601 3665 3672 3716 16
3699 3659 3820 3716 εἶναι

2250 3753 2410 3822 ἔχων,
2443 3754 2542 3824 οὑχ
2572 3755 2846 3824 ὑστερίζει
2880 3756 3020 3808 κατά
3050 3755 3149 3826 τὴν
3174 3754 3433 3825 ὕπαρξιν,
3471 3756 3628 3810 οὕτω
3675 3760 3819 3812 πάλιν

2250 3851 2346 3902 καὶ
2391 3847 2484 3901 τοῦ
2533 3849 2874 3917 Μονογενοῦς
2909 3848 3090 3918 ἔχεται
3139 3849 3202 3901 16
3254 3847 3488 3918 Πνεῦμα
3539 3851 3606 3902 16
3660 3853 3818 3918 ἅγιον,

2249 3942 2463 4010 ἐπινοίᾳ
2497 3940 2635 4012 μόνῃ
2662 3941 2804 3993 κατὰ
2832 3939 2923 3992 τὸν
2949 3941 3047 4010 τῆς
3073 3940 3257 4004 αἰτίας
3282 3941 3442 4008 λόγον
3474 3943 3818 4014 11900101906-

2252 4033 2416 4103 μένου
2459 4033 2559 4102 τῆς
2603 4032 2698 4086 τοῦ
2747 4033 3064 4102 Πνεύματος
3111 4033 3494 4100 ὕποστάσεως,
3551 4037 3705 4093 ὥστε
3736 4037 3816 4089 τοῦ

2247 4121 2409 4190 λόγου
2438 4121 2538 4192 τῆς
2559 4122 2740 4186 αἰτίας
2764 4122 3207 4194 ὑπεξῃρημένου,
3227 4126 3290 4177 ἐν
3315 4125 3517 4196 μηδενὶ
3544 4127 3653 4198 τὴν
3681 4129 3816 4197 άγίαν

2247 4215 2457 4286 Τριάδα
2483 4215 2623 4286 πρὸς
2658 4218 2859 4289 ἑαυτὴν
2894 4217 3226 4286 ἀσύμφωνον
3256 4218 3422 4288 ἔχειν.
3464 4220 3550 4273 Τά
3579 4221 3719 4288 γοῦν
3746 4224 3816 4274 τὲν

2247 4300 2306 4361 ἐν
2333 4310 2552 4379 ἐκάστῳ
2597 4310 2708 4364 τῶν
2749 4311 3063 4380 προσώπων
3090 4309 3250 4378 λόγον
3278 4311 3375 4378 τῆς
3422 4311 3623 4376 αἰτίας
3671 4316 3815 4382 μόνον

2247 4399 2693 4470 προθεωροῦνται
2734 4404 2803 4472 τῇ
2839 4402 3074 4471 ἐπινοίᾳ,
3105 4404 3198 4456 καὶ
3222 4401 3562 4472 προλέγεται
3603 4407 3677 4460 τὰ
3716 4406 3814 4458 θεῖα

531 4493 657 4548 ’καὶ
681 4492 766 4546 ὅτι
796 4492 1105 4561 ὑφέστηκεν
1135 4491 1203 4560 τῇ
1237 4490 1378 4561 πρὸς
1421 4490 1514 4542 τὸν
1552 4490 1683 4544 Υίδν
1729 4490 1976 4562 ἰδιότητι,
2009 4494 2139 4562 πρὶν
2172 4510 2217 4565 ι)
2246 4491 2534 4560 πρόσωπα,
2549 4492 2714 4556 αὐτὸς
2737 4495 2847 4564 γάρ
2873 4494 3023 4547 ἐστιν
3042 4496 3070 4548 6
3091 4495 3268 4557 διδοὺς
3288 4497 3388 4558 τάς
3416 4496 3722 4566 ἰδιότητας,
3744 4494 3813 4558 αἶς

562 4588 628 4638 ἂν
660 4581 946 4654 προϐάλλῃ
979 4582 1041 4635 16
1072 4581 1331 4650 Πνεῦμα;
1365 4580 1524 4635 οὕτω
1553 4581 1662 4650 γὰρ
1693 4581 1940 4653 ἐναργῶς
1975 4583 2134 4646 ἀξιοῖ.

560 4675 748 4730 Ταῦτα
779 4675 835 4729 δὲ
863 4674 948 4737 τίς
979 4672 1239 4738 ἀκούσας,
1271 4674 1371 4725 οὐκ
1397 4674 1562 4736 εὐθὺς
1592 4673 1660 4727 ἂν
1685 4676 1891 4738 πάντας
1928 4677 2140 4746 Ἀρεια-

560 4762 701 4830 νοὺς
727 4767 1038 4837 ἐννοήσειε,
1075 4763 1142 4816 Τί
1177 4765 1287 4834 γάρ
1315 4763 1444 4817 ἄλλο
1476 4766 1672 4819 ἐκεῖνοι
1701 4765 1906 4835 ἔλεγον,
1933 4767 1965 4838 ἢ
2005 4771 2082 4821 ἔτι
2114 4771 2142 4822 6
2169 4751 2188 4760 ’

561 4856 693 4916 Θεὸς
719 4854 1120 4927 πρότερονμὲν
1145 4853 1239 4907 τὸν
1271 4854 1426 4920 Υίὸν,
1461 4850 1580 4907 εἶτα
1611 4855 1670 4907 16
1705 4856 1928 4924 Πνεῦμα
1959 4858 2143 4926 παρή-

564 4961 755 5010 γαγεν,
791 4946 922 4999 ἔνιοι
971 4945 1027 4998 δέ
1056 4945 1138 4997 ὅτι
1180 4947 1208 4997 6
1239 4944 1364 5007 λ’ἰὸς
1411 4945 1570 4997 τοῦτο
1613 4948 1973 5016 παρήγαγεν;
2006 4949 2142 5001 Οὐδέ

563 5035 673 5104 γὰρ
717 5036 914 5088 ἐκεῖνοι
943 5037 1122 5105 χρόνῳ
1148 5036 1247 5106 τὴν
1277 5035 1546 5105 διαφορὰν
1587 5035 1797 5092 ἐτίθουν
1827 5038 2034 5102 ἁπλῶς·
2082 5038 2145 5104 ἐξ

564 5127 736 5179 άῑδίου
768 5127 876 5196 γὰρ
902 5128 1086 5195 ἔλεγον
1109 5127 1472 5196 γεγεννῆσθαι
1498 5129 1589 5180 τὸν
1609 5129 1760 5192 Υἰὸν,
1788 5130 1879 5182 καὶ
1897 5132 1956 5183 16
1976 5131 2143 5184 Πνεῦ-

566 5236 642 5288 μα
677 5217 955 5287 προελθεῖν
981 5220 1080 5270 οὐκ
1117 5220 1174 5270 ἐν
1207 5217 1283 5287 τῷ
1313 5220 1475 5272 παντὶ
1501 5218 1659 5289 τῷδε.
1699 5220 1862 5273 Ἀλλά
1889 5221 2142 5286 τοιαύτας

563 5310 713 5372 τινὰς
758 5308 1116 5376 προεπινοίας
1149 5308 1388 5371 τιθέντες
1429 5311 1530 5363 οὐκ
1571 5312 1835 5378 εὐσεϐῶς,
1879 5312 1938 5378 ἐξ
1977 5315 2144 5380 ἀνάγ-

565 5421 665 5472 κης
703 5403 797 5454 καὶ
845 5399 942 5469 τὴν
993 5397 1114 5450 κατ’
1166 5399 1353 5452 οὐσίαν
1401 5403 1622 5470 εἰσῆγον
1671 5404 1961 5472 διαφοράν.
2001 5404 2143 5457 Ἀλλ’

561 5496 723 5564 εἴπερ
748 5492 971 5565 ᾔδεισαν
1005 5491 1120 5553 πῶς
1141 5490 1223 5544 δεῖ
1247 5491 1346 5562 τὴν
1374 5493 1718 5563 προοεωρίαν
1745 5496 1840 5546 καὶ
1863 5495 1959 5565 τὴν
1985 5513 2144 5566 προε-

560 5590 774 5640 πίνοιαν
810 5585 1009 5652 λέγειν,
1048 5586 1139 5637 καὶ
1187 5585 1304 5647 πῶς
1353 5585 1412 5636 16
1447 5586 1832 5654 προτετάχθαι,
1861 5589 1954 5640 καὶ
1996 5590 2144 5652 ὅπως

559 5679 618 5731 16
647 5681 915 5752 πρότερον
949 5677 1126 5729 οὐδενί
1164 5677 1353 5747 τρόπῳ
1383 5676 1530 5726 ἐστὶν
1573 5675 1787 5741 ἀληθῶς
1823 5676 1946 5728 οὕτε
1981 5681 2142 5743 νοεῖν,

560 5771 910 5848 οὕτε.).έγειν
949 5769 1040 5822 ἐπί
1093 5769 1204 5832 τῶν
1245 5768 1427 5830 θείων,
1477 5763 1576 5817 οὐκ
1627 5764 1693 5817 ἂν
1751 5769 1830 5828 εἰς
1888 5767 2144 5833 τοιαύτας

2242 4582 2634 4653 διακρίνονται,
2678 4585 2712 4655 ἢ
2753 4585 2900 4638 τοῦτ’
2947 4587 3082 4640 αὐτὸ
3129 4587 3189 4639 τὸ
3243 4587 3557 4657 λαμϐάνειν
3615 4594 3683 4644 ἐκ
3735 4590 3811 4642 10-3

2245 4674 2671 4745 Ila196¢11civ1a
2715 4678 2856 4745 μετὰ
2895 4678 3002 4748 τῆς
3030 4676 3266 4747 φύσεως,
3299 4681 3599 4734 τουτέστιν
3632 4683 3666 4753 ἠ
3698 4685 3811 4754 πρὸς

2243 4767 2409 4819 αὑτὸν
2442 4767 2641 4838 ἰδιότης
2673 4769 2878 4836 αὐτοῖς,
2915 4770 3013 4839 τῆς
3040 4771 3285 4841 ἀρρήτου
3313 4771 3422 4823 τῶν
3462 4775 3692 4843 τρόπων
3715 4777 3811 4827 διαο

2245 4858 2444 4925 φορᾶς,
2478 4857 2574 4910 καὶ
2620 4857 2759 4911 αὐτὰ
2801 4859 3188 4930 διακρινούσης
3217 4861 3492 4930 ἀλλήλων.
3530 4865 3647 4917 Καὶ
3673 4866 3702 4917 6
3733 4867 3811 4933 μὲν

2246 4945 2434 5016 Πατὴρ
2468 4947 2576 5000 τῶν
2603 4949 2664 5013 ἐξ
2688 4949 2856 5001 αὑτοῦ
2893 4950 3232 5018 διακρίνεται
3265 4954 3409 5006 κατά
3433 4953 3503 5005 τὸ
3529 4955 3716 5008 αίτιον
3737 4956 3809 5006 καὶ

2245 5040 2511 5104 αἰτιατὸν,
2543 5041 2619 5104 ὠς
2656 5043 2685 5095 6
2736 5042 2898 5105 αὐτὸς
2928 5040 3071 5107 ἀξιοῖ
3121 5043 3424 5114 Γρηγόριος
3477 5047 3680 5116 λέγων
3721 5049 3807 5115 Τὴν

2247 5131 2471 5184 κατὰτὸ
2503 5131 2679 5187 αἴτιον
2740 5137 2838 5187 καὶ
2892 5134 3136 5188 αίτιατὺν
3180 5136 3446 5208 διαφοράν
3479 5141 3585 5198 οὐκ
3641 5145 3808 5211 ἀργειφ-

2249 5218 2411 5290 μεθα,
2438 5222 2496 5273 ἐν
2529 5213 2572 5288 ᾧ
2605 5221 2754 5292 μόνῳ
2781 5221 3160 5292 διακρίνεσθαι
3193 5224 3253 5277 16
3282 5224 3479 5294 ἕτερον
3511 5226 3608 5280 τοῦ
3638 5230 3806 5293 ἑτέρου

2247 5312 2724 5381 καταλαμϐάνειν,
2761 5313 2900 5366 ἀλλά
2951 5315 3014 5365 16
3047 5315 3114 5366 ἐκ
3160 5315 3257 5368 τοῦ
3302 5318 3484 5370 αἰτίου
3538 5320 3677 5390 άλλη
3724 5320 3806 5370 τινὶ

2245 5402 2497 5472 διαφορᾷ,
2532 5405 2628 5458 καὶ
2650 5405 2712 5458 06
2742 5408 2807 5475 τῇ
2866 5405 3004 5475 αὐτῇ
3041 5405 3403 5478 διακρίνεται.
3438 5410 3650 5481 Ἄλλην
3701 5413 3805 5478 γὰρ,

2248 5496 2404 5562 φησί,
2435 5496 2703 5566 διαφοράν
2763 5497 3082 5568 ἐννοοῦμεν,
3121 5500 3191 5569 ἣν
3226 5501 3462 5554 ἐνταῦθα
3500 5503 3662 5572 λόγον
3696 5503 3804 5570 φησί

2246 5591 2340 5655 τῆ;
2375 5587 2574 5651 αἰτίας.
2603 5585 2673 5660 ’ᾩ
2701 5591 3009 5660 συμφώνως
3043 5594 3256 5661 φθάσας
3286 5597 3390 5664 ἔφη
3420 5598 3519 5649 καὶ
3547 5600 3574 5650 6
3615 5595 3804 5649 Ἱουστῖ·

2250 5697 2361 5747 νος,
2405 5679 2498 5744 Ὦς
2533 5684 2560 5734 6
2593 5683 2718 5747 Υἱὸς
2745 5687 2806 5737 ἐκ
2836 5684 2927 5738 τοῦ
2959 5686 3193 5754 Ματρὸς,
3218 5688 3363 5742 οὕτω
3396 5693 3494 5742 καὶ
3525 5693 3586 5742 16
3614 5688 3804 5757 Πνεῦμι

2249 5771 2311 5825 16
2345 5775 2501 5842 ἆγιον
2552 5778 2616 5828 ἐκ
2653 5777 2746 5828 τοῦ
2806 5779 3036 5846 Πατρὸς,
3068 5780 3209 5850 πλὴν
3262 5799 3324 5849 γε
3361 5783 3452 5836 διὰ
3489 5783 3582 5836 τοῦ
3633 5782 3802 5850 τράπεθ
