3904 6222
46 342 49 343 ν
76 280 210 348 1033

1204 286 1647 348 REFUTATIO
1690 287 2213 353 ARGYROPUIJ.

3177 294 3317 358 1030

73 395 174 464 τῆς
202 393 485 465 ὑπάρξεως
534 396 823 466 ἐγγίνεται
881 397 958 467 τῷ
992 399 1248 472 ἡμετέρῳ
1284 402 1364 456 νοῒ
1399 406 1432 475 ἠ
1468 421 1632 474 προε-
1664 408 1709 465 Α
1741 421 1904 473 μεων,
1931 403 2025 457 καὶ
2047 402 2154 455 τῶν
2178 402 2526 457 ὑποστάσεων
2557 398 2626 456 δι’
2650 401 2818 466 αὐτὰς
2842 402 2934 455 καὶ
2964 401 3072 454 τῶν
3096 400 3312 460 αἰτιῶν.

74 485 253 540 πίνοια
340 486 647 559 προθεωρεῖ
676 490 767 542 τὸν
794 491 922 545 Υίὸν
946 492 1040 544 τοῦ
1072 492 1411 562 Πνεύματος.
1454 496 1545 548 Ἐν
1577 494 1632 547 δὲ

72 580 191 641 ταῖς
222 580 480 650 ἀρρήτοις
519 581 762 645 ἐκείναις
824 583 917 635 καὶ
977 584 1173 645 ἀϊδίοις
1233 585 1481 656 προόδοις
1534 585 1635 637 οὑκ

1747 467 1843 548 καὶ
1881 467 1938 548 αί
1966 495 2309 563 προεπίνοιαι
2342 498 2437 549 καὶ⁵
2464 495 2521 547 αί
2552 494 2731 558 τάξεις
2770 494 2882 547 τῶν
2922 493 3317 562 προόδωνλκαὶ
3349 467 3362 480 ⁸

1742 588 1803 642 τὸ
1828 587 2094 659 πρότερον
2133 585 2475 656 προάγεσθαι
2509 585 2600 638 τδν
2635 586 2784 649 Υίὺν,
2827 585 2919 643 καὶ
2942 585 3041 638 ὅσα
3068 584 3316 647 τοιαῦτα.

73 670 288 734 εὐσεϐές
321 674 437 726 ἐστι
482 672 557 745 μὴ
589 674 669 728 ὅτι
710 692 774 743 γε
813 677 1007 739 είπεῖν,
1044 676 1163 730 ἀλλ’
1200 677 1311 730 οὐδ’
1346 677 1636 742 έπινοῆσαί
1739 686 1808 736 τά
1842 681 1943 752 μὲν
1966 680 2261 750 βλάσφημα
2290 678 2505 742 πάντως
2562 680 2656 731 καὶ
2696 679 2970 750 ἀπᾴδοντα
3008 679 3103 749 τῆς
3167 679 3319 747 ίεερδῖς

76 776 129 812 τι
160 760 480 835 πρότερονῆ
533 764 780 836 ὕστερον,
833 767 1037 837 μᾶλλον
1084 767 1140 821 δὲ
1192 768 1300 822 οὐδ’
1351 769 1635 837 ἐπινοῆσαι

74 847 186 916 οἶός
208 870 262 905 τε
284 854 497 922 γένοιτο
526 856 704 921 οὐδεὶς
744 857 837 910 τὸν
871 859 1071 928 τρόπον
1103 859 1228 924 νοῦς
1253 860 1363 915 τῶν
1395 861 1638 932 προόδων

75 940 314 994 ὲκείνων⁶
343 942 480 997 ὅπου
510 946 621 1015 7&9
652 946 713 999 οὐ
751 938 944 1017 χρόνος
977 948 1077 1003 οὐκ
1102 950 1237 1004 αίὼν
1260 952 1636 1020 ἐμεσίτευσεν,

75 1031 136 1084 οὐ
171 1033 364 1105 θεατὴς
414 1036 621 1108 παρῆν,
658 1039 757 1109 οὐχ
806 1043 834 1094 0
879 1040 1241 1113 διηγούμενός
1294 1044 1465 1108 ἐστιν,
1524 1041 1685 1106 πῶς’

76 1126 350 1198 φαντασθῇ
374 1128 403 1181 0
426 1128 573 1195 νοῦς,
603 1131 723 1195 πῶς
756 1130 814 1184 δὲ
856 1133 1188 1207 ὑπηρετήσῃ
1217 1136 1338 1199 ταῖς
1382 1136 1644 1200 διανοίαις

72 1217 102 1269 0
122 1215 306 1285 1070;;
344 1218 446 1273 Διὰ
475 1222 637 1277 τοῦτο
688 1227 865 1296 σιωπῇ
916 1227 1083 1297 τιμᾷν
1110 1228 1518 1299 ἑκελεύσθημεν
1547 1229 1646 1293 τὰς

77 1306 227 1373 θείας
278 1311 496 1376 ὲκείνας
542 1317 805 1386 προόδους
834 1332 847 1347 °
882 1320 1139 1388 προϊέναι
1197 1319 1255 1373 δὲ
1313 1320 1480 1390 μόνον
1524 1320 1642 1391 ἅμα

76 1400 260 1465 άῖδὲως
295 1404 387 1456 καὶ
439 1407 735 1471 συναῖδίως
780 1409 1041 1481 ἀρρήτως
1071 1410 1169 1464 καὶ
1197 1411 1340 1482 ὑπὲρ
1369 1412 1526 1480 λόγον
1556 1430 1648 1466 πι-

79 1493 288 1549 στεύειν
316 1496 384 1549 τὰ
415 1496 537 1552 θεῖα
563 1500 854 1569 πρόσωπα.
883 1502 996 1556 Καὶ
1024 1503 1131 1572 γὰρ
1158 1501 1355 1575 ἔχομεν
1385 1505 1649 1574 μαθόντες

80 1586 217 1654 πρὸς
246 1588 352 1642 τῶν
381 1588 725 1645 διδασκάλων
752 1593 834 1647 ὅτι
865 1596 926 1648 10
958 1594 1183 1665 Πνεῦμα
1207 1596 1268 1649 τδ
1297 1596 1452 1665 ἅγιον
1481 1596 1651 1670 ἤρτη-

78 1694 170 1731 ται
196 1677 289 1732 τοῦ
341 1678 493 1737 Υίοῦ.
530 1676 602 1753 ᾯ
648 1685 987 1752 ἀδιαστάτως
1039 1688 1650 1758 συγκαταλαμϐάνεται,

1742 772 2092 835 διδασκαλίας
2124 771 2232 824 τῶν
2269 772 2463 837 άγίων,
2518 770 2612 824 καὶ
2670 768 2774 834 ἔξω
2818 770 2911 823 τοῦ
2970 771 3317 841 φρονήματος

1744 862 1838 917 τοῦ
1865 863 2049 932 ὀρθοῦ,
2081 862 2149 914 τά
2188 861 2245 913 δὲ
2277 862 2368 916 καὶ
2397 858 2489 912 ὑπ’
2517 857 2679 913 αὑτοῦ
2721 858 2893 929 δήπου
2930 858 3193 926 τίθενται,
3228 860 3336 912 καὶ.

1745 954 1832 1022 ἐφ’
1860 949 1942 1016 οἷς
1974 952 2216 1007 τίθενται
2252 950 2522 1004 συνοῦσαν
2554 949 2654 1019 τὴν
2694 948 3045 1019 βλασφημίαν
3079 951 3215 1019 ἔχει.
3342 944 3349 949 ⁷

1818 1045 1999 1101 Πολλά
2030 1045 2081 1115 γ’
2114 1044 2208 1099 οὖν
2239 1045 2417 1099 ἄτοπα
2462 1043 2633 1096 εἰπὼν
2660 1044 2718 1096 ἐν
2738 1041 2928 1119 ἔτούτῳ
2964 1041 3043 1110 τῷ
3103 1041 3325 1111 λήμμα-

1747 1155 1819 1207 τι,
1852 1139 1948 1193 καὶ
1967 1139 2032 1208 τῇ
2056 1137 2131 1200 ὡς
2160 1135 2312 1206 αὑτῷ
2330 1138 2477 1191 δοκεῖ
2494 1135 2669 1204 τούτῳ
2707 1133 3098 1204 ἐπεξεργασίᾳ,
3124 1133 3182 1185 ἒν
3203 1129 3325 1185 εἷπε

1748 1230 2029 1301 φρονίμως
2058 1229 2126 1284 δι’
2158 1223 2221 1283 00
2251 1229 2427 1283 πάντα
2459 1226 2780 1297 ἀνέτρεψεν,
2813 1228 2895 1279 ὅτι
2924 1226 3178 1295 οὐδαμῶς
3198 1224 3327 1278 ἄλλο

1750 1326 1912 1382 ἄλλου
1947 1324 2213 1396 πρότερον
2241 1324 2302 1375 ἐν
2335 1324 2447 1385 τοῖς
2481 1320 2669 1383 θείοις.
2699 1321 2765 1372 Ὃ
2801 1318 2897 1372 καὶ
2927 1319 3059 1388 ἡμῖν
3103 1317 3332 1385 ἔναγχος

1751 1417 1988 1488 είρηται,
2024 1415 2106 1469 ὅτι
2139 1413 2234 1468 καὶ
2254 1411 2524 1490 ,ἀῖδιότητι
2555 1409 2651 1463 καὶ
2681 1407 2843 1476 φύσει
2869 1407 2966 1460 καὶ
3000 1405 3076 1472 νῷ
3107 1406 3160 1456 αί
3191 1405 3331 1457 θεῖαι

1753 1509 2080 1581 ὑποστάσεις
2110 1507 2227 1575 ἃμα
2254 1504 2381 1569 εἰσὶ,
2410 1504 2503 1556 καὶ
2529 1503 2628 1555 οὐκ
2661 1500 2771 1570 ἔχει
2802 1497 2982 1569 χώραν
3037 1497 3092 1550 ὲν
3139 1495 3334 1557 αὐταῖς

1753 1600 1932 1654 οὐδενὶ
1956 1601 2143 1669 τρόπῳ
2176 1596 2236 1650 τὸ
2260 1596 2529 1666 πρότερον
2561 1595 2657 1646 καὶ
2687 1594 2747 1646 10
2804 1591 3056 1661 ὓστερον.
3116 1589 3178 1641 Εί
3241 1588 3335 1639 καὶ

1755 1692 1921 1746 πάλιν
1950 1690 2151 1758 ταύτην
2174 1688 2349 1745 ἀνεῖλε
2374 1688 2474 1757 τὴν
2504 1687 2786 1756 ἀλήθειαν,
2828 1686 2927 1738 οὐκ
2956 1680 3053 1737 οἶδ’
3089 1683 3117 1736 ὅ
3145 1699 3199 1735 τι
3232 1700 3335 1735 πα-

81 1769 179 1821 καὶ
210 1769 277 1822 δι’
304 1771 472 1826 αὐτοῦ
517 1775 614 1828 καὶ
658 1775 777 1844 μετ’
804 1778 971 1831 αὐτοῦ
1002 1780 1128 1849 πρίν
1152 1797 1204 1833 τι
1238 1778 1428 1833 καινόν
1466 1797 1518 1832 τι
1556 1780 1649 1832 καὶ
1685 1773 1726 1827 Β
1756 1784 1888 1846 θὼν.
1914 1783 2008 1837 καὶ
2036 1781 2128 1835 τὸν
2162 1780 2263 1851 μὲν
2294 1779 2517 1849 Πατέρα
2567 1777 2834 1849 πρότερον
2872 1777 2988 1829 τοῖν
3043 1776 3211 1839 δυοῖν.
3246 1774 3339 1825 τὶν

78 1859 455 1916 ἀνυπόστατον
485 1861 571 1915 διὰ
607 1864 776 1932 μέσου
829 1868 1210 1937 παρεμπεσεῖν
1251 1867 1454 1937 νόημα,
1492 1866 1654 1930 εὐθὺς

78 1950 175 2001 καὶ
232 1953 595 2022 συνημμένως
651 1956 1157 2025 καταλαμϐάνεται,
1213 1958 1315 2027 οὐχ
1370 1958 1655 2030 ὑστερίζον

81 2043 222 2095 κατὰ
250 2044 344 2114 τὴν
373 2044 610 2116 ὓπαρξιν
641 2050 783 2115 μετὰ
811 2047 903 2102 τὸν
927 2048 1077 2114 Υίὸν,
1108 2049 1183 2113 ὥς
1209 2066 1340 2103 ποτε
1367 2051 1456 2101 τὸν
1484 2050 1656 2102 Μονο-

82 2134 221 2204 γενῆ
278 2134 399 2204 δίχα
448 2134 544 2190 τοῦ
594 2137 917 2208 Πνεῦματος
960 2140 1244 2210 νοηθῆναι.
1291 2139 1356 2193 Ἦ
1404 2140 1514 2210 7&9
1560 2139 1655 2193 τοῦ

80 2226 214 2279 Υἱοῦ
251 2230 496 2296 μεσιτεία
528 2230 707 2301 ἐαυτῷ
756 2233 856 2303 μὲν
902 2234 963 2286 τὸ
1026 2234 1325 2303 μονογενὲς
1373 2233 1654 2302 φυλάττειν

78 2321 144 2372 10
173 2320 230 2374 δὲ
264 2321 488 2392 Πνεῦμα
520 2326 620 2395 τῆς
656 2326 793 2395 πρὸς
839 2327 932 2379 10v
986 2328 1208 2398 Πατέρα
1266 2327 1506 2399 σχέσεως
1558 2326 1657 2380 οὐκ

80 2414 359 2485 ἀπείργει.
397 2416 612 2489 Ὠσπερ
646 2418 756 2490 γάρ
787 2420 815 2472 0
870 2420 997 2484 Υίδς
1027 2421 1102 2481 ὡς
1136 2421 1388 2490 γέννημα
1432 2420 1658 2489 άμέσωξ

82 2503 181 2556 καὶ
213 2507 492 2580 προσεχῶς
534 2511 599 2561 ὲκ
642 2509 856 2581 110.190;
894 2509 969 2573 ὡς
1002 2511 1235 2582 Πατρδς,
1267 2510 1411 2565 οὑτω
1457 2511 1551 2563 καὶ
1598 2510 1660 2562 τὸ

83 2597 311 2666 Πνεῦμα
340 2599 413 2662 ὡς
453 2601 751 2673 πρόϐλημα
784 2603 1009 2671 άμέσως
1055 2605 1151 2658 καὶ
1186 2602 1473 2673 προσεχῶς
1508 2603 1660 2655 ἐστιν

82 2692 153 2741 ὲκ
188 2689 397 2759 Πατρὸς
448 2692 522 2757 ὡς
560 2693 900 2763 προϐολέως.
945 2696 1032 2758 Ὧς
1086 2697 1114 2748 0
1164 2694 1292 2758 Υἱὸς
1341 2681 1472 2763 γὰρ,
1504 2695 1655 2763 φησὶ,

83 2784 154 2835 ὲκ
184 2784 275 2836 τοῦ
308 2782 541 2855 Πατρδς,
578 2785 725 2839 οὕτω
759 2787 854 2841 καὶ
901 2787 961 2839 τὸ
1016 2785 1240 2855 Πνεῦμα
1290 2786 1348 2840 10
1393 2786 1551 2853 άγιον
1596 2787 1661 2837 ἐκ

81 2872 183 2927 τοῦ
211 2876 441 2942 Πατρδς,
476 2878 620 2948 πλήν
652 2895 716 2947 γε
755 2878 820 2949 δὴ
851 2877 945 2931 τοῦ
981 2878 1188 2948 τρόπου
1218 2878 1316 2949 τῆς
1348 2876 1658 2947 ὑπάρξεως.

83 2968 203 3021 Καὶ
229 2972 257 3021 0
284 2970 609 3042 Γρηγόριοςο
656 2990 675 3024 ι
711 2972 875 3037 Φὺσις
905 2972 960 3025 δὲ
990 2974 1100 3037 τοῖς
1130 2973 1279 3041 τρισί⁵
1318 2971 1440 3040 μία,
1468 2969 1662 3032 ἓνωσις

1755 1879 1812 1931 δὲ
1846 1876 1978 1931 Υίδν
2008 1874 2103 1930 τοῦ
2136 1875 2283 1929 θείου
2315 1871 2634 1942 Πνεύματος
2685 1870 2951 1940 πρότερον
3007 1869 3222 1938 είρηκε,
3248 1866 3340 1918 τὸν

1758 1971 1923 2026 αὐτὸν
1951 1970 2010 2024 δὲ
2037 1972 2155 2039 ἅμα
2182 1968 2448 2038 πρότερον
2475 1967 2573 2021 καὶ
2608 1964 2836 2035 ὑστερον
2898 1960 3232 2039 ἀκολούθως.

1832 2065 1893 2118 El
1927 2062 2035 2133 7&9
2060 2061 2156 2114 100
2182 2059 2500 2129 Πνεύματος
2522 2057 2791 2127 πρότερον
2819 2058 2848 2109 0
2881 2055 3035 2121 Υἱὸς,
3076 2054 3130 2107 τί
3157 2052 3224 2106 διν
3253 2051 3340 2115 εἴη

1757 2154 1854 2208 τοῦ
1881 2153 2117 2223 Πατρδς,
2148 2152 2379 2220 λεγέτω,
2413 2150 2507 2203 καὶ
2531 2148 2593 2201 τὸ
2623 2147 2848 2215 Πνεῦμα
2879 2145 3103 2215 ὔστερον
3134 2143 3194 2198 ὃν
3247 2142 3341 2196 τοῦ

1760 2245 1912 2311 Υίοῦ,
1946 2244 1999 2298 τί
2026 2243 2093 2298 ἂν
2123 2244 2211 2313 εἴη
2240 2242 2348 2295 ἀπὸ
2385 2240 2481 2294 τοῦ
2513 2241 2726 2307 Πατρός
2759 2258 2775 2271 ο
2802 2236 3199 2308 εὐλαϐούμενος
3233 2235 3342 2304 7&9

1764 2343 1893 2403 ἴσως
1931 2339 2020 2393 διὰ
2050 2336 2110 2390 10
2136 2336 2353 2406 ἀπηχὲς
2382 2335 2483 2404 τῆς
2511 2333 2719 2402 φωνῆς,
2753 2331 2970 2401 πρῶτον
3019 2331 3195 2382 εἰπεῖν
3251 2329 3346 2380 καί

1759 2432 2011 2501 δεύτερον
2048 2432 2142 2483 καὶ⁸
2168 2429 2377 2497 τρίτον,
2422 2426 2606 2489 ἄλλοις
2635 2424 2896 2493 ὀνόμασιν
2932 2425 3011 2485 εἰς
3044 2422 3143 2489 τὴν
3176 2420 3347 2489 αὐτὴν

1762 2525 1991 2580 ἀτοπίαν
2036 2523 2317 2587 ἐξέπεσεν.
2377 2518 2519 2573 Ἀλλ’
2571 2519 2733 2589 ἡμεῖς
2780 2515 2922 2570 κατὰ
2976 2513 3069 2567 τὸν
3124 2511 3351 2580 Νύσσης

1764 2616 2061 2688 Γρηγόριον
2091 2616 2149 2668 ὲν
2174 2617 2288 2677 τοῖς
2344 2610 2483 2665 Κατ’
2517 2608 2791 2678 Εὐνομίου
2835 2607 3050 2661 οὐδέπω
3114 2605 3210 2658 καὶ
3256 2603 3353 2656 νῦν

1761 2708 1967 2777 ταύτης
1993 2704 2309 2776 ἠκούσαμεν
2368 2702 2467 2770 τῆς
2523 2701 2716 2767 σοφίας
2766 2700 2799 2767 ἢ
2850 2696 2911 2749 10
2950 2696 3223 2764 δεύτερον.
3258 2694 3354 2747 καὶ

1762 2799 1948 2871 τρίτον
1980 2799 2045 2853 ἐκ
2071 2815 2217 2861 τινος
2247 2792 2573 2855 ἀκολουθίας
2602 2790 2896 2861 λεγόμενον
2955 2791 3034 2850 είς
3083 2786 3182 2857 τὴν
3240 2786 3352 2838 τῶν

1765 2891 2096 2965 ὑποχειρίων
2128 2890 2223 2944 καὶ
2253 2883 2713 2955 ὑποτεταγμένων
2744 2880 3049 2936 ἀπωθεῖται
3103 2879 3279 2943 τάξιν.

1835 2988 2011 3059 Διχῶς
2070 2983 2181 3055 γὰρ
2237 2983 2476 3050 λέγεται,
2540 2978 2726 3048 φησὶν,
2785 2979 2813 3029 0
2864 2974 3019 3037 Υἱὸς,
3076 2973 3355 3025 τουτέστιν

80 3061 145 3170 δξ
176 3063 203 3113 ὁ
238 3062 423 3171 Ῑξατὴρ
469 3062 531 3171 ἐς
579 3058 641 3171 ξῦ
673 3064 769 3171 δίῗῖ
804 3065 1055 3171 πΡςξίδξ
1095 3066 1357 3171 ἀν-άγετΑαι
1404 3063 1473 3116 τὰ
1511 3063 1658 3132 35714-
1690 3108 1733 3166 ο
1768 3058 2083 3147 ἐπιλέγεται
2104 3077 2183 3147 τῷ
2218 3077 2414 3147 Πατρὶς
2440 3074 2534 3126 καὶ
2566 3072 2751 3143 τρίτον
2774 3068 3074 3135 λέγεταιτὺ
3106 3066 3353 3135 Πνεῦμα,

80 3156 193 3222 οὐκ
247 3156 323 3218 ὡς
370 3156 819 3225 συναλοίφεσθαι›
865 3158 982 3211 ἀλλ’
1025 3159 1101 3219 ὡς
1151 3158 1394 3228 ἔχεσθαι.
1429 3178 1448 3211 ³
1486 3160 1597 3213 Καὶ
1632 3160 1661 3212 ὁ
1696 3156 1733 3166 ⁷
1765 3171 2041 3227 τουτέστιν
2066 3167 2377 3237 ὲπιλέγεται
2394 3166 2471 3236 τῷ
2487 3163 2601 3235 Υίῷ
2621 3163 2685 3216 ἐκ
2702 3180 2845 3226 τινος
2870 3159 3358 3223 ἀκολουθίαςοάκο-

82 3244 311 3315 Νύσσης
336 3248 391 3300 ὲν
424 3253 482 3315 ς’
505 3248 612 3302 τῶν
636 3250 779 3318 Πρὸς
806 3250 1086 3319 Εὐνόμιον·
1126 3268 1146 3303 ι
1174 3251 1278 3305 Τοῦ
1309 3249 1459 3318 Υἱοῦ,
1482 3248 1666 3313 καθὼς

87 3340 337 3413 εἴρηται,
384 3343 505 3412 μεθ’
534 3342 729 3397 ἑαυτοῦ
773 3343 835 3398 10
880 3342 1105 3413 Πνεῦμα
1155 3344 1254 3414 τῆς
1289 3344 1434 3411 ζωῆς
1472 3359 1531 3396 τε
1573 3342 1666 3395 καὶ

84 3434 356 3503 ἀληθείας
406 3435 847 3505 ένδεικνυμένοὺ.
884 3455 903 3487 ι
946 3436 1054 3491 Καὶ
1086 3438 1114 3489 0
1152 3436 1443 3504 Κύριλλος,
1486 3453 1505 3487 ι
1533 3435 1673 3488 Συν-

81 3525 288 3593 ἧπται,
326 3526 481 3595 φησὶ,
519 3527 657 3596 πρὸς
704 3525 902 3580 ἕνωσιν
947 3528 1025 3596 τῷ
1056 3526 1171 3596 Υίῷ
1200 3527 1279 3597 τῷ
1328 3525 1428 3596 τῆς
1475 3528 1671 3595 δμοου-

86 3617 348 3686 σιότητος
382 3617 549 3686 λόγῳ,
583 3617 684 3671 κᾶν
713 3618 781 3672 ὲκ
816 3617 909 3672 τοῦ
943 3616 1081 3672 Θεοῦ
1116 3621 1210 3672 καὶ
1251 3620 1465 3690 Πατρὸς
1507 3620 1672 3673 έκπο-

87 3710 352 3783 ρεύήται.
383 3728 402 3763 ι
426 3710 553 3779 ,Καὶ
583 3712 611 3764 0
641 3709 917 3774 Διονύσιος
953 3711 1115 3781 ῥίζαν
1149 3712 1251 3781 μὲν
1281 3711 1551 3765 ἀποκαλεῖ
1580 3714 1673 3765 τὸν

88 3803 345 3874 Πατέρα,
376 3803 644 3874 βλαστοὺς
677 3803 737 3857 δὲ
769 3803 802 3873 ἢ
834 3803 973 3876 άνθη
1006 3804 1078 3857 τά
1107 3803 1168 3869 ἐξ
1201 3802 1393 3870 αὐτοῦ,
1424 3806 1483 3858 οὐ
1520 3805 1674 3869 τάξει

85 3894 330 3969 τοιαύτῃ
353 3896 460 3950 τινὶ
488 3896 584 3951 καὶ
604 3898 668 3950 ὲκ
698 3894 951 3969 διαδοχῆς
982 3898 1261 3969 προϊόντα,
1291 3897 1409 3951 άλλ⁹
1438 3896 1553 3967 ἅμα
1580 3897 1677 3950 καὶ

87 3991 348 4061 ἀμέσως,
378 3988 546 4059 ἄμφω
593 3988 844 4059 ἀλλήλων
881 4008 935 4042 τι
982 3991 1215 4061 ἐχόμενα
1255 3991 1347 4042 καὶ
1382 3992 1478 4060 τῆς
1520 3987 1676 4060 ῥίζης

88 4081 404 4151 ὑπερφυῶς
429 4081 520 4136 διὰ
552 4081 613 4135 10
635 4080 815 4153 πάντη
844 4082 1010 4136 άῦλον
1037 4083 1132 4136 καὶ
1160 4084 1223 4135 τὸ
1257 4081 1509 4153 ἄπειρον.
1546 4100 1566 4133 ι

168 4176 391 4232 Τούτων
420 4175 591 4240 οὑτως
649 4175 1055 4245 ὑποκειμένων,
1116 4176 1193 4239 ὡς
1246 4175 1349 4244 τῆς
1390 4173 1678 4237 εὐσεϐείας

82 4270 287 4341 ἀρχῶν
314 4271 408 4325 καὶ
439 4268 538 4340 τῆς
574 4268 853 4337 θεολογίας
875 4267 1166 4338 θεμελίων,
1197 4265 1279 4328 οἷς
1307 4269 1335 4320 ὁ
1375 4268 1534 4335 λόγος
1583 4271 1682 4339 τῆς

84 4362 837 4436 ἁληθείαςὲποικοδομεῖται,
871 4359 965 4415 καὶ
988 4361 1048 4415 10
1112 4362 1264 4430 ὑγιὲς
1318 4362 1494 4433 δόγμα
1556 4362 1685 4415 ἅνα-

1770 3264 1953 3319 λουθεῖ
1985 3263 2092 3332 γάρ
2141 3260 2320 3328 Πατρὶ
2352 3258 2504 3325 Υίδς,
2536 3256 2677 3310 ὥστε
2704 3254 2803 3309 καὶ
2838 3252 3063 3321 Πνεῦμα
3094 3250 3235 3320 Υίῷ,
3262 3251 3359 3304 καὶ

1770 3358 1839 3413 δι’
1874 3354 2006 3410 Υίοῦ
2056 3353 2133 3424 τῷ
2161 3352 2363 3423 Πατρὶ,
2395 3348 2512 3406 ἀλλ’
2545 3347 2605 3403 οὐ
2641 3343 3040 3416 λέγομενῆτδν
3061 3336 3359 3395 Υίὸνοείναι

1769 3449 2048 3520 δεύτερον,
2080 3447 2115 3517 ἢ
2138 3447 2201 3513 τὸ
2234 3444 2461 3513 Πνεῦμα
2490 3442 2695 3512 τρίτον,
2728 3432 2810 3501 οἷς
2858 3436 3050 3490 ἕπεται
3098 3432 3189 3486 τὸν
3230 3432 3358 3486 Υίδν

1774 3542 1871 3613 μὲν
1902 3540 2129 3610 ὕστερον
2178 3534 2321 3591 εἶναι
2367 3534 2462 3589 τοῦ
2534 3532 2770 3601 Πατρδς,
2832 3527 3102 3598 πρότερον
3154 3524 3211 3578 δὲ
3262 3524 3359 3577 τοῦ

1771 3633 2093 3702 Πνεύματος
2125 3645 2140 3661 °
2175 3631 2272 3683 καὶ
2301 3627 2402 3682 ὅσα
2430 3626 2566 3680 ἄλλα
2593 3625 2693 3694 τὴν
2721 3622 2830 3676 τῶν
2883 3619 3102 3691 φύσεων
3148 3616 3372 3687 είσάγει,

1773 3726 1894 3781 κατ’
1948 3724 2211 3794 Εὐνόμιον
2251 3718 2535 3790 διαφοράν.

1851 3815 1988 3869 Πολὺ
2017 3813 2075 3867 δὲ
2099 3811 2346 3880 διαφέρει
2369 3809 2451 3875 10,
2482 3808 2710 3877 λέγοντά
2734 3824 2858 3861 τινα
2896 3806 3067 3861 πλείω
3114 3804 3262 3869 τινὰ,
3298 3803 3369 3857 10

1782 3908 1881 3978 μὲν
1911 3906 2089 3975 λέγειν
2119 3903 2398 3973 δεύτερον,
2428 3902 2488 3955 τὸ
2514 3901 2571 3954 δὲ
2601 3900 2819 3971 τρίτον,
2849 3900 2946 3954 καὶ
2973 3899 3034 3952 10
3056 3898 3235 3966 λέγειν
3253 3897 3359 3950 ,ὅτι

1779 4000 1937 4055 τοῦτό
1958 4000 2076 4053 ἐστι
2104 3996 2152 4067 7'
2189 4011 2205 4027 °
2246 3996 2445 4065 ὥσπερ,
2466 3992 2598 4047 οὐδὲ·
2637 3993 2832 4047 ταυτόν
2860 3993 2977 4044 ἐστι
3023 3993 3167 4055 τότε,
3197 3989 3261 4041 ὲν
3281 3984 3363 4051 οἷς

1780 4095 1933 4164 ἠτῆς
1963 4090 2143 4153 αἰτίας
2190 4088 2346 4153 τάξις
2391 4084 2843 4156 ὁμολογουμένως
2895 4082 3035 4147 ἐστὶ,
3089 4080 3150 4133 10
3192 4078 3364 4133 αἴτιον

1782 4186 1876 4240 τοῦ
1918 4184 1979 4252 ὲξ
2005 4180 2175 4238 αὑτοῦ
2231 4182 2600 4249 προεπινοεῖν,
2642 4178 2744 4232 κᾶν
2794 4175 2912 4246 ἅμα
2965 4178 3031 4244 τῇ
3089 4190 3149 4227 τε
3206 4170 3366 4239 φύσει

1784 4274 1917 4335 ὦσιν
1946 4277 2020 4341 ὡς
2049 4276 2179 4346 μίαν
2206 4275 2403 4344 ἔχοντα
2433 4272 2619 4341 φύσιν,
2653 4271 2745 4323 καὶ
2773 4269 2852 4339 τῷ
2880 4268 2955 4335 νῷ
2986 4267 3079 4319 διά
3109 4266 3207 4333 τὴν
3237 4264 3365 4315 ἁνα-

1788 4371 1986 4441 φοράν,
2017 4371 2113 4421 καὶ
2147 4365 2206 4418 τὸ
2243 4366 2300 4417 ὲν
2334 4359 2415 4424 οἷς
2449 4364 2482 4432 ἡ
2517 4362 2615 4432 τῆς
2658 4360 2841 4421 αἰτίας
2874 4356 3026 4422 τάξις
3088 4353 3367 4423 ἅμφισϐη-
3389 4403 3404 4422 _

87 4458 382 4526 φαίνεται,
411 4455 493 4508 ὅτι
531 4455 559 4507 0
592 4454 785 4524 Πατὴρ
832 4452 993 4522 μόνος
1045 4451 1192 4506 αίτία
1245 4454 1338 4505 καὶ
1396 4451 1547 4523 πηγὴ
1593 4454 1686 4504 καὶ
1721 4485 1765 4538 D
1788 4467 1981 4528 τετται,
2017 4462 2246 4529 θάτερον
2272 4456 2501 4526 θατέρου
2540 4454 2806 4525 πρότερον
2855 4450 3182 4520 ἀποφαίνειν
3244 4461 3367 4498 πει-

84 4548 230 4622 ῥίζα
258 4550 352 4603 καὶ
371 4549 536 4622 ἀρχή.
562 4547 748 4618 Τούτῳ
774 4550 882 4616 γὰρ
932 4545 1080 4617 μόνῳ
1111 4544 1589 4616 προσαρμόζονται
1620 4547 1686 4599 τὰ

80 4640 335 4697 τοιαῦτα
393 4643 538 4695 κατὰ
579 4640 671 4692 τὸν
732 4640 797 4690 ὲκ
858 4635 1153 4706 Δαμασκοῦ
1201 4635 1548 4707 θεορῤήμονα
1608 4638 1686 4700 ὡς

86 4735 309 4803 ἰδιότης
334 4731 522 4792 αὐτοῦ.
556 4730 664 4785 Καὶ
692 4730 811 4785 κατ’
840 4730 1028 4785 οὐδένα
1059 4728 1261 4798 τρόπον
1311 4730 1687 4797 μεταπίπτουο

84 4844 189 4880 σιν
214 4825 343 4879 οὐδὲ
368 4824 802 4878 κοινοποιοῦνταί
837 4841 945 4878 τινι
974 4827 1082 4877 τῶν
1147 4824 1207 4891 ὲξ
1259 4824 1423 4877 αὐτοῦ
1443 4840 1458 4856 ο
1514 4825 1687 4876 ταῦτα

84 4918 214 4988 γὰρ
255 4916 419 4985 μόνον
452 4916 672 4970 αἰτιατὰ
706 4913 980 4980 ὲξαύτοῦ,
1019 4914 1113 4967 καὶ
1163 4914 1445 4984 οὐδέτερον
1483 4913 1689 4967 τούτων

86 5009 390 5064 συναίτιον
415 5008 508 5062 τοῦ
537 5008 725 5060 λοιποῦ
758 5006 836 5077 τῷ
867 5007 1079 5075 110191.,-
1111 5007 1205 5060 καὶ
1235 5006 1488 5076 οὐδαμῶς
1534 5006 1689 5059 θάτε-

87 5120 202 5177 ρον
232 5100 492 5172 θατέρου,
520 5101 789 5170 πρότερον
839 5097 961 5150 οὐδὲ
993 5097 1241 5166 ὕστερον,
1283 5096 1398 5166 ἅμα
1431 5096 1693 5167 προϊόντα

85 5195 201 5249 καὶ
229 5192 453 5263 άμέσως
484 5193 673 5260 ἄμφω.
699 5191 971 5263 ἐχομένως
1000 5191 1093 5244 καὶ
1123 5188 1482 5259 συνημμένως
1501 5202 1518 5220 ⁶
1553 5191 1693 5244 ὥστε

85 5288 461 5358 ἑφηρμόσθαι
489 5287 591 5356 μέν
614 5303 728 5347 πως
775 5285 853 5356 τῷ
886 5284 999 5353 Υίῷ
1022 5285 1083 5335 10
1141 5282 1362 5351 Πνεῦμα
1418 5282 1559 5335 κατὰ
1593 5280 1695 5348 τὴν

88 5378 218 5437 τῶν
252 5378 459 5448 όμοίων
493 5376 648 5442 τάξιν
682 5378 863 5447 μόνον,
900 5376 1247 5447 ἐφηρμόσθαι
1283 5376 1337 5427 δὲ
1396 5375 1471 5444 τῷ
1518 5373 1695 5443 Πατρὶ

88 5471 378 5543 κατὰτὴν
411 5472 572 5541 φύσιν
602 5472 696 5524 καὶ
730 5470 829 5538 τὴν
857 5470 1059 5534 αἰτίαν,
1091 5467 1165 5532 ὡς
1201 5468 1547 5543 έφήρμοσται
1599 5467 1698 5519 καὶ

84 5570 123 5622 ὁ
187 5542 429 5633 Υἱὸςτῷ
463 5565 658 5633 Πατρὶ,
682 5560 778 5615 τοῦ
831 5561 1102 5633 Κυρίλλου
1143 5560 1301 5614 τοῦτο
1358 5542 1591 5630 βοῶντος
1642 5560 1697 5611 ἐν

86 5664 217 5725 τοῖς
277 5663 322 5714 Π
334 5661 424 5735 ρὸς
490 5657 659 5729 Ἑρμε
671 5659 776 5712 ίαν.

172 5755 247 5809 Al
284 5754 464 5818 θέσεις
494 5755 696 5807 ἐκεῖναι
748 5755 835 5806 xiv.
901 5754 949 5805 αἱ
1004 5752 1333 5823 προηγήτεις
1381 5750 1487 5803 τῶν
1541 5749 1699 5803 δυνά-

1790 4556 2008 4629 ρᾶσθαι,
2047 4554 2169 4609 -ῖνα
2234 4554 2329 4608 καὶ
2402 4554 2431 4622 ἡ
2490 4551 2588 4620 τῆς
2634 4546 2813 4609 αίτίας
2867 4546 2926 4599 ὲν
2982 4542 3167 4604 αὐτοῖς
3215 4538 3369 4604 τάξις

1789 4647 2110 4717 ἀποδειχθῇ.

1860 4742 1951 4794 Δεῖ
1975 4740 2084 4809 7&9
2106 4739 2202 4792 καὶ
2242 4735 2507 4807 πρότερον
2537 4733 2651 4785 ἐκεῖ
2681 4730 2775 4783 καὶ
2822 4726 2884 4809 10
2917 4726 3142 4794 ὕστερον
3178 4720 3261 4774 ὲν).
3289 4718 3367 4788 τῷ

1791 4834 1899 4887 τῶν
1937 4806 2113 4887 άλλῶν
2145 4806 2365 4898 τρόπων
2419 4821 2797 4894 εὑρίσκεσθαι,
2834 4806 3008 4888 χρόνῳ
3057 4812 3299 4883 δηλονότι
3335 4811 3370 4881 ἢ

1793 4924 1975 4993 φύσει.
2009 4921 2072 4976 Εί
2108 4921 2163 4973 δὲ
2195 4920 2289 4972 καὶ
2340 4916 2438 4985 νῷ,
2485 4914 2657 4975 οὑτως
2723 4910 2791 4965 ἂν
2849 4907 2946 4962 καὶ
2997 4908 3030 4975 ὴ
3092 4905 3231 4958 κατά
3272 4900 3370 4972 τὴν

1795 5016 1976 5069 αἰτίαν
2001 5013 2151 5078 τάξις
2190 5012 2290 5065 οὐκ
2345 5010 2409 5064 ἂν
2458 5006 2776 5077 ὲμφαίνοιτο
2832 5004 2889 5054 ὲν
2935 5000 3140 5060 αὐτοῖς.
3199 4995 3371 5057 A010;

1796 5108 1889 5162 οὖν
1956 5108 2145 5170 είπὼν,
2200 5101 2467 5173 Οὐδαμῶς
2525 5097 2662 5153 άλλο
2717 5094 2878 5149 ἄλλου
2930 5092 3214 5161 πρότερον,
3244 5089 3373 5150 ἴσως

1797 5203 1943 5255 εἴποι
1975 5219 2058 5263 τις
2090 5201 2155 5253 ἂν
2184 5198 2260 5263 τῷ
2309 5196 2507 5266 χρόνῳ,
2570 5189 2733 5252 εὐθὺς
2773 5185 2951 5241 αἰτίαν
3025 5180 3370 5256 προστίθησι,

1798 5294 1863 5349 δι’
1888 5295 1952 5363 ἢν
1985 5296 2011 5345 ὀ
2044 5290 2229 5359 Πατὴρ
2261 5288 2523 5358 πρότερον
2553 5285 2663 5336 τοῖν
2701 5281 2870 5347 δυοῖν,
2901 5278 2929 5330 ὁ
2976 5278 3032 5333 δὲ
3088 5275 3208 5337 Υἱὸς
3275 5272 3368 5324 τοῦ

1802 5384 1957 5450 ἁγίου
2012 5379 2149 5433 Πνεύ
2160 5394 2349 5447 ματος.

1874 5474 1995 5525 Ὀτι
2019 5470 2171 5537 τάξις
2201 5468 2519 5537 ὲστὶ,’φησὶ,
2572 5463 2680 5518 τῶν
2732 5459 3081 5515 ὑποστάσεων
3130 5451 3217 5505 διὰ
3276 5450 3371 5511 τὰς

1804 5566 2085 5638 προόδους,
2121 5564 2205 5616 ὅτι
2257 5562 2318 5614 10
2371 5560 2568 5630 γεννᾷν
2620 5556 2715 5610 τοῦ
2761 5548 3103 5623 προϐάλλειν,
3161 5544 3252 5596 καὶ
3314 5543 3376 5593 τὸ

1804 5635 2096 5729 γεννᾶσθαι
2160 5656 2253 5707 τοῦ
2316 5650 2721 5725 προϐάλλεσθαι
2784 5642 3068 5729 πρότερον,
3106 5636 3226 5729 ,καί
3288 5635 3377 5729 διά

1807 5750 1949 5805 τοῦθ’
1977 5748 2119 5803 οῦτω
2159 5747 2451 5818 τετάχαται
2502 5742 2597 5797 καὶ
2650 5740 2716 5793 τά
2770 5735 2886 5788 θεῖα
2931 5722 3219 5799 πρόσωπα,
3280 5727 3376 5781 καὶ¹
