3904 6222
517 217 658 282 1039

499 429 782 497 παρήγετο
809 432 838 483 6
872 429 1020 495 Υἱὸς,
1061 433 1152 484 καὶ
1185 432 1250 485 τὰ
1299 433 1520 487 τοιαῦτα
1565 435 1846 491 εύσεὸέσιν
1883 439 2071 504 ἀκοαῖς

491 513 561 573 ὀὐ
596 521 829 591 φορητά.
859 523 967 577 Καὶ
995 508 1104 596 γάρ
1131 526 1225 578 καὶ
1319 525 1457 589 θεῖος
1502 529 1559 581 ὲν
1602 527 1875 597 θεολόγοις
1930 532 1967 582 Γ
1976 549 2074 600 ρη-

499 613 682 680 γόριος
706 610 950 680 βιασθεὶς
972 613 1372 684 ἀποκρίνασθαι
1409 616 1546 684 πρὸς
1593 617 1688 680 τὰς
1719 617 1826 670 τῶν
1865 619 2071 686 αἱρετι-

496 699 612 752 κῶν
636 702 934 773 ἐρωτήσεις
967 705 1040 769 ὡς
1075 707 1131 759 ὲν
1169 707 1247 778 τῷ
1293 714 1341 760 α’
1371 707 1591 774 διέξεισι
1618 709 1726 763 τῶν
1757 711 1882 778 περί
1915 709 2068 775 Υίοῦ,

496 793 634 846 Πότε
666 795 957 865 γεγένηται
990 799 1018 851 6
1039 799 1184 866 Υίδς,
1215 801 1306 854 καὶ
1325 802 1457 854 πότε
1489 801 1547 855 τὸ
1569 801 1795 870 Πνεῦμα
1826 801 2070 856 ἐκπεπὸ-

499 901 712 953 ρευται,
737 889 1181 960 πυνθανομένων,
1223 895 1363 963 ὑπὲρ
1400 895 1460 948 16
1485 896 1640 960 πότε,
1682 895 2018 965 ἀπεκρίνατο
2052 912 2067 928 ’

496 977 562 1030 Εί
591 978 645 1031 δὲ
678 979 764 1034 δεῖ
790 999 842 1034 τι
873 984 966 1035 καὶ
992 986 1258 1048 νεανικῶς
1289 989 1486 1053 εἰπεῖν,
1543 986 1671 1058 ἔφη,
1704 987 1793 1040 ὅτε
1823 991 1851 1041 6
1881 988 2070 1060 Πατὴρ

495 1070 558 1122 06
586 1073 904 1143 γεγένηται,
934 1076 1026 1131 καὶ
1052 1079 1140 1131 ὅτε
1171 1082 1198 1131 6
1249 1079 1438 1149 Πατήρ
1479 1080 1580 1133 ούκ
1635 1081 2064 1152 ὲκπεπόρευται,

495 1164 634 1217 ἀλλὰ
663 1169 953 1238 γεγένηται
984 1169 1124 1240 ὑπὲρ
1160 1173 1350 1241 χρόνον
1379 1173 1474 1226 καὶ
1524 1173 1664 1244 ὑπὲρ
1725 1173 1903 1242 λόγον.
1953 1173 2068 1230 Εἴθ’

496 1249 692 1330 ὥσπερ
720 1259 992 1329 τὸνλόγον
1039 1263 1535 1332 άποδιορθούμενος
1583 1267 1835 1336 ὁμολογεί
1885 1269 2069 1339 βεὸιᾶ-

496 1350 642 1405 σθαι.
669 1352 740 1403 Τὸ
787 1353 895 1422 γὰρ
944 1354 1032 1407 ὅτε
1089 1356 1224 1426 φησί
1270 1361 1360 1410 καί
1413 1359 1517 1429 πρὸ
1582 1361 1731 1414 τοῦδε
1783 1363 1876 1416 καὶ
1929 1365 2070 1433 μετὰ

494 1439 680 1496 ταῦτα
710 1441 803 1493 καὶ
840 1443 1094 1515 ἀπαρχῆς
1151 1447 1250 1499 οὐκ
1285 1447 1491 1519 ἇχρονα
1546 1451 1652 1506 κᾶν
1692 1452 1773 1505 ὅτι
1832 1453 2069 1523 μάλιστα

494 1528 829 1597 βιαζὼμεθα.

562 1623 626 1677 El
653 1618 746 1679 οὖν
780 1626 988 1692 ἐκεῖνος
1013 1631 1045 1684 6
1071 1631 1313 1698 τοιοῦτος
1363 1637 1457 1689 καὶ
1516 1624 1834 1707 τηλικοῦτος
1887 1639 2069 1695 θεολό-

490 1729 585 1781 γος
747 1717 837 1772 ὅτε
894 1724 1240 1792 χρησάμενος
1296 1727 1609 1784 καὶταῦτα
1657 1731 1778 1801 μεθ’
1839 1732 2063 1803 ἑτέρων,
2098 1723 2141 1780 Β

491 1805 615 1894 μεθ’
638 1801 713 1861 ὧν
743 1810 1001 1866 ἐπιπλέον
1031 1815 1313 1887 ἀναίρεσιν
1353 1818 1504 1890 δηλοῖ
1528 1822 1561 1894 ἢ
1590 1822 1760 1890 θέσιν,
1788 1824 1898 1878 οὐδ’
1921 1801 2064 1880 οὕτω

491 1893 686 1966 θαρρεῖ
738 1901 929 1972 πόρρω
990 1907 1282 1978 τυγχάνειν
1316 1911 1498 1975 αἰτίας
1548 1893 1606 1967 έν
1649 1917 1716 1987 τῇ
1778 1915 1870 1970 τοῦ
1922 1917 2064 1986 ὑπὲρ

489 1989 684 2058 χρόνον
741 1997 1086 2065 παραστάσει
1131 2002 1390 2073 χρονικήν
1434 2004 1670 2075 ἔμφασιν
1728 2008 2064 2078 εἰσαγαγὼν,

486 2085 518 2136 6
540 2083 730 2154 παρὼν
754 2085 914 2150 οὗτος
950 2089 1224 2161 θεολόγος,
1261 2094 1368 2149 τίνι
1401 2098 1644 2168 θαρρῶν,
1670 2100 1770 2170 τῷ,
1803 2103 1932 2156 Ὅτε
1963 2121 2066 2158 πα-

490 2183 691 2246 ρήγετο
719 2179 747 2231 6
780 2179 928 2246 Υἱὸς,
964 2183 1061 2236 καὶ
1110 2185 1212 2256 τῷ,
1242 2186 1372 2241 Ὅτε
1420 2191 1449 2242 6
1478 2190 1667 2261 Πατὴρ
1724 2194 1965 2263 παράγει
2006 2194 2066 2248 τδ

486 2269 736 2341 Πνεῦμα,
774 2275 870 2327 καὶ
901 2276 981 2346 τῷ
1031 2279 1321 2349 πρότερον,
1365 2281 1424 2336 Ὀ
1469 2284 1660 2353 Πατὴρ
1694 2288 1932 2356 παράγει
1972 2288 2067 2342 τὸν

486 2362 617 2416 Υίδν
661 2365 758 2420 τοῦ
813 2368 1156 2438 Πνεύματος,
1185 2374 1484 2444 ἐχρήσατο,
1533 2375 1570 2430 δ.
1613 2377 1927 2447 σαφέστατα
1968 2381 2066 2442 τὰς

485 2455 692 2521 ἀϊδίους
715 2459 810 2512 καί.
843 2460 1212 2534 ὑπερχρόνους
1247 2467 1468 2529 ὲκείνας
1511 2467 1770 2536 προόδους
1799 2472 1858 2523 ὲν
1887 2471 2066 2543 χρόνῳ

485 2546 734 2615 γίνεσθαι
764 2553 1232 2621 παριστάνουσιν;
1271 2556 1343 2609 Ἣ
1385 2559 1467 2620 τίς
1497 2559 1662 2613 αὐτὸν
1712 2559 2064 2632 ἐξαιρήσεται

483 2637 645 2708 λόγος
668 2639 764 2694 τοῦ
788 2642 966 2701 δεινοῦ
991 2645 1185 2701 τούτου
1235 2648 1609 2721 ἀσεϐήματος,
1654 2655 1910 2723 χρονικὰς
1965 2655 2066 2717 τὰς

489 2730 640 2796 θείας
670 2735 957 2806 προόδους,
1002 2738 1103 2810 τὴν
1135 2741 1396 2813 γέννησιν
1434 2743 1644 2819 ’δηλαδὴ
1695 2747 1790 2801 καὶ
1828 2748 1929 2818 τήν
1968 2748 2062 2802 ὲκ-

482 2824 763 2896 πόρευσιν,
795 2822 880 2893 οἷς
902 2828 1050 2901 λέγει
1077 2831 1394 2904 τιθέμενοςς

975 2971 1550 3031 ΔΡΓΥΡΟΠΟΥΛΟΣ.

553 3081 763 3188 οξκοῦν
787 3087 910 3188 ικαὶ·
951 3087 1004 3188 δ.
1026 3086 1157 3153 Υἱὸς
1195 3090 1284 3162 ὅθ’
1313 3092 1342 3144 6
1385 3092 1577 3163 Πατὴρ
1636 3093 1713 3157 ὡς
1761 3095 2057 3165 προσολεῦς
2084 3097 2128 3156 c
2164 3081 2590 3188 συνεπτύγμένα
2621 3081 2822 3187 καλείν,

482 3175 726 3248 παράγει
751 3177 832 3232 16‘.
863 3179 1090 3250 Πνεῦμα
1144 3182 1206 3237 16
1262 3183 1440 3252 ἅγιον,
1493 3187 1592 3256 τήν
1655 3188 1827 3258 αὐτὴν
1873 3191 2056 3260 σχέσιν

483 3268 637 3337 παρὰ
665 3270 879 3341 Πατρὸς
901 3273 990 3326 διὰ
1027 3275 1336 3345 γεννήσεως
1352 3276 1585 3349 δύναμιν
1631 3280 1731 3350 τήν
1766 3282 2060 3352 προσλητι-

483 3361 588 3422 κήν
609 3363 811 3436 δηλαδὴ
859 3367 1385 3438 συνεπινοηθήσεται
1428 3371 1506 3442 τῷ
1559 3373 1736 3444 Πατρὶ
1768 3375 1904 3445 πρὸς
1958 3375 2059 3446 τὴν

481 3453 579 3508 τοῦ
602 3453 923 3524 Πνεύματος
958 3457 1190 3528 πρόοδον
1222 3459 1351 3530 μίαν
1387 3457 1556 3517 οὖσαν
1598 3465 1663 3518 ἐκ
1729 3467 1940 3536 Πατρδς
1990 3461 2059 3520 δι’

483 3545 615 3599 Υἰοῦ
646 3545 848 3620 δηλαδή
877 3549 979 3620 μιᾷ
1001 3548 1230 3620 δυνάμει
1253 3568 1313 3606 τε
1360 3556 1455 3610 καὶ
1488 3555 1630 3630 ἀρχῇ
1683 3558 1749 3629 τῇ
1779 3559 1850 3612 ἐν..
1885 3558 2058 3630 Πατρὶ

483 3635 596 3691 και
614 3633 753 3710 Υἰῷ.

1045 3758 1498 3824 ΑΓΔΛΛῩᾹΝΟΣ.

555 3890 664 3944 Καὶ
713 3891 804 3958 τίς
845 3892 1061 3964 ἀνάγκη
1108 3894 1270 3950 τοῦτο
1314 3898 1459 3951 ποιεῖ
1480 3913 1497 3965 ;
1539 3895 1677 3952 Οὔτε
1714 3897 1823 3968 γὰρ
1869 3899 2057 3970 χρόνος

482 3984 602 4038 ἐκεῖ
631 3987 930 4056 μεσιτεύει,
962 3987 1088 4042 οὔτε
1118 3989 1186 4058 ἥν
1213 4006 1349 4060 φησι
1405 3989 1780 4062 προϐλητικὴν
1825 3991 2059 4062 δύναμιν

483 4080 914 4132 κοιωποιετσθαι
945 4079 1021 4149 τῷ
1051 4079 1166 4148 Υίῷ
1207 4080 1432 4135 δυνατόν
1481 4082 1598 4134 ἐστι
1644 4083 1742 4152 τῆς
1797 4083 2059 4153 ἰδιότητος

481 4164 650 4221 οὖσαν
675 4168 769 4222 τοῦ
799 4170 1034 4242 Πατρὶς,
1067 4171 1170 4241 ήδη
1195 4172 1284 4226 διὰ
1308 4173 1417 4226 τῶν
1445 4174 1620 4241 ἁγίων
1663 4176 2053 4234 ἀποδέδεικται.

484 4255 650 4311 Ὅθεν
681 4260 773 4312 καὶ
804 4261 866 4313 16
889 4261 955 4314 δι’
993 4262 1125 4315 Υίοῦ
1183 4263 1561 4318 διαπέπτωκεν
1613 4267 1780 4337 αὐτῷ.
1813 4269 1886 4322 O6
1949 4271 2058 4340 γὰρ

483 4351 707 4406 δύναται
734 4352 926 4422 δηλοῦν
957 4355 1057 4425 τὴν
1088 4355 1149 4408 ἑν
1183 4357 1361 4426 Πατρί
1393 4357 1484 4410 καὶ
1516 4358 1630 4430 Υίῷ
1676 4360 1808 4430 μίαν
1861 4362 2055 4434 ἀρχὴν,

481 4445 663 4499 αἰτίαν
688 4447 786 4516 τῆς
808 4449 1037 4516 προόδου
1068 4448 1159 4506 τοῦ
1192 4450 1529 4520 Πνεύματος.

559 4539 678 4601 Πῶς
701 4540 810 4610 γὰρ
845 4541 1034 4612 ἐπειδὴ.
1059 4541 1181 4594 οὔτε
1233 4536 1512 4610 ’συναίτιος
1535 4548 1563 4599 6
1589 4545 1716 4610 Υἰὸς
1742 4546 2058 4616 εὑρίσκεται

479 4633 577 4685 καὶ
610 4632 1040 4702 συμπροὸολεὺς,
1089 4635 1121 4706 ή
1156 4635 1454 4705 προσολεύς
1488 4654 1547 4690 τε
1577 4639 1670 4692 καί
1724 4639 1914 4705 αἴτιος,
1940 4640 2059 4694 061’

483 4722 696 4792 ἀνάγκη
729 4740 814 4787 τις
867 4726 1118 4797 ἁνωτέρα
1165 4728 1495 4800 συναλοιφῆς
1537 4730 1570 4801 ἢ
1623 4730 1904 4802 δυαρχίας,
1966 4733 2061 4786 καὶ

484 4814 595 4867 τῶν
618 4817 793 4872 ἄλλων
821 4819 1010 4876 δεινῶν
1039 4820 1148 4875 τῶν
1181 4821 1630 4891 συνεζευγμένων
1690 4823 1767 4892 τῷ
1802 4825 2056 4894 δόγματι,

483 4903 624 4956 ὥστε
644 4907 773 4960 ἄλλο
803 4928 854 4964 τι
882 4912 1132 4982 βούλεται
1162 4915 1223 4968 16
1249 4915 1318 4969 δι’
1346 4914 1574 4973 Υίοῦού,
1595 4915 1692 4986 τὴν
1741 4917 1918 4972 αἰτίαν
1969 4917 2060 4986 δη-

483 4995 610 5051 λοῦν
638 5013 655 5065 ;
688 5001 752 5053 Τί
776 5002 854 5059 ἑτι
879 5021 894 5072 ;
1117 5007 1120 5011 ’
1643 5011 1646 5015 ’

987 5122 1554 5181 ΔΡΓΥΡΟΠΟΥΛΟΣ.

565 5231 673 5301 Μιᾷ
696 5231 894 5304 δηλαδὴ
927 5235 1155 5305 δυνάμει
1182 5256 1241 5289 τε
1273 5243 1366 5292 καὶ
1395 5245 1534 5312 ἀρχῇ
1561 5245 1627 5315 τῇ
1656 5244 1712 5296 ὲν
1764 5246 1938 5314 Πατρὶ
1964 5248 2090 5299 καὶη

488 5321 703 5391 Υἰῷ,ἐν
731 5321 829 5388 μὲν
881 5325 1076 5394 ἐκείνῳ
1121 5332 1371 5398 πηγαίως
1422 5333 1577 5406 οὔσῃ,
1638 5336 1730 5387 καὶ
1778 5338 2069 5408 ἁνὰρχως,

486 5415 578 5464 καὶ
641 5411 716 5480 μὴ
771 5415 900 5484 παρ’
947 5413 1132 5484 ἄλλου,
1182 5421 1244 5473 ἐν,
1285 5423 1340 5474 δὲ
1390 5423 1468 5494 τῷ
1509 5425 1624 5496 Υἱῷ
1665 5427 1914 5501 διδομένη
1969 5430 2057 5483 διὰ

471 5505 795 5572 ,γεννήσεως
845 5510 910 5560 ὲκ
942 5508 1174 5578 Πατρδς,
1206 5515 1281 5578 ὡς
1309 5515 1370 5581 ἐξ
1425 5517 1601 5587 ἀρχῆς
1665 5520 1906 5591 ἀνάρχου
1960 5523 2055 5575 καὶ

465 5596 672 5670 ξπηγῆς
723 5597 814 5650 καὶ
869 5600 1071 5668 αἰτίας.
1103 5605 1163 5671 ἐξ
1282 5609 1518 5678 ἑκάτερα
1565 5611 1808 5680 πρόεισιν
1845 5614 1968 5678 Υἱός
1996 5632 2054 5668 τε

456 5737 462 5756 ,
486 5688 576 5740 καὶ
614 5682 846 5755 Πνεῦμα
901 5689 1077 5756 ἅγιον.

1705 231 2106 294 THEODORI
2149 237 2298 300 AGA
2312 239 2577 304 LLIANI

501 335 555 387 τί
580 337 780 403 γίνοιτ’
814 340 881 394 ἄν
917 339 1098 408 χεῖρον
1124 355 1139 405 ;
1197 332 1241 406 ᾧ
1287 339 1352 412 δὴ
1398 342 1666 412 σύμφωνα
1727 345 1822 401 καὶ
1880 353 1942 400 16
1989 349 2077 401 ὅτε
2105 357 2152 414 Α

3621 250 3743 316 1040

2750 361 3201 421 ΔΓΛΛΛΙΑΝΟΣ.
3270 389 3275 393 '

2251 470 2440 525 Πάντα
2475 473 2574 542 μὲν
2603 470 2698 529 οὖν
2723 476 2794 528 τά
2823 479 2978 531 κοινὰ
3010 480 3186 549 Πατρὶ
3207 480 3305 534 καὶ
3326 479 3442 548 Υίῷ
3475 480 3634 534 κοινᾶ
3659 484 3741 535 καὶ

2179 561 2258 630 τῷ
2283 563 2587 632 Πνεύματι.
2614 567 2726 622 Καὶ
2753 571 2930 623 κοινὸν
2984 571 3160 641 Πατρὶ
3188 574 3281 624 καὶ
3313 571 3429 641 Υἰῷ
3483 573 3578 624 καὶ
3618 573 3742 641 ἁγίῳ

2179 655 2458 724 Πνεύματι
2489 657 2548 710 16
2575 659 2649 728 μὴ
2676 661 2958 728 γεγονέναι
2988 664 3084 716 καὶ
3108 665 3140 730 ή
3172 665 3386 734 θεότης,
3428 663 3548 731 Υἱῷ
3575 663 3632 716 δὲ
3659 666 3740 716 καὶ

2178 745 2322 815 ἁγίῳ
2357 746 2634 816 Πνεύματι
2666 749 2724 802 τὸ
2769 752 2832 803 ὲκ
2875 751 2970 804 τοῦ
3004 753 3216 821 Πατρός
3255 749 3398 806 εἶναι
3431 769 3448 783 '
3490 748 3558 820 ἦν
3598 753 3642 804 δ’
3684 754 3742 806 ἄν

2175 839 2356 893 κοινὸν
2389 841 2468 908 τῷ
2498 841 2612 912 Υἱῷ
2642 842 2703 896 16
2744 843 3092 912 προϐάλλειν,
3119 848 3168 899 εἰ
3209 841 3280 915 ἦν
3303 845 3402 899 καὶ
3454 845 3533 914 τῷ
3588 847 3742 898 Πνευ-

2179 946 2332 997 ματι.
2364 931 2478 984 Ούκ
2501 931 2714 997 ἔστιδὲ,
2751 933 2866 988 ἀλλ’
2900 934 3032 989 ίδιον
3055 935 3132 1006 τῷ
3189 935 3364 1007 Πατρί
3392 951 3406 965 ’
3431 935 3502 988 τά
3529 934 3588 987 δὲ
3645 936 3741 988 ῐδια

2174 1014 2535 1092 ἀκοινώνητα.
2579 1024 2742 1078 Ὥστε
2788 1026 2939 1080 οὐδὲν
2989 1025 3139 1096 αύτῷ
3194 1026 3471 1080 λυσιτελεῖ
3521 1026 3550 1078 6
3586 1023 3738 1093 διορι-

2174 1111 2309 1178 σμὸς
2339 1112 2492 1175 0610;
2527 1114 2638 1168 τῶν
2668 1116 2883 1182 κοινῶν,
2954 1116 3093 1186 πλὴν
3141 1118 3357 1190 κόμπου
3415 1115 3580 1185 μόνον
3618 1114 3740 1185 προς

2171 1202 2450 1275 ὲξαπάτην
2479 1204 2587 1259 τῶν
2609 1207 3014 1278 ἁπλουστέρων.
3087 1199 3098 1209 ’

2666 1321 3231 1382 ΑΡΓΥΡΟΠΟΥΛΟΣ.

2244 1430 2411 1485 Ὥστε
2443 1433 2504 1486 16
2527 1432 2754 1504 Πνεῦμα
2795 1436 2858 1489 16
2879 1438 3034 1506 ἅγιον
3059 1439 3286 1505 εἰκότως
3321 1443 3386 1495 ἐκ
3415 1423 3631 1512 Πατρὸς
3654 1442 3740 1494 εκ-

2171 1523 2502 1593 πορεύεσθαι
2532 1526 2748 1596 λέγεται
2787 1528 2858 1582 δι’
2889 1529 3018 1584 Υἰοῦ
3056 1532 3197 1588 κατὰ
3228 1534 3326 1606 τὴν
3379 1535 3737 1608 ξυνεπτυγμέ-

2171 1633 2269 1688 νην
2296 1615 2592 1688 θεολογίαν.

2725 1737 3184 1794 ΑΓΑΛΛῘΔΝΟΣ.

2240 1849 2351 1904 Kal
2397 1849 2516 1914 πῶς
2565 1837 3004 1924 συνεπτυγμένη
3042 1853 3295 1923 θεολογία
3347 1857 3429 1927 τῷ
3478 1857 3548 1911 δι’
3571 1859 3732 1925 Υἰοῦς

2168 1939 2508 2012 Ἀνεπτύχθη
2539 1943 2651 2013 γὰρ
2678 1945 2782 1997 ύπδ
2803 1945 3068 2014 Λατίνων,
3098 1947 3176 2017 τῷ
3207 1947 3267 2012 ἐξ
3314 1948 3473 2016 Υἰοῦ,
3509 1949 3663 2020 εἴπερ
3694 1953 3736 2004 οί

2167 2034 2387 2087 Λατῖνοι
2409 2035 2757 2106 ιύθυνόμενοι
2784 2039 2844 2091 ἐν
2873 2037 2950 2108 τῷ
2983 2041 3076 2093 καὶ
3122 2039 3183 2106 ἐξ
3211 2040 3367 2107 Υἰοῦ,
3420 2043 3521 2095 ἐπὶ
3567 2043 3628 2096 τδ
3678 2045 3735 2099 δι’

2168 2124 2302 2178 Υίοῦ
2328 2127 2758 2198 καταφεύγουσι,
2789 2132 2882 2183 καὶ
2923 2129 3078 2184 τοῦτο
3124 2132 3427 2203 ἀπολογίαν
3475 2136 3738 2192 ποιοῦνται

2168 2216 2264 2270 τοῦ
2306 2217 2596 2289 δόγματος.

2665 2335 3237 2396 ΑΡΓΥΡΟΠΟΥΛΟΣ.

2237 2447 2409 2502 Ποίαν
2435 2448 2534 2518 μέν
2586 2467 2709 2505 τινα
2765 2455 2863 2508 καὶ
2920 2457 3128 2527 ταύτην
3175 2458 3270 2510 καὶ
3326 2456 3449 2521 πῶς
3499 2457 3738 2528 ἔχουσαν,

2164 2539 2225 2592 ού
2258 2541 2416 2611 χρεία
2449 2543 2629 2611 λέγειν
2649 2546 2711 2617 ἐν
2757 2547 2834 2615 τῷ
2865 2549 3120 2618 παρόντι,
3151 2553 3247 2603 καὶ
3291 2551 3444 2614 ὅπως
3509 2551 3742 2620 παρεξη-

2165 2629 2386 2700 γοῦνται
2415 2633 2476 2687 16
2505 2635 2573 2688 δι’
2607 2637 2759 2696 Υἱοῦ.
2803 2639 2943 2693 Ἀλλ’
2998 2642 3162 2712 ἀρκεῖ
3203 2642 3469 2696 τοσοῦτον
3515 2643 3738 2697 ἐνταῦθα

2165 2723 2364 2794 λέγειν,
2387 2727 2468 2782 ὅτι
2487 2727 2560 2790 ὡς
2587 2730 3016 2804 ὲπισαφέστερον
3038 2735 3098 2788 16
3138 2735 3206 2788 δι’
3233 2735 3365 2788 Υξοῦ
3407 2738 3512 2790 καὶ
3547 2753 3738 2806 γνωρι-

2175 2815 2418 2888 μώτερον
2479 2823 2910 2891 καταφεύγουσι,
2943 2825 3035 2878 καὶ
3074 2827 3274 2895 μᾶλλον
3307 2828 3736 2898 ἀνεπτυγμένον.

2723 2915 3186 2974 ΔΓΑΛΛΙΑΝΟΣ.

2243 3026 2312 3078 Ἦ
2343 3025 2522 3092 ἔξεστί
2552 3045 2634 3082 σοι
2657 3029 2834 3096 λέγειν
2861 3033 2896 3085 6.
2927 3031 3125 3101 βούλει,
3154 3035 3334 3090 καὶτὰ
3355 3039 3736 3109 ἀνεπτυγμένσ

3111 3126 3404 3198 βουληθῇς,
3428 3133 3532 3184 καὶ
3590 3133 3736 3185 τούν-

2159 3213 2343 3264 αντίον
2400 3209 2492 3266 αὖ.
2540 3212 2685 3266 Ἀλλ’
2745 3216 2908 3282 ἀρκεῖ
2957 3217 3089 3286 ήμτν
3143 3219 3173 3271 6
3223 3218 3501 3290 Κύριλλος
3552 3221 3734 3290 δεῖξαι,

2159 3303 2261 3357 ποῦ
2287 3302 2347 3356 16
2377 3294 2816 3376 συνεπτυγμένον
2848 3306 3047 3375 μᾶλλόν
3080 3308 3250 3374 ἐστιν,
3307 3310 3440 3366 ἔνθα
3476 3313 3635 3382 λέγει
3681 3315 3735 3368 16

2157 3395 2429 3458 οῠσιωδῶς
2455 3395 2516 3461 ἐξ
2539 3398 2766 3466 ἀμφοῖν,
2797 3397 2829 3469 ἢ
2863 3400 2930 3452 ἐκ
2972 3401 3186 3472 Πατρδς
3228 3401 3297 3456 δι’
3325 3402 3460 3457 Υἱοῦ
3515 3407 3734 3477 προχεό-

2162 3503 2323 3557 μενον
2379 3489 2624 3559 Πνεῦμα.
2654 3489 2725 3543 Ἢ
2772 3493 2801 3545 6
2843 3493 3112 3563 Κύριλλος
3158 3495 3430 3566 ἠγνόησεν
3479 3499 3606 3551 ἀντὶ
3646 3497 3732 3551 τοῦ

2157 3578 2548 3649 ἀναπτύσσειν,
2574 3583 2775 3652 μᾶλλον
2802 3585 3192 3654 συμπτύσσων,
3215 3586 3248 3658 ή
3278 3587 3456 3651 ἄλλως
3490 3589 3578 3643 δεῖ
3594 3589 3734 3660 ἔχειν

2157 3671 2219 3724 16
2238 3669 2308 3725 δι’
2332 3671 2462 3726 Υἰοῦ
2484 3674 2622 3744 πρὸς
2645 3674 2706 3728 16
2729 3676 2790 3742 ἑξ
2832 3676 3058 3746 ἀμφοῖν,
3102 3677 3136 3751 ἢ
3162 3678 3224 3732 16
3259 3680 3356 3734 καὶ
3409 3678 3476 3746 ιε
3528 3681 3658 3736 Υἰοῦ
3678 3682 3740 3737 Et

2158 3762 2238 3834 τῷ
2274 3763 2417 3834 λόγῳ
2447 3766 2575 3838 περὶ
2623 3770 2721 3835 τῆς
2761 3768 2933 3823 άῖδίου
2977 3771 3206 3841 προόδου
3261 3772 3358 3825 τοῦ
3418 3773 3730 3844 Πνιύματος

2159 3857 2289 3910 καθ⁴
2309 3858 2472 3926 ὑμᾶς,
2493 3862 2586 3913 καὶ
2614 3859 2788 3926 άλλως
2817 3863 2874 3917 ἐν
2900 3881 2960 3917 τε
3017 3864 3148 3935 περὶ
3196 3867 3298 3935 τῆς
3353 3866 3454 3922 τοῦ
3486 3870 3732 3940 Πνεῦμα-

2160 3965 2250 4012 τος
2281 3950 2554 4018 μεθέξεως
2578 3953 2642 4006 ὲκ
2668 3953 2879 4026 Πατρις
2906 3955 2977 4008 δι’
3007 3957 3139 4010 Υἰοῦ
3165 3959 3484 4031 γινομένης,
3513 3965 3645 4034 περὶ
3669 3958 3731 4032 ἧς

2158 4041 2254 4096 καὶ
2287 4043 2406 4096 ἐκεῖ
2457 4043 2724 4115 Κύρι).λος
2781 4049 3259 4118 πραγματεύεται,
3321 4052 3452 4122 τόγε
3511 4055 3598 4117 εἰς
3647 4055 3731 4108 τὸν

2157 4135 2253 4187 τοῦ
2286 4139 2618 4209 σαφεστέρου
2648 4139 2741 4192 καὶ
2783 4140 3157 4214 άσαφεστέρου
3179 4135 3358 4213 λόγον.
3400 4145 3569 4200 Ἀλλά
3583 4146 3733 4201 τοῦτο

2162 4227 2262 4296 μὲν
2315 4231 2392 4291 εἰς
2441 4231 2715 4285 τοσοῦτον.

2236 4320 2359 4383 Πῶς
2387 4321 2442 4373 δὲ
2472 4324 2565 4375 καὶ
2593 4325 2651 4374 06
2683 4323 2903 4390 λέγεταί
2932 4343 3061 4379 ποτε
3088 4328 3155 4381 δι’
3179 4327 3311 4383 Υίοῦ
3341 4329 3730 4401 ἐκπορεύεσθαι

2089 4434 2136 4491 ι)
2165 4411 2372 4472 ἁπλῶς,
2405 4411 2594 4483 ῶσπερ
2622 4417 2717 4466 καὶ
2763 4413 2834 4468 δι’
2881 4415 3011 4468 Υἰοῦ
3066 4419 3434 4488 γεγεννῆσθαι
3475 4422 3550 4474 τά
3579 4431 3582 4435 ’
3614 4423 3730 4475 ὄντα

2161 4491 2380 4570 λέγεταὶ
2408 4520 2423 4570 ;
2454 4505 2524 4557 Ἦ
2558 4504 2718 4574 δῆλον
2752 4507 2832 4560 ὅτι
2856 4509 2974 4561 ἐκεῖ
3027 4510 3126 4579 μὲν
3164 4509 3390 4574 εὐσεϐές
3414 4515 3535 4569 ἐστι
3564 4514 3730 4583 λέγειν

2164 4595 2297 4663 μίαν
2331 4591 2476 4650 εἶναι
2514 4597 2741 4668 δύναμιν
2775 4600 3169 4674 δημιουργικὴν
3201 4607 3258 4658 ἐν
3288 4607 3470 4677 Πατρὶ
3505 4610 3604 4662 καὶ
3629 4608 3729 4675 Th?)

2163 4688 2256 4740 καὶ
2297 4687 2479 4759 χώραν
2511 4690 2625 4761 ἔχει
2647 4693 2676 4744 6
2701 4693 2981 4762 διορισμὸς
3015 4697 3238 4763 ἐκεῖνος,
3293 4699 3388 4752 καὶ
3417 4703 3728 4754 κοινοποιεῐο

2162 4796 2254 4833 ται
2291 4780 2391 4849 μὲν
2429 4781 2714 4852 ήδύναμις
2744 4784 2821 4855 τῷ
2853 4785 2988 4856 Υίῷ,
3022 4790 3576 4845 κοινοποιεῖταιδὲδι⁹
3612 4791 3729 4845 αύτδ

2163 4871 2260 4924 καὶ
2289 4873 2365 4943 τῷ
2399 4873 2700 4944 Πνεύματι,
2731 4877 2823 4930 καὶ
2855 4877 2946 4931 διὰ
2977 4878 3134 4933 τοῦτο
3159 4882 3224 4934 ὲκ
3241 4882 3458 4952 [la-196;
3477 4883 3728 4953 δημιουρ-

2162 4965 2404 5036 γηθῆναι
2433 4966 2653 5036 λέγεται
2675 4969 2711 5038 ή
2738 4968 2917 5032 κτίσις
2953 4971 3047 5024 καὶ
3075 4971 3134 5039 ἐξ
3159 4972 3314 5038 Υἰοῦ,
3363 4974 3462 5028 καὶ
3507 4976 3578 5030 ἐκ
3633 4977 3726 5029 Πα-

2163 5058 2290 5129 τρδς
2310 5059 2380 5112 δι’
2406 5058 2539 5111 Υίοῦ
2575 5059 2633 5111 ὲν
2673 5059 2973 5130 Πνεύματι,
3000 5065 3094 5117 καὶ
3135 5063 3366 5119 ἱκαστον
3411 5066 3524 5118 τῶν
3573 5067 3724 5136 τριῶν

2164 5150 2473 5219 προσώπων
2495 5153 2827 5223 δημιουργὸς
2850 5156 2943 5206 καὶ
2973 5154 3091 5224 ἅμα
3140 5149 3224 5219 εἷς
3253 5157 3434 5210 πάντα
3481 5157 3726 5229 δημιουρο

2162 5243 2280 5310 γδς,
2309 5245 2409 5313 καὶ.
2431 5243 2552 5296 οὐδὲ
2575 5246 2638 5296 ὲκ
2671 5246 2834 5313 μόνου
2862 5245 2956 5298 τοῦ
2992 5247 3208 5318 Πατρὸς
3236 5248 3350 5318 ἔχει
3412 5248 3605 5319 χώραν
3652 5249 3726 5302 λέ·

2163 5354 2283 5401 γειν
2305 5331 2444 5390 εἶναι
2473 5337 2571 5408 τὴν
2605 5338 2804 5405 κτίσιν,
2852 5338 2940 5392 διά
2966 5339 3028 5392 16
3055 5339 3155 5409 τὴν
3209 5340 3444 5410 δύναμιν
3507 5341 3606 5394 τοῦ
3638 5342 3722 5409 δή·

2167 5431 2472 5497 μιουργεῖν,
2503 5430 2601 5504 οὐχ
2704 5431 2878 5501 Πατρὶ
2912 5433 3210 5504 προσήκειν
3237 5433 3315 5502 τῷ
3373 5434 3573 5503 Πατρὶ,
3626 5433 3725 5487 ἀλλ’

2161 5513 2195 5591 ᾖ
2235 5519 2376 5589 Θεῷ,
2411 5516 2491 5584 εἷς
2513 5523 2570 5574 δὲ
2595 5522 2724 5584 Θεὸς
2756 5524 2789 5593 ή
2838 5524 2880 5574 Τ
2887 5525 3010 5594 ριὰς
3039 5539 3056 5557 ⁸
3092 5523 3329 5578 ἐνταῦθα
3371 5525 3430 5577 δὲ
3469 5526 3568 5596 οὐχ
3627 5519 3723 5577 οἷόν

2159 5631 2221 5666 τε
2248 5614 2502 5680 λέγεσθαι
2529 5614 2659 5678 μίαν
2688 5615 2919 5685 δύναμιν
2949 5615 3326 5686 προόλητικὴν
3353 5617 3411 5669 ἐν
3443 5617 3620 5686 Πατρὶ
3640 5618 3720 5669 ιεὶ

2164 5707 2280 5771 Υἰῷ
2311 5707 2384 5778 μὴ
2411 5708 2596 5778 κοινὴν
2629 5704 2796 5766 οὖσαν
2831 5710 2923 5765 καὶ
2957 5710 3032 5778 τῷ
3064 5709 3344 5777 Πνεύματι
3371 5712 3504 5784 ’,εἴη
3541 5712 3641 5781 γάρ
3663 5709 3720 5764 ἂν
