3904 6222
246 281 379 350 1041

1364 280 1791 343 REFUTATIO
1829 280 2333 342 ARGYROPULI.

3326 275 3460 341 1042

239 401 372 457 αὐτό
410 399 601 470 ἐτέρας
621 397 832 463 οὐσίας,
864 392 1179 465 λειπόμενον
1206 396 1305 465 τῆς
1336 394 1523 463 κοινῆς
1569 393 1801 461 δυνάμε-
1828 394 1874 449 Δ
1900 391 2112 460 θεότης.
2142 393 2250 445 Kal
2274 394 2301 445 ὁ
2334 395 2505 461 μέγας
2534 395 2846 458 Ἀθανάσιος
2878 397 2933 447 ἐν
2955 395 3034 467 τῷ
3069 396 3228 449 Κατὰ
3248 396 3467 465 Ἀρεια-

239 512 333 557 ως.
365 493 475 547 Kal
501 493 590 546 διὰ
614 490 774 546 τοῦτο
799 490 951 544 οὐδὲν
980 488 1153 543 δεινὸν
1177 488 1241 542 ἐκ
1269 487 1430 557 μόνου
1458 486 1553 547 τοῦ
1587 488 1798 556 Πατρός

239 586 423 652 λέγειν
445 584 504 637 rb
532 584 755 654 Πνεῦμα
781 583 843 636 rb
871 582 1026 650 ἀγιον
1057 598 1073 614 ·
1110 579 1296 649 ἐπειδὴ
1343 580 1405 633 rb
1453 578 1797 648 προϐάλλειν,

238 675 426 745 ῶσπερ
453 676 545 729 καὶ
569 679 629 728 rb
651 676 847 745 γεννᾷν
878 674 957 743 τῷ
1014 674 1186 741 Πατρὶ
1249 671 1395 741 μόνῳ
1449 670 1713 738 προσήκει
1763 670 1798 741 ἢ

236 769 517 838 ἀγεννήτῳ
538 769 632 822 καὶ
661 768 895 838 θεογόνῳ
914 765 1009 820 καὶ
1040 766 1182 835 ἀρχῇ
1216 764 1309 817 καὶ
1332 764 1386 815 εί
1430 779 1482 815 τι
1513 760 1752 814 τοιοῦτον
1780 776 1797 793 ο

234 862 294 914 οὐ
320 860 427 931 γάρ
450 855 528 922 εἷς
557 861 732 922 αίτιος
760 862 794 929 ἡ
830 858 1023 928 Τριάς,
1046 856 1195 911 ἔνδον
1229 856 1288 909 ἐν
1320 856 1387 923 τῇ
1448 853 1662 922 θεότητι
1706 850 1798 919 δηα

234 946 370 1019 λαδὴ
404 948 480 1011 ὡς
509 941 591 1010 είς
618 947 953 1018 δημιουργὸς
979 946 1077 1016 τῆς
1105 947 1356 1009 κτίσεως,
1395 941 1484 996 διὰ
1518 942 1677 993 τοῦτο
1719 936 1801 1005 εἷς

234 1038 409 1100 αἴτιος
440 1041 469 1091 ό
492 1037 681 1107 Πατὴρ
708 1038 870 1107 μόνος
896 1053 916 1072 ο
943 1036 1005 1091 οὐ
1027 1036 1137 1105 γὰρ
1170 1034 1311 1106 μετά
1353 1034 1614 1101 συζυγίας
1660 1030 1802 1086 κατά

234 1132 329 1186 τὸν
348 1131 612 1200 Θεολόγον
648 1132 968 1204 Γρηγόριον,
992 1131 1110 1185 ἀλλ’
1124 1123 1280 1195 οὗτος
1308 1130 1417 1202 τὴν
1431 1129 1682 1185 ἐναντίαν
1709 1127 1802 1198 δήρ

234 1235 339 1271 που
368 1218 480 1282 τοῖς
508 1218 684 1288 ἁγίοις
708 1223 1029 1291 φερόμενος.

736 1332 1305 1388 ΔΡΓΥΡΟΠΟΥΛΟΣ.

306 1438 442 1491 Οὐδὲ
473 1439 584 1509 γάρ
634 1439 698 1492 ἐκ
728 1441 892 1509 μόνου
925 1441 1157 1512 Πατρδς,
1206 1441 1295 1495 ίνα
1340 1441 1416 1512 μὴ
1450 1426 1722 1509 νομίζοίτο
1772 1440 1801 1493 ό

241 1525 365 1587 Hb;
388 1525 540 1596 αὐτῷ
569 1526 847 1597 ἀνόμοιος,
873 1529 947 1599 μὴ
969 1528 1069 1593 τὰς
1096 1529 1264 1593 αὐτὰς
1295 1530 1436 1601 ἔχων
1456 1530 1801 1599 τελειότητας

234 1617 315 1687 τῷ
351 1619 546 1688 Πατρί.
576 1620 688 1673 Kal
720 1620 808 1674 διὰ
843 1620 1003 1675 τοῦτο
1030 1623 1154 1692 μηδ’
1182 1622 1485 1692 ὁμοούσιος,
1528 1625 1659 1694 ὅπερ
1706 1624 1799 1676 οὐ-

232 1709 422 1778 δαμῶς
449 1711 673 1764 ἀπέοικε
701 1715 767 1781 τῇ
799 1713 895 1766 τοῦ
937 1714 1148 1782 Ἀρείου
1173 1715 1384 1784 αἱρέσει
1418 1715 1513 1768 τὸν
1548 1715 1674 1769 Υίὺν
1712 1716 1805 1771 ἀλ-
1834 1726 1880 1786 Β

234 1799 525 1872 λοτριούσῃ
552 1800 652 1872 τῆς
688 1799 841 1867 θείας
875 1802 1088 1873 φύσεως
1113 1804 1207 1857 τοῦ
1251 1804 1482 1875 Πατρός.

788 1917 1248 1975 ΑΓΔΔΔΙΑΝΟΣ.

317 2027 481 2097 Ἀλλ’,
541 2023 587 2084 ὧ
613 2030 756 2098 ’τάν,
786 2031 849 2085 οὐ
883 2031 973 2086 τὸν
1000 2033 1129 2087 Υἱὸν
1177 2033 1460 2105 ἠλλοτρίου
1501 2035 1663 2105 μόνον
1702 2034 1802 2104 τῆς

235 2120 387 2178 Θείας
415 2124 443 2175 ό
471 2121 687 2193 Ἄρειος
718 2123 953 2191 φύσεως,
979 2125 1116 2179 ἀλλά
1150 2126 1242 2179 καὶ
1276 2103 1519 2194 τὺνᾶγιον
1554 2103 1797 2197 Πνεῦμα.

234 2210 571 2276 Μακεδόνιος
614 2215 671 2267 δὲ
712 2215 866 2269 οὐδὲν
914 2210 1079 2287 ἦττον
1122 2218 1393 2287 ατρετικὸς
1446 2204 1546 2288 ἢκό
1580 2218 1800 2287 Ἀρειος

234 2306 368 2375 περὶ
411 2305 507 2359 τοῦ
542 2308 858 2377 Πνεύματος
891 2309 1054 2378 μόνου
1084 2308 1245 2362 τοῦτο
1273 2309 1464 2363 νοσῶν.
1500 2309 1674 2379 Εἴπερ
1708 2309 1801 2364 οῦν

233 2397 398 2465 ἡμεῖς
436 2398 704 2467 Ἀρειανοὶ
733 2400 826 2454 καὶ
855 2400 1268 2472 συγχωροῦντες
1298 2401 1376 2472 τῷ
1424 2402 1540 2472 Υίῷ
1578 2402 1676 2465 τάς
1705 2400 1800 2455 τοῦ

232 2491 449 2560 Πατρὸς
489 2490 856 2564 τελειότητας,
890 2495 957 2559 ἃς
983 2495 1112 2559 ἴσως
1151 2495 1247 2549 καὶ
1274 2495 1510 2564 φυσικὰς
1543 2490 1681 2550 εἶναι
1711 2512 1800 2548 πι-

233 2583 471 2646 στεύεις,
503 2584 586 2637 σοὶ
618 2586 837 2650 πάντως
875 2588 974 2657 οὐχ
1021 2586 1370 2641 ὑπολείπεται
1418 2587 1576 2656 λόγος
1616 2581 1659 2656 ᾧ
1683 2589 1800 2642 δια-

231 2675 458 2746 δράσεις
507 2678 609 2746 τὴν
666 2677 996 2734 Μακεδονίου
1042 2680 1261 2750 μανίαν.
1316 2680 1456 2733 Ἀλλ’
1485 2682 1617 2752 ἡμῖν
1656 2682 1802 2734 εὐλό-

234 2785 369 2835 γους
409 2769 719 2824 ἀποδιδοῦσι
763 2772 890 2833 τοὺς
934 2771 1063 2840 περὶ
1095 2771 1284 2826 τούτου
1307 2772 1516 2840 λόγους,
1550 2774 1657 2828 κάκ
1692 2775 1802 2829 τῶν

232 2862 409 2930 ἁγίων
435 2863 825 2933 κυρουμένους,
857 2863 1034 2917 ἔνεστι
1066 2862 1265 2933 ῥᾳδίως
1292 2862 1354 2916 τὸ
1392 2864 1647 2934 ἔγκλημα
1688 2864 1804 2918 δια-

229 2948 523 3005 λύσασθαι.
556 2953 628 3007 Σὺ
663 2952 719 3005 δὲ
758 2951 984 3026 τοιαύτῃ
1025 2952 1172 3006 θέσει
1206 2954 1559 3024 ἐνισχημένος
1589 2954 1681 3008 καὶ
1708 2953 1802 3007 οὐ.

1902 484 2007 536 νῶν
2056 483 2295 553 πρώτῳ,
2334 504 2352 536 ι
2387 487 2522 555 Φέρε
2577 488 2750 541 τοίνυν
2806 486 3027 557 ἴδωμεν,
3071 488 3223 557 φησὶ,
3255 486 3321 540 τά
3368 486 3460 540 τοῦ

1904 575 2140 645 Πατρὸς,
2169 574 2259 628 ἵνα
2303 577 2394 628 καὶ¹
2450 577 2549 647 τὴν
2601 580 2785 632 είκόνα
2834 579 3148 648 ἐπιγνῶμεν
3195 581 3244 630 εί
3295 578 3462 630 αὐτοῦ

1901 665 2072 722 ἐστιν,
2120 666 2313 729 ’Δῖδιός
2355 668 2503 720 ἐστιν
2552 670 2580 721 ό
2632 671 2840 739 Πατὴρς
2873 671 3159 735 ἀθάνατος,
3188 668 3461 740 βασιλεὺς,

1898 755 2142 819 δυνατὸς,
2172 756 2308 825 φῶς,
2343 760 2762 828 παντοκράτωρ,
2792 761 2946 827 Θεὸς,
2982 762 3206 829 Κύριος,
3236 764 3464 827 κτίστης
3558 790 3561 793 λ

1899 848 1994 900 καὶ
2024 850 2275 920 ποιητής.
2316 850 2504 905 Ταῦτα
2530 850 2613 919 δεῖ
2634 849 2773 904 εἶναι
2814 856 2870 904 ὲν
2900 856 2964 921 τῇ
2998 854 3187 917 εἰκόνι,
3219 854 3308 909 ίνα
3335 854 3466 924 ἀλη-

1901 937 2011 1001 θῶς
2039 941 2066 992 ό
2089 938 2180 991 τὸν
2214 940 2341 995 Υίὺν
2370 941 2629 1011 ἑωρακὼς
2662 942 2747 1013 ἴδῃ
2778 942 2868 996 τὸν
2904 944 3146 1013 Πατέρα.

1970 1030 2035 1082 El
2061 1029 2156 1085 οῦν
2177 1030 2398 1102 ᾔδεισαν
2415 1032 2466 1085 οί
2493 1032 2640 1102 ἅγιοι
2665 1034 2966 1098 ἀκινδύνως
2988 1035 3139 1104 ἐχειν
3161 1036 3220 1090 rb
3240 1037 3411 1091 αἴτιον
3431 1038 3465 1106 ἦ

1902 1130 2176 1185 συναίτιον
2208 1130 2285 1202 τῷ
2320 1132 2499 1203 Πατρὶ
2532 1132 2813 1187 πιστεύειν
2840 1135 2931 1188 τὸν
2962 1135 3114 1201 Υίδν,
3135 1135 3233 1189 καὶ
3260 1138 3324 1188 ἐκ
3349 1134 3471 1188 τού·
3512 1160 3519 1161 ί

1897 1241 1992 1279 του
2013 1223 2395 1296 περιγίνεσθαι
2422 1224 2572 1295 αὐτῷ
2592 1225 2692 1295 τὴν
2714 1225 2935 1295 ἰσότητα
2957 1228 3056 1281 καὶ
3078 1225 3472 1296 όμοουσιότητα

1899 1318 2035 1389 πρὸς
2078 1316 2171 1371 τδν
2209 1316 2449 1386 Πατέρα.
2483 1315 2544 1369 ἐν
2578 1315 2726 1369 τίσιν
2756 1315 2936 1377 ἄλλοις
2983 1317 3162 1385 ἀγῶσι
3199 1315 3375 1386 τούτῳ
3404 1314 3473 1368 ἂν

1898 1406 2205 1476 ἐχρήσαντο
2229 1422 2247 1473 ;
2276 1405 2309 1474 ἢ
2344 1406 2508 1460 πόθεν
2536 1406 2757 1462 ἄλλοθεν
2785 1406 2844 1461 ἐν
2866 1407 2981 1469 τοῖς
3003 1405 3146 1459 κατὰ
3170 1405 3471 1475 Νεστορίου

1896 1499 2078 1567 λόγοις
2119 1498 2437 1568 ἐπεχείρουν
2475 1498 2541 1552 ἂν
2568 1496 2828 1569 πρότερόν
2852 1513 2912 1550 τε
2950 1497 3043 1550 καὶ
3096 1497 3475 1565 γενναιότερον

1900 1590 1933 1661 ἢ
1979 1592 2043 1643 ἐκ
2079 1591 2305 1657 τούτου¹,
2359 1589 2498 1643 Ἀλλ’
2531 1589 2766 1659 οὐδαμοῦ
2817 1589 2927 1642 τῶν
2980 1587 3246 1642 τοιούτων
3299 1586 3475 1655 λόγων

1906 1683 2119 1737 πολλῶν
2148 1684 2317 1736 ὄντων
2353 1682 2597 1735 τοιοῦτόν
2625 1699 2677 1735 τι
2708 1680 3047 1750 εὑρίσκεται,
3082 1681 3111 1733 ὃ
3141 1680 3239 1750 οὐχ
3281 1679 3356 1743 ὡς
3384 1680 3477 1732 ἀν-

1910 1776 2131 1845 ίσχυρον
2165 1773 2460 1845 παρώφθη,
2493 1772 2602 1827 οὐδ’
2630 1774 2704 1838 ῶς
2748 1775 2807 1826 ἐν
2847 1773 3108 1843 παρέργῳ
3138 1773 3239 1841 τῆς
3285 1771 3474 1841 χρείας

1906 1869 1985 1922 δν.
2014 1869 2077 1923 Εί
2103 1866 2213 1937 γὰρ
2238 1863 2305 1938 ἦν
2339 1865 2558 1935 ἀληθὲς,
2592 1866 2811 1920 πάντων
2843 1864 2910 1918 ἂν
2938 1860 3006 1934 ἦν
3037 1864 3385 1934 ίσχυρότερόν
3414 1881 3474 1916 τε

1906 1962 2002 2015 καὶ
2044 1960 2520 2029 προύργιαίτερον.
2556 1959 2726 2033 Ἀλλα
2752 1957 2808 2011 δὲ
2850 1957 3021 2027 μυρία
3048 1974 3131 2020 τις
3163 1957 3384 2026 εὑρήσει
3416 1956 3474 2007 ἐν

1905 2055 2027 2115 ταῖς
2069 2053 2178 2107 τῶν
2210 2051 2381 2119 ἁγίων
2411 2052 2676 2121 γραφαῖς,
2710 2049 2746 2104 ἃ
2778 2049 2839 2102 rb
2876 2046 3161 2114 όμοούσιον
3203 2049 3272 2118 τῇ
3307 2048 3474 2115 ὑπερ-

1904 2149 2071 2219 ουσίῳ
2103 2147 2291 2217 Τριάδι
2331 2144 2838 2209 κατασκευάζουσιν
2867 2142 2976 2197 ἀπὸ
3007 2141 3115 2195 τῶν
3153 2139 3475 2209 θεοπρεπῶν

1906 2238 2231 2308 ἀξιωμάτων
2264 2236 2456 2289 κοινῶν
2489 2236 2681 2301 ὄντων,
2716 2231 2954 2302 οὐδαμοῦ
2981 2231 3039 2285 δὲ
3071 2231 3179 2283 ἀπὸ
3204 2229 3312 2283 τῶν
3340 2230 3475 2283 ὐπο-

1908 2326 2179 2381 στατικῶν
2227 2325 2582 2394 τελειοτήτων
2634 2326 2731 2380 καὶ
2772 2324 2881 2377 τῶν
2919 2323 3199 2393 ίδιοτήτων
3223 2338 3236 2352 ο
3282 2320 3342 2373 οὐ
3374 2319 3481 2389 γὰρ

1908 2417 2187 2486 πεφύκασι
2216 2413 2671 2468 κοινοποιεῖσθαι·
2717 2413 2919 2483 μᾶλλον
2949 2413 3047 2481 μὲν
3076 2411 3169 2465 οῦν
3217 2410 3482 2479 αἱρέσεων

1908 2510 2001 2562 καὶ
2038 2506 2392 2579 βλασφημίας
2420 2506 2599 2573 ἔδοξεν
2628 2506 2774 2577 ἀρχὴ
2801 2504 2961 2558 τοῦτο
2990 2507 3104 2568 τοῖς
3130 2504 3333 2572 ἁγίοις,
3360 2503 3484 2557 ὅθεν

1910 2601 2006 2655 καὶ
2034 2601 2237 2663 πάντες
2266 2600 2626 2670 ἀπεπήδησαν
2648 2597 2837 2651 τούτου
2870 2597 2946 2662 ὡς
2971 2598 3078 2655 ἀπὸ
3106 2597 3298 2667 πυρός.

1979 2690 2044 2745 El
2080 2691 2267 2745 τοίνυν
2316 2690 2452 2761 μόνη
2501 2688 2654 2760 πηγὴ
2705 2690 2804 2758 τῆς
2856 2688 3181 2754 ύπερουσίου
3232 2687 3484 2757 θεότητός

1910 2786 2060 2837 ἐστιν
2087 2783 2115 2835 ὁ
2142 2783 2332 2851 Πατὴρ
2360 2781 2457 2835 καὶ
2495 2781 2695 2850 ἰδιότης
2724 2778 2890 2833 αὐτοῦ
2919 2781 3040 2831 ἐστι
3071 2780 3132 2832 rb
3166 2776 3307 2832 εἶναι
3337 2780 3484 2849 ἀρχὴ

1908 2875 2004 2931 καὶ
2056 2873 2207 2927 αἰτία
2246 2872 2351 2943 τῆς
2382 2874 2442 2925 ἐν
2489 2871 2605 2942 Υίῷ
2655 2870 2752 2924 καὶ
2782 2870 3066 2939 Πνεύματι
3097 2870 3486 2940 θεωρουμένης

1911 2970 2186 3041 θεότητος,
2216 2968 2311 3023 καὶ
2344 2966 2505 3038 μόνος
2531 2968 2708 3029 αἴτιος
2737 2965 3096 3037 κηρύττεται,
3135 2965 3195 3029 ἐξ
3224 2964 3389 3019 αὐτοῦ
3427 2965 3487 3018 δέ

230 3058 350 3139 τεξς
381 3043 529 3139 ἔχεεν
554 3044 807 3139 οἰόμενος
852 3043 929 3139 αξξ
974 3046 1240 3139 ὑποτίθης
1281 3046 1408 3109 τοὺς
1450 3045 1665 3114 λόγους»
1703 3048 1802 3119 οὐχ
1835 3077 1880 3139 ο
1910 3064 2026 3116 ἐστι
2057 3061 2118 3115 rb
2146 3059 2491 3131 magna
2525 3059 2623 3130 οὐχ
2647 3058 2949 3129 ἑτέρωθεν,
2984 3061 3049 3113 ἐκ
3084 3056 3182 3112 τοῦ
3212 3057 3341 3111 Υίοῦ
3375 3057 3487 3126 γὰρ

126 3200 127 3203 η
231 3126 347 3195 οἷός
378 3151 436 3186 τε
468 3133 569 3207 ἔσῃ
594 3134 725 3189 ποτε
761 3135 853 3189 τὸν
874 3136 1288 3207 Μακεδονισμδν
1312 3139 1597 3207 ἐκφυγεῖν.

307 3226 481 3289 Αὐτὸς
518 3227 630 3305 γὰρ
671 3227 990 3298 ἀπεφήνατο
1022 3229 1311 3300 πρότερον,
1352 3230 1428 3294 ὡς
1453 3224 1529 3285 ῶν
1557 3233 1611 3285 αί
1652 3232 1811 3288 δυνά-

236 3332 366 3384 μεις
401 3317 673 3386 διάφοροι⁹
706 3318 803 3371 καὶ
826 3319 966 3373 αὐτὰ
1002 3318 1069 3374 ἂν
1094 3315 1207 3374 εἷεν
1228 3323 1347 3386 ταῖς
1379 3322 1591 3388 οὐσίαις
1618 3323 1809 3393 διάφο-

240 3422 334 3476 ρα.
365 3401 537 3460 Είούν
565 3405 735 3471 ὅντως
759 3410 863 3463 οίει
886 3408 997 3463 δεῖν
1027 3412 1410 3483 προσεῖναιτῷ
1442 3412 1556 3483 Υἱῷ
1586 3415 1689 3478 τὰς
1717 3414 1814 3468 δυ-

235 3501 436 3567 νάμεις
475 3500 568 3554 καὶ
608 3502 950 3570 τελειότητας
988 3501 1084 3555 τοῦ
1132 3501 1367 3573 Πατρὺς,
1402 3504 1553 3557 πᾶσα
1579 3507 1812 3577 ἀνάγκη

236 3595 525 3664 προσεῖναι
552 3595 649 3648 καὶ
674 3595 751 3666 τῷ
785 3596 1083 3667 Πνεύματι.
1112 3590 1247 3651 Εἶτα
1276 3596 1433 3651 ἔσται
1465 3600 1493 3652 ό
1522 3599 1653 3663 Υἱὸς
1682 3617 1811 3667 γεν⁶

236 3685 464 3757 νητικδς
496 3688 590 3740 καὶ
619 3687 1007 3758 προελητικός.
1046 3686 1277 3758 Ὁμοίως
1300 3689 1360 3743 δὲ
1382 3691 1476 3743 καὶ
1499 3689 1562 3747 rb
1588 3692 1816 3764 Πνεῦμα

240 3780 567 3850 γεννητικὸν
597 3779 695 3835 καὶ
717 3772 1106 3853 προδλητικδν,
1139 3782 1244 3839 κάν
1270 3782 1321 3835 εί
1352 3782 1430 3855 μὴ
1455 3783 1578 3856 είκῆ
1608 3786 1816 3856 γεννῶν

180 3864 187 3869 ’
244 3872 523 3943 ἑκάτερον,
540 3872 636 3928 καὶ
664 3873 994 3946 προδάλλον.

318 3968 380 4021 Et
411 3967 465 4022 δὲ
500 3967 530 4021 ό
564 3966 691 4032 Υίὸς
720 3968 1010 4040 ἐνεργήσει
1049 3970 1194 4027 κατὰ
1222 3970 1321 4042 τὴν
1350 3970 1641 4042 ἑκατέραν,
1671 3969 1733 4025 rb
1758 3970 1817 4025 δὲ

243 4059 476 4131 Πνεῦμα
531 4060 652 4115 κατ’
696 4061 1009 4135 οὐδετέραν,
1050 4063 1081 4116 ό
1116 4063 1173 4117 δὲ
1220 4064 1411 4135 Πατὴρ
1462 4063 1585 4118 κατ’
1624 4063 1815 4134 ἄμφω,

248 4152 329 4213 ὧν
355 4157 412 4213 δὲ
439 4157 495 4213 al
522 4156 801 4227 ἐνέργειαι
830 4157 1101 4229 διάφοροι,
1135 4160 1232 4214 καὶ
1278 4160 1423 4215 αὐτὰ
1466 4158 1533 4214 ἀν
1570 4159 1659 4228 εῐη
1699 4159 1818 4222 ταῖς

246 4250 465 4316 οὐσίαις
495 4252 749 4322 διάφορα,
786 4251 883 4305 καὶ
912 4250 1093 4320 πολλῷ
1124 4251 1327 4319 μᾶλλον
1364 4252 1441 4314 ὡς
1467 4250 1563 4305 καὶ
1595 4249 1705 4305 τῶν
1728 4250 1819 4303 δυ-

248 4345 491 4412 νάμεων,
520 4342 684 4397 ἕνεκά
713 4359 775 4411 γε
804 4343 912 4396 τῶν
930 4342 1220 4412 ἐνεργειῶν
1244 4343 1421 4397 οὐσῶν
1439 4359 1453 4375 ·
1485 4342 1702 4405 σκόπει,
1726 4341 1819 4394 ποῖ

250 4438 314 4491 rb
344 4438 578 4506 πρᾶγμα
596 4435 739 4506 ἥξει.
765 4435 931 4487 Ὥστε
977 4435 1040 4488 οὐ
1100 4434 1259 4504 μόνον

252 4531 348 4583 καὶ
375 4531 591 4600 Ἀρειος
619 4528 781 4589 αὐτὸς
810 4527 1186 4595 ἀναπέφηνας,
1220 4526 1317 4579 καὶ
1339 4526 1513 4592 οὐδεὶς
1546 4528 1821 4599 ἐξαιρήσε-

251 4622 344 4675 rat
379 4639 438 4674 σε
466 4620 623 4689 λόγος
643 4618 737 4672 τοῦ
771 4619 945 4673 δεινοῦ
968 4618 1183 4672 τούτου.

336 4714 528 4784 Ἥμεῖς
549 4712 606 4766 δὲ
635 4712 694 4765 τό
723 4727 782 4765 τε
812 4712 1010 4782 γεννᾷν
1038 4712 1137 4765 καὶ
1165 4710 1228 4764 rb
1270 4711 1595 4781 προϐάλλειν
1624 4712 1827 4767 τελειό-

254 4821 427 4875 τητας
455 4803 825 4866 ὑποστατικάς
855 4820 1038 4874 φαμεν
1063 4800 1160 4855 τοῦ
1197 4803 1471 4873 πατρικοῦ
1502 4804 1825 4873 προσώπου,

1911 3156 1970 3210 rb
2002 3154 2228 3225 Πνεῦμα
2255 3154 2316 3208 ού
2340 3153 2576 3223 λέγομεν
2598 3169 2611 3183 ’
2635 3152 2756 3207 δέον
2786 3151 2942 3205 οὐδέν
2979 3153 3134 3204 ἐστιν
3160 3149 3381 3219 εὔλογον
3409 3151 3486 3220 μὴ

1911 3247 2199 3319 νομισθείη
2248 3264 2333 3311 τις
2376 3246 2675 3318 Ἀρειανδς,
2701 3249 2763 3298 ἐκ
2801 3243 2897 3298 τοῦ
2946 3244 3160 3316 Πατρὸς
3197 3244 3363 3314 μόνου
3402 3242 3490 3295 λέ-

1912 3358 2025 3411 γων
2059 3341 2455 3411 ἐκπορεύεσθαι
2485 3339 2545 3392 rb
2566 3338 2791 3409 Πνεῦμα
2813 3338 2875 3390 rb
2905 3336 3062 3406 άγιον
3081 3376 3097 3392 .

1986 3436 2112 3499 Πῶς
2142 3433 2253 3506 γὰρ
2278 3435 2327 3487 εἰ
2349 3432 2445 3487 καὶ
2476 3431 2599 3485 λίαν
2624 3431 2846 3494 εὐσεϐὲς
2871 3429 2966 3483 καὶ
3003 3431 3069 3498 τῇ
3090 3426 3200 3481 τῶν
3236 3426 3492 3481 διδασκά-

1914 3529 2023 3584 λων
2040 3527 2292 3598 θεολογία
2315 3528 2612 3598 σύμφωνον
2636 3525 2699 3578 rb
2723 3524 3020 3593 λεγόμενον
3045 3539 3060 3590 ;
3090 3521 3265 3586 Αὐτὸς
3295 3521 3351 3573 δέ
3382 3519 3492 3585 ἄρα

1913 3624 1943 3678 ό
1965 3621 2084 3677 λίαν
2116 3619 2308 3682 δεδιὼς
2340 3620 2434 3673 καὶ
2458 3617 2726 3673 ἐκκλίνων
2776 3615 2837 3668 rb
2863 3615 2965 3686 τῆς
2991 3613 3183 3677 οὐσίας
3214 3611 3493 3682 ἀνόμοιον,

1916 3715 2011 3770 καὶ
2064 3714 2189 3768 λίαν
2238 3711 2317 3784 τῷ
2363 3711 2596 3783 τοιούτῳ
2646 3706 2883 3781 κρημνῷ
2913 3707 2984 3761 δι’
3010 3702 3087 3763 ῶν
3136 3704 3496 3776 ἐπινενόηκας

1918 3805 2375 3882 περιπέπτωκας.

2413 3913 2997 3972 ΔΡΓΥΡΟΠΟΥΛΟΣ.

1994 4037 2093 4092 Διά
2139 4037 2299 4092 τοῦτο
2345 4035 2394 4089 οί
2445 4035 2546 4106 τῆς
2588 4032 2919 4104 Ἐκκλησίας
2952 4030 3290 4099 διδάσκαλοι,
3335 4029 3428 4085 καὶ
3461 4030 3496 4098 ἡ

1919 4130 2183 4199 καθολικὴ
2213 4128 2259 4193 ζ’
2302 4126 2521 4191 σύνοδος
2573 4128 2638 4180 ἐκ
2682 4125 2780 4180 τοῦ
2817 4125 3031 4196 Πατρὸς
3069 4125 3390 4195 ἀπεφήνατο
3429 4120 3498 4175 δι’

1919 4223 2053 4278 Υίοῦ
2088 4223 2148 4277 rb
2171 4222 2328 4292 ἅγιον
2361 4220 2761 4291 ἐκπορεύεσθαι
2792 4218 3043 4290 Πνεῦμα,
3074 4217 3173 4287 οὐχ
3212 4215 3288 4279 ὡς
3322 4214 3499 4269 αίτίου

1920 4310 2014 4365 τοῦ
2041 4311 2172 4365 Υίοῦ
2207 4310 2381 4376 ὄντος,
2408 4308 2521 4363 οὐδ’
2541 4309 2619 4373 ῶς
2648 4310 2822 4380 ἀρχῆς
2852 4309 3043 4371 ἁπλῶς
3068 4307 3162 4361 καὶ
3187 4306 3502 4376 προϐολέως

1306 4434 1651 4497 ﬂammma“
1686 4398 1821 4487 ἀλλὰ
1852 4418 1895 4475 ι)
1920 4404 2018 4473 τῆς
2043 4401 2136 4457 τοῦ
2175 4401 2491 4472 Πνεύματος
2518 4402 2894 4465 ὑποστάσεως,
2938 4399 3055 4454 ἀλλ’
3099 4399 3175 4463 ὡς
3223 4398 3502 4454 συναιτίου

1926 4496 2023 4550 καὶ
2047 4495 2224 4566 ἀρχῆς
2258 4493 2352 4548 καὶ
2386 4494 2453 4568 ἐξ
2475 4494 2673 4564 ἀρχῆς.

2481 4606 2943 4661 ΔΓΔΛΛΙΔΝΟΣ.

1998 4728 2109 4781 Kal
2146 4725 2321 4781 ταῦτα
2354 4726 2447 4779 ἐπὶ
2483 4726 2819 4796 συκοφαντίᾳ
2848 4724 2958 4780 τῶν
2986 4723 3321 4780 διδασκάλων
3352 4723 3507 4793 εῖρη-

1926 4837 2016 4873 ται
2060 4819 2153 4873 καὶ
2194 4820 2295 4889 τῆς
2340 4819 2385 4883 ζ’
2422 4818 2639 4872 συνόδου
2664 4835 2679 4851 ο
2714 4819 2837 4872 ἐπεὶ
2866 4818 2974 4889 γὰρ
3005 4816 3120 4871 οὔτ’
3149 4816 3347 4887 ἀρχὴν,
3380 4813 3508 4869 οὔτε

260 4897 336 4959 ὥς
363 4899 431 4968 τῇ
460 4897 621 4969 οὖσίφ
653 4896 731 4966 μὴ
763 4897 1030 4977 συνούσας
1066 4897 1161 4949 τοῦ
1196 4896 1432 4967 Πατρδς.
1462 4894 1577 4949 ἀλλ’
1678 4899 1829 4953 ἔστιν
1932 4911 2208 4965 συναίτιον
2238 4908 2329 4962 τὸν
2368 4908 2498 4963 Υίὸν
2521 4908 2617 4962 τοῦ
2651 4907 2808 4979 ἁγίου
2849 4907 3168 4977 Πνεύματος
3200 4907 3511 4977 ἐφρόνησαν

259 4989 318 5041 ἐν
367 4989 543 5058 Πατρὶ
585 4987 747 5059 αῦτη,
778 4988 1019 5059 ίδιότητα
1043 4988 1210 5041 αὐτοῦ
1250 4987 1388 5058 πρὸς
1413 4987 1525 5041 τῶν
1564 4987 1830 5058 θεολόγων
1930 5004 1964 5075 ἢ
1998 4999 2119 5056 εῐπέ
2145 5019 2231 5065 τις
2254 5000 2365 5054 τῶν
2396 5000 2593 5069 ἁγίων,
2617 5000 2692 5064 ὡς
2714 4999 2778 5052 ἔκ
2804 5014 2869 5069 γε
2899 4999 3007 5053 τῶν
3039 4999 3347 5069 εἰρημένων
3377 4998 3511 5051 ἀπο-

261 5082 550 5146 ἀκούοντες
580 5081 680 5153 τὴν
709 5082 905 5153 ἀρχὴν.
936 5082 1031 5136 καὶ
1060 5083 1122 5136 τδ
1143 5082 1413 5151 θεογάνονν
1441 5082 1535 5135 καὶ
1566 5080 1666 5153 τὴν
1694 5100 1832 5153 καρο
1929 5093 2225 5157 δέδεικται,
2261 5092 2377 5155 πῶς
2409 5088 2521 5146 οἷόν
2548 5092 2595 5144 τ’
2625 5091 2692 5145 ἂν
2736 5087 2804 5163 ἦν
2834 5091 2894 5144 ἐν
2922 5089 3001 5160 τῷ
3051 5090 3120 5143 δι’
3153 5089 3284 5142 Υίοῦ
3331 5088 3512 5141 συναί-

262 5176 541 5244 πογονεαν,
584 5177 643 5229 ἒν
692 5170 775 5238 οἷς
819 5177 1014 5247 γεννᾷν
1046 5177 1140 5229 καὶ
1180 5174 1509 5245 προϐάλλειν
1559 5173 1699 5239 ἐστὶν
1722 5175 1834 5228 καὶ
1933 5203 2050 5239 τιον
2077 5186 2156 5257 τῷ
2187 5187 2365 5259 Πατρὶ
2393 5185 2486 5239 τὸν
2510 5184 2639 5238 Υίὺν
2662 5184 2805 5239 νοεῖν
2836 5181 2931 5236 τοῦ
2961 5184 3121 5253 ἀγίου
3155 5180 3509 5250 Πνεύματος;

265 5268 355 5322 διὰ
384 5266 543 5321 τοῦτο
560 5269 789 5362 ἀνάγκη,
812 5266 1365 5362 μηδέτερονξτούτφν,
1401 5266 1434 5336 ἢ
1471 5264 1600 5335 γοῦν
1623 5266 1685 5320 τδ
1712 5283 1835 5362 τῖεν·
1945 5277 2089 5331 Ἀλλ’
2116 5280 2198 5332 ὅτι
2230 5279 2332 5350 μέν
2358 5294 2506 5340 τινες
2533 5276 2641 5330 τῶν
2661 5275 2998 5362 διδασκάλων
3035 5274 3163 5346 περὶ
3203 5274 3301 5341 τῆς
3335 5269 3510 5362 ἀϊδίου

264 5364 363 5432 νᾷν
418 5363 451 5433 ἢ
505 5363 564 5415 rb
601 5361 971 5430 ιπροόἀλλειν,
1026 5359 1151 5431 μηδ’
1192 5360 1365 5431 ἑτέρῳ
1414 5359 1835 5414 κοινοποιεῖσθαι
1938 5369 2231 5439 ὑπάρξεως
2260 5368 2354 5424 τοῦ
2386 5357 2705 5439 Πνεύματος
2741 5366 3119 5436 θεολογοῦντες
3151 5363 3228 5432 τῷ
3271 5360 3339 5414 δι’
3378 5357 3509 5410 Υίοῦ

265 5455 374 5507 τῶν
436 5454 495 5517 ἐξ
539 5451 708 5507 αὐτοῦ
768 5450 1101 5519 προσώπων,
1132 5448 1245 5504 ἀλλ’
1291 5451 1440 5520 αὖτῷ
1470 5451 1618 5522 μόνῳ
1661 5468 1835 5521 προσ·
1938 5462 2265 5531 ἐχρήσαντο,
2301 5462 2397 5515 καὶ
2421 5463 2507 5527 τίς
2534 5457 2603 5534 ἦν
2630 5463 2658 5515 ὁ
2686 5459 2915 5531 εὐσεϐὴς
2947 5457 3153 5510 τούτων
3186 5453 3329 5518 νοῦς,
3360 5451 3511 5506 ἄλλοι

268 5551 429 5599 εἶναι.
451 5546 531 5599 Τὰ
562 5546 671 5615 γάρ
694 5546 973 5616 θεοπρεπῆ
994 5546 1175 5599 πάντα
1199 5548 1264 5616 τῇ
1288 5547 1386 5618 ὅλῃ
1411 5546 1645 5617 θεαρχίᾳ
1666 5546 1837 5616 πρόσ-
1941 5555 2048 5621 πρὸ
2080 5553 2237 5623 ἡμῶν
2287 5552 2624 5625 ἐξηγήσαντο
2649 5568 2664 5584 ’
2707 5551 2895 5621 χαρίεν
2917 5548 2963 5601 δ’
2993 5547 3060 5600 ἂν
3089 5542 3179 5614 ἦν,
3212 5546 3261 5596 εί
3296 5545 3512 5597 Λατῖνοι

271 5654 442 5700 εστιν,
473 5634 552 5701 οἷς
581 5637 872 5708 σύμφωνος
909 5638 1205 5709 Γρηγόριος
1236 5639 1415 5693 κοινὸν
1455 5640 1630 5714 λέγων
1664 5640 1838 5710 Πατρὶ
1942 5645 2115 5698 αἴτιον
2157 5644 2345 5710 ἁπλῶς
2397 5646 2490 5700 καὶ
2534 5644 2705 5714 ἀρχὴν
2749 5643 2932 5707 ἔλεγον
2963 5637 3055 5689 τὸν
3086 5636 3233 5700 Υίδν,
3281 5635 3368 5689 ἵνα
3415 5635 3510 5686 καὶ

278 5731 373 5789 καὶ
404 5730 534 5803 Υίῷ.
557 5731 649 5788 καὶ
687 5731 829 5803 ἁγίῳ
854 5731 1129 5801 Πνεύματι
1157 5733 1215 5787 τὸ
1252 5732 1326 5803 μὴ
1360 5736 1640 5804 γεγονέναι
1670 5735 1761 5789 καὶ
1803 5737 1832 5804 ἡ
1944 5737 2131 5803 χεῖρον
2177 5737 2393 5793 πάντων
2448 5732 2738 5799 αίρετικῶν
2790 5725 3130 5785 ἐδυσσέϐουν.
3193 5726 3363 5782 Τοῦτο
3398 5724 3509 5780 γὰρ
