3904 6222
369 300 505 362 1017
565 299 568 302 ’

1537 310 1936 372 THEODORI
1982 312 2406 376 AGALLIANI

3481 271 3618 381 ἰοιε

369 417 492 485 μὲν,
527 419 628 472 οὐκ
655 420 822 483 οὔσας
849 420 929 485 6‘s,
959 421 1089 476 ὥστ’
1127 423 1284 480 οὐδὲν
1343 426 1547 497 μᾶλλον
1592 429 1820 484 λύεσθαι
1857 419 1955 494 τὰς
1986 437 2031 494 Α
2060 430 2216 500 οὗτος
2247 436 2684 506 ἀναγκαζόμενος
2715 437 3019 507 ὁμολογεῖν,
3049 438 3194 506 λέγει
3235 438 3333 508 τὴν
3387 454 3623 508 γεννητιο
3689 461 3692 463 λ

366 511 626 578 ἀπορίας,
663 512 694 583 ἢ
733 514 1041 568 συνδεῖσθαι
1078 519 1512 590 καρτερώτερον.
1547 521 1658 576 Καὶ
1689 523 1824 592 πρὸς
1847 522 1946 591 μὲν

365 602 466 672 τὴν
488 605 714 674 πρώτην
743 607 853 660 τῶν
886 609 1154 680 ἀποριῶν,
1186 611 1253 682 ἦν
1286 613 1380 667 κα)⁸
1411 613 1718 684 φθάσαντες
1741 616 1836 670 νῦν
1862 615 1946 682 ἐξο

366 693 626 764 εθέμεθα,
649 696 806 752 λύσιν
832 700 1126 756 ἀποδίδωσι
1150 703 1376 777 ταύτην.

875 816 1450 874 ΑΡΓΥΡΟΠΟΥΛΟΣ.

440 925 552 980 Τοῦ
585 927 796 994 Πατρδς
821 929 913 984 τὸν
941 930 1069 984 Υίδν
1091 932 1411 1001 γεννῶντος,
1443 937 1509 1006 τῇ
1536 937 1830 1007 γεννητικῇ
1861 935 1950 990 δυ-

367 1017 557 1087 νάμει,
597 1019 848 1089 καθάπερ
872 1021 1154 1090 ἐλέγομεν,
1204 1024 1238 1095 ἠ
1273 1027 1529 1096 γέννησις
1576 1026 1850 1098 συνῆπται
1879 1031 1947 1102 τῇ

370 1111 571 1177 ἑαυτῆς
595 1112 827 1183 δυνάμει
855 1112 888 1185 ἢ
919 1116 948 1168 6
977 1115 1125 1182 Υίὸς,
1157 1118 1250 1171 καὶ
1279 1117 1348 1170 τὰ
1379 1117 1530 1188 ἑξῆς.

934 1227 1399 1287 ΔΓΔΛΛΙΔΝΟΣ.

443 1336 588 1407 Πρὸς
638 1338 674 1392 ά
708 1338 774 1409 δὴ
814 1338 909 1392 καὶ
947 1339 1108 1408 ἡμεῖς
1136 1340 1655 1415 ἀνταποκρινόμεθα
1695 1345 1951 1416 λέγοντες

369 1423 544 1489 οὕτως
566 1442 579 1456 ’
614 1428 762 1481 Μίαν
784 1428 1043 1498 γέννησιν
1071 1427 1210 1484 οἶδεν
1233 1434 1261 1486 6
1285 1432 1442 1502 λόγος
1473 1435 1662 1491 καλεῖν
1693 1439 1750 1491 ἑν
1775 1439 1951 1511 Πατρὶ

372 1517 466 1570 καὶ
495 1517 633 1587 Υίῷ,
664 1520 765 1590 οὐχ
793 1520 1057 1585 ὡσαύτως
1087 1524 1146 1578 ἐν
1189 1525 1396 1598 ἀμφοῖν
1437 1527 1844 1601 θεωρουμένην.
1886 1531 1950 1585 Ἦ

374 1607 475 1674 μὲν
507 1613 614 1679 γὰρ
644 1609 751 1664 ἀπὸ
779 1611 870 1665 τοῦ
898 1615 1097 1684 γεννᾷν
1126 1615 1435 1690 εἰλημμένη
1462 1621 1792 1694 ἐνεργητική
1831 1625 1949 1678 ἐστι

373 1699 468 1751 καὶ
511 1700 815 1771 συνᾴδουσα
856 1705 934 1773 τῷ
969 1708 1453 1780 συμπεπλεγμένῳ
1486 1714 1834 1786 γνωριστικῷ
1872 1716 1950 1787 τῷ

2054 526 2156 596 κὴν
2181 525 2412 596 δύναμιν
2431 525 2667 582 δίδοσθαι
2705 529 2781 598 τῷ
2816 528 2953 598 Υίῷ,
2975 529 3074 598 οὐχ
3101 528 3174 592 ὡς
3214 528 3477 596 δύναμιν,
3513 528 3624 581 ἀλλ’

2052 618 2130 681 ὡς
2179 617 2518 684 τελειότητα.
2556 619 2739 689 Ἀρκεῖ
2770 621 2868 692 μὲν
2906 616 3000 676 οῦν
3028 621 3161 684 ἴσως
3199 621 3285 674 ὅτι
3330 620 3426 672 καὶ
3471 619 3621 682 αῦτὶς

2053 707 2324 780 ὡμολόγει
2379 711 2454 781 μὴ
2503 711 2578 774 ὡς
2613 712 2847 781 δύναμιν
2889 715 2987 783 τὴν
3015 712 3344 783 γεννητικὴν
3389 711 3620 766 δίδοσθαι

2053 801 2132 872 τῷ
2167 802 2302 873 Υίῷ,
2339 803 2457 856 ἀλλ’
2485 803 2560 867 ὡς
2588 804 2903 876 τελειότητα
2928 822 2944 838 ⁸
2981 805 3137 873 ἔλεγε
3167 805 3213 858 6’
3241 807 3392 873 ὅμως
3421 805 3478 865 ἐς
3511 803 3623 856 δεῦο

2057 910 2142 962 ρο,
2180 893 2262 947 ὅτι
2307 893 2406 963 τὴν
2454 895 2781 967 γεννητικὴν
2826 895 3056 966 δύναμιν
3107 897 3220 968 ἔχει
3274 898 3302 950 6
3329 896 3478 960 Υἱὸς,
3514 895 3623 964 ἦτοι

2054 985 2152 1057 τὴν
2187 986 2280 1040 τοῦ
2315 987 2532 1058 γεννᾷν,
2563 989 2916 1059 ἀντιφάσκων
2953 989 3130 1058 ἑαυτῷ
3153 1006 3169 1022 ο
3219 991 3315 1042 καὶ
3353 990 3414 1043 οὐ
3467 990 3623 1059 μέχρι

2055 1075 2274 1142 τούτου,
2301 1078 2438 1132 ἀλλά
2478 1080 2575 1132 καὶ
2616 1079 2694 1149 τῷ
2739 1080 3022 1152 Πνεύματι
3075 1080 3458 1149 μεταδίδοσθαί
3499 1097 3623 1148 φησι

2053 1167 2156 1237 τῆς
2182 1167 2512 1238 γεννητικῆς
2554 1186 2615 1223 τε
2661 1169 2760 1224 καὶ
2812 1170 3206 1242 προϐλητικῆς,
3249 1172 3349 1224 οὐκ
3376 1167 3476 1224 οἶδ’
3507 1171 3534 1224 6
3574 1187 3626 1223 τι

2056 1259 2247 1315 παθὼν
2277 1259 2373 1314 καὶ
2395 1261 2562 1315 πόθεν
2589 1262 2832 1334 κινηθεὶς
2859 1265 2940 1327 είς
2971 1262 3246 1332 τοσαύτην
3273 1261 3508 1316 ἀτοπίαν
3535 1266 3623 1330 ἐμ-

2056 1356 2269 1418 πεσεῖν,
2320 1359 2414 1409 καὶ
2440 1355 2536 1418 τὰς
2587 1355 2738 1420 θείας
2783 1355 3110 1419 ὑποστάσεις
3147 1353 3320 1417 οὕτως
3363 1355 3623 1422 ἀτιμάσαι

2058 1447 2348 1518 δυνάμεων
2401 1449 2785 1519 ἀνενεργήτων
2839 1449 3133 1510 κοινωνοὺς
3178 1446 3419 1512 ἀξιώσας
3464 1446 3625 1508 αὑτάς

2058 1540 2255 1604 είπεῖν,
2307 1539 2368 1592 δν
2394 1527 2596 1610 τρόπον
2641 1540 2739 1593 καὶ
2785 1539 2849 1593 τδ
2889 1539 3089 1610 βρέφος
3133 1537 3368 1607 λέγομεν
3405 1537 3625 1606 δυνάμει

2057 1631 2471 1702 γραμματικὸν,
2504 1631 2580 1696 ὡς
2608 1631 2670 1685 τὸ
2708 1631 2936 1701 Πνεῦμα
2963 1627 3030 1686 αὖ
3063 1633 3128 1686 ἑκ
3165 1630 3452 1700 δυνάμεως
3505 1645 3625 1698 προ-

2059 1723 2254 1791 ελθεῖν,
2307 1719 2597 1799 ᾖδυνάμει
2640 1726 2730 1780 ὅτε
2775 1727 3035 1794 ἐγεννᾶτο
3089 1728 3118 1780 6
3155 1725 3308 1790 Υίδς,
3354 1722 3510 1776 οὔπω
3535 1722 3625 1792 τὴν

371 1791 566 1864 Πατὴρ
590 1794 839 1864 ὀνόματι,
867 1797 900 1866 ἡ
932 1797 987 1850 δὲ
1019 1799 1126 1852 ἀπὸ
1163 1800 1254 1854 τοῦ
1284 1804 1578 1870 γεννᾶσθαι
1612 1807 1705 1860 καὶ
1731 1824 1955 1878 συμφω-
1989 1795 2030 1850 Β
2060 1791 2344 1888 ἐνέργειαν
2371 1791 2573 1888 ἐχούσῃ
2605 1791 2961 1888 συνημμένην
3002 1817 3163 1888 αὐτῇ,
3195 1815 3334 1870 ἀλλά
3373 1813 3471 1868 τοῦ
3505 1791 3624 1867 Υῐόῦ

373 1883 540 1936 νοῦσα
570 1885 648 1956 τῷ
676 1886 807 1951 Υἱὸς
850 1889 1080 1958 ὀνόματι
1119 1895 1387 1964 γεννητὴν
1417 1896 1716 1953 ὑπόστασιν
1752 1901 1954 1971 σημαί-

371 1993 542 2043 νοντι,
571 1979 632 2031 ού
667 1983 1016 2053 γεννητικήν.

401 2141 414 2150 ί
458 2069 737 2152 Ὡσαύτως
759 2073 852 2129 οὖν
875 2077 969 2129 καὶ
998 2078 1030 2149 ὴ
1055 2076 1284 2149 δύναμις
1305 2082 1338 2150 ἡ
1369 2081 1506 2152 πρὸς
1533 2082 1594 2136 τὸ
1622 2085 1818 2156 γεννᾷν
1842 2085 1957 2140 δια-

375 2161 532 2233 φέρει
562 2165 661 2234 τῆς
692 2169 829 2236 πρὸς
858 2171 920 2222 τὸ
951 2172 1244 2238 γεννᾶσθαι
1283 2173 1592 2244 δυνάμεως.
1640 2170 1738 2229 Ὧν
1779 2180 1812 2251 ὴ
1857 2179 1956 2250 μέν

374 2253 524 2308 ἐστιν
558 2256 615 2311 ἑν
659 2257 737 2327 τῷ
765 2259 958 2328 Πατρὶ,
994 2263 1028 2332 ὴ
1073 2262 1129 2315 δὲ
1159 2263 1218 2315 ἑν
1255 2264 1333 2334 τῷ
1368 2264 1504 2334 Υίῷ.
1545 2268 1655 2321 Καὶ
1703 2269 1955 2342 καθάπερ

268 2367 280 2378 ·
373 2347 435 2400 τὸ
469 2342 609 2403 εἶναι
638 2349 734 2404 τοῦ
767 2351 980 2422 Πατρός
1009 2355 1192 2408 καὶτὸ
1239 2354 1379 2411 εἶναι
1418 2358 1511 2412 τοῦ
1563 2359 1695 2413 Υἱοῦ
1740 2361 1799 2414 ἐν
1841 2365 1954 2416 ἐστι

374 2444 467 2493 καὶ.
505 2443 691 2510 ταυτδ,
723 2443 842 2497 ἀλλ’
877 2445 938 2498 ού
991 2449 1263 2518 προσήκει
1309 2449 1386 2518 τῷ
1415 2451 1529 2521 Υίῷ
1578 2448 1718 2505 εἷναι
1761 2453 1955 2524 Πατρὶ,

375 2533 498 2587 οῦδὲ
521 2533 582 2587 τὸ
605 2535 879 2589 ἀνάπαλιν
903 2555 918 2572 ο
946 2535 1120 2601 οὕτως
1150 2541 1196 2593 εί
1230 2540 1326 2594 καὶ
1355 2542 1465 2606 τοῖς
1494 2542 1676 2606 ἀλλοις
1699 2545 1834 2597 πᾶσι
1860 2545 1956 2615 θή-

377 2642 544 2695 σομεν
577 2622 720 2681 εἶναι
769 2628 869 2698 τὴν
913 2630 1243 2700 γεννητικὴν
1272 2631 1504 2701 δύναμιν
1545 2634 1814 2706 ἐνΠατρὶ
1862 2635 1958 2688 καὶ

375 2717 492 2788 ΥΞῷ
519 2720 612 2772 καὶ
643 2720 742 2792 τὴν
770 2720 1046 2793 γέννησιν,
1082 2722 1220 2777 ἀλλά
1254 2725 1369 2789 τοῖς
1413 2720 1561 2797 ὅροις
1604 2727 1956 2797 διαφέρουσιν

373 2811 721 2882 ἀναφορικῶς
738 2812 1191 2885 διακρινομένοις,
1219 2817 1294 2880 ὡς
1310 2819 1404 2871 καὶ
1443 2822 1511 2872 τά
1534 2819 1668 2874 ἄλλα
1693 2820 1871 2876 πάντα
1899 2822 1958 2875 ἓν

375 2903 527 2956 ἐστιν
555 2905 614 2956 ἐν
655 2907 829 2974 Πατρῖ
865 2907 958 2960 καὶ
978 2906 1129 2978 ,Υἱῷ,
1159 2909 1298 2977 πλὴν
1328 2909 1404 2980 τῷ
1425 2909 1544 2980 ’μὲν
1575 2914 1715 2966 κατά
1735 2912 1836 2979 τὴν
1861 2912 1955 2967 τοῦ

373 2993 611 3058 διδόντος
633 2995 938 3067 ἀναφοράν,
961 2999 1038 3070 τῷ
1063 2999 1118 3053 δὲ
1137 3002 1281 3055 κατά
1310 3001 1410 3073 τὴν
1438 3003 1532 3056 τοῦ
1561 3003 1953 3075 λαμϐάνοντοςο

375 3085 474 3136 καὶ
517 3084 692 3150 οὔτως
724 3085 848 3142 οὔτε
878 3088 978 3160 τὴν
1011 3091 1068 3144 ἐν
1098 3091 1175 3162 τῷ
1207 3092 1385 3162 Πατρὶ
1416 3093 1669 3163 γέννησιν
1704 3095 1738 3164 ἢ
1765 3096 1819 3148 ἑν
1849 3096 1955 3148 Πα-

374 3177 468 3245 τρὶ
498 3175 580 3229 δεῖ
626 3173 763 3232 εἶναι
795 3183 853 3233 ἐν
888 3179 963 3249 τῷ
1009 3181 1142 3250 Υίῷ,
1176 3183 1262 3236 ῖνα
1295 3184 1371 3254 μὴ
1405 3186 1591 3255 Πατὴρ
1634 3188 1662 3239 6
1689 3186 1816 3252 Υίὸς
1846 3190 1955 3259 είη,

374 3267 500 3320 οὔτε
525 3268 624 3339 τὴν
659 3271 717 3324 ἐν
751 3270 831 3342 τῷ
862 3270 976 3343 Υίῷ
1005 3273 1039 3343 ὴ
1075 3274 1222 3328 ἐστιν
1262 3275 1320 3328 ἑν
1350 3274 1462 3344 Υίῷ
1492 3274 1575 3326 δεῖ
1603 3271 1744 3331 εἶναι
1783 3278 1841 3330 ἐν
1879 3277 1958 3348 τῷ

377 3363 577 3436 Πατρὶ,
616 3363 702 3418 ῖνα
739 3365 816 3436 μὴ
851 3365 982 3429 Υίὸς
1008 3367 1036 3420 6
1069 3367 1257 3438 Πατὴρ
1281 3366 1530 3438 γένηται.

888 3481 1463 3538 ΑΡΓΥΡΟΠΟΥΛΟΣ.

459 3595 550 3662 Ὧς
580 3596 639 3652 δέ
669 3567 900 3666 καῖ’τὴν
921 3597 1157 3671 δύναμιν
1193 3598 1296 3670 τὴν
1318 3601 1674 3673 γεννητικὴν.

936 3713 1403 3771 ΔΓΔΛΛΙΛΝΟΣ.

450 3826 514 3881 Et
547 3827 649 3898 μὶν
676 3822 772 3884 οὖν
795 3828 824 3884 6
854 3830 1046 3903 Πατὴρ
1071 3831 1248 3888 ἐδίδου
1291 3831 1372 3899 τῷ
1406 3831 1524 3904 Υίῷ
1550 3832 1651 3904 τὴν
1679 3833 1957 3905 γέννησιν,

378 3911 414 3993 ᾖ
449 3918 640 3992 γεννᾷ,
681 3922 778 3976 καὶ
807 3923 908 3994 τὴν
939 3924 1076 3996 πρὸς
1107 3925 1279 3997 αὐτὴν
1319 3925 1570 3997 δύναμιν,
1601 3926 1710 3979 ἔδει
1752 3925 1821 3981 ἂν
1864 3927 1962 3980 καὶ

376 4011 470 4062 τὸν
498 4009 630 4066 Υίδν
658 4013 886 4084 γεννᾷνο
923 4016 974 4069 εί
1001 4015 1061 4068 δέ
1093 4018 1168 4087 μὴ
1196 4017 1363 4086 γεννᾷ
1394 4016 1424 4068 ό
1447 4017 1598 4081 Υίδς,
1630 4016 1752 4070 οὐδὲ
1774 4016 1958 4072 τοιαύ-

377 4118 479 4170 την
517 4101 668 4173 αὐτῷ
696 4103 884 4157 δίδωσι
914 4104 1149 4175 δύναμιν
1179 4106 1272 4159 καὶ
1300 4106 1602 4176 ἐνέργειαν,
1621 4107 1754 4161 ἀλλ’
1783 4107 1817 4178 ἢ
1848 4107 1958 4179 ἀρα

377 4195 489 4249 τῶν
509 4195 907 4265 ἀντικειμένων
939 4212 1081 4262 πως,
1107 4196 1276 4267 ἤγουν
1298 4197 1396 4268 τὴν
1417 4197 1511 4251 τοῦ
1541 4199 1837 4267 γεννᾶσθαι
1867 4198 1958 4253 δύ-

379 4303 567 4357 ναμιν,
599 4288 695 4342 καὶ⁸
723 4290 826 4360 τὴν
855 4288 1168 4359 παθητικὴν
1197 4289 1474 4361 γέννησιν.
1505 4290 1709 4345 Τούτου
1739 4287 1834 4346 οὖν
1872 4293 1958 4346 λέ-

379 4395 568 4448 γοντος
615 4381 698 4436 ὅτι
740 4382 774 4452 ἠ
804 4381 1060 4452 γέννησις
1095 4383 1373 4452 συνῆπται
1403 4386 1470 4456 τῇ
1500 4383 1700 4449 ἑαυτῆς
1729 4384 1956 4455 δυνάμει

2058 1908 2412 1979 γεννηθέντος
2441 1910 2643 1982 ταύτην
2670 1911 2935 1981 λαϐούσῃ,
2969 1908 3066 1964 καὶ
3107 1909 3206 1962 ὅσα
3240 1906 3470 1961 τοιαῦτα
3521 1908 3625 1960 ἐτε-

2061 2003 2340 2074 ρατεύετο.

2129 2097 2392 2167 Νομίσειε
2418 2098 2463 2151 δ’
2499 2099 2564 2154 ἀν
2595 2117 2681 2163 τις
2713 2097 2845 2164 ἴσως
2873 2099 2978 2164 ὅτι,
3011 2097 3099 2152 ἵνα
3126 2095 3202 2168 μὴ
3247 2097 3279 2164 ἠ
3316 2097 3416 2165 τῆς
3446 2092 3626 2156 οὖσίας

2059 2191 2251 2262 ἑνότης
2275 2191 2644 2264 διασπασθείη
2673 2191 2862 2256 δεδιὼς
2891 2191 2984 2246 τὸν
3024 2191 3184 2260 λόγον
3229 2189 3375 2244 οὕτω
3403 2187 3625 2250 διέθετο,

2059 2282 2155 2336 καὶ
2201 2283 2298 2346 τάς
2333 2283 2597 2354 δυνάμεις
2628 2284 2838 2347 ταύτας
2871 2283 3216 2354 τελειότητας
3265 2284 3365 2352 τῆς
3417 2281 3627 2349 φύσεως

2057 2373 2383 2446 ἡγούμενος,
2414 2373 2612 2446 ἐπίσης
2661 2377 2728 2446 τῇ
2781 2374 2901 2446 θείᾳ
2952 2373 3062 2428 τῶν
3089 2371 3402 2445 προσώπων
3445 2369 3626 2439 Τριάδι

2055 2466 2400 2537 διενείματοο
2433 2466 2550 2520 ἀλλ’
2590 2466 2691 2521 οὐκ
2741 2465 2960 2535 ἐπίσης,
2996 2465 3158 2532 εἴπερ
3187 2462 3266 2534 τῷ
3308 2461 3491 2530 Πατρὶ
3538 2459 3628 2528 μὲν

2059 2559 2208 2630 μόνῳ
2241 2561 2379 2630 μετὰ
2405 2561 2503 2630 τῆς
2526 2561 2832 2630 ἐνεργείας,
2857 2561 2971 2623 τοῖς
2990 2559 3046 2612 δέ
3071 2557 3279 2618 λοιποῖς
3306 2554 3622 2625 ἀπράκτους

2057 2653 2154 2706 καὶ
2179 2653 2364 2716 κοινὰς
2399 2652 2618 2706 δίδωσι·
2668 2652 2750 2706 διὸ
2789 2651 2886 2707 καὶ
2926 2651 3134 2723 σφόδρα
3181 2647 3625 2719 περιπέπτωκεν,

2056 2745 2179 2801 ὅθεν
2206 2746 2330 2800 λίαν
2367 2747 2651 2815 ἐξέφευγε.
2684 2746 2807 2810 Πῶς
2843 2745 2954 2816 γὰρ
2985 2745 3053 2800 ἂν
3096 2742 3198 2813 τῆς
3223 2742 3398 2812 αὐτῆς
3429 2739 3516 2808 εῖη
3546 2739 3627 2791 οὐ·

2059 2839 2203 2906 σίας,
2237 2837 2307 2894 τὰ
2337 2838 2412 2910 μὴ
2449 2842 2516 2910 τῇ
2548 2840 2686 2910 αὐτῇ
2715 2838 3018 2906 τελειότητι
3039 2838 3236 2906 ἐπίσης
3270 2832 3623 2904 ἐνεργοῦντας

2057 2932 2121 2985 EE
2152 2931 2210 2985 δέ
2251 2932 2414 3002 ἀρκεῖ
2445 2932 2581 3005 πρὸς
2619 2932 2723 3002 τὴν
2753 2931 2983 3000 ἑνότητα
3011 2928 3114 2998 τῆς
3146 2928 3338 2990 οὐσίας
3375 2925 3439 2981 τὸ
3481 2925 3622 2996 ἔχειν

2055 3023 2150 3078 τὸν
2173 3024 2305 3078 Υίδν
2337 3023 2438 3096 τὴν
2463 3025 2792 3096 γεννητικὴν
2819 3025 2948 3079 ἄνευ
2973 3022 3276 3095 ἐνεργείας,
3310 3020 3451 3074 διότι
3477 3018 3624 3072 συνέ-

1983 3152 2027 3211 c
2060 3117 2288 3182 ζευκται
2316 3119 2381 3188 τῇ
2412 3119 2686 3189 γεννήσει,
2713 3118 2775 3172 τὸ
2801 3118 2860 3171 δέ
2888 3117 3114 3187 Πνεῦμα
3133 3118 3194 3170 τὸ
3214 3115 3372 3185 ἅγιον
3394 3114 3514 3211 ἔχει
3536 3112 3628 3211 καί

2063 3210 2378 3282 ἀμφοτέρας
2431 3210 2556 3282 δίχα
2618 3211 2712 3265 καὶ
2753 3211 2884 3265 αὐτὸ
2940 3210 3052 3264 τῶν
3097 3208 3416 3279 ἐνεργειῶν,
3461 3207 3546 3270 τίς
3593 3209 3624 3277 ἡ

2061 3303 2274 3371 ἀνάγκη
2325 3302 2422 3357 τοῦ
2471 3303 2615 3374 ἔχειν
2654 3302 2746 3357 τὸν
2784 3303 2913 3357 Υίδν
2944 3303 3045 3373 τὴν
3072 3299 3448 3371 προϐλητικὴν
3495 3298 3628 3370 μετά

2058 3395 2156 3464 τῆς
2189 3395 2496 3466 ἐνεργείας,
2528 3394 2742 3449 πολλῶν
2767 3393 3024 3448 ἐντεῦθεν
3053 3393 3274 3447 ἀτόπων
3302 3390 3624 3461 φυομένων;

2071 3489 2338 3552 Ἑσώζετο
2359 3487 2468 3559 γὰρ
2511 3487 2581 3542 ἂν
2604 3489 2698 3541 καὶ
2722 3487 2894 3552 οὕτως
2928 3488 2963 3557 ἡ
3007 3486 3106 3556 τῆς
3145 3484 3333 3548 οὐσίας
3374 3483 3561 3553 ἑνότης
3593 3473 3628 3555 ᾗ

2061 3575 2529 3646 συναγωνίζεσθαι
2559 3577 2725 3642 δοκεῖ,
2753 3576 2890 3646 πρὸς
2926 3575 3003 3644 τῷ
3051 3575 3148 3630 καὶ
3196 3573 3266 3628 τά
3297 3574 3478 3628 ἄτοπα
3511 3588 3628 3626 σιω-

2059 3669 2290 3724 πᾶσθαι.
2324 3667 2486 3722 Ἀλλά
2515 3667 2722 3737 μᾶλλον
2745 3668 2794 3720 εί
2814 3667 3064 3722 σύνεστιν
3084 3667 3118 3737 ὴ
3141 3666 3399 3736 γέννησις
3421 3666 3492 3736 τῇ
3514 3664 3628 3716 ἐαυ-

2057 3762 2157 3832 τῆς
2179 3762 2430 3832 δυνάμει,
2455 3763 2489 3832 ὴ
2521 3761 2577 3815 δὲ
2600 3761 2854 3832 γέννησις
2883 3758 3006 3815 κατ’
3031 3759 3314 3830 ἐνέργειαν
3343 3757 3406 3812 οὐ
3424 3755 3627 3811 δέδοται

2059 3853 2135 3924 τῷ
2171 3853 2284 3923 Υίῷ
2315 3853 2438 3906 οὐδὲ
2470 3853 2548 3923 τῷ
2578 3852 2880 3924 Πνεύματι,
2911 3849 3034 3905 ούδέ
3084 3851 3118 3922 ἡ
3156 3848 3390 3919 δύναμις
3441 3847 3628 3910 αὐτῆς.

2059 3945 2180 4000 οὐδὲ
2212 3945 2291 4017 τῷ
2322 3945 2438 4014 Υἱῷ
2468 3945 2575 4015 ἀρα
2609 3945 2728 4016 ἅμα
2753 3943 2833 4015 τῷ
2866 3943 3132 4014 προῖόντι,
3167 3940 3246 4005 ὡς
3285 3941 3316 3994 ό
3345 3939 3508 4009 λόγος
3544 3937 3630 3992 διὰ

2057 4039 2168 4117 τῶν
2187 4039 2363 4107 ἁγίων
2396 4037 2655 4109 ἀπεδόθη.

2130 4127 2247 4186 Εἴθ’
2279 4129 2471 4202 ὥσπερ
2518 4130 2680 4192 αὐτὸς
2715 4128 2911 4183 ἑαυτὸν
2942 4126 3284 4198 ἀνατρέπων,
3325 4125 3417 4188 Ὠς
3473 4141 3629 4202 μετα·

2057 4222 2261 4290 δίδωσι,
2294 4222 2480 4293 φησὶν,
2529 4225 2557 4276 6
2611 4221 2803 4293 Πατὴρ
2848 4223 2962 4286 τοῖς
3009 4220 3069 4288 ἐξ
3115 4218 3282 4274 αὐτοῦ
3331 4218 3444 4273 τῶν
3477 4217 3628 4271 δυνά-

2062 4334 2229 4387 μεων,
2297 4317 2374 4380 ὼς
2425 4315 2780 4386 τελειοτήτων
2828 4314 3009 4386 μόνον,
3055 4313 3154 4385 οὐχ
3205 4314 3283 4376 ὡς
3326 4313 3626 4383 δυνάμεων.

2059 4409 2172 4464 Καὶ
2213 4409 2298 4472 τίς
2327 4407 2395 4463 ἂν
2428 4408 2515 4478 εἴη
2543 4409 2822 4479 τελειότης
2854 4409 2913 4462 ἑν
2941 4405 3020 4478 τῷ
3049 4405 3192 4477 Θεῷ,
3227 4405 3303 4476 μὴ
3345 4407 3441 4459 καὶ
3489 4405 3628 4474 ἔργῳ

380 4465 414 4547 ἦ
447 4473 623 4538 δΥιδς
651 4475 912 4572 γενῂᾷται
941 4473 1124 4572 ὲκᾷτεξῦ
1159 4474 1395 4572 Πετρᾷς.
1427 4477 1665 4572 ποτέραν
1695 4476 1951 4572 γέννησιν
1982 4491 2031 4550 D
2057 4465 2430 4570 τελειουμένη,
2466 4465 2515 4572 η’
2541 4502 2664 4556 καθ’
2704 4465 3081 4572 ἦν’-οὐδέποτε
3129 4465 3365 4569 ἑνεργὲῑ,
3409 4497 3442 4567 ἥ
3489 4465 3628 4563 ιζέρζ

378 4567 468 4620 καὶ
503 4567 739 4639 ποτέραν
764 4567 998 4639 δύναμιν
1019 4568 1102 4622 δεῖ
1130 4570 1271 4624 νοεῖν
1295 4569 1393 4641 τὴν
1421 4569 1794 4640 ἐνεργητικῶς
1821 4570 1957 4642 λαμ-

376 4659 704 4730 ϐανομένην,
737 4659 768 4729 ἢ
801 4660 900 4722 τὴν
935 4660 1292 4732 παθητικῶς;
1315 4661 1409 4734 Μὴ
1442 4661 1826 4733 διορισαμένου
1848 4663 1958 4735 γάρ

376 4750 594 4818 τούτου,
625 4755 829 4824 ἄπορος
865 4755 1087 4818 πάντως
1137 4757 1165 4808 6
1194 4755 1352 4823 λόγος
1398 4755 1570 4810 ἐστίν.
1615 4755 1778 4811 Ἀλλά
1815 4757 1959 4819 κατά

377 4838 505 4902 τοὺς
537 4841 822 4910 θεμελίους
859 4845 959 4914 τῆς
991 4847 1255 4913 πίστεως,
1289 4847 1384 4901 καὶ
1410 4846 1493 4912 ’ὠς
1529 4848 1866 4920 ὑπαγορεύει
1897 4849 1958 4903 τὸ

379 4928 604 4998 ἀληθὲς,
630 4933 854 5000 εὐσεϐὲς
877 4936 942 4990 ἂν
971 4939 1059 5007 εῐη
1095 4938 1276 5008 λέγειν
1304 4938 1380 5002 ώς
1418 4939 1546 4994 ὅταν
1573 4942 1602 4993 6
1629 4940 1786 5010 λόγος
1821 4941 1958 5010 πρὸς

377 5023 471 5077 τὸν
517 5025 743 5096 Πατέρα
777 5027 876 5098 τὴν
925 5031 1229 5102 ἀπόϐλεψιν
1281 5033 1406 5105 ἐχῃ,
1448 5033 1819 5103 ἐκλαμϐάνειν
1875 5034 1958 5088 δεῖ

378 5116 478 5187 τὴν
506 5117 738 5188 δύναμιν
793 5120 891 5172 καὶ
936 5125 1034 5194 τὴν
1078 5125 1332 5196 γέννησιν
1370 5127 1776 5198 ἐνεργητικῶςο
1822 5126 1958 5180 ῖδιον

376 5207 489 5278 γάρ
517 5209 636 5261 ἐστι
673 5207 770 5262 τοῦ
801 5209 1017 5281 Πατρὸς
1065 5214 1128 5266 τὸ
1158 5220 1388 5289 γεννᾷν·
1423 5219 1555 5273 ὅταν
1593 5221 1651 5275 δὲ
1691 5219 1828 5293 πρὸς
1863 5220 1958 5274 τὸν

378 5301 530 5366 Υἱὸν,
556 5303 650 5356 καὶ
681 5302 915 5374 δύναμιν
951 5306 1048 5360 καὶ
1071 5307 1324 5380 γέννησιν
1349 5311 1662 5385 παθητικὴν
1689 5314 1771 5366 δεῖ
1794 5316 1953 5367 νοεῖν⁹

380 5395 513 5447 ἴδιον
537 5395 649 5466 γὰρ
676 5396 840 5452 αὑτοῦ
868 5398 930 5452 τὸ
966 5403 1260 5468 γεννᾶσθαι
1295 5408 1434 5460 κατά
1465 5407 1592 5468 τοὺς
1628 5406 1912 5474 θεολόγους
1939 5421 1954 5436 ⁸

377 5485 721 5557 γεννώμενος
761 5491 893 5564 γὰρ,
928 5493 989 5547 τὸ
1010 5489 1152 5550 εῖναι
1183 5497 1451 5568 λαμϐάνει
1493 5497 1584 5552 διὰ
1626 5501 1954 5570 γεννήσεως,

380 5579 474 5633 καὶ
501 5580 593 5636 διὰ
615 5583 773 5639 τοῦτο
806 5586 955 5652 Υίός.

451 5674 564 5727 Οὐκ
591 5676 812 5746 εὐσεϐὲς
849 5680 896 5736 δ’
920 5683 986 5737 ἂν
1017 5685 1103 5754 εἴη
1138 5683 1336 5752 λέγειν,
1368 5683 1451 5737 ὅτι
1495 5683 1555 5736 τὸ
1595 5687 1788 5757 γεννᾷν
1821 5687 1957 5754 λαμ-

383 5770 536 5828 ϐάνει
570 5772 655 5830 διὰ
686 5779 1013 5850 γεννήσεως,
1048 5781 1108 5834 ού
1139 5779 1246 5850 γὰρ
1290 5781 1382 5839 καὶ
1414 5781 1629 5851 Πατήρ.
1672 5784 1736 5836 "U
1767 5781 1831 5851 δὴ
1861 5782 1954 5833 καὶ

2059 4594 2184 4661 γειά
2243 4595 2395 4659 ἑστι;
2433 4593 2668 4663 Πότερον
2721 4588 2815 4647 οῦν
2865 4588 2934 4663 ἦν
2978 4592 3187 4663 βέλτιον
3232 4591 3330 4654 τὰς
3375 4606 3629 4660 προακτι-

2059 4683 2162 4748 κάς
2202 4683 2464 4753 δυνάμεις
2501 4683 2613 4738 τῶν
2665 4684 2825 4739 θείων
2872 4682 3183 4754 προσώπων
3225 4682 3306 4735 ἐνὶ
3357 4681 3629 4752 προσώπῳ

2057 4775 2136 4846 τῷ
2199 4775 2452 4848 πατρικῷ
2493 4775 2793 4848 ἀφορίζειν,
2843 4776 2912 4830 ἵν’
2957 4778 3136 4830 ἐκεῖνο
3178 4775 3338 4846 μόνον
3503 4791 3629 4843 προ-

2059 4867 2215 4938 άγον,
2243 4869 2311 4922 τὰ
2344 4868 2401 4921 δέ
2430 4867 2600 4921 λοιπὰ
2661 4867 3017 4938 προαγόμενα
3067 4868 3164 4920 καὶ¹
3210 4866 3270 4918 ἐν
3303 4863 3447 4936 ἀρχῇ
3478 4861 3626 4928 ἔλεγε

2059 4961 2242 5024 καλῶς
2293 4959 2453 5014 τοῦτο
2498 4959 2697 5028 λέγων,
2731 4959 2831 5022 τάς
2859 4959 2904 5012 δ’
2937 4956 3482 5027 ἀνταποκρινομένας
3528 4970 3626 5005 τια-

2059 5050 2286 5120 θητικάς
2321 5049 2629 5104 ἀποδιδόναι
2679 5048 2912 5115 τούτοις,
2971 5047 3070 5118 οὐχ
3123 5043 3287 5120 ἦττον
3333 5045 3629 5115 δυναμένας

2058 5143 2140 5204 είς
2163 5140 2256 5194 τὸν
2285 5141 2384 5210 τῆς
2419 5131 2666 5209 ἰσότητος
2699 5139 2878 5208 λόγον,
2913 5139 3064 5192 οὐδὲν
3089 5142 3199 5208 γὰρ
3230 5137 3313 5206 είς
3342 5137 3509 5206 τιμὴν
3539 5133 3626 5188 τοῦ

2061 5235 2319 5304 γεννῆσαι
2344 5232 2480 5286 Θεὸν
2515 5233 2576 5286 τὸ
2607 5232 2673 5286 ἑκ
2702 5230 2838 5285 Θεοῦ
2872 5232 3227 5301 γεννηθῆναι,
3265 5229 3529 5292 ὡσαύτως
3573 5228 3626 5284 δὲ

2058 5327 2306 5397 καὶπερὶ
2347 5325 2444 5378 τοῦ
2477 5324 2825 5394 Πνεύματοςο
2858 5324 2893 5395 ἢ
2929 5323 3018 5378 ἴνα
3043 5324 3208 5392 μόνον
3249 5325 3348 5376 καὶ
3379 5322 3470 5375 τὸν
3505 5322 3626 5376 Υίὸν

2059 5415 2330 5485 προϐολέα
2381 5416 2774 5488 κατασκευάσῃ
2816 5414 2915 5478 τὰς
2964 5413 3304 5484 προακτικάς
3352 5412 3624 5481 δυνάμεις,

2058 5509 2116 5562 αἳ
2163 5509 2238 5571 ὡς
2286 5509 2547 5578 ίδιότητες
2605 5509 2992 5573 ὑποστατικαὶ,
3051 5507 3148 5560 καὶ
3210 5505 3304 5560 τοῦ
3360 5505 3622 5576 πατρικοῦ

2061 5600 2354 5670 προσώπου
2397 5602 2742 5667 συστατικαὶ,
2780 5602 2876 5655 καὶ
2897 5600 2976 5671 τῷ
3002 5601 3179 5670 Πατρὶ
3213 5601 3362 5671 μόνῳ
3392 5598 3626 5670 λογίζον-

2060 5711 2170 5756 ται,
2194 5692 2374 5748 δοῦναι
2413 5696 2524 5756 τοῖς
2551 5691 2612 5759 ἐξ
2632 5693 2800 5746 αὑτοῦ
2831 5693 3103 5762 προῖοῦςι,
3134 5695 3229 5748 καὶ
3269 5695 3409 5764 μετὰ
3439 5695 3499 5747 τὸ
3539 5695 3623 5747 τὸν

2063 5787 2279 5857 Πατέρα
2326 5787 2582 5858 στερῆσαι
2618 5785 2722 5841 τῶν
2753 5786 2988 5856 ἑαυτοῦ,
3023 5787 3154 5843 Τότε
3192 5789 3282 5843 καὶ
3322 5789 3418 5853 τὰς
3455 5788 3511 5853 ἐξ
3537 5785 3622 5840 αὺ-
