3904 6222
326 285 466 352 1049

1450 286 1883 349 REFUTATIO
1926 287 2433 350 ABGYROPULI.

3372 368 3377 373 ι
3428 290 3567 351 ιυῖο

240 470 243 471 ν
324 399 418 457 τοῦ
442 399 737 472 προῖούσας
773 400 1096 463 ὑποστάσεις
1118 400 1457 471 καθυϐρίζει,
1489 400 1771 469 δυνάμεων
1796 402 1890 453 αὐ-
1916 405 1965 462 Α
1995 402 2070 471 μή
2116 400 2181 470 τῇ
2226 402 2383 472 οὐσίᾳ
2422 402 2729 473 παράγουσι
2775 402 2875 473 τὴν
2920 401 3101 454 κτίσιν
3137 401 3354 464 εἰδικῶς
3375 417 3390 431 ·
3423 403 3561 455 ῶστε

322 494 422 557 τὰς
454 491 831 563 ἀνενεργήτων
863 494 1119 562 μετόχους
1151 492 1345 557 είπὼν,
1395 492 1491 546 καὶ
1536 493 1743 565 μυρίων
1783 492 1887 545 δει-

326 585 435 640 νῶν
463 584 559 639 καὶ
582 584 942 655 βλασφημιῶν
976 584 1193 654 ἀναπλῆ
1219 585 1280 638 τὸ
1314 584 1676 655 σύγγραμμα.
1720 584 1886 638 Ἀλλὰ

326 675 488 730 πάλιν
523 674 709 744 ὥσπερ
744 675 851 726 ὑπὸ
884 674 983 742 τῆς
1016 674 1274 742 ἀληθείας
1306 673 1763 741 συνελαυνόμενος
1793 673 1887 727 αῦ-

323 766 409 829 θις
438 766 663 835 ἀφαιρεῖ
709 765 817 820 ἀπὸ
862 764 957 818 τοῦ
992 764 1120 819 Υίοῦ
1146 766 1239 819 καὶ
1260 765 1355 818 τοῦ
1386 764 1701 834 Πνεύματος
1732 765 1767 819 ἃ
1802 763 1888 818 δέὲ

320 856 513 913 δωκεν.
545 859 619 911 ’Ἡ
653 856 705 911 τί
752 856 882 910 ἄλλο
926 856 1174 927 βούλεται
1225 856 1399 926 λέγων
1439 857 1520 910 ὅτι
1565 856 1592 909 ὁ
1644 856 1771 919 Υίδς
1801 855 1889 909 διὰ

320 952 480 1005 τοῦτο
506 952 565 1004 οὐ
595 951 781 1021 γεννᾷ,
808 950 928 1003 οὐδὲ
962 951 1021 1004 τὺ
1053 949 1332 1020 Πνεῦμαῆ
1365 951 1550 1020 γεννᾷ,
1585 949 1618 1021 ἦ
1649 949 1888 1021 προϐάλ-

321 1042 424 1104 λει,
464 1041 598 1095 διότι
641 1039 878 1093 σύνεισιν
913 1041 967 1093 αῖ
1011 1040 1118 1093 τῶν
1168 1040 1414 1108 προόδων
1451 1040 1724 1112 ἐνέργειαι
1767 1041 1888 1102 ταῖς

320 1135 530 1189 ἑαυτῶν
561 1134 888 1202 δυνάμεσιν;
916 1133 1038 1187 Εἰσὶ
1060 1132 1116 1186 δὲ
1139 1134 1247 1203 ἄρα
1276 1134 1334 1186 ἐν
1362 1131 1441 1202 τῷ
1474 1133 1672 1202 Πατρὶ,
1699 1131 1887 1200 ὥσπερ

322 1227 374 1278 αί
414 1226 765 1295 ἐνεργητικαὶ
800 1224 1018 1294 πρόοδοι
1062 1224 1119 1278 αἳ
1151 1224 1211 1276 06
1244 1223 1635 1292 μεταδίδονται,
1670 1222 1790 1276 οὐδὲ
1831 1225 1886 1277 αἱ

321 1315 594 1386 σύστοιχοι
614 1316 819 1370 τούτων
850 1314 1132 1386 δυνάμεις,
1163 1315 1251 1370 ἶνα
1276 1317 1350 1386 μὴ
1382 1317 1652 1385 ἄπρακτοι
1678 1318 1771 1370 καὶ
1798 1333 1890 1370 κε·

319 1408 409 1461 ναὶ
435 1401 570 1460 ὦσιν
602 1408 661 1461 ὲν
694 1408 898 1471 αὐτοῖς.
933 1407 1143 1461 Οὐκοῦν
1172 1407 1296 1460 οὕτε
1331 1406 1391 1460 τὸ
1423 1406 1648 1477 Πνεῦμα
1676 1406 1887 1462 οὐδετέ-

322 1515 419 1566 ραν
449 1496 562 1567 ἔχει
590 1497 837 1566 δύναμιν,
862 1496 990 1551 οῦτε
1028 1498 1136 1567 γὰρ
1170 1498 1356 1569 γεννᾷ,
1396 1494 1522 1549 οὐτε
1570 1495 1883 1563 προϐάλλει,

315 1586 441 1639 οὐτε
495 1587 588 1641 τὸν
645 1586 774 1640 Υίὸν
818 1586 901 1639 δεῖ
939 1586 1083 1656 ἔχειν
1114 1584 1421 1650 οὐδετέραν,
1451 1586 1576 1639 ἐπεὶ
1620 1585 1756 1656 μηδὲ
1788 1584 1885 1655 τὴν

314 1679 530 1749 ἑτέραν.
568 1677 637 1730 Ἢ
666 1678 774 1748 γὰρ
796 1677 984 1748 ἄμφω,
1013 1676 1047 1748 ἢ
1086 1675 1210 1747 μηδ’
1230 1676 1444 1748 ἑτέραν,
1468 1664 1657 1748 ὥσπερ
1678 1671 1771 1730 οῦν
1791 1679 1887 1732 καὶ

1992 492 2226 545 ἐνταῦθα
2281 494 2546 562 πρόδηλος
2595 496 2628 565 ὴ
2670 494 2769 564 τῆς
2798 496 2972 566 ἀρχῆς
2997 494 3187 563 ἑνότης
3216 494 3273 545 ἐν
3306 494 3416 557 τοῖς
3449 512 3558 566 τρι-

1990 578 2205 643 σ“ιν,·ὅτι
2236 579 2327 630 καὶ
2364 579 2628 649 πρόδηλος
2660 583 2693 649 ἠ
2725 582 2827 650 τῆς
2860 583 3145 651 δυνάμεως
3184 583 3458 647 κοινωνία,
3481 585 3558 636 ὅτι

1990 668 2056 721 οὐ
2093 668 2235 722 κατά
2266 668 2363 730 τὰς
2393 670 2738 736 ὑποστάσεις,
2770 674 2900 726 ἀλλά
2935 675 3069 728 καθὸ
3097 674 3155 727 ἓν
3180 676 3283 728 είσι
3308 678 3373 747 τῇ
3405 677 3556 746 οὐσίᾳ

1988 759 2089 828 τὴν
2120 761 2298 813 κτίσιν
2328 761 2692 829 παράγουσιν,
2725 764 2865 816 ὥστε
2908 765 3040 819 καθὸ
3070 766 3129 819 ’ἐν
3166 768 3271 821 είσι
3302 771 3367 835 τῇ
3399 768 3555 821 δυνά-

1994 867 2105 919 μει,
2135 853 2250 905 ἐκεῖ
2279 851 2335 904 δὲ
2358 854 2455 923 οὐχ
2481 854 2673 918 οὕτως.
2704 857 2777 908 Οὐ
2808 859 2917 925 γὰρ
2953 853 3064 910 οἷόν
3095 876 3153 912 τε
3184 860 3283 929 τὴν
3317 861 3556 930 προϐλη-

1988 941 2151 1010 τικὴν
2206 942 2411 1013 ταύτην
2472 946 2702 1014 δύναμιν
2753 948 2981 1017 οὐσιὼδη
3039 951 3203 1017 φάναι
3250 952 3448 1018 ἐφόσον
3495 954 3557 1005 οὐ

1991 1035 2251 1099 πρόσεστι
2280 1035 2375 1087 καὶ
2415 1035 2492 1104 τῷ
2523 1037 2825 1107 Πνεύματι,
2854 1043 3205 1109 προσωπικὸν
3234 1043 3291 1096 δέ
3322 1044 3494 1110 ἐστιν,
3532 1044 3556 1097 ὃ

1992 1126 2067 1195 μή
2104 1127 2249 1179 ἐστιν
2272 1127 2552 1193 οὐσιῶδες,
2582 1130 2675 1182 καὶ
2708 1128 2804 1201 ὅλῃ
2829 1132 2894 1200 τῇ
2920 1131 3041 1201 θείᾳ
3068 1132 3228 1200 φύσει
3255 1137 3559 1204 προσῆκον·

1990 1218 2351 1287 προσωπικὴν
2384 1217 2439 1271 δὲ
2482 1217 2709 1288 δύναμιν
2748 1221 2808 1273 ὲν
2836 1222 3012 1289 Πατρὶ
3050 1224 3147 1275 καὶ
3176 1223 3287 1292 Υίῷ
3321 1227 3452 1294 μίαν
3486 1226 3561 1281 εί-

1988 1323 2076 1360 ναι
2124 1308 2411 1371 ἀδύνατον,
2464 1309 2692 1378 οὐσιώδη
2742 1311 2798 1363 δὲ
2850 1314 2945 1365 καὶ
2989 1313 3084 1385 ὅλῃ
3126 1317 3191 1385 τῇ
3234 1315 3353 1388 θείᾳ
3402 1318 3562 1386 φύσει

1987 1401 2371 1470 προσήκουσαν
2404 1401 2485 1454 ἐτι
2521 1404 2947 1480 ἀδυνατώτερον.
2994 1407 3194 1461 Μέλλοι
3229 1411 3338 1480 γὰρ
3374 1413 3443 1465 ἂν
3471 1412 3565 1465 οῦ-

1984 1492 2173 1563 τως,ἢ
2222 1493 2317 1548 καὶ
2359 1494 2491 1547 αὐτὸ
2544 1495 2605 1547 τὸ
2646 1478 3248 1568 Πνεῦμαπροϐάλλειν,
3354 1502 3563 1572 ἔρημον

1986 1583 2275 1648 οὐσιώδους
2313 1586 2595 1655 δυνάμεως
2623 1586 2703 1653 ὃν,
2745 1587 2820 1657 μὴ
2865 1589 2921 1641 ὲν
2953 1593 3019 1662 τῇ
3068 1590 3289 1662 θεότητι
3338 1595 3439 1665 τῆς
3462 1594 3561 1649 τοῦ

1987 1676 2200 1748 Πατρδς
2236 1678 2330 1730 καὶ
2351 1677 2482 1731 Υίοῦ
2510 1679 2699 1741 οὐσίας
2737 1675 2900 1735 εῖναι.

314 1771 376 1823 τὸ
406 1767 647 1839 Πνεῦμα.
694 1767 836 1822 Ἀλλ’
862 1769 1158 1839 ἐπενόησεν
1187 1768 1349 1832 αὐτὸς
1383 1766 1649 1837 ἀνάγκην,
1683 1762 1718 1843 ᾖ
1746 1785 1884 1840 παρ-
1915 1758 1957 1813 Β
2056 1768 2117 1822 Et
2151 1769 2251 1838 μὲν
2278 1764 2372 1822 οὖν
2403 1766 2515 1822 οἷόν
2558 1787 2617 1823 τε
2651 1764 2720 1840 ἦν
2765 1769 2863 1841 τὴν
2902 1770 3277 1844 προϐλητικὴν
3324 1774 3559 1845 δύναμιν

318 1863 501 1933 ίστησι
556 1861 648 1913 τὸν
695 1859 825 1913 Υῖδν
873 1858 1022 1930 ἔχειν
1075 1861 1175 1929 τὴν
1229 1858 1603 1930 προϐλητικὴν
1653 1859 1885 1931 δύναμιν

311 1955 414 2024 τὴν
441 1954 501 2008 έν
532 1952 710 2022 nam
730 1951 880 2022 αὐτῷ
911 1950 1198 2022 διδομένην
1225 1950 1316 2005 διὰ
1347 1952 1673 2022 γεννήσεως.

823 2063 1392 2153 ΔΡΓΥΡΟΠΟΥΛΟΣ.

393 2179 542 2248 Αὐτὴ
576 2176 684 2248 γὰρ
717 2176 798 2232 ὅθ’
835 2177 964 2242 Υἱὸς
1013 2178 1316 2249 παρῆκται,
1371 2175 1540 2245 μήπω
1590 2175 1883 2247 νοουμένου

313 2271 407 2327 τοῦ
475 2271 792 2341 Πνεύματος
852 2269 1285 2340 ἐκπορεύεσθαι,
1343 2268 1598 2338 καθάπερ
1648 2268 1884 2339 πρόσθεν

315 2365 599 2434 ἐλέγομεν,
645 2363 712 2416 ἑκ
763 2360 974 2431 Πατρδς
1012 2359 1211 2413 δίδοται
1259 2357 1337 2428 τῷ
1394 2357 1510 2426 Υίῷ
1566 2358 1732 2429 μήπω
1789 2357 1883 2411 τοῦ

318 2456 527 2526 Πατρδς
557 2454 633 2517 ὡς
666 2452 974 2524 προϐολέως
1007 2452 1142 2523 αὐτῇ
1178 2453 1239 2505 τὸ
1269 2448 1497 2521 Πνεῦμα
1526 2452 1880 2520 προάγοντος.

580 2533 585 2539 ’
880 2565 1337 2621 ΑΓΑΑΑΙΑΝΟΣ.

348 2736 351 2739 .
387 2688 455 2741 Τί
484 2688 612 2759 φῂς,
648 2684 940 2755 ἄνθρωπε;
969 2681 1361 2749 ξυμϐαίνοιισιν
1389 2679 1496 2751 ἄρα
1538 2681 1605 2751 τῇ
1640 2640 1885 2750 ἡμετέρᾳ

313 2779 501 2848 νοήσει
550 2778 607 2831 αἱ
642 2776 784 2828 θεῖαι
811 2773 907 2827 καὶ
944 2771 1307 2841 ἀκατανόητοι
1337 2771 1558 2839 πρόοδοι
1595 2771 1703 2823 τῶν
1747 2771 1883 2822 ὐπο-

314 2871 560 2923 στάσεων
598 2868 826 2922 έκείνων
876 2866 985 2920 τῶν
1035 2864 1221 2929 θείων,
1272 2862 1367 2916 καὶ
1406 2863 1598 2931 χρόνος
1647 2860 1882 2914 ἐνταῦθα

316 2965 605 3033 θεωρεῖται
632 2962 723 3015 καὶ
744 2961 807 3013 τὸ
839 2960 1105 3028 πρότερον
1135 2957 1226 3011 καὶ
1252 2956 1496 3026 ὕστερον.
1525 2955 1589 3007 Τί
1624 2954 1731 3022 γὰρ
1754 2953 1882 3008 ἄλλο

317 3055 568 3124 βούλεται
602 3053 684 3115 τὸ,
710 3050 930 3103 Δέδοται
964 3049 1043 3117 τῷ
1074 3046 1211 3116 Υίῷ,
1248 3048 1414 3117 μήπω
1445 3045 1541 3099 τοῦ
1570 3046 1781 3116 Πατρδς
1807 3048 1881 3111 ὠς

313 3111 625 3215 προϐολέως
649 3111 711 3194 τὸ
732 3139 956 3210 Πνεῦμα
982 3111 1350 3210 προάγοντοςς
1390 3136 1555 3190 Ἀλλά
1583 3111 1760 3190 ταῦτα
1783 3137 1882 3207 μὲν
1905 3111 1951 3175 C

313 3236 390 3299 ὡς
424 3231 871 3303 προεληλεγμένα
905 3231 996 3282 καὶ
1025 3228 1443 3295 αὐτεξέλεγκτα,
1469 3229 1563 3279 καὶ
1599 3226 1880 3298 προδήλως

200 3324 210 3333 ’
315 3328 633 3399 βλάσφημα,
665 3323 786 3377 οὐδὲ
818 3321 1027 3375 πολλῶν
1056 3322 1265 3375 δέονται
1291 3320 1464 3389 λόγων
1484 3336 1498 3352 ·
1538 3320 1671 3387 πρὸς
1698 3320 1754 3374 δὲ
1783 3319 1881 3389 τήν

312 3420 574 3487 δευτέραν
630 3413 740 3468 τῶν
787 3413 1031 3482 ἀποριῶν
1093 3412 1184 3466 καὶ
1229 3412 1329 3481 τὴν
1376 3410 1530 3464 λύσιν
1569 3412 1738 3481 αὐτῆς
1787 3410 1880 3464 ῐω-

320 3526 441 3580 μεν.

398 3599 521 3662 Πῶς
553 3594 647 3654 οῦν
679 3598 741 3651 οὐ
762 3597 854 3651 δύο
876 3596 1045 3667 ἀρχαι
1064 3596 1207 3650 δυοῖν
1235 3582 1403 3649 ὅντων
1427 3594 1535 3648 τῶν
1554 3594 1882 3663 προϐαλλόνο

318 3706 449 3752 των,
478 3687 511 3757 ἢ
537 3687 649 3750 πῶς
674 3686 734 3739 οὐ
762 3683 1074 3754 ξυναλονιφὴ,
1105 3687 1154 3737 εί
1185 3683 1279 3737 δύο
1305 3684 1403 3754 μία
1433 3684 1610 3754 ἀρχῆς
1647 3685 1785 3754 Πρὸς
1815 3685 1879 3753 δὴ

318 3782 415 3848 τὴν
442 3777 698 3845 τοιαύτην
718 3777 950 3848 ἀπορίαν
972 3775 1168 3843 ἐπάγει
1190 3774 1292 3843 μὲν
1315 3773 1508 3839 πολλὰ,
1537 3775 1710 3827 δοκῶν
1733 3774 1880 3829 λύειν

320 3871 511 3939 αὐτὴν,
548 3868 701 3921 οὐδὲν
729 3868 786 3921 δὲ
810 3867 958 3935 ὑγιές
991 3867 1140 3919 ἐστιν
1175 3865 1372 3918 αὐτῶν.
1409 3866 1616 3933 Διαιρεί
1647 3864 1748 3932 μὲν
1773 3865 1880 3936 γὰρ

316 3961 413 4030 τὴν
446 3958 621 4029 ἀρχὴν
668 3959 748 4020 είς
794 3949 1107 4028 δύναμιν,ᾖ
1141 3955 1371 4025 προάγει
1410 3954 1469 4006 τὸ
1503 3954 1878 4026 προαγόμενον

316 4054 628 4123 πρόσωπον,
656 4049 749 4103 καὶ
771 4050 850 4111 είς
882 4048 945 4100 τὸ
968 4048 1260 4117 πρόσωπον
1294 4045 1425 4099 αὐτὸ
1458 4044 1486 4097 ὃ
1509 4045 1759 4113 προάγει,
1786 4045 1883 4098 καὶ

316 4144 704 4214 συμπεραίνων
766 4141 963 4204 οἴεται,
1031 4138 1196 4208 μηδὲν
1254 4133 1397 4191 εἶναι
1457 4138 1680 4203 ἄτοπον,
1741 4136 1879 4207 μηδὲ

314 4227 808 4303 παραϐλάπτεσθαι
836 4228 896 4281 τὸ
932 4227 1219 4297 μοναδικδν
1248 4229 1348 4295 τῆς
1371 4226 1568 4297 ἀρχῆς,
1601 4229 1649 4280 εί
1673 4227 1766 4279 δύο
1797 4226 1881 4279 λέ-

316 4344 501 4397 γοιντο
550 4325 818 4395 πρόσωπα
877 4319 1254 4390 προϐάλλοντα
1306 4321 1403 4375 καὶ
1450 4319 1543 4373 δύο
1585 4321 1751 4391 ἀρχαὶ
1804 4320 1880 4383 ὡς

1989 1859 2259 1933 ὑπάρχειν
2303 1862 2398 1915 καὶ
2441 1861 2519 1931 τῷ
2556 1861 2694 1931 Υίῷ,
2723 1864 2821 1916 καὶ
2864 1864 2999 1937 μήτε
3044 1864 3079 1935 ή
3112 1865 3208 1920 τοῦ
3240 1867 3557 1937 Πνεύματος

1988 1950 2181 2022 θεότης
2216 1952 2608 2017 ὲκινδυνεύετο,
2640 1956 2779 2023 μήτε
2831 1955 2871 2022 ἡ
2916 1953 3026 2010 τῶν
3079 1958 3388 2029 προσώπων
3439 1960 3558 2016 διά-

1984 2064 2168 2118 κρισις
2193 2065 2208 2080 ο
2237 2048 2390 2103 οὐδὲν
2442 2048 2510 2103 ἂν
2556 2044 2625 2120 ἦν
2647 2049 2885 2122 χαλεπὸν
2930 2049 3022 2105 διὰ
3056 2053 3154 2123 τὴν
3195 2053 3461 2126 διαίρεσιν
3491 2059 3558 2129 ἢν

1984 2138 2170 2209 τίθησι
2228 2139 2329 2210 τῆς
2378 2140 2573 2213 ἀρχῆς,
2628 2144 2829 2211 τρόπον
2863 2145 2984 2199 τινὰ
3046 2145 3179 2216 μίαν
3230 2147 3405 2221 ἀρχὴν
3456 2151 3555 2205 τοῦ

1986 2229 2304 2299 Πνεύματος
2334 2230 2500 2284 εἰπὼν
2543 2233 2637 2286 τὸν
2671 2234 2890 2304 Πατέρα
2938 2235 3038 2288 καὶ
3068 2236 3159 2289 τὸν
3194 2237 3340 2304 Υίὺν,
3370 2241 3452 2296 ὅτι
3490 2247 3554 2314 τῇ

1985 2323 2140 2391 κοινῇ
2165 2322 2258 2374 καὶ
2290 2322 2394 2393 μιᾷ
2416 2322 2575 2394 οὐσίᾳ
2604 2323 2763 2377 τοῦτο
2794 2324 3036 2394 προῆγον
3061 2326 3127 2380 ἄν
3145 2341 3161 2359 ⁸
3189 2328 3313 2383 ιπεὶ
3345 2331 3403 2385 δὲ
3426 2333 3555 2387 ἀδύ-

1984 2428 2146 2464 νατον
2190 2412 2456 2482 ὑπάρχειν
2500 2414 2578 2483 τῷ
2618 2414 2732 2483 Υἱῴ
2778 2416 2876 2482 τὴν
2903 2416 3160 2487 τοιαύτην
3204 2418 3435 2492 δύναμιν
3467 2426 3554 2479 διά

1984 2517 2044 2553 τε
2083 2501 2149 2554 τὰ
2198 2501 2294 2555 νῦν
2347 2503 2636 2572 εἰρημένα,
2683 2503 2778 2555 καὶ
2824 2502 2998 2558 ἀλλων
3050 2507 3259 2562 πολλῶν
3304 2510 3467 2565 ἕνεκα
3519 2515 3556 2569 ἃ

1987 2591 2423 2661 παραλέλειπται
2453 2593 2613 2665 χάριν
2645 2597 2958 2666 συντομίας,
2990 2597 3051 2650 οὐ
3079 2598 3210 2653 διότι
3237 2602 3469 2672 ἠδύνατο
3489 2605 3556 2660 ἂν

1984 2680 2169 2749 τρόπῳ
2235 2679 2338 2749 μία
2387 2680 2529 2734 εῖναι
2570 2685 2629 2737 ὲν
2689 2685 2915 2752 ἀμφοῖν,
2970 2686 3029 2738 εί
3085 2704 3150 2755 γε
3208 2690 3303 2743 καὶ
3352 2694 3555 2764 ἀμφοῖν

1985 2769 2199 2838 παρῆν·
2227 2770 2315 2822 διὰ
2353 2770 2514 2824 τοῦτο
2556 2775 2936 2844 πιστεύσωμεν
2982 2779 3073 2830 καὶ
3114 2779 3192 2849 τῷ
3224 2780 3337 2849 Υίῷ
3378 2783 3553 2838 ταῦτα

1984 2863 2290 2931 προσεῖναι,
2314 2862 2466 2928 παρά
2490 2862 2691 2931 φαῦλον
2716 2864 2929 2934 θέμενοι
2964 2868 3168 2932 ἐκεῖνα,
3196 2869 3264 2923 δι’
3294 2873 3397 2925 ὅσα
3421 2874 3552 2929 ἀδύ-

1984 2952 2143 3005 νατόν
2177 2954 2294 3005 ἐστι
2333 2956 2617 3023 προσεῖναι
2648 2956 2743 3008 καὶ
2776 2956 2855 3026 τῷ
2904 2958 3016 3027 Υίῷ
3056 2960 3262 3031 ταύτην
3317 2964 3551 3034 μέγιστα

1984 3039 2132 3106 ὄντα,
2169 3045 2262 3096 καὶ
2285 3042 2384 3112 οὐχ
2416 3036 2503 3095 οἷα
2529 3045 2844 3115 παρῶφθαι,
2871 3043 2945 3100 ὦν
2976 3046 3092 3101 ἔνια
3120 3052 3217 3105 καὶ
3243 3056 3300 3108 ὲν
3327 3059 3441 3120 τοῖς
3473 3060 3552 3112 εί·

1984 3133 2241 3202 ρημένοις
2267 3133 2384 3187 ἐστὶ
2416 3134 2510 3187 καὶ
2529 3134 2616 3187 διά
2642 3135 2750 3188 τῶν
2778 3136 2950 3205 ἁγίων
2981 3139 3355 3201 ἀποδέδεικται
3377 3162 3393 3179 ⁶
3434 3144 3549 3203 οἷον

1981 3224 2045 3278 τὸ
2072 3224 2310 3296 ἰδιότητα
2351 3226 2445 3278 τοῦ
2480 3226 2694 3298 Πατρὸς
2739 3222 2877 3281 εἶναι
2904 3231 3003 3300 τὴν
3035 3234 3209 3305 ἀρχὴν
3250 3238 3342 3290 καὶ
3369 3239 3429 3293 τὸ
3461 3242 3549 3294 αῖ-

1982 3331 2116 3382 τιον,
2158 3320 2251 3369 καὶ
2279 3316 2335 3370 τὸ
2357 3318 2600 3388 γόνιμον,
2626 3321 2717 3372 καὶ
2747 3322 2816 3375 τὰ
2836 3324 3061 3377 τοιαῦτα
3092 3327 3233 3379 κατά
3274 3332 3398 3393 τοὺς
3425 3331 3544 3386 θεο-

1981 3408 2172 3476 λόγους
2200 3407 2281 3473 οἷς
2311 3411 2371 3463 οὐ
2406 3411 2622 3480 συνᾴδει
2656 3413 2716 3465 τὺ
2757 3415 2852 3466 καὶ
2879 3414 2972 3467 τὸν
3000 3415 3127 3471 Υἱὸν
3158 3421 3428 3489 προϐολέα
3467 3422 3547 3478 εί-

1982 3517 2069 3553 ναι
2098 3500 2192 3553 τοῦ
2220 3500 2560 3571 Πνεύματος,
2590 3502 2623 3575 ἢ
2656 3503 2846 3570 αἴτιον,
2874 3506 2906 3577 ἢ
2956 3506 3057 3560 ὅσα
3084 3511 3311 3564 τοιαῦτα
3344 3514 3395 3566 οί
3444 3516 3546 3586 τὴν

1983 3590 2261 3659 θεολογίαν
2320 3593 2428 3645 τῶν
2487 3594 2661 3661 ἁγίων
2709 3597 3177 3665 παραφθείροντες
3233 3605 3544 3675 ἐπισφαλῶς

1981 3682 2253 3751 λέγουσιν.
2291 3682 2506 3754 Ὠσπερ
2543 3683 2637 3737 οῦν
2667 3685 2715 3763 εί
2741 3685 2830 3739 διὰ
2858 3688 2927 3740 τὰ
2959 3691 3227 3757 πρόσωπα
3259 3697 3386 3765 τρία
3414 3698 3546 3753 ὄντα

1980 3777 2129 3844 τρεῖς
2159 3775 2421 3843 ἐλέγομεν
2454 3775 2629 3840 θεοὺς,
2658 3778 2757 3847 τὴν
2780 3779 3080 3836 ηπολυθεῖαν
3107 3786 3205 3837 οὐκ
3239 3788 3307 3840 ἂν
3350 3790 3546 3858 ἐξεφύ-

1964 3883 2152 3936 ηγομεν
2173 3906 2188 3933 ,
2217 3868 2323 3919 κᾶν
2353 3869 2550 3921 ὁπόσον
2580 3872 2644 3939 τῇ
2684 3873 2783 3942 μιᾷ
2815 3872 3030 3941 θεότητι
3065 3878 3501 3949 καταφεύγωμεν
3524 3899 3539 3913 ο

1979 3962 2151 4026 οὕτως
2180 3963 2301 4017 οὐδὲ
2324 3965 2542 4018 Λατῖνοι
2578 3968 2676 4035 τήν
2709 3966 2964 4038 θεαρχίαν
2995 3970 3402 4045 ἐκφευξοῦνται,
3436 3979 3542 4045 ἕως

1980 4054 2073 4107 δύο
2106 4055 2371 4121 πρόσωπα
2393 4057 2486 4110 δύο
2515 4058 2918 4131 προϐάλλοντας
2939 4063 3210 4132 λέγοντες,
3251 4068 3353 4120 κᾶν
3389 4071 3545 4144 διαρ-

1983 4147 2213 4216 ραγῶσι,
2241 4150 2372 4217 μίαν
2405 4150 2463 4202 εν
2491 4149 2695 4219 ἀμφοῖν
2734 4150 2964 4222 δύναμιν
3001 4157 3374 4231 προϐλητικὴν
3402 4160 3543 4220 εἶναι

1984 4237 2238 4308 βοῶντες.
2309 4239 2525 4311 ’Ὠσπερ
2587 4241 2695 4311 γὰρ
2756 4245 2930 4299 ἐκεῖνο
2998 4248 3133 4301 πᾶσι
3198 4253 3311 4315 τοῖς
3366 4254 3546 4325 ἁγίοις

1982 4330 2174 4396 ἀσεϐὲς
2220 4331 2398 4397 ἔδοξεν
2444 4329 2604 4401 εῖναι,
2635 4331 2776 4387 οὕτω
2818 4335 2912 4387 καὶ
2958 4337 3118 4392 τοῦτο
3166 4343 3300 4395 πᾶσι
3354 4349 3546 4401 σεσιώ-

317 4413 606 4484 πρόσωπα,
634 4411 755 4463 ἐπεὶ
788 4408 887 4478 μιᾷ
914 4408 1141 4477 δυνάμει
1172 4408 1272 4462 καὶ
1287 4411 1355 4481 τῇ
1385 4409 1523 4481 αὐτῇ
1553 4408 1631 4480 τῷ
1658 4408 1879 4480 ἀριθμῷ
1911 4448 1954 4504 D
1986 4436 2181 4490 πηται,

316 4504 621 4577 προϐάλλου
630 4519 733 4558 σιν.

397 4596 625 4665 Ἐρείδει
657 4596 715 4648 δὲ
735 4595 828 4648 τὸν
860 4595 1019 4663 λόγον
1038 4597 1133 4650 καὶ
1156 4593 1273 4659 πῶς
1296 4609 1315 4662 ;
1340 4595 1501 4665 Τρεῖς
1536 4595 1713 4667 ἀρχὰς
1740 4591 1878 4649 εἶναι

312 4689 489 4756 λέγων
517 4687 619 4757 τῆς
655 4689 907 4750 κτίσεως,
936 4687 1028 4739 τὸν
1059 4687 1278 4757 Πατέρα
1304 4685 1400 4739 καὶ
1430 4685 1523 4739 τὸν
1549 4686 1678 4741 Υίὺν
1702 4686 1880 4740 καὶτὸ

311 4779 470 4849 ἅγιον
520 4778 769 4847 Πνεῦμα,
802 4780 902 4849 μιᾷ
947 4778 1001 4831 δὲ
1026 4779 1174 4848 ὅμως
1222 4778 1453 4847 δυνάμει
1499 4778 1875 4848 δημιουργεῖν,

309 4871 391 4923 διὸ
420 4871 513 4922 καὶ
535 4869 633 4923 ἕνα
655 4864 794 4922 εἶναι
819 4868 1151 4939 δημιουργὸν
1182 4867 1276 4921 καὶ
1300 4866 1422 4921 καθ’
1443 4868 1741 4939 ὁμοιότητα
1761 4868 1881 4921 τού-

309 4979 404 5015 του
439 4961 598 5031 φησὶ,
632 4959 803 5030 μηδὲν
826 4959 1057 5013 κωλύειν
1093 4961 1185 5013 καὶ
1217 4960 1310 5012 δύο
1332 4958 1632 5040 ἀρχάςότδν
1661 4960 1879 5030 Πατέρα

312 5052 493 5120 λέγειν
527 5057 621 5105 καὶ
651 5051 742 5103 τὸν
772 5049 922 5115 Υίδν,
962 5052 1057 5105 καὶ
1090 5051 1184 5105 δύο
1218 5052 1621 5120 προϐάλλοντας
1643 5067 1659 5085 ο
1694 5053 1791 5106 ἕνα
1822 5052 1880 5105 δὲ

309 5148 458 5216 ὅμως
488 5142 785 5213 προϐολέα,
822 5143 901 5212 τῷ
932 5145 1062 5212 μίαν
1084 5144 1141 5196 ὲν
1165 5143 1368 5212 ἀμφοῖν
1400 5143 1771 5213 προϐλητικήν
1803 5138 1879 5196 εῖ-

310 5252 399 5287 ναι
463 5234 730 5301 δύναμινο
792 5233 993 5285 ὡσανεὶ
1057 5232 1246 5299 ἔλεγεν
1308 5234 1389 5285 ὅτι
1445 5235 1597 5303 τρεῖς
1658 5235 1724 5286 ἂν
1789 5233 1878 5286 λέ-

308 5325 631 5393 γοιντοςθεοὶ
658 5324 732 5386 ὡς
755 5323 881 5393 τρία
912 5323 1199 5393 πρόσωπα,
1230 5323 1327 5392 μία
1357 5324 1507 5393 ὅμως
1531 5322 1740 5391 θεότης.

391 5415 553 5468 Ἀλλά
572 5414 879 5467 τούναντίον
902 5413 1138 5477 ἅπαντες
1174 5415 1321 5483 ἅγιοι
1344 5415 1592 5484 λέγουσιν
1616 5417 1873 5484 εὐσεϐῶς,

308 5509 391 5562 ὃτι
419 5511 475 5562 αἱ
506 5511 654 5577 τρεῖς
684 5508 1009 5572 ὑποστάσεις
1049 5508 1158 5561 εἰσὶ
1199 5508 1299 5577 μία
1324 5511 1421 5577 τῆς
1457 5510 1685 5573 κτίσεως
1707 5510 1872 5580 ἀρχὴ,

307 5600 389 5651 ὅτι
425 5600 564 5652 κατά
592 5600 692 5669 τὴν
731 5599 960 5670 ἑνότητα
991 5600 1093 5669 τῆς
1115 5600 1302 5663 οὐσίας
1326 5600 1502 5653 αὐτῶν
1540 5602 1571 5669 ή
1615 5601 1875 5669 δημιουρ-

307 5691 438 5762 γικὴ
468 5694 757 5761 πρόσεστιν
789 5692 980 5753 αὐταῖς
1006 5691 1254 5759 δύναμις,
1281 5693 1373 5746 καὶ
1406 5693 1677 5761 ἐνέργεια,
1700 5695 1746 5745 εἰ
1781 5696 1873 5745 καὶ

2052 4509 2265 4565 Οὐκοῦν
2296 4513 2420 4567 ἐπεὶ
2458 4514 2571 4577 τοῖς
2604 4514 2864 4580 τοιούτοις
2899 4519 2998 4590 οὐχ
3038 4519 3239 4586 ἱκανῶς
3275 4521 3462 4580 λύεται
3507 4528 3542 4598 ή

1979 4599 2185 4671 ἀπορία
2215 4603 2310 4656 καὶ
2334 4601 2395 4655 τὸ
2423 4601 2518 4655 δύο
2550 4604 2723 4675 ἀρχὰς
2755 4606 2933 4675 λέγειν
2961 4609 3051 4664 τὸν
3085 4612 3302 4683 Πατέρα
3330 4614 3427 4668 καὶ
3451 4616 3544 4670 τὸν

1982 4690 2130 4757 Υίὸν,
2160 4690 2362 4759 φαῦλόν
2390 4693 2540 4746 ἑστιν
2560 4694 2656 4747 καὶ
2682 4696 2958 4764 αίρετικὸν
2992 4700 3085 4754 καὶ
3112 4701 3174 4753 τὸ
3210 4703 3340 4771 μίαν
3367 4705 3544 4775 ἀρχὴν

1978 4783 2080 4846 τὰς
2112 4782 2206 4836 δύο
2238 4783 2416 4851 λέγειν
2441 4785 2791 4854 ὑποστάσεις,
2834 4792 2928 4843 καὶ
2966 4788 3065 4862 τήν
3119 4794 3449 4866 συναλοιφὴν
3479 4801 3542 4851 οὐ

1979 4870 2370 4942 διαπέφευγεν.
2406 4868 2501 4937 Οἷς
2529 4874 2638 4946 ἄρα
2671 4877 2990 4947 περιπίπτει
3029 4883 3056 4934 ό
3082 4881 3253 4936 ταῦτα
3282 4885 3470 4950 ἀξιῶν.

2051 4966 2162 5019 Καὶ
2190 4965 2254 5035 δὴ
2286 4966 2376 5020 τὸν
2408 4967 2567 5035 λόγον
2599 4968 2824 5024 τελειῶν
2852 4971 3023 5026 πολλὰ
3061 4975 3161 5042 μὲν
3191 4979 3318 5048 περὶ
3348 4980 3541 5034 ἑαυτοῦ

1984 5057 2475 5127 μεγαλορρημονεῖ,
2510 5059 2666 5111 ἐνίων
2699 5076 2758 5110 τε
2808 5064 3197 5133 κατεπαίρεται
3246 5066 3345 5137 τὴν
3388 5073 3539 5123 ἐναν

1979 5145 2100 5197 τίαν
2123 5147 2294 5216 δήπου
2313 5146 2487 5217 τούτῳ
2512 5148 2848 5217 φερομένων,
2876 5156 3183 5224 κομπηροῖς
3204 5174 3311 5209 τισι
3330 5160 3540 5229 ῥήμασι

1980 5236 2281 5305 λεληθότως
2311 5237 2516 5291 τούτων
2537 5239 2972 5309 καθαπτόμενος,
3005 5237 3079 5298 ὧν
3115 5247 3238 5315 ἡμῖν
3268 5248 3421 5314 λόγος
3450 5249 3538 5301 οὐ-

1978 5330 2084 5390 δεὶ;
2117 5331 2226 5392 τοῖς
2274 5346 2337 5397 γε
2368 5331 2645 5401 σώφροσιν
2690 5332 2895 5400 ἀφιεῖσι
2947 5335 3045 5405 τήν
3087 5340 3267 5403 κρίσιν
3308 5335 3534 5400 τούτων,

1977 5421 2065 5486 ἐφ’
2100 5414 2143 5486 ᾧ
2175 5421 2380 5490 πότερα
2424 5422 2675 5493 ποτέροις
2724 5427 2989 5495 προσήκει
3018 5426 3308 5493 διαγνῶναι
3329 5441 3344 5456 ⁶
3374 5428 3536 5496 ἡμεῖς

1977 5514 2032 5565 δὲ
2063 5514 2121 5565 οὐ
2156 5514 2290 5583 πρὸς
2338 5516 2434 5585 τὴν
2466 5516 2699 5570 καθόλου
2730 5516 2863 5588 ὕλην
2893 5519 2992 5586 τῆς
3042 5518 3244 5586 μεταξὺ
3287 5518 3444 5588 ἡμῶν
3474 5537 3535 5572 τε

1978 5604 2072 5656 καὶ
2104 5605 2348 5659 Λατίνων
2374 5608 2635 5678 διαφορᾶς
2666 5608 2758 5661 τὸν
2795 5609 3041 5677 παρόντα
3066 5607 3220 5675 λόγον
3251 5610 3539 5678 ἐνεστησά-

1981 5696 2143 5762 μεθα,
2169 5697 2255 5749 ἵνα
2288 5700 2789 5767 κατασκευάσωμεν
2821 5698 2879 5749 τὸ
2906 5698 3116 5751 ἑαυτῶν
3146 5700 3534 5761 συμπέρασμα.
