3904 6222
277 348 416 415 1053
486 320 493 325 ’
714 353 745 363 '
1138 355 1306 415 me:
1344 355 1691 416 MONACHI
1733 352 2181 433 morsuum
2219 355 2299 418 IN
2344 356 2712 419 PSALMOS.
3384 356 3520 425 1054

275 506 3517 537 mm

1062 638 1643 793 JOSEPI-Il
1760 680 2723 799 PATRIARGHZE

1498 929 2303 1022 EPITAPHIUM.

826 1080 971 1142 (Acta
1001 1093 1141 1130 conc.
1168 1080 1389 1134 Floreut.
1417 1082 1475 1131 ab
1499 1082 1701 1132 Horatio
1720 1084 1999 1133 Iustiniano
2031 1085 2251 1137 collecta.
2280 1088 2445 1138 Romae
2474 1089 2612 1151 1638,
2630 1089 2745 1152 (OL,
2770 1104 2818 1153 p.
2842 1092 2976 1154 εει.)

275 1356 535 1413 Ecclesia:
562 1356 792 1411 antistes
831 1356 1038 1414 fueram
1074 1361 1166 1430 qui
1195 1375 1423 1432 magnus
1451 1363 1597 1428 ane,

1874 1386 1925 1443 Α
2020 1368 2326 1440 Iunctaque
2350 1371 2606 1428 Romanae
2636 1384 2720 1429 est
2754 1390 2842 1433 me
2864 1379 3001 1433 duce
3030 1378 3190 1436 Graia
3229 1384 3385 1441 ﬁdes.

349 1450 447 1503 IIic
468 1450 625 1518 jaceo
648 1466 875 1522 magnus
913 1452 1173 1523 religione
1201 1452 1422 1525 Joseph.

1959 1462 2067 1517 Nee
2097 1478 2282 1530 mora;
2313 1467 2566 1532 deeubui,
2596 1478 2742 1524 nunc
2773 1472 3156 1527 me'Florcntia
3188 1489 3389 1543 servat,

276 1542 391 1597 lIoc
414 1559 577 1597 unum
616 1554 884 1613 optaram.
908 1546 1045 1601 miro
1075 1545 1438 1603 inﬂammatus
1467 1564 1673 1616 amore,

354 1636 506 1689 Unus
534 1649 595 1691 ut
627 1636 856 1705 Europa:
879 1636 1091 1703 cultus,
1124 1648 1178 1692 ct
1212 1655 1314 1693 una
1344 1643 1494 1696 lides.

276 1726 484 1781 Italiam
521 1729 671 1798 petii,
699 1728 877 1785 fwdus
900 1730 1264 1799 percussimus
1294 1749 1458 1789 unum
1481 1752 1496 1800 ;

2030 1554 2146 1621 Qua
2172 1571 2324 1611 nunc
2354 1558 2644 1613 concilium
2689 1558 2871 1615 ﬂoruit
2900 1564 3034 1618 urbe
3070 1576 3306 1624 sacrum.

1958 1644 2130 1712 Felix,
2166 1648 2257 1716 qui
2280 1656 2433 1702 tanto
2454 1652 2690 1705 donarer
2721 1664 2945 1709 munere
2975 1656 3190 1723 vivens,

2026 1736 2127 1803 Qui
2162 1752 2406 1796 morerer
2434 1740 2543 1795 voti
2580 1757 2799 1813 compos
2819 1753 2872 1799 et
2898 1745 3014 1815 ipse
3043 1748 3169 1802 mei.
3244 1766 3249 1781 ‘-

320 1878 351 1884 ,γ

1021 1959 1425 2250 JOB
1556 2071 2755 2306 MONACHUS
2896 2044 2917 2155 ί

1597 2527 2223 2622 ΜΟΝΙΤΗΜε

344 2802 534 2883 Codex
594 2823 948 2879 Taurinensis
977 2821 1283 2879 CLXXVIII
1322 2824 1371 2886 ι),
1409 2821 1477 2886 II,
1505 2823 1594 2885 59.,
1629 2824 1978 2885 chnrlaceus,
2036 2834 2295 2879 constans
2350 2826 2492 2882 foliis
2524 2828 2610 2893 70,
2654 2828 2839 2883 smculi
2874 2845 2985 2884 xw.
3030 2829 3153 2882 ’1ὼό
3188 2831 3519 2903 ἅμαρτωλοῦ

268 2915 439 2985 ἠθικὴ
459 2915 658 2984 Θεωρία
688 2914 765 2975 είς
788 2913 884 2975 τὰς
910 2913 1070 2980 ἁγίας
1097 2912 1284 2981 φωνὰς
1312 2910 1405 2962 τοῦ
1433 2912 1713 2981 προφήτου
1735 2910 1845 2979 Δαβ

1956 2912 2070 2967 Iobi
2095 2920 2383 2984 peccatoris
2416 2919 2615 2973 thearia
2646 2923 2861 2974 moralis
2896 2924 2948 2975 in
2973 2933 3189 2977 sanctas
3220 2941 3361 2979 voces
3392 2940 3518 2991 pro-

272 3008 442 3077 pheta:
466 3006 703 3059 Doridis.
746 3004 839 3058 Est
900 3005 1153 3058 nimirum
1210 2996 1633 3056 commentarius
1686 3002 1740 3055 in
1793 3000 2061 3069 Psalmos.
2121 3019 2225 3057 non
2275 3008 2489 3073 quidem
2541 3022 2751 3073 omnes,
2786 3009 2880 3063 sed
2912 3011 3218 3078 quindecim
3260 3013 3520 3066 duntaxat

269 3095 508 3164 priores.
544 3094 669 3159 Ejus
705 3101 898 3145 auctor
928 3092 1127 3145 dicitur
1156 3088 1323 3143 Jolms
1355 3099 1617 3158 peccator.
1650 3087 1784 3154 Quis
1814 3099 1993 3141 autem
2039 3086 2201 3140 fuerit
2246 3087 2333 3141 hic
2374 3086 2542 3142 Jobus
2583 3101 2844 3157 peccator,
2878 3102 3064 3161 magna
3104 3094 3232 3147 licet
3275 3093 3519 3149 adhibita

274 3181 578 3251 diligentia,
601 3180 740 3247 apud
776 3176 1048 3232 nemin’em
1082 3190 1268 3229 eorum
1296 3178 1540 3246 reperire
1573 3179 1845 3247 potuimus
1879 3176 1970 3243 qui
1997 3177 2062 3227 de
2093 3173 2390 3264 Scriptura;
2414 3176 2819 3248 interpretibus,
2843 3179 2925 3235 vel
2948 3179 3150 3237 Graecis
3180 3182 3262 3237 vel
3289 3180 3521 3264 Latinis,

274 3270 441 3325 verba
469 3268 736 3324 fecerunt.
774 3265 1132 3321 Praemittitur
1155 3265 1312 3321 initio
1342 3268 1690 3335 prooemium,
1727 3265 1872 3336 quod
1900 3261 2205 3331 huiusmodi
2231 3273 2334 3319 est.
3184 3276 3193 3281 ‘

1269 3528 1568 3643 .IOBI
1658 3492 2545 3643 PECCATORIS

1669 3752 2106 3816 PROCEMIUM

1051 3926 1896 4041 COMMENTARII
1977 3950 2105 4038 IN
2183 3951 2750 4071 PSALMOS.

347 4218 557 4280 Σκοπός
606 4218 753 4270 ἐστιν
799 4215 933 4284 ἡμῖν
985 4216 1500 4285 αὐτοσχεδιάζουσιν
1539 4219 1597 4269 ὲν
1646 4215 1723 4286 τῷ
1754 4219 1853 4280 τὰς

2034 4221 2243 4292 Scopus
2265 4233 2350 4279 est
2371 4225 2528 4280 nobis
2555 4230 2747 4295 spent‘e
2769 4222 2860 4278 hic
2890 4220 3174 4280 Davidicas
3210 4238 3367 4281 voces
3398 4241 3520 4281 rur-

279 4313 434 4384 ῑερὰς
468 4310 758 4372 Δαυῖτικὰς
791 4307 975 4376 φωνὰς
1006 4309 1341 4374 ἀναξαίνειν,
1382 4309 1850 4380 ὠςὰρωματικήν

1958 4327 2075 4367 sum
2102 4325 2359 4379 atterere,
2412 4324 2667 4382 tanquam
2697 4316 3046 4368 aromaticam
3081 4315 3368 4381 quamdam
3402 4319 3523 4388 thy-

276 4422 399 4457 τινα
435 4400 799 4472 Θυμιαμάτων
853 4398 1080 4451 εὐωδίαν
1138 4399 1560 4464 ἀνασκὰλλοὺσι,
1612 4400 1702 4452 καὶ
1753 4400 1855 4468 ψυ-

277 4496 382 4566 χὴν
448 4493 545 4547 καὶ
589 4493 829 4546 διάνοιαν
893 4491 990 4543 καὶ
1046 4492 1231 4543 πᾶσαν
1270 4491 1718 4560 εὐφραινομένοις
1768 4491 1853 4543 αῐ-

280 4587 512 4657 σθησιν,
568 4585 667 4653 οὐχ
717 4584 799 4636 ὅτι
849 4584 898 4635 οί
952 4581 1122 4634 πάλαι
1174 4582 1307 4635 οεῖοι
1362 4582 1459 4650 τῆς
1525 4581 1850 4652 Ἐκκλησίας

279 4674 658 4745 καθηγεμόνες
713 4673 806 4725 καὶ
853 4670 1091 4738 Θεολόγοι
1142 4668 1177 4740 ἢ
1227 4668 1458 4733 ἐλλιπῶς
1508 4670 1602 4721 καὶ
1648 4670 1851 4734 ταύτας

284 4764 424 4834 μετὰ
454 4765 562 4816 τῶν
607 4761 781 4817 ἄλλων
812 4761 1191 4832 ἐξηγούμενοι,
1222 4759 1254 4826 ἢ
1293 4759 1543 4813 ὁπωσοῦν
1572 4762 1855 4831 ἠμελημέ.

279 4873 387 4919 νως
426 4855 801 4924 ὲπεσκέψαντό
828 4871 887 4907 τε
920 4856 1014 4906 καὶ
1044 4851 1447 4922 τεθεωρήκασι,
1476 4851 1703 4915 καὶτοῖς
1737 4852 1853 4923 μετ’

280 4949 479 5011 αὐτοὺς
539 4948 671 5018 ἡμῖν
735 4945 1228 5016 παραδεδώκασιν,
1292 4943 1595 5013 οὐμενοῦνο
1660 4945 1854 5015 πόρρω

280 5039 443 5093 τοῦτο
464 5040 560 5109 τῆς
583 5040 810 5092 ἐκείνων
848 5039 1043 5107 σοφίας
1076 5037 1195 5106 ἅμα
1224 5036 1316 5088 καὶ
1346 5036 1587 5107 χάριτος.
1622 5036 1851 5100 Μεστῶς

282 5134 388 5203 γὰρ
442 5133 536 5185 καὶ
586 5132 826 5197 τελείως,
859 5134 955 5184 καὶ
1000 5131 1075 5193 ὡς
1127 5130 1225 5183 οὐκ
1263 5129 1329 5183 ἂν
1383 5130 1627 5197 ἄμεινον,
1675 5130 1855 5183 πάντα

286 5224 516 5286 ἐκείνοις
548 5223 763 5294 εῐρηται
810 5224 904 5277 καὶ
952 5221 1409 5291 ἀναγέγραπται·
1452 5223 1547 5275 καὶ
1592 5221 1662 5274 τὰ
1690 5220 1857 5273 ἐλλείο

280 5331 452 5370 ποντα
497 5318 639 5370 κατὰ
682 5316 841 5387 τήνδε
872 5316 971 5386 τὴν
1008 5316 1347 5385 Δεσποτικὴν
1393 5314 1725 5382 ἐπαγγελίαν
1762 5314 1855 5368 ὑπ’

282 5408 462 5461 αὐτῶν
494 5412 561 5478 τῇ
603 5408 831 5476 δυνάμει
862 5408 956 5459 καὶ
990 5408 1174 5477 χάριτι
1221 5405 1315 5459 τοῦ
1350 5405 1506 5474 ἁγίου
1542 5404 1853 5476 [ινεύματος

280 5498 746 5568 ἀναπεπλήρωται
772 5514 786 5528 ο
817 5498 952 5551 ἀλλὰ
984 5497 1152 5569 μηδὲν
1183 5497 1312 5551 ἄλλο
1343 5500 1481 5571 μετὰ
1510 5499 1608 5562 τὰς
1640 5514 1858 5553 κανονι-

280 5592 381 5652 κὰς
416 5590 639 5659 Γραφὰς
671 5590 704 5661 ἢ
735 5588 937 5653 ταύτας
991 5590 1289 5661 ἐξαιρέτως
1325 5592 1476 5644 πνεῖν
1528 5592 1621 5643 καὶ
1672 5593 1854 5646 λαλεῖν

282 5683 378 5735 καὶ
407 5682 483 5751 τῷ
519 5683 595 5750 νῷ
626 5680 907 5751 στρέφειν,
938 5685 1031 5735 καὶ
1062 5682 1150 5734 διὰ
1183 5682 1301 5751 βίου
1336 5683 1538 5745 παντὸς
1569 5684 1852 5739 ἐνδιαιτιὶ⁸

283 5772 407 5826 σθαι
447 5774 673 5839 ταύταις
727 5774 1112 5847 προῃρημένος
1164 5774 1260 5829 κού⁴
1312 5774 1478 5845 μηδὲν
1534 5774 1680 5844 ἔχειν
1718 5776 1845 5831 ἄλλο

1959 4401 2275 4456 miamatum
2324 4401 2679 4472 flagrantiam
2726 4403 3197 4470 investigantibus,
3231 4404 3372 4459 unde
3399 4409 3520 4460 ani-

1960 4508 2127 4557 mus:
2181 4508 2332 4548 mens
2356 4533 2372 4557 ,
2417 4495 2702 4562 omnisque
2764 4508 2960 4548 sensus
2993 4494 3369 4550 exhilaretur:
3416 4511 3523 4550 non

1961 4586 2191 4655 utique,
2256 4587 2396 4655 quod
2445 4587 2652 4656 antiqui
2714 4586 2967 4642 Ecclesiae
3040 4586 3303 4657 magistri,
3360 4598 3525 4658 atque

1963 4679 2201 4748 theologi
2256 4679 2569 4749 imperfecte
2624 4680 2739 4735 illas
2796 4689 2918 4749 post
2956 4681 3093 4736 alios
3147 4682 3517 4749 exposuerint,

1961 4781 2057 4824 aut
2106 4771 2590 4841 quomodocunque
2632 4772 2964 4842 negligenter
3013 4771 3524 4841 censideraverint,

1963 4871 2129 4930 atque
2165 4862 2523 4931 inspexerint,
2572 4861 2841 4932 nobisque
2904 4861 3275 4918 dilueidamios
3308 4874 3435 4933 post
3462 4877 3526 4920 se

1962 4953 2302 5023 reliquerint.
2363 4953 2480 5008 Non
2523 4970 2656 5010 sane
2686 4972 2701 5009 :
2727 4953 2867 5010 absit
2898 4956 3000 5009 hoc
3026 4969 3212 5010 eorum
3241 4955 3524 5025 sapientiae

1959 5044 2122 5099 simul
2177 5055 2234 5099 et
2293 5045 2483 5116 gratiae
2532 5060 2757 5115 prorsus
2808 5045 3065 5117 iniurium
3101 5062 3115 5099 :
3150 5048 3307 5115 plene
3355 5051 3525 5114 enim,

1960 5138 2336 5209 absoluteque,
2378 5147 2434 5193 et
2468 5149 2592 5209 apto
2636 5139 2820 5204 modo,
2859 5154 2967 5209 quo
3008 5156 3117 5195 non
3150 5142 3340 5195 melior
3367 5140 3523 5203 alter,

1961 5230 2143 5284 omnia
2179 5232 2247 5284 ab
2293 5230 2424 5299 ipsis
2481 5230 2737 5285 dicuntur
2790 5231 3301 5300 describunturque.
3332 5231 3399 5284 Et
3427 5231 3528 5285 im-
3618 5266 3619 5269 η

1966 5320 2227 5388 perfecta,
2243 5322 2536 5376 secundum
2557 5321 2968 5391 permissionem
3003 5338 3031 5375 a
3054 5322 3279 5375 Domino
3304 5321 3528 5385 factam,

1961 5416 2029 5465 ab
2060 5412 2191 5481 ipsis
2221 5415 2439 5477 virtute,
2471 5428 2534 5468 ac
2583 5414 2726 5468 dono
2776 5415 2949 5469 sancti
3002 5411 3234 5480 Spiritus
3260 5409 3527 5478 completa

1965 5513 2110 5559 sunt.
2156 5502 2261 5559 Sed
2313 5520 2434 5559 cum
2493 5506 2628 5560 nihil
2689 5509 2787 5585 sit,
2817 5506 2962 5560 aliud
3008 5514 3206 5571 praeter
3236 5501 3531 5557 canonicas

1962 5593 2309 5662 Scripturas,
2351 5595 2497 5665 quod
2549 5597 2851 5651 vehementi
2926 5591 3201 5648 desiderio
3253 5592 3532 5661 persequi,

1962 5702 2062 5742 nec
2105 5703 2208 5744 non
2240 5689 2442 5759 eloqui,
2491 5704 2554 5744 ac
2600 5697 2778 5743 tuente
2835 5686 3070 5750 volvere,
3130 5689 3387 5756 Omnique
3412 5689 3537 5741 vitae

1970 5794 2133 5836 cursu
2202 5781 2529 5853 investigare
2582 5777 2989 5846 constituerim,
3055 5775 3299 5848 nihilque
3357 5778 3539 5833 utilius
