3904 6222
434 319 574 388 1055

1748 313 2024 374 BARTH.
2065 313 2164 374 DE
2203 313 2392 376 JANO

3551 315 3678 386 1656

430 428 734 483 existimem
763 427 815 482 in
863 424 969 480 hoc
1003 423 1128 480 vita
1159 431 1305 480 statu
1329 463 1345 489 ,
1381 438 1542 496 quam
1577 433 1787 495 tempus
1818 425 2011 494 partim
2042 480 2043 486 η

2121 424 2401 495 προῦργου
2433 423 2532 480 νῦν
2573 426 2632 482 ὲν
2661 423 2848 498 τοιῷδε
2896 426 3075 498 καιρῷ
3108 426 3202 482 καὶ
3230 428 3493 501 σχήματι,
3525 434 3576 486 εί
3605 435 3674 504 μὴ

433 522 486 574 in
522 521 673 575 hisce
701 515 1108 587 investigandis,
1135 524 1295 585 atque
1318 516 1371 570 in
1407 515 1611 571 orando
1636 524 1814 570 terere
1843 514 2010 585 (quod

434 607 638 662 utinam
688 615 742 660 et
789 605 971 660 cateri
1016 602 1312 659 Christiani
1369 602 1712 674 prastarent)
1751 602 2011 668 reliquum

431 699 560 753 duxi
583 713 646 752 ex
666 697 943 752 beatorum
983 696 1205 751 Patrum
1221 702 1389 764 atque
1417 697 1703 751 doctorum
1729 695 2013 749 sententiis

432 789 716 859 plusquam
792 788 1188 845 sufﬁcientibus
1252 796 1372 856 post
1419 788 1674 854 primum'
1717 799 2014 855 verumque

437 883 616 936 lumen
667 881 976 936 illuminans
1024 894 1238 934 omnem
1291 879 1566 934 hominem
1616 878 1922 934 venientem
1958 878 2010 931 in

437 976 583 1028 hunc
614 974 893 1038 mundum,
948 972 1094 1027 illius
1135 973 1299 1028 verba
1347 981 1562 1026 aterna
1601 970 1757 1036 vita,
1790 985 1852 1025 ac
1879 986 2015 1038 pra-
2059 964 2066 970 ’

436 1071 593 1133 cepta
626 1064 920 1127 illustrare,
949 1062 1508 1132 etquomodocunque
1535 1073 1635 1130 ego
1651 1074 1866 1129 quoque
1889 1059 2014 1114 illo-

439 1173 558 1212 rum
595 1156 846 1226 precibus
881 1155 1072 1221 ildens,
1120 1162 1276 1222 putre
1317 1164 1650 1220 parvumque
1689 1151 1886 1205 mentis
1915 1167 2016 1205 na-

435 1247 640 1316 vigium
659 1247 712 1300 in
745 1245 964 1316 pelagus
984 1241 1282 1311 spiritualis
1307 1256 1494 1298 eorum
1513 1241 1756 1298 scientia
1781 1242 1972 1312 impuii
1996 1260 2011 1298 :

439 1339 696 1410 quocirca
729 1337 952 1391 illorum
989 1334 1211 1391 utilibus
1237 1344 1293 1390 et
1338 1335 1743 1405 pragrandibus
1781 1335 1913 1392 olcis
1936 1333 2012 1404 (l)

438 1444 504 1483 ac
549 1428 807 1484 oneribus
859 1425 1175 1496 tutus-jam
1221 1439 1458 1481 excurro
1511 1425 1808 1496 rapideque
1839 1426 2008 1482 feror.

439 1520 592 1574 Dicat
643 1527 824 1574 autem
881 1518 1004 1588 quis
1044 1531 1059 1570 :
1106 1516 1405 1586 elegantior
1451 1515 1684 1572 forsitan
1738 1515 2013 1571 nonnullis

434 1609 707 1679 yidebitur
772 1609 1041 1665 recentior
1090 1609 1179 1664 hic
1221 1616 1406 1665 noster
1457 1607 1721 1662 tractandi
1801 1607 2010 1663 modus.

2116 516 2277 571 τάσδε
2311 517 2471 585 μόνον
2503 517 2560 570 ὲν
2590 518 2756 587 εὐχῆς
2794 519 2951 589 μέρει
2997 519 3344 588 ποιούμενος.
3379 521 3598 576 Γενοιτο
3620 525 3672 578 δὲ

2119 611 2214 664 καὶ
2268 611 2435 664 πᾶσιν
2481 611 2688 680 ’ὁμοίως
2715 613 2827 676 τοῖς
2870 611 2982 668 ἀπὸ
3013 612 3252 682 Χριστοῦ
3308 615 3672 685 καλουμένοκ,

2117 702 2305 756 λοιπὸν
2351 704 2445 756 ἐπὶ
2473 705 2591 767 ταῖς
2623 704 2735 758 τῶν
2765 705 3057 778 μακαρίων
3105 707 3362 777 Πατὲρων
3400 708 3499 760 καὶ
3540 708 3671 762 διδα-

2117 795 2332 849 σκάλων
2357 797 2556 864 φωναῖς
2576 795 2925 866 ἀποχρώσαις
2955 800 3093 865 μετὰ
3115 796 3178 849 τὸ
3206 796 3422 867 πρῶτον
3443 799 3536 851 καὶ
3557 797 3675 867 ἀληο

2119 889 2264 942 θινδν
2318 888 2433 958 φῶς
2465 889 2526 941 τδ
2556 889 2794 958 φωτίζον
2840 889 3018 944 πάντα
3075 889 3362 957 ἄνθρωπον
3397 891 3677 960 ἐρχόμενον

2115 983 2195 1044 είς
2243 980 2334 1034 τὸν
2375 981 2604 1050 κόσμον,
2647 982 2743 1034 καὶ
2786 982 2854 1036 τὰ
2879 980 3090 1034 ἐκείνου
3129 980 3277 1051 ζωῆς
3312 982 3535 1036 αἰωνίου
3587 985 3675 1052 ῥή-

2117 1090 2264 1144 ματα
2309 1074 2406 1128 καὶ
2455 1073 2764 1143 ἐντάλματα
2795 1073 3031 1141 φωτίσαι
3070 1075 3164 1127 καὶ
3215 1074 3481 1139 ὁντινοῦν,
3521 1076 3666 1142 κᾶγὼ

2112 1168 2234 1229 ταῖς
2261 1166 2449 1234 εὐχαῖς
2477 1165 2704 1218 ἐκείνων
2738 1162 3095 1235 τεθαρρηκὼς
3125 1165 3185 1216 τὺ
3221 1164 3423 1234 σαθρὸν
3457 1166 3551 1219 καὶ
3586 1182 3669 1234 μι-

2115 1257 2248 1327 κρὸν
2277 1257 2518 1320 διανοίας
2550 1257 2775 1310 ἀκάτιον
2800 1256 2939 1326 πρὸς
2959 1255 3021 1309 τὸ
3061 1255 3295 1324 πέλαγος
3339 1255 3553 1327 καθῆκα
3583 1258 3672 1324 τῆς

2115 1349 2298 1402 αὐτῶν
2341 1351 2724 1420 πνευματικῆς
2777 1349 3055 1414 γνώσεως,
3103 1348 3188 1416 ἐφ’
3217 1339 3260 1416 ᾧ
3305 1349 3424 1411 ταῖς
3476 1348 3674 1402 τούτων

2113 1440 2378 1511 χρησταῖς
2397 1440 2492 1492 καὶ
2517 1439 2870 1510 μυριοφόροις
2889 1439 3080 1494 ὁλκάσι
3100 1441 3196 1493 καὶ
3217 1440 3485 1509 φορτίσιν,
3511 1441 3678 1510 dogs-

2113 1531 2220 1595 λῶς
2269 1529 2678 1600 συμωραθέειν
2721 1545 2780 1582 τε
2828 1529 2925 1582 καὶ
2978 1527 3369 1599 συμπὲτεσθαι.
3429 1527 3584 1581 Εἴποι
3630 1528 3681 1582 δν

2114 1621 2180 1675 ἄν
2203 1639 2310 1686 τις,
2341 1625 2418 1685 ὡς
2445 1621 2608 1685 ἑνίοις
2641 1621 2784 1685 δόξει
2821 1619 2962 1691 τάχα
2995 1621 3060 1690 δὴ
3093 1619 3434 1691 κομψότερον
3456 1619 3518 1673 τδ
3540 1619 3674 1689 inde

439 1700 857 1772 Sapientissinto
884 1700 1052 1768 igitur
1107 1697 1310 1754 rectori
1373 1697 1708 1767 Dominoque
1733 1697 2015 1755 universo-

2121 1730 2296 1785 τερον,
2349 1713 2433 1766 ὅτι
2489 1730 2593 1765 που
2645 1713 2740 1765 καὶ
2778 1712 2979 1781 τρόπον
3025 1713 3363 1784 καινότερον.
3399 1712 3491 1784 Τῷ
3537 1710 3679 1784 αὐτῷ

438 1809 558 1849 rum
597 1795 702 1848 Deo
723 1793 967 1848 conlisus
1006 1806 1149 1856 sum,
1192 1791 1416 1862 ejusque
1447 1789 1644 1858 Verbo,
1675 1799 1730 1845 et
1755 1789 1887 1860 ipsis
1916 1789 2016 1845 ad-

2123 1783 2272 1874 60th
2306 1804 2616 1874 κυϐερνήτῃ
2647 1803 2743 1856 καὶ
2777 1803 2997 1858 πάντων
3027 1783 3273 1878 Δεσπότῄ
3302 1804 3584 1876 θαρρήσας
3608 1803 3682 1874 τῷ

437 1884 730 1954 ministris,
765 1884 964 1955 quibus
1020 1892 1276 1953 tanquam
1325 1881 1710 1939 instrumentis
1740 1881 1934 1948 utitur,
1962 1889 2022 1937 et

441 1978 676 2034 rationis
702 1977 982 2049 animique
1000 1973 1176 2034 nostri
1200 1975 1371 2031 duces
1398 1983 1563 2046 atque
1579 1975 1840 2032 custodes
1870 1984 2020 2044 sunt,

439 2080 604 2141 atque
649 2070 906 2126 secundis
967 2069 1164 2136 ventis,
1219 2082 1321 2125 nec
1352 2083 1460 2126 non
1517 2068 1720 2125 auxilio
1757 2077 1814 2125 et
1844 2068 2019 2140 gratia

440 2162 613 2218 sancti
641 2161 901 2233 Spiritus,
951 2161 1111 2230 cuius
1159 2161 1361 2218 virtute
1399 2161 1730 2232 illorumque
1765 2162 2020 2231 precibus

442 2255 494 2308 in
532 2263 746 2324 portum
775 2253 1032 2310 devectus
1078 2252 1156 2308 iui
1203 2260 1311 2309 tam
1351 2267 1513 2324 opere
1549 2267 1712 2323 quam
1765 2257 2016 2309 sermone

442 2345 638 2400 divina
695 2344 1007 2401 voluntatis.
1056 2343 1212 2400 Unde
1255 2359 1364 2400 non
1420 2353 1530 2399 tam
1577 2343 1738 2399 facile
1770 2343 1892 2414 quis
1920 2356 2020 2398 nos

441 2436 745 2504 damnabit,
759 2437 804 2492 si
821 2427 955 2506 quid
987 2444 1136 2490 tanta
1157 2435 1354 2492 ilducia
1380 2435 1721 2506 protulimus,
1744 2445 1800 2490 et
1823 2436 2021 2506 longis,

443 2527 834 2598 multiplicibus
869 2527 1202 2598 milibusque
1229 2537 1541 2582 sanctorum
1565 2527 1786 2582 Patrum
1819 2541 2028 2583 sermo-

445 2620 612 2674 nibus
652 2627 776 2688 post
837 2618 1118 2691 multoslet
1139 2619 1396 2690 optimos,
1419 2620 1509 2689 qui
1543 2618 1720 2676 adhuc
1748 2619 1870 2676 illos
1897 2621 2026 2676 sub-

443 2712 615 2768 secuti
658 2721 805 2778 sunt,
840 2721 895 2767 et
931 2726 1032 2768 nos
1063 2711 1266 2782 aliquid
1298 2711 1636 2768 suﬂ‘ecimus.

418 3051 422 3055 ’
519 3063 601 3135 (Ι)
647 3065 1011 3120 instrumenta
1039 3066 1238 3135 quibus
1271 3079 1436 3120 naves
1463 3067 1857 3122 subducuntur.

2118 1897 2240 1968 Θεῷ
2269 1897 2362 1953 καὶ
2383 1895 2564 1968 Λόγῳ,
2587 1897 2685 1950 καὶ
2717 1896 2829 1960 τοῖς
2854 1895 3041 1958 αὐτοῖς
3071 1912 3196 1949 συνε
3204 1897 3354 1967 ργοτς
3377 1895 3476 1949 καὶ
3503 1895 3683 1960 ὅπλοις

2124 1986 2222 2041 καὶ
2259 1985 2482 2040 σκεύεσι
2532 1987 2648 2050 τοῖς
2696 1985 2793 2041 τοῦ
2820 1987 2984 2055 λόγου
3039 1986 3377 2059 προστάταις
3426 1988 3523 2042 καὶ
3579 1975 3684 2042 τῶν

2123 2077 2312 2149 ψυχῶν
2357 2077 2521 2149 ἡμῶν
2567 2078 2770 2149 φύλαξι
2820 2080 2916 2134 καὶ
2957 2081 3027 2152 τῇ
3077 2080 3218 2152 αὐτῇ
3254 2080 3367 2135 τῶν
3398 2081 3460 2146 ιε
3501 2081 3687 2152 οὐρίας

2123 2169 2344 2240 ἀνέμων
2387 2171 2700 2242 ἐπικουρίᾳ,
2735 2173 2803 2243 τῇ
2847 2171 3069 2244 βοηθείᾳ
3092 2173 3186 2225 καὶ
3222 2173 3407 2243 χάριτι
3432 2172 3528 2226 τοῦ
3554 2191 3688 2226 mv-

2125 2265 2281 2330 αγίου
2335 2261 2674 2332 Πνεύματος,
2709 2257 2770 2318 οὗ
2820 2267 2888 2334 τῇ
2928 2264 3153 2334 δυνάμει
3206 2266 3300 2317 καὶ
3346 2267 3466 2326 rat;
3521 2267 3690 2329 λιταῖς

2127 2355 2353 2408 ἐκείνων
2393 2356 2475 2418 είς
2527 2355 2721 2423 λιμένα
2749 2355 3036 2426 κατήχθην
3077 2356 3173 2410 καὶ
3203 2358 3259 2409 ὲν
3294 2356 3477 2423 λόγοις
3508 2358 3602 2410 καὶ
3638 2359 3694 2411 ὲν

2128 2446 2310 2516 ἔργοις
2349 2446 2443 2498 τοῦ
2479 2446 2625 2499 θείου
2663 2445 2986 2518 θελήματος.
3017 2447 3186 2501 Ὅθεν
3223 2449 3327 2502 οὐκ
3353 2448 3422 2501 ἄν
3449 2465 3534 2511 τις
3565 2448 3694 2510 ἴσως

2129 2536 2328 2606 ῥᾳδίως
2365 2537 2522 2606 ἡμῶν
2573 2537 2896 2608 καταγνοίη,
2935 2538 2986 2591 εί
3019 2537 3158 2607 πρὸς
3186 2539 3346 2592 τόσον
3387 2555 3452 2592 τε
3491 2537 3695 2607 τόλμης

2127 2627 2522 2698 ἐξηνέχθημεν,
2563 2628 2660 2681 καὶ
2704 2629 2778 2699 μὴ
2827 2631 2949 2692 ταῖς
2979 2631 3220 2700 μακραῖς
3261 2631 3358 2682 καὶ
3390 2629 3694 2683 πολυειδέσι

2137 2720 2230 2773 καὶ
2263 2722 2528 2790 χρησταῖς
2581 2720 2821 2788 ὁμιλίαις
2868 2721 2979 2776 τῶν
3034 2721 3193 2776 θείων
3251 2722 3516 2792 Πατέρων
3560 2719 3697 2790 μετὰ

2135 2811 2346 2864 πολλῶν
2395 2811 2490 2864 καὶ
2534 2811 2714 2865 καλῶν
2769 2811 2880 2868 τῶν
2935 2811 3054 2883 μετ’
3103 2814 3346 2878 ἐκείνους
3393 2814 3491 2869 καὶ
3539 2814 3697 2883 ἡμεῖς

2134 2902 2375 2974 ἠρκέσθη
2385 2920 2504 2974 μεν.

505 3242 3680 3289 Μ

698 3466 2381 3654 BARTHOLOM/EI
2507 3471 2787 3648 DE
2927 3469 3481 3650 ,ΙΑΝο

1711 3867 2034 3931 0RDINIS
2074 3865 2443 3931 MINORUM

847 4130 1430 4224 EPISTOLA
1509 4133 1656 4222 DE
1731 4070 2570 4224 CRUDELITATE
2645 4131 3299 4277 TUnCAnUM

1315 4377 1418 4451 (Ex
1453 4375 1578 4434 cod.
1611 4374 1748 4432 1150
1779 4375 2127 4435 bibliotheca
2162 4377 2222 4434 S.
2268 4377 2550 4434 Michaelis
2580 4377 2844 4447 Veneta.)

521 4673 829 4731 Venerabili
857 4671 1130 4742 Religioso
1164 4687 1228 4731 ac
1255 4673 1606 4731 Pradicatori
1634 4672 1836 4731 eximio
1861 4672 2091 4743 fratric
2125 4671 2440 4742 praedicatio
2490 4646 2605 4729 tua.
2659 4670 2812 4729 Nune
2864 4677 3049 4728 autem
3100 4669 3416 4729 vehementi
3443 4687 3703 4745 cuperem

425 4767 675 4820 -Alberto
707 4767 773 4820 de
795 4763 1050 4820 Sartiano
1077 4763 1287 4820 ordinis
1315 4763 1579 4820 Minorum
1613 4763 1856 4821 Venetiis
1886 4781 2025 4836 pra-

456 4855 680 4916 dicanti,
708 4857 848 4923 patri
891 4870 993 4913 suo
1027 4856 1083 4912 in
1129 4855 1350 4912 Christo
1386 4857 1512 4912 Jesu
1548 4857 1839 4927 plurimum
1869 4872 2028 4929 pera-

455 4945 674 4998 mando.

523 5033 1119 5113 Jamdiu,venerande
1170 5043 1243 5097 mi
1297 5050 1491 5113 pater,
1545 5043 1766 5108 videre,
1825 5041 2026 5110 alloqui

453 5127 675 5197 pariter,
701 5130 1064 5199 etamplexari
1091 5133 1524 5190 desideraveram
1543 5149 1827 5204 personam
1852 5141 2021 5199 tuam,

450 5219 545 5275 sed
589 5221 825 5274 nondum
879 5221 995 5276 hac
1044 5223 1176 5277 mihi
1211 5240 1470 5284 concessa
1514 5237 1600 5284 est
1621 5228 1816 5298 gratia.
1882 5225 2016 5281 Nam

451 5308 583 5361 dum
627 5321 730 5376 ego
777 5307 831 5360 in
882 5306 1193 5365 Occidentis
1249 5319 1493 5383 partibus
1542 5331 1752 5384 versor,
1823 5333 1918 5372 vos
1951 5318 2018 5372 ad

446 5399 724 5453 Orientem
755 5399 1015 5469 pergitis;
1052 5401 1106 5456 in
1127 5402 1350 5462 Oriente
1383 5423 1478 5463 vos
1507 5424 1778 5479 quarens,
1817 5409 1883 5463 ad
1916 5408 2018 5464 Oc-

447 5487 678 5543 cidentis
734 5490 966 5556 patriam
1027 5497 1467 5554 remeatis.-Sed
1523 5501 1626 5555 hoc
1693 5510 1864 5557 totum
1921 5499 2018 5557 Dei

414 5580 670 5636 consilio
714 5579 918 5638 factum
963 5598 1167 5658 putem,
1224 5605 1372 5655 cum,
1417 5599 1475 5644 ut
1521 5592 1709 5646 auditu
1777 5593 2014 5661 percepi,

439 5681 544 5725 non
564 5686 778 5743 parum.
836 5683 897 5732 ιιι
946 5681 1106 5752 solet,
1165 5681 1309 5737 utilis
1342 5681 1706 5738 fuitVenetiis
1742 5685 1842 5740 hoc
1871 5702 2015 5742 anno

2124 4763 2422 4829 desiderio,
2476 4763 2602 4819 dum
2649 4771 2831 4818 tamen
2885 4762 3100 4820 favente
3152 4763 3383 4820 Domino
3413 4765 3704 4836 utriusque

2124 4855 2380 4912 Ecclesia
2414 4855 2541 4909 unio
2563 4854 2887 4921 celebretur,
2917 4871 3015 4911 vos
3054 4855 3182 4911 istas
3203 4866 3260 4912 et
3286 4857 3583 4915 ulteriores
3617 4859 3706 4914 vi-

2122 4948 2288 5004 sitare
2311 4955 2513 5018 partes,
2537 4947 2704 5003 solito
2731 4947 3125 5018 pradicationis
3147 4958 3250 5004 tua
3272 4957 3434 5020 atque
3455 4951 3706 5006 scientiae

2122 5043 2327 5110 pariter
2355 5050 2410 5097 et
2456 5041 2580 5094 vita
2617 5040 3247 5111 magisterio,.quoniam
3298 5046 3703 5112 permaximum

2127 5135 2429 5188 animarum
2478 5131 2713 5193 [ructum
2773 5132 2849 5188 ibi
2904 5134 3178 5188 cernimus
3239 5133 3356 5188 ﬁeri
3406 5151 3568 5204 posse
3600 5150 3708 5206 per

2123 5227 2342 5282 fratres.
2395 5225 2606 5282 Omissa
2671 5225 2816 5279 enim
2864 5223 3116 5290 Gracia,
3186 5235 3295 5280 tota
3357 5227 3590 5297 insuper
3650 5237 3714 5284 et

2125 5319 2382 5384 Turchia,
2435 5333 2556 5388 qua
2601 5317 2735 5374 alias
2786 5317 2911 5372 Asia
2944 5318 3260 5382 vocabatur,
3301 5319 3391 5373 ubi
3435 5328 3566 5374 sunt
3596 5318 3714 5375 illa

2123 5424 2327 5483 septem
2381 5411 2652 5475 ecclesia,
2679 5426 2800 5480 qua
2841 5411 2894 5465 in
2933 5410 3250 5481 Apocalypsi
3285 5410 3553 5478 leguntur,
3577 5413 3718 5466 ubi-

2123 5519 2228 5572 que
2254 5501 2732 5557 inimicusChristi
2753 5500 2962 5556 Teucer
2980 5501 3335 5570 principatur,
3360 5501 3425 5552 atl
3456 5513 3714 5563 prasens

2124 5593 2549 5650 innumerabiles
2581 5594 2760 5648 adhuc
2795 5601 3009 5648 restant
3042 5591 3226 5662 p0puli
3264 5591 3573 5646 Christiani
3628 5579 3720 5646 ιιί-

2123 5695 2205 5742 tra
2234 5685 2478 5742 Maurum
2539 5701 2708 5753 mare,
2771 5699 2830 5743 se
2875 5683 2979 5740 sub
3015 5681 3339 5738 -Gracorum
3375 5681 3486 5738 ritu
3528 5697 3715 5753 usque
