3904 6222
201 302 326 366 1057

1341 291 1580 353 EPIST.
1621 287 1920 350 CONTRA
1963 289 2283 361 TURCAS.

3294 281 3429 347 1058

197 417 347 473 hodie
425 383 808 481 gubernantes.
859 407 1289 478 Georgianorum
1342 405 1549 473 primo,
1587 402 1638 455 id
1681 411 1762 455 est
1793 403 2035 468 Aputat,
2092 400 2343 469 quoniam
2399 414 2542 455 anno
2588 399 2830 470 quolibet
2887 413 2990 452 non
3044 397 3220 451 minus
3273 411 3438 465 quam

192 506 428 576 Ceorgim
455 520 679 574 regnum
738 519 842 555 non
888 517 1109 571 parvum
1164 508 1266 563 est,
1323 498 1413 551 ubi
1450 495 1756 569 Alexamler

195 616 282 654 rex
313 597 469 652 hodie
494 597 828 666 priueipatur
849 637 865 660 ,
901 594 1036 646 ultra
1067 590 1501 658 Trapesundam.
1532 588 1759 641 llussia-

195 705 376 744 norum
404 686 630 754 patriam
663 696 713 739 ct
741 678 1118 737 Ru'thenorum
1149 681 1250 736 sub
1275 693 1376 733 axe
1401 679 1520 748 quis
1551 693 1761 746 peram-

142 843 156 859 .
195 780 373 834 bulare
420 786 596 845 potest
653 789 824 843 usque
871 774 937 827 ad
984 770 1207 843 paludes
1257 769 1551 836 Meotides,
1610 769 1754 838 quod

195 884 339 924 mare
367 867 663 922 Abbachuc
709 865 930 928 dicitur,
955 865 1284 933 explicatam
1309 864 1332 917 τ
1357 863 1558 918 Οιιιίιιο
1604 860 1760 914 Chir-

190 959 416 1016 cassiam
472 972 535 1011 ac
583 938 902 1026 Vogariam,
955 954 1320 1022 Mingrilliam,
1384 951 1757 1012 Walacltiam,

189 1049 551 1119 Patrasjuxta
583 1055 754 1114 mare,
783 1055 1017 1101 attamen
1050 1046 1153 1101 sub
1191 1045 1293 1099 rittt
1318 1046 1654 1100 Graecorum.
1687 1041 1761 1094 De

187 1117 620 1197 Artneuis‘taceo
643 1179 658 1206 ,
699 1153 834 1209 quos
877 1141 943 1190 ad
995 1151 1234 1206 praesens
1265 1150 1422 1204 spero
1453 1135 1519 1189 ad
1551 1132 1758 1186 Italiam

188 1233 369 1288 venire
415 1231 663 1286 videbitis
701 1230 861 1284 simul
910 1245 1032 1283 cum
1064 1239 1258 1282 nostro
1284 1237 1435 1297 patre
1465 1226 1634 1280 fratre
1667 1227 1766 1278 Ja-

187 1325 318 1379 cobo
350 1326 416 1377 ad
444 1324 622 1377 ‘iidetn
659 1322 1002 1376 Catholicam
1038 1320 1402 1385 reducendos,
1439 1319 1598 1389 longe
1627 1316 1763 1372 faci-

189 1418 336 1471 lioris
385 1414 767 1469 conversionis
801 1425 855 1468 et
898 1413 1141 1466 veritatis
1179 1411 1453 1482 capiendze
1494 1410 1761 1464 avidiores

185 1509 306 1562 aliis
339 1508 688 1569 nationibus,
740 1515 899 1574 atque
947 1503 1492 1558 benevolentissimos
1540 1499 1763 1554 Latino-

186 1618 320 1653 ntm.
370 1599 710 1654 Christianos
763 1599 984 1666 insuper
1029 1595 1350 1650 innumeros
1384 1597 1437 1648 itt
1487 1592 1763 1649 montibus

180 1693 388 1754 Ctesiis.
427 1705 587 1761 atque
621 1692 673 1745 in
707 1691 888 1744 Persia
913 1699 967 1744 et
995 1688 1217 1760 Scythia
1245 1688 1371 1742 hinc
1400 1687 1522 1741 inde
1550 1686 1764 1756 disper-

1865 493 2049 547 decem
2101 491 2180 545 vel
2244 491 2550 559 quindecim
2603 492 2809 554 millia,
2863 492 3120 561 pauciora
3173 489 3332 553 dico,
3382 497 3443 538 ut

1863 585 2074 649 eredas,
2132 583 2432 637 animarum
2479 584 2692 652 rapiat?
2754 585 2994 638 Dicerem
3049 580 3437 650 quinquaginta

1865 677 2057 742 millia,
2099 676 2143 729 si
2172 677 2446 737 crederes.
2477 685 2638 743 atque
2661 675 2935 729 Christum
2968 673 3151 728 Jesum
3191 682 3248 726 et
3277 669 3441 724 minis

1863 781 1915 824 et
1947 767 2220 822 blanditiis
2263 781 2461 835 negare
2536 766 2855 834 compellat?
2892 763 3090 819 Verum
3135 779 3237 817 non
3273 777 3436 830 parva

1864 860 1994 915 tnihi
2030 859 2307 926 consurgit
2334 857 2642 920 admiratio,
2672 858 2714 910 si
2747 856 2909 910 etiam
2935 872 3076 910 unus
3099 855 3443 912 Christianus

1864 953 2172 1022 ampliusin
2211 951 2318 1005 illis
2359 951 2604 1020 partibus
2647 949 2937 1018 reperitur.
2970 947 3102 1001 Nam
3145 945 3442 1001 Corinthus

1865 1042 1976 1097 sola
2007 1041 2299 1112 pedagiutn
2331 1040 2666 1110 captivorum
2701 1041 2764 1092 de
2786 1039 3036 1108 Gallipoli
3069 1039 3121 1091 in
3147 1038 3438 1091 Turchiam

1866 1133 2261 1188 transeuntium
2296 1131 2537 1200 quolibet
2579 1145 2721 1185 anno
2765 1131 2965 1185 emittit
2994 1129 3157 1183 millia
3190 1140 3243 1183 et
3277 1127 3441 1182 millia

1864 1227 2212 1281 ducalorum.
2250 1224 2330 1280 0h
2395 1222 2560 1292 igitur
2605 1234 2824 1292 peccata
2874 1223 3310 1277 Christianorum
3335 1234 3445 1290 quo

1866 1317 2118 1372 tenditis?
2174 1332 2282 1386 quo
2324 1331 2417 1369 vos
2463 1314 2796 1378 conducitis,
2843 1329 2951 1384 qua
3007 1316 3292 1380 servitute,
3335 1329 3448 1385 quo

1864 1406 2156 1476 opprobrio
2193 1422 2288 1460 vos
2316 1404 2600 1472 subiacere
2631 1403 3000 1468 compellitis?
3032 1404 3139 1456 Sed
3163 1402 3295 1472 quid
3329 1419 3444 1456 mo-

1866 1514 1956 1553 ror
1971 1499 2222 1568 amplius,
2241 1480 2628 1552 humanissime
2659 1499 2842 1561 Pater,
2860 1496 2988 1566 quid
3014 1494 3204 1549 differo
3230 1509 3445 1559 novam,

1865 1607 1971 1646 non
2005 1606 2224 1662 novam,
2250 1592 2341 1645 sed
2372 1591 2570 1659 sa'pius
2605 1591 2858 1643 usitatam
2909 1589 3336 1643 Christianorum
3363 1603 3449 1640 ea-

1865 1682 2171 1737 lamitosam
2204 1693 2436 1751 stragem
2463 1681 2807 1750 llehilemque
2837 1696 3092 1744 narrare,
3119 1695 3279 1750 quam
3305 1679 3450 1731 vidi-

181 1801 292 1846 sos,
327 1783 418 1838 ubi
454 1760 766 1837 nostrorum
803 1780 1038 1834 fratrum
1087 1780 1203 1831 loca
1243 1776 1508 1832 fratribus
1531 1786 1756 1830 vacuata
1789 1760 1832 1818 Β
1865 1788 1983 1826 mus
2022 1773 2109 1826 his
2133 1771 2363 1826 diebus?
2385 1769 2587 1824 Tremit
2614 1786 2826 1835 manus,
2849 1772 3060 1840 plorant
3088 1769 3450 1832 oeuli,horret

178 1872 520 1935 consistunt,
580 1869 756 1923 adhuc
808 1869 966 1924 hodie
1020 1868 1383 1936 cogitaveritis
1433 1869 1572 1920 inter
1612 1866 1758 1934 ipstis

180 1959 440 2016 Tartarea
484 1962 811 2016 habitantes.
857 1961 971 2024 Qua
998 1961 1066 2013 de
1098 1975 1156 2012 re
1191 1973 1296 2012 non
1342 1955 1613 2020 inutilem,
1657 1959 1765 2008 imo

179 2053 704 2124 opportunissimam
739 2063 932 2120 reputo
954 2061 1006 2105 et
1035 2037 1294 2114 v'éstram,
1327 2058 1384 2102 et
1408 2048 1574 2101 vestri
1604 2048 1759 2100 simi-

178 2147 309 2200 littttt
337 2159 604 2214 personas
625 2144 677 2197 in
715 2143 959 2212 partibus
991 2141 1119 2206 illis,
1151 2155 1306 2196 saera
1334 2150 1514 2194 tamen
1542 2138 1765 2200 unione,

176 2240 219 2291 si
257 2237 404 2291 Deus
451 2236 786 2306 permiserit,
838 2234 1092 2304 primitus
1133 2235 1431 2288 celebrata.
1465 2233 1594 2295 Sed,
1623 2232 1762 2285 heu!

177 2331 314 2384 heu!
350 2328 483 2399 quid
535 2329 636 2383 ista
665 2341 1051 2392 commemoro,
1087 2342 1208 2380 cum
1233 2326 1391 2394 longe
1419 2325 1604 2394 potius
1639 2322 1771 2376 flere

176 2422 367 2486 libeat,
394 2435 559 2490 quam
591 2419 794 2489 aliquid
836 2418 962 2472 boni
1008 2433 1106 2487 per
1142 2417 1455 2487 supradicta
1493 2413 1766 2484 sperare?

88 2555 89 2559 η
176 2510 355 2575 Flere,
393 2513 642 2580 inquam,
670 2524 736 2563 ex
781 2508 989 2562 intimis
1015 2507 1197 2563 cordis
1238 2507 1367 2572 mei,
1396 2515 1454 2559 et
1483 2505 1549 2559 ad
1585 2504 1763 2558 sidera

175 2619 352 2670 usque
375 2603 636 2665 clamare,
671 2612 730 2655 ut.
758 2601 875 2654 istis
922 2599 1168 2669 partibus
1201 2599 1518 2661 liberaudis,
1544 2598 1595 2650 in
1631 2611 1768 2666 qua-

175 2710 298 2748 rutn
335 2693 520 2748 medio
556 2693 706 2761 quasi
755 2705 971 2755 sumus,
1020 2691 1344 2759 quandoque
1380 2689 1648 2742 miserans
1677 2701 1768 2738 su-

173 2786 530 2854 periutendat
565 2783 898 2848 Altissimus,
927 2798 1027 2835 nec
1051 2781 1234 2834 tantliu
1257 2788 1477 2848 peccata
1510 2778 1765 2845 respiciat

171 2877 542 2946 populorum,
606 2887 886 2944 quousque
945 2863 1378 2927 Christianitatis
1451 2882 1646 2923 nomen
1708 2869 1762 2922 in

170 2971 420 3024 Orientis
471 2978 527 3023 et
579 2965 981 3036 Septentrionis
1048 2964 1298 3034 partibus
1351 2962 1753 3031 exstinguatur.

171 3062 476 3125 Deficiunt,
534 3061 668 3115 heul
729 3057 974 3127 quotidie
1017 3055 1345 3120 Christiani,
1391 3063 1446 3108 et
1500 3062 1764 3123 augentur

171 3156 376 3209 diaboli
410 3162 713 3208 sectatores
738 3190 753 3215 ,
786 3163 838 3204 et
873 3165 1101 3203 numero
1137 3157 1190 3202 et
1221 3149 1419 3202 virtute
1457 3159 1758 3199 armorum.

169 3247 315 3298 Nam
354 3245 442 3298 vix
469 3253 552 3298 est
596 3244 814 3304 civitas,
875 3253 1116 3294 castrum
1173 3240 1252 3294 vel
1299 3238 1525 3303 villa,et
1559 3236 1645 3289 vix
1679 3245 1766 3290 est

168 3341 314 3403 dies,
353 3339 408 3391 in
436 3352 542 3406 qua
572 3343 627 3391 et
664 3336 716 3389 iu
746 3334 1008 3395 Turchia,
1043 3342 1098 3386 et
1120 3334 1171 3385 in
1199 3331 1430 3393 Gra‘cia.
1463 3344 1567 3384 non
1603 3329 1764 3381 modo

171 3435 378 3485 timore
417 3431 500 3482 vel
558 3430 740 3494 minis,
791 3441 980 3480 verum
1023 3425 1192 3479 multo
1253 3423 1425 3492 magis
1473 3421 1683 3476 deliciis
1711 3429 1767 3474 et

171 3519 393 3578 honore
425 3521 631 3575 Christi
674 3534 868 3573 nomen
914 3517 1319 3571 sanctissimum
1372 3529 1478 3568 non
1519 3527 1764 3582 negemr,

165 3627 227 3670 et
269 3616 558 3669 Mahumet
605 3611 803 3666 diaboli
851 3611 990 3663 filius
1041 3617 1285 3677 portetur
1311 3607 1375 3660 ad
1415 3620 1671 3670 summa;
1707 3612 1766 3658 et

165 3711 320 3779 quod
352 3709 498 3762 forte
531 3705 838 3769 miraberis,
884 3705 951 3758 ab
997 3702 1080 3757 his
1127 3700 1477 3771 quandoque,
1513 3700 1602 3768 qui
1633 3697 1769 3750 divi-

174 3804 298 3865 tiis,
337 3810 396 3853 et
438 3802 664 3862 honore,
715 3804 769 3850 et
816 3795 1102 3865 prudentia
1156 3793 1333 3848 saeculi
1379 3795 1763 3862 fungebantur.

167 3894 282 3950 Sed
321 3902 388 3946 ut
442 3893 714 3960 praeterita
754 3889 941 3944 sileam
993 3887 1154 3952 mala,
1216 3887 1282 3940 ad
1331 3901 1450 3953 qua:
1493 3885 1765 3938 narranda

167 3990 392 4043 nullam
427 3991 553 4051 'puto
584 3983 821 4052 linguam
851 3978 1103 4035 sufﬁcere
1126 3993 1305 4048 posse,
1343 3985 1556 4046 tangam
1588 3975 1767 4029 brevi-

165 4095 278 4147 ter,
309 4077 460 4150 quod
518 4089 691 4143 nuper
729 4073 902 4127 oculis
959 4072 1094 4128 meis
1128 4073 1241 4141 ipse
1279 4069 1507 4138 inspexi,
1545 4079 1602 4122 ut
1630 4077 1682 4122 et
1713 4078 1766 4120 ιιι

165 4179 328 4231 scias
367 4182 422 4226 et
450 4184 665 4222 mecum
695 4165 941 4237 plangas,
980 4176 1034 4219 et
1083 4166 1127 4220 si
1157 4181 1292 4234 quos
1317 4162 1593 4219 inveneris
1619 4161 1764 4215 oumi

164 4283 284 4323 non
313 4266 525 4335 pietate
575 4262 827 4325 nudatos,
869 4260 1018 4328 ipsos
1069 4258 1233 4312 etiam
1273 4257 1405 4312 flere
1447 4255 1762 4325 compellas.

245 4357 468 4411 Memor
487 4368 608 4408 esse
628 4359 801 4420 potes,
837 4359 894 4404 ut
916 4349 1106 4413 credo,
1129 4349 1321 4403 dilecte
1339 4347 1519 4411 Pater,
1548 4348 1765 4418 quando

1869 1871 2057 1918 charta
2108 1873 2162 1919 et
2192 1865 2434 1919 calamus
2484 1866 2586 1919 ista
2648 1878 2861 1922 notare.
2889 1865 2992 1920 Uhi
3016 1873 3098 1920 est
3129 1864 3221 1918 ille
3256 1864 3453 1918 [liere-

1872 1959 2008 2012 ntias
2041 1958 2322 2026 propheta,
2359 1957 2450 2028 qui
2487 1972 2590 2012 non
2627 1973 2788 2011 unam
2825 1957 2994 2012 solam
3029 1957 3224 2011 deﬂeat
3259 1957 3453 2011 civita-

1869 2059 2002 2116 tetn,
2025 2051 2120 2103 sed
2149 2062 2278 2115 tres,
2321 2051 2415 2104 sed
2456 2059 2714 2120 quatuor,
2763 2051 2857 2104 sed
2901 2051 3081 2104 calstra
3111 2060 3274 2120 atque
3299 2050 3453 2102 villas

1868 2138 2203 2202 innumeras,
2263 2153 2512 2208 magnam
2564 2140 2686 2194 dico
2736 2156 2801 2195 ac
2855 2141 3150 2195 notabilem
3196 2123 3450 2209 patriam,

1869 2229 2268 2286 habitatoribus
2325 2241 2378 2284 et
2428 2232 2636 2288 divitiis
2670 2232 3158 2301 opulentissimam,
3206 2233 3319 2302 jam
3356 2233 3452 2285 de-

1868 2323 2219 2375 structam'in
2269 2323 2622 2392 ciuerernque
2653 2326 2953 2392 redactam,
2995 2327 3060 2380 de
3097 2340 3284 2379 mense
3304 2325 3454 2378 vitie-

1869 2415 1999 2469 licet
2034 2415 2259 2484 Augusti
2285 2419 2576 2486 praesentis
2608 2420 2769 2483 anni;
2804 2420 3036 2490 patriam
3067 2421 3187 2473 dico
3215 2418 3451 2472 ﬁdelium

1866 2508 2215 2576 populorum,
2269 2509 2361 2579 qui
2426 2507 2672 2565 Saxones
2728 2521 3116 2582 nuncupantur
3163 2511 3218 2565 in
3274 2512 3450 2579 patria

1867 2596 2264 2668 Transylvana,
2293 2614 2438 2668 quae,
2501 2609 2560 2654 ut
2587 2600 2756 2656 frater
2797 2602 2936 2656 mihi
2968 2611 3150 2655 narrat
3179 2615 3240 2655 ex
3272 2603 3452 2670 prtetla

1871 2690 2206 2757 redemptus,
2247 2701 2375 2744 octo
2421 2690 2633 2745 dierum
2683 2693 3024 2761 longitudine
3046 2702 3102 2746 et
3136 2693 3296 2746 tritttn
3329 2691 3450 2743 lati-

1870 2780 2056 2837 tudine
2095 2783 2444 2846 tendebatur,
2493 2799 2613 2852 qum
2653 2785 2804 2853 prius
2837 2783 3196 2854 Septemsolia
3227 2782 3448 2836 diceba-

1869 2885 1974 2939 tur,
2006 2889 2148 2928 nuuc
2199 2888 2330 2926 vero
2375 2875 2501 2942 quid
2558 2875 2877 2928 nominetur
2924 2875 3136 2945 ignoro,
3175 2874 3278 2928 nisi
3307 2872 3447 2927 forte

1867 2966 2020 3022 locus
2067 2967 2471 3022 lamentationis
2523 2979 2575 3021 et
2625 2967 2896 3036 planctus.
2953 2967 3087 3034 Quis
3134 2981 3266 3038 ergo
3299 2966 3449 3019 dabit

1815 3115 1832 3135 '
1868 3059 2036 3128 capiti
2071 3074 2192 3113 meo
2259 3075 2475 3128 aquam,
2522 3070 2579 3113 ιιι
2635 3064 2839 3128 plorem
2894 3061 2980 3114 die
3032 3072 3298 3123 acnoete,
3337 3074 3447 3111 non

1870 3166 2054 3206 muros
2077 3162 2129 3204 et
2151 3149 2386 3221 parietes
2423 3152 2744 3216 destructos,
2776 3153 2869 3206 sed
2900 3153 3214 3224 innumeras
3235 3167 3283 3204 a-
3311 3150 3447 3205 i-nas

1868 3255 2204 3312 cxportatas,
2233 3255 2288 3298 et
2333 3246 2439 3314 jam
2489 3244 2705 3300 diabolo
2763 3247 2995 3300 traditas
3020 3247 3083 3300 ad
3119 3245 3444 3303 vorandum.

1867 3354 2007 3407 qum,
2033 3345 2091 3391 ιιι
2131 3339 2349 3402 dicitur,
2412 3338 2477 3392 ad
2531 3339 2778 3409 triginta,
2815 3349 2867 3394 ct
2907 3339 3043 3392 forte
3086 3336 3444 3408 quadraginta

1869 3430 2091 3484 millium
2117 3445 2400 3484 numerum
2433 3441 2591 3484 esten
2616 3432 2834 3485 luutur?
2868 3430 2984 3485 0h!
3019 3431 3142 3499 quis
3174 3429 3304 3484 mihi
3336 3430 3446 3491 dt‘l,

1875 3539 1978 3575 nou
2004 3521 2264 3586 Maronis,
2288 3537 2392 3576 non
2413 3521 2573 3576 Tullii
2597 3523 2961 3590 eloquentiam
2988 3525 3053 3576 ad
3073 3521 3444 3583 scribendum,

1869 3627 1991 3681 quae
2022 3614 2074 3666 in
2103 3612 2188 3668 his
2223 3612 2465 3682 profecto
2511 3613 2914 3678 succumberet,
2963 3613 3055 3668 sed
3091 3615 3271 3683 potius
3304 3613 3446 3666 toni-

1870 3704 1976 3757 trui
2045 3718 2233 3757 vocem
2291 3713 2346 3758 et
2395 3720 2599 3774 pennas
2667 3715 2948 3759 ventorum
3008 3706 3328 3770 ascendere,
3385 3719 3451 3759 ac

1868 3812 2032 3867 soper
2058 3796 2496 3851 Christianorum
2525 3797 2756 3866 patriam
2781 3796 3034 3860 volitare,
3069 3811 3176 3852 non
3209 3806 3266 3850 ut
3290 3799 3450 3850 modo

1868 3887 2031 3941 corda
2069 3885 2302 3955 lapidea,
2339 3901 2521 3940 verum
2557 3887 2660 3954 ipsi
2697 3899 2910 3941 montes
2950 3900 3005 3940 et
3052 3887 3217 3942 valles
3245 3902 3272 3941 a
3302 3888 3451 3942 vocis

1869 3978 2252 4047 magnitudine
2287 3980 2634 4032 terreantur?
2667 3975 2784 4032 Non
2842 3980 3067 4034 audiunt
3115 3981 3215 4034 ista
3264 3979 3448 4034 miseri

1866 4069 2185 4136 Christiani,
2216 4078 2272 4124 et
2306 4069 2557 4124 fortassis
2585 4069 2773 4126 audita
2830 4087 2934 4126 non
2966 4072 3209 4127 credent.
3246 4072 3454 4126 Audie-

1871 4173 2017 4224 runt,
2040 4163 2226 4228 credo,
2260 4173 2315 4217 et
2350 4165 2608 4219 libentius
2635 4163 3004 4228 crediderunt,
3031 4165 3299 4221 Teuctuat
3329 4181 3452 4220 esse

1867 4257 2390 4328 conﬂictum;qnod
2435 4274 2544 4314 nott
2600 4259 2673 4312 sit
2726 4274 2942 4323 verum,
3004 4261 3106 4313 hoc
3163 4259 3452 4315 mamfeste

1869 4350 2230 4411 demonstrat,
2252 4351 2396 4419 quod
2425 4349 2536 4418 jam
2574 4351 2657 4405 bis
2692 4351 2774 4406 vel
2803 4361 2886 4405 ter
2928 4368 3104 4421 usque
3142 4353 3302 4406 modo
3333 4364 3454 4420 post

167 4465 200 4502 a
241 4446 484 4500 Domino
511 4454 700 4498 nostro
726 4457 862 4512 papa
887 4441 1232 4498 sanctissimo
1253 4441 1506 4521 destinati
1539 4446 1604 4494 ad
1637 4456 1763 4510 par-
1797 4454 1844 4513 ι)
1874 4443 2103 4498 reditum
2126 4445 2194 4497 ad
2222 4444 2346 4499 illas
2389 4455 2574 4514 partes
2607 4446 2909 4499 exercitum
2948 4446 3262 4503 destinavit.
3295 4447 3448 4512 Quod

168 4554 260 4595 tes
297 4540 472 4600 istas,
503 4553 532 4590 a
563 4534 806 4591 Venetiis
839 4535 1228 4596 discessimus,
1270 4533 1359 4586 ubi
1395 4542 1449 4586 et
1490 4545 1542 4588 tu
1586 4537 1765 4588 subito

164 4631 248 4685 ab
287 4626 636 4680 llierusaletn
676 4626 892 4680 rediens
924 4623 1250 4694 applicuisti.
1278 4626 1550 4692 quomodo
1577 4625 1767 4692 vulga-

161 4726 348 4779 liatltr
408 4721 604 4774 ibidettt
662 4721 854 4774 diebus
908 4718 1199 4787 proximis,
1253 4715 1535 4783 ilungaros
1587 4717 1766 4784 aliqua

163 4815 529 4869 Teucrorum
600 4811 812 4880 navigia
873 4809 1266 4875 combussisse,
1320 4823 1418 4862 nec
1467 4823 1572 4861 nou
1603 4813 1765 4861 etiam

159 4904 458 4976 plurimos
498 4901 761 4954 occidisse
804 4899 1044 4953 illorum.
1098 4898 1246 4964 llaec,
1302 4898 1545 4968 inquam,
1587 4899 1768 4951 omnia

159 5010 310 5050 vera
352 4993 588 5045 fuerunt.
639 4991 768 5055 Sed,
819 4993 860 5043 si
908 4991 1251 5060 postmodum
1295 4991 1523 5044 audistis
1554 4990 1768 5059 ignOro,

159 5092 328 5160 quod
371 5101 434 5139 ex
467 5085 568 5140 hoc
605 5086 814 5138 Teucer
861 5086 975 5151 ipse
1019 5085 1215 5147 iratus,
1253 5083 1382 5136 illuc
1409 5100 1530 5138 cum
1574 5098 1768 5152 tnagno

157 5179 432 5237 exercitu
455 5179 813 5246 personaliter
840 5177 1127 5240 accedens,
1173 5178 1457 5245 plusquam
1491 5176 1768 5244 sexaginta

152 5274 385 5336 millia,
423 5284 482 5322 ut
514 5269 735 5333 dicitur,
795 5272 1099 5323 animarum
1162 5271 1461 5338 asportavit
1509 5270 1574 5321 de
1606 5275 1770 5336 regno

156 5365 393 5428 Rasia',
446 5360 739 5430 [iungat-ite
800 5361 1121 5426 t'onvicino;
1176 5375 1430 5428 quarmn,
1477 5359 1522 5413 si
1560 5375 1678 5428 qua:
1705 5359 1769 5412 ad

153 5466 432 5530 praesens
482 5453 644 5507 etiam
689 5451 890 5506 Christi
953 5451 1333 5516 recordentur,
1365 5451 1631 5517 incertum
1667 5462 1770 5505 est.

154 5543 409 5605 Miraris
442 5543 598 5599 hoc?
635 5543 742 5598 Sed
794 5544 965 5599 multo
1003 5545 1180 5614 magis
1229 5544 1445 5598 mireris
1479 5553 1533 5599 et
1568 5546 1770 5610 doleas,

1873 4539 1915 4591 si
1944 4545 1998 4591 et
2026 4553 2213 4592 verum
2253 4547 2338 4592 est
2372 4539 2570 4592 nmltos
2611 4554 2677 4592 cx
2713 4539 2824 4592 suis
2854 4554 2961 4594 non
2989 4555 3111 4594 esse
3139 4540 3450 4606 defunctos,

1872 4627 2052 4697 potius
2103 4628 2309 4690 labore,
2365 4641 2541 4698 peste,
2598 4630 2762 4694 fame,
2823 4646 2983 4700 quam
3035 4631 3235 4700 gladio,
3293 4631 3449 4700 quid,

1872 4737 2075 4790 qumso,
2114 4721 2310 4775 mirum
2337 4733 2419 4775 est
2445 4721 2498 4773 iu
2531 4724 2772 4776 exercitu
2806 4732 3177 4778 tercentotum
3222 4725 3450 4778 millium

1875 4816 2154 4868 hominum
2189 4815 2402 4882 aliquos
2431 4816 2587 4880 mori,
2608 4831 2741 4884 quos
2767 4818 2927 4870 etiam
2949 4833 3046 4885 pro
3077 4818 3265 4887 majori
3301 4829 3454 4889 parte

1875 4906 2092 4959 noveris
2159 4906 2540 4961 Christianos?
2607 4908 2721 4972 Qua
2771 4909 2838 4962 de
2893 4925 2969 4975 re,
3023 4926 3343 4982 quocunque
3397 4924 3450 4967 te

1875 5007 2078 5064 vertas,
2143 5000 2309 5052 habes
2365 5000 2648 5054 materiam
2713 5000 2946 5056 dedendi
3012 5005 3312 5074 Ct)piuS:tm.
3346 5003 3448 5060 Ubi

1875 5106 2017 5144 nunc
2053 5093 2218 5159 igitur
2248 5094 2481 5162 amplius
2509 5096 2756 5150 ecclesiae
2795 5096 2847 5149 in
2875 5097 3049 5166 patria
3081 5100 3192 5166 illa,
3237 5114 3448 5162 cruces,

1875 5183 2383 5249 calices,missalia,
2435 5187 2783 5255 paramenta?
2837 5191 2924 5244 ubi
2976 5202 3288 5247 sanctorum
3328 5193 3452 5247 reli-

1875 5271 2052 5338 quiae?
2080 5283 2133 5326 et
2154 5276 2294 5340 quod
2334 5275 2510 5342 majus
2544 5286 2625 5331 est
2654 5280 2933 5345 omnibus,
2967 5282 3022 5335 in
3050 5282 3182 5336 locis
3206 5281 3452 5350 pluribus

1875 5379 2072 5432 corpus
2106 5366 2313 5419 Domini
2345 5373 2763 5426 consecratum?
2799 5374 2945 5427 lleul
2981 5391 3090 5443 quo
3135 5375 3448 5442 opprobrio,

1876 5470 1985 5523 quo
2010 5456 2214 5521 derisu,
2246 5469 2446 5527 quanta
2476 5461 2609 5517 sunt
2636 5463 2891 5520 illusione
2921 5465 3153 5532 deiecta,
3189 5484 3250 5519 ac
3293 5469 3448 5536 pedi-

1877 5546 1978 5601 bus
2003 5549 2364 5604 conculcata?
2392 5551 2488 5607 Ubi
2512 5565 2596 5609 est
2627 5571 2771 5609 nunc
2805 5555 2892 5608 ille
2917 5553 3062 5608 Deus
3085 5557 3449 5624 omnipotens,

149 5639 327 5714 quod
389 5651 422 5690 a
466 5636 654 5708 viginti
710 5636 953 5706 quinque
1005 5652 1094 5710 ac,
1127 5637 1347 5707 triginta
1407 5637 1566 5692 annis
1613 5638 1771 5702 citra,
1878 5640 2105 5710 quiregi
2135 5641 2450 5700 Balthassar
2497 5649 2768 5702 irascatur
2818 5647 2962 5702 vasis
3003 5651 3186 5720 templi
3239 5650 3451 5708 Domini

151 5747 353 5796 ouant
391 5743 499 5784 nou
548 5745 715 5796 parvo
767 5730 966 5785 damno
1015 5730 1119 5785 sibi
1151 5739 1207 5784 et
1253 5730 1592 5787 verecundia:
1621 5746 1776 5786 eom-
1883 5735 2118 5805 turpiter
2152 5737 2441 5795 abutenti?
2481 5741 2661 5805 Certe,
2699 5749 2755 5794 ut
2786 5740 3070 5797 manifeste
3099 5756 3347 5815 apparet,
3379 5747 3452 5802 si-

463 5827 736 5925 _PA't'ttut..
793 5827 909 5885 Gtt.
953 5825 1213 5885 CLVIII.
3060 5837 3136 5896 34
