3904 6222
435 300 570 364 1059

1720 298 1992 364 BARTII.
2043 301 2142 372 DE
2181 301 2370 364 HNG

3547 291 3670 362 Ῑῦὒύ

431 438 534 491 gna
563 425 749 474 nostra
785 432 890 472 non
931 417 1184 481 vidimus,
1219 416 1329 487 jam
1364 432 1471 473 non
1513 426 1591 473 est
1635 420 1919 488 propheta.
1949 428 2004 476 et
2038 429 2076 483 Α
2111 430 2260 474 lnras
2308 421 2424 474 fore
2469 435 2527 473 se
2559 420 2806 482 credunt,
2867 429 3027 486 atque
3078 415 3381 470 creduntur
3437 415 3504 467 ab
3536 415 3665 477 aliis,

432 526 531 566 nos
562 525 664 564 non
713 509 991 578 cognoscit
1036 508 1267 576 amplius
1317 508 1484 573 Dens;
1541 518 1591 561 ct
1635 510 1849 574 merito,
1881 525 2002 565 cum

434 609 487 653 ct
525 615 622 654 nos
655 601 829 669 ipsum
862 613 960 654 nec
981 597 1210 667 amplius
1243 600 1645 668 cognoscimus.
1681 599 1787 655 Sed
1821 615 2004 669 prose-

435 706 665 758 quantur
693 692 988 762 inceptum.
1024 691 1161 746 Tres
1193 691 1376 762 magni
1413 705 1621 746 montes
1649 693 1882 760 capitum
1920 708 2006 742 oc-

433 787 673 840 c’sorum
737 784 1016 840 hominum
1073 783 1196 836 facti
1260 794 1383 838 sunt
1429 785 1520 849 ibi,
1564 785 1650 852 qui
1689 800 1747 838 se
1784 786 2006 852 paciﬁce

435 887 623 926 eorum
654 872 904 926 manibus
947 871 1160 930 tradere
1204 871 1513 931 noluerunt,
1545 871 1863 938 corporibus
1899 886 1994 939 per

437 980 674 1018 convexa
713 965 981 1024 montium
1017 963 1291 1026 rotulatis,
1345 962 1482 1028 lupis
1511 969 1562 1012 et
1594 961 1819 1016 canibus
1845 972 2006 1030 atque

437 1058 627 1112 avibus
659 1056 926 1111 horrenda
974 1056 1212 1120 cibatio;
1264 1055 1595 1116 sacerdotes,
1641 1054 1896 1124 religiosi,
1925 1054 2009 1121 jn-

437 1170 600 1208 vencs
627 1163 680 1206 et
709 1153 933 1219 antiqui,
991 1151 1117 1204 dum
1153 1161 1328 1204 tamen
1371 1149 1649 1202 ambulare
1681 1159 1920 1216 possent.
1953 1149 2004 1202 in

439 1245 645 1298 Catenis
679 1243 1132 1312 ferreispcrducti
1183 1249 1312 1296 sunt
1360 1241 1424 1292 ad
1479 1240 1678 1304 caudas
1707 1256 2008 1310 equorum;

440 1333 704 1400 reliquum
739 1349 864 1392 vero
902 1332 1092 1398 vulgus
1139 1345 1262 1383 cum
1324 1332 1504 1398 pueris
1524 1341 1577 1384 et
1613 1330 1924 1396 mulieribus
1953 1341 2010 1385 ut

439 1439 634 1492 pecora
672 1439 699 1476 a
725 1422 953 1478 Canibus
985 1423 1212 1491 impulsa
1240 1433 1387 1489 sunt,
1424 1423 1626 1492 absque
1666 1422 1772 1476 nlla
1801 1425 2012 1478 miseri-

439 1514 626 1567 cordia
653 1513 733 1568 vel
777 1513 1016 1582 pii-tate;
1062 1529 1290 1583 quorum
1319 1513 1364 1570 si
1402 1513 1522 1578 quis
1561 1513 1766 1577 labore,
1806 1511 1893 1565 siti
1928 1511 2012 1566 vel

439 1607 625 1666 dolore
669 1607 846 1675 potius
868 1606 1255 1666 inambulando
1278 1604 1593 1667 tardaverit,
1620 1620 1652 1656 0
1679 1605 1816 1659 boue
1844 1603 2008 1658 Jesu!

440 1699 686 1765 protinus
715 1699 766 1751 in
793 1701 925 1754 duas
949 1698 1156 1764 divisus
1179 1704 1354 1765 partes
1378 1696 1455 1751 ibi
1477 1695 1637 1751 vitam
1669 1710 1788 1749 cum
1820 1695 2003 1749 labore

2116 512 2443 578 videremus,
2480 511 2563 565 vel
2585 511 2722 576 forte
2750 511 3057 565 viderenmr
3091 507 3480 562 miserabiliter
3506 508 3673 560 ruiua-
3725 574 3733 581 .

2114 615 2216 661 tos.
2236 606 2485 670 Mentior,
2505 605 2549 658 si
2581 619 2686 658 non
2713 605 2894 672 plures
2917 604 3038 656 novi
3067 618 3131 656 ex
3160 599 3394 655 diversis
3407 598 3673 653 ordinibus

2117 695 2396 764 religiosos
2415 696 2571 752 hodie
2593 695 2868 750 Christum
2892 692 3290 747 ferventissime
3309 689 3672 758 prasdicautes,

2119 801 2242 840 cras
2289 801 2415 840 vero
2463 787 2638 854 ipsum
2681 785 2908 853 turpiter
2955 783 3305 851 abnegarent.
3339 779 3518 845 Quare
3557 779 3670 830 nulli

2119 877 2170 929 in
2205 891 2265 930 se
2305 875 2576 930 lidendum
2611 884 2712 941 est,
2745 875 2996 927 omnibus
3024 887 3150 926 vero
3179 873 3482 924 timendum
3508 870 3673 922 mil’us

2119 978 2270 1035 pulo.
2306 967 2409 1024 Sed
2445 970 2729 1032 redeamus
2761 967 2824 1018 ad
2861 965 3056 1035 prima.

2192 1059 2298 1113 Nos
2353 1059 2532 1128 igitur,
2596 1059 2685 1126 qui
2745 1059 2796 1111 in
2837 1059 2954 1110 istls
2999 1055 3244 1124 partibus
3275 1053 3676 1114 habitamus,et

2119 1149 2426 1216 supradicta
2459 1149 2637 1202 omnia
2668 1163 2792 1202 vera
2818 1163 2940 1201 esse
2972 1157 3026 1200 et
3061 1148 3262 1199 scimus
3293 1155 3346 1198 et
3399 1145 3672 1210 tangimus.

2119 1249 2172 1298 et
2204 1224 2358 1306 atque
2400 1238 2608 1307 majora
2644 1249 2700 1304 et
2742 1239 2942 1308 pejora,
2989 1251 3150 1304 quam
3180 1250 3482 1296 narremus,
3510 1235 3673 1301 qualia

2120 1347 2240 1387 esse
2268 1332 2549 1394 existimas
2589 1331 2751 1384 corda
2790 1331 3014 1383 nostra?
3046 1327 3263 1389 Fateor,
3300 1337 3487 1380 tantus
3519 1327 3675 1387 dolor,

2133 1435 2280 1478 tanta
2310 1424 2506 1476 mentis
2541 1404 2812 1492 angustia,
2849 1429 2997 1484 tanta
3044 1435 3210 1487 super
3248 1433 3347 1472 nos
3392 1417 3677 1470 amaritudo

2121 1513 2414 1577 convaluit,
2452 1523 2508 1567 ιιι
2531 1513 2689 1580 longo
2714 1513 2826 1585 jam
2865 1523 3107 1582 tempore
3139 1526 3236 1564 nec
3263 1512 3419 1564 cibus
3448 1510 3551 1569 ori,
3588 1525 3676 1562 uec

2122 1620 2343 1660 somnus
2377 1605 2548 1658 oculis
2600 1605 2702 1660 nisi
2767 1604 2937 1658 tristis
2989 1613 3264 1672 appareat.
3320 1604 3440 1671 Ipse
3479 1616 3679 1670 quoque

2127 1697 2256 1752 solis
2280 1704 2549 1765 aspectus,
2585 1707 2745 1765 atque
2784 1697 3137 1750 viridantium
3188 1696 3467 1765 regionum
3501 1704 3554 1747 et
3580 1711 3680 1744 ma-

442 1790 634 1844 linivit.
669 1790 912 1854 Quorum
964 1799 1116 1846 tanta
1151 1798 1235 1843 est
1278 1787 1682 1852 multitudo,nt,
1720 1795 1855 1840 teste
1877 1803 2008 1839 con-
2043 1777 2083 1832 Β
2120 1788 2195 1842 ris
2225 1800 2279 1842 et
2315 1799 2492 1853 terrae,
2524 1789 2794 1857 planctum
2840 1779 3018 1857 potius
3058 1789 3318 1850 excitant,
3369 1801 3530 1852 quam
3555 1783 3680 1838 ειιιιις

441 1883 690 1944 scientia,
726 1883 980 1950 praedicto
1015 1880 1184 1934 fratre
1239 1889 1492 1938 narrante
1540 1879 1779 1948 percepi,
1812 1877 2020 1940 delibe-

445 1988 570 2027 rans
593 1974 645 2026 in
672 1989 729 2028 se
751 1988 849 2042 pro
871 1971 1112 2042 quolibet
1141 1971 1398 2025 defuncto
1415 1971 1595 2024 dicere
1625 1970 1695 2024 De
1715 1969 2018 2038 profundis,

443 2075 496 2121 ct
527 2079 631 2118 non
665 2065 848 2120 valens
905 2080 1013 2135 prie
1047 2064 1392 2120 multitudine
1441 2063 1771 2125 occisorum,
1807 2062 2018 2118 tandem

443 2155 742 2213 Orationem
789 2157 935 2214 illam
998 2155 1202 2210 Incliua
1249 2157 1594 2227 lacrymando
1643 2155 1877 2210 dicebat.
1912 2153 2022 2210 Nec

447 2253 502 2304 in
541 2251 643 2304 hoc
678 2266 782 2304 uno
821 2251 956 2304 forte
988 2249 1127 2318 loco,
1192 2261 1248 2303 ιιι
1313 2249 1508 2318 aliquis
1537 2249 1892 2312 exiStimaret,
1925 2248 2019 2303 sed

448 2358 542 2412 per
570 2341 758 2412 viginti
790 2343 1070 2397 diaztarum
1120 2343 1374 2412 spatium,
1399 2344 1537 2395 unde
1568 2341 1806 2410 praedicti
1841 2351 2019 2396 trans-

449 2438 623 2488 ierant
679 2432 955 2500 captivati,
985 2443 1036 2487 et
1068 2448 1228 2502 quam
1261 2432 1495 2486 maxime
1535 2431 1586 2484 iu
1615 2430 2018 2498 liadrianopoii,

451 2523 538 2578 ubi
594 2534 744 2576 extra
802 2523 1106 2577 habitacula
1170 2531 1317 2576 tanta
1377 2537 1662 2587 corporum
1729 2521 2020 2574 multitudo

454 2624 772 2682 consumpta
799 2615 1099 2684 jacctrtnm
1125 2615 1322 2684 partim
1349 2622 1632 2683 corrupta,
1667 2613 1861 2680 partim
1895 2627 2021 2668 vero

455 2723 482 2760 a
526 2707 753 2762 canibus
788 2709 1067 2772 devorata,
1109 2715 1166 2760 ut
1207 2705 1521 2760 incredibile
1565 2705 1818 2774 cuiquam
1855 2701 2019 2766 foret,

455 2799 556 2854 nisi
583 2801 820 2868 p-Opriis
849 2799 1019 2854 ocnlis
1077 2799 1400 2868 aspeaisset.
1453 2796 1821 2868 Projieiuntur
1849 2797 2019 2850 inter-

451 2895 574 2944 t!u.tt
619 2893 786 2962 aliqui
839 2893 1134 2946 morientes
1199 2890 1250 2944 in
1307 2900 1672 2965 mercatorum
1707 2889 2020 2944 Latinorum

454 2993 769 3053 consitortu,
800 2999 934 3054 quos
972 2984 1014 3036 si
1052 2984 1170 3054 quis
1210 2983 1290 3035 vel
1327 2982 1581 3052 sepelire,
1623 2983 1704 3038 vel
1730 2983 1854 3036 inde
1877 2995 2021 3042 amo-

453 3093 601 3146 vere,
639 3078 813 3135 solum
847 3078 1042 3132 feruore
1068 3079 1244 3148 potius
1276 3093 1434 3147 quam
1459 3076 1681 3145 pietate,
1708 3076 2018 3142 tentaret-it,
2047 3108 2092 3166 ο

454 3187 553 3225 nec
586 3171 708 3234 hoc,
735 3171 839 3225 nisi
889 3172 1035 3238 prius
1090 3172 1264 3240 pretio
1317 3170 1465 3232 dato,
1503 3167 1660 3221 liceat
1710 3167 1814 3221 nllo
1844 3178 2019 3236 pacto.

452 3261 533 3318 Oh
567 3264 581 3318 !
617 3263 802 3318 beatos
850 3257 969 3316 illos
1019 3261 1254 3332 appello,
1287 3259 1387 3314 nisi
1423 3257 1559 3314 forte
1601 3257 1872 3330 desperati
1899 3259 2025 3312 dor-

452 3355 693 3409 mierint.
722 3353 854 3406 Nam
887 3355 994 3407 al'a
1024 3368 1175 3413 voce,
1204 3351 1472 3420 ﬂebilique
1512 3352 1658 3406 luctu
1691 3354 2025 3420 clamabant,

451 3445 579 3499 dum
635 3446 1021 3514 capiebantur,
1079 3442 1510 3512 impellebantur,
1562 3445 1952 3500 occidebantur
1977 3456 2031 3500 ct

456 3539 609 3607 pueri
643 3549 693 3593 et
725 3537 1011 3603 lactentes,
1046 3534 1276 3606 juvenes
1316 3546 1370 3591 et
1403 3537 1662 3606 virgines,
1689 3539 1790 3592 viri
1821 3549 1874 3592 et
1903 3556 2025 3592 mu-

453 3631 636 3684 lieres.
694 3629 738 3682 0
797 3638 872 3692 ιιι,
936 3629 1026 3697 qui
1085 3629 1136 3681 in
1173 3629 1326 3682 cmlis
1373 3629 1603 3693 habitas,
1631 3633 1893 3700 numquid
1924 3633 2025 3686 ista

455 3718 816 3774 consideras?
849 3734 973 3772 num
1001 3718 1084 3774 vel
1131 3720 1396 3774 modii-nm
1442 3721 1636 3788 piciale
1679 3723 1911 3777 moveris
1937 3724 1959 3778 ’ἰ
1985 3724 2029 3778 0

459 3811 619 3879 Virgo
653 3811 828 3877 beata,
865 3825 896 3866 0
930 3811 1100 3864 sancti
1149 3822 1461 3880 sanet-mque
1491 3811 1608 3875 Dei,
1643 3812 1728 3866 ubi
1763 3830 1905 3882 spes,
1939 3815 2026 3866 ubi

454 3905 778 3959 eonfilcntia
801 3915 983 3958 nostra
1019 3904 1069 3957 in
1106 3905 1298 3959 vobis?
1332 3909 1410 3958 Au
1435 3907 1574 3960 forte
1603 3905 1783 3974 potius
1817 3906 2027 3976 decepti

455 4012 665 4071 sumus.
698 3997 821 4066 quia
850 4006 1032 4050 nostra
1061 3996 1192 4051 fides
1232 3998 1406 4052 inanis
1429 4007 1478 4050 et
1513 3997 1642 4050 falsa
1674 3998 1791 4052 est?
1812 3999 2026 4066 Beatos,

458 4091 698 4159 inquam,
735 4089 963 4143 dixerim
997 4089 1142 4151 illos,
1191 4090 1235 4144 si
1292 4091 1561 4156 patienter
1606 4093 1922 4154 sustulerint
1949 4094 2029 4146 ia-

460 4194 622 4238 mem,
657 4181 825 4241 sitim,
857 4179 1118 4241 laborem,
1151 4180 1411 4247 dolorem,
1450 4184 1838 4237 servitudincm
1869 4197 2031 4254 atque

460 4280 710 4324 mortem.
755 4269 862 4324 Sed
894 4287 996 4340 qua
1035 4272 1243 4328 ratione
1279 4274 1465 4332 beatos
1513 4275 1632 4329 illos
1672 4276 1868 4343 dicam,
1905 4293 2028 4330 eum

459 4364 718 4420 continuo
739 4363 1011 4436 ahncgent
1043 4358 1249 4426 Christi
1285 4368 1462 4431 Iidem,
1493 4372 1724 4421 maxime
1747 4369 2027 4438 utriusque

2125 1897 2270 1944 men,
2335 1897 2435 1935 nec
2497 1896 2562 1934 ex
2607 1895 2714 1949 quo
2768 1881 2821 1934 itt
2884 1881 3002 1934 istis
3043 1880 3288 1948 partibus
3342 1877 3563 1940 fuimus,
3608 1876 3682 1928 vel

2123 1975 2285 2028 unius
2333 1974 2521 2032 saltem
2565 1976 2711 2030 IIOl‘iB
2771 1973 3049 2040 potuimus
3111 1972 3309 2026 habere
3357 1970 3591 2039 quietem
3621 1984 3680 2020 ex

2126 2067 2234 2129 his,
2267 2081 2386 2135 quae
2439 2067 2694 2120 continue
2748 2064 3025 2128 attilimus,
3089 2073 3143 2117 et
3183 2079 3288 2116 non
3337 2062 3535 2122 minus,
3575 2077 3683 2130 qtae

2122 2157 2298 2214 oculis
2330 2159 2625 2211 cernimus.
2670 2156 2868 2212 Sumus
2921 2156 3063 2208 enim
3117 2156 3171 2209 in
3201 2154 3680 2222 Constantinopoli,

2123 2249 2551 2310 eminentissimo
2587 2250 2723 2314 loco,
2780 2250 2832 2301 in
2878 2247 3096 2316 Capella
3152 2246 3404 2300 videlicet
3431 2246 3682 2300 Constan-

2125 2344 2222 2394 tini
2252 2341 2409 2412 juxta
2453 2341 2713 2409 palatium
2753 2341 2890 2410 ejus,
2933 2355 3095 2410 quam
3128 2340 3298 2394 sancti
3336 2338 3685 2408 Hieronymus

2122 2444 2176 2488 et
2208 2433 2542 2502 Augustinus
2592 2443 2646 2487 et
2696 2433 2955 2490 Nicolans
2990 2447 3112 2492 cum
3159 2430 3390 2498 reliquis
3442 2432 3683 2484 tercentis

2122 2525 2417 2580 octodecim
2444 2524 2693 2592 Patribus
2737 2523 3209 2580 Chalcedonensis
3259 2521 3480 2576 concilii
3509 2536 3684 2575 conse-

2123 2627 2370 2681 crarunt,
2407 2619 2550 2674 unde
2601 2633 2764 2687 supra
2821 2616 3094 2686 speculam
3147 2617 3512 2672 ascendentes
3540 2613 3683 2667 facile

2125 2727 2415 2781 possumus
2450 2723 2616 2765 totam
2668 2711 2974 2780 prospicere
3021 2709 3321 2774 civitatem,
3365 2708 3494 2762 olim
3535 2707 3684 2762 totius

2125 2805 2272 2860 orbis
2301 2804 2843 2867 exet-lletttissimam,
2888 2817 3029 2856 nunc
3055 2817 3182 2855 vero
3215 2811 3362 2856 tanta
3390 2799 3683 2854 calamitate

2125 2895 2410 2964 deiectam,
2445 2903 2502 2948 ut
2526 2892 2652 2946 ﬂere
2695 2895 2872 2960 potius
2914 2893 3098 2952 hbeat,
3137 2907 3297 2959 quam
3328 2891 3540 2954 mirari,
3571 2905 3682 2942 cum

2125 3001 2232 3044 tam
2270 3003 2334 3043 ex
2360 2989 2489 3047 situ.
2526 3003 2685 3056 quam
2719 3001 2783 3041 ex
2815 2987 3061 3042 aedilicizs
3099 2997 3153 3039 et
3183 2987 3398 3040 emeris
3433 2995 3682 3053 opportu-

2127 3087 2210 3136 nis
2269 3081 2406 3136 alter
2458 3080 2771 3136 deliciarum
2857 3079 3028 3134 i‘uisse
3079 3078 3368 3148 paradisus
3418 3087 3686 3148 appareat,

2131 3185 2316 3244 totque
2347 3173 2605 3228 ecclesias
2629 3182 2682 3228 et
2709 3173 3041 3227 monasteria
3073 3171 3502 3241 stnpendissima
3542 3171 3688 3224 ruina

2129 3266 2364 3334 collapsa
2397 3267 2544 3319 intus
2571 3275 2627 3320 et
2654 3275 2806 3318 extra
2842 3280 3002 3333 quam
3043 3268 3296 3330 maxime,
3329 3274 3391 3318 ut
3417 3270 3689 3318 monaste-

2129 3358 2329 3411 riorum
2391 3356 2595 3428 sylviuu
2649 3358 2830 3426 potius
2878 3355 3130 3424 primitus
3179 3356 3580 3419 evistimasses,
3640 3356 3689 3408 in

2128 3463 2356 3518 quorum
2405 3449 2648 3513 quolibet
2699 3458 2753 3502 et
2814 3450 3027 3503 ducenti
3075 3458 3131 3501 et
3187 3450 3442 3514 tercenti,
3473 3460 3524 3501 et
3555 3448 3693 3502 mille

2130 3541 2380 3596 monachi
2441 3541 2766 3605 residebant,
2791 3541 2992 3607 laudes
3036 3541 3316 3595 Altissimo
3353 3541 3693 3600 decantautes

2131 3633 2184 3686 iu
2209 3642 2316 3686 tam
2347 3633 2656 3688 dulcissima
2693 3632 2948 3698 melodia,
2981 3635 3121 3701 qttod
3168 3634 3281 3700 ipse
3311 3648 3405 3686 aer
3437 3633 3491 3685 in
3520 3634 3689 3685 noctis

2133 3723 2308 3777 medio
2372 3723 2795 3794 circumquaque
2860 3726 3143 3782 resonabat
3199 3724 3356 3792 quasi
3401 3724 3692 3793 attgt'litall

2135 3815 2498 3870 harmoniam.
2536 3815 2690 3870 Nunc
2737 3831 2885 3879 vero,
2925 3816 3058 3882 proh
3115 3817 3298 3870 dolori
3351 3825 3406 3871 et
3452 3817 3617 3887 Spina:
3646 3827 3697 3869 et

2133 3921 2323 3974 vepres
2353 3921 2518 3976 super
2536 3924 2719 3963 muros
2743 3909 3064 3973 ascendunt,
3095 3920 3147 3963 et
3172 3911 3246 3964 ibi
3267 3920 3521 3964 resonant
3548 3911 3698 3964 uiola:

2131 4005 2190 4057 et
2246 3999 2511 4054 bubones.
2547 3999 2742 4054 Verum
2804 4001 2846 4056 si
2891 4003 3012 4070 quis
3069 4002 3317 4057 civitates
3374 4001 3696 4065 destructas,

2133 4089 2260 4145 olim
2291 4091 2588 4157 mirabiles,
2623 4102 2682 4144 ut
2711 4092 2981 4147 (Sitalcedo
3013 4102 3068 4147 et
3105 4091 3314 4158 Nicaea,
3344 4095 3499 4162 ψιηεί
3528 4097 3696 4147 conti-

2135 4198 2266 4249 guas
2296 4183 2382 4236 isti
2414 4183 2554 4248 urbi,
2589 4197 2652 4237 ac
2677 4185 2810 4238 alias
2837 4185 3121 4252 plurimas,
3164 4186 3390 4251 quantum
3416 4203 3516 4239 nec
3551 4186 3700 4238 modo

2137 4275 2290 4344 signa
2333 4285 2618 4343 apparent,
2652 4277 2942 4345 aspiceret,
2995 4292 3098 4330 non
3140 4290 3270 4346 puto
3320 4289 3500 4346 posset
3529 4278 3700 4331 conti-

2141 4381 2266 4420 terc
2297 4381 2353 4419 se
2385 4380 2414 4417 a
2460 4364 2610 4431 ﬂetu,
2645 4382 2764 4436 qua:
2811 4383 2906 4438 per
2943 4369 3240 4426 inlidelium
3290 4383 3481 4423 manus
3523 4371 3697 4423 omnia

459 4471 625 4511 sexus
654 4457 902 4526 juvenes,
947 4457 1038 4522 qui
1085 4467 1230 4511 tanta
1285 4457 1544 4512 facilitate
1579 4471 1967 4528 peerrtuntur
1997 4477 2026 4514 a
2065 4455 2107 4510 Ι)
2141 4457 2411 4512 destructa
2447 4470 2592 4513 sunt.
2631 4460 2754 4513 ilwc
2788 4460 2988 4529 saepius
3033 4461 3324 4530 loquimur,
3356 4462 3468 4515 haec
3501 4462 3700 4529 plangi-

462 4551 585 4614 lide,
617 4560 670 4604 et
697 4550 762 4604 ad
786 4549 1220 4603 Christianorum
1251 4550 1584 4604 inimicitiam
1617 4563 2033 4619 convertuntur,

460 4644 588 4711 quia
623 4644 847 4698 credere
897 4635 1060 4712 quasi
1101 4641 1378 4709 incipiant,
1414 4645 1458 4696 si
1509 4643 1620 4696 ﬁeri
1650 4654 1848 4712 potest,
1891 4656 1947 4697 ut
1979 4647 2031 4698 in

464 4751 704 4797 errorem
740 4735 1069 4788 inducantur
1099 4743 1153 4787 et
1203 4733 1385 4788 electi.
1424 4733 1467 4786 0
1501 4733 1729 4789 altitudo
1759 4737 2036 4804 Sapientiae

465 4833 521 4876 et
556 4827 793 4879 scientiae
819 4825 936 4892 Dei,
965 4842 1126 4895 quam
1182 4826 1749 4894 incomprehensibilia
1785 4836 1910 4880 sunt
1941 4826 2034 4894 ju-

464 4914 603 4966 dicia
652 4917 767 4982 ejus
827 4927 880 4971 ct
939 4918 1346 4987 investigabiles
1403 4922 1500 4970 via:
1547 4918 1705 4986 ejus!
1743 4920 1783 4973 Ο
1822 4929 1952 4987 quot
1983 4930 2036 4972 et

465 5015 698 5076 quantos
726 5022 846 5060 eSse
874 5013 1036 5063 creJo
1067 5012 1116 5062 in
1151 5013 1372 5074 mundo,
1405 5013 1496 5080 qui
1532 5012 1780 5064 videntur
1816 5023 1866 5065 et
1903 5028 1958 5066 re
1983 5021 2038 5066 et

467 5098 684 5153 nomine
719 5099 1036 5165 Christiani,
1067 5118 1201 5169 quos
1227 5105 1270 5162 si
1323 5106 1402 5157 vel
1444 5105 1716 5158 modicum
1763 5105 1877 5158 inec
1914 5121 2030 5174 per-

465 5192 762 5248 secutionis
818 5194 1013 5262 pruina
1054 5200 1327 5257 decoxerit
1382 5199 1464 5252 vel
1499 5202 1680 5267 potius
1723 5200 2049 5268 demulserit,

465 5284 644 5337 carnis
679 5285 873 5337 blanda
909 5285 1134 5339 dulcedo
1162 5330 1175 5354 ,
1227 5291 1387 5348 facile
1428 5303 1622 5362 negent
1656 5291 1954 5353 Christum,
1985 5305 2037 5346 et

466 5380 649 5428 dicant
683 5391 804 5428 cum
839 5375 994 5431 Petro
1036 5397 1046 5430 :
1086 5380 1198 5433 Non
1246 5385 1367 5434 novi
1414 5397 1556 5436 eum.
1590 5383 1633 5434 Ο
1681 5384 1882 5435 utinam
1916 5385 2037 5437 talis

468 5468 732 5533 probatio.
770 5467 889 5520 talis
923 5471 1277 5536 CXpCI'irniia,
1333 5472 1450 5525 talis
1483 5473 1677 5527 fortzax
1709 5490 1814 5534 non
1858 5477 2040 5529 veniat

467 5573 632 5629 super
665 5575 782 5624 IIOS,
834 5560 880 5615 εἴ
926 5574 1312 5630 corssttttzptura
1358 5562 1515 5627 iuret,
1572 5580 1675 5618 non
1722 5568 2036 5632 probatura,

467 5666 641 5722 neque
673 5653 722 5706 itt
751 5657 1080 5725 temporibus
1137 5657 1361 5719 nosn'is,
1431 5657 1575 5710 salva
1609 5657 1819 5712 Domini
1852 5662 2040 5715 volun-

468 5759 609 5813 tate;
667 5749 923 5817 quoniam
954 5749 1128 5816 multi,
1150 5749 1262 5818 qui
1307 5749 1586 5803 columnas
1619 5748 1925 5808 immobiles
1955 5753 2040 5807 fu-

2141 4566 2280 4613 inus,
2319 4550 2370 4602 itt
2407 4550 2492 4608 his
2531 4562 2584 4605 ct
2614 4552 2887 4606 similibus
2918 4553 3276 4606 lamentandis
3319 4551 3574 4621 temporis
3595 4567 3699 4604 non

2138 4657 2358 4708 parvam
2401 4653 2610 4711 partetn
2631 4645 3021 4708 consumimus,
3056 4643 3238 4713 potius
3257 4653 3512 4712 Optantes
3540 4642 3700 4704 mori,

2140 4749 2302 4800 quam
2337 4734 2527 4788 ultima
2568 4735 2749 4789 videre
2786 4734 2944 4800 mala,
2976 4735 3214 4804 quotidie
3241 4743 3586 4802 augmentum
3617 4750 3700 4786 su-

2138 4826 2336 4878 mentia
2366 4837 2560 4885 nostra
2599 4829 2792 4893 gentis.
2834 4825 2896 4878 Et
2931 4827 3074 4894 quod
3115 4827 3239 4893 plus.
3277 4826 3517 4879 dolorem
3545 4841 3702 4892 exag-

2135 4929 2289 4988 gerat
2307 4927 2468 4989 atque
2489 4921 2794 4982 conﬁrmat,
2812 4933 2933 4971 eam
2953 4918 3145 4986 quibus
3166 4917 3278 4969 hiﬂc
3300 4918 3700 4969 couununicare

2137 5027 2189 5066 et
2230 5031 2440 5084 ptenam
2468 5014 2721 5067 alieviare
2743 5017 3030 5083 possimus,
3056 5014 3269 5079 penitus
3294 5027 3401 5066 non
3425 5011 3696 5063 habemus.

2115 5105 2272 5159 -Na;n
2300 5108 2460 5175 siqui
2502 5109 2552 5160 ιιι
2593 5107 2676 5160 his
2712 5106 2954 5175 partibus
2985 5105 3062 5156 vel
3100 5113 3396 5164 morantur,
3435 5101 3513 5153 vel
3543 5101 3700 5154 adve-

2139 5202 2296 5254 ttinnt
2336 5200 2651 5265 Christiani,
2689 5207 2834 5258 tanta
2885 5196 3196 5264 temporalis
3243 5195 3380 5248 lucri
3417 5193 3700 5258 cupiditate

2141 5295 2523 5356 exardescunt,
2555 5301 2610 5345 ut
2643 5292 2724 5346 vel
2766 5306 2868 5343 non
2908 5290 3010 5344 ista
3039 5287 3408 5347 considerent,
3437 5285 3702 5352 vel,,quod

2141 5387 2470 5442 horrendum
2512 5399 2594 5440 cst
2635 5385 2835 5446 dicere,
2889 5385 3119 5436 latenter
3167 5389 3444 5447 exaptent.
3477 5377 3608 5434 Ecce
3638 5392 3701 5428 ex

2143 5481 2474 5532 'l'ettcrorum
2533 5478 2702 5532 lucris
2763 5477 2970 5530 hursas
3015 5473 3262 5541 implent,
3297 5481 3355 5524 et
3401 5473 3608 5538 seipsos
3639 5488 3700 5519 es

2141 5571 2573 5624 Christianorum
2606 5568 2868 5636 sanguine
2919 5565 3288 5632 locupletent;
3323 5562 3420 5620 sed
3449 5578 3544 5629 pro
3576 5559 3700 5612 tanti

2144 5664 2342 5718 doloris
2382 5661 2648 5716 levamine
2699 5658 3042 5725 subjunctum
3085 5665 3186 5716 est.
3224 5655 3364 5724 quod
3403 5652 3708 5722 nuperrime

2149 5757 2487 5812 verissimum
2519 5754 2857 5818 audivimus;
2891 5759 3010 5820 pust
3057 5749 3288 5804 reditum
3335 5760 3570 5816 namque
3599 5759 3706 5796 tua—
