3904 6222
288 294 424 367 ποθι

1454 314 1697 379 EPIST.
1742 315 2046 377 CONTRA
2084 320 2399 387 TURCAS.

3408 316 3544 381 106?.

287 417 375 481 gni
414 414 685 471 exercitus
709 415 1039 472 Teucrorum
1067 412 1246 475 subito
1278 435 1341 475 ex
1371 436 1451 477 eis
1483 425 1669 493 viginti
1700 426 1865 480 millia
1898 436 1938 491 Α
1975 432 2063 484 vix
2097 446 2261 485 unum
2304 433 2547 500 reperies
2587 429 2981 486 Christianum.
3015 429 3081 485 Et
3118 438 3296 483 tamen
3329 441 3545 485 constat

289 506 373 561 vel
413 507 563 561 circa
609 509 924 573 retroversi,
977 509 1257 581 llnngaros
1287 515 1441 583 quasi
1491 515 1603 583 jam
1641 528 1862 572 securos

292 596 665 662 repentissime
700 596 1015 652 invaserunt
1048 601 1097 653 in
1133 602 1364 668 quadam
1406 604 1707 671 provincia,
1742 619 1864 671 ante

290 685 493 739 dicitur
527 685 858 750 Siculorum,
886 690 1043 750 quasi
1105 688 1159 743 itt
1223 692 1399 745 medio
1436 691 1761 759 Hungarite;
1796 709 1860 747 ex

291 778 511 843 quibus,
542 789 601 831 ut
651 778 845 843 fertur,
906 781 1125 849 triginta
1178 784 1326 836 mille
1379 786 1588 839 animas
1613 797 1865 855 portave—

292 876 439 921 rnnt.
484 867 673 923 Testes
708 882 856 933 sunt,
887 873 981 938 qui
1014 873 1267 926 viderunt
1291 890 1394 926 non
1436 875 1595 927 nimio
1624 878 1865 944 captivos

291 960 442 1025 duci,
469 975 654 1016 verum
687 962 921 1029 plurium
962 965 1221 1018 nobilium
1255 978 1312 1021 et
1341 967 1649 1036 principum
1685 969 1864 1035 capita

290 1052 534 1105 abscissa
565 1053 751 1120 projici
789 1063 915 1107 ante
962 1055 1123 1121 pedes
1170 1057 1520 1125 imperatoris
1553 1074 1736 1111 eorum
1772 1074 1866 1124 per

289 1142 645 1209 Capitaneum
680 1146 849 1209 illum,
874 1146 967 1213 qui
1002 1148 1102 1200 ista
1131 1149 1351 1216 peregit,
1379 1159 1434 1203 et
1460 1152 1559 1203 hoc
1593 1153 1657 1203 de
1681 1166 1866 1205 mense

290 1231 644 1299 Septembris.
677 1234 990 1301 lteruutque
1014 1237 1187 1289 alium
1230 1238 1427 1291 direxit
1460 1240 1513 1291 in
1557 1240 1675 1307 ipso
1698 1238 1867 1293 Octo-

294 1324 413 1378 brio
438 1330 764 1391 exercitum;
806 1326 849 1379 si
880 1327 1009 1393 quid
1048 1328 1170 1380 mali
1202 1328 1411 1388 fecerit.
1447 1346 1551 1383 non
1588 1340 1864 1395 narratur,

296 1424 356 1467 et
387 1416 467 1469 sic
505 1427 711 1484 terque,
746 1428 1065 1484 quaterque,
1112 1420 1397 1486 deciesque
1432 1422 1483 1473 in
1534 1436 1694 1484 anno,
1725 1438 1868 1476 nunc

292 1508 422 1569 huc,
458 1523 600 1560 nunc
638 1508 785 1572 illuc,
816 1510 1162 1563 formicarum
1219 1527 1368 1565 more
1422 1522 1613 1566 euntes
1662 1522 1715 1567 et
1744 1515 1869 1567 red-

286 1582 506 1664 euntes:
543 1614 862 1667 semperque
919 1601 1067 1655 lucra
1109 1611 1404 1668 portantes,
1450 1619 1511 1656 ac
1576 1605 1617 1657 si
1654 1619 1866 1656 onmem

295 1690 733 1743 Christianorum
764 1700 967 1744 terram
1002 1693 1143 1746 Deus
1170 1694 1251 1748 eis
1280 1695 1564 1750 tradiderit
1585 1696 1866 1762 possiden—

296 1780 436 1832 dam.
474 1779 756 1848 Tantaque
807 1793 928 1837 sunt
964 1784 1256 1837 securitate
1310 1786 1508 1838 firmati
1540 1797 1591 1839 et
1625 1786 1865 1840 rohorati
1902 1764 1940 1818 θ

294 1871 573 1937 victoriis,
639 1884 903 1940 tantaque
968 1875 1213 1929 lucrandi
1279 1877 1577 1945 cupiditate
1648 1879 1860 1931 accensi

289 1979 488 2020 omnes
522 1968 749 2034 pariter,
776 1970 918 2035 quod
953 1969 1323 2022 indubitanter
1357 1985 1413 2024 se
1441 1972 1660 2024 credant
1694 1982 1861 2023 totam

293 2060 767 2115 Christianitatem
799 2063 848 2116 in
876 2077 1042 2131 parvo
1087 2074 1333 2133 tempore
1358 2066 1753 2120 dcstructuros.
1803 2067 1865 2118 Et

289 2153 439 2221 quis,
482 2168 688 2222 qumso,
722 2155 821 2208 ista
856 2171 964 2210 non
1001 2159 1267 2215 crederet,
1299 2159 1341 2211 si
1370 2175 1489 2227 quae
1521 2160 1781 2220 videmus,
1813 2169 1866 2213 et

293 2245 414 2313 ipse
436 2246 683 2300 videret?
711 2247 971 2303 Videmus
1017 2265 1248 2317 namque
1284 2254 1336 2302 in
1364 2254 1601 2305 exercitu
1634 2254 1867 2305 transire

300 2352 409 2392 non
458 2338 634 2394 solum
672 2341 903 2393 rusticos
931 2350 985 2394 et
1020 2350 1263 2408 pastores
1293 2343 1548 2407 inermes,
1585 2346 1699 2397 solo
1738 2359 1866 2397 arcu

298 2429 382 2485 vel
415 2446 548 2485 ense
596 2432 853 2498 munitos,
887 2436 985 2486 sed
1022 2435 1222 2503 passim
1264 2450 1421 2490 senes
1443 2446 1497 2489 et
1526 2451 1721 2489 curvos
1762 2450 1870 2504 pra}

300 2543 326 2578 ιε
360 2526 473 2579 mia
510 2527 839 2595 antiquitate
869 2528 1031 2581 asella
1067 2527 1342 2593 derectos,
1373 2538 1495 2596 post
1525 2530 1637 2582 dies
1669 2544 1870 2597 paucos

296 2616 591 2672 redeuntes
625 2625 736 2670 tres
770 2603 850 2672 vel
897 2626 1130 2686 quatuor
1160 2620 1389 2686 juvenes
1436 2620 1579 2673 collo
1612 2629 1667 2672 et
1700 2622 1871 2672 mani-

295 2711 400 2764 bus
426 2719 547 2777 post
588 2720 734 2778 terga
786 2710 979 2778 ligatos
1029 2724 1209 2763 secum
1266 2711 1464 2765 ducere
1513 2726 1607 2777 per
1637 2713 1869 2764 mediam

296 2798 851 2867 Constantitmpolim,
899 2810 955 2853 et
998 2800 1233 2853 transire
1277 2801 1328 2852 in
1367 2811 1659 2867 conspectu
1698 2799 1871 2853 Vene-

298 2901 478 2945 torum
507 2903 563 2946 et
591 2891 943 2946 Januensium
972 2903 1361 2955 mercatorum.
1387 2893 1462 2946 lbi
1499 2894 1549 2945 in
1580 2903 1870 2961 conspectu

298 2984 548 3038 omnium
603 2985 875 3038 interdum
928 2984 1121 3039 sistere
1173 2984 1397 3048 faciunt,
1450 2994 1508 3037 ut
1557 2999 1747 3038 omnes
1795 2985 1875 3037 vi-

296 3078 491 3153 deant,
520 3092 719 3146 cosque
769 3077 985 3145 injuriis
1038 3086 1095 3130 et
1136 3075 1456 3130 verberibus
1499 3074 1868 3144 colaphizant.
1900 3112 1945 3169 α

302 3172 379 3225 ita
408 3179 468 3223 ut
497 3185 658 3224 nemo
685 3170 885 3225 audeat
919 3170 1334 3234 contradicere;
1371 3170 1415 3222 si
1457 3183 1683 3238 pensare
1724 3170 1872 3230 velit,

304 3272 367 3317 ut
388 3263 592 3318 veritas
622 3277 684 3316 se
724 3262 927 3317 habet?
962 3263 1095 3330 quia
1128 3263 1216 3327 qui
1256 3275 1396 3315 anno
1427 3262 1701 3328 praeterito
1730 3262 1875 3315 ducti

304 3367 436 3411 sunt
459 3356 684 3423 captivi,
713 3355 815 3408 hoc
852 3370 995 3409 anno
1024 3354 1244 3418 Teucri,
1279 3352 1724 3421 Teucrorumque
1756 3368 1876 3405 om-

308 3450 461 3502 nium
502 3447 834 3501 crudeliores
867 3446 1067 3511 effecti,
1110 3448 1161 3499 in
1212 3446 1452 3499 exercitu
1507 3447 1688 3514 primi,
1713 3431 1876 3499 auda-

309 3540 397 3593 cia
448 3548 503 3593 et
553 3538 872 3593 fortitudine
937 3540 1335 3606 promptiores,
1383 3539 1538 3607 quasi
1600 3537 1878 3606 religionis

310 3632 511 3699 pietate
540 3632 692 3697 moti,
741 3642 798 3685 ut
855 3632 1103 3697 credunt,
1150 3631 1302 3685 Fidei
1362 3633 1588 3687 veritate
1640 3642 1875 3699 reperta,

317 3725 591 3792 propriam
636 3725 863 3794 patriam
928 3727 1143 3778 tradere
1193 3724 1483 3789 festinant;
1518 3725 1622 3779 hoc
1665 3740 1880 3791 quoque

308 3818 665 3885 potissimum
694 3818 835 3870 inter
880 3819 1061 3870 ontnia
1113 3827 1329 3886 aptent,
1366 3828 1591 3885 patrem,
1628 3825 1878 3879 matrem,

308 3908 508 3961 fratres
523 3917 574 3961 et
596 3922 830 3970 sorores,
863 3920 1192 3974 metereaque
1212 3909 1642 3973 consanguineos
1661 3920 1877 3974 capere,

307 4009 365 4053 et
384 4002 449 4054 ad
475 4000 652 4053 lumcn
675 4001 868 4053 ὠιειιιε
894 3999 1155 4054 veritatis.
1178 3999 1219 4053 0
1237 4000 1582 4066 stupendum,
1602 4014 1634 4050 ο
1660 3998 1882 4065 profui»

306 4094 437 4147 dmn
482 4094 746 4163 judicium
794 4093 908 4151 Dei.
935 4092 1028 4145 sed
1055 4095 1263 4147 nonnisi
1288 4093 1512 4161 justum,
1540 4092 1775 4160 quandiu
1804 4091 1880 4145 ira

312 4203 409 4240 sua
435 4202 602 4254 super
628 4199 726 4238 nos
760 4183 1053 4254 desaeviet?
1079 4188 1315 4254 qnandiu
1356 4185 1520 4238 nostri
1535 4184 1883 4237 obliviscetur

308 4279 659 4333 Altissimus?
690 4276 906 4330 Utinam
941 4277 1117 4329 nonin
1147 4279 1340 4331 tinent!
1377 4278 1532 4342 Vere,
1563 4291 1709 4338 vere,
1732 4284 1885 4343 pater

314 4372 710 4431 amantissime,
746 4371 1040 4425 timendum
1066 4380 1171 4433 est,
1199 4387 1262 4424 ne
1288 4374 1524 4439 peccatis
1554 4372 1747 4425 nostris
1768 4371 1880 4424 exi-

1968 523 2258 589 praadictas
2286 538 2476 578 omnes
2509 522 2673 578 fuisse
2712 523 2918 592 patrias
2945 522 3401 577 Christianorum.
3436 520 3545 574 Sed

1971 610 2219 681 hccejam
2263 612 2438 679 sopita
2490 623 2614 665 sunt
2665 611 3006 679 longitudine
3044 611 3328 680 temporis.
3365 609 3548 665 Redeo

1970 704 2035 755 ad
2077 703 2196 757 dies
2241 713 2480 757 nostros.
2525 701 2846 768 Oetuaginta
2893 703 2978 755 vel
3028 704 3187 769 paulo
3215 702 3395 771 plures
3420 701 3545 753 anni

1972 804 2119 856 sunt,
2155 795 2296 862 quod
2327 804 2423 849 nec
2446 810 2587 848 unus
2610 794 2821 849 Teucer
2843 796 3209 862 reperiebatur
3237 796 3287 846 in
3314 794 3541 849 Grzecia.

1972 884 2341 938 Transierunt
2372 886 2535 939 etiam
2561 886 2629 938 ab
2670 886 2801 954 ipsis
2838 886 3163 941 Christianis
3205 886 3435 949 advecti,
3468 892 3548 935 to-

1974 988 2197 1044 tamque
2224 976 2365 1029 illam
2393 978 2622 1044 patriam
2653 977 2971 1046 implevere,
3003 994 3124 1045 qua:
3155 979 3260 1031 nisi
3286 979 3350 1031 de
3382 976 3547 1033 celeri

1976 1068 2324 1136 providentur
2374 1068 2637 1130 remedio,
2697 1068 2963 1123 efﬁcietur
3010 1071 3137 1122 cito
3172 1070 3311 1123 sicut
3348 1070 3546 1123 Arabia

1969 1160 2053 1212 vel
2078 1160 2358 1229 Egyptns.
2397 1160 2630 1212 Patriam
2666 1160 2788 1214 dico
2826 1162 3010 1224 latam,
3070 1160 3400 1229 populosam,
3436 1163 3550 1228 glo—

1972 1252 2289 1305 riosissimis
2342 1251 2657 1305 civitatibus
2704 1252 3041 1317 decoratam,
3091 1269 3212 1322 qua:
3263 1268 3451 1305 Omnes
3482 1253 3546 1304 ad

1972 1356 2234 1409 praesens.
2269 1353 2326 1395 ut
2379 1344 2457 1395 sic
2514 1343 2712 1405 dicam,
2767 1343 2837 1395 ad
2869 1344 3095 1396 nihilum
3143 1345 3372 1397 redactae
3401 1354 3545 1403 sunt,

1974 1435 2369 1488 habitatoribus
2407 1443 2679 1499 vacuatce;
2729 1437 2816 1487 ubi
2867 1435 3172 1487 Alexander
3199 1435 3426 1503 Magnus
3453 1435 3551 1487 im-

1974 1527 2213 1593 peravit;
2277 1526 2369 1580 ubi
2437 1528 2700 1590 Athenae,
2760 1526 3049 1587 Corinthi,
3122 1525 3546 1593 Spartanorum,

1978 1618 2570 1683 Thessalonicensittm,
2624 1618 3046 1685 Philippensium
3090 1620 3362 1682 civitates,
3413 1622 3549 1684 quas

1950 1714 2137 1764 «nodo
2167 1712 2408 1780 aspicere
2441 1711 2614 1763 brutus
2643 1718 2743 1763 est.
2776 1711 2974 1763 Parum
3008 1718 3108 1768 est,
3139 1709 3281 1775 quod
3310 1708 3439 1771 dixi,
3468 1723 3550 1762 rc-

1975 1815 2164 1871 specm
2208 1803 2550 1870 sequentium
2586 1811 2633 1853 et
2675 1801 2937 1855 facturum
2973 1811 3026 1852 ct
3078 1800 3399 1865 fiettdnrnm,
3445 1799 3546 1851 nisi

1976 1894 2228 1962 reSpiciat
2256 1905 2310 1948 et
2351 1904 2658 1945 succurrat.
2694 1893 2790 1944 llhi
2846 1906 3008 1952 nunc,
3036 1908 3240 1961 qmeso,
3262 1902 3344 1945 est
3376 1893 3547 1960 patria

1978 1984 2271 2045 Dalmatiae,
2336 1983 2589 2044 Croatim,
2640 1981 2871 2046 Bosnim,
2960 1981 3204 2043 “asciae,
3252 1981 3547 2051 Bnlgarim,

1974 2076 2234 2141 Albaniae,
2290 2075 2603 2135 Walachiae,
2652 2091 2814 2143 regna
2868 2093 2973 2129 non
3033 2091 3223 2141 parva,
3265 2076 3315 2128 in
3366 2074 3551 2144 paucis

1976 2170 2135 2223 annis
2161 2169 2558 2223 habitatoribus
2590 2169 2817 2233 spoliata
2843 2167 2865 2220 ‘3
2891 2168 2967 2221 Ad
3003 2167 3333 2236 l‘lttttga-riatlt
3369 2168 3549 2227 venio,

1976 2266 2041 2316 de
2071 2277 2199 2331 qua,
2233 2271 2292 2314 ut
2321 2262 2535 2325 dicitur,
2565 2277 2595 2315 a
2645 2260 2835 2314 diebus
2880 2275 2987 2313 non
3038 2261 3217 2314 multis
3265 2260 3549 2328 plusquam

1980 2361 2220 2405 tercenta
2276 2351 2460 2410 tuillia,
2513 2352 2691 2403 verius
2745 2351 3002 2404 dixissem
3059 2361 3317 2405 sexcenta
3386 2351 3551 2404 millia

1978 2444 2279 2495 animarum
2337 2452 2550 2508 poi-tata
2595 2449 2737 2494 sunt.
2794 2442 3059 2494 Credisne
3109 2456 3238 2509 ergo
3296 2441 3555 2509 possibile

1981 2536 2115 2600 fore,
2171 2536 2314 2603 quod
2372 2534 2556 2596 timeo,
2609 2548 2677 2585 ne
2734 2532 2945 2586 scilicet
2995 2534 3142 2597 justo
3188 2531 3280 2584 Dei
3321 2530 3553 2601 judicio,

1980 2636 2187 2682 tantum
2218 2626 2487 2695 ignisiste
2529 2625 2809 2693 procedat,
2850 2633 2908 2677 ut
2940 2638 3209 2691 occupare
3253 2624 3424 2690 possit
3450 2630 3558 2677 ter-

1981 2720 2162 2771 minos
2210 2718 2590 2771 Christianos?
2623 2717 2763 2781 Quid
2812 2716 2976 2783 igitur
3023 2731 3163 2768 nunc
3204 2714 3415 2768 faciunt
3451 2716 3557 2768 nti-

1982 2812 2095 2864 seri
2122 2794 2465 2863 Christiani?
2492 2809 2619 2873 quid
2654 2824 2841 2861 eorum
2875 2807 3190 2875 principes?
3212 2806 3338 2874 quid
3371 2816 3557 2873 pasto-

1982 2916 2069 2955 res
2134 2898 2831 2963 Ecclesiae?[)ormiuntne,
2888 2913 2953 2949 an
3010 2897 3312 2965 lethargum
3372 2896 3557 2964 potius

1984 2993 2280 3061 patiuntur,
2324 3000 2380 3043 ut
2440 2989 2699 3057 paulatim
2727 2996 3042 3057 exspectent
3087 2986 3553 3041 Christianitatem

1983 3084 2225 3137 consumi
2250 3083 2283 3136 ’ἶ
2308 3083 2523 3135 Ludunt
2568 3083 2619 3134 in
2664 3082 2831 3135 hastis
2881 3090 2935 3134 et
2977 3080 3210 3145 choreis,
3249 3079 3333 3131 vel
3380 3079 3557 3146 potius

1979 3177 2229 3229 lacerant’
2258 3177 2599 3242 semetipsos.
2628 3170 2849 3227 Interim
2882 3173 3091 3227 Teucer
3120 3172 3325 3225 Christi
3361 3182 3556 3223 nomen

1978 3268 2301 3337 exstinguit,
2369 3266 2480 3336 jam
2514 3267 2738 3336 juravit,
2799 3265 2910 3332 jam
2965 3278 3023 3319 se
3062 3263 3170 3317 Deo
3210 3279 3309 3316 suo
3338 3262 3557 3315 domvit

1980 3361 2127 3415 nul-lo
2170 3370 2323 3429 pacto
2384 3360 2693 3427 quiescere,
2750 3359 2861 3411 nisi
2915 3372 3076 3426 quam
3129 3359 3292 3411 citius
3342 3356 3394 3410 in
3446 3363 3557 3407 tota

1980 3451 2275 3521 Hungarita
2331 3451 2540 3504 cantari
2606 3450 2773 3503 faciat
2826 3450 3010 3503 laudes
3061 3448 3406 3502 Mahumetis.
3440 3445 3556 3501 Heu

1982 3544 2110 3606 heu,
2151 3558 2259 3597 non
2296 3542 2446 3596 multi
2482 3541 2606 3594 anni
2632 3552 2779 3605 sunt,
2812 3540 2953 3607 quod
2984 3554 3082 3594 nec
3115 3538 3350 3593 'l‘cucres
3382 3537 3559 3589 nomi-

1985 3636 2217 3689 nabatur
2253 3635 2305 3687 in
2350 3638 2571 3697 mundo,
2612 3633 2712 3687 nisi
2758 3644 3001 3702 pastores
3039 3633 3189 3701 juxta
3233 3631 3558 3685 Damascum

1984 3728 2036 3780 in
2074 3728 2402 3795 quibusnam
2435 3728 2620 3780 nescio
2674 3728 2948 3779 montibus
2980 3726 3309 3787 habitantes,
3344 3722 3554 3784 rustici,

1984 3817 2212 3879 indocti,
2256 3819 2551 3880 silvestres,
2608 3816 2725 3871 sine
2748 3818 2942 3872 litteris
2967 3856 2982 3880 ,
3013 3817 3130 3869 sine
3167 3817 3394 3869 scientia
3423 3814 3555 3875 ulla,

1985 3918 2046 3961 ut
2075 3918 2198 3961 sunt
2235 3909 2396 3960 etiam
2433 3923 2611 3976 usque
2645 3909 2828 3962 modo.
2866 3908 3019 3962 Nunc
3058 3921 3188 3961 vero
3219 3921 3351 3960 auro
3377 3906 3557 3961 vestiti

1985 4008 2037 4053 et
2065 4002 2312 4063 gemmis,
2350 4002 2569 4067 regibus
2600 4012 2654 4054 et
2706 4001 3137 4068 imperatoribus
3161 4000 3556 4070 principantur,

1988 4107 2085 4145 nec
2112 4094 2229 4146 suis
2255 4094 2502 4146 laborant
2531 4094 2801 4157 manibus,
2842 4094 2933 4146 sed
2982 4105 3236 4163 tanquam
3273 4093 3475 4147 domini
3505 4093 3556 4144 in

1990 4185 2123 4252 ipsis
2160 4187 2350 4253 tapetis
2377 4189 2557 4239 aureis
2590 4197 2646 4239 et
2690 4187 2942 4240 mollibus
2982 4186 3356 4255 pulvinaribus
3399 4200 3561 4237 accu-

1988 4278 2141 4339 bant,
2197 4294 2497 4345 eorumque
2544 4279 2776 4332 quuriis
2823 4280 3071 4347 turpibus
3132 4289 3186 4333 et
3244 4280 3557 4343 immundis,

1988 4368 2117 4419 olim
2152 4368 2381 4429 nobiles,
2413 4384 2554 4422 nunc
2594 4369 2771 4421 Sclavi
2816 4369 3148 4422 famulantur
3182 4371 3363 4423 miseri
3399 4370 3562 4422 Chri-

311 4465 607 4532 gentibus,
634 4480 757 4533 qna:
802 4477 1048 4516 crescere
1081 4465 1322 4529 qumidie
1359 4465 1655 4523 cernimus,
1696 4464 1877 4533 potius
1917 4465 1956 4517 D
1985 4458 2168 4511 stiani.
2194 4456 2328 4509 Nam
2355 4460 2508 4523 pauci
2536 4462 2773 4527 ipsorum
2801 4469 2947 4519 sunt,
2982 4460 3083 4527 qui
3106 4469 3229 4512 Octo
3253 4459 3332 4511 vel
3353 4460 3555 4523 decem,

306 4572 472 4625 quam
492 4558 684 4621 minui,
702 4566 905 4612 tantum
924 4557 1000 4608 ira
1019 4556 1449 4623 diviuaajustitize
1468 4557 1803 4619 exarcht-at,
1822 4566 1880 4607 ut

311 4653 379 4705 ad
417 4651 555 4705 fines
602 4665 779 4719 usque
808 4659 1074 4703 terrarum
1123 4657 1351 4717 occupet
1384 4651 1519 4717 ignis
1548 4652 1669 4715 iste,
1710 4650 1799 4715 qui
1828 4652 1879 4702 in

312 4748 432 4800 dies
459 4745 676 4799 extendi
711 4745 970 4804 (seruntur,
1016 4753 1069 4795 ct
1116 4744 1305 4810 Spatia.
1337 4742 1530 4795 latiora
1573 4745 1880 4811 complecti.

313 4839 454 4893 Ecce
483 4838 697 4891 ducenti
735 4840 817 4890 vel
847 4840 994 4891 circa
1024 4836 1149 4889 anni
1181 4846 1330 4905 sunt,
1361 4840 1580 4904 quando
1616 4848 1723 4890 tota
1759 4840 1880 4890 Asia

310 4932 573 4998 usquead
624 4928 1045 4982 Antiochiam-et
1100 4928 1260 4989 ultra,
1306 4929 1736 4981 Christianorum
1768 4930 1884 4983 crat

310 5023 527 5089 t-opulis
544 5022 812 5085 habitata;
845 5036 984 5073 nunc
1004 5034 1135 5073 vero
1174 5020 1427 5088 paulatim
1451 5019 1541 5073 tali
1584 5021 1702 5089 igne
1737 5036 1884 5073 com-

310 5115 479 5166 busta
500 5120 603 5171 est,
637 5120 695 5162 ιιι
742 5126 942 5178 pansos
979 5111 1049 5163 ibi
1102 5112 1339 5178 reperias
1384 5109 1748 5169 Christianos,
1780 5111 1880 5163 nisi

312 5206 697 5262 forteSclavos
714 5205 975 5272 obsequio
992 5205 1328 5257 Teucrorum
1358 5205 1661 5270 deputatus.
1683 5202 1883 5256 Οςιιξιιο

317 5303 554 5372 Syriam,
586 5299 808 5353 Terram
852 5308 1119 5362 sanctam,
1152 5292 1487 5361 Armeniam,
1518 5298 1793 5359 Arabiam,
1831 5312 1883 5352 ct

316 5409 485 5460 usque
526 5392 592 5445 ad
620 5392 1007 5450 Alexandriam
1031 5390 1235 5457 patrias
1271 5393 1709 5454 circumstantes,
1745 5407 1881 5458 (μιλε

314 5499 506 5539 ontnes
548 5484 982 5540 Christianorum
1020 5484 1189 5537 fuisse
1230 5498 1326 5550 pro
1363 5483 1552 5552 majori
1587 5493 1739 5552 parte
1778 5499 1880 5535 non

312 5576 641 5646 iongojam
714 5586 957 5642 tempore
1027 5576 1374 5631 manifestum
1435 5585 1536 5629 est.
1618 5576 1795 5631 Taceo
1821 5578 1885 5629 de

312 5667 570 5737 Egypto,
593 5665 892 5736 Ethiopia,
919 5667 1122 5730 Persia,
1157 5679 1210 5720 et
1240 5670 1380 5737 quod
1412 5667 1581 5735 majus
1604 5679 1684 5722 est
1709 5672 1886 5722 omni-

314 5762 437 5826 bus,
472 5769 582 5815 tota
618 5760 818 5824 Africa,
859 5759 949 5812 ubi
984 5762 1084 5814 nisi
1110 5760 1248 5813 forte
1284 5760 1493 5828 aliquos
1524 5772 1878 5825 mercatores,

1989 4552 2168 4619 magni
2209 4567 2337 4603 vero
2388 4553 2609 4622 triginta
2641 4562 2694 4606 et
2729 4561 2982 4615 centum;
3033 4553 3236 4605 minimi
3273 4560 3396 4606 vero
3425 4553 3561 4606 duos

1944 4654 1947 4655 '
1986 4644 2069 4696 vel
2105 4657 2216 4699 tres
2248 4646 2312 4697 ad
2350 4648 2524 4698 minus
2549 4646 2776 4700 Sclavos
2796 4662 2898 4700 non
2934 4646 3168 4699 habeant
3196 4644 3556 4699 Christianos.

1985 4739 2193 4802 Quibus
2220 4753 2315 4791 eos
2341 4738 2672 4806 opprobriis,
2692 4754 2798 4805 quo
2823 4739 3028 4803 derisu,
3055 4740 3255 4807 quibus
3275 4739 3487 4809 injuriis
3509 4750 3561 4793 et

1986 4832 2308 4885 verberibus
2343 4833 2709 4902 tyrannizent,
2763 4843 2987 4909 narrent
3046 4833 3119 4895 hi,
3158 4833 3249 4901 qui
3296 4835 3556 4894 sentiunt,

1988 4926 2173 4977 dicant
2205 4924 2528 4978 Christiani.
2559 4924 2770 4978 Utinam
2799 4926 2925 4977 talia
2965 4927 3277 4993 probarent,
3302 4928 3389 4995 qni
3425 4930 3559 4983 tanti

1988 5030 2114 5073 sunt
2146 5036 2306 5071 causa
2378 5020 2526 5083 mali,
2588 5036 2762 5088 neque
2817 5036 2939 5073 cum
2998 5032 3218 5090 possent
3246 5024 3557 5086 subvenire,

1988 5122 2297 5179 procurant.

2064 5205 2327 5258 Deficerct
2383 5206 2509 5258 mihi
2570 5216 2807 5274 tempus.
2853 5210 3240 5265 humantssitue
3286 5209 3465 5271 Pater,
3511 5210 3554 5261 si

1987 5310 2177 5353 cuncta
2216 5300 2407 5353 vellem
2456 5299 2892 5354 Christianorum
2938 5303 3132 5355 damna
3185 5313 3237 5355 et
3270 5301 3557 5367 opprobria

1989 5404 2346 5460 pertractare,
2400 5406 2522 5459 qua:
2571 5393 2846 5447 cernimus
2901 5394 2951 5445 in
3008 5394 3250 5461 partibus
3294 5391 3429 5455 istis,
3461 5408 3559 5445 nec

1991 5481 2326 5534 millesimam
2368 5496 2554 5535 eorum
2613 5494 2818 5551 partem
2872 5482 3205 5536 sufﬁcienter
3250 5483 3556 5547 exprimere

1989 5591 2072 5627 nte
2111 5589 2267 5644 posse
2319 5578 2552 5629 confido.
2616 5579 2884 5645 Exsurgat
2932 5576 3107 5642 potius
3152 5573 3422 5643 Joscphus
3468 5577 3558 5631 ille

1967 5663 2174 5721 rhetor
2212 5669 2503 5733 excellens,
2554 5680 2805 5736 exsurgat
2860 5667 3146 5729 Ilomerus,
3180 5680 3231 5721 et
3263 5668 3421 5721 unius
3447 5684 3554 5721 non

1992 5760 2140 5815 urbis
2176 5762 2369 5829 so!um,
2420 5772 2475 5812 nt
2537 5761 2634 5822 illi,
2689 5761 2783 5814 sed
2848 5761 3034 5813 decem
3087 5770 3140 5815 et
3190 5772 3429 5827 centum,
3457 5762 3553 5831 sed
