3904 6222
319 371 322 374 ,
415 289 551 354 i063

1710 289 2004 350 'BARTII.
2049 291 2142 350 DE
2187 290 2265 351 JA
2280 289 2379 349 ΝΟ

3503 282 3634 351 ιοσι

411 402 582 467 mille,
612 400 702 455 sed
737 400 896 455 trium
942 407 995 456 et
1018 408 1252 470 quatuor
1305 399 1554 465 millium,
1587 399 1696 455 imo
1763 402 1976 471 triginta
2014 416 2052 469 Α
2088 401 2162 456 ris
2198 400 2354 461 forte,
2393 397 2660 467 quomodo
2697 408 2750 452 et
2787 397 3022 451 Venetia!
3052 409 3102 452 et
3150 397 3319 453 Janua
3349 409 3402 453 ct
3433 377 3637 456 eadem:

411 507 464 548 ct
515 493 872 563 quadraginta
926 508 1239 563 regnorum,
1305 494 1350 549 si
1401 501 1653 562 possunt,
1693 495 1878 548 ruinas
1926 504 1980 546 et

412 584 752 637 calamitates
779 593 1056 640 enarrcnt.
1098 583 1370 654 Exsrtrgat
1395 600 1517 640 cum
1552 586 1633 640 eis
1662 585 1826 639 simul
1853 584 1980 639 Ilie-

410 676 630 740 remias,
657 686 707 729 et
737 674 913 730 flendo
945 677 1199 744 suspiret,
1232 687 1285 731 et
1318 678 1463 732 dicat
1495 676 1810 742 :Quomodo
1831 676 1982 730 sedet

410 770 525 825 sola
551 769 937 826 Christianitas
965 770 1120 838 plena
1153 770 1384 840 populis,
1426 769 1568 823 facta
1601 777 1687 823 est
1719 769 1872 835 quasi
1905 769 1981 821 vi-

409 863 513 915 dna
548 863 764 916 domina
799 862 1068 938 geqtium,
1102 863 1356 931 princeps
1407 860 1810 930 provinciarum
1839 858 1979 913 facta

406 963 492 1008 est
529 956 634 1010 sub
690 954 923 1010 tributo?
952 952 1179 1010 Plorans
1218 953 1447 1023 ploravit
1493 953 1549 1006 in
1604 960 1782 1016 nocte,
1813 959 1868 1006 et
1901 951 1980 1006 la-

405 1062 609 1117 crymta
668 1049 720 1100 in
775 1046 1010 1100 maxillis
1049 1046 1206 1115 ejus;
1249 1061 1352 1098 non
1397 1055 1481 1098 cst
1543 1043 1632 1110 qui
1671 1043 1981 1098 consoletur

405 1149 525 1190 eam
561 1151 626 1189 ex
679 1136 931 1191 omnibus
986 1135 1173 1191 charis
1214 1135 1359 1201 ejus.
1412 1136 1612 1189 Omnes
1674 1133 1834 1194 amici
1863 1132 1982 1200 ejus

404 1235 732 1294 spreverunt
765 1239 910 1288 eam,
964 1239 1019 1280 et
1072 1225 1214 1294 quod
1269 1224 1420 1294 pejus
1481 1234 1586 1289 est,
1625 1225 1749 1280 facti
1778 1235 1903 1279 sunt
1933 1225 1978 1275 ei

408 1315 656 1370 inimici?
681 1314 793 1370 Via:
829 1315 958 1370 Sion
1008 1330 1134 1369 vere
1165 1316 1324 1369 modo
1362 1313 1569 1385 lugent,
1599 1329 1664 1370 eo
1694 1318 1978 1385 ιιιιοὼιιυιι

407 1407 478 1458 sit
503 1443 517 1465 .
543 1404 632 1472 qui
669 1403 851 1457 veniat
879 1404 942 1456 ad
992 1403 1413 1470 solemnitatem,
1441 1417 1547 1460 etc.
1606 1403 1841 1470 Miraris,
1872 1407 1980 1460 fra-

407 1506 507 1553 ter.
547 1495 670 1563 quia
704 1495 813 1549 dixi
865 1494 1080 1565 triginta
1115 1495 1197 1550 vel
1234 1498 1591 1567 quadraginta
1632 1513 1922 1570 regnorum
1959 1517 1973 1562 ;

401 1589 656 1650 obsecro,
687 1601 752 1641 ne
785 1585 1019 1651 mireris,
1057 1587 1312 1656 quoniam
1365 1590 1478 1646 haec
1501 1602 1556 1646 et
1598 1595 1787 1648 eadem
1837 1597 1976 1649 tnala

401 1690 456 1733 et
486 1694 642 1749 atque
667 1681 750 1734 his
781 1678 1011 1752 majora,
1054 1697 1173 1752 qua:
1205 1680 1399 1738 Teucri
1445 1682 1694 1740 fecerunt
1723 1685 1778 1740 in
1808 1689 1978 1755 parti-

2085 493 2330 548 civitates
2363 491 2528 547 Italiae
2558 491 2909 559 quatiuntur!
2947 491 3107 547 Certe
3132 495 3307 563 magis
3342 495 3636 547 mirandum
3695 565 3704 572 ι

2084 593 2188 650 est,
2219 599 2389 654 quare
2432 601 2535 639 non
2589 585 2802 653 penitus
2849 584 2962 640 sint
3014 586 3223 642 deletae.
3266 585 3511 641 Vidimus
3558 589 3638 643 his

2083 677 2272 733 diebus
2303 677 2658 748 quadraginta
2691 685 2865 731 mutos
2912 677 3139 745 chalybe
3161 689 3420 733 oneratos
3447 677 3514 732 ab
3543 680 3638 732 hac

2083 770 2304 826 civitate
2334 772 2400 826 ad
2429 769 2865 838 Hadrianopolim
2911 771 3054 836 duci,
3079 786 3186 841 quo
3219 781 3274 826 et
3319 772 3417 840 ipsi
3451 770 3639 826 Teucri

2085 864 2330 917 derident
2361 862 2588 932 turpiter
2635 862 2977 919 Christianos
3024 873 3210 933 aperte
3245 861 3526 918 dicentes:
3556 864 3640 916 Vi-

2083 954 2224 1019 dete,
2265 955 2473 1017 miseri,
2507 955 2808 1008 caecitatem
2865 964 3144 1020 vestram;
3200 969 3331 1010 ecce
3367 970 3464 1009 vos
3495 956 3641 1010 nobis

2083 1060 2232 1098 arma
2266 1045 2566 1114 porrigitis,
2601 1056 2660 1100 ut
2686 1059 2782 1100 vos
2830 1045 3046 1114 penitus
3089 1047 3430 1102 occidamus.
3459 1045 3638 1112 Qualia

2083 1136 2182 1190 ista
2212 1136 2306 1190 tibi
2343 1137 2612 1202 videntur,
2637 1137 2834 1192 dilecte
2865 1137 3080 1191 frater?
3120 1152 3287 1206 quare
3316 1153 3424 1191 non
3453 1153 3517 1191 ex
3545 1138 3641 1192 hac

2081 1229 2245 1282 etiam
2277 1227 2392 1284 sola
2419 1243 2581 1284 causa
2606 1230 2659 1282 in
2689 1230 2931 1290 civitate,
2979 1230 3034 1282 in
3069 1242 3174 1296 qua
3205 1229 3489 1297 pradicas,
3522 1243 3639 1294 pro-

2084 1321 2307 1376 nuntias
2357 1323 2436 1376 eis
2472 1319 2764 1377 manifeste
2821 1323 3079 1378 ruinam?
3128 1323 3235 1378 Sed
3283 1322 3640 1376 indubitanter

2081 1411 2216 1475 scio,
2253 1412 2394 1479 quod
2424 1412 2579 1465 facis.
2606 1411 2850 1478 Clamas,
2888 1424 2943 1467 et
2973 1429 3077 1468 non
3104 1415 3332 1467 audiris.
3372 1414 3476 1467 Sed
3496 1415 3640 1467 adest

2079 1501 2344 1599 flagellum
2369 1501 2482 1569 Dei,
2501 1504 2804 1573 quodjnste
2833 1505 3080 1560 verberat
3109 1506 3506 1599 delinquentes.
3534 1505 3633 1560 Sed

2080 1593 2163 1647 vis
2195 1608 2488 1664 parumper
2516 1604 2851 1650 revertamur
2891 1597 2955 1650 ad
2982 1596 3260 1654 Tartaros.

2159 1685 2312 1739 Anno
2372 1685 2478 1740 isto
2531 1687 2599 1741 de
2661 1703 2848 1744 mense
2873 1690 3130 1758 Augusti.
3189 1692 3405 1758 quando
3444 1688 3640 1746 Teucer

403 1772 505 1827 bus
537 1773 676 1836 istis,
701 1770 918 1827 Tartari
951 1783 1003 1828 et
1035 1776 1242 1843 sperati
1290 1787 1438 1842 sunt,
1467 1788 1522 1832 et
1555 1745 1971 1846 continue-ope-
2009 1745 2048 1801 ⁸
2077 1776 2386 1830 destruebat
2424 1775 2774 1847 Hnngariam,
2828 1745 3000 1834 novus
3058 1745 3367 1849 imperator
3412 1782 3635 1846 electus,

404 1876 597 1919 rantur
655 1866 706 1920 in
775 1866 1018 1932 partibus
1061 1868 1200 1921 ultra
1260 1870 1504 1934 remotis,
1556 1879 1612 1925 et
1662 1880 1720 1925 ut
1747 1883 1974 1927 caeteras

411 1959 656 2010 omittam
688 1959 910 2028 patrias,
945 1974 1063 2028 quae
1088 1960 1420 2016 dinumerari
1450 1965 1530 2017 vix
1558 1974 1797 2034 possent,
1829 1975 1973 2019 tanta

407 2051 651 2118 quotidie
683 2051 820 2104 mala
851 2050 1089 2104 inferunt
1135 2052 1189 2106 in
1243 2051 1463 2120 llussia,
1494 2055 1635 2124 quod
1685 2056 1861 2110 nullus
1892 2065 1976 2110 est

404 2159 601 2204 annus,
632 2144 759 2211 quin
789 2141 1008 2212 triginta
1053 2154 1106 2198 et
1137 2144 1319 2211 plures
1355 2161 1518 2200 naves
1557 2145 1772 2202 Sclavis
1803 2149 1975 2217 plenae

403 2237 927 2304 Constantinopolim
970 2251 1074 2290 non
1131 2237 1374 2302 veniant,
1408 2238 1497 2304 qni
1550 2256 1577 2291 a
1617 2237 1859 2294 Tartaris
1888 2253 1974 2294 ve-

405 2331 675 2383 nnndatur
712 2340 766 2382 ut
809 2344 1002 2398 pecora
1061 2331 1112 2383 in
1159 2329 1486 2395 Moncastro,
1525 2332 1576 2386 in
1625 2331 1770 2386 Tatta
1825 2343 1874 2387 et
1921 2334 1973 2386 in

401 2421 628 2476 civitate
675 2421 842 2485 Cafae,
891 2437 990 2476 nec
1041 2422 1094 2475 lti
1140 2431 1265 2475 sunt
1309 2423 1514 2476 decima
1552 2423 1634 2476 vel
1673 2424 1972 2479 centesima

404 2528 549 2580 pars,
575 2514 664 2582 qui
693 2514 982 2580 capiuntur
1032 2515 1099 2567 ab
1147 2513 1245 2567 eis.
1299 2512 1663 2582 Singulariter
1703 2516 1809 2568 isto
1831 2530 1974 2569 anno

405 2605 459 2658 in
490 2603 662 2667 Tana,
697 2605 748 2658 in
805 2621 913 2674 quo
974 2615 1118 2660 tanta
1169 2607 1486 2661 Sclavorum
1545 2606 1827 2667 multitudo
1851 2621 1976 2662 ven-

403 2701 575 2754 denda
609 2699 868 2767 perducta
905 2709 1006 2762 est,
1037 2710 1092 2752 ut
1127 2713 1229 2767 ego
1269 2701 1384 2769 ipse
1439 2699 1507 2756 ab
1546 2700 1657 2765 illo,
1692 2700 1783 2769 qui
1815 2699 1972 2763 vidit,

405 2791 616 2858 accc-pi,
683 2791 825 2860 quod
891 2805 988 2858 pro
1038 2801 1294 2861 quatuor,
1347 2801 1402 2846 et
1465 2807 1582 2857 sex,
1610 2802 1665 2847 et
1691 2792 1878 2848 decem
1905 2794 1970 2848 ad

403 2885 522 2943 ilus
547 2881 578 2934 fl
598 2885 770 2938 irenis
801 2882 962 2937 etiam
995 2883 1162 2937 millia
1187 2884 1448 2953 jnrenum
1479 2899 1662 2940 eruere
1690 2885 1970 2953 potuisset.

404 2974 510 3027 Sed
561 2988 659 3043 pro
711 2973 1055 3029 multitudine
1111 2985 1164 3029 et
1223 2975 1367 3030 fame
1409 2976 1597 3042 rejecti
1642 2985 1788 3041 sunt,
1833 2985 1886 3032 et
1915 2985 1973 3031 ut

2084 1877 2141 1921 nt
2174 1867 2264 1923 hic
2320 1883 2347 1922 a
2403 1869 2647 1937 pluribus
2699 1870 2893 1936 fertur,
2952 1886 3058 1924 non
3115 1869 3348 1934 affirmo,
3385 1873 3510 1940 quia
3542 1888 3637 1927 non

2081 1960 2226 2027 vidi;
2261 1970 2313 2015 tu
2347 1962 2542 2016 melius
2601 1963 2705 2017 ista
2769 1977 3088 2033 cognosces,
3140 1978 3261 2017 cum
3292 1963 3516 2018 Polonis
3549 1980 3641 2032 pn-

2077 2066 2247 2121 gnans
2270 2067 2367 2121 pro
2398 2067 2564 2122 regno
2594 2051 2900 2120 Hnngariaa,
2934 2054 3076 2122 ipsos
3115 2054 3431 2121 debellavit,
3489 2057 3639 2110 innu-
3683 2105 3686 2108 .

2080 2159 2368 2212 merosque
2398 2144 2618 2207 occidit,
2652 2144 2891 2213 intellige
2935 2145 3294 2202 Christianos.
3326 2147 3477 2201 Tunc
3514 2147 3641 2201 Tar-

2079 2237 2180 2290 tari
2217 2236 2491 2290 convicini
2521 2234 2736 2290 Pol0nis
2768 2237 3013 2293 videntes
3049 2239 3389 2293 Christianos
3425 2242 3640 2309 populos

2077 2337 2372 2397 occupatos
2423 2329 2476 2383 in
2518 2328 2696 2396 bellis,
2756 2328 3029 2383 l‘oloniam
3083 2332 3349 2386 invasere.
3405 2333 3542 2399 Quid
3571 2334 3640 2387 ibi

2079 2419 2328 2483 fecerint,
2359 2434 2618 2475 enarrare
2649 2437 2753 2474 non
2797 2421 3024 2477 sufﬁcio.
3071 2421 3217 2492 Ipsos
3271 2425 3563 2492 interroga,
3599 2425 3640 2478 si

2077 2514 2168 2582 qni
2204 2513 2326 2566 inde
2353 2522 2636 2568 venerunt.
2661 2511 2812 2566 Talia
2840 2524 2966 2567 sunt
2989 2514 3284 2568 munimina
3319 2514 3638 2584 principum,

2079 2605 2208 2659 talia
2242 2604 2489 2667 consilia,
2518 2605 2642 2660 talis
2683 2615 2767 2661 est
2798 2606 2992 2659 militia
3040 2614 3230 2660 contra
3266 2606 3500 2675 populos
3529 2607 3640 2660 intio

2078 2695 2244 2750 deles.
2281 2693 2398 2750 Heu
2436 2697 2671 2766 miseris,
2702 2697 2793 2765 qni
2836 2708 2890 2752 et
2937 2697 3134 2752 debent
3162 2707 3216 2753 et
3249 2708 3487 2767 possunt
3515 2703 3640 2767 sub.

2077 2792 2260 2848 venire
2283 2802 2336 2846 et
2379 2808 2484 2846 non
2539 2791 2762 2847 faciunt.
2825 2791 2934 2847 Nec
2984 2792 3115 2862 ipsis
3152 2791 3324 2846 defuit
3382 2792 3639 2847 advisatio

2079 2894 2206 2940 ante
2251 2894 2486 2954 tempus.
2542 2885 2674 2939 Nam
2724 2895 2779 2940 et
2825 2900 2926 2955 ego
2971 2900 3035 2939 ex
3083 2895 3236 2954 parte
3275 2871 3540 2954 majorum
3591 2895 3641 2940 et

2079 2978 2276 3032 fratres
2313 2977 2508 3042 direxi,
2568 2986 2623 3032 et
2679 2977 2885 3032 litteras
2936 2976 3216 3047 plusquam
3263 2978 3485 3048 triginta
3514 2993 3638 3032 con-

402 3068 574 3136 magis
599 3069 661 3122 de
682 3067 1119 3123 Christianorum
1147 3067 1322 3136 gloria
1357 3068 1596 3136 gaudeas
1624 3077 1680 3124 et
1706 3069 1970 3136 exsultas,
2005 3103 2048 3159 ο
2082 3069 2274 3136 scripsi
2308 3070 2397 3124 diu
2446 3080 2573 3125 ante
2616 3070 2682 3125 de
2733 3085 2919 3124 mense
2966 3069 3272 3137 Decembri,
3320 3070 3534 3144 quando
3558 3071 3640 3124 ille

403 3160 619 3215 noveris
641 3201 655 3221 ,
687 3162 832 3231 quod
872 3161 939 3215 de
968 3160 1168 3230 Cayro,
1208 3161 1276 3216 de
1300 3161 1646 3226 Alexandria,
1684 3171 1737 3216 et
1764 3175 1828 3216 ex
1859 3162 1980 3218 aliis

399 3270 468 3324 pa
478 3265 517 3306 rt
529 3253 650 3309 ibus
665 3252 903 3309 Orientis
923 3253 1175 3309 Saraceni
1197 3267 1522 3309 mercatores
1538 3254 1832 3309 adveniunt
1845 3271 1978 3322 quo-

405 3349 531 3402 Iil-et
557 3363 720 3412 anno,
764 3349 1088 3418 quandoque
1117 3363 1145 3398 a
1177 3345 1401 3400 Sullano
1430 3347 1640 3412 directi,
1665 3347 1729 3402 ad
1767 3345 1975 3413 Cafam,

401 3441 468 3492 ad
498 3437 706 3498 Tanam
737 3451 792 3495 et
817 3441 1201 3504 Moncasttum,
1225 3450 1279 3494 et
1305 3437 1370 3492 ad
1395 3439 1528 3493 alias
1547 3439 1978 3495 Christianorum

403 3545 598 3599 terras,
625 3545 676 3588 et
707 3534 778 3587 ibi
816 3548 844 3585 a
875 3531 1202 3586 Christianis
1225 3530 1566 3587 Christianos
1587 3542 1774 3587 emunt
1806 3537 1978 3602 pretio

404 3643 624 3696 magno,
685 3640 954 3693 superque
1015 3622 1450 3679 Christianorum
1508 3641 1678 3682 naves
1732 3635 1973 3694 portant,

404 3720 531 3784 quia
562 3718 660 3784 ipsi
721 3730 824 3769 non
878 3716 1098 3781 habent,
1161 3716 1225 3770 ad
1285 3717 1514 3785 patriam
1563 3733 1741 3778 suam,
1784 3726 1975 3772 utnon

404 3811 564 3865 modo
587 3809 814 3866 Sclavos
841 3810 1100 3876 habeant,
1147 3808 1238 3864 sed
1275 3820 1330 3864 ut
1367 3810 1623 3866 libentius
1650 3811 1851 3866 faciant
1874 3809 1976 3865 Sa-

405 3912 650 3969 raCenos,
710 3903 1145 3958 Christianorum
1189 3903 1531 3972 postmodum
1582 3904 1851 3959 inimicos.
1893 3901 1972 3958 Olt

401 3996 588 4049 divina
650 3995 885 4065 iustitia,
942 4005 1092 4050 certe
1140 3994 1336 4048 mirum
1383 4003 1491 4059 est,
1535 4009 1708 4064 quare
1765 4003 1973 4050 tantum

403 4090 635 4144 sustinet
663 4087 1034 4142 Christianos!
1072 4086 1166 4141 sed
1204 4088 1448 4155 quotidie
1488 4089 1804 4158 mysterium
1844 4103 1976 4158 ope-

402 4192 577 4236 ratur.
614 4181 877 4248 Exspecta
930 4193 1242 4248 parumper,
1272 4181 1596 4235 venerabilis
1626 4192 1798 4250 pater,
1830 4181 1971 4235 aliud

404 4271 596 4326 audire
631 4270 898 4337 mirabile,
926 4270 1355 4340 delectabileque
1399 4287 1500 4326 non
1537 4287 1748 4342 parum.
1778 4270 1972 4328 Tencri

403 4379 510 4418 non
548 4363 745 4418 habent
771 4378 942 4430 arma,
980 4373 1038 4418 ut
1071 4361 1306 4427 dicitur;
1348 4364 1392 4418 si
1446 4374 1500 4417 tu
1533 4366 1710 4420 credis
1737 4365 1836 4420 hoc
1867 4366 1970 4420 im-

2090 3162 2314 3226 parabat
2341 3164 2639 3218 exercitum
2673 3173 2858 3218 contra
2895 3164 3073 3232 ipsos;
3109 3175 3161 3217 et
3188 3165 3285 3218 has
3310 3163 3380 3218 ad
3410 3164 3636 3231 imperato

2088 3263 2260 3324 torem
2284 3263 2338 3309 et
2361 3255 2534 3310 duces
2564 3255 2711 3318 misi,
2734 3269 2869 3323 quas
2893 3263 2948 3308 et
2974 3247 3279 3310 habuerunt
3303 3266 3359 3309 et
3381 3257 3635 3324 legerunt,
3723 3319 3732 3327 _

2089 3359 2189 3400 nec
2219 3355 2572 3410 curaverunt,
2600 3356 2760 3416 prout
2789 3346 2966 3400 exitus
2993 3346 3107 3416 ipse
3143 3345 3499 3401 demonstrat.
3524 3347 3635 3402 Cla-

2089 3437 2269 3492 mabat
2299 3438 2463 3492 etiam
2493 3439 2544 3492 in
2579 3448 2865 3507 conspectu
2897 3439 3039 3508 regis
3102 3449 3154 3493 et
3183 3439 3485 3509 principum
3522 3438 3630 3491 tuba

2088 3529 2175 3584 illa
2205 3529 2300 3585 Dei
2330 3529 2498 3584 frater
2523 3529 2759 3584 Jacobus
2784 3537 2992 3594 noster,
3025 3531 3213 3598 eisque
3241 3529 3296 3582 in
3331 3528 3519 3584 faciem
3553 3529 3629 3582 ia-

2081 3623 2255 3693 jurias
2323 3621 2640 3693 irrogabat:
2679 3621 2835 3684 Ecce,
2891 3621 3095 3685 dicens,
3161 3621 3370 3688 miseri,
3416 3622 3628 3689 patriam

2086 3725 2320 3769 vestram
2350 3715 2513 3770 alieni
2532 3714 2787 3784 spoliant,
2807 3729 3005 3770 uxores
3032 3725 3240 3769 vestras
3271 3715 3323 3768 in
3352 3724 3630 3782 conspectu

2085 3815 2268 3862 vestro
2305 3805 2633 3875 vituperant,
2671 3814 2727 3861 et
2767 3806 2970 3877 ducunt
3010 3814 3065 3861 et
3101 3805 3299 3860 fratres
3327 3813 3383 3858 et
3425 3805 3559 3859 filios
3585 3805 3630 3857 in

2084 3897 2317 3962 catenis,
2349 3911 2446 3952 nec
2491 3897 2719 3953 curatis.
2771 3896 2876 3966 Ipsi
2928 3911 3056 3952 vero
3098 3897 3213 3952 haec
3244 3908 3300 3952 et
3328 3898 3521 3953 similia
3550 3913 3634 3952 an.

2082 3987 2294 4043 dientes
2329 3996 2385 4043 et
2440 3987 2702 4053 ridentes,
2761 3989 3104 4046 insensibiles
3174 3990 3512 4045 videbantur.
3571 3991 3632 4046 Et

2082 4081 2224 4150 quod
2265 4080 2386 4150 plus
2413 4089 2517 4143 est.
2561 4081 2811 4136 dominus
2851 4092 3038 4136 noster
3093 4095 3228 4150 papa
3265 4082 3632 4138 sanctissimus

2083 4187 2308 4227 munera
2369 4173 2449 4228 eis
2500 4171 2648 4228 misit
2699 4180 2924 4236 teterua,
2998 4173 3386 4242 indulgentiam
3440 4175 3632 4231 scilicet

2081 4270 2450 4334 peccatorum,
2488 4263 2534 4317 si
2565 4263 2655 4332 qui
2692 4275 2878 4320 contra
2909 4257 3153 4320 infideles
3199 4281 3352 4321 arma
3385 4268 3631 4338 sumpsis-

2081 4365 2224 4411 seut.
2251 4357 2475 4423 Quando
2523 4356 2707 4426 igitur,
2767 4357 2984 4426 quando
3035 4359 3418 4414 excitabantur
3464 4359 3630 4415 miseri

403 4457 657 4526 possibile
681 4455 818 4521 fore,
867 4471 988 4511 cum
1059 4463 1238 4510 tantas
1290 4455 1722 4511 Christianorum
1773 4459 1974 4526 patrias
2008 4463 2056 4521 υ
2083 4445 2476 4502 (Πιτίειίδιιίῖο
2515 4448 2733 4518 quando
2790 4450 2893 4504 erit
2951 4459 3158 4518 tempus
3190 4451 3428 4506 illud?si
3461 4452 3631 4507 videro

403 4551 864 4618 t-xspoliaverint;
916 4565 1045 4605 ecce
1091 4549 1403 4604 veniuntde
1457 4548 1606 4603 Italia
1647 4558 1977 4604 mercatores

400 4643 600 4709 Latini,
625 4653 681 4700 et
713 4645 925 4708 Veneti,
953 4652 1007 4698 et
1045 4641 1364 4704 Jannenses,
1386 4650 1440 4696 et
1470 4643 1668 4705 caeteri,
1687 4651 1740 4696 et
1769 4658 1831 4696 ex
1866 4657 1977 4695 nta-

401 4753 502 4802 gna
526 4737 764 4805 ipsorum
796 4735 999 4804 pietate
1049 4743 1103 4786 et
1151 4735 1325 4803 gratia
1363 4740 1552 4784 contra
1601 4730 1680 4786 fas
1725 4739 1778 4785 et
1805 4731 1976 4795 nefas,

403 4827 582 4888 galeas
645 4838 698 4880 et
746 4842 908 4882 naves
966 4827 1174 4895 plenas,
1238 4843 1338 4878 non
1394 4825 1674 4887 ferro,sed
1725 4823 1976 4893 chalybe,

405 4924 620 4980 pot-tant
643 4917 694 4969 in
716 4920 1044 4972 abundantia
1077 4928 1244 4982 tanta,
1267 4926 1324 4971 ut
1355 4918 1438 4970 vix
1469 4920 1684 4972 credam
1710 4918 1762 4971 in
1798 4919 1974 4988 aliqua

406 5007 624 5060 civitate
650 5005 814 5060 Italiae
868 5012 920 5064 in
979 5023 1086 5064 tant
1145 5013 1282 5064 bono
1315 5009 1430 5063 foro
1463 5021 1516 5064 et
1549 5011 1600 5064 iit
1635 5019 1782 5063 tanta
1821 5014 1974 5079 copia

406 5099 655 5166 reperiri,
692 5109 893 5166 quanta
921 5101 974 5154 in
1012 5101 1282 5171 Gallipoli,
1321 5101 1454 5156 Pera
1494 5111 1543 5155 et
1587 5099 1972 5170 Hadrianopoli

408 5196 713 5260 reperitur;
747 5194 997 5258 mentior,
1039 5195 1082 5247 si
1134 5212 1238 5250 non
1284 5197 1392 5250 vidi
1443 5196 1615 5250 oculis
1645 5196 1814 5260 ntcis;
1843 5197 1971 5250 etin

407 5287 595 5355 galeis,
631 5285 829 5352 quibus
855 5285 1120 5338 venimus.
1153 5270 1279 5340 Sed.
1304 5289 1450 5350 audi,
1507 5290 1774 5356 quomodo
1805 5304 1973 5342 excu-

408 5376 638 5429 santur?
665 5389 770 5428 non
795 5373 1020 5427 Teucris
1050 5378 1309 5437 vendunt.
1346 5379 1438 5434 sed
1461 5377 1660 5434 Judzets
1677 5388 1730 5432 et
1751 5377 1974 5444 Graecis,

409 5465 570 5520 etilli
607 5465 945 5533 postmodum
999 5465 1104 5521 illis
1156 5471 1392 5538 prOprLis
1454 5470 1704 5525 manibus
1739 5470 1976 5538 largiun-

411 5571 517 5609 tur.
549 5555 614 5627 Et
641 5558 762 5621 hoc,
796 5567 852 5609 ιιι
907 5558 1177 5614 acutiores
1223 5560 1430 5628 gladios
1487 5560 1686 5614 faciant
1720 5561 1784 5614 ad
1811 5556 1974 5614 Chii-

413 5651 712 5703 stianorum
741 5649 950 5703 viscera
983 5650 1326 5705 effundenda.
1355 5649 1399 5703 0
1432 5649 1522 5702 Dei
1551 5651 1743 5718 pietas,
1773 5660 1975 5717 quanta

410 5743 645 5797 sustinet
674 5744 687 5799 l
718 5752 925 5814 quanto
961 5741 1143 5798 differs
1177 5756 1420 5812 tempore
1461 5743 1770 5796 vindicare!
1811 5744 1972 5796 mira-

2081 4540 2253 4594 ocnlis
2284 4540 2440 4603 meis,
2471 4551 2759 4610 antequam
2792 4541 3010 4595 moriar.
3042 4541 3166 4597 lltec
3199 4543 3329 4598 mihi
3373 4559 3516 4614 spes.
3547 4545 3632 4598 sed

2084 4633 2239 4686 valde
2270 4634 2488 4699 debilis,
2515 4635 2613 4689 sed
2642 4634 2794 4689 valde
2829 4648 3038 4688 remora
3069 4646 3178 4701 est,
3204 4647 3257 4691 et
3283 4651 3421 4706 pene
3458 4639 3635 4708 despe-

2083 4727 2279 4780 rationi
2313 4727 2424 4798 jam
2469 4729 2732 4798 proxima.
2771 4729 2872 4784 Ubi
2912 4743 3053 4784 nunc
3085 4739 3169 4784 est
3227 4744 3452 4800 regnum
3483 4731 3636 4785 Fran-

2079 4819 2178 4873 cia:
2205 4820 2520 4887 gloriosum,
2545 4822 2687 4889 quod
2711 4822 2820 4897 jam
2841 4822 3065 4886 antiquo
3091 4833 3329 4891 tempore
3347 4822 3636 4878 Saracenos

2079 4927 2145 4964 ex
2173 4909 2430 4979 Hispania
2461 4912 2706 4982 depulit?
2769 4910 2855 4966 ubi
2919 4913 3211 4983 Anglorunt
3268 4915 3507 4980 potentia
3535 4930 3637 4967 ma-

2079 5003 2221 5071 gna?
2283 5003 2406 5058 Ilaec
2448 5004 2556 5058 duo
2613 5005 2678 5057 ad
2721 5004 2948 5059 invicem
3005 5017 3326 5076 consumpta
3374 5017 3520 5062 sunt.
3547 5008 3635 5065 Ubi

2083 5110 2226 5150 nunc
2260 5097 2568 5166 Aragonnnt
2594 5111 2710 5162 rex,
2743 5095 3040 5150 intidelinm
3073 5098 3280 5165 pavor?
3309 5099 3398 5152 ubi
3425 5100 3634 5169 reliquae

2081 5189 2336 5257 potentia:
2394 5197 2448 5241 et
2491 5189 2671 5244 caeteri
2725 5190 2995 5258 principes
3039 5189 3372 5246 Christiani?
3403 5193 3636 5248 Alamaui

2079 5279 2253 5332 odiosi
2279 5287 2402 5332 sunt
2449 5276 2717 5346 llungaris
2743 5289 2795 5332 et
2826 5276 3101 5333 Boltemis.
3135 5277 3373 5348 "nugari
3398 5296 3519 5335 cum
3547 5281 3635 5332 Po-

2079 5371 2217 5426 lonis
2274 5382 2529 5440 pugnant.
2591 5371 2842 5424 Ecclesia:
2887 5379 3131 5440 pastores
3180 5387 3300 5426 cum
3347 5375 3638 5443 pastoribus

2079 5474 2201 5520 sont
2231 5465 2406 5528 divisi,
2444 5464 2670 5519 barones
2713 5479 2833 5518 cum
2894 5465 3209 5529 baronibus,
3255 5467 3501 5522 civitates
3528 5482 3638 5521 cum

2079 5559 2390 5614 civitatibus
2442 5559 2671 5612 invicem
2701 5573 2759 5614 se
2804 5570 3150 5625 consumunt,
3205 5561 3278 5616 ita
3316 5572 3394 5626 ut,
3426 5563 3470 5616 si
3505 5561 3640 5615 nulla

2079 5652 2145 5704 ab
2175 5651 2482 5704 extrinseco
2537 5651 2702 5705 altera
2762 5652 3062 5720 persecutio
3115 5652 3400 5716 inferatur,
3435 5653 3638 5707 sibimet

2080 5742 2345 5798 sufﬁciant
2375 5743 2440 5799 ad
2472 5744 2706 5798 ruinam.
2740 5744 2802 5801 Et
2825 5755 2880 5800 ut
2908 5746 3127 5803 silenter
3151 5748 3443 5811 insinuem,
3470 5747 3643 5809 timeo,
