3904 6222
317 393 457 458 1⁸0ῦῦ

1484 406 1732 471 EPlST.
1778 392 2078 471 CONTRA
2105 410 2442 476 'TURCAS.

3426 418 3567 483 1066

308 513 502 577 frater,
532 513 695 569 timeo
743 531 819 571 ne
846 516 954 585 jam
1022 526 1235 588 tempus
1285 521 1488 575 ultimae
1520 524 1884 580 tribulationis
1919 536 1959 588 Α
1994 524 2217 580 tendere
2253 528 2317 580 ad
2351 529 2672 586 nocendum.
2702 532 2879 597 Quare
2900 533 3294 590 cordial’issime
3332 550 3569 591 exoran-

306 603 606 660 advenerit.
641 603 1006 662 Vehementer
1060 609 1366 679 angustior,
1412 609 1608 665 dilecte
1657 613 1751 677 mi,
1780 614 1880 668 ista

303 694 605 761 revolvere,
662 711 785 751 cum
846 707 900 752 et
953 700 1181 767 plurima
1236 711 1448 756 restent
1497 718 1650 771 atque
1672 704 1881 773 majora

303 787 603 854 praedictis,
656 803 774 857 quae
816 805 884 844 ex
937 792 1055 861 ipso
1101 794 1430 849 narrationis
1467 794 1627 852 taedio
1662 805 1884 861 praeter-

301 879 480 933 mitto.

381 972 507 1029 Haec
537 985 714 1032 autem
772 991 962 1045 pauca,
1021 993 1151 1047 quas,
1180 978 1246 1030 dc
1294 980 1476 1034 multis
1504 979 1659 1047 quasi
1702 978 1886 1048 praeli-

306 1064 513 1130 ltand'o,
547 1084 654 1122 non
713 1070 1037 1137 explicando
1093 1072 1408 1139 perstrinxi,
1474 1086 1571 1141 pro
1602 1080 1755 1125 tanto
1788 1072 1885 1125 tibi

307 1157 621 1226 signiﬁcare
649 1160 860 1225 curavi,
897 1168 953 1213 ut
1007 1162 1185 1231 primo
1233 1161 1346 1215 haec
1391 1171 1647 1230 tanquam
1683 1177 1711 1214 a
1741 1161 1884 1215 ﬁdeli

305 1259 563 1304 narrante
594 1265 716 1305 esse
743 1266 871 1305 vera
897 1267 1221 1320 cognoscas,
1261 1254 1640 1322 cognoscendo
1676 1254 1883 1308 condo-

302 1340 441 1401 leas,
483 1350 535 1395 et
569 1343 693 1396 aliis
751 1344 1093 1412 praedicando
1139 1346 1451 1411 denunties,
1499 1347 1592 1416 qui
1639 1347 1741 1400 ista
1780 1362 1884 1400 non

303 1431 555 1495 credunt,
597 1443 756 1503 atque
781 1434 967 1490 ﬁdeles
1009 1438 1239 1502 animas,
1277 1436 1321 1491 si
1362 1453 1481 1506 quae
1520 1439 1884 1504 reperiuntur,

304 1523 360 1575 in
395 1523 595 1579 mundo
612 1535 883 1591 gestantes
908 1528 1115 1581 viscera
1138 1529 1373 1595 pietatis,
1404 1544 1589 1594 orare,
1626 1530 1884 1598 elutriare,

302 1624 359 1668 et
383 1613 510 1669 ﬁere
538 1627 663 1669 ante
700 1618 861 1685 pedes
908 1618 1105 1673 divinae
1140 1620 1437 1689 Maiestatis
1460 1622 1710 1688 inducas,
1750 1632 1808 1676 ut
1834 1624 1885 1676 in

298 1717 457 1763 tanto
487 1709 732 1777 periculo
767 1709 881 1764 suis
908 1710 1182 1775 ﬁdelibus,
1218 1712 1300 1764 vel
1332 1712 1519 1767 saltem
1555 1728 1653 1767 suo
1678 1714 1884 1768 nomini

304 1799 599 1854 subvenire
658 1800 937 1871 dignetur.
988 1802 1123 1856 Nam
1186 1802 1230 1857 si
1253 1802 1349 1856 ab
1385 1804 1500 1873 ipso
1548 1804 1882 1871 adjutorium

1992 616 2117 669 dum
2176 626 2279 681 est,
2338 627 2396 670 ιιι
2451 620 2496 674 si
2556 622 2855 678 obsidionis
2913 639 3072 679 casus
3113 624 3395 688 acciderit,
3451 627 3567 696 ipse

1990 705 2207 771 adjuvet
2242 706 2402 770 Deus,
2436 709 2691 777 quoniam
2738 714 2803 766 de
2849 713 3021 780 Italia,
3053 716 3198 769 unde
3252 715 3327 769 illi
3359 715 3563 771 civitati

1989 798 2234 850 succurri
2264 797 2485 854 forsitan
2522 802 2811 868 timuisset,
2846 808 3078 860 maxime
3122 824 3150 861 a
3181 807 3402 863 Venetis
3426 847 3441 873 ,
3470 821 3565 876 pe-

1991 889 2135 943 nitus
2164 900 2247 944 est
2282 907 2540 959 securus;
2597 910 2659 949 ex
2711 911 2818 964 quo
2867 914 2970 952 non
3003 899 3261 953 .creditur
3306 909 3417 954 toto
3453 915 3564 954 sum

1990 989 2230 1049 tempore
2259 982 2381 1036 vitae
2408 987 2548 1038 hunc
2611 984 2781 1041 fuisse
2845 998 2953 1041 tam
3000 989 3211 1043 fortiter
3242 991 3561 1054 animatum,

1992 1080 2207 1138 tamque
2261 1073 2578 1143 dispositum
2644 1079 2707 1130 ad
2760 1078 2882 1143 hoc,
2944 1080 3213 1149 quomodo
3266 1096 3408 1135 nunc
3446 1093 3561 1145 est;

1991 1162 2134 1231 quod
2179 1174 2234 1217 et
2274 1164 2378 1219 alia
2414 1164 2527 1233 jam
2570 1167 2727 1223 dictis
2769 1170 2961 1224 itnlieia
3012 1171 3296 1227 manifesta
3341 1174 3567 1227 demon-

1992 1264 2191 1309 strant.
2242 1254 2378 1311 Nam
2415 1259 2859 1328 triginta-mima
2913 1264 3192 1331 piconum.
3238 1265 3568 1333 totidemque

1992 1345 2312 1401 malleorum
2340 1358 2503 1415 atque
2528 1349 2773 1419 pataram
2798 1351 2864 1405 de
2891 1354 3033 1408 ferro
3063 1370 3377 1425 magnarum
3409 1356 3569 1410 modo

1941 1482 1953 1491 .
1992 1438 2170 1503 parari
2204 1437 2354 1494 fecit.
2411 1439 2489 1493 Tn
2549 1450 2753 1508 autem,
2786 1444 2863 1497 ad
2896 1444 3025 1513 quid
3072 1444 3219 1498 ista?
3256 1447 3565 1502 considera.

1990 1525 2216 1596 Insuper
2250 1545 2529 1599 nunquam
2568 1534 2881 1601 manducat,
2931 1542 2986 1588 et
3029 1551 3151 1590 raro
3180 1552 3305 1590 cum
3346 1537 3458 1591 suis
3490 1542 3568 1590 lo-

1990 1618 2196 1685 quitur,
2258 1621 2473 1689 quando
2520 1623 2710 1678 civitas
2775 1623 3382 1697 Constantinopolitana
3439 1643 3564 1683 cum

1989 1711 2223 1780 Suspirio
2247 1713 2553 1780 proferatur
2600 1716 2654 1770 in
2720 1718 2974 1773 medium.
3027 1718 3091 1773 Et
3115 1736 3222 1774 non
3261 1720 3564 1783 immerito;

1992 1818 2115 1856 cum
2145 1818 2241 1873 per
2273 1806 2446 1874 ipsam
2478 1807 2640 1861 etiam
2676 1810 2838 1865 maris
2868 1811 3164 1881 potentiam
3196 1812 3352 1866 facile
3385 1824 3568 1881 posset

303 1903 549 1947 nostrum
571 1908 676 1947 non
703 1894 908 1959 veniat,
932 1894 1132 1949 frustra
1164 1897 1607 1965 exspectaturab
1634 1897 1875 1963 homine,
1914 1889 2282 1964 Bac-quirere.
2334 1900 2509 1965 Adde,
2574 1902 2616 1955 si
2666 1904 2795 1971 quid
2848 1906 3103 1973 pomleris
3160 1914 3264 1969 est,
3320 1904 3463 1974 quod
3502 1907 3566 1958 de

306 1985 360 2039 in
392 1999 498 2059 quo
530 1995 612 2041 est
643 1999 779 2040 vana
821 1986 991 2050 salus,
1035 1996 1090 2041 et
1143 1986 1247 2055 qui
1283 1996 1465 2058 sperat
1498 1989 1553 2042 in
1583 2001 1668 2051 eo,
1696 1988 1873 2056 potius

304 2076 645 2133 maledictus.
673 2077 781 2133 Sed
829 2090 882 2133 et
924 2081 1038 2134 haec
1073 2080 1351 2150 potissima
1404 2095 1568 2136 causa
1609 2090 1716 2145 est,
1759 2094 1878 2149 quae

303 2184 394 2223 me
421 2170 514 2223 tibi
547 2172 613 2223 ad
641 2172 738 2225 ista
765 2171 1050 2228 scribenda
1083 2174 1397 2238 commovit,
1426 2183 1485 2228 ut
1514 2183 1567 2228 tu
1600 2173 1874 2239 videlicet,

304 2262 398 2331 qui
425 2262 625 2318 Christi
658 2264 859 2334 pietate
888 2276 942 2321 et
984 2267 1288 2321 animarum
1322 2266 1437 2322 zelo
1466 2283 1761 2325 succensus
1795 2282 1877 2335 es,

300 2354 505 2423 quique
536 2357 762 2411 scientia
790 2368 842 2413 et
870 2359 1175 2428 eloquentia
1209 2360 1401 2425 ﬂores,
1441 2361 1678 2414 litteram
1716 2360 1877 2413 istam

303 2460 466 2514 quam
496 2448 590 2501 tibi
650 2451 901 2513 conﬁcio,
958 2453 1163 2523 di‘rigas
1213 2461 1267 2507 et
1299 2468 1550 2516 exornes,
1608 2468 1669 2507 ac
1699 2452 1879 2506 debita

306 2546 508 2607 pietate
542 2551 597 2595 et
628 2544 893 2612 gravitate
924 2560 1220 2614 componas
1242 2582 1259 2607 ,
1296 2554 1562 2614 quatenus
1594 2545 1755 2615 digna
1789 2546 1883 2599 ﬁat

302 2630 359 2683 in
418 2643 729 2701 conspectu,
767 2649 951 2704 regqu
1023 2647 1077 2689 et
1130 2638 1434 2705 principum
1486 2649 1767 2704 apparere,
1834 2635 1880 2688 si

303 2722 448 2777 forte
475 2726 700 2778 audiant
731 2736 785 2780 et
809 2736 1205 2781 convertantur
1230 2728 1560 2796 quandoque
1586 2729 1649 2780 ad
1680 2724 1882 2782 Christi

300 2813 432 2872 Jesu
472 2816 721 2886 injuriam
758 2819 1162 2873 vindicandam.
1192 2819 1307 2873 Nisi
1338 2819 1517 2889 potius
1549 2834 1578 2873 e
1603 2818 1883 2874 contrario

300 2908 654 2981 iudicaveris,
692 2918 844 2964 tanto
874 2911 939 2963 ad
988 2911 1090 2963 sibi
1134 2908 1291 2965 ﬁdem
1326 2911 1663 2978 prtebendam
1708 2911 1881 2979 aptio-

301 3015 416 3057 rem
435 3017 576 3065 esse,
596 3003 802 3071 quanto
824 3017 926 3055 non
948 3002 1272 3071 composito,
1297 3017 1403 3056 non
1422 3012 1627 3054 'ornato
1642 3000 1880 3071 eloquio,

305 3094 400 3147 sed
434 3094 571 3162 stylo
597 3093 829 3162 simplici
861 3093 1229 3162 conscriptam
1272 3093 1504 3160 quisque
1535 3091 1881 3157 cognoverit;

1980 1988 2230 2043 omnibus
2260 1990 2419 2057 villis,
2453 1991 2765 2049 civitatibus
2803 2005 2855 2048 et
2892 1995 3129 2049 castellis
3177 2011 3274 2048 suo
3302 1995 3567 2065 subjectis

1982 2080 2232 2147 imperio,
2269 2096 2389 2149 quae
2422 2082 2563 2138 forte
2613 2095 2831 2138 centum
2888 2085 3053 2139 millia
3106 2095 3256 2151 sunt,
3293 2082 3577 2139 decimam'

1980 2185 2275 2240 puerorum
2317 2183 2524 2242 partem
2564 2173 2631 2229 de
2656 2174 3008 2239 Christianis,
3048 2177 3190 2246 qttod
3239 2177 3387 2246 prius
3421 2192 3562 2229 nun-

1981 2277 2140 2331 quam
2173 2262 2392 2330 fecerat,
2424 2280 2595 2335 nuper
2645 2268 2863 2336 accepit
2893 2283 2923 2322 a
2955 2268 3140 2322 decem
3186 2283 3357 2336 usque
3384 2267 3452 2323 ad
3490 2268 3569 2321 vi-

1982 2351 2115 2421 ginti
2146 2355 2318 2408 aetatis
2346 2370 2545 2421 annos,
2585 2373 2723 2426 quos
2768 2373 2899 2414 suos
2946 2360 3211 2428 speciales
3259 2357 3481 2415 Sclavos
3514 2369 3569 2415 et

1981 2444 2319 2512 Armigeros,
2374 2458 2425 2501 et
2470 2451 2613 2516 quod
2661 2450 2816 2518 pejus
2851 2460 2960 2515 est,
3031 2453 3335 2507 Saracenos
3364 2452 3564 2507 ellecit.

1984 2531 2138 2588 Unde
2173 2536 2459 2592 manifeste
2499 2549 2743 2608 apparet,
2773 2551 2828 2593 ιιι
2854 2556 3120 2594 summam
3150 2542 3391 2596 omnium
3422 2542 3585 2597 brevi-

1984 2629 2152 2683 vcrbo
2192 2631 2535 2696 concludam,
2592 2648 2737 2686 nunc
2792 2632 3169 2689 infallibiliter
3204 2634 3408 2687 instare
3438 2643 3572 2687 tern-

1986 2737 2138 2790 pora,
2177 2732 2235 2777 ut
2272 2736 2365 2777 aut
2401 2725 2515 2793 ipse
2544 2725 2791 2781 destruat
2815 2726 3177 2789 Christianos,
3212 2737 3312 2781 aut
3342 2744 3380 2797 a_
3410 2727 3572 2781 Chri-

1986 2814 2181 2869 stianis
2254 2817 2476 2884 penitus
2529 2817 2795 2882 deleatur,
2842 2834 3071 2887 quorum
3132 2818 3569 2886 primurnvehe-

1986 2915 2197 2961 menter
2224 2922 2485 2976 expaveo,
2518 2908 2748 2961 alterum
2781 2909 2956 2975 potius
2978 2910 3119 2964 Deus
3147 2912 3260 2976 ipse
3281 2910 3561 2964 concedat.

1986 3000 2139 3067 Quod
2176 3010 2354 3055 tamen
2409 3016 2509 3056 nec
2564 3002 2963 3071 desperandum
3015 3014 3119 3059 est.
3168 3002 3301 3057 Nam
3353 3003 3561 3071 paniCa

1990 3095 2132 3146 inter
2158 3091 2462 3146 Saracenos
2492 3102 2544 3145 ει
2571 3092 2806 3146 Teucros
2833 3091 2973 3146 fama
2998 3093 3267 3161 divulgata
3306 3092 3563 3152 defertur,

307 3187 452 3254 quod
485 3196 653 3239 totum
683 3195 867 3239 vestro
897 3185 1105 3251 judicio
1137 3185 1477 3252 derelinquo.
1514 3181 1681 3237 Facio
1722 3183 1883 3236 ﬁdem
1910 3224 1952 3280 ο
1993 3184 2201 3239 instare
2234 3196 2448 3254 tempus
2478 3187 2861 3239 destructionis
2890 3199 3103 3253 eorum,
3129 3198 3179 3240 et
3207 3186 3317 3254 jam
3344 3194 3565 3252 praeter-

306 3280 514 3344 verhis,
544 3293 649 3332 non
687 3278 963 3349 lacrymis,
988 3293 1096 3333 non
1138 3277 1331 3341 dolori,
1353 3291 1469 3344 quae
1499 3275 1675 3344 potius
1702 3275 1883 3344 quoti-

308 3373 399 3425 die
434 3377 791 3436 rcnovantur,
824 3385 1007 3436 orans,
1041 3379 1094 3424 et
1124 3376 1431 3436 protestans
1459 3375 1509 3423 te
1542 3382 1638 3437 per
1676 3366 1882 3421 viscera

305 3461 433 3516 Jesu
462 3461 688 3527 Christi,
724 3471 781 3518 ιιι
814 3462 928 3516 lucc
973 3462 1200 3524 scribas,
1246 3461 1358 3514 haec
1396 3460 1563 3524 dicas,
1598 3460 1712 3512 hzec
1748 3473 1884 3527 prm-

306 3534 459 3607 di'ces
492 3554 586 3607 toti
621 3554 841 3621 mundo,
875 3561 930 3608 et
969 3555 1148 3622 parvis
1194 3562 1249 3607 et
1292 3552 1497 3621 magnis
1538 3550 1780 3605 dominis
1829 3560 1881 3602 et

310 3648 785 3717 prmlatis,ntqni
837 3656 1062 3716 possunt
1117 3647 1425 3716 pugnando,
1475 3645 1563 3712 qui
1617 3659 1721 3697 non
1760 3658 1883 3711 pos‘

317 3750 465 3805 sunt,
512 3741 700 3796 saltem
742 3741 948 3795 orando
988 3739 1335 3795 subveniant.
1369 3738 1521 3804 Quod
1571 3737 1613 3791 si
1663 3737 1880 3799 vellent,

311 3832 541 3886 Domino
581 3832 947 3901 permittente,
1013 3843 1121 3885 tam
1162 3831 1314 3886 facile
1368 3832 1505 3885 foret
1562 3844 1882 3885 succurrere

312 3934 463 3978 tanto
516 3924 728 3992 morbo,
779 3935 1042 3995 quantum
1096 3926 1143 3980 ei
1193 3924 1284 3993 qui
1317 3922 1540 3993 praefata
1570 3920 1880 3992 perlegerit,

310 4016 648 4083 incredibile,
682 4017 789 4070 into
814 4015 1147 4086 impossibile
1173 4016 1462 4069 videretur.

385 4107 463 4163 De
496 4119 717 4172 caetero,
764 4107 955 4171 frater,
983 4118 1294 4177 compatere
1348 4105 1525 4170 nobis,
1559 4106 1647 4175 qui
1686 4118 1881 4173 supra-

310 4201 454 4255 dicta
506 4200 748 4270 quotidie
787 4200 1032 4254 videmus
1092 4209 1148 4255 et
1209 4202 1517 4267 tangimus;
1573 4208 1883 4267 compatere

315 4292 490 4361 magis
543 4292 757 4347 miseris
814 4292 1123 4363 captivatis,
1174 4307 1403 4362 quorum
1442 4290 1612 4344 multo
1665 4273 1883 4356 gravius

314 4394 397 4439 est
426 4384 725 4453 periculum
758 4384 1085 4447 animarum,
1134 4398 1292 4451 quam
1334 4383 1449 4451 ipsa
1480 4381 1727 4449 corporis
1763 4394 1882 4433 ser-

314 4476 523 4530 vitndo.
548 4475 651 4529 Sed
695 4476 932 4528 maxime
963 4473 1356 4541 compassionis
1388 4474 1589 4541 pietate
1617 4471 1883 4539 liquescat

1988 3276 2136 3342 iisse,
2163 3286 2221 3329 ut
2273 3291 2459 3331 eorum
2494 3277 2737 3347 quaedam
2768 3277 3063 3346 prophetiae
3103 3279 3399 3332 declarauit.
3457 3277 3562 3331 Sco

1982 3385 2047 3424 ex
2078 3385 2265 3425 eorum
2298 3371 2665 3440 eleemosynis
2697 3381 2749 3424 et
2777 3370 2980 3439 pietate
3012 3370 3064 3423 in
3105 3386 3396 3439 pauperes,
3420 3373 3563 3439 quod

1984 3478 2170 3516 verum
2232 3470 2336 3528 est,
2388 3472 2443 3516 et
2503 3479 2569 3516 ex
2625 3474 2937 3517 nostrorum
2999 3462 3373 3531 castigatione,
3422 3462 3564 3531 quod

1986 3554 2165 3607 verius
2193 3562 2299 3619 est,
2339 3568 2509 3621 usque
2541 3554 2593 3606 in
2622 3568 2863 3623 praesens
2891 3568 3011 3608 esse
3037 3553 3287 3619 dilatum,
3316 3564 3364 3607 et
3390 3555 3567 3607 adhuc

1985 3654 2038 3697 et
2064 3645 2267 3697 diutius
2294 3643 2677 3698 ditIerendum.

2054 3732 2098 3789 Ο
2124 3734 2135 3786 l
2159 3736 2245 3789 ubi
2283 3751 2424 3789 nunc
2444 3745 2528 3791 est
2560 3738 2665 3790 du-x
2706 3736 2793 3788 ille
2828 3734 3353 3799 Christianissimus,
3384 3736 3561 3800 fortis,

1985 3825 2106 3893 pius
2134 3824 2504 3891 Gottol'redus,
2537 3825 2719 3880 Boxon
2765 3827 2882 3895 (sic)
2908 3864 2922 3889 ,
2955 3826 3250 3880 Balduinns
3281 3838 3333 3880 et
3370 3829 3577 3897 reliqui.

1989 3917 2264 3984 principes
2301 3932 2396 3985 per
2426 3917 2632 3971 inﬁnita
2666 3902 2863 3971 saecula
2911 3918 3172 3985 gloriosi?
3207 3918 3297 3988 qui
3352 3918 3555 3972 Christi

1986 4008 2113 4062 Jesu
2145 4009 2453 4076 sepulcrum
2494 4010 2558 4063 de
2600 4010 2896 4062 inﬁdelium
2934 4010 3185 4062 manilius
3221 4008 3566 4062 liberarunt?

1986 4114 2040 4155 et
2074 4110 2129 4154 ut
2161 4102 2319 4170 paulo
2349 4101 2507 4156 altius
2552 4114 2814 4168 repetam,
2852 4103 2939 4156 ubi
2983 4100 3207 4156 Carolus
3242 4103 3330 4155 ille
3368 4100 3563 4154 nobilis

1970 4190 2320 4247 Francorum
2374 4208 2488 4256 rex,
2532 4194 2686 4263 cujus
2740 4194 3019 4248 cwlestem
3056 4202 3109 4245 ct
3157 4203 3412 4247 avtcrnam
3447 4193 3564 4262 glo-

1989 4284 2122 4337 riam
2162 4284 2302 4337 nulla
2331 4284 2529 4337 delebit
2567 4294 2719 4349 mtas,
2761 4286 3015 4354 nullaque
3065 4285 3303 4340 oblivio?
3333 4287 3423 4353 qui
3454 4303 3559 4339 non

1987 4372 2147 4426 modo
2206 4372 2522 4427 fortitudine
2575 4383 2642 4429 et.
2689 4376 2878 4447 armis,
2942 4390 3128 4429 verum
3185 4378 3355 4429 multo
3391 4379 3577 4444 magis,

1986 4464 2271 4545 prudentia
2299 4473 2353 4517 et
2388 4465 2586 4531 pietate
2627 4463 2834 4519 Christi
2868 4464 2995 4519 Jesu
3031 4466 3281 4534 injuriam
3315 4467 3573 4523 vindica-

316 4580 479 4634 supra
532 4564 769 4632 rcliqnos
814 4562 1177 4624 Christianos,
1220 4576 1356 4627 quos
1407 4572 1554 4613 tanta
1609 4560 1881 4614 cernimus
1918 4576 1961 4630 ι)
1996 4567 2080 4609 tus
2110 4568 2212 4620 est,
2249 4557 2511 4626 cujusque
2537 4557 2691 4610 ﬁdem
2727 4568 2779 4610 et
2808 4559 3007 4611 cultum
3047 4558 3101 4611 in
3142 4550 3453 4611 Occidentis
3505 4570 3560 4612 ct

321 4656 625 4710 miseranda
656 4655 894 4722 perditos
937 4655 1197 4709 caecitate.
1232 4652 1519 4707 Postremo
1540 4651 1758 4713 fratres,
1792 4650 1881 4720 qui

317 4763 528 4803 mecmn
556 4748 899 4801 sunt'novem
952 4761 1178 4801 numero
1216 4746 1360 4800 inter
1400 4746 1633 4799 novitios
1672 4755 1726 4799 et
1757 4759 1886 4810 pro-

320 4838 510 4903 fessos,
537 4839 642 4892 tuis
664 4848 717 4891 et
745 4838 971 4891 aliorum
1005 4847 1215 4907 patrum
1270 4834 1608 4890 orationibus
1644 4850 1703 4888 se
1734 4849 1883 4888 com-

321 4932 602 4985 mendant.
644 4929 815 4995 Quam
854 4931 1088 4983 maxime
1122 4938 1302 4983 autem
1336 4941 1494 4981 orare
1521 4926 1883 4993 complaceat,

319 5036 383 5073 ac
426 5019 547 5075 aliis
600 5020 982 5075 commendare
1033 5019 1310 5073 civitatem
1354 5019 1535 5082 istam,
1594 5031 1713 5084 qua:
1737 5014 1885 5069 Τειιο

318 5127 470 5166 crum
524 5125 620 5179 pro
680 5126 823 5165 anno
884 5110 1133 5180 sequenti
1182 5107 1652 5179 vehementissime
1711 5106 1883 5170 timet,

315 5207 636 5276 judicioque
663 5206 904 5260 omnium
962 5204 1120 5258 valde
1175 5203 1470 5258 timendum
1499 5211 1601 5267 eat,
1630 5201 1883 5269 quoniam

320 5302 420 5354 tria
458 5300 622 5353 millia
670 5309 822 5353 eteo
866 5297 1099 5365 amplius
1144 5296 1398 5365 juvcnum
1448 5294 1883 5349 Christianorum

318 5386 383 5440 ad
429 5401 583 5440 mare
613 5386 893 5449 conduxit,
952 5399 1157 5453 eosque
1198 5384 1466 5438 instruere
1514 5383 1639 5437 fecit
1682 5384 1887 5452 optime

321 5479 608 5543 remigare,
666 5478 955 5545 galeasque
998 5477 1256 5531 continue
1310 5484 1464 5544 parat
1507 5475 1572 5529 ad
1630 5490 1883 5545 pugnam.

317 5568 471 5633 Quod
510 5568 553 5621 si
587 5568 742 5621 istam
772 5569 1043 5621 civitatem
1073 5568 1463 5638 ceperitrquod
1485 5567 1628 5622 Deus
1656 5576 1886 5637 avertat,

320 5660 418 5712 hcn
443 5659 455 5711 ι
479 5658 580 5712 heu
604 5660 615 5711 Ι
640 5660 852 5712 (mteris
869 5658 1366 5728 Christianis,quos
1393 5661 1457 5712 de
1486 5658 1627 5713 facili
1655 5668 1888 5727 postmo-

318 5754 443 5805 dum
474 5766 783 5819 oppugnare
813 5750 1038 5819 poterit,
1066 5760 1117 5804 et
1154 5767 1250 5820 per
1281 5768 1424 5803 mare
1457 5764 1510 5804 ct
1546 5767 1640 5820 per
1666 5761 1884 5814 terram,

316 5858 438 5900 cum
474 5846 542 5901 ad
575 5859 816 5917 praesens
847 5844 1074 5900 alteram
1121 5844 1289 5899 solam
1336 5858 1563 5915 manum
1590 5842 1759 5914 possit
1792 5859 1885 5900 cx-

1991 4649 2225 4704 Orientis
2247 4650 2490 4717 partibus
2508 4648 2803 4718 ampliavit,
2821 4658 3078 4717 tantaque
3096 4659 3152 4701 ct-
3169 4651 3248 4702 sui
3271 4658 3325 4703 et
3342 4665 3557 4703 suorum

1990 4741 2166 4795 adhuc
2190 4750 2273 4793 est
2299 4740 2489 4807 gloria,
2522 4751 2580 4794 ut
2606 4722 2783 4810 ipsum
2815 4740 3145 4792 Francorum
3176 4756 3367 4793 nomen
3396 4742 3558 4794 etiam

1992 4831 2247 4885 Barbaris
2308 4832 2551 4887 terribile
2604 4831 2872 4894 videatur,
2930 4846 3224 4899 omnesque
3263 4832 3558 4888 Christiani

1988 4923 2419 4978 Occidentalium
2459 4924 2738 4990 regionum
2767 4940 2860 4991 per
2892 4933 3059 4976 totum
3086 4922 3356 4978 Orientem
3390 4923 3559 4978 Fran-

1989 5032 2175 5071 corum
2253 5016 2473 5070 nomine
2544 5018 2902 5085 appellentur.
2958 5014 3002 5069 0
3068 5017 3233 5086 igitur
3290 5033 3444 5089 reges
3508 5027 3561 5071 et

1989 5109 2262 5178 principes
2293 5108 2610 5171 Christiani,
2646 5108 2849 5175 surgite
2880 5108 3010 5179 jam,
3056 5113 3179 5176 quia
3222 5119 3435 5177 tempus
3456 5120 3554 5161 est.

1988 5202 2157 5255 Adest
2206 5200 2535 5267 esetnplum,
2576 5200 2730 5252 adest
2802 5200 2993 5259 honor,
3044 5201 3195 5253 adest
3236 5198 3557 5258 necessitas,

1992 5293 2240 5345 hortatur
2290 5293 2525 5358 justitia,
2583 5290 2803 5358 religio,
2859 5291 3023 5355 ﬁdes;
3075 5306 3203 5345 ecce
3253 5274 3555 5343 communis

1992 5385 2167 5439 hostis
2198 5384 2249 5437 in
2279 5395 2569 5453 conspecut
2605 5393 2708 5447 est,
2752 5386 2843 5452 qui
2886 5396 3073 5438 contra
3101 5383 3374 5437 Christum
3400 5388 3560 5446 caput

1990 5477 2182 5540 erexit,
2212 5460 2366 5529 fortis
2412 5476 2464 5529 in
2518 5476 2753 5539 timidos,
2790 5476 2842 5529 in
2885 5477 3115 5527 audaces
3141 5470 3388 5540 pavidus,
3428 5470 3557 5537 quid

1990 5567 2188 5637 agitis?
2218 5568 2395 5631 Vires,
2436 5582 2555 5636 quae
2587 5581 2693 5620 non
2747 5569 2903 5620 tnodo
2938 5567 3003 5616 ad
3042 5558 3397 5615 resistendum
3460 5573 3556 5623 pa-

1991 5662 2167 5731 gattis,
2206 5676 2388 5732 verum
2434 5660 2497 5713 ad
2546 5648 2974 5714 Christi-nomen
3020 5652 3383 5723 ampliandum
3415 5649 3555 5702 suill-

1990 5762 2195 5814 cercnt,
2247 5751 2298 5804 in
2354 5766 2450 5805 vos
2504 5747 2838 5809 consumitis,
2884 5744 3126 5812 bellaque
3174 5742 3282 5811 geri
3334 5740 3554 5809 placuit,

1993 5844 2165 5902 nullos
2195 5843 2439 5901 habitura
2469 5841 2786 5909 triumphos.
2821 5838 2990 5905 Unde,
3024 5850 3225 5907 quaeso,
3255 5836 3568 5889 Alexandra
