3904 6222
364 368 501 433 1067

1285 358 1597 421 NICOLAI
1647 358 1985 419 BARBARI
2027 355 2371 421 PATRlCII
2424 354 2692 416 VENETI

3483 348 3613 414 1068

359 483 437 538 illi
468 481 662 561 Magno
694 489 841 537 tanta
876 476 1083 550 gloria?
1128 476 1271 531 unde
1302 473 1589 537 Hannibali
1619 474 1773 540 Afro,
1806 474 1927 529 Sci-
1957 478 2001 534 Α
2029 472 2242 543 pulsate
2272 470 2543 540 suspiriis,
2609 477 2832 524 sanctos
2866 475 3190 538 sanctasque
3245 466 3501 537 precibus
3528 465 3611 520 ir

361 576 533 644 pioni,
565 572 922 645 Ca'sarique?
950 568 1222 635 Profecto,
1259 584 1364 624 non
1406 570 1532 636 quia
1579 567 1718 627 bella
1747 568 1936 623 claris—

362 667 504 721 sima
537 665 850 735 gesserunt,
890 664 984 719 sed
1026 663 1150 733 quia
1194 661 1432 717 cateruis
1470 675 1532 714 ea
1562 660 1819 728 gentibus
1851 659 1939 715 in-

362 756 881 822 tulere;sed,heul
946 756 1082 824 proh
1138 752 1325 815 dolorl
1386 759 1532 807 tanta
1603 749 1939 820 principibus

363 848 569 911 nostris
607 848 672 901 ad
697 861 938 923 prasens
991 845 1301 901 dominandi
1339 843 1514 898 'libido
1543 850 1645 905 eat,
1676 852 1734 894 ut
1765 854 1939 901 neque

367 939 491 994 ﬁdei
516 939 709 997 damna
732 954 905 1006 neque
926 939 1141 1009 propria
1167 936 1406 1008 pericula
1428 935 1684 989 sentiant.
1707 932 1942 989 Tumcnt

370 1034 427 1083 iu
452 1046 511 1084 se
534 1031 715 1101 ipsos;
738 1030 830 1086 sed
849 1038 1041 1086 exeant
1064 1043 1352 1105 parumper
1373 1026 1426 1080 in
1451 1038 1719 1092 campum,
1750 1035 1803 1078 et
1822 1038 1942 1091 quas

368 1122 441 1176 sit
478 1136 668 1187 eorum
694 1122 881 1184 virtus.
913 1121 1137 1175 doceant
1170 1119 1427 1171 barbaras
1458 1116 1742 1177 nationes;
1794 1114 1936 1185 quod

372 1212 419 1263 si
450 1226 549 1266 nec
575 1211 741 1266 altera
782 1228 942 1279 causa
974 1211 1225 1264 invitaret
1256 1209 1321 1263 ad
1354 1223 1503 1271 arma
1535 1207 1818 1273 sumenda,
1852 1217 1940 1261 ut-

372 1313 496 1372 pote
539 1302 684 1365 lidei,
704 1301 969 1356 libertatis
992 1310 1045 1354 et
1071 1299 1276 1364 gloriat,
1304 1300 1498 1367 mirum
1525 1310 1670 1354 certe
1695 1302 1737 1354 si
1764 1300 1937 1368 ipsum

373 1392 668 1455 temporale
700 1391 907 1441 lucrum
944 1391 1103 1441 corda
1140 1404 1244 1443 non
1276 1389 1518 1457 raptitel,
1551 1403 1671 1447 cum
1702 1390 1784 1444 lite
1811 1406 1938 1460 geu-

377 1490 478 1541 tes,
501 1479 566 1531 de
591 1478 784 1544 quibus
815 1479 1015 1548 agitur,
1054 1493 1189 1533 auro
1220 1490 1275 1533 et
1335 1487 1559 1547 argento
1602 1478 1773 1549 plena:
1814 1488 1945 1535 sunt

371 1574 426 1620 et
449 1565 717 1636 lapidibus
746 1570 1033 1637 pretiosis;
1096 1571 1218 1639 ipsi,
1262 1571 1613 1641 ipsorumque
1642 1586 1801 1641 quam
1829 1586 1939 1637 ma-

372 1659 516 1728 ;ime
542 1660 792 1716 mulieres
831 1663 1042 1718 nonnisi
1095 1663 1285 1717 sericis
1324 1663 1637 1729 induantur,
1680 1672 1735 1718 et
1768 1678 1939 1735 usque

381 1750 446 1805 ad
473 1751 635 1829 pedes
652 1755 891 1809 oneratis
931 1754 1180 1812 incedant
1226 1756 1531 1826 margaritis
1583 1757 1937 1826 etgetntnis;

2048 565 2349 635 terpellate,
2380 563 2676 619 discurrite
2709 577 2807 633 per
2831 562 3087 618 civitates
3116 569 3172 617 et
3196 570 3403 622 castra,
3430 566 3616 612 vocate

2043 657 2321 727 populum,
2349 655 2586 711 adunnte
2615 664 2838 721 emtum,
2870 668 3156 723 parvorum
3201 660 3367 721 atque
3393 662 3611 720 magno-

2045 763 2161 802 rum
2219 761 2384 816 super
2440 745 2527 801 his
2582 747 2749 801 corda
2796 745 3165 814 compungite,
3196 751 3253 803 ut
3302 757 3333 794 a
3386 740 3614 810 peccatis

2044 840 2340 907 aliquando
2375 837 2713 903 abstineant,
2739 835 3078 891 oratiunibus
3109 833 3313 889 sedulis
3340 832 3606 895 insistant,

2042 944 2099 990 et
2139 935 2427 1013 intendant
2456 950 2554 1003 pro
2602 947 2765 1002 posse
2789 932 3047 1003 operibus
3081 933 3319 1002 pietatis,
3347 941 3611 999 quatenus

2044 1027 2159 1097 ipse
2206 1030 2325 1096 pius
2378 1036 2437 1083 et
2499 1028 2806 1083 misericors
2866 1025 3007 1082 Deus
3063 1034 3288 1094 propter
3338 1022 3612 1079 hominum

2042 1128 2262 1189 peccata
2305 1128 2606 1183 commotus
2650 1119 2714 1175 ad
2764 1118 2927 1185 iram,
2967 1118 3098 1188 ipsis
3155 1130 3188 1172 e
3232 1127 3426 1171 contra
3466 1113 3617 1169 bonis

2042 1210 2296 1276 operibus
2327 1211 2628 1279 mitigetur,
2657 1221 2709 1267 et
2742 1210 2902 1266 oculo
2928 1209 3147 1279 pietatis
3184 1217 3353 1277 atque
3383 1207 3616 1260 clemen-

2043 1301 2133 1355 tize
2161 1301 2531 1369 Christianum
2565 1301 2818 1369 populum
2864 1314 3155 1370 parumper
3189 1298 3443 1368 aspiciat,
3483 1296 3614 1353 cari.

2002 1432 2005 1435 η
2045 1402 2210 1447 tatem
2245 1393 2490 1455 infundat
2517 1394 2795 1459 cordibus,
2822 1392 3053 1463 prelatis
3085 1403 3253 1461 atque
3285 1389 3613 1462 principibus

2049 1492 2294 1537 sanctam
2345 1484 2513 1536 donet
2583 1484 2838 1538 unionem
2892 1492 2949 1538 et
2969 1497 3180 1553 pacem,
3246 1493 3303 1534 ut
3355 1479 3614 1537 malorum

2043 1575 2288 1629 omnium
2332 1576 2579 1637 inventor
2615 1583 2777 1645 atque
2814 1575 3061 1637 incentor
3110 1573 3384 1635 diabolus.
3420 1571 3510 1641 qui
3542 1580 3615 1627 tot

2044 1668 2100 1723 in
2129 1666 2330 1723 Christi
2357 1668 2602 1725 Ecclesia
2640 1683 2813 1735 usque
2848 1667 3007 1721 modo
3030 1666 3283 1725 scandala
3310 1662 3611 1728 seminavit,

2044 1760 2302 1813 confusus
2360 1759 2668 1821 retrudatur
2725 1757 2778 1819 in
2829 1766 3054 1821 tartara,
3113 1759 3388 1817 exsultent
3438 1753 3617 1811 ﬁdeles

350 1854 543 1909 .atque
575 1858 679 1897 non
736 1844 907 1898 solum
968 1846 1188 1917 scyphis
1232 1857 1285 1901 et
1323 1848 1718 1917 paropsidibus,
1758 1862 1943 1903 verum
1982 1843 2023 1903 Β
2055 1850 2332 1915 Ecclesiae,
2385 1850 2712 1907 erubescant
2767 1858 2822 1905 et
2869 1847 3270 1909 confundantur
3311 1855 3366 1902 et
3398 1853 3612 1915 pareant

378 1933 576 1988 tabulis
635 1936 905 2005 argenteis
962 1946 1016 1993 et
1072 1938 1310 2003 scriniis,
1367 1938 1645 2009 frenisque
1686 1949 1741 1992 et
1800 1939 1948 1993 sellis

372 2027 556 2079 aureis
590 2028 899 2096 abutantur,
939 2039 1015 2097 et,
1056 2030 1196 2097 quod
1250 2031 1439 2089 audire
1470 2031 1803 2085 horrendum
1843 2043 1948 2095 est,

378 2133 567 2171 eorum
597 2120 868 2177 innumeri
922 2123 1136 2178 nonnisi
1185 2122 1423 2181 aureatis
1468 2124 1727 2178 calicibus
1761 2124 1951 2178 bibunt

380 2225 411 2262 a
466 2211 680 2278 templis
734 2212 1169 2270 Christianorum
1211 2214 1466 2281 acceptis,
1515 2215 1568 2270 itt
1619 2215 1946 2283 vituperium

379 2303 604 2371 Christi,
638 2313 694 2363 et
725 2305 776 2363 iu
829 2320 1017 2361 eorum
1070 2306 1417 2367 exaltatioue.
1456 2305 1592 2375 Quid
1622 2307 1787 2376 igitur
1824 2322 1945 2360 ant-

379 2394 519 2460 plius
568 2377 1123 2451 demoranuriﬁcce
1172 2397 1312 2465 quod
1364 2397 1626 2466 qumritis.
1679 2395 1784 2451 Sed
1816 2396 1945 2465 quid

380 2488 432 2533 tu
467 2484 662 2537 talibus
689 2495 739 2537 et
774 2497 985 2557 tempus
1028 2498 1083 2541 et
1127 2487 1290 2541 verba
1330 2488 1639 2541 consumo?
1672 2486 1804 2541 Cum
1836 2486 1943 2541 nisi

380 2574 497 2641 ipse
522 2573 659 2630 Deus
691 2593 874 2631 eorum
903 2579 1087 2634 oculos
1117 2579 1403 2642 illuminet,
1437 2589 1490 2635 et
1517 2580 1683 2635 corda
1705 2594 1946 2635 commo-

372 2679 523 2731 και,
559 2684 712 2723 cassa
762 2672 941 2726 omnis
976 2673 1285 2729 exhortatio
1325 2672 1559 2727 hominis
1594 2682 1696 2729 est.
1737 2672 1850 2745 Qua
1880 2675 1947 2727 de

381 2773 464 2825 re,
507 2775 539 2813 ο
583 2769 762 2829 patres
785 2774 837 2816 et
896 2764 1091 2818 fratres
1143 2764 1269 2828 mei,
1298 2778 1417 2819 cmn
1455 2767 1521 2821 ad
1552 2758 1713 2837 aures
1740 2776 1947 2833 vestras

382 2851 485 2906 ista
526 2855 884 2921 pervenerint,
908 2856 1138 2925 pulsate,
1161 2870 1365 2923 quasso,
1397 2855 1564 2917 Deum
1591 2856 1948 2921 clamoribus,

397 2998 890 3041 m

464 3024 647 3037 “oc—~—

2051 1943 2322 2007 iniideles,
2357 1943 2450 2011 qui
2483 1958 2656 2011 usque
2691 1941 2852 1997 hodie
2879 1940 3158 1997 Christum
3187 1949 3244 1995 et
3278 1938 3613 1995 Christianos

2048 2034 2297 2089 derident
2324 2043 2377 2088 et
2412 2034 2766 2089 subsannant.
2793 2032 2971 2101 Quod,
3006 2032 3087 2097 si,
3119 2032 3336 2089 favente
3368 2031 3610 2093 Domino,

2050 2126 2164 2181 haec
2193 2140 2349 2187 sacra
2403 2126 2531 2179 unio
2588 2124 2914 2191 celebretur,
2973 2138 3162 2184 secure
3206 2121 3427 2184 fratres,
3479 2120 3616 2189 (dico

2050 2220 2188 2285 aptis
2244 2228 2299 2291 et
2355 2216 2701 2287 voluntariis)
2752 2233 2899 2272 mare
2951 2216 3198 2280 transite.
3260 2214 3522 2289 quoniam
3565 2214 3614 2277 iu

2050 2319 2352 2379 conspectu
2383 2317 2566 2364 vestro
2594 2308 2761 2367 multa
2784 2317 2867 2367 est
2901 2319 3069 2371 terra,
3091 2307 3399 2365 exuberans
3435 2303 3617 2357 fructi-

2052 2403 2153 2463 bus
2184 2401 2557 2470 sempiternis.
2609 2400 2686 2454 Te
2730 2409 2934 2465 autem,
2983 2398 3176 2452 dilecte
3227 2396 3417 2461 frater,
3461 2394 3619 2448 insito

2054 2502 2205 2547 tanto
2236 2493 2513 2561 fidentius,
2545 2500 2749 2562 quanto
2780 2491 2959 2553 cordis
2992 2492 3066 2553 tui
3101 2478 3312 2553 secrela
3341 2487 3617 2556 dignoscu.

2052 2585 2247 2641 Amen.

2124 2674 2202 2731 Ex
2262 2674 2726 2745 Constantinopoli
2780 2690 2855 2731 ιιι
2912 2674 3033 2731 dcc.
3065 2670 3617 2729 LLCCCCXXXVIII.

2126 2766 2273 2827 Tuus
2324 2768 2596 2837 siquidem
2646 2776 2793 2825 totus
2850 2769 3020 2825 frater
3072 2766 3509 2829 Bartholoutw
3558 2763 3621 2819 de

2053 2856 2213 2925 lano,
2247 2858 2456 2913 ordinis
2480 2858 2905 2923 Minorutu,li_cet
2937 2858 3209 2926 indiguus.

908 2997 3608 3043 Μ

1000 3124 1893 3328 NICOLAI
2037 3148 3089 3399 BABBABI'

1753 3487 2024 3534 PATBICII
2065 3490 2289 3535 VENETI

387 3662 922 3728 EPIEMERIDES
977 3664 1078 3725 DE
1132 3663 1834 3729 CONSTANTINOPOLI
1875 3652 2079 3727 ANNO
2113 3662 2264 3724 1453
2306 3663 2632 3726 OBSESSA
2692 3665 2939 3738 ATQUE
2999 3665 3469 3737 EXPUGNATA
3520 3663 3614 3747 (1).

462 3943 556 3996 Esl
584 3943 680 3995 ista
713 3944 951 3997 narratio
982 3956 1121 4010 opus
1142 3944 1245 3997 viri
1273 3945 1388 4013 qui,
1414 3960 1533 4012 qua:
1562 3948 1676 4015 ipse
1712 3943 1842 3998 vidit
1884 3959 1948 3998 eo
1979 3940 2223 4013 tempore
2251 3958 2358 4014 quo
2391 3943 2708 4013 Byzantium
2736 3962 2762 3999 a
2796 3945 2985 4029 Turcis
3011 3945 3389 4008 obsidebatur,
3419 3958 3619 3999 summa

388 4054 519 4092 cura
561 4040 761 4094 referre
799 4041 1026 4094 videtur.
1074 4038 1420 4107 Qttwcunque
1460 4039 1601 4094 enim
1635 4039 1759 4095 inde
1788 4055 1817 4093 a
1868 4039 1900 4093 5
1942 4038 2144 4109 Aprilis
2178 4056 2349 4112 usque
2383 4040 2449 4094 ad
2479 4041 2547 4096 29
2585 4041 2712 4096 Maii
2761 4050 3081 4106 evenerunt,
3131 4043 3200 4095 ab
3259 4053 3483 4097 auctore
3532 4057 3622 4111 per

392 4134 601 4185 dierum
660 4140 974 4183 notaturutn
1012 4132 1254 4184 ordinem
1292 4142 1399 4185 tam
1446 4143 1637 4188 exacte
1670 4134 1946 4189 memoriae
1994 4136 2201 4204 prodita
2239 4148 2386 4200 sunt,
2425 4146 2481 4195 ut
2512 4138 2753 4193 nesciam
2788 4152 2857 4189 an
2905 4136 2972 4192 ab
3020 4136 3130 4190 alio
3173 4138 3447 4194 exactius.
3492 4138 3621 4201 Hine

391 4222 566 4272 visum
601 4228 682 4273 est
715 4220 1081 4273 narrationem
1118 4221 1336 4276 Barbari
1366 4224 1557 4279 ordine
1588 4226 1974 4295 chronologico
2010 4228 2060 4280 in
2103 4230 2339 4284 medium
2372 4228 2641 4297 proferre,
2667 4230 2737 4284 ita
2773 4240 2976 4294 tamen,
3020 4238 3080 4285 ut
3114 4230 3173 4284 in
3202 4243 3310 4298 quo
3341 4244 3372 4283 a
3408 4227 3610 4289 casteria

392 4327 570 4365 rerum
606 4312 961 4368 Turricarum
995 4306 1351 4406 scriptoribus
1375 4318 1574 4385 diﬂ'ert,
1613 4321 1907 4376 lectoribus
1951 4321 2006 4377 in
2045 4320 2278 4389 mentem
2314 4339 2656 4381 revocemus.
2683 4326 2741 4383 [tl
2772 4326 2948 4381 obiter
2981 4326 3225 4385 dicamus
3272 4328 3419 4397 quod
3458 4324 3623 4393 Ephe-

394 4407 616 4462 merides
653 4405 899 4472 Barbari,
933 4408 1150 4481 antiqua
1188 4405 1516 4464 Venetorum
1550 4412 1785 4467 dialecto
1829 4412 2065 4483 scriptze,
2099 4430 2128 4468 a
2166 4414 2344 4485 lingua
2381 4416 2516 4471 bene
2567 4416 2795 4472 ltaliaua
2827 4416 3050 4473 multum
3075 4418 3411 4486 discrepant.
3449 4414 3621 4483 Quare

391 4506 658 4559 traductio
693 4513 945 4558 accurata
982 4519 1151 4567 eaque
1196 4503 1378 4559 Italica
1424 4505 1583 4576 hujus
1622 4509 1934 4565 documenti
1970 4510 2110 4569 inter
2146 4525 2230 4563 res
2280 4512 2513 4567 maxime
2562 4513 2826 4580 Optandas
2888 4510 3134 4580 ponenda
3174 4510 3331 4567 nobis
3382 4509 3607 4563 videtur.

389 4600 444 4655 Id
503 4614 718 4669 quoque
751 4613 855 4650 non
910 4598 1128 4653 silentio
1165 4601 1454 4666 praeteribo
1503 4602 1648 4670 quod
1682 4611 1883 4669 praster
1939 4602 2158 4656 dialecti
2217 4600 2607 4671 differentiam,
2669 4602 2861 4659 auctor
2901 4601 3182 4668 patricius,
3212 4598 3454 4675 Vettetijs
3486 4601 3618 4670 ipsis

387 4694 666 4759 oriundus,
697 4690 997 4759 :aapissime
1028 4701 1216 4745 contra
1251 4692 1514 4759 quidquid
1546 4695 1610 4744 ad
1642 4692 1890 4751 Genuam
1917 4689 2227 4762 (Zenopexe,
2257 4700 2315 4746 ut
2346 4694 2461 4763 ipse
2494 4693 2755 4763 loquitur)
2784 4693 2994 4757 attinet,
3024 4690 3307 4753 manifesta
3367 4691 3449 4744 ira
3480 4692 3627 4745 inre-

390 4789 555 4850 hitur,
584 4790 636 4841 in
671 4802 779 4857 quo
815 4801 915 4840 nec
945 4782 1250 4840 Justiniano
1281 4785 1383 4855 ipsi
1431 4786 1640 4856 parcit;
1673 4802 1841 4854 quare
1871 4798 2067 4841 auctor
2121 4797 2305 4842 noster
2337 4799 2493 4844 caute
2526 4788 2788 4855 legendus
2830 4788 2968 4848 erit,
3008 4783 3096 4839 ubi
3129 4784 3200 4839 de
3259 4782 3631 4849 Genuensibus

390 4891 568 4929 srrmo
597 4887 697 4930 est.
737 4878 1117 4944 Ephemcridcs
1147 4892 1371 4939 causam
1401 4888 1454 4931 et
1481 4877 1796 4947 praeludiunt
1836 4877 1957 4931 belli
1989 4894 2087 4946 pro
2116 4881 2359 4935 auctoris
2394 4880 2623 4934 arbitrio
2656 4875 2970 4947 particulari
3004 4872 3270 4935 referunt,

465 5087 621 5142 1452.
661 5085 871 5141 Hartio.
899 5087 1232 5147 Mathometes
1270 5092 1449 5146 sultan
1496 5091 1815 5160 (Machomet
1851 5092 1959 5163 ὸεῇ
1990 5098 2032 5157 c
2066 5094 2327 5162 perducto
2370 5091 2601 5145 duorum
2641 5087 2707 5141 ab
2735 5087 3062 5155 imperatore
3103 5084 3293 5139 Graeco
3340 5084 3630 5154 legatorum

394 5200 518 5238 cum
558 5181 628 5233 40
660 5182 879 5232 navium
900 5180 1071 5235 classe
1086 5183 1332 5253 Gallipoli
1360 5186 1547 5241 relicta
1575 5186 1625 5239 in
1655 5186 1952 5252 Bosporum
2064 5187 2239 5254 capita
2279 5184 2523 5252 prtecidit
2568 5192 2624 5235 et
2670 5182 2749 5236 sic
2777 5180 2974 5233 bellum
3011 5178 3306 5232 inchoavit.
3354 5176 3492 5230 Hinc
3515 5189 3633 5229 cum

394 5280 546 5345 (baca
573 5278 638 5331 de
679 5290 798 5328 mar
828 5275 1027 5342 mazor)
1069 5276 1129 5329 se
1174 5278 1407 5341 confert,
1461 5280 1739 5333 castellum
1789 5278 1961 5345 Boga-
2064 5276 2243 5332 50000
2270 5275 2383 5330 mil.
2427 5276 2669 5329 exercitu
2726 5288 2822 5342 pett
2873 5282 2983 5327 tres
3035 5270 3149 5324 dies
3201 5269 3394 5323 urbem
3451 5267 3630 5336 cingit.

391 5386 511 5424 sum
552 5368 704 5432 Kes.,
763 5366 796 5420 6
836 5366 969 5419 tuill.
1002 5365 1123 5421 Ital.
1176 5381 1208 5422 a
1243 5367 1709 5437 Constantinopoli
1752 5372 1965 5424 distans
2067 5371 2197 5424 Mari
2249 5381 2471 5437 quoque
2537 5364 2724 5418 eodem
2789 5374 3030 5431 tempore
3077 5361 3275 5417 classis
3336 5358 3634 5429 Callipolim

392 5468 827 5513 constructurtts.
881 5458 895 5469 '
2069 5458 2282 5524 repetit,
2318 5456 2538 5509 ineunte
2568 5452 2908 5522 Septembre.

460 5551 637 5604 Medio
664 5550 788 5605 dein
832 5552 1075 5620 Augusto
1109 5552 1286 5606 sultan
1328 5552 1381 5606 iu
1415 5553 1641 5607 castello
1687 5552 1752 5605 ad
1801 5554 1964 5604 tinem
2139 5545 2278 5601 Nov.
2308 5543 2400 5599 26.
2430 5542 2593 5597 Navis
2612 5541 2832 5595 Antonii
2865 5539 3080 5605 lliaii,a
3108 5536 3283 5591 Ponto
3316 5537 3531 5591 Euxino
3556 5549 3636 5603 η,

456 5693 527 5743 (Η
556 5691 783 5745 Giornale
803 5693 917 5747 dell”
938 5693 1128 5744 assetlio
1154 5693 1206 5744 di
1253 5691 1632 5747 Costnntt'nono'i
1666 5693 1782 5738 itas
1821 5690 1873 5741 di
1917 5694 1961 5740 Ν
1970 5690 2091 5742 icolo
2137 5689 2365 5747 Barbara,
2403 5700 2522 5736 rura
2566 5682 2769 5736 Πεντνὲεέ
2800 5687 2993 5739 Comet.
3041 5695 3106 5733 ea:
3146 5691 3236 5729 ms.
3276 5677 3446 5729 codice
3478 5674 3565 5742 qui
3590 5672 3636 5747 fu

390 5737 1135 5808 tthltbziié&i"§'.'ii5i}tVallia
1155 5737 1463 5804 Sogdiani};
1485 5737 1678 5803 l’irin‘tw
1705 5753 1818 5800 1856
1838 5737 2025 5801 edi-tus.
2044 5737 2092 5788 :-
2120 5737 2381 5811 lipirtomeu
2424 5752 2615 5809 damus,
2648 5749 2820 5797 Latine
2840 5737 3143 5804 conversam,
3184 5754 3332 5803 quam
3386 5737 3636 5789 teruaculo

392 5829 619 5868 sermone
642 5824 918 5880 germanico
943 5818 1153 5868 confecit
1190 5818 1248 5866 υ*
1270 5820 1326 5874 Α.
1361 5812 1571 5865 Ellisscn
1604 5817 1651 5863 iu
1677 5813 1929 5863 Auccdotis
1953 5814 2152 5865 tLiosite
2185 5812 2338 5867 1857).
2416 5882 2423 5889 ο
