3904 6222
270 363 406 430 1069

1047 354 1531 427 EPHEMERID.
1578 364 1675 425 DE
1707 364 1969 427 CPOIJS
2005 370 2635 445 EXPUGNATIONE.

3382 362 3519 429 ιθτο

267 480 575 549 versa.quia
596 476 974 533 salutationem
997 476 1289 530 militarem
1305 475 1509 542 omisit,
1535 476 1845 531 bombardat:
1876 484 1921 539 Α
2030 477 2190 535 Febr.
2217 479 2307 534 26.
2341 478 2457 533 Una
2511 478 2722 532 navium
2764 475 3091 529 Vcnetarum
3130 490 3247 542 qua:
3281 475 3326 529 vi
3379 478 3522 545 pacti

268 571 701 644 grandiorisietu
731 570 1027 640 mergitur;
1058 569 1348 624 nauclerus
1386 578 1508 638 post
1539 568 1607 622 14
1628 569 1837 623 dierum

268 663 639 732 captivitatem
670 661 865 715 sultani
903 661 1058 729 jussu
1086 660 1151 714 ad
1179 659 1355 729 palmo
1376 660 1635 727 adigitur,
1665 661 1841 715 accito

268 754 412 808 inter
432 756 699 821 palatinos
720 750 923 815 scriba,
957 751 1218 803 Dominici
1243 749 1448 803 Maistri
1474 750 1606 815 tilio;
1635 752 1837 817 nautis,

269 850 455 916 paucis
499 845 763 913 exceptis,
810 844 897 910 qui
946 841 1453 907 Constantinopolin
1498 843 1648 895 missi
1693 852 1845 907 sunt,

269 944 421 996 serra
456 954 552 1008 per
602 937 835 990 medium
869 949 1064 1002 corpus
1096 932 1304 986 divisis.
1336 931 1474 985 Sunt
1526 933 1617 1000 qui
1661 931 1843 985 dicant

264 1044 490 1083 causam
535 1027 702 1080 fuisse
729 1025 855 1080 belli
892 1034 1077 1077 cutura
1109 1022 1339 1076 Venetos
1358 1020 1518 1075 Fabr.
1544 1021 1843 1075 Cornerum

270 1122 475 1176 infecta
532 1134 589 1174 re
620 1115 1083 1187 Constantinopoli
1129 1130 1428 1169 reversum.

349 1210 506 1264 1455.
532 1208 671 1263 llinc
695 1208 818 1261 inde
837 1207 1109 1260 Barbarus
1130 1220 1216 1259 res
1243 1208 1500 1271 quasdam
1526 1215 1677 1259 extra
1708 1215 1845 1259 tem-

269 1302 422 1369 poris
456 1300 721 1353 rationem
777 1306 986 1351 narrat.
1021 1295 1203 1350 Mense
1250 1295 1372 1349 Jan.
1407 1295 1545 1349 “55
1571 1296 1698 1350 suit.
1737 1297 1873 1360 vim,

274 1392 583 1457 pedestrem
634 1404 697 1441 ac
760 1388 1008 1441 navalem
1070 1386 1361 1440 maximam
1399 1386 1522 1440 urbi
1574 1390 1846 1442 admovet.

277 1480 464 1535 Mense
488 1479 785 1533 Februario
835 1487 1122 1543 tormenta,
1145 1477 1334 1532 decem
1368 1479 1592 1532 millium
1622 1479 1850 1534 cohorte

275 1574 721 1642 stipante,prope
749 1572 939 1625 urbem
968 1570 1204 1626 adducit.
1226 1571 1426 1625 Eodem
1462 1586 1648 1626 mense
1675 1571 1849 1626 Cra-ci

272 1678 398 1714 cum
453 1661 623 1716 tribus
658 1661 889 1729 navigiis
936 1659 1193 1715 Tureiam
1243 1662 1479 1723 intrant,
1513 1674 1578 1713 ac
1609 1661 1851 1729 captivos

274 1752 751 1820 Constantinopoll
788 1753 1047 1815 vendunt,
1071 1752 1275 1806 sultani
1298 1753 1434 1806 iram
1469 1746 1850 1807 acceud'entes.

352 1843 510 1897 H51.
539 1825 737 1896 Mcntio
764 1844 991 1896 duarum
1026 1842 1328 1895 triremium
1366 1841 1691 1897 Venetarum
1714 1842 1852 1895 duce

275 1934 531 1989 Gabriele
578 1935 877 1989 Trevisano
910 1934 1099 2005 Cpolin
1131 1935 1473 2001 appulsarum
1498 1973 1513 1999 ,
1550 1949 1669 2003 qua:
1696 1933 1851 2001 jussu

275 2038 507 2082 senatus
560 2028 744 2082 Veneti
797 2028 901 2081 tria
945 2027 1155 2096 navigia
1185 2028 1435 2079 oneraria
1494 2041 1522 2078 a
1556 2027 1691 2080 mari
1719 2027 1854 2080 Azo-

276 2120 400 2174 vico
452 2118 694 2189 profecta
725 2119 1144 2174 comitabantur.
1168 2118 1332 2171 Navis
1376 2118 1505 2172 item
1552 2116 1855 2185 Genuensis

280 2222 309 2261 ιι
371 2224 507 2278 papa
570 2210 736 2263 missa
799 2218 1135 2262 memoratur
1192 2208 1457 2262 Isidorum
1511 2207 1847 2261 cardinalem‘

277 2304 349 2374 (et
392 2303 648 2373 gardenal
692 2303 755 2355 de
808 2301 997 2371 Rosia)
1047 2310 1268 2371 gestans
1318 2308 1378 2355 ut
1430 2306 1718 2370 utramque
1753 2301 1855 2357 Ec-

277 2393 503 2447 cleslam
567 2393 927 2457 conciliaret,
974 2392 1081 2446 200
1143 2392 1443 2460 sagittariis
1500 2394 1854 2462 stipantibus,

276 2483 368 2551 qui
401 2485 588 2536 urbem
634 2487 774 2536 male
834 2482 1072 2535 habitam
1121 2482 1520 2546 defenderent;
1556 2492 1679 2536 octo
1726 2483 1855 2536 item

278 2584 450 2628 naves
486 2588 607 2627 cum
647 2582 951 2627 commeatu
973 2587 1005 2626 e
1032 2571 1193 2639 Creta
1219 2571 1470 2628 aderant.

352 2665 486 2720 Nov.
511 2666 596 2719 10.
619 2666 731 2719 Duo
755 2681 946 2734 magna
978 2665 1190 2732 navigia
1210 2682 1239 2719 e
1265 2665 1607 2719 Chersoneso
1622 2663 1853 2718 Taurica

279 2759 560 2813 venientia
626 2759 761 2811 duce
820 2756 1151 2827 Hieronymo
1200 2756 1477 2811 Morosino
1527 2755 1856 2826 (Jerotuemo

282 2848 575 2919 Moramini)
610 2849 805 2904 Turcis
823 2862 854 2903 e
879 2848 1107 2902 castello
1124 2848 1491 2901 clamantibus
1511 2857 1566 2899 ut
1583 2846 1855 2899 anchoras

280 2940 556 3008 jacerent,
586 2925 868 3011 aegerrime
905 2939 1217 2993 obedientes
1243 2948 1470 2993 mortem
1502 2949 1685 2992 tamen
1717 2937 1857 2991 eﬂ‘u-

281 3042 497 3102 gerunt.
531 3030 657 3085 Haec
687 3033 774 3085 ubi
827 3030 1098 3086 Barbarus
1130 3032 1333 3095 retulit,
1388 3032 1578 3083 ordine
1609 3029 1857 3098 protinus

283 3125 675 3191 chronologico
710 3132 767 3178 nt
799 3132 956 3178 antea
991 3126 1362 3193 progreditur.

238 3206 243 3211 ’
358 3217 564 3271 Dee.9..
606 3216 825 3270 Castelli
855 3215 1073 3270 Turcici
1118 3217 1317 3269 milites
1351 3216 1671 3284 praesidiarii
1704 3216 1863 3269 trire-

282 3322 422 3363 mem
456 3310 713 3363 Venetam
762 3308 877 3363 Jac.
915 3307 1057 3364 Coeo
1098 3309 1231 3362 duce
1263 3308 1605 3377 Trapezunte
1638 3308 1849 3378 (Trabe-

278 3400 481 3469 xonda)
507 3400 812 3454 venientem
846 3401 981 3454 male
1003 3407 1272 3465 tractant;
1306 3416 1423 3470 qua:
1446 3411 1621 3455 tamen
1648 3401 1860 3455 incolu-

284 3493 387 3546 tnis
419 3492 610 3559 Cpolin
649 3491 917 3560 pervenit.
1276 3476 1279 3479 ἦ

357 3585 514 3639 1452.
547 3585 669 3639 Dec.
705 3586 773 3638 η
802 3594 854 3638 et
908 3585 995 3639 13.
1026 3584 1290 3640 Ecclesia:
1328 3586 1611 3655 utriusque
1642 3586 1772 3639 unio
1808 3586 1860 3639 in

285 3676 343 3731 S.
380 3677 598 3746 Sophim
627 3677 856 3729 ecclesia
892 3678 1208 3730 solemniter
1239 3678 1587 3730 c0niirniata.
1622 3676 1859 3746 Impera-

286 3776 391 3832 tor,
464 3768 758 3822 cardinalis
816 3768 1138 3830 Russornm,
1197 3771 1485 3837 episcopus
1571 3768 1855 3839 Mitylenes

296 3858 643 3922 (Leonardus
668 3858 941 3929 Cbiensis)
972 3870 1025 3913 et
1050 3857 1363 3913 Graecorum
1398 3860 1632 3913 barones
1664 3861 1717 3913 in
1758 3876 1851 3913 ea—

285 3956 407 4007 dem
461 3955 692 4008 ecclesia
727 3956 792 4007 de
847 3956 1177 4008 necessitate
1227 3954 1531 4009 deliberant
1567 3970 1729 4009 naves
1758 3956 1861 4011 Ve-

288 4055 439 4098 netas
478 4046 529 4098 in
559 4046 825 4099 auxilium
865 4048 1012 4100 urbis
1045 4047 1338 4100 retinendi.

360 4130 484 4184 Dee.
506 4132 594 4184 H.
615 4134 870 4200 Sequitur
887 4134 1147 4201 quidquid
1182 4134 1297 4187 viva
1327 4150 1456 4190 voce
1479 4150 1540 4189 ac
1568 4136 1767 4204 scripto
1788 4152 1869 4189 ιιι-

288 4233 366 4277 ter
388 4224 1075 4293 cardinalem,episcopnm
1108 4225 1543 4297 Mitylencnsetn,
1588 4230 1866 4300 magistra-

289 4325 376 4369 tus
406 4316 644 4382 Graecos,
685 4323 967 4385 prelorem
998 4316 1286 4377 Vcnetum.
1322 4321 1609 4376 nauclerus
1676 4337 1738 4375 ac
1796 4322 1859 4376 21

286 4408 713 4474 spectatissimos
742 4408 794 4461 in
825 4408 956 4462 urbe
1001 4407 1153 4476 Cpoli
1208 4410 1465 4465 Venetos“
1501 4411 1863 4466 deliberatum

1888 1838 1929 1892 Β

1887 3181 1932 3244 C

1955 572 2108 626 abire
2133 584 2237 623 non
2259 570 2547 635 debebant,
2579 569 2740 621 ducta
2773 582 2799 620 a
2823 568 2882 620 P.
2908 567 3158 620 Davanzo
3179 581 3301 621 cum
3322 566 3353 621 Β
3372 567 3525 622 navi-

1960 666 2059 717 bus
2085 646 2437 730 emporeticis
2459 667 2619 712 vruto
2638 657 2876 711 secundo
2904 658 3085 726 adjuta
3102 674 3130 713 e
3156 669 3309 727 portu
3328 660 3522 715 evasit.

2032 753 2187 806 Mart.
2226 752 2309 803 ll.
2340 751 2662 819 imperatori
2714 750 2819 803 hoc
2870 750 3181 803 sollicltauti
3220 752 3325 804 duit
3365 752 3525 803 trire-

1961 847 2124 899 mium
2153 844 2484 898 Tanensium
2522 844 2752 910 remiges
2785 857 2910 895 suos
2952 845 3016 895 ad
3061 843 3303 896 locorum
3342 843 3527 896 muni-

1961 941 2159 993 tionem
2201 947 2258 991 et
2290 938 2356 989 ad
2405 935 2664 1006 palatium
2706 950 2872 1004 prope
2903 938 3113 1003 portam
3151 937 3522 1006 cyncgeticam

1958 1026 2486 1082 circnmtrallandum
2530 1024 2870 1078 adhibendus
2913 1026 3100 1078 tradit.

2031 1118 2193 1171 Mart.
2232 1118 2322 1172 51.
2383 1116 2582 1170 Eodem
2617 1131 2781 1184 porro
2814 1117 2986 1169 sancti
3025 1106 3246 1169 Sabbati
3289 1116 3393 1181 die,
3438 1116 3530 1185 qui

1960 1212 2179 1279 quidem
2218 1202 2340 1262 cum
2392 1210 2462 1265 99
2503 1209 2649 1274 Maii,
2685 1210 2775 1276 qui
2818 1209 3004 1262 Martis
3051 1209 3167 1261 dies
3199 1214 3336 1272 erat,
3380 1224 3529 1261 con-

1961 1303 2130 1371 gruit,
2182 1302 2429 1369 remiges,
2470 1300 2696 1369 jubente
2726 1299 2913 1363 Diedo,
2947 1300 3104 1355 navis
3158 1308 3409 1369 patrono,
3444 1316 3537 1354 co-

1964 1410 2075 1448 ram
2111 1395 2438 1462 imperatore
2475 1403 2525 1445 et
2558 1390 2901 1460 magnatibus
2932 1390 3104 1446 fossas
3133 1391 3365 1447 faciunt.

2032 1485 2233 1553 Aprilis
2249 1486 2303 1539 9..
2325 1483 2566 1537 Barthol.
2588 1482 2824 1552 Soligns,
2841 1483 3171 1552 imperatore
3195 1485 3268 1537 ita
3288 1484 3533 1552 jnbente,

1965 1584 2153 1643 portus
2198 1576 2398 1629 ostium
2433 1574 2624 1641 Cpolin
2671 1572 2815 1627 inter
2866 1588 2929 1628 ac
2964 1575 3153 1627 Peram
3191 1574 3395 1629 famosa
3430 1576 3535 1628 ista

1963 1681 2153 1723 catena
2174 1669 2348 1722 ferrea
2373 1669 2516 1738 (qua.
2543 1678 2736 1723 cauete
2756 1667 3103 1738 describitur)
3130 1668 3389 1722 oet-ludit.

2030 1760 2357 1838 imperator,
2387 1743 2621 1828 quatuor
2650 1760 2976 1813 Venetorum
3016 1758 3290 1812 nobilibus
3317 1758 3419 1811 ltoc
3450 1771 3537 1810 ro-

1962 1852 2237 1921 gantibus,
2260 1861 2491 1919 quatuor
2516 1853 2906 1920 praeripuarum
2940 1851 3088 1904 urbis
3114 1860 3389 1919 portarum
3415 1864 3537 1901 vcr-

1962 1958 2057 1997 sus
2081 1944 2450 1996 continentem
2478 1942 2782 1996 custodiam
2816 1941 3000 2004 tradit,
3043 1948 3253 2010 portam
3278 1940 3537 1994 Crescani

1963 2033 2282 2104 (χρυσῆιιῖ)
2324 2033 2580 2086 Catarino
2638 2032 2970 2097 Contarino;
3032 2013 3321 2083 secundam
3372 2027 3555 2081 Fabia.
3602 2060 3609 2069 -

1962 2128 2236 2192 Cornaro;
2268 2127 2485 2191 tertium
2533 2140 2651 2193 quze
2679 2125 2780 2192 τῆς
2825 2123 3013 2192 limi;
3046 2123 3378 2183 nominatur,
3421 2118 3537 2172 Nic.

1964 2219 2261 2287 Mozenigo,
2294 2217 2715 2269 lilachernarum
2750 2214 2985 2283 denique
3004 2223 3214 2281 portam
3248 2212 3539 2283 Dolphino.

2035 2310 2351 2377 Sequuntur
2383 2308 2600 2362 nomina
2658 2306 2725 2359 68
2766 2306 3027 2359 nobilium
3064 2306 3395 2361 Venetorum
3446 2303 3541 2372 qui

1965 2402 2086 2454 urbi
2131 2403 2367 2455 obsessa:
2413 2401 2659 2461 aderant,
2704 2398 2846 2450 inter
2876 2413 3014 2466 quos
3046 2408 3236 2450 auctor
3271 2397 3543 2465 Ephemc-

1966 2491 2145 2545 ridum
2189 2489 2506 2542 nominatur
2546 2488 2793 2541 medicus
2831 2487 3047 2538 navium
3077 2484 3434 2538 Tanensinm.
3589 2540 3602 2551 _

2036 2579 2212 2647 April.
2253 2579 2308 2634 5.
2334 2578 2597 2632 Sultanus
2624 2577 2961 2631 .‘ilabometcs
2994 2590 3113 2628 cum
3145 2575 3250 2628 160
3281 2574 3545 2629 militibus

1962 2671 1997 2724 2
2042 2670 2137 2739 112
2173 2668 2309 2721 mill.
2347 2667 2463 2720 Ital.
2502 2667 2569 2720 ab
2600 2667 2733 2719 urbe
2756 2674 2937 2719 castra
2970 2673 3227 2717 metatur.

2036 2760 2209 2826 April.
2256 2759 2309 2813 6.
2346 2758 2485 2812 Hinc
2515 2763 2580 2811 ad
2621 2758 2855 2810 milliare
2898 2772 3063 2807 unum
3100 2756 3164 2806 ad
3196 2768 3382 2805 muros
3408 2754 3542 2805 mari

1964 2849 2209 2918 objectos
2242 2848 2494 2917 procedit
2528 2858 2583 2901 et
2619 2849 2781 2915 paulo
2813 2847 3014 2899 abhinc
3052 2847 3102 2898 in
3141 2847 3361 2912 regione
3395 2844 3544 2897 urbis

1966 2940 2290 2993 occidentali
2327 2939 2451 2993 inde
2485 2957 2513 2993 a
2542 2950 2691 3007 porta
2727 2940 2905 2991 Aurea
2939 2952 3110 3005 usque
3156 2936 3222 2989 ad
3249 2936 3543 3006 Cynegeti-

1966 3050 2083 3088 cam
2115 3048 2209 3102 per
2232 3032 2265 3085 6
2296 3032 2429 3085 mill.
2464 3032 2589 3085 Ital.
2625 3041 2806 3085 castra
2843 3030 3013 3097 ponit.

2040 3125 2153 3181 Sub
2183 3126 2374 3180 eodem
2409 3126 2493 3179 die
2523 3125 2822 3193 imperator
2866 3138 2987 3176 cum
3048 3121 3235 3174 multis
3272 3120 3547 3176 nobilibus

1968 3218 2354 3285 equitibusque
2379 3216 2441 3268 ad
2470 3225 2681 3283 portam
2704 3219 2970 3282 Auream;
3015 3226 3213 3283 praetor
3239 3226 3417 3269 autem
3451 3215 3547 3269 Μῖ-

1967 3317 2149 3361 nottns
2171 3321 2292 3359 cum
2323 3306 2573 3375 plurimis
2591 3304 2812 3359 Venetis
2840 3306 3236 3360 mercatOribus
3265 3307 3315 3357 in
3346 3306 3546 3373 palatio

1970 3398 2322 3467 imperatorio
2349 3398 2465 3450 loca
2482 3411 2578 3449 sua
2606 3411 2901 3466 occupasse
2929 3398 3238 3451 traduntur.
3279 3397 3544 3465 Legimus

1966 3491 2191 3559 insuper
2222 3490 2367 3559 quod
2404 3503 2634 3558 magnus
2667 3488 2804 3552 Dux,
2839 3489 3074 3556 primum
3114 3489 3411 3542 secundum
3449 3488 3548 3539 im-

1967 3585 2274 3649 peratore‘m
2319 3585 2492 3636 locum
2554 3593 2751 3636 tenens
2808 3582 2987 3651 portui
3039 3581 3277 3649 praefuit,
3322 3581 3409 3635 ubi
3448 3580 3550 3635 100

1966 3677 2017 3731 ei
2059 3677 2183 3744 equi
2220 3677 2391 3744 parati
2422 3676 2678 3738 stabant;
2707 3675 2851 3742 quod
2889 3674 3027 3727 muri
3056 3674 3313 3727 maritimi
3364 3684 3549 3726 custo-

1967 3768 2054 3821 dia
2084 3768 2367 3821 monachis
2394 3770 2529 3821 duce
2556 3766 2802 3821 Manuele
2830 3767 3062 3833 Giagzrro
3086 3767 3334 3834 (Ἴαγρον
3364 3765 3543 3819 (ἰηιιοὶ

1967 3858 2265 3927 appellant)
2298 3873 2360 3911 ac
2399 3856 2679 3926 Neopbyto
2730 3844 3003 3907 Rhodensi
3063 3853 3350 3906 commissa
3414 3850 3545 3914 fuit;

1967 3950 2109 4017 quod
2133 3949 2367 4017 denique
2393 3948 2499 4001 alia
2523 3948 2765 4015 quasdam
2798 3946 2946 3999 urbis
2973 3945 3118 4012 regio
3143 3944 3394 4013 Dorgano
3429 3944 3546 4011 (qui

1968 4042 2154 4109 procul
2202 4041 2364 4094 dubio
2404 4041 2542 4093 idem
2585 4048 2670 4093 est
2713 4054 2836 4093 cum
2890 4038 3135 4106 principe
3185 4036 3461 4098 Oi'chano)
3496 4044 3553 4089 et

1971 4133 2437 4187 mercenariorum
2461 4132 2671 4187 cohorti
2698 4131 2998 4186 Turcarum
3030 4130 3121 4200 qui
3155 4145 3183 4183 a
3214 4130 3553 4185 sultanode-

1969 4226 2234 4289 iecerant,
2268 4226 2623 4281 custodienda
2655 4226 2756 4278 fuit
2780 4225 2977 4278 tradita
3006 4240 3018 4276 :
3056 4240 3178 4293 qum
3205 4223 3389 4277 omnia
3409 4221 3553 4276 sicut
3646 4252 3658 4267 ι

1968 4320 2073 4373 alia
2107 4334 2228 4387 quae
2258 4320 2416 4372 modo
2449 4318 2754 4381 retulimus,
2793 4332 2921 4371 cum
2966 4309 3255 4369 l’brantza:
3289 4313 3552 4368 relatione

1970 4426 2299 4479 comparare
2328 4425 2390 4464 ac
2428 4411 2710 4464 discutere
2747 4409 3193 4478 supersedemus.

289 4500 417 4565 fuit,
457 4500 809 4569 additumque
864 4502 1146 4555 decretum
1179 4512 1236 4555 ut
1272 4514 1585 4557 memorata:
1612 4506 1864 4561 triremes
1893 4514 1943 4574 ι)
2045 4500 2243 4555 Eodem
2275 4500 2362 4553 die
2412 4501 2713 4569 imperator
2738 4499 3061 4553 classiarios
3114 4500 3205 4568 qui
3246 4510 3357 4555 tres
3387 4516 3559 4570 supra

290 4589 610 4661 Byzantium
668 4608 734 4644 ne
772 4591 1165 4659 relinquerent.
1199 4591 1377 4663 (Conl'.
1411 4590 1669 4647 Pbrantz.
1711 4596 1864 4663 238.)

360 4682 417 4735 1).
438 4697 487 4736 c.
536 4682 721 4737 1749.0.
775 4683 1061 4737 Duodecim
1109 4682 1210 4735 viri
1255 4684 1512 4737 nobilium
1538 4686 1865 4741 Venetorum

290 4786 413 4843 post
438 4784 702 4829 maturam
728 4774 1173 4827 deliberationem
1200 4776 1501 4827 decernunt
1529 4790 1632 4842 qua
1661 4779 1869 4831 ratione

291 4882 354 4920 ac
392 4870 549 4919 modo
592 4881 781 4921 recens
824 4867 1040 4919 decreta
1084 4867 1299 4919 senatui
1333 4864 1541 4920 Veneto
1575 4868 1868 4923 deferenda

288 4960 419 5013 sint.

366 5051 524 5105 i455.
560 5050 685 5104 Jan.
712 5049 801 5103 9.6.
836 5049 1179 5104 Veneticum
1217 5050 1550 5119 imperatore
1576 5049 1867 5118 paciscun-

291 5152 397 5204 tur,
443 5157 502 5197 ea
536 5144 653 5213 lege
688 5153 747 5195 ut
786 5143 1024 5211 ipsorum
1054 5157 1221 5197 naves
1252 5143 1369 5196 sine
1398 5144 1560 5211 hujus
1596 5143 1867 5212 permissu

289 5237 476 5287 urbem
509 5252 572 5289 ne
595 5236 875 5298 deserant,
907 5246 958 5289 ct
991 5246 1048 5289 ut
1070 5237 1337 5290 onerandi
1364 5251 1458 5292 eas
1483 5246 1647 5306 atque
1669 5250 1873 5291 exorre.

290 5326 446 5380 randi
476 5325 706 5380 facultas
741 5329 819 5385 eis
847 5340 1063 5395 semper
1095 5338 1296 5397 praesto
1322 5329 1412 5383 sit.

360 5419 565 5473 Eodem
621 5417 707 5475 die
761 5420 1129 5487 Justinianus,
1172 5419 1358 5476 Genua
1416 5421 1698 5491 profectus
1746 5428 1867 5479 cuin

289 5512 505 5565 duobus
565 5512 799 5579 navigiis
844 5523 899 5567 et
932 5511 1037 5567 700
1070 5513 1333 5568 militibus
1371 5515 1694 5581 auxiliariis,
1724 5516 1872 5570 venit

288 5603 584 5671 Cpolin,-et
620 5604 690 5659 ab
723 5604 1052 5669 imperatore
1084 5606 1191 5658 dux
1220 5606 1498 5673 cupiarum
1538 5605 1870 5674 pedestrium

290 5703 345 5748 et
380 5691 672 5761 pra-factus
716 5691 866 5745 urbis
901 5692 1264 5750 occidentalis
1303 5696 1372 5751 ab
1404 5696 1649 5751 exercitu
1705 5696 1872 5751 sulta-

299 5787 421 5842 nico
454 5795 772 5857 oppugnata:
799 5786 1130 5842 declaratur.

1973 4595 2147 4647 dictas
2176 4591 2505 4646 Venetorum
2547 4593 2808 4645 triremes
2839 4591 3143 4654 Tanenses,
3192 4602 3250 4643 ut
3309 4602 3358 4645 et
3417 4596 3553 4646 duas

1970 4686 2125 4749 alias,
2146 4685 2340 4751 quibus
2366 4684 2691 4738 Trevisanus
2713 4694 2966 4752 praeerat,
2997 4684 3207 4751 agmine
3247 4684 3389 4738 facto
3422 4698 3549 4751 pro-

1972 4778 2166 4832 cedere
2192 4778 2377 4846 jussit,
2406 4786 2464 4831 ut
2488 4787 2541 4831 et
2567 4776 2719 4831 urbis
2748 4776 2942 4830 incolis
2970 4777 3211 4829 animum
3240 4776 3463 4831 adderet
3494 4787 3549 4831 et

1976 4872 2226 4925 hostibus
2264 4881 2467 4924 metum
2502 4870 2776 4939 injiceret.

2048 4965 2174 5034 Apr.
2218 4964 2272 5019 9.
2325 4963 2600 5017 Conciune
2654 4970 2949 5015 convocata
2998 4961 3065 5013 de
3098 4959 3272 5015 classe
3300 4960 3437 5016 bene
3470 4970 3554 5016 δι’

1971 5068 2077 5124 que
2138 5056 2343 5110 utiliter
2407 5053 2713 5107 adhibenda
2781 5052 3104 5106 deliberant.
3172 5051 3301 5106 Inde
3355 5068 3549 5106 novem

1972 5158 2062 5201 aut
2131 5148 2318 5201 decem
2380 5160 2547 5199 naves
2608 5144 2926 5212 grandiores
2983 5160 3087 5198 una
3148 5162 3270 5197 cum
3328 5145 3552 5196 ducibus

1973 5240 2358 5293 nominantur:
2400 5238 2455 5307 (5
2507 5236 2848 5301 Genuenscs.
2882 5239 2916 5292 5
2966 5237 3278 5294 Cretenses.
3316 5234 3336 5286 1
3374 5236 3551 5289 Αιιιιοο
3640 5300 3643 5301 ν

1975 5330 2183 5392 neusis,
2212 5332 2237 5383 1
2281 5330 2699 5398 imperatoria);
2745 5345 2865 5399 qua:
2910 5343 3099 5384 omnes
3136 5326 3419 5381 certamini
3468 5326 3551 5379 fu-

1974 5435 2097 5476 turo
2130 5422 2415 5476 destinatae
2459 5436 2712 5491 magnam
2751 5433 2938 5492 portus
2968 5432 3215 5475 catenam
3282 5416 3507 5485 cingunt
3532 5458 3551 5483 ,

1972 5516 2095 5569 dum
2127 5514 2179 5569 in
2214 5515 2482 5583 superiori
2524 5525 2708 5583 portus
2732 5515 2950 5582 regione
2984 5513 3044 5563 17
3088 5510 3205 5562 aliae
3263 5520 3551 5561 reservan-

1975 5616 2090 5670 tur;
2121 5608 2262 5659 inter
2285 5622 2378 5661 eas
2408 5607 2441 5660 '5
2474 5608 2721 5661 triremes
2748 5605 3024 5660 Tanenses
3046 5616 3168 5655 cum
3193 5602 3402 5656 duabus
3426 5600 3552 5655 aliis

1976 5694 2308 5749 Venetorum
2380 5698 2653 5750 communi
2710 5693 2989 5749 securitati
3039 5701 3391 5755 consecratur,
3429 5702 3481 5745 et
3515 5693 3551 5747 5

1976 5788 2343 5859 imperatoria:
2374 5789 2515 5846 malo
2551 5786 2826 5856 armisque
2861 5784 3147 5839 detrudam;
3174 5793 3545 5842 recensentur.
