3904 6222
425 307 554 370 1(-7l

1341 318 1654 380 NICOLAI
1697 321 2039 382 BARBARI
2083 322 2421 384 PATRiCIl
2464 322 2765 398 YENETI‘

3545 329 3672 397 1072

496 425 676 494 April.
733 426 819 482 ll.
855 425 1119 484 Suitanus
1151 443 1423 488 tormenta
1451 449 1577 492 ante
1619 455 1802 496 muros
1845 443 1999 496 ~mari
2031 449 2079 508 Α
2111 442 2343 496 tantibus
2365 442 2578 497 duabus
2605 445 2922 499 triremibus
2943 457 3137 502 armat.
3170 447 3276 504 Sed
3300 449 3665 510 Genuensium

420 517 700 587 Oppositus
739 521 1132 588 quadripartito
1175 527 1330 592 ponit
1393 530 1490 597 (cf.
1546 530 1868 599 Pltrantzes,
1901 535 1990 603 qui

417 610 611 664 scribit
639 627 650 663 :
686 611 776 663 Ἐν
810 613 999 677 τόποις
1027 616 1288 688 τέσσαρσι
1319 621 1416 673 καὶ
1451 621 1583 674 δέκα
1606 623 1677 676 τὰ
1703 625 1856 694 τείχη
1890 629 1988 694 τῆς

422 701 641 765 Πόλεως
663 702 941 776 ἔτυπτον).
975 707 1110 761 Tres
1141 711 1337 764 dein-le
1375 713 1682 770 bombardte
1717 720 1778 769 ad
1815 720 1990 786 impe-

419 795 623 848 ratoris
669 796 929 864 palatium
980 798 1409 869 Blaeheruense;
1457 807 1586 860 item
1651 817 1761 861 tres
1797 821 1988 862 contra

419 896 632 953 portam
667 890 768 957 τῆς
813 891 1040 961 Herm;
1076 896 1197 949 dua:
1253 897 1307 949 iu
1371 909 1579 966 portatu
1621 900 1880 968 Auream,
1933 913 1989 960 et

417 987 650 1042 quatuor
684 979 733 1032 in
763 979 820 1033 S.
851 979 1082 1034 Romani
1120 993 1324 1050 portam
1351 987 1571 1042 directa:
1600 1001 1766 1057 sunt;
1797 1006 1827 1046 e
1863 995 1988 1062 qui-

418 1068 518 1122 bus
558 1069 747 1139 ingens
780 1070 868 1126 illa
900 1071 1040 1128 i200
1071 1074 1329 1130 lihraruru
1363 1088 1416 1132 et
1453 1080 1557 1132 alia
1586 1081 1691 1135 800
1724 1084 1981 1139 librarum

419 1172 805 1216 memorantur.

485 1249 658 1318 April.
686 1251 870 1307 i2-l7.
900 1255 1228 1310 Duodecimn
1251 1257 1337 1311 die
1365 1260 1494 1330 Apr.
1523 1261 1656 1331 (sec.
1678 1265 1984 1324 Phrantzcn

413 1343 605 1410 quinto
637 1343 866 1411 decimo)
915 1347 1107 1401 classis
1152 1346 1452 1406 Turcarum
1485 1369 1515 1407 e
1548 1356 1767 1424 regione
1797 1370 1984 1428 portus

412 1441 684 1509 Cpolitani
726 1443 996 1500 anchoras
1037 1447 1206 1516 jacit;
1258 1450 1437 1520 cujus,
1470 1447 1708 1504 Barbaro
1735 1461 1981 1514 auctore,

415 1546 675 1584 numerus
695 1531 796 1586 fuit
813 1533 936 1598 M5,
954 1549 984 1589 e
1001 1539 1193 1604 quibus
1218 1538 1281 1592 12
1299 1539 1546 1592 triremes
1568 1539 1723 1607 plane
1740 1550 1981 1607 armatae,

412 1618 586 1673 70-80
613 1621 845 1677 liburnas
889 1626 1150 1695 majores,
1181 1627 1348 1683 20-25
1387 1632 1723 1698 paraudarite
1761 1632 1979 1702 (onera-

412 1712 509 1764 rize
558 1713 608 1766 iu
661 1711 786 1767 belli
838 1717 1045 1788 nsum),
1107 1731 1318 1774 caztera:
1370 1719 1627 1776 actuaria:
1674 1725 1980 1779 traduntur.

412 1800 530 1855 lluc
563 1800 702 1856 addc
743 1805 1014 1874 navigium
1035 1811 1347 1864 onerarium
1379 1812 1544 1866 aeneis
1569 1813 1743 1884 globis
1766 1813 1982 1883 (verisi-

409 1891 595 1946 milius
622 1905 806 1948 autem
852 1895 1127 1964 lapidibus
1152 1900 1569 1972 projectilibus),
1604 1904 1830 1958 materie
1864 1904 1980 1960 bel-

383 1984 513 2048 lica
545 1999 798 2040 onustum
848 1988 1166 2058 SinOpense.
1209 1992 1416 2047 Classis
1451 1993 1680 2049 Turcica
1718 1995 1874 2063 longe
1913 1997 1981 2050 ab

409 2076 542 2129 urbe
561 2075 711 2132 littus
725 2079 1068 2134 Anatolicum
1094 2092 1261 2138 tenet.
1285 2085 1388 2149 Qui
1421 2086 1470 2139 in
1500 2088 1634 2142 urbe
1662 2088 1981 2144 obsidentur

410 2173 812 2240 aggressionem
847 2175 1079 2231 hostium
1113 2176 1165 2231 in
1200 2182 1367 2233 armis
1391 2183 1609 2236 assiduo
1632 2195 1974 2250 exspectant.

405 2261 558 2318 Intus
619 2276 818 2334 praeter
895 2276 1164 2326 tormenta
1223 2273 1591 2329 indesinenter
1654 2279 1871 2345 explosa
1927 2286 1982 2330 et

410 2356 552 2409 leves
596 2368 782 2412 contra
827 2356 1159 2418 Janlssarios
1218 2379 1423 2434 pugnas
1478 2367 1612 2421 nihil
1676 2377 1978 2422 memoratu

415 2446 471 2496 lit
508 2445 748 2514 dignum.

474 2537 645 2606 April.
673 2539 758 2593 18.
790 2540 863 2594 Ea
889 2555 1009 2610 qua
1038 2543 1177 2597 diem
1207 2545 1408 2611 Aprilis
1435 2547 1702 2602 decimum
1727 2557 1975 2603 octavum

406 2631 683 2695 pecceesit
708 2643 867 2687 nocte
884 2636 1163 2703 aggressio
1186 2635 1489 2692 Turearum
1514 2641 1686 2708 primo
1717 2654 1746 2692 a
1774 2639 1978 2694 Graecis

406 2722 682 2789 paululum
715 2726 1048 2781 tremefactis
1097 2730 1418 2799 repellitur;
1479 2732 1730 2787 occidere
1789 2731 1979 2784 Turca:

403 2815 689 2882 plusquam
714 2817 960 2872 ducenti.

474 2904 650 2972 April.
670 2905 758 2961 20.
781 2907 1050 2966 Vicesimo
1061 2913 1359 2967 obsidionis
1380 2914 1466 2968 die
1483 2927 1712 2985 quatuor
1730 2919 1980 2976 Genuen-

402 2992 542 3045 sium
584 3009 750 3049 naves
790 2997 1084 3055 auxiliares
1131 2998 1537 3070 Hellespontum
1595 3004 1820 3072 intrant,
1861 3024 1979 3078 quae

403 3097 525 3156 pust
541 3087 577 3142 2
590 3111 612 3140 λι
624 3100 682 3145 ιιι
697 3092 727 3144 3
743 3091 992 3146 horarum
1011 3110 1240 3164 pugnam
1256 3094 1558 3151 Turearum
1577 3100 1976 3167 aggressionem

2111 535 2302 588 Peram
2348 536 2702 589 habitantium
2766 536 3048 604 praefectus
3099 556 3160 594 ea
3195 543 3258 594 de
3311 557 3370 596 re
3400 544 3664 599 sultannnt

2100 625 2389 680 certiorem
2412 625 2538 681 facit
2562 645 2576 690 ;
2598 643 2660 680 ac
2677 626 2991 684 Genuenses
3007 630 3127 698 ipsi,
3156 632 3408 687 homines
3428 634 3663 700 perfidis-

2100 717 2245 779 simi,
2269 732 2390 770 cum
2427 717 2652 771 ducibus
2694 717 2912 774 Venetis
2933 725 3096 778 hosce
3121 734 3440 792 permovent
3471 737 3662 791 utpro-

2100 809 2332 875 positum
2365 825 2628 864 conamen
2667 811 2756 878 alii
2807 812 2951 864 nocti
2997 824 3372 877 reservarem;
3411 816 3658 869 auxilium

2097 915 2254 954 suum
2291 901 2614 968 pollicendo,
2643 918 2700 956 re
2731 917 2851 956 vera
2883 912 3061 957 autem
3081 903 3273 958 Turcis
3312 907 3564 961 omnibus
3589 909 3665 960 vi-

2099 992 2251 1046 ribus
2277 995 2531 1046 auxilium
2573 994 2754 1048 laturi.

2165 1085 2336 1153 April.
2389 1084 2578 1138 25-27.
2633 1087 2744 1139 Hoc
2789 1087 3046 1154 temporis
3082 1088 3366 1142 intervallo
3429 1103 3536 1155 quo
3580 1090 3651 1143 nil

2094 1187 2394 1230 memoratu
2417 1177 2637 1244 dignum
2664 1178 2878 1242 accidit,
2910 1177 3175 1232 Barbarus
3200 1178 3494 1232 infortunia
3527 1180 3658 1233 ulte-

2093 1269 2233 1321 riora
2293 1268 2545 1322 Numinis
2593 1267 2760 1322 divini
2819 1269 3076 1322 ultionem
3126 1284 3247 1323 esse
3291 1271 3545 1337 opinatur
3589 1274 3655 1324 oh

2093 1367 2312 1426 peccata
2363 1374 2590 1426 quorum
2619 1367 2748 1412 tetas
2783 1360 2880 1413 ista
2920 1374 3008 1412 rea
3039 1369 3206 1414 esset.

2161 1451 2328 1519 April.
2361 1450 2450 1507 28.
2487 1451 2558 1505 Ea
2583 1461 2737 1506 nocte
2763 1451 2882 1505 dua:
2906 1451 3154 1505 triremes
3173 1451 3340 1508 Gabr.
3369 1453 3654 1508 Trevisano

2091 1555 2140 1598 et
2176 1542 2320 1598 Hier.
2353 1544 2622 1597 Μοτοείηο
2663 1543 2843 1611 equite
2885 1551 3048 1609 atque
3079 1542 3200 1597 Jac.
3235 1545 3384 1598 Coeo
3414 1545 3652 1609 ducibus,

2090 1633 2391 1688 Turcarum
2422 1647 2586 1686 naves
2619 1631 2671 1684 in
2705 1640 2864 1700 portu
2891 1632 3015 1700 igne
3035 1635 3312 1688 cremandi
3357 1650 3457 1704 spe
3493 1638 3654 1690 desti-

2093 1724 2340 1777 tuuntur.
2371 1721 2571 1776 Fusius
2601 1721 2649 1775 id
2683 1735 2947 1777 conamen
2978 1722 3252 1779 Barbarus
3281 1739 3444 1794 quam
3478 1728 3650 1781 ueteri

2019 1827 2060 1880 Β
2091 1827 2281 1867 omnes
2331 1821 2544 1865 narrat.

2161 1903 2331 1972 April.
2357 1902 2447 1956 29.
2476 1902 2789 1958 Navarchus
2827 1903 3030 1957 Diedus
3057 1905 3246 1958 ducem
3267 1905 3508 1960 triremis
3528 1904 3653 1958 Tra-

2086 1995 2390 2066 pezuntinae
2423 1996 2472 2047 in
2501 1993 2630 2048 Coei
2654 1994 2898 2048 destituti
2924 1996 3098 2050 locum
3127 1995 3453 2064 Delphinum
3487 1999 3650 2052 nomi-

2087 2101 2218 2151 nat;
2270 2089 2357 2145 cui
2415 2087 2466 2140 in
2496 2086 2852 2141 custodienda
2887 2087 3307 2142 Blacheruarum
3364 2098 3522 2158 porta
3566 2087 3646 2144 εἷο.

2083 2179 2434 2234 Lauredanus
2491 2178 2856 2231 substituitur.
2893 2177 3022 2242 Qtue
3081 2179 3276 2232 damna
3332 2179 3641 2233 obsidentes

2091 2268 2340 2321 obsessis
2373 2266 2631 2329 inferunt,
2666 2265 2734 2319 ab
2765 2265 2911 2319 hisce
2953 2265 3104 2318 illico
3135 2276 3483 2334 reparantur.
3511 2265 3646 2322 Nihil

2083 2366 2346 2428 prmterea
2366 2359 2507 2426 quod
2530 2360 2788 2409 memoria
2817 2356 3038 2424 dignum
3064 2356 3154 2420 sit,
3182 2367 3365 2411 actum
3395 2356 3448 2408 in
3476 2372 3648 2411 mense

2083 2451 2264 2518 aprili.

2154 2543 2295 2596 Maii.
2322 2543 2372 2604 1.
2397 2543 2450 2596 2.
2479 2543 2621 2598 idem
2641 2542 2708 2597 de
2727 2543 2934 2598 duobus
2953 2542 3104 2598 hisce
3122 2543 3312 2598 diebus
3339 2542 3643 2598 dicendum.

2081 2638 2469 2690 Alimentorum
2501 2637 2550 2688 in
2578 2638 2710 2690 urbe
2733 2635 2983 2705 penuria.

2150 2729 2279 2782 Maii
2311 2729 2363 2792 5,
2387 2729 2440 2782 4.
2477 2727 2743 2797 Cpolitani
2775 2727 3024 2782 hostibus
3057 2728 3109 2779 in
3136 2738 3292 2794 portu
3331 2726 3471 2780 duas
3499 2726 3642 2780 bom-

2081 2820 2278 2875 bardas
2308 2829 2601 2888 opponunt;
2633 2819 2824 2874 Turcae
2851 2819 2986 2873 duas
3015 2818 3259 2888 ejusdem
3291 2819 3511 2886 generis
3533 2833 3638 2870 ma-

2080 2912 2268 2965 chinas
2289 2921 2509 2978 ponunt.
2547 2909 2648 2965 Per
2677 2909 2862 2965 decem
2895 2910 3014 2964 dein
3044 2910 3159 2964 dies
3186 2923 3251 2963 ac
3280 2909 3509 2963 totidem
3552 2923 3641 2963 no-

2081 3012 2201 3057 ctes
2237 3004 2494 3072 utrinque
2528 3011 2798 3057 tormenta
2829 3004 3028 3056 sudant
3057 3001 3175 3056 sine
3212 3000 3415 3055 elfeetu
3449 3015 3641 3055 memo-

2085 3093 2262 3145 rabili.
2295 3093 2642 3160 Imperatoris
2666 3092 2822 3161 jussu
2856 3091 3006 3144 navis
3043 3091 3285 3143 actuaria
3319 3104 3508 3144 versus
3538 3088 3640 3142 Ne-

402 3181 620 3244 t'ortuua
663 3181 835 3251 adjuti
870 3158 1169 3254 repel-lunt;
1201 3187 1314 3241 sole
1338 3188 1458 3241 dein
1491 3158 1770 3242 occidente
1792 3191 1972 3245 obses-

2095 3181 2334 3251 gropouti
2384 3182 2618 3235 insulam
2655 3182 2908 3239 mittitur.
2940 3178 3268 3234 Venetorum
3295 3179 3524 3232 classem
3549 3193 3637 3231 ex-

403 3287 587 3326 sorum
618 3274 869 3329 triremes
899 3274 1278 3331 Genuensibus
1311 3277 1484 3332 obviae
1515 3279 1616 3333 hos
1648 3293 1769 3333 eum
1805 3281 1974 3351 iubilo

403 3374 468 3413 ac
499 3362 739 3415 musices
770 3375 1044 3419 concentu
1075 3367 1126 3418 in
1161 3377 1377 3435 portum
1411 3368 1800 3424 iutromittunt.

473 3452 672 3521 Aprilis
701 3457 792 3509 2|.
835 3457 1169 3511 Maluuuetes
1201 3472 1324 3510 cum
1377 3457 1550 3512 10000
1594 3460 1866 3528 equitibus
1904 3463 1970 3516 ad

402 3542 632 3598 classem
661 3549 922 3612 procedit,
959 3549 1012 3601 in
1041 3549 1321 3618 copiarum
1356 3551 1625 3604 navalium
1661 3551 1966 3622 praefectum

402 3639 598 3691 acerbe
629 3638 901 3692 invehitur
949 3649 1003 3694 et
1033 3643 1138 3695 vita
1193 3642 1445 3696 incolumi
1487 3659 1682 3698 munus
1721 3646 1970 3701 abdicare

398 3726 586 3797 jubet;
636 3731 721 3785 cui
757 3731 902 3787 Petri
945 3733 1247 3789 Lauredani
1300 3736 1442 3791 filius
1480 3731 1826 3806 jactabunda:
1861 3755 1972 3792 me-

404 3825 589 3879 moria:
624 3825 876 3896 (fortasse
918 3831 994 3885 rei
1029 3830 1245 3886 Veneta:
1275 3831 1524 3887 desertor
1557 3833 1775 3903 aliquis)
1807 3834 1965 3888 classi

400 3916 658 3982 praefieitu
668 3935 713 3973 r.
1137 3976 1141 3978 γ
1390 3922 1395 3925 ’

474 4008 554 4061 Ad
591 4013 840 4065 eumdem
876 4013 1019 4066 diem
1050 4015 1167 4067 dira
1202 4015 1438 4068 vastatio
1471 4017 1538 4070 ab
1561 4017 1798 4071 hostium
1838 4031 1966 4085 pro-

393 4101 667 4169 jectilihus
726 4105 780 4156 in
817 4105 1036 4173 regione
1083 4105 1404 4160 occidentali
1443 4108 1610 4173 facta,
1677 4109 1844 4162 turris
1890 4112 1956 4161 ad

399 4192 458 4245 S.
486 4192 711 4245 Romani
741 4204 948 4262 portam
981 4197 1098 4250 sita;
1144 4198 1341 4263 ruina;
1378 4199 1666 4253 conamina
1715 4200 1968 4254 obsesso-

397 4299 518 4336 rum
545 4283 610 4336 ad
655 4287 1003 4340 reﬁciendum
1057 4289 1314 4342 damnum
1348 4289 1677 4346 referuntur.

469 4375 668 4442 Aprilis
697 4377 790 4430 22.
847 4378 939 4439 Die
967 4380 1121 4434 Dom.
1173 4379 1470 4436 Turcarum
1525 4384 1626 4437 hoc
1660 4384 1748 4438 die
1797 4399 1961 4441 naves

2083 3275 2345 3343 quisitura
2391 3283 2446 3327 et
2481 3290 2508 3326 a
2543 3271 2594 3326 J.
2635 3271 2956 3327 Lauredano
2987 3270 3324 3342 postulatura
3357 3281 3416 3324 ut
3448 3271 3561 3324 urbi
3587 3271 3633 3325 in

2086 3364 2347 3418 extremis
2405 3365 2582 3434 agenti
2641 3365 2762 3419 sine
2811 3379 2958 3416 mora
3015 3372 3388 3417 succurreret.
3435 3362 3500 3415 Et
3533 3363 3634 3416 bzee

2083 3456 2298 3525 quidem
2339 3455 2440 3510 sub
2467 3454 2670 3509 vexillo
2700 3453 2929 3509 Turcieo
2960 3463 3012 3509 et
3055 3455 3310 3509 simulato
3343 3454 3629 3510 Turcarum

2091 3549 2417 3602 vestimento
2460 3545 2879 3617 Archipclagum
2918 3547 3184 3621 pervadit,
3219 3547 3314 3600 sed
3349 3562 3405 3602 re
3443 3544 3627 3600 infecta

2081 3641 2270 3708 Cpolin
2311 3643 2619 3695 revertitur.

2151 3733 2276 3787 Maii
2305 3733 2356 3787 5.
2391 3733 2576 3786 Turcm
2605 3732 2783 3800 plures
2815 3733 3140 3784 lmmhnt‘tlas
3174 3731 3227 3784 in
3261 3743 3447 3788 monte
3493 3731 3629 3786 Pera:

2082 3826 2395 3879 imminente
2440 3826 2662 3889 sistunt,
2705 3834 2867 3893 atque
2917 3825 3038 3876 inde
3093 3823 3336 3876 hostium
3380 3838 3546 3877 nares
3582 3823 3626 3874 in

2079 3927 2233 3986 portu
2270 3931 2362 3985 per
2390 3924 2552 3969 totam
2581 3925 2783 3969 catena:
2823 3930 3029 3982 magna:
3071 3914 3466 3983 longitudinem
3516 3925 3618 3967 tor-

2082 4008 2274 4062 mentis
2301 4015 2504 4075 pctnnt.
2533 4004 2599 4059 Et
2627 4007 2820 4060 tertius
2844 4006 3059 4074 quidem
3092 4020 3279 4058 aeneus
3301 4006 3492 4071 globus
3515 4021 3650 4080 pre-.

2073 4101 2249 4169 jectus
2284 4099 2619 4153 Genuensem
2673 4112 2866 4152 navent
2898 4098 3169 4152 mercibus
3225 4113 3289 4151 ac
3339 4106 3628 4151 commeatu

2081 4193 2292 4261 plenam
2329 4191 2380 4243 in
2415 4189 2577 4243 maris
2611 4189 2714 4242 ima
2748 4190 3011 4244 detrudit.
3042 4189 3479 4244 Christianorum
3519 4190 3630 4242 inde

2079 4299 2242 4337 naves
2275 4282 2422 4335 Peras
2451 4284 2648 4334 moenia
2676 4296 2781 4335 non
2812 4281 2932 4334 sine
2958 4281 3154 4333 damno
3190 4290 3460 4347 repetunt.
3495 4280 3627 4333 Tur-

2081 4391 2157 4429 cae
2218 4385 2500 4443 postquam
2560 4373 2748 4427 eadem
2813 4382 3076 4427 tormenta
3127 4372 3407 4442 Kynegion
3454 4388 3627 4426 versus

395 4468 430 4520 5
457 4469 592 4522 mill.
628 4470 747 4524 Ital.
795 4471 990 4525 itinere
1025 4472 1270 4528 terrestri
1315 4487 1343 4528 a
1381 4474 1620 4543 Bosporo
1653 4477 1704 4528 in
1749 4487 1960 4544 portum
1999 4497 2049 4555 Ι)
2078 4469 2196 4520 sine
2224 4465 2414 4519 effectu
2447 4465 2796 4528 direxissent,
2848 4473 3118 4532 postremo
3150 4464 3212 4516 iis
3260 4479 3382 4533 quae
3435 4465 3627 4518 moenia

395 4563 738 4630 (lpolitanum
769 4573 1229 4634 transportantur.
1258 4565 1466 4620 Auctor
1495 4579 1808 4622 nosternon
1841 4569 1958 4623 sine

393 4655 556 4708 auitni
583 4655 903 4723 :egritudioe
930 4656 1114 4722 refert,
1142 4657 1208 4712 72
1234 4673 1398 4714 naves
1420 4669 1662 4713 armatas
1690 4660 1952 4730 cylindris

393 4747 679 4816 impositas
700 4763 794 4816 per
824 4758 1062 4802 montem
1098 4749 1184 4802 cui
1218 4746 1351 4802 Pera
1399 4749 1464 4802 ad
1521 4750 1960 4823 septentrionem

395 4834 612 4900 insidet,
648 4854 675 4888 a
709 4839 829 4893 lixis
860 4850 913 4893 et
963 4839 1236 4907 plebecula
1271 4839 1507 4894 Turcica
1552 4841 1800 4894 manibus
1840 4851 1964 4894 tra—

395 4932 510 4976 etas
535 4925 723 4979 fuisse.
751 4928 1016 4996 Cpolitani
1042 4929 1094 4984 in
1129 4932 1262 4984 urbe
1291 4931 1504 4996 inclusi,
1531 4946 1756 4998 quorum
1777 4933 1964 5001 paucis

395 5015 621 5067 navibus
665 5019 916 5084 utrinque
948 5024 1246 5088 perieulum
1293 5022 1361 5076 ab
1397 5023 1633 5076 hostium
1661 5027 1833 5077 classe
1861 5024 1962 5076 im-

394 5105 582 5167 minet,
644 5105 916 5159 triremem
953 5127 1114 5164 uuam
1175 5113 1416 5181 praesidii
1476 5113 1595 5168 loco
1643 5115 1710 5167 ad
1766 5113 1960 5167 fretum

391 5199 534 5266 quod
565 5197 716 5250 Pera
743 5196 948 5263 adjacet
988 5213 1210 5268 potumt,
1244 5207 1420 5258 navali
1455 5207 1708 5274 praefecto
1736 5206 1950 5274 signum

392 5293 664 5352 daturam,
684 5290 770 5340 ubi
797 5290 980 5342 hosms
1012 5291 1149 5344 forte
1181 5297 1580 5364 aggressionem
1607 5307 1958 5352 conarentur.

461 5384 660 5451 Aprilis
688 5382 778 5435 25.
812 5385 870 5435 in
899 5383 1013 5437 aede
1055 5384 1111 5436 S.
1150 5385 1330 5441 Mariae
1363 5388 1745 5462 (llodegetriae,
1782 5399 1838 5443 ttt
1875 5392 1954 5443 vi-

393 5475 576 5551 tlelur)
613 5476 709 5528 viri
755 5477 820 5531 ad
855 5477 956 5530 hoc
1009 5479 1290 5532 convocati
1338 5482 1641 5538 deliberant
1683 5485 1956 5553 quomodo

389 5565 624 5620 hostium
659 5584 870 5625 navese
912 5583 1068 5637 portu
1101 5573 1383 5643 ejiciendre
1423 5575 1618 5629 forent.

457 5659 658 5728 Aprilis
704 5661 794 5716 Ἡ.
850 5661 1084 5717 Dotunus
1136 5665 1251 5720 Jac.
1301 5667 1498 5728 Cocus,
1535 5667 1771 5730 triremis
1815 5665 1957 5718 illius

387 5747 795 5816 Ttapczuutiuae
813 5763 1094 5824 patronus,
1112 5755 1247 5811 duas
1275 5768 1440 5809 naves
1469 5753 1766 5816 onerarias.
1789 5755 1955 5808 (ἰοιιιῖ-

2077 4558 2332 4612 interiora
2363 4555 2643 4623 tegebant,
2680 4557 2952 4610 addidere.

2149 4647 2271 4700 Maii
2304 4647 2356 4700 6.
2390 4646 2499 4701 Hac
2522 4662 2738 4716 quoque
2767 4646 3047 4700 Dominica
3091 4647 3180 4700 die
3210 4656 3482 4702 tormenta
3519 4661 3629 4714 per-

2074 4749 2236 4808 petuo
2268 4738 2580 4794 fulminant.

2141 4829 2268 4883 Maii
2303 4830 2355 4883 7.
2384 4829 2670 4899 Aggressio
2698 4838 2960 4882 nocturna
2985 4844 3014 4882 a
3048 4827 3224 4884 ’50000
3262 4827 3461 4882 Turcis
3490 4827 3624 4881 facta

2071 4921 2287 4976 fortiter
2348 4922 2664 4989 repellitur;
2697 4921 2750 4974 in
2801 4935 2906 4989 qua
2956 4921 3220 4974 clamores
3261 4922 3513 4988 stupendi
3564 4921 3624 4975 ad

2063 5016 2420 5070 Anatolicum
2461 5028 2630 5082 usque
2693 5029 2842 5067 mare
2893 5017 3248 5079 pervadentes
3303 5014 3546 5069 fecerunt
3577 5023 3627 5066 ut

2068 5110 2219 5162 urbis
2251 5107 2566 5161 defensores
2591 5114 2731 5158 terra
2759 5106 3000 5173 marique
3032 5105 3099 5160 ad
3122 5120 3356 5174 pugnam
3382 5121 3442 5158 se
3458 5108 3628 5160 accin—

2065 5209 2277 5269 gerent.
2297 5199 2381 5252 Nil
2407 5208 2583 5250 tamen
2615 5212 2644 5250 a
2668 5195 2864 5249 Turcis
2885 5197 3022 5249 ultra
3058 5205 3345 5258 tentatum,
3371 5199 3475 5250 nisi
3493 5198 3625 5267 quod

2064 5291 2421 5345 abiturientes
2445 5291 2620 5356 ignem
2661 5296 2830 5354 porta:
2864 5285 3121 5340 Palatinae
3170 5289 3442 5353 subdunt;
3475 5304 3625 5356 quam

2061 5386 2255 5439 deinde
2285 5381 2455 5436 Graeci
2493 5395 2646 5433 muro
2674 5383 2987 5434 obstruunt.
3047 5364 3221 5434 NavEs
3266 5381 3436 5448 priori
3491 5382 3624 5435 circa

2061 5486 2305 5529 catenam
2341 5473 2578 5527 statione
2604 5472 2788 5540 potita:
2816 5480 2964 5524 sunt.

2134 5567 2257 5619 Maii
2290 5566 2345 5620 8.
2377 5565 2661 5621 Decretum
2699 5579 2726 5616 a
2785 5564 3208 5618 Duodecimviris
3245 5572 3329 5619 est
3384 5575 3443 5619 ut
3477 5566 3627 5618 trire-

2061 5671 2176 5714 mCS
2197 5659 2476 5713 Tanenses
2526 5667 2838 5711 exonerata
2867 5660 2918 5710 in
2950 5656 3434 5710 armamentarium
3463 5668 3628 5710 trans-

2061 5750 2428 5821 portarentur.
2482 5749 2718 5804 Navibus
2746 5750 2823 5804 sic
2849 5747 3213 5804 exonerandis
3234 5756 3447 5806 armata
3475 5762 3624 5804 manu
