3904 6222
215 372 358 436 1οἶ3

991 378 1476 439 EPHEMERID.
1527 381 1622 440 DE
1667 382 1939 443 CPULIS
1982 385 2614 452 EXPUGNATIONE.

3334 391 3470 453 1074

210 484 511 550 obsistunt,
560 502 626 541 ne
668 487 768 543 sub
800 490 1085 544 arbitrium
1128 490 1441 546 Griecornm
1497 492 1792 556 caderent,
1825 501 1870 556 Α
1901 506 2157 565 quantam
2192 501 2513 568 sagittarum
2555 504 2748 556 molem
2794 503 2844 566 in
2874 504 3060 558 urbem
3096 506 3466 574 proiecerunt,

211 578 470 635 triremes
499 580 742 635 dicentes
758 582 861 636 sibi
888 598 984 650 pro
1004 584 1254 637 domibus
1306 599 1472 649 esse;
1509 586 1665 646 mari,
1698 598 1793 637 ne~

209 686 322 741 que
358 686 490 725 vero
520 673 573 725 in
613 675 909 730 continenti
942 678 1046 730 sibi
1081 677 1367 753 vivendum
1403 685 1497 730 aut
1550 678 1794 729 morien-

213 764 345 817 dum
373 780 517 820 esse.
538 764 664 820 Hazc
704 771 971 822 sententia
1006 769 1167 835 vicit;
1194 780 1246 822 ct
1275 770 1375 839 ipsi
1406 778 1459 822 et
1485 771 1793 823 uavarchus

216 855 272 907 in
299 854 482 909 littore
518 856 766 911 Peratico
803 869 1108 916 remanent.
1141 859 1432 913 Tormenta
1465 862 1608 914 circa
1658 877 1789 931 por-

216 956 327 999 tam
363 950 421 1001 S.
446 948 675 1001 Romani
708 960 971 1019 perpetuo
998 952 1185 1021 globos
1214 953 1531 1021 projicinnt.

288 1028 427 1094 Maii
447 1042 500 1095 9.
538 1043 880 1114 Dom.,Gahr.
914 1046 1240 1103 Trevisanus
1259 1063 1322 1101 ex
1347 1050 1622 1101 voluntate
1648 1049 1793 1102 Duo-

217 1132 640 1187 decirnrirornm
668 1137 747 1189 sic
774 1136 1081 1204 jubentium
1132 1138 1235 1193 400
1272 1140 1478 1193 milites
1518 1156 1549 1193 ο
1581 1141 1792 1192 duabus

217 1223 533 1279 triremibus
582 1230 875 1283 arcessitos
928 1244 1085 1283 muro
1142 1233 1384 1284 terrestri
1433 1231 1793 1286 custodiendo

216 1314 504 1381 impendit.

292 1404 414 1459 Maii
450 1406 535 1461 10.
575 1406 634 1460 1η
675 1408 937 1482 concione
975 1410 1157 1465 habita
1189 1428 1215 1464 a
1245 1412 1535 1467 duodecim
1574 1414 1705 1468 viris
1737 1414 1789 1468 in

215 1497 336 1551 a'de
359 1498 415 1552 S.
437 1497 619 1553 Maria:
641 1498 795 1555 Dom.
818 1502 1015 1555 Diedus
1044 1504 1351 1559 navarchns
1377 1505 1564 1561 classis
1585 1521 1646 1560 ea
1676 1506 1791 1575 lege

214 1589 557 1657 designatur,
591 1602 646 1645 ut
681 1602 868 1660 portus
893 1597 1169 1665 totiusque
1192 1597 1265 1651 rei
1292 1599 1578 1651 maritima:
1602 1614 1790 1653 curam

214 1696 319 1735 ιιι-ο
354 1682 509 1735 lihito
539 1694 714 1750 gerat.

290 1778 413 1831 Maii
445 1781 529 1833 tl.
561 1781 706 1834 Idem
740 1792 1130 1837 tormentorum
1160 1786 1404 1841 funestus
1431 1787 1603 1842 labor.

297 1872 419 1923 Mati
455 1872 535 1927 l2.
570 1871 764 1927 Turcze
802 1874 981 1929 50000
1011 1893 1131 1930 cum
1166 1879 1342 1932 solitis
1372 1880 1702 1936 clamoribus
1738 1895 1792 1937 et

219 1963 447 2029 strepitu
501 1974 882 2033 tympanorum
948 1967 1318 2037 tibiarumque
1353 1969 1574 2023 dissono
1634 1973 1792 2026 clan-

217 2070 350 2120 gere
382 2070 597 2106 murum
629 2056 774 2109 circa
807 2057 1071 2125 palatium
1110 2060 1271 2111 situm
1309 2061 1666 2129 adoriuntur;
1697 2065 1788 2117 sed

220 2146 594 2198 misericordia
635 2145 764 2201 Jesu
797 2149 1001 2201 Cbri.~ti
1055 2151 1349 2219 perniciem
1391 2166 1691 2225 extremam
1724 2158 1792 2210 ab

221 2240 355 2293 urbe
400 2239 498 2291 hac
531 2244 650 2295 vice
682 2241 898 2307 avertit,
928 2243 1073 2310 quia,
1110 2253 1167 2296 ιιι
1202 2243 1472 2297 Barbarus
1518 2247 1791 2314 Opitmltlt‘,

222 2330 410 2397 Cpolis
476 2321 743 2385 excidium
796 2336 1090 2386 secundum
1128 2334 1184 2388 S.
1225 2336 1415 2400 imper.
1452 2336 1791 2391 Constantini

220 2422 559 2490 prophetiattt
595 2438 700 2475 non
729 2425 1002 2491 prtesenti,
1028 2426 1119 2477 sed
1155 2427 1399 2479 ulteriori
1448 2430 1585 2481 luna:
1642 2430 1790 2497 pbasi

222 2522 557 2563 reservatum
590 2522 755 2565 CSSCl.

296 2603 417 2655 Maii
454 2604 539 2656 15.
570 2605 723 2657 Dom.
750 2605 1084 2660 Trcrisantts
1122 2607 1315 2660 classis
1346 2608 1635 2673 pra’frctnzt
1668 2624 1791 2663 cum

221 2695 488 2750 militibus
539 2700 651 2773 suis
687 2699 752 2749 ad
794 2710 992 2752 terram
1045 2701 1243 2754 nttrnia
1286 2700 1609 2753 defensurus
1667 2700 1790 2753 Iazsa

220 2788 464 2857 appellit.
500 2788 575 2842 Eo
604 2778 722 2843 loco
752 2792 814 2841 ad
848 2801 1208 2859 expugnatam
1253 2807 1424 2860 usque
1460 2792 1647 2844 urbem
1686 2806 1791 2845 non

219 2884 763 2938 reccdit.Secutnlunt
784 2883 1105 2937 Pltrantzcm
1128 2883 1269 2936 inter
1289 2882 1559 2953 Kynegion
1578 2895 1630 2935 et
1651 2886 1794 2949 pala-

222 2980 353 3030 tium
367 2975 672 3031 Caesareum
694 2986 958 3044 pastorem
978 2990 1171 3038 se,non
1196 2989 1463 3028 tnercena:
1480 2981 1585 3026 iuni
1606 2976 1790 3044 gessit.

293 3068 709 3123 Tormentornm
766 3084 862 3137 per
885 3070 935 3123 id
995 3079 1210 3136 tempus
1270 3084 1376 3123 non
1459 3068 1795 3136 interruptus

220 3160 365 3230 ignis
398 3174 585 3214 contra
628 3176 834 3212 tnnrntn
862 3160 1275 3214 occidentalem.

294 3253 417 3307 Maii
445 3254 531 3307 14.
554 3252 767 3319 Turcze,
792 3263 849 3307 ut
871 3253 982 3321 jam
1007 3254 1260 3317 vidimus,
1281 3259 1545 3305 tormenta
1566 3267 1594 3305 a
1615 3264 1795 3306 monte

231 3347 419 3413 Ἀγίου
452 3344 729 3413 Θεοδώρου
753 3361 847 3414 per
875 3344 1065 3397 Psram
1097 3359 1312 3397 versum
1366 3346 1639 3413 Κυνηγίου
1669 3361 1792 3410 por-

220 3451 331 3494 tam
364 3456 393 3492 e
417 3443 634 3509 regione
670 3448 860 3507 portus
891 3441 1113 3492 trahunt
1156 3448 1209 3491 et
1269 3440 1611 3515 postmodum
1656 3453 1797 3506 pone

219 3544 435 3604 portam
470 3533 528 3586 S.
564 3531 793 3586 Romani
848 3539 1070 3599 ponunt,
1109 3531 1196 3585 ubi
1226 3544 1414 3582 tmn~ns
1457 3530 1691 3599 pessime
1719 3531 1794 3583 la-

220 3617 738 3693 borabat.'qnamvis
770 3624 975 3679 obsessi
1026 3622 1235 3677 damnis
1272 3623 1436 3675 illatis
1468 3636 1563 3690 pro
1592 3623 1794 3678 viribus

220 3720 437 3773 mederi
462 3721 762 3772 studerent.
811 3715 1065 3771 Trecenti
1101 3715 1200 3768 viri
1258 3716 1545 3766 maximam
1578 3724 1790 3780 partem

219 3811 611 3880 pyrotechnita:
641 3819 695 3863 et
722 3809 985 3879 sagittarii
1040 3809 1198 3861 istam
1236 3817 1444 3876 portam
1498 3817 1790 3873 occupant,

220 3921 411 3961 Omnes
433 3904 724 3973 peregrini,
756 3904 997 3970 exceptis
1027 3901 1253 3965 Graecis,
1281 3916 1514 3970 quorum
1565 3902 1791 3968 pusilla-

218 4002 520 4054 nitnitatctu
551 4008 739 4050 anctor
764 4008 943 4050 uoster
966 4011 1154 4049 severe
1186 3996 1438 4064 castigat.

295 4092 414 4145 Maii
448 4091 528 4145 l5.
557 4090 975 4145 Tormentorum
1005 4085 1296 4152 irrequieta
1323 4085 1565 4153 explosro
1585 4092 1639 4138 et
1664 4100 1792 4155 par-

220 4186 357 4238 tium
393 4187 516 4238 inde
549 4184 794 4235 laesarum
828 4178 1014 4232 sedula
1066 4178 1336 4246 reparatio
1366 4192 1379 4243 ;
1422 4188 1673 4231 caeterum
1712 4178 1793 4231 iu-

217 4281 415 4333 ducite.

292 4371 416 4425 Maii
450 4371 530 4423 l6.
569 4366 867 4421 Turcarum
912 4364 1119 4431 aliquot
1157 4379 1321 4416 naves
1356 4363 1615 4416 actuaria:
1648 4370 1792 4416 cate-

215 4480 301 4519 na:
334 4466 481 4519 circa
516 4468 728 4531 portum
764 4457 1205 4527 apprOpinquant
1238 4464 1289 4508 et
1318 4454 1665 4508 obsessorum
1695 4469 1792 4507 na-

1898 596 1954 638 ut
1976 586 2063 652 qtti
2099 587 2240 639 intus
2258 601 2439 642 essent
2465 602 2713 647 extremo
2738 596 2931 649 timore
2955 595 3319 651 afﬁcerentur.

1974 678 2096 731 Maii
2126 679 2213 733 19.
2252 678 2365 733 lloc
2414 681 2628 735 demum
2682 694 2925 755 tempore
2973 704 3106 757 pons
3162 686 3467 753 conjunctis

1897 770 2125 824 navibus
2167 771 2444 826 cnnfectus
2476 788 2503 824 a
2534 772 2723 828 Galata
2780 777 2843 828 ad
2893 779 3169 847 Kynegion
3198 781 3467 833 exsistere

1895 860 2083 928 empit,
2129 870 2187 914 ut
2238 861 2510 917 Barbarus
2558 864 2731 931 dicit;
2787 869 3078 921 secundum
3138 870 3463 923 Pbrantzem

1897 966 2026 1005 vero
2058 963 2175 1020 post
2215 969 2379 1008 naves
2424 964 2823 1025 transportatas
2882 961 3056 1014 locum
3094 961 3369 1021 habuerit.
3407 969 3467 1013 nt

1894 1050 2175 1097 taceamus
2206 1045 2619 1114 chronologiatn‘
2661 1050 3030 1104 cnnfnsiorem
3057 1051 3348 1114 Lconardi,
3371 1052 3462 1119 qui

1894 1150 2016 1188 eum
2061 1146 2185 1190 ante
2212 1151 2442 1204 pugnam
2482 1140 2724 1193 navalem
2759 1141 2959 1195 factum
2993 1158 3116 1197 esse
3147 1159 3270 1197 cum
3301 1147 3463 1196 totius

1895 1226 2099 1280 mensis
2152 1226 2457 1280 dillerentia
2498 1238 2703 1282 censrt.
2758 1229 2918 1284 Certe
2961 1232 3133 1285 Ducas
3178 1234 3276 1286 Irae
3329 1236 3378 1285 in
3410 1249 3466 1285 re

1894 1331 2016 1370 enm
2058 1316 2297 1371 Barbare
2326 1329 2513 1372 nostro
2541 1320 2760 1389 propius
2793 1325 3091 1376 consentit.
3140 1324 3331 1377 ancm
3355 1324 3471 1393 glo-

1895 1412 1992 1463 bos
2022 1424 2189 1463 :ereos
2226 1410 2278 1462 in
2308 1411 2493 1465 hostes
2526 1421 2785 1478 torquere
2818 1423 2869 1466 et
2925 1430 3103 1468 aerem
3135 1417 3467 1473 clamoribus

1895 1498 2103 1567 replere
2132 1515 2236 1553 non
2278 1500 2548 1557 desistunt
2579 1520 2593 1569 ;
2626 1506 2832 1561 obsessi
2872 1508 3067 1559 damna
3119 1508 3268 1561 illata
3305 1524 3463 1578 repa-

1895 1602 2037 1644 rant.
3242 1589 3277 1629 λ’

1964 1684 2087 1738 Maii
2122 1686 2214 1741 20.
2257 1686 2524 1741 Barbarus
2560 1688 2894 1743 inclusorum
2932 1702 3158 1745 conatus
3192 1701 3252 1745 nt
3281 1706 3467 1745 muros

1896 1777 2108 1832 hiantes
2134 1779 2419 1834 reficerent
2453 1780 2638 1845 refert,
2672 1783 2757 1834 cui
2790 1785 2939 1850 operi
2980 1785 3255 1849 mulieres,
3288 1786 3463 1851 pueri,

1830 1882 1867 1933 Β
1896 1886 2074 1929 senes.
2106 1872 2461 1926 ecclesiastici
2496 1875 2638 1927 vires
2665 1876 3218 1941 suasimpendebant.
3244 1876 3469 1930 Mentio-

1900 1980 2018 2015 ncm
2048 1976 2303 2031 praetcrea
2336 1966 2732 2035 ingentislllius
2755 1967 3015 2021 machina:
3035 1966 3162 2021 facit
3189 1966 3464 2021 l‘200lihr.

1896 2057 2100 2123 lapides
2129 2059 2449 2122 etnittcntis,
2477 2071 2529 2113 ct
2572 2076 2676 2130 qua
2734 2060 3062 2113 iullannnata
3112 2077 3215 2113 non
3266 2061 3462 2114 rncenia

1898 2153 2128 2212 tanfnm,
2162 2148 2252 2200 sed
2291 2149 2443 2203 urbis
2478 2153 2846 2217 pavimentum
2886 2166 2946 2204 ac
2977 2166 3143 2203 naves
3200 2151 3251 2203 in
3308 2162 3465 2219 portu

1896 2239 2378 2293 vehementissime
2400 2243 2869 2296 concutiebantur.

1966 2330 2089 2383 Maii
2117 2330 2203 2382 2|.
2244 2330 2377 2384 Tota
2407 2332 2597 2386 classis
2636 2334 2870 2387 hostium
2907 2332 2998 2386 diu
3054 2345 3179 2385 ante
3213 2332 3342 2387 solis
3379 2348 3469 2387 or-

1898 2430 2009 2473 tum
2054 2423 2458 2489 aggressionem
2497 2425 2767 2489 minatur;
2804 2435 3088 2494 postquam
3135 2433 3316 2477 autem
3365 2426 3468 2477 ob~

1897 2526 2174 2567 sessorium
2218 2516 2431 2581 uavig’ia
2468 2516 2531 2567 ad
2566 2517 2915 2585 pugnandum
2952 2526 3134 2585 parata
3175 2518 3319 2569 circa
3355 2531 3469 2569 rna-

1897 2620 2056 2673 gnam
2084 2614 2329 2660 catenam
2356 2607 2638 2673 vidissent,
2669 2609 2801 2661 nihil
2836 2619 3135 2671 tentarunt,
3158 2607 3266 2661 imo
3289 2622 3473 2660 reces-

1898 2707 2107 2749 serunt.

1967 2787 2135 2840 Iidem
2169 2789 2479 2841 cuniculum
2522 2804 2550 2840 a
2578 2789 2772 2843 Turcis
2805 2791 3093 2845 snﬂ‘ossnm
3125 2792 3212 2844 ubi
3235 2792 3474 2845 detexis-

1898 2887 2018 2928 scnt
2049 2892 2215 2945 prope
2238 2893 2444 2946 portam
2476 2880 2821 2945 Caligariam,
2849 2886 3260 2940 obstruxerunt.
3292 2882 3467 2935 fosso-

1902 2983 2091 3037 resqne
2130 2968 2494 3024 trucidarunt.
2544 2972 2721 3025 Nihilo
2772 2975 2948 3027 secius
3008 2976 3173 3027 hocce
3213 2976 3297 3028 die
3350 2990 3469 3027 mn-

1899 3078 1995 3116 rns
2031 3074 2081 3116 et
2116 3066 2280 3118 turris
2316 3065 2411 3132 ipsi
2450 3066 2783 3135 prtqiiuqnns
2818 3066 3105 3119 admodum
3158 3066 3287 3120 laesa
3315 3077 3467 3131 sunt,

1900 3165 1953 3209 ct
1986 3172 2074 3225 qtn
2112 3157 2251 3210 intra
2288 3160 2476 3210 urbem
2530 3167 2707 3222 erant,
2770 3158 3036 3213 indefesso
3077 3158 3259 3212 labore
3302 3168 3467 3229 atque

1900 3249 2157 3301 :erumnis
2188 3252 2425 3300 membra
2457 3264 2597 3317 aegra
2648 3250 2938 3303 habebant.

1973 3341 2090 3393 Maii
2123 3342 2213 3393 22.
2239 3341 2535 3395 Cunicnlns
2567 3356 2731 3410 prope
2764 3355 2973 3411 portam
3009 3343 3335 3412 Caligariam
3374 3345 3465 3399 de—

1858 3448 1861 3451 ‘
1897 3449 2007 3485 uno
2035 3435 2348 3487 obstructus
2390 3450 2541 3503 spent
2580 3436 2848 3489 fossorum
2884 3435 3092 3490 fefellit.
3125 3436 3261 3492 Miro
3290 3448 3467 3492 autem

1898 3528 2107 3582 coalesti
2136 3528 2446 3596 spectaculo
2479 3540 2770 3594 conspecto
2794 3528 3088 3598 (Barbarus
3123 3546 3467 3587 communem

1897 3621 2036 3673 lnnze
2071 3621 2300 3686 ellipsim
2336 3622 2655 3688 nuncnpat),
2684 3621 2979 3687 Cpolitani,
3007 3626 3299 3692 prophetia:
3327 3628 3470 3681 Con-

1896 3711 2117 3764 stantini
2167 3711 2295 3780 imp.
2328 3728 2625 3779 memoxes,
2667 3714 2883 3781 signum
2917 3716 3087 3770 ruina:
3116 3718 3464 3783 innuinentis,

1896 3804 2086 3858 Turete
2122 3806 2359 3859 victorize
2401 3808 2595 3873 pignus
2634 3807 2906 3861 viderunt.

1969 3895 2088 3948 Maii
2117 3896 2205 3948 ‘25.
2239 3895 2454 3950 Tertius
2488 3914 2644 3965 porro
2674 3900 2961 3952 cuniculus
2984 3914 3156 3970 prope
3182 3900 3466 3971 Caligariae

1897 4000 2103 4055 portatu
2134 4000 2185 4043 et
2214 3990 2469 4057 palatium
2498 3992 2841 4060 imperatoris
2876 3994 3128 4047 inventus
3164 4011 3329 4048 causa
3362 3995 3465 4050 fuit

1894 4096 1993 4132 cur
2019 4083 2388 4135 machinarum
2425 4083 2741 4137 bellicarum
2770 4086 3007 4140 artifices
3045 4086 3253 4155 aliquot
3301 4104 3461 4141 manu

1900 4184 2263 4241 caperentur;
2297 4175 2387 4243 qtti
2419 4187 2705 4245 postquam
2735 4177 2871 4245 jnssi
2910 4178 3169 4232 dixissent
3206 4179 3292 4231 ubi
3328 4182 3462 4232 loco.

1896 4279 2013 4317 rum
2040 4266 2128 4319 alii
2154 4268 2388 4321 cuniculi
2416 4272 2603 4323 structi
2639 4280 2847 4333 essent,
2877 4271 3137 4325 abscissis
3194 4272 3466 4341 capitibus

1896 4374 1991 4427 per
2024 4376 2208 4414 muros
2244 4361 2295 4414 in
2320 4361 2624 4416 Turcarum
2663 4372 2841 4415 castra
2865 4363 3053 4430 deiecti
3079 4374 3223 4415 sunt.
3254 4394 3321 4403 —
3353 4366 3467 4420 Hoc

1894 4454 2082 4505 eodem
2132 4453 2217 4505 die
2260 4453 2416 4507 navis
2443 4456 2704 4518 actuaria,
2734 4464 2925 4522 quarto
2957 4455 3075 4521 ejus
3112 4458 3312 4509 mensis
3352 4457 3465 4523 die,

215 4576 310 4615 res
339 4559 655 4611 adoriuntur
684 4572 698 4618 ;
737 4552 916 4607 subito
956 4559 1135 4603 autem
1167 4558 1309 4602 metu
1349 4563 1415 4603 ne
1460 4549 1791 4615 repellantur
1824 4561 1866 4616 ι)
1896 4544 1962 4596 ad
1981 4546 2328 4611 qua-rendam
2352 4545 2680 4599 Venetorum
2710 4546 2940 4596 classem
2976 4546 3029 4597 in
3049 4544 3465 4617 Archipelagnm

214 4651 390 4714 inviti,
424 4658 569 4701 retro
608 4646 830 4697 abeunt.
871 4640 1115 4695 Cuniculi
1148 4656 1175 4692 a
1207 4639 1399 4694 Turcis
1439 4640 1619 4695 ellossi
1643 4643 1787 4695 circa

211 4752 422 4813 portam
443 4738 765 4807 Kaligatiam
781 4751 809 4789 a
826 4734 1018 4803 Magno
1037 4735 1173 4789 duce
1194 4734 1388 4788 detecti
1408 4733 1786 4802 frustratique.

286 4834 404 4891 Maii
460 4834 546 4887 l7.
592 4831 841 4899 Quinque
899 4827 1202 4882 Turcarum
1253 4842 1418 4882 naves
1470 4826 1788 4894 explorandi

208 4943 342 4991 ergo
395 4925 462 4977 ad
520 4933 762 4976 catenam
824 4935 999 4990 usque
1049 4928 1241 4988 portus
1306 4918 1629 4988 procedunt.
1694 4918 1789 4972 sed

208 5018 281 5071 70
311 5016 507 5071 ictibus
544 5015 716 5082 iisque
752 5014 919 5067 irritis
951 5013 1165 5080 excepti
1198 5026 1302 5083 qua
1356 5010 1590 5063 maxima
1629 5018 1787 5079 pote-

211 5119 337 5165 rant
392 5108 671 5163 celeritate
725 5106 1025 5175 aufuginnt.
1071 5105 1142 5158 At
1184 5114 1372 5158 dtnnes
1423 5113 1672 5157 metuunt
1722 5117 1790 5156 ne

210 5204 388 5257 hostis
411 5202 537 5255 totis
554 5201 759 5253 viribus
782 5200 967 5253 urbem
994 5200 1295 5259 adoriatur,
1314 5197 1399 5251 ctti
1429 5196 1608 5251 resisti
1629 5209 1789 5265 posse

210 5312 401 5351 omnes
431 5296 811 5364 desperahant.

280 5388 402 5442 Maii
436 5388 522 5442 18.
553 5388 742 5440 Turne
767 5403 860 5456 per
894 5386 1069 5440 noctis
1101 5385 1331 5455 spatium
1361 5383 1640 5438 machinas
1670 5383 1789 5441 illas

212 5482 456 5543 turritas,
487 5496 512 5531 a
542 5480 783 5531 Barbare
813 5493 1030 5547 quoque
1060 5488 1248 5531 nostro
1270 5492 1389 5529 cum
1429 5475 1787 5529 admiratiooe

210 5584 561 5635 memoratas,
586 5572 884 5625 conficiunt
911 5588 926 5637 ;
955 5588 1054 5625 nec
1080 5573 1215 5625 satis
1245 5570 1429 5623 mirari
1453 5573 1627 5638 potuit
1648 5568 1789 5621 Tur-

209 5682 303 5720 ras
331 5666 383 5719 id
416 5676 649 5734 qnatnnr
691 5666 840 5717 boris
870 5664 1175 5717 confecisse
1210 5664 1353 5731 quod
1388 5676 1578 5715 omnes
1627 5662 1787 5715 Cirri-

209 5757 372 5811 stiani
400 5754 585 5824 Cpolin
636 5755 1127 5810 habitantcstotins
1154 5754 1354 5807 mensis
1379 5753 1552 5821 spatio
1610 5752 1787 5805 [θαι-τε

209 5850 603 5921 nequivissent.
636 5852 707 5907 De
767 5865 974 5906 sntnma
1024 5851 1121 5903 hac
1178 5864 1299 5903 arce
1333 5843 1784 5905 Turcmimmane

1901 4638 2089 4700 missa,
2119 4634 2469 4690 Tui-cicurum
2504 4639 2721 4690 navium
2767 4637 2991 4689 insidias
3023 4637 3205 4705 elapsa
3252 4640 3303 4690 in
3344 4654 3468 4709 pora

1900 4740 2009 4782 tum
2047 4732 2356 4783 revertitur.
2391 4760 2459 4768 —
2492 4729 2633 4785 Urbs
2672 4733 2932 4784 continuo
2966 4740 3357 4785 tormentorum
3390 4732 3468 4786 la-

1898 4822 2026 4875 bore
2065 4821 2374 4875 infestatur.

1966 4914 2090 4968 Maii
2124 4915 2217 4970 24.
2254 4918 2487 4980 Quartus
2524 4932 2682 4987 quem
2720 4919 2897 4974 denuo
2958 4935 3124 4987 prope
3181 4919 3467 4987 (inligaria:

1895 5012 2213 5064 detexcrunt
2243 5021 2449 5080 portam
2506 5010 2793 5065 cuniculus
2846 5026 3061 5064 murum
3100 5011 3240 5065 haud
3274 5028 3463 5081 parum

1894 5101 2055 5154 lzesit.
2099 5100 2271 5155 Ferox
2301 5103 2421 5155 inde
2451 5118 2479 5154 a
2515 5099 2811 5154 Turcarum
2836 5107 3032 5155 castris
3053 5103 3260 5155 clamor
3292 5118 3353 5155 ac
3382 5109 3468 5169 ju-

1899 5193 2089 5245 hilatio
2124 5204 2339 5263 propter
2378 5209 2611 5264 pugnam
2647 5194 2963 5248 aleatoriam
3008 5195 3231 5265 jamjam
3264 5196 3464 5246 instan'

1894 5296 2023 5339 tcm.
2062 5285 2295 5339 Ultimus
2328 5287 2610 5340 cuniculus
2640 5303 2806 5357 prope
2834 5304 2996 5358 supra
3028 5289 3227 5343 dictam
3252 5296 3459 5353 portam

1894 5388 2140 5443 repertus
2171 5378 2221 5430 iu
2253 5378 2384 5431 urbe
2416 5378 2652 5433 inclusos
2682 5381 2915 5434 maxime
2930 5379 3221 5434 terrefccit.
3260 5405 3318 5417 -—
3353 5376 3463 5429 Ma-

1891 5471 2065 5525 chinze
2095 5472 2298 5524 bellica:
2344 5474 2518 5541 ignem
2553 5488 2614 5527 ac
2645 5473 2854 5543 lapides
2888 5475 2937 5524 in
2980 5473 3168 5524 urbem
3206 5472 3461 5525 emittere

1892 5579 1998 5617 non
2030 5572 2264 5618 cessant.

1968 5656 2090 5712 Maii
2117 5657 2209 5712 ΨΒ.
2238 5658 2391 5729 Ignes
2427 5659 2552 5714 festi
2610 5659 2717 5713 late
2751 5669 2996 5727 patentes
3025 5664 3073 5710 et
3113 5654 3367 5723 jnbilatio
3404 5658 3459 5712 in

1892 5750 2188 5805 Turcarum
2216 5753 2411 5807 castris
2431 5760 2647 5821 prOptcr
2670 5752 2854 5804 urbem
2874 5748 3122 5819 proximo
3140 5748 3227 5801 die
3254 5747 3303 5799 vi
3332 5750 3461 5802 adn-

1894 5840 2160 5899 ricndam.
2195 5843 2460 5913 Cpolitani
2496 5842 2775 5912 Dciparatn
2810 5839 3055 5911 precibus
3087 5853 3149 5894 ac
3178 5838 3460 5907 suppliciis
