3904 6222
522 346 662 410 1075

1144 343 1452 405 NICOLAI
1489 339 1833 404 BARBARI
1876 341 2217 404 PATRlCll
2260 343 2546 407 VENETI
2581 343 3161 408 EPHEMERIDES.

3619 344 3747 406 1076

518 459 719 512 adeunt
746 464 807 511 ut
840 470 869 508 a
902 457 1182 529 gentilium
1210 455 1396 510 furore
1419 456 1803 511 liberarentur.
1831 485 1901 496 —
1930 454 2085 511 0mi-
2113 478 2161 529 Α
2188 456 2264 512 illi
2293 457 2469 513 scalas
2517 459 2685 514 muris
2719 461 3009 514 admovere
3054 466 3337 526 conantes,
3374 459 3578 531 ingenti
3628 475 3744 515 cum

522 565 650 602 nosa
681 547 964 613 trepidatio
994 549 1048 602 in
1080 548 1309 602 navibus
1338 547 1602 602 Tureieis.
1738 615 1747 622 .

584 641 655 696 27
677 641 824 696 Maii.
849 640 1064 694 Domin.
1086 639 1306 695 Postera
1335 655 1552 709 quoque
1582 651 1683 694 nos
1712 638 1861 696 l'estis
1883 637 2089 692 Turca-

512 742 637 782 rnm
683 729 983 784 illustratur
1034 731 1268 796 ignibus.
1301 729 1578 785 Clamores
1608 729 1800 783 sublati
1834 729 2089 783 obsesso-

516 839 634 877 rum
658 836 820 878 anrea
843 825 1182 893 obstrepunt,
1205 824 1269 876 ad
1293 824 1435 877 Asiae
1458 838 1629 891 usque
1649 822 1827 875 littora
1854 820 2083 888 profusi.

514 915 757 986 Ingentia
794 916 931 970 muri
962 915 1192 971 labentis
1225 918 1419 969 rudera
1469 929 1593 967 cum
1646 912 1861 982 fragore
1910 914 2088 983 proci-

512 1010 670 1066 dunt,
697 1006 788 1060 cui
830 1007 905 1060 rei
933 1006 1132 1060 mederi
1165 1005 1429 1074 Cpoiitaui
1478 1004 1531 1058 in
1562 1019 1760 1059 vanum
1792 1012 2079 1061 conantur.

586 1084 709 1151 Maii
737 1098 826 1152 28.
862 1098 1120 1154 Sullanus
1150 1099 1217 1149 ad
1251 1095 1489 1166 tympani
1531 1110 1726 1150 sonum
1776 1111 1871 1165 per
1905 1105 2085 1150 castra

504 1188 650 1244 edici
688 1190 841 1259 jubet
871 1200 929 1244 ut
957 1204 1057 1243 suo
1084 1190 1315 1257 quisque
1371 1190 1493 1240 loco
1539 1197 1804 1252 maneret,
1855 1198 2082 1242 mortem

516 1282 755 1335 minatus
804 1282 852 1350 ej
898 1281 987 1350 qui
1041 1281 1197 1333 aliter
1234 1278 1445 1343 fecerit,
1487 1281 1559 1335 ob
1615 1282 1803 1334 urbem
1858 1289 2079 1347 postero

511 1389 673 1427 mane
726 1373 979 1427 omnibus
1042 1372 1253 1427 viribus
1310 1374 1682 1441 premendam.
1730 1372 1851 1427 iam
1912 1372 2082 1440 igitur

510 1464 651 1519 2000
684 1463 847 1519 sealre
899 1462 1287 1539 admoventur.
1318 1462 1374 1519 In
1419 1465 1723 1521 Turcarum
1775 1464 1971 1519 castris
1992 1464 2082 1517 alii

510 1554 644 1607 alios
664 1543 863 1623 praedae
892 1555 1297 1623 exspectatione
1340 1553 1679 1609 inﬂammant
1710 1572 1723 1609 :
1757 1554 1956 1625 quippe
1979 1552 2072 1622 qui

510 1656 591 1700 tot
621 1646 931 1702 Christiana
958 1649 1225 1716 mancipia
1259 1647 1579 1717 prehensuri
1608 1647 1717 1701 sint
1759 1654 1817 1701 ut
1849 1659 1954 1699 uno
1988 1658 2083 1696 au-

508 1753 601 1795 reo
626 1741 732 1795 duo
753 1741 862 1795 sint
880 1740 1143 1796 habituri.
1167 1740 1478 1796 Graecorum
1502 1739 1699 1794 barbas
1726 1738 1937 1809 laqueis
1961 1748 2083 1795 tor-

2145 554 2151 559 ’
2192 550 2393 603 dantno
2431 550 2788 619 repelluntur,
2811 552 2905 607 sed
2937 552 3005 606 ab
3026 552 3441 623 insequentibus
3473 563 3619 606 tanta
3642 555 3747 608 vio—

2193 640 2355 693 lentia
2385 640 2449 693 ad
2496 657 2679 696 muros
2707 643 3020 711 adiguntur,
3054 652 3116 696 ut
3147 658 3255 698 uno
3281 642 3365 697 vel
3394 645 3570 698 altero
3600 645 3746 697 inodo

2193 732 2528 799 pereundum
2573 733 2704 802 ipsis
2749 744 2916 789 esset.
2952 735 3024 790 Ut
3054 734 3329 790 Barbarus
3359 746 3567 797 monet,
3592 736 3747 789 sulta-

2191 838 2293 876 nua
2322 821 2660 879 Christianos
2694 826 2826 879 istos
2857 835 3143 895 propterea
3183 825 3237 880 in
3263 826 3442 895 prima
3472 826 3591 882 acie
3629 843 3748 882 con-

2189 914 2442 971 stituerat
2496 927 2556 971 ut
2599 918 2916 973 certissimae
2938 918 3093 973 morti
3128 929 3560 987 exponerentur,
3608 919 3738 974 Tur-

2189 1021 2374 1061 carnm
2400 1017 2579 1062 autem
2607 1010 2729 1063 vitae
2754 1020 3024 1078 parceret,
3055 1019 3110 1063 et
3141 1019 3197 1063 ut
3217 1025 3315 1079 per
3341 1024 3529 1064 eortun
3572 1008 3656 1064 vel
3678 1010 3746 1063 ir-

2188 1096 2350 1150 ritam
2408 1098 2815 1165 aggressionem
2868 1099 3175 1155 defensores
3205 1100 3359 1154 urbis
3389 1098 3745 1170 fatigarenid

2189 1187 2330 1255 quod
2364 1202 2421 1242 re
2449 1188 2563 1255 ipsa
2599 1191 2785 1243 evenit
2809 1191 3060 1245 secundae
3087 1190 3224 1246 aciei
3255 1192 3610 1259 processione
3633 1191 3747 1247 licet

2189 1292 2217 1330 a
2259 1278 2558 1346 sagittariis
2584 1289 2639 1334 et
2673 1282 3068 1335 bambardariis
3099 1264 3259 1337 urbis
3286 1282 3459 1337 multo
3476 1297 3605 1336 eum
3627 1298 3750 1338 saa-

2186 1370 2351 1443 guine
2381 1371 2696 1440 repellatur.
2734 1371 2936 1428 Deinde
2972 1374 3131 1430 tertia
3184 1375 3385 1432 sultani
3417 1378 3565 1433 acies
3602 1379 3749 1433 novis

2186 1462 2391 1518 viribus
2418 1471 2475 1519 et
2503 1478 2623 1519 cum
2646 1467 2882 1521 clamore
2909 1466 3065 1537 longe
3098 1467 3311 1538 lateque
3336 1456 3551 1536 audito,
3575 1470 3745 1539 jattis-

2187 1556 2313 1610 sarii
2353 1565 2408 1609 et
2434 1558 2600 1611 robur
2629 1560 2902 1614 exercitus
2931 1559 3145 1615 leonum
3174 1559 3348 1616 instar
3371 1573 3750 1631 prorumpunt.

2186 1640 2301 1696 Non
2350 1645 2690 1701 obstantibus
2726 1649 3122 1706 'multitudinis
3172 1652 3415 1717 urbanae,
3460 1654 3751 1721 praesertim

2189 1736 2494 1806 mulierum,
2517 1738 2769 1808 precibus
2802 1754 2867 1799 ac
2897 1741 3399 1808 lamentationibus,
3431 1754 3487 1807 et
3514 1747 3751 1813 quamvis

507 1833 741 1902 quondis
800 1847 861 1887 se
917 1834 1258 1888 adhibiturus
1284 1847 1406 1888 esse
1437 1832 1785 1901 iocabantur,
1817 1832 1960 1887 unde
1992 1848 2082 1888 ea-
2114 1814 2156 1872 Β
2186 1839 2616 1896 prepugnatores
2639 1819 2690 1884 in
2717 1846 2900 1885 muros
2919 1833 3209 1887 fortissime
3227 1842 3525 1901 certarent,
3546 1836 3748 1889 oriente

508 1940 608 1980 nes
627 1939 755 1979 suos
772 1924 1079 1993 alligarent.
1096 1953 1167 2000 τ-
1194 1923 1456 1979 Machinte
1471 1937 1718 1989 extremo
1734 1924 1928 1978 ardore
1953 1924 2084 1993 lapi-

509 2015 606 2068 des
643 2024 924 2070 evomunt.
945 2014 1114 2068 Barba
1124 2030 1216 2070 rus
1237 2010 1554 2069 Graecorum
1573 2013 1855 2068 avaritiam
1876 2028 1939 2068 ac
1963 2030 2085 2083 per-

512 2108 825 2163 versitatem
854 2117 1079 2163 strenuo
1122 2109 1425 2177 vituperat.
1462 2106 1579 2160 Non
1616 2107 1765 2160 enim
1820 2106 1924 2177 nisi
1958 2108 2082 2162 data

507 2201 737 2268 pecunia
752 2202 1011 2256 auxilium
1036 2200 1398 2256 vendiderunt
1418 2214 1591 2268 eaque
1614 2214 1672 2252 re
1693 2199 1814 2253 urbi
1846 2199 2084 2253 immane

508 2301 773 2361 quantum
796 2292 978 2346 damni
1025 2292 1338 2346 intulerunt.
1376 2318 1447 2332 —
1475 2291 1711 2346 lubente
1767 2291 1893 2345 dein
1939 2306 2080 2361 pra:-

509 2383 676 2448 fccto,
724 2381 921 2438 Veneti
959 2383 1023 2436 ad
1054 2397 1268 2437 murum
1303 2381 1618 2437 interiorem
1669 2382 1976 2436 consistunt
2025 2392 2083 2436 ιιι

508 2475 614 2544 (sic
638 2475 783 2529 enim
810 2474 1095 2544 praefectus
1124 2489 1310 2529 eorum
1345 2473 1620 2540 monebat)
1653 2487 1749 2539 per
1774 2470 1941 2526 Deum
1977 2472 2082 2526 im-

513 2563 825 2630 mortalem,
852 2574 1012 2620 terra
1036 2563 1267 2619 salutem
1297 2573 1352 2617 et
1377 2562 1621 2617 omnium
1642 2561 2078 2616 Christianorum

511 2658 768 2710 honorem
797 2655 1052 2710 vivantet
1071 2657 1396 2708 moriantur.
1426 2685 1491 2695 —
1521 2652 1629 2708 Nec
1653 2654 1831 2708 minus
1856 2653 2080 2708 classia-

509 2748 578 2801 rii
608 2748 752 2802 circa
786 2762 1033 2817 ntagnam
1064 2757 1252 2815 portus
1278 2755 1527 2800 catenam
1562 2744 1627 2797 ad
1648 2758 1880 2812 pugnam
1911 2758 1969 2796 se
1987 2757 2079 2797 ae-

506 2837 1094 2909 cingunt.-—-laterim
1149 2838 1395 2892 sultanus
1438 2851 1561 2890 cum
1615 2835 1788 2890 40000
1821 2833 2081 2888 militibus

507 2936 579 2989 ad
617 2935 847 2988 classem
878 2933 1198 3002 provehitur
1238 2937 1293 2983 et
1329 2938 1614 3000 postquam
1654 2942 1775 2982 cunt
1808 2928 2080 2981 navarebo

507 3035 566 3081 rt
596 3025 805 3081 caeteris
835 3023 1196 3092 polemarehis
1228 3021 1443 3075 Baccho
1472 3020 1778 3088 largissime
1808 3020 1873 3072 ad
1901 3018 2079 3072 ebrie-

510 3126 673 3170 tatem
709 3131 879 3183 usque
903 3114 1240 3181 indulsisset,
1274 3114 1324 3165 in
1350 3121 1529 3165 castra
1555 3112 1949 3166 revertitur.-——
1980 3108 2079 3162 Per

508 3217 680 3262 totum
706 3207 863 3259 istum
892 3205 1031 3259 diem
1056 3219 1219 3275 grave
1250 3203 1541 3256 Turcicqu
1589 3210 1902 3270 tympanum
1931 3215 2080 3255 reso-

512 3311 611 3355 nat
637 3311 695 3354 et
725 3315 830 3355 nox
859 3298 1152 3368 insequens
1181 3296 1331 3355 festis
1359 3295 1572 3366 ignibus
1604 3295 1837 3350 maxime
1863 3294 2080 3364 conspi-

507 3409 608 3450 sua
637 3404 725 3449 est
748 3403 804 3449 et
828 3391 1154 3459 clamoribus
1182 3389 1276 3459 qui
1316 3389 1526 3442 auctori
1549 3397 1742 3443 nostro
1772 3402 1840 3443 ex
1868 3388 2078 3442 imuin-

510 3490 664 3543 fcrno
695 3486 882 3541 venire
912 3486 1186 3548 videntur,
1216 3492 1468 3547 resonat;
1503 3489 1556 3535 et
1587 3481 1714 3536 dum
1770 3481 1961 3535 Turcte
1987 3481 2079 3535 diu

506 3591 781 3648 noctuque
803 3578 1175 3633 hichamedem
1198 3576 1451 3646 precibus
1476 3592 1573 3645 pro
1595 3575 1884 3630 obtinenda
1914 3576 2082 3630 victo-

507 3674 585 3726 ria
608 3672 895 3741 praedaque
932 3667 1178 3738 fatigant,
1224 3667 1516 3724 Christiani
1550 3676 1678 3722 ante
1712 3665 1995 3735 Deiparam
2026 3672 2081 3719 et

504 3778 695 3817 (unnes
743 3771 960 3818 sanctos
996 3761 1265 3831 provoluti
1301 3776 1423 3815 cum
1477 3761 1679 3830 gemitu
1719 3774 1783 3813 ae
1821 3756 2078 3828 lacrymis

507 3855 889 3911 liberationem
921 3870 950 3909 e
978 3855 1230 3909 manibus
1265 3853 1548 3924 gentilium
1583 3854 1826 3921 impense
1872 3848 2079 3918 efﬂagi-

509 3959 645 4004 tant.
675 3948 805 4002 Atat
838 3946 981 4003 Deus
1009 3948 1271 4002 Dominus
1296 3958 1478 4002 noster
1522 3963 1617 4016 pro
1646 3944 1923 4001 voluntate
1980 3957 2077 3995 sua

505 4041 827 4097 inexorabili
861 4040 1101 4094 decrevit
1135 4050 1197 4093 ut
1228 4056 1293 4094 eo
1322 4040 1438 4109 ipso
1462 4040 1550 4093 die
1574 4050 1745 4108 caput
1762 4038 2074 4092 Graecorum

506 4138 563 4187 in
591 4146 779 4186 manus
814 4130 1135 4182 Muhamctis
1162 4133 1372 4183 veniret
1409 4124 1482 4199 (el
1526 4113 1703 4186 nostra
1738 4130 1933 4198 Signor
1975 4130 2076 4184 Dio

503 4233 570 4280 de
615 4228 667 4280 la
698 4242 855 4293 aspra
887 4224 1148 4278 sententia
1177 4235 1359 4278 contra
1389 4222 1592 4287 Griexi,
1626 4227 1716 4278 cite
1743 4225 1790 4277 et
1822 4224 1958 4277 volse
1986 4225 2079 4278 cite

500 4330 687 4389 questa
716 4320 843 4373 sittd
872 4317 1097 4372 andasse
1126 4319 1180 4372 in
1215 4332 1392 4388 questo
1426 4334 1590 4372 sorno
1626 4320 1679 4372 in
1713 4335 1836 4371 man
1864 4319 1927 4371 de
1953 4317 2078 4370 Μα-

500 4415 715 4483 veniet).

2186 1919 2298 1973 sole
2329 1918 2517 1975 Turere
2550 1922 2768 1990 pulvere
2801 1937 2832 1977 e
2882 1932 3152 1979 tormento
3185 1924 3275 1978 illo
3309 1926 3551 1980 maximo
3580 1925 3749 1981 emata

2187 2010 2383 2066 obtecti
2419 2014 2641 2066 trecenti
2670 2008 2843 2083 primo
2876 2031 3060 2073 muros
3098 2008 3423 2086 transgressi
3473 2029 3617 2073 sunt.
3647 2018 3745 2073 Sel

2184 2112 2471 2173 postquam
2513 2114 2567 2157 et
2598 2105 2653 2158 hi
2705 2105 2806 2174 ipsi
2859 2104 3143 2161 audaciam
3204 2117 3380 2162 morte
3419 2109 3745 2175 expiassent,

2186 2194 2437 2264 idemque
2483 2205 2814 2267 stratagema
2861 2210 3175 2251 renovatum
3208 2197 3432 2259 fuisset,
3478 2210 3745 2269 postremo

2185 2288 2250 2341 ad
2281 2286 2459 2343 50000
2487 2288 2689 2369 milites
2709 2304 2805 2358 per
2834 2289 3091 2359 disjectas
3124 2289 3270 2345 circa
3296 2288 3356 2345 S.
3380 2289 3612 2346 Romani
3633 2308 3747 2361 por.

2188 2389 2293 2433 tam
2327 2381 2466 2435 muri
2518 2386 2702 2449 partes
2726 2397 2847 2435 cum
2882 2383 3113 2453 impetu,
3139 2383 3316 2453 qualis
3348 2385 3588 2437 ferarum
3631 2398 3746 2436 esse

2184 2476 2343 2538 solet,
2375 2473 2429 2526 in
2474 2474 2664 2527 urbem
2692 2472 3025 2541 irruperunt.
3068 2472 3167 2526 Tot
3191 2489 3320 2527 vero
3350 2473 3406 2526 in
3463 2488 3525 2527 ea
3575 2483 3745 2542 strage

2183 2562 2373 2618 Turce
2421 2563 2770 2625 ceciderunt,
2801 2573 2877 2629 ut,
2919 2565 2964 2618 si
3017 2563 3256 2618 Barbare
3308 2564 3467 2630 fides,
3489 2564 3559 2618 40
3588 2580 3739 2618 naves

2182 2656 2444 2709 nuerarize
2470 2656 2819 2711 cadaveribus
2848 2656 3280 2724 transportandis
3296 2658 3384 2710 vix
3418 2657 3740 2711 suﬂecerinl.

2183 2742 2325 2799 Idem
2359 2744 2526 2799 refert
2583 2755 2843 2815 praterea
2881 2744 3245 2800 Justinianum
3299 2748 3635 2801 vulneratam
3668 2758 3740 2810 et.

2182 2835 2389 2890 Turcas
2427 2837 2537 2906 jam
2569 2837 2701 2891 urbe
2738 2837 2895 2907 potiri
2924 2838 3272 2901 clamantem,
3320 2839 3461 2905 fuga:
3500 2838 3740 2892 omnibus

2181 2942 2401 2982 causam
2447 2929 2740 2983 exstitisse.
2776 2928 2835 2984 in
2868 2932 3001 2984 urbe
3049 2930 3097 2982 vi
3152 2939 3309 2999 capta
3355 2928 3549 2985 Turca:
3605 2930 3741 2983 nulla

2180 3022 2358 3075 anatis
2388 3036 2661 3091 sexusque
2692 3023 2897 3077 ratione
2928 3023 3111 3078 habita
3147 3023 3465 3090 sanguinem
3497 3022 3739 3086 fundunt,

2105 3154 2149 3213 ο
2184 3116 2353 3171 donec
2386 3117 2642 3181 inermes,
2676 3117 2818 3172 inter
2843 3134 2981 3186 quos
3015 3125 3354 3171 mercatores
3388 3117 3620 3170 Venetos
3652 3114 3740 3186 qui

2183 3210 2236 3262 in
2276 3209 2432 3263 cellis
2463 3224 2522 3264 se
2563 3209 2906 3275 abdiderant,
2933 3209 3108 3279 pretio
3159 3209 3397 3264 vendere
3435 3211 3606 3264 Satius
3630 3222 3744 3263 esse

2179 3300 2492 3368 judicarint.
2540 3300 2726 3354 Sancti
2770 3300 2930 3354 Marci
2985 3308 3038 3355 et
3076 3300 3424 3370 imperatoris
3469 3300 3676 3353 vexillis
3714 3312 3745 3354 ο

2174 3376 2421 3446 ἰοηὶιηιε
2489 3392 2712 3462 direptis
2770 3392 3144 3459 imperatoris.
3180 3392 3528 3447 substituitur
3598 3389 3742 3444 canis

2184 3483 2399 3540 Turcici
2454 3494 2509 3539 ut
2549 3495 2887 3555 nuncupant.
2919 3485 3079 3540 Urbis
3112 3486 3297 3552 itaque
3347 3482 3744 3553 expugnatione

2183 3579 2399 3641 cognita
2438 3577 2749 3647 quicunque
2788 3578 2854 3632 70
2909 3594 3069 3632 naves
3108 3579 3162 3657 in
3210 3589 3372 3647 portu
3415 3576 3668 3630 tenebant
3692 3583 3744 3627 et

2184 3685 2377 3736 ntagna
2407 3670 2601 3725 classis
2635 3685 2730 3738 per
2764 3669 3173 3737 Hellespontum
3218 3667 3413 3731 adfuit,
3471 3682 3539 3720 ne
3569 3662 3741 3736 praeda

2184 3763 2386 3832 ingenti
2417 3762 2834 3825 frnSIrarentur,
2868 3776 2987 3829 qua:
3019 3776 3084 3815 eo
3135 3762 3255 3829 ipso
3290 3767 3573 3813 momento
3614 3768 3740 3812 tern-

2183 3858 2332 3926 p0ris
2367 3856 2593 3927 navigiis
2620 3855 2826 3922 imponi
2862 3864 3039 3923 (“cepta
3068 3865 3207 3907 erat.
3242 3852 3436 3907 Refert
3480 3851 3737 3905 Barbarus

2183 3952 2325 4017 quod
2372 3948 2562 4002 Turcae
2594 3948 2764 4003 omni
2812 3948 3018 4009 domui,
3050 3945 3406 4008 monasterio,
3441 3942 3739 3999 ecclesiam

2179 4059 2340 4113 quant
2380 4042 2602 4112 ingrcssi
2648 4050 2825 4107 erant,
2854 4039 3158 4094 vexilloluxn
3207 4036 3563 4106 praefixeruut
3614 4032 3738 4102 quod

2180 4151 2276 4192 eos
2306 4137 2392 4202 qui
2436 4133 2705 4204 praedandi
2766 4149 2929 4188 causa
2957 4132 3437 4200 subsequebantur
3490 4128 3561 4181 ab
3613 4125 3736 4179 ulte-

2182 4233 2291 4284 rius
2325 4228 2664 4297 procedendo
2706 4226 2990 4280 avocabat.
3039 4223 3167 4277 Plus
3208 4220 3426 4277 200030
3483 4215 3737 4289 ejusmodi

2179 4320 2473 4390 signaculis
2489 4335 2585 4389 per
2606 4330 2770 4372 letam
2797 4317 2979 4372 urbem
3004 4315 3158 4369 afﬁxa
3181 4313 3351 4367 fuisse
3381 4312 3652 4374 videntur,
3672 4312 3736 4363 si-

2144 4463 2149 4467 .
2178 4415 2396 4482 quidem
2419 4427 2607 4481 magna
2633 4426 2758 4479 pars
2786 4411 3038 4463 domuum
3068 4409 3252 4479 decem
3280 4403 3553 4471 ejusmodi
3580 4401 3734 4472 signis

573 4508 701 4564 Maii
725 4509 815 4564 29.
843 4508 1114 4563 Barbarus
1130 4504 1382 4575 antiquas
1405 4506 1472 4561 de
1498 4507 1712 4562 excidio
1733 4507 2071 4576 regniGrmci
2110 4518 2160 4573 ι)
2184 4504 2439 4558 decorata
2470 4511 2611 4555 erat.
2649 4501 3080 4555 Christianorum
3113 4498 3307 4552 deinde
3346 4505 3561 4564 strages
3602 4503 3731 4547 tanta

498 4602 813 4672 prophetiae
840 4607 1185 4658 retnemorat,
1205 4612 1432 4664 quarum
1454 4598 1764 4664 adimpletio
1783 4598 2080 4651 secundum.

502 4693 956 4761 plurimaindieia
988 4689 1112 4744 huic
1144 4689 1249 4759 ipsi
1286 4688 1390 4742 diet
1421 4700 1695 4743 reservata
1728 4687 1909 4743 fuerit.
1940 4688 2076 4742 Ter-

504 4790 574 4840 tia
603 4800 727 4843 ante
767 4788 898 4842 solis
934 4796 1119 4838 crtum
1154 4786 1282 4837 hora
1315 4782 1558 4837 sultanus
1583 4783 1756 4836 trinos
1773 4782 2069 4847 exercitus,

501 4895 736 4945 quorum
764 4878 1136 4946 unusquisque
1173 4874 1349 4931 50000
1391 4887 1628 4928 armatos
1682 4873 1932 4939 haberet,
1987 4890 2076 4926 ur—

505 4971 628 5023 bent
663 4984 849 5023 versus
882 4968 1367 5037 procederojubct.
1396 4966 1582 5020 Prima
1621 4966 1843 5035 quidem
1874 4966 2076 5020 cohors

502 5061 832 5115 Christianis
870 5063 1157 5115 constabat
1189 5076 1324 5130 quos
1360 5056 1553 5115 ται-επ
1584 5061 1648 5113 ad
1682 5076 1871 5129 pugneo
1895 5060 2073 5114 socie-

458 5173 469 5183 “
503 5159 668 5206 tatem
704 5157 1034 5216 coegerant;
1067 5151 1303 5204 secunda
1343 5151 1496 5206 turba
1527 5150 1730 5204 imbelli
1762 5151 1930 5220 (zenle
1974 5166 2077 5204 me-

500 5243 668 5309 nsula,
697 5239 789 5293 soé
820 5238 1015 5297 suauia
1050 5242 1127 5293 tat
1175 5242 1447 5313 seutaia);
1483 5244 1642 5298 tet-tia
1694 5254 1874 5297 autem
1905 5243 2078 5314 janis-

501 5335 662 5389 sariis
681 5348 736 5389 et
750 5335 1031 5390 exercitus
1049 5335 1243 5392 robore
1267 5340 1568 5407 composita
1594 5345 1712 5391 erat
1739 5356 1755 5405 ;
1788 5346 1910 5406 post
1937 5352 2077 5408 quos

504 5430 720 5484 tandem
744 5420 992 5485 sultanus
1020 5431 1197 5486 locum
1232 5445 1387 5484 suum
1425 5432 1746 5501 occupabat.
1783 5431 1861 5485 Ac
1916 5429 2075 5499 primi

574 5567 651 5639 (l)
686 5586 704 5620 ι
740 5568 814 5622 De
840 5567 1188 5637 l‘imperador
1212 5567 1317 5621 mai
1346 5582 1451 5621 non
1481 5584 1538 5623 se
1563 5571 1685 5637 pote
1706 5584 1865 5624 saver
1888 5569 2075 5622 novela

502 5639 561 5691 di
587 5638 702 5693 faui
736 5640 837 5703 soi,
870 5640 931 5694 n‘r
976 5643 1120 5701 vivo,
1158 5638 1215 5692 ni
1245 5648 1463 5703 murto;
1502 5654 1584 5691 ma
1611 5641 1792 5707 alguui
1827 5641 1951 5694 dixe
1976 5639 2077 5693 ehe

496 5710 551 5762 el
577 5709 635 5765 io
665 5711 804 5766 visto
845 5711 897 5764 in
926 5711 1008 5765 uel
1038 5723 1263 5764 nun‘tet'o
1287 5708 1339 5760 di
1374 5709 1523 5777 corpi
1558 5709 1715 5777 niorti
1745 5725 1758 5772 ;
1792 5710 1840 5762 el
1869 5711 1993 5776 qual
2022 5714 2075 5761 l‘o

498 5782 754 5850 dito,_che
781 5781 907 5837 clsc
938 5782 1123 5851 δυκερ
1176 5778 1225 5835 al
1259 5776 1400 5833 intra
1434 5776 1531 5833 chc
1558 5776 1677 5843 fcxe
1703 5778 1720 5833 i
1745 5779 1947 5835 Turchi
1978 5798 2005 5835 a
2029 5781 2073 5835 la
2113 5804 2116 5808 λ

2183 4593 2282 4648 fuit
2315 4603 2374 4649 ut
2404 4596 2499 4647 vite
2523 4593 2747 4663 publica:
2785 4594 2864 4644 vel
2894 4601 3014 4661 post
3045 4589 3271 4644 imbrem
3308 4586 3487 4657 aquis,
3512 4586 3595 4641 sic
3630 4599 3735 4638 san-

2179 4685 2341 4753 guine
2367 4685 2778 4748 iuundarentur,
2798 4693 2851 4737 et
2868 4686 3128 4736 cadavera
3148 4683 3198 4734 in
3216 4677 3605 4747 Propontidem
3624 4691 3733 4746 pra-

2173 4778 2315 4846 jeeta
2375 4791 2656 4846 pomorum
2684 4766 2853 4828 instar
2883 4775 2940 4828 in
2970 4790 3186 4841 aequore
3232 4781 3509 4826 natarent.
3549 4771 3731 4822 Auctor

2183 4882 2366 4926 ltOSltrt‘
2391 4872 2457 4926 de
2487 4874 2594 4925 vita
2627 4880 2677 4922 et
2715 4877 2886 4923 monte
2916 4865 3258 4935 imperatoris
3280 4864 3415 4917 nihil
3445 4865 3579 4918 certi
3597 4875 3731 4916 com-

2183 4975 2389 5034 pertuut
2428 4978 2545 5017 esse
2566 4961 2722 5026 dicit,
2759 4954 2867 5014 nisi
2904 4961 3071 5030 quod,
3102 4969 3160 5030 ut
3205 4958 3374 5025 aliqui
3424 4940 3726 5015 memorant,

2180 5075 2379 5127 corpus
2410 5059 2525 5126 ejus
2568 5058 2712 5110 inter
2768 5071 2862 5109 eos
2898 5057 3173 5108 inventum
3226 5063 3311 5104 est
3344 5052 3436 5117 qui
3466 5065 3497 5103 a
3557 5047 3729 5102 Turcis

2180 5161 2388 5223 portam
2420 5152 2478 5205 S.
2511 5150 2739 5205 Romani
2788 5149 3118 5203 intrantibus
3171 5149 3423 5215 oppressi
3476 5140 3625 5198 fuere
3648 5142 3726 5213 (l).

2180 5245 2237 5301 ld
2273 5261 2483 5316 quoque
2513 5245 2676 5299 refert
2700 5243 2971 5297 Barbarus
2999 5242 3142 5310 quod
3168 5239 3455 5295 Venetiani
3488 5236 3724 5308 supersti-

2182 5349 2262 5394 tes
2292 5340 2343 5395 id
2372 5348 2603 5408 egerunt
2630 5347 2689 5392 ut
2715 5353 2803 5391 res
2825 5352 2972 5401 suas,
2999 5335 3303 5403 praesertim
3333 5348 3522 5397 naves,
3550 5334 3604 5386 in
3632 5339 3726 5382 tuto

2180 5430 2527 5486 collocarent.
2555 5428 2699 5484 inter
2720 5442 2816 5483 eos
2844 5428 2935 5496 qui
2954 5426 3105 5481 salva
3135 5427 3244 5479 vita
3277 5434 3593 5491 evaserunt,
3614 5435 3725 5491 prb

2181 5578 2332 5637 porta
2358 5566 2425 5621 de
2469 5579 2569 5637 san
2617 5564 2880 5619 Romano.
2923 5580 2942 5615 ι
3000 5562 3056 5616 In
3110 5563 3357 5637 margine
3392 5578 3503 5637 res.

2181 5627 2376 5709 iegrtur
2409 5653 2424 5691 :
2460 5654 2480 5688 ι
2521 5636 2904 5709 L’nnperator,
2939 5649 3182 5709 pregava
3228 5627 3331 5687 cbo
3389 5634 3594 5709 li_suoi_
3636 5627 3723 5709 l‘af

2182 5703 2449 5772 mazasse,
2491 5715 2555 5785 et
2596 5707 2640 5759 si
2664 5718 2847 5785 messe
2879 5707 3013 5759 uella
3079 5703 3220 5759 furia
3254 5720 3356 5785 con
3391 5705 3438 5757 la
3470 5704 3644 5785 spatia,
3673 5704 3721 5752 et

2184 5793 2364 5850 casco,
2400 5790 2453 5834 et
2495 5777 2684 5842 rilevo,
2727 5775 2817 5847 poi
2849 5790 3100 5848 recasco;
3138 5787 3190 5829 et
3227 5775 3345 5831 cesi
3386 5775 3541 5831 mori.
3575 5791 3592 5829 ι
