4008 6474
380 368 447 440 is

3250 345 3279 359 ο

1679 384 2023 447 JOANNES
2064 383 2381 447 LAMHIS.
3250 350 3279 359 ⁷
3608 350 3652 443 ἰε

393 510 509 560 item
542 495 833 564 Sinaitam,
866 506 974 561 etc.
1003 494 1158 569 Quod
1190 460 1419 570 quidem.
1456 494 1810 554 Granimatici
1860 514 1961 552 nu-
1996 501 2034 556 Α
2067 495 2164 560 τοῦ
2197 484 2405 561 Fluxa,
2436 512 2494 550 κ.
2525 511 2576 549 τ.
2612 474 2664 552 λ.
2709 491 3105 565 Sapientissimi
3144 502 3194 549 et
3244 491 3662 564 eloquentissimi

326 648 345 655 ,
391 607 515 646 men
548 590 907 661 professionis
931 607 1186 651 essenon
1231 602 1320 649 est
1363 607 1464 649 cur
1511 590 1855 653 dubitemus,
1904 600 1963 645 et

391 683 555 751 quod,
578 682 739 739 etiam
771 693 1058 754 postquam
1093 683 1454 739 monasticam
1483 681 1651 738 vitam
1672 682 1962 753 amplexus

388 784 572 843 esset,
638 775 875 832 retinere
926 779 1133 848 potuit,
1168 777 1215 834 si
1249 768 1478 849 quidem
1535 792 1654 840 eam
1723 791 1961 845 unquam

391 869 677 941 amplexus
708 880 827 926 est:
883 886 1035 938 nam,
1074 880 1136 927 ut
1156 870 1293 938 dixi,
1318 870 1467 933 omni
1496 870 1742 933 historiis
1769 879 1962 925 aucto-

390 964 552 1018 ritate
581 963 875 1020 destitutus
909 964 989 1032 id,
1020 980 1125 1020 una
1154 980 1279 1020 cum
1305 961 1585 1047 Fabricio,
1610 966 1734 1035 quis
1767 964 1962 1047 crede-

392 1067 475 1110 ret
500 1055 525 1110 ?
547 1055 614 1111 Et
642 1055 861 1127 quidem
882 1057 1130 1113 monachi
1149 1056 1378 1130 passim,
1397 1046 1597 1126 aliique
1622 1057 1674 1111 in
1699 1046 1965 1120 eminenti

386 1149 654 1221 dignitate
680 1149 989 1220 constituti,
1025 1166 1191 1223 super
1209 1150 1542 1224 jbeologicis
1593 1136 1966 1222 gravissimis-

387 1259 496 1312 que
525 1243 907 1299 controversiis
939 1260 1064 1300 eum
1113 1243 1499 1310 censulebant,
1534 1252 1595 1299 ut
1620 1234 1695 1299 ex
1745 1240 1966 1312 Episto-

392 1335 476 1399 lis,
531 1350 628 1391 seu
685 1335 1200 1403 dissertationibus,
1246 1330 1400 1409 quas
1466 1337 1705 1403 edimus,
1746 1345 1963 1393 certum

328 1504 343 1515 θ
374 1428 841 1517 ‘exploratumque
865 1440 969 1486 est.
1001 1430 1134 1499 Quis
1161 1442 1347 1488 autem
1373 1430 1534 1487 facile
1562 1431 1844 1502 opinetur,
1863 1430 1966 1485 ho-

332 1610 340 1617 ο

398 1520 596 1575 minem
629 1521 797 1597 sacris
827 1530 881 1575 et
914 1520 1164 1583 castioris
1206 1521 1445 1593 alicujus
1483 1532 1649 1577 sectae
1694 1520 1965 1577 institutis

398 1612 621 1667 minime
666 1612 965 1677 addictum,
995 1614 1089 1675 sed
1124 1628 1156 1681 e
1210 1613 1395 1683 medio
1440 1613 1668 1686 populo,
1725 1630 1850 1670 cum
1884 1624 1967 1671 tot

334 1704 639 1782 fepiscopi
693 1703 1160 1777 ecclesiasticique
1213 1715 1582 1776 praeceptores
1631 1704 1797 1777 vulgo
1830 1720 1966 1776 sup-

336 1822 339 1825 -
379 1794 661 1866 'peterent,
690 1799 758 1858 ab
786 1796 868 1869 eis
911 1797 967 1867 in
1000 1798 1283 1869 religionis
1311 1798 1746 1871 dogmatumque
1796 1799 1965 1855 Chri-

399 1892 698 1949 stianorum
754 1864 973 1965 negotio
1049 1896 1366 1968 consultum
1387 1849 1417 1871 υ
1440 1899 1583 1963 adeo
1641 1886 1970 1968 frequenter
1997 1849 2046 1913 Β
2075 1887 2343 1947 Manassis
2373 1889 2698 1962 σύγχρονον,
2728 1888 3070 1967 aliorumque
3115 1885 3399 1942 similium.
3439 1883 3508 1939 Et
3543 1881 3666 1951 qui:

404 1983 614 2040 fuisse?
641 1983 762 2041 Non
811 2001 898 2043 me
937 1976 1154 2056 quidem
1201 1978 1358 2063 latet,
1390 2003 1539 2056 mere
1585 1987 1755 2044 etiam
1787 1988 1958 2045 laicos

396 2076 686 2148 aliquando
705 2077 762 2132 in
793 2076 1038 2146 Ecclesia
1065 2079 1345 2147 docuisse,
1371 2089 1427 2137 et
1449 2080 1712 2159 habuisse
1741 2083 1970 2138 concio—

392 2186 512 2236 nes,
537 2180 595 2225 ut
621 2187 686 2227 ex
714 2170 951 2227 Eusebio
977 2172 1047 2229 de
1072 2171 1307 2246 Origene
1329 2173 1510 2247 adhuc
1537 2175 1738 2248 juvene
1765 2176 1962 2251 liquet;

392 2271 449 2318 et
481 2261 712 2335 Prosper
750 2265 1054 2336 Aquitanus
1101 2265 1297 2335 multa,
1358 2283 1481 2339 qua:
1528 2256 1665 2340 ipsis
1707 2260 1973 2330 ecclesia-

390 2355 515 2410 stici
560 2355 770 2412 ordinis
816 2357 1089 2430 magistris
1146 2358 1315 2425 ardua
1361 2368 1415 2416 et
1477 2360 1756 2429 salebrosa
1790 2355 1972 2431 videri

388 2456 685 2518 poterant,
738 2450 793 2505 in
848 2464 907 2506 re
956 2451 1260 2524 theologica
1321 2453 1482 2510 docte
1514 2463 1572 2511 et
1629 2454 1971 2526 prmcla'riter

387 2540 774 2611 pertractavit;
806 2551 1050 2615 attamen
1085 2545 1268 2602 isthuc
1317 2544 1498 2618 ipsum
1533 2547 1589 2603 in
1631 2563 1690 2613 re
1726 2542 1837 2605 tam
1872 2548 1974 2619 ob-

302 2710 307 2715 ,
387 2649 555 2689 scura
590 2643 646 2690 et
674 2634 922 2705 ambigua
959 2637 1148 2694 nescio
1173 2637 1303 2710 quid
1339 2639 1674 2710 suspicionis
1709 2630 1972 2709 inducere

387 2725 835 2791 dissimulandum
865 2720 1289 2801 haudquaquam
1317 2729 1599 2797 existimo.
1642 2728 1971 2795 Conlirmari

395 2819 448 2872 id
483 2819 644 2875 etiam
679 2829 862 2894 posset
887 2820 1375 2891 animadvertendo
1406 2824 1461 2892 in
1493 2825 1685 2894 codice
1716 2826 1971 2893 Caesareo

398 2911 554 2981 κνρδν
598 2900 820 2986 Qlycam
847 2903 1144 2987 appellari;
1197 2932 1309 2988 quo
1366 2917 1635 2983 voeabqu
1685 2928 1972 2985 contracto

396 3006 644 3068 monachi
696 3008 997 3078 pra-Serum
1023 3048 1039 3074 ,
1080 2998 1432 3081 aequioribus
1481 3004 1720 3078 saeculis,
1774 3001 1973 3085 indigi-

394 3100 463 3158 tu:
485 3107 676 3155 antur:
722 3114 832 3156 non
879 3116 1037 3158 secus
1091 3102 1312 3173 quidem
1370 3108 1537 3173 atque
1593 3119 1694 3176 nos
1752 3105 1972 3172 domitos

2069 588 2343 652 Michaelis
2374 587 2576 659 Glycw,
2603 596 2735 659 etc.;
2761 598 2814 643 et
2844 603 2906 643 ex
2931 587 3390 658 inscriptionibus
3408 585 3661 641 codicum

2070 683 2360 748 Annalium
2398 681 2740 739 Vallicellani
2783 689 2840 746 et
2901 664 3465 741 Fontisehraldensis,
3523 692 3666 748 quas

2066 775 2235 847 paulo
2265 775 2523 844 superius
2554 773 2863 841 attulimus.
2895 773 2964 841 Et
3003 772 3225 844 quidem
3258 772 3314 828 in
3359 787 3555 844 magna
3588 771 3664 826 oh

2068 866 2377 927 doctrinam
2405 864 2815 934 existimatione
2851 864 3022 921 fuisse
3051 864 3296 920 indicant
3315 862 3479 920 etiam
3506 862 3663 932 luens

2065 959 2246 1024 lenter
2261 959 2383 1043 ejus
2400 958 2668 1031 epistolae.
2692 974 2814 1030 qua:
2839 957 3127 1014 monachis
3142 958 3347 1029 passim
3401 956 3662 1027 aliisque,

2048 1053 2161 1131 qui
2202 1069 2329 1110 eum
2361 1053 2432 1111 de
2460 1052 2858 1127 quaestionibus
2890 1050 3228 1109 dilileillimis
3270 1047 3660 1109 consulebant,

2065 1146 2381 1212 mittuntur,
2413 1153 2474 1202 ut
2510 1160 2614 1226 per
2640 1160 2705 1202 ea
2733 1153 2984 1226 tempora
3017 1154 3214 1199 omnes
3262 1138 3379 1195 lere
3431 1136 3499 1193 ad
3528 1150 3658 1200 eum

2063 1239 2326 1305 doctrina:
2353 1221 2543 1307 causa,
2560 1254 2659 1296 seu
2689 1221 2940 1304 accessu,
2960 1252 3058 1301 seu
3077 1232 3296 1300 litteris,
3322 1229 3664 1287 conﬂuxisse

2065 1333 2378 1399 videantur.

2138 1420 2258 1504 Qua
2292 1435 2454 1486 a:tate
2499 1424 2695 1499 Glycas
2769 1433 2961 1483 noster
3005 1421 3226 1485 vixerit,
3279 1426 3401 1491 post
3448 1431 3654 1485 novam

2067 1517 2429 1577 eruditissimi
2459 1516 2631 1581 Leon.
2669 1515 2849 1581 Allatii
2878 1512 3220 1593 opinionem,
3252 1525 3415 1581 quam
3447 1507 3570 1562 Casi
3598 1525 3654 1561 ν.

2056 1610 2327 1671 Ὸιιᾶὶιιιιε
2352 1626 2455 1668 suo
2485 1608 2701 1667 calculo
2731 1607 3079 1680 comprobat,
3119 1604 3173 1659 in
3210 1601 3507 1659 sententiis
3548 1610 3658 1655 est.

2066 1702 2326 1772 Plerique
2361 1709 2546 1767 tamen
2583 1715 2780 1766 omnes
2813 1698 2998 1760 seaculi
3045 1713 3125 1762 xu
3168 1694 3493 1767 scriptorem
3527 1709 3654 1747 eum

2071 1795 2414 1863 existimant,
2455 1793 2546 1851 ιο.
2573 1794 2825 1861 Zonaras,
2872 1791 3095 1863 Georgii
3146 1789 3404 1855 Cedreni,
3466 1787 3660 1843 Const.

2052 1980 2199 2042 'dem
2229 2000 2386 2041 suam
2416 1981 2740 2050 Historiam,
2781 1997 2946 2054 quam
2976 1981 3046 2036 ab
3068 1980 3201 2036 orbe
3236 1976 3461 2035 condito
3498 1991 3661 2030 exor-

2050 2076 2247 2146 'ditur,
2276 2093 2451 2151 usque
2474 2078 2543 2134 ad
2568 2077 2781 2133 obitum
2826 2074 3003 2130 Alexii
3033 2072 3326 2137 Conmeni,
3360 2080 3418 2126 et
3451 2085 3669 2132 annum

2074 2173 2278 2230 Christi
2307 2170 2468 2240 1118,
2495 2170 2740 2228 deducit.
2768 2168 2907 2225 Hinc
2949 2184 2980 2223 a
3024 2166 3090 2233 G,
3134 2165 3220 2230 .lo.
3248 2163 3463 2230 Vossio,
3497 2160 3591 2217 lib.
3622 2176 3660 2227 ῃ

2073 2260 2155 2316 De
2171 2261 2356 2316 histor.
2388 2257 2726 2331 erc.,cap.
2755 2259 2848 2324 ‘27,
2880 2256 2948 2313 ad
2972 2271 3177 2315 annum
3206 2254 3341 2311 “20
3390 2252 3658 2315 refertur;

2072 2353 2538 2427 quemadmodum
2591 2364 2648 2409 et
2685 2369 2716 2409 a
2750 2351 2952 2410 Guliel.
2995 2351 3197 2412 Cavco.
3231 2349 3286 2404 in
3321 2347 3459 2402 Hist.
3493 2345 3659 2400 liuor.

2073 2448 2259 2520 script.
2290 2445 2477 2502 eccles.
2510 2445 2616 2501 Ph.
2653 2444 2876 2500 Labbeo
2901 2442 3203 2500 verisimile
3232 2449 3339 2506 est,
3363 2455 3488 2494 eum
3513 2436 3662 2501 circa

2075 2524 2282 2608 annum
2313 2538 2454 2596 1150
2473 2537 2768 2596 ﬂoruisse:
2808 2538 2896 2594 cui
2926 2524 3151 2608 epoeha:
3171 2533 3262 2591 alii
3285 2548 3502 2605 quoque
3531 2532 3664 2586 3513-.

2072 2631 2354 2703 pulantur,
2394 2632 2443 2701 si
2469 2632 2728 2689 Allatium
2761 2641 2818 2688 et
2854 2630 3137 2688 Oudinum
3161 2629 3412 2686 laudatos
3438 2640 3667 2696 excepee

2074 2725 2177 2796 ris.
2207 2724 2300 2782 Ille
2336 2726 2485 2782 enim
2533 2726 2755 2798 Glyeam
2785 2725 2971 2783 saeculi
3014 2740 3089 2780 xv
3135 2720 3464 2793 scriptorem
3505 2734 3655 2782 esse,

2073 2818 2129 2877 et
2153 2834 2299 2887 anno
2327 2810 2468 2889 M30
2526 2832 2592 2875 ac
2616 2819 2880 2891 deinceps
2909 2817 3199 2883 claruisse,
3233 2813 3536 2887 pertendit,
3575 2827 3664 2867 ra-

2076 2912 2283 2984 tioque,
2314 2930 2423 2987 qua
2463 2914 2738 2981 innititur,
2771 2922 2880 2983 est,
2913 2913 3062 2986 quod
3102 2929 3168 2968 ex
3205 2912 3384 2984 Glycae
3412 2908 3677 2982 epistolis.

2060 3007 2261 3082 ‘plures
2288 3007 2356 3064 ad
2377 3007 2669 3079 Maximum
2701 2996 3064 3085 Smeni‘otem,
3088 3017 3142 3062 et
3172 3005 3372 3062 Isaiam
3398 3003 3663 3075 Cyprium~

2074 3091 2557 3174 monachum,qui
2610 3109 2744 3158 tunc
2793 3101 3057 3175 temporis
3104 3098 3386 3167 vivebant,
3443 3096 3665 3167 scripta:

393 3190 687 3246 monachos
719 3192 943 3249 honoris
970 3208 1133 3249 causa
1165 3210 1572 3266 nuncupamus,
1611 3195 1760 3267 quod
1804 3196 1969 3264 latius
1992 3201 2039 3266 ο
2071 3201 2220 3255 sunt.
2263 3191 2516 3259 Oudinus
2540 3193 2694 3250 addit
2746 3189 2934 3267 Glyca:
2982 3200 3268 3275 syntagma
3330 3192 3662 3257 historicum

393 3297 458 3337 ac
486 3283 772 3340 dilucidius
800 3285 853 3351 in
888 3285 1111 3351 scholiis
1139 3286 1209 3343 ad
1243 3284 1693 3358 dissertation‘em
1728 3289 1964 3361 primam

394 3374 729 3444 expedilnus,
758 3384 815 3432 et
852 3376 1204 3451 classicorum
1258 3379 1594 3451 scriptarum
1635 3382 1965 3452 testimoniis

395 3466 459 3529 in.
476 3466 711 3540 medium
739 3467 992 3525 adductis
1018 3470 1459 3541 comprobaums.
1490 3472 1632 3540 Quid
1671 3474 1817 3547 quod
1869 3490 1966 3532 co-

394 3562 498 3615 dex
553 3576 654 3615 ms.
685 3560 973 3618 Annalium
1000 3561 1178 3635 Glyca:
1212 3561 1605 3622 Vallicellanus
1646 3566 1964 3639 hujusmodi

397 3655 609 3709 titulum
666 3654 924 3726 ιιι-πίετιῖ
974 3655 1085 3710 Τοῦ
1128 3657 1470 3727 λογιωτάτου
1523 3660 1620 3713 καὶ
1676 3677 1968 3734 μακαριω-

393 3749 559 3800 τάτου
618 3747 785 3820 κυροῦ
820 3748 1038 3821 Μιχαὴλ
1067 3749 1164 3804 τοῦ
1189 3749 1376 3806 Fluxa
1405 3752 1698 3831 Χρονικδν,
1729 3770 1784 3808 κ.
1817 3771 1869 3807 τ.
1910 3754 1962 3811 λ.

393 3840 825 3908 Eloquentissimi
855 3851 903 3911 et
935 3843 1226 3914 beatissimi
1251 3845 1436 3905 damni
1461 3844 1736 3902 Michaelis
1786 3846 1965 3918 Clyt-az

400 3932 709 4001 Chronipan,
738 3947 879 4000 etc.,
913 3926 1006 4006 qui
1042 3936 1182 3993 forte
1214 3952 1324 4007 non
1353 3946 1461 3992 tam
1513 3954 1728 3995 morum
1775 3938 1967 4012 prohi-

401 4035 567 4092 lalf‘tll
597 4034 650 4080 et
683 4017 1123 4096 sanet-itudinem,
1154 4046 1327 4107 quam
1350 4031 1710 4099 monasticam
1754 4031 1966 4104 proles-

398 4119 605 4185 siouem
653 4120 936 4190 designare
985 4136 1145 4192 posse
1193 4114 1468 4193 videatur.
1503 4114 1689 4193 Codex
1742 4141 1964 4198 quoque

408 4212 704 4276 riionasterii
756 4212 1293 4277 Fontisebraldcnsis
1344 4216 1536 4291 paucis
1595 4216 1816 4284 mutatis
1881 4219 1965 4275 sic

404 4304 614 4373 incipit:
667 4303 773 4365 Τοῦ
825 4306 1141 4378 σοφωτάτου
1201 4306 1299 4362 adt
1339 4310 1790 4380 μακαριωτᾴτου,
1824 4318 1959 4380 et'c.,

400 4396 780 4466 Sapientissimi
806 4408 855 4463 et
891 4398 1205 4467 beatissimi,
1228 4410 1338 4456 etc.
1434 4404 1440 4411 “

2067 3286 2221 3355 olere
2255 3286 2526 3355 Grreciam
2547 3288 3013 3357 recentissimam,
3045 3287 3195 3361 quod
3224 3287 3317 3345 ille
3342 3287 3431 3343 vel
3481 3297 3669 3351 morte,

2069 3377 2153 3449 vel
2183 3378 2419 3450 negotiis
2453 3388 2758 3451 occupatus
2807 3379 2954 3436 ultra
2988 3396 3195 3436 annum
3229 3380 3369 3438 1118
3417 3395 3533 3436 non
3561 3395 3661 3435 ex-

2067 3472 2329 3530 tenderit.
2359 3472 2547 3545 Itaque
2570 3472 2728 3546 juxta
2757 3483 3097 3532 memoratos
3127 3475 3429 3547 scriptores
3460 3474 3672 3551 Glycas'

2068 3556 2370 3636 σύγχρονός
2410 3562 2608 3622 luisset
2657 3564 2882 3623 Macarii
2934 3565 3217 3638 Ancyrani
3268 3565 3669 3648 metrOprilitm,‘

2067 3655 2278 3712 Nicolai
2307 3654 2601 3727 Selengise,
2629 3655 2718 3712 .lo.
2746 3657 2930 3723 Ducas,
2968 3657 3312 3730 aliorumque
3342 3656 3508 3727 hujus
3530 3666 3671 3723 πίει-ρ,

2067 3750 2139 3805 tis
2168 3749 2432 3815 virorum,
2451 3750 2547 3831 qui
2577 3748 3056 3818 lucubrationibus
3078 3748 3244 3815 editis
3266 3764 3468 3806 nomen
3492 3763 3653 3813 suum

2066 3843 2373 3915 posteritati
2399 3842 2949 3916 commendaverunt.
2989 3840 3193 3911 Verum
3224 3841 3301 3915 id,
3334 3842 3479 3914 quod
3504 3840 3654 3919 litem

2065 3951 2287 3993 onmem
2313 3935 2544 4005 dirimit,
2580 3946 2711 4007 sunt
2758 3935 3018 4007 Epistolas
3047 3934 3227 4008 Glyca:
3256 3930 3347 4000 55,
3377 3933 3448 4012 56
3479 3944 3535 3991 et
3562 3928 3661 4016 41.,

2065 4045 2189 4103 qua:
2243 4029 2313 4097 ad
2372 4028 2761 4107 imperatorem
2808 4029 3238 4100 Constantinum
3323 4020 3654 4107 PalaeIOguni

2065 4122 2288 4203 scriptae
2311 4132 2469 4191 sunt;
2502 4131 2719 4192 constat
2744 4135 2929 4193 autem
2963 4140 3030 4179 ex
3067 4114 3383 4180 verioribus
3422 4124 3657 4179 chrono-

2062 4216 2204 4289 logis
2252 4215 2677 4283 Constantinum
2738 4205 3099 4296 Palagologum
3156 4234 3269 4273 non
3342 4227 3470 4273 ante
3551 4232 3654 4296 an:

2064 4322 2196 4364 num
2252 4298 2411 4382 1445,
2445 4306 2529 4364 vel
2578 4300 2737 4387 juxta
2771 4308 2912 4363 alios
2948 4306 3113 4380 1448,
3151 4306 3443 4379 imperium
3464 4320 3654 4384 susce;

2065 4401 2212 4477 pisse
2237 4391 2499 4469 Orientis,
2526 4400 2670 4472 quqd
2702 4416 2849 4456 anno
2881 4399 3043 4474 1453.
3090 4400 3143 4469 in
3184 4398 3655 4478 anstaptinopq;

465 4486 732 4560 Quidquid
767 4502 947 4547 autem
977 4491 1070 4557 sit,
1095 4490 1231 4548 illud
1255 4491 1553 4564 explorata:
1585 4492 1708 4549 fidei
1738 4504 1843 4558 est,
1877 4493 1964 4557 vi-
2066 4485 2238 4551 litana
2293 4494 2450 4560 clade
2498 4495 2831 4567 exstinctus,
2882 4492 3090 4558 amisit,
3127 4508 3254 4549 eum
3297 4491 3459 4555 annis
3483 4490 3537 4557 8,
3567 4486 3667 4565 vel,

394 4597 509 4636 rum
538 4583 679 4639 hunc
707 4583 1008 4642 litterarum
1028 4584 1228 4642 studiis
1258 4586 1495 4642 maxime
1521 4585 1791 4657 deditum,
1815 4587 1965 4657 φιλόο
1988 4566 2043 4630 Ῐ)
2063 4572 2218 4663 juxta
2276 4578 2417 4644 alios
2463 4587 2498 4651 5
2551 4586 2654 4644 etsi
2712 4601 2827 4642 non
2861 4585 3088 4657 integris
3140 4585 3486 4655 imperasset.
3530 4582 3651 4639 1am

394 4692 550 4727 πονου
597 4675 690 4728 καὶ
733 4676 1031 4748 erlopgtﬁij,
1081 4677 1252 4745 fuisse
1301 4678 1626 4752 cunctisque
1662 4680 1805 4739 adeo
1845 4680 1959 4749 fere

390 4768 687 4837 disciplinis
716 4768 1030 4837 eruditum:
1065 4770 1265 4839 passim
1303 4771 1448 4826 enim
1480 4770 1536 4826 in
1561 4770 1676 4826 suis
1700 4772 1961 4842 operibus

391 4860 696 4930 tlwolngum
717 4860 898 4927 simul,
916 4860 1197 4925 sacrarum
1220 4859 1551 4917 Litterarum
1571 4848 1959 4934 interpretem,

390 4951 656 5011 ιιιριιὶςιιιη
688 4940 1058 5024 naturalisque
1088 4954 1338 5010 scientias
1365 4955 1747 5027 indagatorem
1778 4957 1957 5013 soler-

389 5045 672 5112 tissimum,
712 5046 1218 5126 peritissimumque
1266 5063 1326 5103 se
1371 5049 1554 5120 prodit
1603 5049 1956 5121 historicum.

388 5136 498 5199 Nec
527 5137 845 5207 eloquentiae
871 5139 1093 5210 quidem
1125 5137 1289 5203 laude
1316 5150 1490 5207 caret,
1523 5150 1582 5197 et
1625 5140 1769 5211 facili
1818 5158 1955 5211 qua-

387 5228 510 5283 dam
537 5244 600 5293 ac
628 5230 783 5302 plana
811 5229 1029 5287 dicendi
1059 5231 1272 5288 ratione
1306 5233 1567 5299 lectorem
1600 5234 1844 5289 oblectat
1892 5250 1959 5292 ac

386 5320 611 5393 detinet,
676 5321 749 5392 ita
793 5330 853 5377 ut
890 5323 1205 5400 eloquentia
1243 5340 1369 5380 eum
1421 5325 1629 5397 ingenii
1692 5324 1958 5384 facilitate

386 5423 598 5469 certare
620 5414 893 5472 videatur.
922 5414 1109 5486 Itaque
1142 5416 1214 5474 ob
1245 5417 1367 5487 ejus
1388 5419 1660 5475 doctrinas
1688 5430 1956 5490 praestan-

388 5507 516 5560 tiam
554 5508 747 5563 merito
796 5508 1127 5577 λογιώτατος
1159 5511 1255 5565 καὶ
1284 5511 1603 5580 σοφώτατος
1651 5514 1957 5584 appellatus

384 5606 490 5662 est,
525 5606 583 5653 ut
623 5613 690 5653 ex
740 5601 856 5667 ejus
901 5599 1270 5671 Epistolarum
1321 5603 1561 5673 generali
1596 5604 1958 5675 inscriptione

384 5695 445 5749 in
507 5692 692 5751 codice
743 5692 992 5751 Caesareo
1066 5697 1207 5767 apud
1384 5700 1761 5765 Lambecium,
1830 5702 1954 5758 cod.

387 5785 626 5875 theolog.
700 5787 823 5852 159,
855 5787 1221 5860 intelligitur;
1283 5803 1364 5849 est
1439 5794 1587 5850 enim
1657 5810 1760 5859 ea,
1838 5811 1959 5864 qua:

386 5878 675 5947 sequitur:
710 5877 813 5934 Τοῦ
870 5882 1179 5953 coemeras
1215 5886 1309 5941 καὶ
1359 5887 1693 5958 λογιωτάτου
1732 5888 1788 5966 Μ
1815 5887 1955 5960 χᾳὴλ

2065 4690 2488 4749 memoratarum
2518 4678 2884 4751 Epistolarum
2917 4677 3306 4748 inscriptiones
3339 4676 3392 4731 in
3419 4675 3526 4732 alio
3557 4692 3657 4743 vos

2062 4764 2271 4828 lumine
2302 4787 2407 4828 una
2431 4788 2554 4828 cum
2589 4772 2821 4827 aliarum
2847 4771 3021 4827 titulis
3045 4768 3369 4835 all‘eremus,
3399 4779 3456 4824 et
3487 4785 3556 4824 ex
3588 4769 3667 4847 iis~

2060 4846 2263 4920 veritas
2287 4864 2375 4920 illa
2398 4880 2562 4937 quam
2577 4863 2871 4922 astruimus
2887 4862 3171 4920 evidenter
3195 4859 3453 4918 elucebit.
3471 4860 3653 4919 Caro].

2061 4957 2285 5028 quidem
2329 4956 2673 5028 Dulresnius,
2715 4957 2797 5011 vir
2830 4954 3209 5032 doctissimus,
3228 4953 3282 5009 i'n
3312 4953 3664 5038 praefatione,

2059 5066 2227 5128 quam
2258 5051 2519 5129 operibus
2554 5049 2640 5106 Jo.
2677 5049 2905 5116 Zonarze
2937 5050 3227 5119 praemisit,
3262 5064 3387 5104 cum
3428 5046 3482 5102 in
3530 5063 3657 5121 eant

2060 5146 2390 5212 sententiam
2426 5142 2794 5212 discessisset,
2845 5158 2968 5215 quae
3013 5140 3131 5199 vult
3179 5145 3342 5200 hasce
3380 5142 3661 5218 Epistolas

2059 5250 2184 5293 esse
2209 5235 2294 5291 Jo.
2332 5233 2565 5305 Zonarae
2621 5233 2819 5300 fetum,
2854 5222 2915 5291 ut
2937 5235 3159 5291 evincat
3190 5250 3305 5303 eas,
3340 5235 3427 5290 vel
3460 5250 3649 5290 earum

2040 5326 2254 5381 saltem
2285 5324 2517 5396 aliquas,
2549 5340 2674 5381 esse
2705 5327 2942 5399 scriptas
2970 5342 3034 5382 ea
3077 5336 3260 5395 aetate,
3295 5343 3401 5399 qua
3450 5328 3541 5381 ille
3574 5327 3653 5390 vis

2058 5417 2242 5480 vehat,
2264 5417 2479 5472 clarum
2505 5430 2967 5490 perspectumque
2987 5435 3111 5476 esse
3128 5420 3224 5487 ait,
3257 5418 3646 5475 nonnullarum

2058 5518 2364 5573 auctorem,
2427 5510 2472 5565 si
2517 5525 2624 5565 non
2670 5513 2941 5578 omnium,
2988 5513 3189 5569 vixisse
3245 5513 3348 5567 sub
3395 5511 3647 5567 Manuele

2058 5603 2380 5668 Conmeno;
2414 5618 2540 5658 nam
2570 5604 2862 5674 epistolam
2890 5605 2960 5660 58
2992 5607 3046 5660 in
3070 5606 3251 5661 indice
3276 5605 3644 5662 Lambeeiano

2056 5697 2327 5752 Manuclis
2342 5698 2608 5752 Conincni
2631 5699 2978 5770 imperatoris
2996 5716 3116 5756 esse
3134 5700 3455 5766 arbitratur,
3473 5717 3646 5773 quare

2059 5798 2115 5844 et
2147 5784 2496 5859 subsequens
2543 5790 3066 5860 Antapologeticum,
3102 5794 3249 5860 quod
3280 5792 3501 5861 quidem
3534 5802 3644 5850 sta-

2062 5883 2161 5965 tim
2190 5883 2444 5963 subditur
2472 5883 2527 5939 in
2560 5884 2750 5954 codice
2781 5883 3029 5949 (lgesareo
3075 5893 3130 5940 et
3178 5883 3234 5941 in
3265 5882 3438 5970 Regio
3494 5885 3644 5964 Pari:
