4008 6464
297 345 359 387 XI
1522 337 1623 399 DE
1661 336 2052 402 MlCHAELE
2089 340 2326 403 GLYCA
3086 379 3091 384 ν
3461 357 3543 401 xu

293 450 482 513 sieusi,
517 447 712 506 eodem
757 458 999 520 tempore
1032 450 1299 523 scriptum
1333 466 1455 508 esse
1500 451 1692 508 infert.
1737 456 1868 511 Eam
1892 463 1943 520 Α
1972 455 2312 526 aliorumque
2339 453 2562 524 vestigia
2596 469 2661 508 ar.
2706 467 2851 533 pene
2884 453 3052 521 verba
3080 470 3096 510 :
3159 456 3254 535 qui
3308 459 3537 535 quidem

290 550 505 597 aetatem
536 542 700 601 etiam
727 543 907 613 arguit
935 558 999 601 es
1032 542 1164 599 viris
1203 545 1483 615 primariis
1525 547 1664 605 aulae
1726 547 1868 603 Cun-

290 633 816 705 stantinopolitanze,
842 636 1038 704 quibus
1065 635 1545 708 aliquotiepistolaa
1566 638 1870 697 inscribun-

292 732 417 779 tur:
452 737 616 796 atque
661 727 719 781 in
756 727 823 784 iis
847 726 1056 787 Joanne
1085 729 1231 787 Dura
1268 745 1464 798 magno
1510 730 1867 795 hetaeriarcha

290 827 342 872 et
377 822 617 883 subasto,
653 820 810 888 cujus
834 837 947 891 prae
969 823 1185 879 caeteris
1215 823 1423 884 mentio
1454 825 1697 885 occurrit
1720 824 1868 903 apud

287 906 533 963 Nicetam
570 911 624 965 in
660 910 849 975 Alexio
878 911 1149 967 Manuelis
1178 911 1287 980 ῆι,
1311 921 1365 971 et
1409 910 1659 975 Manuale
1704 913 1868 973 Com-

290 1020 437 1059 neno
464 1004 925 1069 sebastocratore.
966 1005 1059 1075 qui
1086 1020 1197 1061 non
1226 1005 1364 1067 alius
1390 1014 1477 1063 est
1500 1004 1569 1067 ab
1595 1020 1684 1077 eo,
1707 1006 1897 1077 cujus,

288 1097 495 1167 pariter
519 1096 821 1159 Cinnamus
847 1097 1098 1159 meminit
1130 1096 1225 1159 lib.
1266 1115 1324 1161 ν,
1361 1096 1468 1160 Sed
1501 1107 1649 1161 recte
1677 1098 1868 1161 obser-

292 1198 381 1242 vat
411 1188 535 1249 Cas.
592 1186 843 1249 Outlinus
904 1188 1097 1245 falsum
1136 1204 1258 1249 esse
1313 1188 1683 1259 Dufresnium,
1731 1190 1864 1249 dum

290 1278 512 1331 censuit
548 1276 836 1347 epistolam
873 1277 941 1332 '58
999 1280 1066 1332 ad
1101 1277 1352 1350 Alypium
1378 1278 1710 1343 monachum
1743 1293 1867 1335 esse

229 1376 235 1385 ‘
289 1367 557 1429 Manuelis
579 1369 868 1434 Comneni,
898 1386 1023 1426 cum
1050 1387 1178 1426 vere
1208 1371 1387 1443 Glycae
1418 1372 1491 1425 sit
1534 1372 1862 1431 monachum

289 1459 440 1517 illum
477 1461 546 1521 ab
588 1461 899 1535 astrologia:
946 1460 1128 1521 studio
1173 1461 1562 1519 dehortantis:
1613 1463 1865 1517 concedit

287 1561 498 1609 tantum
532 1552 1024 1624 Antapologetieum
1075 1569 1201 1609 esse
1248 1552 1516 1613 Manuclis
1567 1553 1858 1619 Comneni,

284 1648 441 1714 cujus
473 1645 695 1714 quidem
727 1660 929 1703 nomen
960 1646 1199 1716 praefert,
1232 1655 1288 1699 et
1315 1661 1547 1701 numero
1573 1646 1643 1702 39
1693 1644 1863 1709 collo:

285 1745 462 1799 vatur,
532 1733 668 1790 Cum
713 1738 862 1793 enim
903 1735 1130 1813 Alypius
1182 1735 1235 1790 in
1269 1734 1577 1806 astrologiae
1620 1734 1859 1792 studium

1972 560 2165 602 omnes
2190 562 2328 615 opus
2358 561 2451 602 sex
2488 545 2719 607 dierum,
2749 546 2893 616 quod
2941 546 3130 603 Gmca
3181 565 3314 607 voce
3368 551 3544 609 llcxa-

1971 647 2194 689 emeron
2224 633 2406 688 dicere
2432 632 2974 715 solemus,singuiari
2995 636 3278 708 diligentia
3309 643 3543 699 concin-

1969 734 2188 780 uarunt.
2214 724 2319 781 Sed
2348 726 2476 799 quia
2513 736 2735 782 notatur
2762 742 2793 782 α
2854 727 2963 785 Th.
3009 726 3348 800 Dcmpstero,
3377 731 3475 789 lib.
3523 750 3538 788 ι

1972 815 2217 887 Paralip.
2246 821 2314 872 ad
2343 818 2617 885 Resinam,
2657 834 2781 890 cap.
2813 819 2866 886 l,
2894 822 3049 892 quasi
3078 820 3228 894 leges
3280 822 3543 889 historico

1970 907 2319 977 praescriptas
2350 924 2461 973 non
2491 909 2817 978 servaverit,
2852 910 2941 966 hic
2977 912 3298 985 tempestive
3333 913 3541 969 descri-

1968 999 2146 1055 benda
2178 1000 2436 1056 videntur
2472 1003 2640 1057 verba
2677 1000 2992 1069 Leunclavii
3034 1004 3300 1072 protentio
3328 1004 3388 1067 in
3415 1005 3543 1078 Gly-

1968 1107 2046 1148 σω
2075 1092 2307 1172 Annales
2327 1109 2347 1148 :
2377 1093 2531 1167 Quod
2565 1095 2615 1149 si
2644 1095 2760 1163 quis
2793 1094 3113 1160 arbitratur,
3165 1096 3359 1165 inquit,
3405 1099 3542 1153 hisce

1966 1182 2032 1233 de
2063 1180 2216 1244 rebus
2244 1181 2463 1237 minime
2498 1183 2862 1239 disserendum
2889 1183 2970 1239 vel
3011 1185 3069 1241 in
3093 1186 3334 1255 historia,
3369 1187 3450 1242 vel
3484 1190 3540 1244 in

1965 1276 2307 1329 adnotatione
2335 1284 2623 1342 temporum
2649 1315 2666 1340 ,
2694 1276 2741 1329 is
2770 1276 2926 1340 sciat,
2951 1277 3183 1346 primum
3220 1279 3330 1332 lucc
3360 1278 3544 1350 junio-

1966 1367 2108 1428 ribus
2137 1384 2249 1422 esse
2277 1368 2592 1437 perscripta,
2622 1383 2846 1438 quorum
2865 1370 3072 1429 animos
3089 1372 3244 1423 rectis
3269 1371 3540 1425 sententiis

1968 1457 2048 1528 (ut
2078 1456 2241 1528 paulo
2257 1467 2382 1511 ante
2401 1458 2852 1528 signiﬁcabamus)
2881 1459 3047 1515 imbui
3062 1462 3342 1538 permagni
3359 1464 3537 1533 refert.

1966 1549 2166 1606 Deinde
2194 1551 2349 1611 velim
2374 1551 2549 1627 Glyco:
2571 1562 2748 1613 nostra
2778 1553 2859 1617 vel
2887 1554 3039 1609 illam
3095 1554 3158 1613 ob
3194 1571 3415 1611 causam
3470 1555 3542 1610 sit

1965 1643 2187 1719 tequior,
2225 1644 2364 1716 quod
2390 1643 2650 1719 pleraque
2675 1661 2779 1699 non
2808 1646 2887 1703 ita
2913 1646 3144 1719 prolixe,
3180 1663 3273 1702 nec
3303 1648 3538 1716 confuse,

1966 1735 2265 1810 tradiderit,
2296 1746 2353 1791 ut
2384 1735 2678 1797 Cedrenum
2703 1746 2754 1790 et
2784 1737 2920 1793 alios
2948 1739 3233 1809 factitasse
3264 1739 3498 1793 videmus
3522 1756 3542 1794 :

287 1833 403 1880 toto
424 1827 670 1896 pondere
696 1827 956 1899 ferretur,
984 1846 1085 1885 nec
1109 1830 1285 1903 Glycae
1310 1826 1555 1885 consiliis
1586 1836 1642 1884 et
1675 1826 1861 1889 ltorta-
1887 1835 1940 1897 Β
1963 1829 2054 1903 qui
2083 1830 2390 1901 compendia
2409 1830 2655 1899 quietiam
2681 1830 3072 1900 promittentes,
3092 1830 3360 1889 volumina
3392 1846 3543 1902 pror-

286 1916 534 1974 tionibus
562 1919 959 1990 acquiesceret,
985 1931 1043 1976 ut
1066 1921 1305 1977 studium
1334 1934 1492 1981 suum
1525 1917 1863 1985 defenderet,

289 2011 424 2064 nihil
459 2011 576 2082 ipse
608 2015 859 2087 regessit,
913 2016 1008 2070 sed
1037 2015 1238 2075 aliena.
1260 2013 1560 2087 scriptione
1591 2027 1722 2068 usus
1757 2019 1865 2081 est,

285 2102 511 2161 mittens
546 2120 645 2175 pro
677 2108 1042 2174 responsione
1072 2105 1566 2178 Antapologeticnm
1600 2103 1866 2165 Manuells

284 2191 550 2248 Conmeni
591 2193 661 2248 ab
700 2194 868 2251 annis
916 2194 1140 2251 circiter
1171 2194 1277 2249 500
1324 2195 1380 2248 in
1410 2192 1644 2273 gratiam
1687 2199 1867 2255 astro—

284 2280 462 2352 logite,
508 2298 614 2353 qua
665 2281 1059 2348 delectabatur,
1099 2282 1505 2353 conscriptum;
1557 2282 1641 2349 vel
1698 2280 1866 2335 alium

284 2373 593 2429 Manuclem
650 2373 994 2439 Comnenum
1048 2373 1220 2435 fuisse
1278 2374 1611 2445 suspicatur.
1670 2373 1750 2427 Ad
1801 2385 1866 2426 ea

288 2483 420 2521 vero
450 2484 571 2539 qure
596 2466 922 2525 Dufresnius
954 2469 1023 2524 de
1072 2468 1347 2539 primariis
1380 2467 1517 2529 aulae
1545 2464 1865 2522 Constanti-

289 2558 617 2628 nopolitanae
646 2558 780 2619 viris
811 2560 1056 2626 adducit,
1114 2559 1189 2613 ita
1220 2558 1472 2621 laudatus
1507 2557 1753 2613 Oudinus
1783 2570 1869 2611 re—

285 2653 524 2719 spondet
551 2671 565 2707 :
590 2650 710 2711 Non
733 2650 813 2706 Itis
844 2651 1142 2709 nominibus
1172 2661 1366 2705 veteres
1389 2649 1443 2703 hi
1473 2649 1863 2721 intelliguntur,

285 2743 377 2797 sed
421 2745 737 2804 recentiores
782 2744 1020 2815 ejusdem
1070 2744 1298 2799 nominis
1334 2752 1382 2797 et
1427 2743 1727 2813 dignitatis.
1773 2740 1864 2811 qui

285 2854 425 2893 anno
465 2838 675 2892 circiter
709 2836 847 2892 1450
899 2837 955 2891 in
1000 2836 1228 2907 imperio
1269 2834 1535 2891 Orientali
1579 2816 1675 2889 sub
1711 2831 1864 2888 Con-

283 2933 516 2988 stantino
573 2930 894 3002 Palteologo,
943 2929 1133 2985 ultimo
1164 2930 1465 2991 Grecorum
1516 2929 1862 2999 imperatore,

287 3024 634 3097 dignitatibus
657 3026 735 3085 his
762 3024 1162 3099 fungebantur:
1209 3031 1267 3076 ut
1301 3030 1507 3085 constat
1554 3036 1620 3076 ex
1658 3020 1865 3077 Joanne

290 3117 461 3177 Duca,
491 3117 643 3185 cujus
669 3116 948 3170 historiam
972 3115 1028 3169 in
1061 3114 1303 3170 manibus
1331 3112 1581 3175 habemus
1603 3126 1624 3167 :
1654 3112 1746 3182 qui
1767 3108 1869 3164 Mi-

289 3208 485 3263 chaelis
509 3207 686 3280 σιμ-φ
716 3208 1005 3283 σύγχρονρι
1027 3224 1143 3262 cum
1164 3207 1392 3277 fuerint,
1426 3205 1498 3260 ad
1533 3204 1652 3259 illos
1672 3185 1939 3274 episto-C

290 3299 372 3354 las
407 3300 611 3358 dedisse
644 3301 777 3355 nihil
831 3302 1025 3354 mirum
1058 3298 1342 3361 videbitur.
1384 3299 1563 3368 Atque
1614 3297 1687 3352 ita
1743 3296 1867 3368 qu‘i-

289 3393 415 3456 dem
460 3393 571 3449 ille.
632 3393 724 3458 Et,
762 3401 822 3448 ut
846 3392 1077 3455 videtur,
1109 3390 1353 3455 Joannes
1370 3391 1572 3451 Ducas.
1609 3390 1699 3453 ille
1718 3389 1866 3445 idem

290 3497 400 3553 est,
436 3486 529 3557 qui
558 3485 781 3556 scripsit
820 3483 1117 3548 Historiam
1167 3484 1864 3555 Genetantinopolitanam,

289 3578 515 3653 quando
541 3576 1048 3647 Constantinopolis
1081 3574 1446 3637 a'lila‘humete
1481 3573 1526 3628 ll
1559 3572 1865 3638 Turcarum

294 3670 625 3741 imperatore
655 3676 965 3742 expugnata
1001 3677 1105 3729 cst.
1152 3682 1326 3737 eaque
1370 3666 1478 3729 illis
1496 3663 1719 3733 imperii
1745 3676 1868 3717 esse

291 3762 454 3821 sedes
492 3760 679 3833 Coepit,
709 3760 859 3832 quod
894 3759 1004 3817 luit
1056 3767 1204 3815 anno
1242 3758 1458 3830 Hegiraa
1495 3757 1621 3822 857,
1659 3753 1865 3811 Christi

289 3867 474 3917 autem
499 3856 658 3922 1455,
691 3871 802 3931 quo
838 3855 1055 3915 vivebat
1087 3855 1176 3909 ille
1202 3852 1386 3910 Ducas
1415 3867 1482 3915 ex
1518 3850 1720 3921 inclyta
1752 3848 1868 3903 Du-

290 3965 484 4019 cat-um
514 3950 723 4006 familia
755 3948 1050 4007 oriundus.
1095 3946 1196 4001 Hic
1242 3945 1312 4001 de
1344 3945 1512 4017 gestis
1560 3941 1866 3997 Turcarum

290 4024 556 4124 adversus
576 4040 814 4105 Graecos,
845 4048 903 4095 et
924 4036 1402 4107 Constantinopoli
1428 4035 1679 4100 subacta,
1713 4046 1869 4089 com-

292 4132 600 4188 tttcntarius
627 4139 812 4188 exstat
872 4146 980 4203 ms.
1034 4129 1223 4189 Graece
1255 4129 1310 4184 in
1342 4127 1677 4191 Bibliotheca
1702 4124 1869 4182 Chri-

288 4224 616 4318 stianissimi
641 4223 979 4281 Francorum
1012 4223 1178 4294 regis,
1206 4236 1369 4296 quem
1400 4236 1503 4275 uua
1535 4234 1659 4284 cum
1697 4218 1873 4276 inter-~

331 4318 602 4373 retatione
647 4332 746 4375 sua
788 4316 981 4381 Latina
1012 4317 1140 4372 lsm.
1172 4313 1472 4375 Bullialdus
1523 4314 1577 4368 in
1636 4326 1868 4384 corpore

334 4409 607 4487 yzantinze
640 4411 890 4467 historiae
922 4408 1202 4464 edendum
1249 4406 1505 4471 curavit.
1553 4415 1611 4462 et
1657 4405 1870 4475 dequo

1968 1939 2059 1977 sus
2080 1923 2337 1992 ingentia,
2374 1938 2590 1997 qumque
2630 1924 2747 1983 sine
2796 1923 2950 1983 Medio
3002 1922 3202 2004 perlegi
3250 1931 3540 1993 nequeunt,

1969 2015 2190 2088 posteris
2213 2012 2668 2095 reliquerellujus
2696 2015 2883 2089 operis
2916 2013 3110 2079 titulus
3138 2008 3208 2074 in
3258 2014 3543 2081 codicibus

1968 2105 2320 2182 Yallicellano
2384 2117 2437 2164 et
2488 2106 2995 2173 Fontisebraldensi
3047 2106 3121 2161 ita
3172 2105 3383 2173 habet:
3432 2106 3539 2159 T05

1967 2199 2305 2266 λογιωτάτου
2351 2200 2447 2264 καὶ
2489 2198 2919 2270 μακαριωτάτου
2965 2196 3143 2274 κηροῖς
3192 2197 3411 2275 Μιχαὴλ
3440 2196 3539 2250 τοῦ

1967 2292 2151 2355 mund
2195 2292 2448 2367 χρονικὸν
2498 2292 2606 2344 ἀπὸ
2659 2290 2893 2355 κτίσεως
2943 2289 3152 2367 κόσμου
3195 2289 3542 2355 συνοπτικδν,

1966 2379 2165 2459 διεξιὸν
2196 2381 2323 2433 κατ’
2353 2380 2624 2450 ἐπιτομὴν
2647 2378 2777 2451 περί
2798 2396 2860 2444 τε
2903 2377 2997 2445 τοῦ
3045 2376 3276 2449 οὐρανοῦ
3305 2378 3403 2434 καὶ
3440 2379 3543 2448 τῆς

1968 2474 2098 2553 γῆς,
2136 2472 2268 2542 περί
2288 2488 2347 2526 τε
2378 2471 2474 2524 τοῦ
2515 2470 2695 2549 φωτὸς
2740 2471 2930 2537 αὑτοῦ,
2968 2470 3066 2525 καὶ
3102 2472 3322 2525 πάνέων
3355 2470 3543 2532 ἁπλῶς

1967 2568 2077 2624 τῶν
2107 2566 2211 2633 ὐπὸ
2239 2566 2378 2620 Θεοῦ
2410 2565 2934 2636 δημιουργηθέντων
2980 2566 3039 2618 ὲν
3069 2564 3309 2639 ἡμέραις
3343 2562 3416 2629 ς”
3452 2580 3545 2616 πε-

1960 2661 2025 2738 p!
2048 2677 2107 2713 τε
2135 2659 2240 2729 τῆς
2268 2657 2523 2723 πλάσεως
2550 2656 2646 2710 τοῦ
2674 2656 2871 2727 usae,
2897 2657 2993 2720 καὶ
3017 2657 3124 2721 τῶν
3152 2657 3358 2711 λοιπῶν
3382 2655 3541 2719 καθε-

1969 2734 2086 2821 ξῆς.
2147 2749 2572 2820 Eloquentissimi
2607 2756 2657 2801 et
2718 2747 3008 2805 beatissimi
3041 2747 3221 2801 domui
3270 2744 3543 2799 Michaelis

1968 2840 2152 2912 Glyco?
2209 2839 2504 2901 Chronicon
2548 2838 3005 2908 compendiariam
3035 2836 3101 2890 ab
3140 2834 3265 2890 orbe
3308 2835 3540 2894 condito.

1964 2917 2195 3000 breviter
2207 2948 2517 3002 percurrens
2543 2947 2625 2995 ea,
2647 2944 2765 3000 qua:
2791 2931 3014 2985 attinent
3035 2929 3218 2983 cretum
3249 2936 3297 2982 et
3322 2934 3543 2994 terram,

1966 3024 2242 3094 lucemque
2273 3024 2412 3089 eius,
2447 3030 2497 3077 et
2532 3023 2732 3086 omnia,
2762 3029 2821 3074 ut
2845 3034 2949 3074 uno
2977 3019 3130 3074 verbo
3158 3019 3351 3081 dicam,
3379 3034 3410 3071 a
3434 3015 3544 3075 Deo

1971 3133 2063 3181 sea:
2082 3116 2262 3181 diebus
2289 3115 2607 3187 fabrefacta,
2636 3113 2932 3186 Adamique
2954 3111 3240 3181 ﬁctionem,
3258 3118 3309 3165 et
3329 3118 3540 3174 cetera,

1970 3226 2088 3283 qua:
2111 3209 2354 3278 deinceps
2385 3209 2736 3279 contigerunt.

2041 3300 2247 3357 Praeter
2279 3300 2514 3355 Annales
2542 3297 2766 3369 scripsit
2811 3297 3005 3371 Clycas
3035 3297 3311 3369 Epistolas
3366 3295 3542 3367 pluri-

1971 3410 2113 3465 mas,
2151 3396 2524 3464 interrogatus
2556 3408 2587 3447 a
2614 3392 2847 3448 diversis
2886 3407 3052 3462 super
3094 3391 3261 3445 variis
3291 3388 3547 3459 quaestio-

1970 3489 2136 3553 nibus
2172 3487 2514 3567 theologicis,
2544 3474 2914 3567 dubiisquead
2956 3483 3261 3550 caelestium
3294 3481 3547 3549 Scriptu-

1970 3597 2157 3638 rarum
2238 3580 2646 3641 enarrationem
2723 3577 3097 3641 resolvendis;
3171 3590 3309 3646 quas
3386 3572 3545 3629 solita

1970 3674 2189 3735 dicendi
2215 3673 2477 3737 facilitate
2532 3681 2590 3737 et
2610 3670 2911 3747 multiiugis
2931 3668 3258 3729 eruditionis
3289 3666 3546 3722 illecebra

1970 3775 2026 3821 et
2075 3765 2394 3829 amoenitate
2424 3763 2771 3834 conscripsit.
2805 3762 2938 3829 Qua:
2967 3762 3189 3832 quidem
3230 3776 3418 3816 earum
3452 3775 3549 3821 cx-

1971 3868 2134 3925 stant,
2159 3857 2304 3931 quod
2330 3858 2523 3924 sciam,
2548 3856 2617 3913 56
2643 3871 2935 3912 numerum
2959 3854 3199 3925 explent.
3224 3852 3550 3908 Lambecius

1973 3961 2153 4011 tamen
2214 3953 2271 4005 in
2320 3950 2511 4006 codice
2566 3949 2805 4021 theolog.
2863 3947 3010 4014 253,
3061 3946 3157 4001 lib.
3210 3962 3245 4000 v
3304 3944 3545 4005 Comm..

1971 4041 2227 4097 observat
2254 4042 2312 4107 in
2343 4042 2446 4097 hoc
2474 4040 2669 4098 codice
2688 4040 2849 4095 aliter
2872 4037 3146 4109 Epistolas
3164 4036 3342 4102 ειν-σω
3360 4034 3540 4102 dispo-

1973 4134 2052 4203 ni,
2089 4143 2201 4189 tam
2236 4149 2490 4196 numero,
2524 4147 2688 4206 quam
2723 4131 2939 4196 ordine,
2991 4129 3132 4190 adeo
3170 4135 3230 4183 ut
3280 4140 3368 4190 ea,
3422 4140 3545 4194 qua:

1972 4228 2029 4284 in
2061 4226 2182 4284 aliis
2229 4227 2510 4286 codicibus
2546 4234 2633 4283 est
2663 4224 2755 4295 '55,
2790 4224 2848 4280 in
2900 4223 3004 4278 hoc
3046 4221 3233 4285 codice
3288 4219 3362 4279 sit
3385 4218 3455 4275 64
3491 4225 3547 4272 et

1974 4318 2186 4383 ultima,
2232 4315 2326 4375 Hae
2359 4333 2553 4373 omnes
2592 4316 2737 4375 enim
2766 4312 3018 4395 quinque
3082 4314 3371 4377 codicibus
3408 4327 3544 4367 mss.

1972 4409 2327 4475 Bibliotheca:
2344 4409 2606 4475 Caesareae
2619 4425 2720 4471 con
2729 4410 2994 4475 tinentur,
3013 4417 3070 4463 ut
3100 4406 3242 4477 apud
3267 4402 3549 4463 Pet.Lam-

291 4504 421 4585 per.
451 4500 539 4572 Jo,
566 4502 814 4567 Vossius,
840 4502 936 4567 lib.
964 4519 1019 4558 ιν
1066 4502 1140 4594 De
1170 4499 1371 4570 Hister.
1408 4497 1604 4565 Crrce.,
1627 4511 1751 4566 cap.
1778 4495 1865 4550 l9.

1973 4502 2190 4565 beCium
2223 4503 2457 4560 codicib.
2489 4503 2753 4575 Theolog.
2781 4502 2909 4571 159,
2936 4500 3061 4567 160,
3085 4499 3215 4561 252.
3238 4499 3347 4565 255
3368 4510 3426 4554 et
3445 4497 3551 4562 555

291 4598 522 4692 [Exstant
553 4597 703 4653 inter
735 4595 1015 4671 Epistolas
1064 4586 1347 4653 Michaelis
1387 4591 1567 4661 Clycze
1622 4586 1903 4661 epistolas”

288 4683 410 4775 {lure
441 4691 505 4743 ad
543 4691 691 4751 hunc
723 4689 992 4757 Joannem
1024 4686 1250 4754 Ducam,
1275 4701 1474 4756 nempe
1493 4685 1556 4740 2i
1592 4694 1651 4742 et
1680 4683 1769 4744 52.
1796 4683 1871 4745 De

287 4783 501 4867 ,loanne
523 4791 707 4867 autem
738 4783 881 4863 paea
904 4781 1061 4855 plura
1093 4777 1329 4845 videnda
1362 4779 1507 4853 apud
1540 4780 1668 4839 Cas.
1700 4776 1872 4836 Ωιιἁί-

287 4860 421 4963 imm
458 4874 526 4953 ad
557 4860 758 4952 annum
790 4873 950 4940 1460,
979 4883 1036 4939 et
1070 4871 1125 4927 in
1154 4870 1249 4927 elo.
1283 4869 1520 4937 Zonara.

358 4968 559 5051 Qpera,
597 4981 718 5051 quae
754 4964 951 5051 lecas
981 4963 1229 5041 scripsit,
1262 4970 1394 5023 sunt
1427 4963 1481 5028 in
1513 4961 1708 5033 primis
1755 4960 1870 5017 An-

291 5052 464 5153 pales,
496 5060 966 5136 patriarcharum,
1017 5077 1209 5131 regum
1248 5067 1416 5131 atque
1470 5061 1870 5135 imperatorum

290 5152 380 5241 res
400 5168 606 5231 gestas,
638 5157 1040 5230 historiamque
1074 5173 1295 5239 omnem
1329 5154 1639 5218 Judaicam,
1666 5152 1872 5211 Roma-

294 5267 420 5338 pam
469 5265 536 5307 ac
569 5249 1258 5325 Constantinopolitanam,
1305 5249 1384 5309 ita
1417 5247 1871 5317 complectentes,

298 5354 357 5427 ut
399 5343 591 5405 eodem
645 5351 909 5407 contextu
952 5350 1341 5409 controversas
1400 5339 1543 5397 inter
1590 5337 1875 5408 theologos

292 5435 765 5535 philosophosque
816 5436 1151 5522 quaestiones
1175 5433 1487 5506 agitaverit,
1520 5449 1585 5488 ac
1616 5434 1685 5488 de
1711 5432 1875 5493 rebus

300 5526 583 5611 hinnitibus,
620 5545 744 5603 qua:
771 5529 829 5585 in
869 5529 1032 5603 coelo,
1063 5543 1213 5594 aere,
1257 5536 1404 5585 terra
1437 5542 1503 5583 ac
1543 5527 1680 5581 mari
1716 5526 1873 5589 ﬁunt.

297 5608 364 5676 «le
392 5608 608 5690 avibus,
633 5622 897 5695 piscibus,
920 5621 1273 5682 animalibus.
1310 5620 1556 5686 homine,
1581 5627 1746 5690 atque
1775 5634 1874 5673 an-

298 5710 452 5791 gelis.
472 5712 821 5776 disseruerit,
838 5720 1062 5767 secutus
1077 5720 1325 5765 veterum
1342 5709 1564 5763 Patrum
1578 5707 1871 5775 Eustatbai,

303 5792 506 5890 llasilii,
572 5805 828 5877 Nysseni,
879 5802 1281 5875 Chrysoswmi,
1349 5801 1595 5879 Sinaitm,
1656 5801 1872 5878 Pisidae,

1974 4592 2163 4660 videre
2204 4602 2312 4661 est,
2343 4590 2523 4664 Glycac
2562 4592 2783 4662 quidem
2802 4589 3067 4662 Epistolas
3097 4602 3295 4658 magno
3340 4587 3394 4641 in
3427 4599 3553 4655 prc-

1975 4685 2051 4747 tio
2086 4683 2287 4740 habitas
2325 4692 2458 4752 sunt
2512 4699 2542 4743 a
2577 4684 2711 4739 viris
2745 4683 2942 4746 doctis,
2981 4689 3037 4736 et
3088 4679 3333 4750 plerique
3383 4678 3550 4733 etiam

1973 4778 2178 4852 publici
2204 4778 2347 4851 juris
2377 4776 2557 4833 facere
2587 4776 2771 4841 conati
2820 4784 2987 4843 sunt;
3032 4772 3136 4833 sed
3187 4770 3272 4826 vel
3321 4769 3552 4840 integris

1973 4870 2257 4934 codicibus
2282 4869 2547 4936 destituti,
2580 4868 2667 4925 vel
2699 4877 2874 4924 morte
2905 4863 3192 4939 praeventi,
3229 4862 3313 4916 vel
3344 4861 3450 4916 alia
3484 4860 3553 4915 dc

1973 4980 2141 5030 causa
2170 4964 2439 5036 impediti,
2478 4963 2532 5019 id
2562 4973 2825 5034 praestare
2854 4975 2963 5014 non
3006 4965 3321 5030 potuerunt.
3353 4955 3552 5022 Earum

1974 5059 2198 5133 quidem
2221 5058 2468 5115 codicem
2496 5055 2697 5130 Georg.
2745 5055 2925 5115 Dousa
2954 5049 3436 5120 Constantinopoli
3470 5055 3553 5133 at-

1976 5149 2196 5217 tulerat,
2220 5148 2321 5211 sed
2364 5146 2570 5204 recenti
2602 5155 2658 5201 et
2714 5158 2910 5219 parum
2966 5141 3072 5198 lida
3119 5156 3310 5205 manu,
3341 5148 3401 5193 ut
3438 5132 3554 5206 ips'e

1976 5252 2232 5308 testatur,
2266 5243 2619 5315 exscriptum,
2683 5239 2795 5295 imo
2844 5247 2901 5292 et
2946 5234 3196 5301 mutilum
3250 5229 3553 5295 interdum,

1976 5348 2035 5393 ut
2066 5351 2134 5394 ex
2162 5334 2395 5406 epistola
2429 5335 2519 5399 15,
2549 5345 2714 5404 quam
2762 5345 2827 5386 ex
2857 5343 2924 5385 eo
2955 5328 3143 5389 codice
3180 5325 3319 5384 Bon.
3353 5322 3553 5377 Vulca-

1976 5431 2104 5484 nius
2136 5428 2328 5496 edidit,
2358 5436 2528 5492 patet.
2556 5425 2693 5480 Nam
2718 5421 2855 5478 Bon.
2890 5419 3208 5483 Vulcanius,
3248 5431 3374 5473 cum
3412 5415 3553 5471 Dou-

1978 5538 2053 5578 sas
2078 5521 2323 5578 codicem
2354 5532 2547 5575 nactus
2572 5526 2746 5585 esset,
2779 5525 2892 5577 tres
2917 5531 2985 5571 ex
3020 5513 3132 5568 illis
3159 5509 3412 5582 epistolis
3438 5507 3557 5564 edi-

1976 5615 2060 5675 dit
2091 5629 2199 5670 una
2224 5628 2349 5670 cum
2375 5628 2475 5669 sua
2499 5611 2696 5677 Latina
2737 5605 3198 5680 interpretatione
3226 5603 3282 5658 in
3301 5601 3459 5658 Notis
3487 5598 3558 5655 ad

1978 5708 2036 5765 S.
2056 5707 2341 5781 Cyrillum,
2361 5707 2559 5760 Contra
2577 5700 3161 5776 A‘nthmpomorpbitas,
3182 5712 3306 5757 cum
3332 5692 3554 5749 interim

1979 5801 2222 5859 omnium
2249 5802 2439 5857 barum
2466 5798 2831 5869 Epistolarum
2854 5793 3150 5859 editionem
3175 5788 3563 5873 meditaretur,
