  <div class='ocr_page' id='page_1' title='image "/cluster/home/n/w/nwhite01/storage/ocr_20150623/158/coo.31924054870633/018.png"; bbox 0 0 4008 6440; ppageno 0'>
   <div class='ocr_carea' id='block_1_1' title="bbox 322 408 3557 491">
    <p class='ocr_par' dir='ltr' id='par_1_1' title="bbox 322 408 3557 491">
     <span class='ocr_line' id='line_1_1' title="bbox 322 408 3557 491; baseline -0.007 7"><span class='ocrx_word' id='word_1_1' title='bbox 322 450 406 491; x_wconf 77' lang='lat' dir='ltr'><strong>xm</strong></span> <span class='ocrx_word' id='word_1_2' title='bbox 884 410 890 415; x_wconf 82' lang='grc'><em>’</em></span> <span class='ocrx_word' id='word_1_3' title='bbox 1568 423 1912 488; x_wconf 79' lang='lat' dir='ltr'><strong>JOANNES</strong></span> <span class='ocrx_word' id='word_1_4' title='bbox 1950 420 2265 486; x_wconf 61' lang='lat' dir='ltr'><strong>LAMlUS.</strong></span> <span class='ocrx_word' id='word_1_5' title='bbox 3472 408 3557 464; x_wconf 67' lang='lat' dir='ltr'><strong>m’</strong></span> 
     </span>
    </p>
   </div>
   <div class='ocr_carea' id='block_1_2' title="bbox 322 527 3560 615">
    <p class='ocr_par' dir='ltr' id='par_1_2' title="bbox 322 527 3560 615">
     <span class='ocr_line' id='line_1_2' title="bbox 322 527 3560 615; baseline -0.008 -7"><span class='ocrx_word' id='word_1_6' title='bbox 322 566 377 609; x_wconf 88' lang='lat' dir='ltr'><strong>ut</strong></span> <span class='ocrx_word' id='word_1_7' title='bbox 405 554 457 606; x_wconf 88' lang='lat' dir='ltr'><strong>in</strong></span> <span class='ocrx_word' id='word_1_8' title='bbox 486 547 725 604; x_wconf 73' lang='lat' dir='ltr'><strong>laudatis</strong></span> <span class='ocrx_word' id='word_1_9' title='bbox 752 545 900 601; x_wconf 88' lang='lat' dir='ltr'><strong>notis</strong></span> <span class='ocrx_word' id='word_1_10' title='bbox 924 542 1175 599; x_wconf 75' lang='lat' dir='ltr'><strong>allirmat.</strong></span> <span class='ocrx_word' id='word_1_11' title='bbox 1209 538 1344 597; x_wconf 83' lang='lat' dir='ltr'><strong>Tres</strong></span> <span class='ocrx_word' id='word_1_12' title='bbox 1378 550 1557 596; x_wconf 83' lang='lat' dir='ltr'><strong>autem</strong></span> <span class='ocrx_word' id='word_1_13' title='bbox 1590 539 1872 612; x_wconf 77' lang='lat' dir='ltr'><strong>Episwhe,</strong></span> <span class='ocrx_word' id='word_1_14' title='bbox 1908 540 1952 599; x_wconf 77' lang='grc' dir='ltr'>Α</span> <span class='ocrx_word' id='word_1_15' title='bbox 1982 545 2038 594; x_wconf 82' lang='lat' dir='ltr'><strong>et</strong></span> <span class='ocrx_word' id='word_1_16' title='bbox 2084 539 2311 608; x_wconf 71' lang='lat' dir='ltr'><strong>integra:</strong></span> <span class='ocrx_word' id='word_1_17' title='bbox 2341 535 2712 608; x_wconf 68' lang='lat' dir='ltr'><strong>perit-geritur.</strong></span> <span class='ocrx_word' id='word_1_18' title='bbox 2758 527 3347 609; x_wconf 79' lang='lat' dir='ltr'><strong>Deniqucl‘ragmentis</strong></span> <span class='ocrx_word' id='word_1_19' title='bbox 3373 533 3560 615; x_wconf 80' lang='lat' dir='ltr'><strong>earum</strong></span> 
     </span>
    </p>
   </div>
   <div class='ocr_carea' id='block_1_3' title="bbox 321 626 1876 715">
    <p class='ocr_par' dir='ltr' id='par_1_3' title="bbox 321 626 1876 715">
     <span class='ocr_line' id='line_1_3' title="bbox 321 626 1876 715; baseline -0.008 -17"><span class='ocrx_word' id='word_1_20' title='bbox 321 660 448 715; x_wconf 79' lang='lat' dir='ltr'><strong>quas</strong></span> <span class='ocrx_word' id='word_1_21' title='bbox 494 640 637 714; x_wconf 85' lang='lat' dir='ltr'><strong>typis</strong></span> <span class='ocrx_word' id='word_1_22' title='bbox 683 637 958 695; x_wconf 73' lang='lat' dir='ltr'><strong>mandavit</strong></span> <span class='ocrx_word' id='word_1_23' title='bbox 995 636 1310 699; x_wconf 76' lang='lat' dir='ltr'><strong>Vulcanius,</strong></span> <span class='ocrx_word' id='word_1_24' title='bbox 1361 634 1556 688; x_wconf 87' lang='lat' dir='ltr'><strong>ordine</strong></span> <span class='ocrx_word' id='word_1_25' title='bbox 1600 642 1729 688; x_wconf 91' lang='lat' dir='ltr'><strong>sunt</strong></span> <span class='ocrx_word' id='word_1_26' title='bbox 1788 626 1876 697; x_wconf 75' lang='lat' dir='ltr'><strong>id,</strong></span> 
     </span>
    </p>
   </div>
   <div class='ocr_carea' id='block_1_4' title="bbox 322 716 1936 800">
    <p class='ocr_par' dir='ltr' id='par_1_4' title="bbox 322 716 1936 800">
     <span class='ocr_line' id='line_1_4' title="bbox 322 716 1936 800; baseline -0.009 -9"><span class='ocrx_word' id='word_1_27' title='bbox 322 737 401 800; x_wconf 74' lang='lat' dir='ltr'><strong>l3,</strong></span> <span class='ocrx_word' id='word_1_28' title='bbox 436 733 524 789; x_wconf 74' lang='lat'><strong>&#39;52.</strong></span> <span class='ocrx_word' id='word_1_29' title='bbox 558 730 674 785; x_wconf 74' lang='lat' dir='ltr'><strong>Jac.</strong></span> <span class='ocrx_word' id='word_1_30' title='bbox 708 740 924 800; x_wconf 87' lang='lat' dir='ltr'><strong>quoque</strong></span> <span class='ocrx_word' id='word_1_31' title='bbox 971 716 1251 783; x_wconf 76' lang='lat' dir='ltr'><strong>Pontanus</strong></span> <span class='ocrx_word' id='word_1_32' title='bbox 1281 723 1418 780; x_wconf 86' lang='lat' dir='ltr'><strong>duas</strong></span> <span class='ocrx_word' id='word_1_33' title='bbox 1447 740 1513 779; x_wconf 81' lang='lat' dir='ltr'><strong>ex</strong></span> <span class='ocrx_word' id='word_1_34' title='bbox 1550 724 1703 778; x_wconf 80' lang='lat' dir='ltr'><strong>hisce</strong></span> <span class='ocrx_word' id='word_1_35' title='bbox 1734 718 1895 777; x_wconf 83' lang='lat' dir='ltr'><strong>litte-&#39;</strong></span> <span class='ocrx_word' id='word_1_36' title='bbox 1932 733 1936 737; x_wconf 85' lang='lat'><em>‘</em></span> 
     </span>
    </p>
   </div>
   <div class='ocr_carea' id='block_1_5' title="bbox 319 814 1882 903">
    <p class='ocr_par' dir='ltr' id='par_1_5' title="bbox 319 814 1882 903">
     <span class='ocr_line' id='line_1_5' title="bbox 319 814 1882 903; baseline -0.008 -20"><span class='ocrx_word' id='word_1_37' title='bbox 319 830 583 897; x_wconf 74' lang='lat' dir='ltr'><strong>ris,‘quas</strong></span> <span class='ocrx_word' id='word_1_38' title='bbox 609 823 680 879; x_wconf 81' lang='lat' dir='ltr'><strong>ab</strong></span> <span class='ocrx_word' id='word_1_39' title='bbox 705 822 921 903; x_wconf 67' lang='lat' dir='ltr'><strong>Andron</strong></span> <span class='ocrx_word' id='word_1_40' title='bbox 952 820 1184 875; x_wconf 82' lang='lat' dir='ltr'><strong>Scholto</strong></span> <span class='ocrx_word' id='word_1_41' title='bbox 1216 817 1504 880; x_wconf 84' lang='lat' dir='ltr'><strong>habuerat,</strong></span> <span class='ocrx_word' id='word_1_42' title='bbox 1540 814 1732 871; x_wconf 83' lang='lat' dir='ltr'><strong>Latine</strong></span> <span class='ocrx_word' id='word_1_43' title='bbox 1760 829 1791 871; x_wconf 91' lang='lat' dir='ltr'><strong>a</strong></span> <span class='ocrx_word' id='word_1_44' title='bbox 1822 826 1882 870; x_wconf 87' lang='lat' dir='ltr'><strong>se</strong></span> 
     </span>
    </p>
   </div>
   <div class='ocr_carea' id='block_1_6' title="bbox 319 902 1882 979">
    <p class='ocr_par' dir='ltr' id='par_1_6' title="bbox 319 902 1882 979">
     <span class='ocr_line' id='line_1_6' title="bbox 319 902 1882 979; baseline -0.007 -8"><span class='ocrx_word' id='word_1_45' title='bbox 319 928 609 972; x_wconf 72' lang='lat' dir='ltr'><strong>conversas</strong></span> <span class='ocrx_word' id='word_1_46' title='bbox 626 913 970 968; x_wconf 71' lang='lat' dir='ltr'><strong>excudendas</strong></span> <span class='ocrx_word' id='word_1_47' title='bbox 988 910 1221 975; x_wconf 75' lang='lat' dir='ltr'><strong>curavit,</strong></span> <span class='ocrx_word' id='word_1_48' title='bbox 1241 923 1361 979; x_wconf 58' lang='lat' dir='ltr'><strong>qua:</strong></span> <span class='ocrx_word' id='word_1_49' title='bbox 1385 907 1548 963; x_wconf 83' lang='lat' dir='ltr'><strong>hodie</strong></span> <span class='ocrx_word' id='word_1_50' title='bbox 1563 907 1618 962; x_wconf 87' lang='lat' dir='ltr'><strong>in</strong></span> <span class='ocrx_word' id='word_1_51' title='bbox 1641 902 1882 963; x_wconf 67' lang='lat' dir='ltr'><strong>Maxima</strong></span> 
     </span>
    </p>
   </div>
   <div class='ocr_carea' id='block_1_7' title="bbox 323 993 1885 1069">
    <p class='ocr_par' dir='ltr' id='par_1_7' title="bbox 323 993 1885 1069">
     <span class='ocr_line' id='line_1_7' title="bbox 323 993 1885 1069; baseline -0.008 -8"><span class='ocrx_word' id='word_1_52' title='bbox 323 1005 544 1062; x_wconf 80' lang='lat' dir='ltr'><strong>Patrum</strong></span> <span class='ocrx_word' id='word_1_53' title='bbox 585 998 922 1069; x_wconf 71' lang='lat' dir='ltr'><strong>Bibliotheca,</strong></span> <span class='ocrx_word' id='word_1_54' title='bbox 951 1006 1006 1055; x_wconf 88' lang='lat' dir='ltr'><strong>et</strong></span> <span class='ocrx_word' id='word_1_55' title='bbox 1035 1000 1091 1054; x_wconf 89' lang='lat' dir='ltr'><strong>in</strong></span> <span class='ocrx_word' id='word_1_56' title='bbox 1122 997 1413 1055; x_wconf 73' lang='lat' dir='ltr'><strong>Annalium</strong></span> <span class='ocrx_word' id='word_1_57' title='bbox 1439 994 1618 1069; x_wconf 66' lang='lat' dir='ltr'><strong>Glyco:</strong></span> <span class='ocrx_word' id='word_1_58' title='bbox 1639 993 1885 1051; x_wconf 73' lang='lat' dir='ltr'><strong>editione</strong></span> 
     </span>
    </p>
   </div>
   <div class='ocr_carea' id='block_1_8' title="bbox 320 1088 1882 1164">
    <p class='ocr_par' dir='ltr' id='par_1_8' title="bbox 320 1088 1882 1164">
     <span class='ocr_line' id='line_1_8' title="bbox 320 1088 1882 1164; baseline -0.006 -9"><span class='ocrx_word' id='word_1_59' title='bbox 320 1095 612 1155; x_wconf 80' lang='lat' dir='ltr'><strong>Parisiensi</strong></span> <span class='ocrx_word' id='word_1_60' title='bbox 644 1108 673 1150; x_wconf 86' lang='lat' dir='ltr'><strong>a</strong></span> <span class='ocrx_word' id='word_1_61' title='bbox 728 1090 979 1164; x_wconf 76' lang='lat' dir='ltr'><strong>Philippo</strong></span> <span class='ocrx_word' id='word_1_62' title='bbox 1015 1091 1232 1148; x_wconf 78' lang='lat' dir='ltr'><strong>Lallheo</strong></span> <span class='ocrx_word' id='word_1_63' title='bbox 1264 1090 1526 1146; x_wconf 63' lang='lat' dir='ltr'><strong>adornati</strong></span> <span class='ocrx_word' id='word_1_64' title='bbox 1571 1088 1882 1146; x_wconf 71' lang='lat' dir='ltr'><strong>habemur:</strong></span> 
     </span>
    </p>
   </div>
   <div class='ocr_carea' id='block_1_9' title="bbox 318 1166 1883 1255">
    <p class='ocr_par' dir='ltr' id='par_1_9' title="bbox 318 1166 1883 1255">
     <span class='ocr_line' id='line_1_9' title="bbox 318 1166 1883 1255; baseline -0.008 -7"><span class='ocrx_word' id='word_1_65' title='bbox 318 1191 414 1248; x_wconf 86' lang='lat' dir='ltr'><strong>sed</strong></span> <span class='ocrx_word' id='word_1_66' title='bbox 442 1204 546 1245; x_wconf 80' lang='lat' dir='ltr'><strong>nec</strong></span> <span class='ocrx_word' id='word_1_67' title='bbox 580 1194 788 1244; x_wconf 78' lang='lat' dir='ltr'><strong>textum</strong></span> <span class='ocrx_word' id='word_1_68' title='bbox 819 1185 1067 1243; x_wconf 68' lang='lat' dir='ltr'><strong>Graecum</strong></span> <span class='ocrx_word' id='word_1_69' title='bbox 1113 1184 1407 1255; x_wconf 80' lang='lat' dir='ltr'><strong>apposuit,</strong></span> <span class='ocrx_word' id='word_1_70' title='bbox 1437 1166 1495 1239; x_wconf 81' lang='lat' dir='ltr'><strong>el</strong></span> <span class='ocrx_word' id='word_1_71' title='bbox 1532 1176 1761 1238; x_wconf 78' lang='lat' dir='ltr'><strong>alterius</strong></span> <span class='ocrx_word' id='word_1_72' title='bbox 1792 1181 1883 1235; x_wconf 61' lang='lat' dir='ltr'><strong>Vix</strong></span> 
     </span>
    </p>
   </div>
   <div class='ocr_carea' id='block_1_10' title="bbox 320 1268 1885 1352">
    <p class='ocr_par' dir='ltr' id='par_1_10' title="bbox 320 1268 1885 1352">
     <span class='ocr_line' id='line_1_10' title="bbox 320 1268 1885 1352; baseline -0.006 -15"><span class='ocrx_word' id='word_1_73' title='bbox 320 1282 537 1337; x_wconf 72' lang='lat' dir='ltr'><strong>(inuidia</strong></span> <span class='ocrx_word' id='word_1_74' title='bbox 567 1294 689 1352; x_wconf 84' lang='lat' dir='ltr'><strong>pars</strong></span> <span class='ocrx_word' id='word_1_75' title='bbox 721 1289 826 1345; x_wconf 82' lang='lat' dir='ltr'><strong>est,</strong></span> <span class='ocrx_word' id='word_1_76' title='bbox 857 1288 1019 1349; x_wconf 85' lang='lat' dir='ltr'><strong>quam</strong></span> <span class='ocrx_word' id='word_1_77' title='bbox 1046 1268 1238 1343; x_wconf 81' lang='lat' dir='ltr'><strong>edidit,</strong></span> <span class='ocrx_word' id='word_1_78' title='bbox 1267 1277 1409 1332; x_wconf 79' lang='lat' dir='ltr'><strong>adeo</strong></span> <span class='ocrx_word' id='word_1_79' title='bbox 1429 1280 1682 1331; x_wconf 79' lang='lat' dir='ltr'><strong>mancum</strong></span> <span class='ocrx_word' id='word_1_80' title='bbox 1714 1280 1767 1330; x_wconf 88' lang='lat' dir='ltr'><strong>et</strong></span> <span class='ocrx_word' id='word_1_81' title='bbox 1794 1272 1885 1328; x_wconf 69' lang='lat' dir='ltr'><strong>de.</strong></span> 
     </span>
    </p>
   </div>
   <div class='ocr_carea' id='block_1_11' title="bbox 322 1369 1883 1442">
    <p class='ocr_par' dir='ltr' id='par_1_11' title="bbox 322 1369 1883 1442">
     <span class='ocr_line' id='line_1_11' title="bbox 322 1369 1883 1442; baseline -0.005 -13"><span class='ocrx_word' id='word_1_82' title='bbox 322 1385 633 1429; x_wconf 78' lang='lat' dir='ltr'><strong>truncatum</strong></span> <span class='ocrx_word' id='word_1_83' title='bbox 675 1372 840 1428; x_wconf 83' lang='lat' dir='ltr'><strong>luisse</strong></span> <span class='ocrx_word' id='word_1_84' title='bbox 872 1376 1089 1442; x_wconf 75' lang='lat' dir='ltr'><strong>oportet</strong></span> <span class='ocrx_word' id='word_1_85' title='bbox 1140 1369 1408 1436; x_wconf 79' lang='lat' dir='ltr'><strong>codicem,</strong></span> <span class='ocrx_word' id='word_1_86' title='bbox 1440 1371 1552 1439; x_wconf 81' lang='lat' dir='ltr'><strong>quo</strong></span> <span class='ocrx_word' id='word_1_87' title='bbox 1593 1378 1727 1423; x_wconf 83' lang='lat' dir='ltr'><strong>usus</strong></span> <span class='ocrx_word' id='word_1_88' title='bbox 1776 1372 1883 1422; x_wconf 87' lang='lat' dir='ltr'><strong>est.</strong></span> 
     </span>
    </p>
   </div>
   <div class='ocr_carea' id='block_1_12' title="bbox 323 1456 1888 1532">
    <p class='ocr_par' dir='ltr' id='par_1_12' title="bbox 323 1456 1888 1532">
     <span class='ocr_line' id='line_1_12' title="bbox 323 1456 1888 1532; baseline -0.005 -12"><span class='ocrx_word' id='word_1_89' title='bbox 323 1462 563 1522; x_wconf 78' lang='lat' dir='ltr'><strong>Tandem</strong></span> <span class='ocrx_word' id='word_1_90' title='bbox 596 1458 708 1520; x_wconf 75' lang='lat' dir='ltr'><strong>Leo</strong></span> <span class='ocrx_word' id='word_1_91' title='bbox 735 1464 964 1520; x_wconf 81' lang='lat' dir='ltr'><strong>Allatius</strong></span> <span class='ocrx_word' id='word_1_92' title='bbox 1003 1462 1077 1518; x_wconf 84' lang='lat' dir='ltr'><strong>De</strong></span> <span class='ocrx_word' id='word_1_93' title='bbox 1103 1463 1367 1520; x_wconf 75' lang='lat' dir='ltr'><strong>Consensu</strong></span> <span class='ocrx_word' id='word_1_94' title='bbox 1397 1461 1673 1532; x_wconf 75' lang='lat' dir='ltr'><strong>utriusque</strong></span> <span class='ocrx_word' id='word_1_95' title='bbox 1707 1456 1888 1513; x_wconf 76' lang='lat' dir='ltr'><strong>Eccle-</strong></span> 
     </span>
    </p>
   </div>
   <div class='ocr_carea' id='block_1_13' title="bbox 322 1548 1888 1627">
    <p class='ocr_par' dir='ltr' id='par_1_13' title="bbox 322 1548 1888 1627">
     <span class='ocr_line' id='line_1_13' title="bbox 322 1548 1888 1627; baseline -0.005 -12"><span class='ocrx_word' id='word_1_96' title='bbox 322 1561 426 1625; x_wconf 67' lang='lat' dir='ltr'><strong>siae,</strong></span> <span class='ocrx_word' id='word_1_97' title='bbox 451 1566 637 1612; x_wconf 81' lang='lat' dir='ltr'><strong>contra</strong></span> <span class='ocrx_word' id='word_1_98' title='bbox 662 1557 1059 1627; x_wconf 79' lang='lat' dir='ltr'><strong>Creigthonem;</strong></span> <span class='ocrx_word' id='word_1_99' title='bbox 1086 1555 1162 1609; x_wconf 79' lang='lat' dir='ltr'><strong>De</strong></span> <span class='ocrx_word' id='word_1_100' title='bbox 1184 1554 1333 1609; x_wconf 78' lang='lat' dir='ltr'><strong>libris</strong></span> <span class='ocrx_word' id='word_1_101' title='bbox 1358 1553 1721 1609; x_wconf 71' lang='lat' dir='ltr'><strong>ecclesiasticis</strong></span> <span class='ocrx_word' id='word_1_102' title='bbox 1738 1548 1888 1608; x_wconf 68' lang='lat' dir='ltr'><strong>Gree-</strong></span> 
     </span>
    </p>
   </div>
   <div class='ocr_carea' id='block_1_14' title="bbox 326 1646 1885 1722">
    <p class='ocr_par' dir='ltr' id='par_1_14' title="bbox 326 1646 1885 1722">
     <span class='ocr_line' id='line_1_14' title="bbox 326 1646 1885 1722; baseline -0.003 -17"><span class='ocrx_word' id='word_1_103' title='bbox 326 1670 452 1717; x_wconf 86' lang='lat' dir='ltr'><strong>ror.;</strong></span> <span class='ocrx_word' id='word_1_104' title='bbox 486 1652 574 1706; x_wconf 78' lang='lat' dir='ltr'><strong>lib.</strong></span> <span class='ocrx_word' id='word_1_105' title='bbox 602 1653 664 1704; x_wconf 81' lang='lat' dir='ltr'><strong>de</strong></span> <span class='ocrx_word' id='word_1_106' title='bbox 696 1650 984 1722; x_wconf 76' lang='lat' dir='ltr'><strong>Purgatur.</strong></span> <span class='ocrx_word' id='word_1_107' title='bbox 1010 1659 1066 1704; x_wconf 83' lang='lat' dir='ltr'><strong>et</strong></span> <span class='ocrx_word' id='word_1_108' title='bbox 1100 1649 1189 1703; x_wconf 74' lang='lat' dir='ltr'><strong>(ill.</strong></span> <span class='ocrx_word' id='word_1_109' title='bbox 1213 1646 1466 1702; x_wconf 78' lang='lat' dir='ltr'><strong>adversus</strong></span> <span class='ocrx_word' id='word_1_110' title='bbox 1493 1646 1885 1718; x_wconf 75' lang='lat' dir='ltr'><strong>Holtingeruni,</strong></span> 
     </span>
    </p>
   </div>
   <div class='ocr_carea' id='block_1_15' title="bbox 328 1736 1885 1815">
    <p class='ocr_par' dir='ltr' id='par_1_15' title="bbox 328 1736 1885 1815">
     <span class='ocr_line' id='line_1_15' title="bbox 328 1736 1885 1815; baseline -0.004 -15"><span class='ocrx_word' id='word_1_111' title='bbox 328 1749 483 1800; x_wconf 72' lang='lat' dir='ltr'><strong>hasce</strong></span> <span class='ocrx_word' id='word_1_112' title='bbox 512 1745 767 1815; x_wconf 77' lang='lat' dir='ltr'><strong>epistolas</strong></span> <span class='ocrx_word' id='word_1_113' title='bbox 795 1752 937 1813; x_wconf 62' lang='lat' dir='ltr'><strong>sape</strong></span> <span class='ocrx_word' id='word_1_114' title='bbox 957 1742 1160 1808; x_wconf 79' lang='lat' dir='ltr'><strong>laudat,</strong></span> <span class='ocrx_word' id='word_1_115' title='bbox 1192 1749 1250 1798; x_wconf 89' lang='lat' dir='ltr'><strong>et</strong></span> <span class='ocrx_word' id='word_1_116' title='bbox 1270 1742 1572 1814; x_wconf 78' lang='lat' dir='ltr'><strong>fragmenta</strong></span> <span class='ocrx_word' id='word_1_117' title='bbox 1623 1736 1885 1811; x_wconf 86' lang='lat' dir='ltr'><strong>plurima,</strong></span> 
     </span>
    </p>
   </div>
   <div class='ocr_carea' id='block_1_16' title="bbox 322 1825 1882 1905">
    <p class='ocr_par' dir='ltr' id='par_1_16' title="bbox 322 1825 1882 1905">
     <span class='ocr_line' id='line_1_16' title="bbox 322 1825 1882 1905; baseline -0.001 -17"><span class='ocrx_word' id='word_1_118' title='bbox 322 1851 420 1890; x_wconf 81' lang='lat' dir='ltr'><strong>nec</strong></span> <span class='ocrx_word' id='word_1_119' title='bbox 440 1833 834 1890; x_wconf 83' lang='lat' dir='ltr'><strong>contemnenda</strong></span> <span class='ocrx_word' id='word_1_120' title='bbox 866 1833 1106 1905; x_wconf 80' lang='lat' dir='ltr'><strong>quidem,</strong></span> <span class='ocrx_word' id='word_1_121' title='bbox 1149 1840 1342 1889; x_wconf 81' lang='lat' dir='ltr'><strong>earum</strong></span> <span class='ocrx_word' id='word_1_122' title='bbox 1374 1825 1634 1896; x_wconf 76' lang='lat' dir='ltr'><strong>adducit;</strong></span> <span class='ocrx_word' id='word_1_123' title='bbox 1688 1832 1799 1887; x_wconf 89' lang='lat' dir='ltr'><strong>lmo</strong></span> <span class='ocrx_word' id='word_1_124' title='bbox 1827 1831 1882 1887; x_wconf 84' lang='lat' dir='ltr'><strong>in</strong></span> 
     </span>
    </p>
   </div>
   <div class='ocr_carea' id='block_1_17' title="bbox 326 1922 1883 1997">
    <p class='ocr_par' dir='ltr' id='par_1_17' title="bbox 326 1922 1883 1997">
     <span class='ocr_line' id='line_1_17' title="bbox 326 1922 1883 1997; baseline 0.001 -18"><span class='ocrx_word' id='word_1_125' title='bbox 326 1928 638 1997; x_wconf 83' lang='lat' dir='ltr'><strong>quibusdam</strong></span> <span class='ocrx_word' id='word_1_126' title='bbox 675 1926 809 1982; x_wconf 87' lang='lat' dir='ltr'><strong>locis</strong></span> <span class='ocrx_word' id='word_1_127' title='bbox 830 1926 1118 1983; x_wconf 78' lang='lat' dir='ltr'><strong>nonnullas</strong></span> <span class='ocrx_word' id='word_1_128' title='bbox 1142 1925 1307 1982; x_wconf 84' lang='lat' dir='ltr'><strong>etiam</strong></span> <span class='ocrx_word' id='word_1_129' title='bbox 1326 1925 1569 1997; x_wconf 79' lang='lat' dir='ltr'><strong>integras</strong></span> <span class='ocrx_word' id='word_1_130' title='bbox 1595 1922 1883 1982; x_wconf 85' lang='lat' dir='ltr'><strong>describit.</strong></span> 
     </span>
    </p>
   </div>
   <div class='ocr_carea' id='block_1_18' title="bbox 399 2016 1886 2089">
    <p class='ocr_par' dir='ltr' id='par_1_18' title="bbox 399 2016 1886 2089">
     <span class='ocr_line' id='line_1_18' title="bbox 399 2016 1886 2089; baseline 0 -18"><span class='ocrx_word' id='word_1_131' title='bbox 399 2018 504 2072; x_wconf 69' lang='lat' dir='ltr'><strong>Nos</strong></span> <span class='ocrx_word' id='word_1_132' title='bbox 532 2018 690 2089; x_wconf 78' lang='lat' dir='ltr'><strong>igitur</strong></span> <span class='ocrx_word' id='word_1_133' title='bbox 745 2017 943 2073; x_wconf 82' lang='lat' dir='ltr'><strong>horum</strong></span> <span class='ocrx_word' id='word_1_134' title='bbox 998 2018 1241 2074; x_wconf 84' lang='lat' dir='ltr'><strong>virorum</strong></span> <span class='ocrx_word' id='word_1_135' title='bbox 1304 2016 1886 2089; x_wconf 75' lang='lat' dir='ltr'><strong>praestantissimorum</strong></span> 
     </span>
    </p>
   </div>
   <div class='ocr_carea' id='block_1_19' title="bbox 302 2100 1886 2180">
    <p class='ocr_par' dir='ltr' id='par_1_19' title="bbox 302 2100 1886 2180">
     <span class='ocr_line' id='line_1_19' title="bbox 302 2100 1886 2180; baseline -0.013 -2"><span class='ocrx_word' id='word_1_136' title='bbox 302 2100 656 2177; x_wconf 57' lang='lat' dir='ltr'><strong>“propositum</strong></span> <span class='ocrx_word' id='word_1_137' title='bbox 686 2107 962 2164; x_wconf 82' lang='lat' dir='ltr'><strong>laudabile</strong></span> <span class='ocrx_word' id='word_1_138' title='bbox 989 2109 1187 2174; x_wconf 81' lang='lat' dir='ltr'><strong>secuti,</strong></span> <span class='ocrx_word' id='word_1_139' title='bbox 1219 2102 1725 2180; x_wconf 62' lang='lat' dir='ltr'><strong>nonnullas&#39;otyce</strong></span> <span class='ocrx_word' id='word_1_140' title='bbox 1755 2102 1886 2178; x_wconf 80' lang='lat' dir='ltr'><strong>Ept-</strong></span> 
     </span>
    </p>
   </div>
   <div class='ocr_carea' id='block_1_20' title="bbox 320 2201 1887 2267">
    <p class='ocr_par' dir='ltr' id='par_1_20' title="bbox 320 2201 1887 2267">
     <span class='ocr_line' id='line_1_20' title="bbox 320 2201 1887 2267; baseline 0.001 -12"><span class='ocrx_word' id='word_1_141' title='bbox 320 2201 489 2256; x_wconf 83' lang='lat' dir='ltr'><strong>stolas</strong></span> <span class='ocrx_word' id='word_1_142' title='bbox 512 2202 563 2255; x_wconf 87' lang='lat' dir='ltr'><strong>in</strong></span> <span class='ocrx_word' id='word_1_143' title='bbox 590 2201 767 2256; x_wconf 77' lang='lat' dir='ltr'><strong>lucem</strong></span> <span class='ocrx_word' id='word_1_144' title='bbox 800 2201 964 2257; x_wconf 84' lang='lat' dir='ltr'><strong>edere</strong></span> <span class='ocrx_word' id='word_1_145' title='bbox 988 2202 1234 2256; x_wconf 78' lang='lat' dir='ltr'><strong>animum</strong></span> <span class='ocrx_word' id='word_1_146' title='bbox 1283 2201 1619 2267; x_wconf 72' lang='lat' dir='ltr'><strong>indusimus,</strong></span> <span class='ocrx_word' id='word_1_147' title='bbox 1660 2206 1887 2257; x_wconf 65' lang='lat' dir='ltr'><strong>nostra-</strong></span> 
     </span>
    </p>
   </div>
   <div class='ocr_carea' id='block_1_21' title="bbox 318 2290 1888 2365">
    <p class='ocr_par' dir='ltr' id='par_1_21' title="bbox 318 2290 1888 2365">
     <span class='ocr_line' id='line_1_21' title="bbox 318 2290 1888 2365; baseline 0 -19"><span class='ocrx_word' id='word_1_148' title='bbox 318 2310 426 2365; x_wconf 87' lang='lat' dir='ltr'><strong>que</strong></span> <span class='ocrx_word' id='word_1_149' title='bbox 474 2294 773 2348; x_wconf 76' lang='grc' dir='ltr'><strong>ἁνεκδὸτων</strong></span> <span class='ocrx_word' id='word_1_150' title='bbox 829 2294 1170 2350; x_wconf 84' lang='lat' dir='ltr'><strong>collectionis</strong></span> <span class='ocrx_word' id='word_1_151' title='bbox 1213 2294 1367 2349; x_wconf 79' lang='lat' dir='ltr'><strong>vellit</strong></span> <span class='ocrx_word' id='word_1_152' title='bbox 1414 2293 1471 2349; x_wconf 81' lang='lat' dir='ltr'><strong>in</strong></span> <span class='ocrx_word' id='word_1_153' title='bbox 1524 2292 1649 2363; x_wconf 81' lang='lat' dir='ltr'><strong>ipsa</strong></span> <span class='ocrx_word' id='word_1_154' title='bbox 1699 2290 1888 2351; x_wconf 61' lang='lat' dir='ltr'><strong>fronte</strong></span> 
     </span>
    </p>
   </div>
   <div class='ocr_carea' id='block_1_22' title="bbox 319 2386 1891 2459">
    <p class='ocr_par' dir='ltr' id='par_1_22' title="bbox 319 2386 1891 2459">
     <span class='ocr_line' id='line_1_22' title="bbox 319 2386 1891 2459; baseline 0.001 -18"><span class='ocrx_word' id='word_1_155' title='bbox 319 2388 688 2451; x_wconf 73' lang='lat' dir='ltr'><strong>constituam;</strong></span> <span class='ocrx_word' id='word_1_156' title='bbox 722 2398 843 2443; x_wconf 74' lang='lat' dir='ltr'><strong>eam</strong></span> <span class='ocrx_word' id='word_1_157' title='bbox 868 2388 941 2443; x_wconf 88' lang='lat' dir='ltr'><strong>ob</strong></span> <span class='ocrx_word' id='word_1_158' title='bbox 971 2397 1352 2459; x_wconf 82' lang='lat' dir='ltr'><strong>argumentum</strong></span> <span class='ocrx_word' id='word_1_159' title='bbox 1388 2386 1572 2444; x_wconf 85' lang='lat' dir='ltr'><strong>nobile</strong></span> <span class='ocrx_word' id='word_1_160' title='bbox 1604 2392 1659 2442; x_wconf 88' lang='lat' dir='ltr'><strong>et</strong></span> <span class='ocrx_word' id='word_1_161' title='bbox 1709 2386 1891 2443; x_wconf 80' lang='lat' dir='ltr'><strong>excel-</strong></span> 
     </span>
    </p>
   </div>
   <div class='ocr_carea' id='block_1_23' title="bbox 316 2480 1888 2554">
    <p class='ocr_par' dir='ltr' id='par_1_23' title="bbox 316 2480 1888 2554">
     <span class='ocr_line' id='line_1_23' title="bbox 316 2480 1888 2554; baseline 0.001 -20"><span class='ocrx_word' id='word_1_162' title='bbox 316 2483 457 2546; x_wconf 72' lang='lat' dir='ltr'><strong>lens,</strong></span> <span class='ocrx_word' id='word_1_163' title='bbox 510 2490 697 2552; x_wconf 78' lang='lat' dir='ltr'><strong>utpote</strong></span> <span class='ocrx_word' id='word_1_164' title='bbox 735 2480 1141 2554; x_wconf 79' lang='lat' dir='ltr'><strong>theologicum,</strong></span> <span class='ocrx_word' id='word_1_165' title='bbox 1195 2488 1311 2535; x_wconf 86' lang='lat' dir='ltr'><strong>tum</strong></span> <span class='ocrx_word' id='word_1_166' title='bbox 1359 2480 1417 2536; x_wconf 88' lang='lat' dir='ltr'><strong>in</strong></span> <span class='ocrx_word' id='word_1_167' title='bbox 1456 2484 1888 2536; x_wconf 76' lang='lat' dir='ltr'><strong>memoratarum</strong></span> 
     </span>
    </p>
   </div>
   <div class='ocr_carea' id='block_1_24' title="bbox 314 2576 1887 2648">
    <p class='ocr_par' dir='ltr' id='par_1_24' title="bbox 314 2576 1887 2648">
     <span class='ocr_line' id='line_1_24' title="bbox 314 2576 1887 2648; baseline 0.001 -18"><span class='ocrx_word' id='word_1_168' title='bbox 314 2579 657 2646; x_wconf 71' lang='lat' dir='ltr'><strong>scriptorum</strong></span> <span class='ocrx_word' id='word_1_169' title='bbox 717 2577 888 2633; x_wconf 80' lang='lat' dir='ltr'><strong>laudis</strong></span> <span class='ocrx_word' id='word_1_170' title='bbox 942 2584 997 2634; x_wconf 90' lang='lat' dir='ltr'><strong>et</strong></span> <span class='ocrx_word' id='word_1_171' title='bbox 1042 2576 1419 2634; x_wconf 83' lang='lat' dir='ltr'><strong>venerationis</strong></span> <span class='ocrx_word' id='word_1_172' title='bbox 1479 2582 1887 2648; x_wconf 76' lang='lat' dir='ltr'><strong>argutuentum.</strong></span> 
     </span>
    </p>
   </div>
   <div class='ocr_carea' id='block_1_25' title="bbox 314 2668 1890 2738">
    <p class='ocr_par' dir='ltr' id='par_1_25' title="bbox 314 2668 1890 2738">
     <span class='ocr_line' id='line_1_25' title="bbox 314 2668 1890 2738; baseline 0.001 -14"><span class='ocrx_word' id='word_1_173' title='bbox 314 2672 456 2724; x_wconf 70' lang='lat' dir='ltr'><strong>tium</strong></span> <span class='ocrx_word' id='word_1_174' title='bbox 510 2671 656 2726; x_wconf 87' lang='lat' dir='ltr'><strong>enim</strong></span> <span class='ocrx_word' id='word_1_175' title='bbox 701 2670 752 2725; x_wconf 89' lang='lat' dir='ltr'><strong>in</strong></span> <span class='ocrx_word' id='word_1_176' title='bbox 799 2684 905 2728; x_wconf 89' lang='lat' dir='ltr'><strong>ms.</strong></span> <span class='ocrx_word' id='word_1_177' title='bbox 962 2668 1310 2726; x_wconf 57' lang='lat' dir='ltr'><strong>bibliothecae</strong></span> <span class='ocrx_word' id='word_1_178' title='bbox 1354 2668 1763 2738; x_wconf 66' lang='lat' dir='ltr'><strong>[liccat-dianae,</strong></span> <span class='ocrx_word' id='word_1_179' title='bbox 1800 2671 1890 2727; x_wconf 87' lang='lat' dir='ltr'><strong>cui</strong></span> 
     </span>
    </p>
   </div>
   <div class='ocr_carea' id='block_1_26' title="bbox 314 2756 1890 2841">
    <p class='ocr_par' dir='ltr' id='par_1_26' title="bbox 314 2756 1890 2841">
     <span class='ocr_line' id='line_1_26' title="bbox 314 2756 1890 2841; baseline 0.001 -24"><span class='ocrx_word' id='word_1_180' title='bbox 314 2768 581 2833; x_wconf 74' lang='lat' dir='ltr'><strong>praesum,</strong></span> <span class='ocrx_word' id='word_1_181' title='bbox 599 2763 842 2818; x_wconf 84' lang='lat' dir='ltr'><strong>codicem</strong></span> <span class='ocrx_word' id='word_1_182' title='bbox 861 2763 1054 2833; x_wconf 82' lang='lat' dir='ltr'><strong>quinto</strong></span> <span class='ocrx_word' id='word_1_183' title='bbox 1073 2762 1287 2841; x_wconf 81' lang='lat' dir='ltr'><strong>decimo</strong></span> <span class='ocrx_word' id='word_1_184' title='bbox 1304 2756 1549 2834; x_wconf 83' lang='lat' dir='ltr'><strong>quidem,</strong></span> <span class='ocrx_word' id='word_1_185' title='bbox 1579 2762 1890 2830; x_wconf 72' lang='lat' dir='ltr'><strong>utvidetur,</strong></span> 
     </span>
    </p>
   </div>
   <div class='ocr_carea' id='block_1_27' title="bbox 320 2846 1891 2929">
    <p class='ocr_par' dir='ltr' id='par_1_27' title="bbox 320 2846 1891 2929">
     <span class='ocr_line' id='line_1_27' title="bbox 320 2846 1891 2929; baseline 0.001 -18"><span class='ocrx_word' id='word_1_186' title='bbox 320 2855 539 2922; x_wconf 57' lang='lat' dir='ltr'><strong>saeculo,</strong></span> <span class='ocrx_word' id='word_1_187' title='bbox 586 2856 681 2911; x_wconf 80' lang='lat' dir='ltr'><strong>sed</strong></span> <span class='ocrx_word' id='word_1_188' title='bbox 731 2856 948 2928; x_wconf 72' lang='lat' dir='ltr'><strong>egregie</strong></span> <span class='ocrx_word' id='word_1_189' title='bbox 995 2860 1299 2927; x_wconf 79' lang='lat' dir='ltr'><strong>exacteque</strong></span> <span class='ocrx_word' id='word_1_190' title='bbox 1352 2846 1692 2929; x_wconf 79' lang='lat' dir='ltr'><strong>deserlptum</strong></span> <span class='ocrx_word' id='word_1_191' title='bbox 1751 2856 1891 2912; x_wconf 91' lang='lat' dir='ltr'><strong>inci-</strong></span> 
     </span>
    </p>
   </div>
   <div class='ocr_carea' id='block_1_28' title="bbox 320 2940 1889 3035">
    <p class='ocr_par' dir='ltr' id='par_1_28' title="bbox 320 2940 1889 3035">
     <span class='ocr_line' id='line_1_28' title="bbox 320 2940 1889 3035; baseline 0.003 -34"><span class='ocrx_word' id='word_1_192' title='bbox 320 2947 547 3015; x_wconf 69' lang='lat' dir='ltr'><strong>disserit,</strong></span> <span class='ocrx_word' id='word_1_193' title='bbox 601 2955 714 3016; x_wconf 82' lang='lat' dir='ltr'><strong>quo</strong></span> <span class='ocrx_word' id='word_1_194' title='bbox 768 2951 961 3035; x_wconf 72' lang='lat' dir='ltr'><strong>harum</strong></span> <span class='ocrx_word' id='word_1_195' title='bbox 1018 2940 1395 3021; x_wconf 78' lang='lat' dir='ltr'><strong>Epistolarum</strong></span> <span class='ocrx_word' id='word_1_196' title='bbox 1468 2942 1889 3022; x_wconf 76' lang='lat' dir='ltr'><strong>quatuordecim</strong></span> 
     </span>
    </p>
   </div>
   <div class='ocr_carea' id='block_1_29' title="bbox 320 3036 1893 3117">
    <p class='ocr_par' dir='ltr' id='par_1_29' title="bbox 320 3036 1893 3117">
     <span class='ocr_line' id='line_1_29' title="bbox 320 3036 1893 3117; baseline 0.004 -21"><span class='ocrx_word' id='word_1_197' title='bbox 320 3041 689 3110; x_wconf 77' lang='lat' dir='ltr'><strong>continemur,</strong></span> <span class='ocrx_word' id='word_1_198' title='bbox 717 3043 816 3100; x_wconf 82' lang='lat' dir='ltr'><strong>has</strong></span> <span class='ocrx_word' id='word_1_199' title='bbox 841 3044 1031 3101; x_wconf 77' lang='lat' dir='ltr'><strong>saltem</strong></span> <span class='ocrx_word' id='word_1_200' title='bbox 1056 3042 1278 3117; x_wconf 85' lang='lat' dir='ltr'><strong>publica</strong></span> <span class='ocrx_word' id='word_1_201' title='bbox 1330 3050 1441 3102; x_wconf 84' lang='lat' dir='ltr'><strong>non</strong></span> <span class='ocrx_word' id='word_1_202' title='bbox 1494 3036 1742 3103; x_wconf 83' lang='lat' dir='ltr'><strong>invidere</strong></span> <span class='ocrx_word' id='word_1_203' title='bbox 1778 3062 1893 3104; x_wconf 89' lang='lat' dir='ltr'><strong>me-</strong></span> 
     </span>
    </p>
   </div>
   <div class='ocr_carea' id='block_1_30' title="bbox 323 3129 1891 3212">
    <p class='ocr_par' dir='ltr' id='par_1_30' title="bbox 323 3129 1891 3212">
     <span class='ocr_line' id='line_1_30' title="bbox 323 3129 1891 3212; baseline 0.006 -24"><span class='ocrx_word' id='word_1_204' title='bbox 323 3142 452 3189; x_wconf 81' lang='lat' dir='ltr'><strong>eum</strong></span> <span class='ocrx_word' id='word_1_205' title='bbox 488 3136 601 3205; x_wconf 65' lang='lat' dir='ltr'><strong>ipSe</strong></span> <span class='ocrx_word' id='word_1_206' title='bbox 626 3133 950 3204; x_wconf 73' lang='lat' dir='ltr'><strong>deliberavi,</strong></span> <span class='ocrx_word' id='word_1_207' title='bbox 980 3129 1226 3210; x_wconf 77' lang='lat' dir='ltr'><strong>adedque</strong></span> <span class='ocrx_word' id='word_1_208' title='bbox 1256 3130 1522 3212; x_wconf 71' lang='lat' dir='ltr'><strong>exscripsi</strong></span> <span class='ocrx_word' id='word_1_209' title='bbox 1573 3155 1694 3197; x_wconf 88' lang='lat' dir='ltr'><strong>mea</strong></span> <span class='ocrx_word' id='word_1_210' title='bbox 1723 3156 1891 3198; x_wconf 89' lang='lat' dir='ltr'><strong>manu</strong></span> 
     </span>
    </p>
   </div>
   <div class='ocr_carea' id='block_1_31' title="bbox 318 3224 1964 3325">
    <p class='ocr_par' dir='ltr' id='par_1_31' title="bbox 318 3224 1964 3325">
     <span class='ocr_line' id='line_1_31' title="bbox 318 3224 1964 3325; baseline 0.004 -45"><span class='ocrx_word' id='word_1_211' title='bbox 318 3227 630 3298; x_wconf 74' lang='lat' dir='ltr'><strong>diligenter,</strong></span> <span class='ocrx_word' id='word_1_212' title='bbox 660 3237 725 3325; x_wconf 84' lang='lat' dir='ltr'><strong>et</strong></span> <span class='ocrx_word' id='word_1_213' title='bbox 747 3227 803 3284; x_wconf 87' lang='lat' dir='ltr'><strong>in</strong></span> <span class='ocrx_word' id='word_1_214' title='bbox 830 3225 1082 3325; x_wconf 64' lang='lat' dir='ltr'><strong>Latinam</strong></span> <span class='ocrx_word' id='word_1_215' title='bbox 1112 3224 1353 3302; x_wconf 77' lang='lat' dir='ltr'><strong>linguam</strong></span> <span class='ocrx_word' id='word_1_216' title='bbox 1379 3228 1570 3289; x_wconf 83' lang='lat' dir='ltr'><strong>sedulo</strong></span> <span class='ocrx_word' id='word_1_217' title='bbox 1616 3249 1719 3304; x_wconf 91' lang='lat' dir='ltr'><strong>pro</strong></span> <span class='ocrx_word' id='word_1_218' title='bbox 1744 3230 1892 3289; x_wconf 80' lang='lat' dir='ltr'><strong>virili</strong></span> <span class='ocrx_word' id='word_1_219' title='bbox 1916 3259 1964 3325; x_wconf 66' lang='grc' dir='ltr'>ο</span> 
     </span>
    </p>
   </div>
   <div class='ocr_carea' id='block_1_32' title="bbox 321 3318 1891 3394">
    <p class='ocr_par' dir='ltr' id='par_1_32' title="bbox 321 3318 1891 3394">
     <span class='ocr_line' id='line_1_32' title="bbox 321 3318 1891 3394; baseline 0.004 -19"><span class='ocrx_word' id='word_1_220' title='bbox 321 3322 975 3391; x_wconf 60' lang='lat' dir='ltr'><strong>accurateque-conserti.</strong></span> <span class='ocrx_word' id='word_1_221' title='bbox 1014 3318 1192 3394; x_wconf 76' lang='lat' dir='ltr'><strong>Hujus</strong></span> <span class='ocrx_word' id='word_1_222' title='bbox 1224 3327 1409 3379; x_wconf 85' lang='lat' dir='ltr'><strong>autem</strong></span> <span class='ocrx_word' id='word_1_223' title='bbox 1450 3328 1587 3381; x_wconf 60' lang='lat' dir='ltr'><strong>mea</strong></span> <span class='ocrx_word' id='word_1_224' title='bbox 1632 3324 1891 3382; x_wconf 85' lang='lat' dir='ltr'><strong>editionis</strong></span> 
     </span>
    </p>
   </div>
   <div class='ocr_carea' id='block_1_33' title="bbox 318 3406 1896 3487">
    <p class='ocr_par' dir='ltr' id='par_1_33' title="bbox 318 3406 1896 3487">
     <span class='ocr_line' id='line_1_33' title="bbox 318 3406 1896 3487; baseline 0.003 -20"><span class='ocrx_word' id='word_1_225' title='bbox 318 3414 597 3484; x_wconf 72' lang='lat' dir='ltr'><strong>specimen</strong></span> <span class='ocrx_word' id='word_1_226' title='bbox 626 3413 882 3471; x_wconf 79' lang='lat' dir='ltr'><strong>dederam</strong></span> <span class='ocrx_word' id='word_1_227' title='bbox 913 3416 970 3470; x_wconf 86' lang='lat' dir='ltr'><strong>in</strong></span> <span class='ocrx_word' id='word_1_228' title='bbox 998 3410 1315 3487; x_wconf 82' lang='lat' dir='ltr'><strong>Appendice</strong></span> <span class='ocrx_word' id='word_1_229' title='bbox 1349 3406 1571 3472; x_wconf 82' lang='lat' dir='ltr'><strong>illorum</strong></span> <span class='ocrx_word' id='word_1_230' title='bbox 1596 3412 1896 3473; x_wconf 73' lang='lat' dir='ltr'><strong>Gemmeu-</strong></span> 
     </span>
    </p>
   </div>
   <div class='ocr_carea' id='block_1_34' title="bbox 322 3502 1890 3579">
    <p class='ocr_par' dir='ltr' id='par_1_34' title="bbox 322 3502 1890 3579">
     <span class='ocr_line' id='line_1_34' title="bbox 322 3502 1890 3579; baseline 0.003 -18"><span class='ocrx_word' id='word_1_231' title='bbox 322 3508 611 3574; x_wconf 73' lang='lat' dir='ltr'><strong>tarlorum,</strong></span> <span class='ocrx_word' id='word_1_232' title='bbox 670 3505 867 3579; x_wconf 78' lang='lat' dir='ltr'><strong>quibus</strong></span> <span class='ocrx_word' id='word_1_233' title='bbox 905 3502 985 3563; x_wconf 85' lang='lat' dir='ltr'><strong>De</strong></span> <span class='ocrx_word' id='word_1_234' title='bbox 1016 3514 1161 3564; x_wconf 73' lang='lat' dir='ltr'><strong>read</strong></span> <span class='ocrx_word' id='word_1_235' title='bbox 1215 3506 1641 3566; x_wconf 68' lang='lat' dir='ltr'><strong>Chrlat‘ianorum</strong></span> <span class='ocrx_word' id='word_1_236' title='bbox 1699 3511 1758 3566; x_wconf 77' lang='lat' dir='ltr'><strong>in</strong></span> <span class='ocrx_word' id='word_1_237' title='bbox 1807 3527 1890 3578; x_wconf 86' lang='lat' dir='ltr'><strong>eo,</strong></span> 
     </span>
    </p>
   </div>
   <div class='ocr_carea' id='block_1_35' title="bbox 321 3596 1891 3670">
    <p class='ocr_par' dir='ltr' id='par_1_35' title="bbox 321 3596 1891 3670">
     <span class='ocr_line' id='line_1_35' title="bbox 321 3596 1891 3670; baseline 0.004 -18"><span class='ocrx_word' id='word_1_238' title='bbox 321 3599 465 3669; x_wconf 77' lang='lat' dir='ltr'><strong>quod</strong></span> <span class='ocrx_word' id='word_1_239' title='bbox 486 3600 789 3670; x_wconf 69' lang='lat' dir='ltr'><strong>mysterium</strong></span> <span class='ocrx_word' id='word_1_240' title='bbox 819 3596 1010 3657; x_wconf 62' lang='lat' dir='ltr'><strong>diuinis</strong></span> <span class='ocrx_word' id='word_1_241' title='bbox 1036 3596 1315 3658; x_wconf 69' lang='lat' dir='ltr'><strong>Trinitatis</strong></span> <span class='ocrx_word' id='word_1_242' title='bbox 1350 3603 1563 3668; x_wconf 76' lang='lat' dir='ltr'><strong>attinet,</strong></span> <span class='ocrx_word' id='word_1_243' title='bbox 1599 3604 1891 3670; x_wconf 73' lang='lat' dir='ltr'><strong>sententia,</strong></span> 
     </span>
    </p>
   </div>
   <div class='ocr_carea' id='block_1_36' title="bbox 320 3691 1892 3768">
    <p class='ocr_par' dir='ltr' id='par_1_36' title="bbox 320 3691 1892 3768">
     <span class='ocr_line' id='line_1_36' title="bbox 320 3691 1892 3768; baseline 0.005 -22"><span class='ocrx_word' id='word_1_244' title='bbox 320 3693 544 3747; x_wconf 77' lang='lat' dir='ltr'><strong>titulum</strong></span> <span class='ocrx_word' id='word_1_245' title='bbox 613 3691 713 3750; x_wconf 86' lang='lat' dir='ltr'><strong>l&#39;eci</strong></span> <span class='ocrx_word' id='word_1_246' title='bbox 742 3734 759 3761; x_wconf 90' lang='lat'><strong>,</strong></span> <span class='ocrx_word' id='word_1_247' title='bbox 815 3704 1243 3751; x_wconf 81' lang='lat' dir='ltr'><strong>memoratarum</strong></span> <span class='ocrx_word' id='word_1_248' title='bbox 1299 3695 1672 3768; x_wconf 79' lang='lat' dir='ltr'><strong>EpiStolarum</strong></span> <span class='ocrx_word' id='word_1_249' title='bbox 1731 3698 1892 3756; x_wconf 91' lang='lat' dir='ltr'><strong>tertia</strong></span> 
     </span>
    </p>
   </div>
   <div class='ocr_carea' id='block_1_37' title="bbox 321 3785 1894 3868">
    <p class='ocr_par' dir='ltr' id='par_1_37' title="bbox 321 3785 1894 3868">
     <span class='ocr_line' id='line_1_37' title="bbox 321 3785 1894 3868; baseline 0.005 -27"><span class='ocrx_word' id='word_1_250' title='bbox 321 3785 511 3868; x_wconf 64' lang='lat' dir='ltr'><strong>Graece</strong></span> <span class='ocrx_word' id='word_1_251' title='bbox 534 3798 598 3842; x_wconf 87' lang='lat' dir='ltr'><strong>ac</strong></span> <span class='ocrx_word' id='word_1_252' title='bbox 623 3787 814 3844; x_wconf 76' lang='lat' dir='ltr'><strong>Latine</strong></span> <span class='ocrx_word' id='word_1_253' title='bbox 842 3788 1044 3860; x_wconf 83' lang='lat' dir='ltr'><strong>publici</strong></span> <span class='ocrx_word' id='word_1_254' title='bbox 1070 3788 1210 3858; x_wconf 73' lang='lat' dir='ltr'><strong>iuris</strong></span> <span class='ocrx_word' id='word_1_255' title='bbox 1240 3789 1418 3847; x_wconf 78' lang='lat' dir='ltr'><strong>facta:</strong></span> <span class='ocrx_word' id='word_1_256' title='bbox 1448 3790 1635 3863; x_wconf 87' lang='lat' dir='ltr'><strong>ibique</strong></span> <span class='ocrx_word' id='word_1_257' title='bbox 1660 3791 1774 3862; x_wconf 80' lang='lat' dir='ltr'><strong>iam</strong></span> <span class='ocrx_word' id='word_1_258' title='bbox 1803 3806 1894 3849; x_wconf 87' lang='lat' dir='ltr'><strong>me</strong></span> 
     </span>
    </p>
   </div>
   <div class='ocr_carea' id='block_1_38' title="bbox 324 3878 1893 3952">
    <p class='ocr_par' dir='ltr' id='par_1_38' title="bbox 324 3878 1893 3952">
     <span class='ocr_line' id='line_1_38' title="bbox 324 3878 1893 3952; baseline 0.006 -22"><span class='ocrx_word' id='word_1_259' title='bbox 324 3879 462 3933; x_wconf 79' lang='lat' dir='ltr'><strong>olim</strong></span> <span class='ocrx_word' id='word_1_260' title='bbox 498 3886 713 3936; x_wconf 79' lang='lat' dir='ltr'><strong>caeteras</strong></span> <span class='ocrx_word' id='word_1_261' title='bbox 744 3884 963 3952; x_wconf 81' lang='lat' dir='ltr'><strong>quoque</strong></span> <span class='ocrx_word' id='word_1_262' title='bbox 985 3911 1004 3948; x_wconf 57' lang='grc' dir='ltr'><em>ε</em></span> <span class='ocrx_word' id='word_1_263' title='bbox 1053 3884 1192 3952; x_wconf 83' lang='lat' dir='ltr'><strong>quas</strong></span> <span class='ocrx_word' id='word_1_264' title='bbox 1219 3878 1568 3951; x_wconf 78' lang='lat' dir='ltr'><strong>habuissem,</strong></span> <span class='ocrx_word' id='word_1_265' title='bbox 1610 3882 1893 3939; x_wconf 86' lang='lat' dir='ltr'><strong>editurum</strong></span> 
     </span>
    </p>
   </div>
   <div class='ocr_carea' id='block_1_39' title="bbox 324 3952 1893 4044">
    <p class='ocr_par' dir='ltr' id='par_1_39' title="bbox 324 3952 1893 4044">
     <span class='ocr_line' id='line_1_39' title="bbox 324 3952 1893 4044; baseline 0.003 -19"><span class='ocrx_word' id='word_1_266' title='bbox 324 3984 680 4039; x_wconf 82' lang='lat' dir='ltr'><strong>receperam:</strong></span> <span class='ocrx_word' id='word_1_267' title='bbox 735 3983 904 4044; x_wconf 83' lang='lat' dir='ltr'><strong>quare</strong></span> <span class='ocrx_word' id='word_1_268' title='bbox 961 3987 1112 4029; x_wconf 89' lang='lat' dir='ltr'><strong>nunc</strong></span> <span class='ocrx_word' id='word_1_269' title='bbox 1144 3971 1305 4029; x_wconf 82' lang='lat' dir='ltr'><strong>ﬁdem</strong></span> <span class='ocrx_word' id='word_1_270' title='bbox 1338 3972 1534 4030; x_wconf 89' lang='lat' dir='ltr'><strong>libero.</strong></span> <span class='ocrx_word' id='word_1_271' title='bbox 1589 3952 1737 4029; x_wconf 58' lang='lat' dir='ltr'><strong>luteiC</strong></span> <span class='ocrx_word' id='word_1_272' title='bbox 1793 3974 1893 4030; x_wconf 86' lang='lat' dir='ltr'><strong>has</strong></span> 
     </span>
    </p>
   </div>
   <div class='ocr_carea' id='block_1_40' title="bbox 321 4062 1893 4138">
    <p class='ocr_par' dir='ltr' id='par_1_40' title="bbox 321 4062 1893 4138">
     <span class='ocr_line' id='line_1_40' title="bbox 321 4062 1893 4138; baseline 0.001 -20"><span class='ocrx_word' id='word_1_273' title='bbox 321 4062 546 4134; x_wconf 79' lang='lat' dir='ltr'><strong>quidem</strong></span> <span class='ocrx_word' id='word_1_274' title='bbox 584 4074 683 4120; x_wconf 87' lang='lat' dir='ltr'><strong>non</strong></span> <span class='ocrx_word' id='word_1_275' title='bbox 729 4078 825 4122; x_wconf 83' lang='lat' dir='ltr'><strong>eas</strong></span> <span class='ocrx_word' id='word_1_276' title='bbox 884 4075 1094 4121; x_wconf 80' lang='lat' dir='ltr'><strong>tantum</strong></span> <span class='ocrx_word' id='word_1_277' title='bbox 1124 4064 1428 4136; x_wconf 81' lang='lat' dir='ltr'><strong>proferam,</strong></span> <span class='ocrx_word' id='word_1_278' title='bbox 1461 4078 1584 4138; x_wconf 69' lang='lat' dir='ltr'><strong>quae</strong></span> <span class='ocrx_word' id='word_1_279' title='bbox 1614 4065 1893 4121; x_wconf 78' lang='grc' dir='ltr'><strong>ἀνέκδοτοι</strong></span> 
     </span>
    </p>
   </div>
   <div class='ocr_carea' id='block_1_41' title="bbox 333 4156 1892 4233">
    <p class='ocr_par' dir='ltr' id='par_1_41' title="bbox 333 4156 1892 4233">
     <span class='ocr_line' id='line_1_41' title="bbox 333 4156 1892 4233; baseline 0.003 -20"><span class='ocrx_word' id='word_1_280' title='bbox 333 4168 477 4227; x_wconf 79' lang='lat' dir='ltr'><strong>sunt,</strong></span> <span class='ocrx_word' id='word_1_281' title='bbox 502 4156 595 4215; x_wconf 87' lang='lat' dir='ltr'><strong>sed</strong></span> <span class='ocrx_word' id='word_1_282' title='bbox 629 4164 688 4216; x_wconf 90' lang='lat' dir='ltr'><strong>ut</strong></span> <span class='ocrx_word' id='word_1_283' title='bbox 712 4176 852 4233; x_wconf 87' lang='lat' dir='ltr'><strong>opus</strong></span> <span class='ocrx_word' id='word_1_284' title='bbox 877 4160 1184 4232; x_wconf 83' lang='lat' dir='ltr'><strong>perfectum</strong></span> <span class='ocrx_word' id='word_1_285' title='bbox 1227 4170 1283 4217; x_wconf 84' lang='lat' dir='ltr'><strong>et</strong></span> <span class='ocrx_word' id='word_1_286' title='bbox 1329 4162 1668 4229; x_wconf 82' lang='lat' dir='ltr'><strong>absolutum,</strong></span> <span class='ocrx_word' id='word_1_287' title='bbox 1712 4162 1892 4233; x_wconf 84' lang='lat' dir='ltr'><strong>quoad</strong></span> 
     </span>
    </p>
   </div>
   <div class='ocr_carea' id='block_1_42' title="bbox 337 4246 1893 4328">
    <p class='ocr_par' dir='ltr' id='par_1_42' title="bbox 337 4246 1893 4328">
     <span class='ocr_line' id='line_1_42' title="bbox 337 4246 1893 4328; baseline 0.006 -26"><span class='ocrx_word' id='word_1_288' title='bbox 337 4246 441 4305; x_wconf 73' lang='lat' dir='ltr'><strong>ﬁeri</strong></span> <span class='ocrx_word' id='word_1_289' title='bbox 464 4260 661 4322; x_wconf 84' lang='lat' dir='ltr'><strong>potest,</strong></span> <span class='ocrx_word' id='word_1_290' title='bbox 692 4255 946 4321; x_wconf 77' lang='lat' dir='ltr'><strong>exsistat,</strong></span> <span class='ocrx_word' id='word_1_291' title='bbox 995 4256 1064 4314; x_wconf 89' lang='lat' dir='ltr'><strong>iis</strong></span> <span class='ocrx_word' id='word_1_292' title='bbox 1116 4266 1219 4314; x_wconf 84' lang='lat' dir='ltr'><strong>suo</strong></span> <span class='ocrx_word' id='word_1_293' title='bbox 1258 4257 1379 4312; x_wconf 68' lang='grc' dir='ltr'><strong>Ιοεο</strong></span> <span class='ocrx_word' id='word_1_294' title='bbox 1408 4267 1464 4313; x_wconf 91' lang='lat' dir='ltr'><strong>et</strong></span> <span class='ocrx_word' id='word_1_295' title='bbox 1494 4254 1633 4323; x_wconf 87' lang='lat' dir='ltr'><strong>illas,</strong></span> <span class='ocrx_word' id='word_1_296' title='bbox 1669 4271 1790 4328; x_wconf 84' lang='lat' dir='ltr'><strong>quae</strong></span> <span class='ocrx_word' id='word_1_297' title='bbox 1824 4256 1893 4312; x_wconf 90' lang='lat' dir='ltr'><strong>ab</strong></span> 
     </span>
    </p>
   </div>
   <div class='ocr_carea' id='block_1_43' title="bbox 332 4344 1889 4422">
    <p class='ocr_par' dir='ltr' id='par_1_43' title="bbox 332 4344 1889 4422">
     <span class='ocr_line' id='line_1_43' title="bbox 332 4344 1889 4422; baseline 0.004 -24"><span class='ocrx_word' id='word_1_298' title='bbox 332 4344 447 4402; x_wconf 75' lang='lat' dir='ltr'><strong>aliis</strong></span> <span class='ocrx_word' id='word_1_299' title='bbox 473 4347 633 4402; x_wconf 74' lang='lat' dir='ltr'><strong>edita:</strong></span> <span class='ocrx_word' id='word_1_300' title='bbox 664 4345 901 4416; x_wconf 86' lang='lat' dir='ltr'><strong>fuerunt,</strong></span> <span class='ocrx_word' id='word_1_301' title='bbox 936 4350 1259 4407; x_wconf 84' lang='lat' dir='ltr'><strong>interseram</strong></span> <span class='ocrx_word' id='word_1_302' title='bbox 1290 4367 1304 4405; x_wconf 88' lang='lat'><strong>:</strong></span> <span class='ocrx_word' id='word_1_303' title='bbox 1343 4348 1645 4422; x_wconf 77' lang='lat' dir='ltr'><strong>fragmenta</strong></span> <span class='ocrx_word' id='word_1_304' title='bbox 1702 4349 1889 4417; x_wconf 85' lang='lat' dir='ltr'><strong>etiam,</strong></span> 
     </span>
    </p>
   </div>
   <div class='ocr_carea' id='block_1_44' title="bbox 328 4437 1893 4515">
    <p class='ocr_par' dir='ltr' id='par_1_44' title="bbox 328 4437 1893 4515">
     <span class='ocr_line' id='line_1_44' title="bbox 328 4437 1893 4515; baseline 0.002 -23"><span class='ocrx_word' id='word_1_305' title='bbox 328 4440 688 4511; x_wconf 84' lang='lat' dir='ltr'><strong>undecunque</strong></span> <span class='ocrx_word' id='word_1_306' title='bbox 762 4442 1053 4499; x_wconf 85' lang='lat' dir='ltr'><strong>corradere</strong></span> <span class='ocrx_word' id='word_1_307' title='bbox 1103 4443 1342 4515; x_wconf 80' lang='lat' dir='ltr'><strong>licuerit,</strong></span> <span class='ocrx_word' id='word_1_308' title='bbox 1381 4442 1679 4513; x_wconf 84' lang='lat' dir='ltr'><strong>adjiciam:</strong></span> <span class='ocrx_word' id='word_1_309' title='bbox 1714 4451 1770 4497; x_wconf 91' lang='lat' dir='ltr'><strong>et</strong></span> <span class='ocrx_word' id='word_1_310' title='bbox 1798 4437 1893 4496; x_wconf 90' lang='lat' dir='ltr'><strong>ubi</strong></span> 
     </span>
    </p>
   </div>
   <div class='ocr_carea' id='block_1_45' title="bbox 328 4530 1891 4605">
    <p class='ocr_par' dir='ltr' id='par_1_45' title="bbox 328 4530 1891 4605">
     <span class='ocr_line' id='line_1_45' title="bbox 328 4530 1891 4605; baseline 0.001 -19"><span class='ocrx_word' id='word_1_311' title='bbox 328 4530 442 4601; x_wconf 83' lang='lat' dir='ltr'><strong>plus</strong></span> <span class='ocrx_word' id='word_1_312' title='bbox 467 4543 725 4603; x_wconf 79' lang='lat' dir='ltr'><strong>przestare</strong></span> <span class='ocrx_word' id='word_1_313' title='bbox 758 4545 866 4591; x_wconf 88' lang='lat' dir='ltr'><strong>non</strong></span> <span class='ocrx_word' id='word_1_314' title='bbox 904 4533 1144 4604; x_wconf 82' lang='lat' dir='ltr'><strong>dabitur,</strong></span> <span class='ocrx_word' id='word_1_315' title='bbox 1175 4536 1370 4593; x_wconf 85' lang='lat' dir='ltr'><strong>saltem</strong></span> <span class='ocrx_word' id='word_1_316' title='bbox 1419 4533 1756 4605; x_wconf 85' lang='lat' dir='ltr'><strong>reliquarum</strong></span> <span class='ocrx_word' id='word_1_317' title='bbox 1784 4548 1891 4588; x_wconf 64' lang='grc' dir='ltr'><strong>ιιιιδ</strong></span> 
     </span>
    </p>
   </div>
   <div class='ocr_carea' id='block_1_46' title="bbox 1984 621 3564 694">
    <p class='ocr_par' dir='ltr' id='par_1_46' title="bbox 1984 621 3564 694">
     <span class='ocr_line' id='line_1_46' title="bbox 1984 621 3564 694; baseline -0.008 -7"><span class='ocrx_word' id='word_1_318' title='bbox 1984 638 2041 687; x_wconf 88' lang='lat' dir='ltr'><strong>et</strong></span> <span class='ocrx_word' id='word_1_319' title='bbox 2073 630 2246 687; x_wconf 89' lang='lat' dir='ltr'><strong>titulis</strong></span> <span class='ocrx_word' id='word_1_320' title='bbox 2310 629 2442 685; x_wconf 91' lang='lat' dir='ltr'><strong>illud</strong></span> <span class='ocrx_word' id='word_1_321' title='bbox 2472 628 2601 683; x_wconf 90' lang='lat' dir='ltr'><strong>novi</strong></span> <span class='ocrx_word' id='word_1_322' title='bbox 2636 628 2829 684; x_wconf 85' lang='lat' dir='ltr'><strong>saltem</strong></span> <span class='ocrx_word' id='word_1_323' title='bbox 2856 625 3105 691; x_wconf 85' lang='lat' dir='ltr'><strong>accedet,</strong></span> <span class='ocrx_word' id='word_1_324' title='bbox 3136 623 3279 694; x_wconf 85' lang='lat' dir='ltr'><strong>quod</strong></span> <span class='ocrx_word' id='word_1_325' title='bbox 3304 636 3430 676; x_wconf 89' lang='lat' dir='ltr'><strong>cum</strong></span> <span class='ocrx_word' id='word_1_326' title='bbox 3463 621 3564 675; x_wconf 81' lang='lat' dir='ltr'><strong>La-</strong></span> 
     </span>
    </p>
   </div>
   <div class='ocr_carea' id='block_1_47' title="bbox 1988 713 3562 795">
    <p class='ocr_par' dir='ltr' id='par_1_47' title="bbox 1988 713 3562 795">
     <span class='ocr_line' id='line_1_47' title="bbox 1988 713 3562 795; baseline -0.009 -15"><span class='ocrx_word' id='word_1_327' title='bbox 1988 726 2098 780; x_wconf 90' lang='lat' dir='ltr'><strong>tina</strong></span> <span class='ocrx_word' id='word_1_328' title='bbox 2130 722 2591 795; x_wconf 83' lang='lat' dir='ltr'><strong>interpretatione</strong></span> <span class='ocrx_word' id='word_1_329' title='bbox 2625 720 2950 791; x_wconf 79' lang='lat' dir='ltr'><strong>prodibant.</strong></span> <span class='ocrx_word' id='word_1_330' title='bbox 2994 714 3147 773; x_wconf 82' lang='lat' dir='ltr'><strong>Adde</strong></span> <span class='ocrx_word' id='word_1_331' title='bbox 3181 713 3326 786; x_wconf 91' lang='lat' dir='ltr'><strong>quod</strong></span> <span class='ocrx_word' id='word_1_332' title='bbox 3359 718 3562 784; x_wconf 84' lang='lat' dir='ltr'><strong>oppor-</strong></span> 
     </span>
    </p>
   </div>
   <div class='ocr_carea' id='block_1_48' title="bbox 1987 811 3558 881">
    <p class='ocr_par' dir='ltr' id='par_1_48' title="bbox 1987 811 3558 881">
     <span class='ocr_line' id='line_1_48' title="bbox 1987 811 3558 881; baseline -0.01 -7"><span class='ocrx_word' id='word_1_333' title='bbox 1987 828 2118 874; x_wconf 91' lang='lat' dir='ltr'><strong>tuna</strong></span> <span class='ocrx_word' id='word_1_334' title='bbox 2158 816 2362 874; x_wconf 81' lang='lat' dir='ltr'><strong>scholia</strong></span> <span class='ocrx_word' id='word_1_335' title='bbox 2409 814 2707 872; x_wconf 89' lang='lat' dir='ltr'><strong>identidem</strong></span> <span class='ocrx_word' id='word_1_336' title='bbox 2738 811 3115 881; x_wconf 83' lang='lat' dir='ltr'><strong>ascripsimus,</strong></span> <span class='ocrx_word' id='word_1_337' title='bbox 3146 817 3201 863; x_wconf 91' lang='lat' dir='ltr'><strong>et</strong></span> <span class='ocrx_word' id='word_1_338' title='bbox 3232 815 3558 879; x_wconf 84' lang='lat' dir='ltr'><strong>perpetuum</strong></span> 
     </span>
    </p>
   </div>
   <div class='ocr_carea' id='block_1_49' title="bbox 1985 890 3563 982">
    <p class='ocr_par' dir='ltr' id='par_1_49' title="bbox 1985 890 3563 982">
     <span class='ocr_line' id='line_1_49' title="bbox 1985 890 3563 982; baseline -0.009 -18"><span class='ocrx_word' id='word_1_339' title='bbox 1985 919 2156 982; x_wconf 85' lang='lat' dir='ltr'><strong>prope</strong></span> <span class='ocrx_word' id='word_1_340' title='bbox 2179 890 2648 966; x_wconf 81' lang='lat' dir='ltr'><strong>commentarium</strong></span> <span class='ocrx_word' id='word_1_341' title='bbox 2681 905 3047 961; x_wconf 81' lang='lat' dir='ltr'><strong>attexuimns.</strong></span> <span class='ocrx_word' id='word_1_342' title='bbox 3083 902 3138 957; x_wconf 92' lang='lat' dir='ltr'><strong>Id</strong></span> <span class='ocrx_word' id='word_1_343' title='bbox 3169 900 3317 971; x_wconf 88' lang='lat' dir='ltr'><strong>quod</strong></span> <span class='ocrx_word' id='word_1_344' title='bbox 3356 904 3563 953; x_wconf 80' lang='lat' dir='ltr'><strong>novnm‘</strong></span> 
     </span>
    </p>
   </div>
   <div class='ocr_carea' id='block_1_50' title="bbox 1986 994 3564 1074">
    <p class='ocr_par' dir='ltr' id='par_1_50' title="bbox 1986 994 3564 1074">
     <span class='ocr_line' id='line_1_50' title="bbox 1986 994 3564 1074; baseline -0.01 -12"><span class='ocrx_word' id='word_1_345' title='bbox 1986 1005 2178 1062; x_wconf 87' lang='lat' dir='ltr'><strong>saltem</strong></span> <span class='ocrx_word' id='word_1_346' title='bbox 2197 1004 2304 1061; x_wconf 90' lang='lat' dir='ltr'><strong>erit</strong></span> <span class='ocrx_word' id='word_1_347' title='bbox 2324 1004 2378 1060; x_wconf 92' lang='lat' dir='ltr'><strong>in</strong></span> <span class='ocrx_word' id='word_1_348' title='bbox 2414 1002 2485 1059; x_wconf 91' lang='lat' dir='ltr'><strong>iis</strong></span> <span class='ocrx_word' id='word_1_349' title='bbox 2513 1017 2650 1074; x_wconf 85' lang='lat' dir='ltr'><strong>quas</strong></span> <span class='ocrx_word' id='word_1_350' title='bbox 2678 1001 2791 1057; x_wconf 88' lang='lat' dir='ltr'><strong>Leo</strong></span> <span class='ocrx_word' id='word_1_351' title='bbox 2817 994 3052 1054; x_wconf 79' lang='lat' dir='ltr'><strong>Allatius</strong></span> <span class='ocrx_word' id='word_1_352' title='bbox 3074 997 3280 1059; x_wconf 86' lang='lat' dir='ltr'><strong>edidit;</strong></span> <span class='ocrx_word' id='word_1_353' title='bbox 3314 1011 3439 1049; x_wconf 88' lang='lat' dir='ltr'><strong>nam</strong></span> <span class='ocrx_word' id='word_1_354' title='bbox 3471 1010 3564 1047; x_wconf 87' lang='lat' dir='ltr'><strong>eas</strong></span> 
     </span>
    </p>
   </div>
   <div class='ocr_carea' id='block_1_51' title="bbox 1985 1087 3565 1164">
    <p class='ocr_par' dir='ltr' id='par_1_51' title="bbox 1985 1087 3565 1164">
     <span class='ocr_line' id='line_1_51' title="bbox 1985 1087 3565 1164; baseline -0.011 -10"><span class='ocrx_word' id='word_1_355' title='bbox 1985 1102 2042 1154; x_wconf 86' lang='lat' dir='ltr'><strong>et</strong></span> <span class='ocrx_word' id='word_1_356' title='bbox 2064 1098 2252 1155; x_wconf 61' lang='lat' dir='ltr'><strong>Graece</strong></span> <span class='ocrx_word' id='word_1_357' title='bbox 2275 1100 2332 1155; x_wconf 86' lang='lat' dir='ltr'><strong>et</strong></span> <span class='ocrx_word' id='word_1_358' title='bbox 2360 1096 2577 1164; x_wconf 87' lang='lat' dir='ltr'><strong>Latine,</strong></span> <span class='ocrx_word' id='word_1_359' title='bbox 2604 1106 2660 1151; x_wconf 89' lang='lat' dir='ltr'><strong>et</strong></span> <span class='ocrx_word' id='word_1_360' title='bbox 2688 1090 3160 1163; x_wconf 75' lang='lat' dir='ltr'><strong>castigatissimas,</strong></span> <span class='ocrx_word' id='word_1_361' title='bbox 3190 1104 3311 1161; x_wconf 80' lang='lat' dir='ltr'><strong>qua:</strong></span> <span class='ocrx_word' id='word_1_362' title='bbox 3338 1089 3441 1142; x_wconf 79' lang='lat' dir='ltr'><strong>fuit</strong></span> <span class='ocrx_word' id='word_1_363' title='bbox 3464 1087 3565 1139; x_wconf 63' lang='lat' dir='ltr'><strong>viri</strong></span> 
     </span>
    </p>
   </div>
   <div class='ocr_carea' id='block_1_52' title="bbox 1987 1175 3566 1261">
    <p class='ocr_par' dir='ltr' id='par_1_52' title="bbox 1987 1175 3566 1261">
     <span class='ocr_line' id='line_1_52' title="bbox 1987 1175 3566 1261; baseline -0.011 -13"><span class='ocrx_word' id='word_1_364' title='bbox 1987 1186 2271 1261; x_wconf 74' lang='lat' dir='ltr'><strong>diligentia</strong></span> <span class='ocrx_word' id='word_1_365' title='bbox 2331 1197 2387 1246; x_wconf 80' lang='lat' dir='ltr'><strong>et</strong></span> <span class='ocrx_word' id='word_1_366' title='bbox 2433 1175 2692 1257; x_wconf 78' lang='lat' dir='ltr'><strong>eruditio,</strong></span> <span class='ocrx_word' id='word_1_367' title='bbox 2726 1185 3025 1258; x_wconf 79' lang='lat' dir='ltr'><strong>evulgavit.</strong></span> <span class='ocrx_word' id='word_1_368' title='bbox 3059 1182 3177 1239; x_wconf 86' lang='lat' dir='ltr'><strong>Non</strong></span> <span class='ocrx_word' id='word_1_369' title='bbox 3208 1183 3352 1252; x_wconf 86' lang='lat' dir='ltr'><strong>quod</strong></span> <span class='ocrx_word' id='word_1_370' title='bbox 3389 1179 3566 1234; x_wconf 84' lang='lat' dir='ltr'><strong>nostri</strong></span> 
     </span>
    </p>
   </div>
   <div class='ocr_carea' id='block_1_53' title="bbox 1985 1268 3564 1357">
    <p class='ocr_par' dir='ltr' id='par_1_53' title="bbox 1985 1268 3564 1357">
     <span class='ocr_line' id='line_1_53' title="bbox 1985 1268 3564 1357; baseline -0.01 -16"><span class='ocrx_word' id='word_1_371' title='bbox 1985 1280 2255 1357; x_wconf 80' lang='lat' dir='ltr'><strong>prdpositi</strong></span> <span class='ocrx_word' id='word_1_372' title='bbox 2313 1299 2442 1355; x_wconf 87' lang='lat' dir='ltr'><strong>pars</strong></span> <span class='ocrx_word' id='word_1_373' title='bbox 2485 1279 2577 1351; x_wconf 83' lang='lat' dir='ltr'><strong>sit,</strong></span> <span class='ocrx_word' id='word_1_374' title='bbox 2623 1279 2762 1337; x_wconf 89' lang='lat' dir='ltr'><strong>adeo</strong></span> <span class='ocrx_word' id='word_1_375' title='bbox 2809 1268 3119 1350; x_wconf 74' lang='lat' dir='ltr'><strong>frequentia</strong></span> <span class='ocrx_word' id='word_1_376' title='bbox 3172 1285 3229 1330; x_wconf 83' lang='lat' dir='ltr'><strong>et</strong></span> <span class='ocrx_word' id='word_1_377' title='bbox 3272 1273 3564 1344; x_wconf 80' lang='lat' dir='ltr'><strong>prolixiora</strong></span> 
     </span>
    </p>
   </div>
   <div class='ocr_carea' id='block_1_54' title="bbox 1986 1368 3569 1447">
    <p class='ocr_par' dir='ltr' id='par_1_54' title="bbox 1986 1368 3569 1447">
     <span class='ocr_line' id='line_1_54' title="bbox 1986 1368 3569 1447; baseline -0.012 -11"><span class='ocrx_word' id='word_1_378' title='bbox 1986 1379 2150 1436; x_wconf 83' lang='lat' dir='ltr'><strong>etiam</strong></span> <span class='ocrx_word' id='word_1_379' title='bbox 2182 1368 2391 1435; x_wconf 84' lang='lat' dir='ltr'><strong>scholia</strong></span> <span class='ocrx_word' id='word_1_380' title='bbox 2442 1377 2509 1433; x_wconf 89' lang='lat' dir='ltr'><strong>ad</strong></span> <span class='ocrx_word' id='word_1_381' title='bbox 2538 1393 2602 1433; x_wconf 90' lang='lat' dir='ltr'><strong>ea</strong></span> <span class='ocrx_word' id='word_1_382' title='bbox 2637 1390 2826 1447; x_wconf 86' lang='lat' dir='ltr'><strong>opera,</strong></span> <span class='ocrx_word' id='word_1_383' title='bbox 2857 1388 2983 1443; x_wconf 73' lang='lat' dir='ltr'><strong>qua:</strong></span> <span class='ocrx_word' id='word_1_384' title='bbox 3026 1371 3079 1426; x_wconf 94' lang='lat' dir='ltr'><strong>in</strong></span> <span class='ocrx_word' id='word_1_385' title='bbox 3112 1370 3436 1425; x_wconf 84' lang='lat' dir='ltr'><strong>collectione</strong></span> <span class='ocrx_word' id='word_1_386' title='bbox 3470 1382 3569 1420; x_wconf 83' lang='lat' dir='ltr'><strong>no-</strong></span> 
     </span>
    </p>
   </div>
   <div class='ocr_carea' id='block_1_55' title="bbox 1987 1457 3568 1544">
    <p class='ocr_par' dir='ltr' id='par_1_55' title="bbox 1987 1457 3568 1544">
     <span class='ocr_line' id='line_1_55' title="bbox 1987 1457 3568 1544; baseline -0.013 -13"><span class='ocrx_word' id='word_1_387' title='bbox 1987 1479 2101 1531; x_wconf 87' lang='lat' dir='ltr'><strong>stra</strong></span> <span class='ocrx_word' id='word_1_388' title='bbox 2134 1468 2339 1544; x_wconf 87' lang='lat' dir='ltr'><strong>publici</strong></span> <span class='ocrx_word' id='word_1_389' title='bbox 2368 1468 2511 1543; x_wconf 83' lang='lat' dir='ltr'><strong>juris</strong></span> <span class='ocrx_word' id='word_1_390' title='bbox 2544 1469 2739 1526; x_wconf 83' lang='lat' dir='ltr'><strong>facturi</strong></span> <span class='ocrx_word' id='word_1_391' title='bbox 2782 1482 2996 1531; x_wconf 87' lang='lat' dir='ltr'><strong>sumus,</strong></span> <span class='ocrx_word' id='word_1_392' title='bbox 3028 1461 3413 1525; x_wconf 88' lang='lat' dir='ltr'><strong>commentari,</strong></span> <span class='ocrx_word' id='word_1_393' title='bbox 3472 1457 3568 1514; x_wconf 86' lang='lat' dir='ltr'><strong>sed</strong></span> 
     </span>
    </p>
   </div>
   <div class='ocr_carea' id='block_1_56' title="bbox 1988 1552 3569 1632">
    <p class='ocr_par' dir='ltr' id='par_1_56' title="bbox 1988 1552 3569 1632">
     <span class='ocr_line' id='line_1_56' title="bbox 1988 1552 3569 1632; baseline -0.011 -11"><span class='ocrx_word' id='word_1_394' title='bbox 1988 1565 2045 1621; x_wconf 88' lang='lat' dir='ltr'><strong>in</strong></span> <span class='ocrx_word' id='word_1_395' title='bbox 2081 1563 2323 1621; x_wconf 88' lang='lat' dir='ltr'><strong>editione</strong></span> <span class='ocrx_word' id='word_1_396' title='bbox 2353 1563 2549 1618; x_wconf 84' lang='lat' dir='ltr'><strong>harum</strong></span> <span class='ocrx_word' id='word_1_397' title='bbox 2575 1556 2943 1632; x_wconf 84' lang='lat' dir='ltr'><strong>Epistolarum</strong></span> <span class='ocrx_word' id='word_1_398' title='bbox 2968 1556 3020 1613; x_wconf 91' lang='lat' dir='ltr'><strong>id</strong></span> <span class='ocrx_word' id='word_1_399' title='bbox 3048 1552 3423 1613; x_wconf 89' lang='lat' dir='ltr'><strong>necessarium</strong></span> <span class='ocrx_word' id='word_1_400' title='bbox 3446 1566 3569 1606; x_wconf 87' lang='lat' dir='ltr'><strong>esse</strong></span> 
     </span>
    </p>
   </div>
   <div class='ocr_carea' id='block_1_57' title="bbox 1988 1645 3572 1722">
    <p class='ocr_par' dir='ltr' id='par_1_57' title="bbox 1988 1645 3572 1722">
     <span class='ocr_line' id='line_1_57' title="bbox 1988 1645 3572 1722; baseline -0.012 -9"><span class='ocrx_word' id='word_1_401' title='bbox 1988 1652 2290 1713; x_wconf 84' lang='lat' dir='ltr'><strong>arbitratus</strong></span> <span class='ocrx_word' id='word_1_402' title='bbox 2318 1671 2464 1712; x_wconf 91' lang='lat' dir='ltr'><strong>sum.</strong></span> <span class='ocrx_word' id='word_1_403' title='bbox 2498 1646 2636 1711; x_wconf 89' lang='lat' dir='ltr'><strong>Cum</strong></span> <span class='ocrx_word' id='word_1_404' title='bbox 2668 1652 2818 1709; x_wconf 88' lang='lat' dir='ltr'><strong>enim</strong></span> <span class='ocrx_word' id='word_1_405' title='bbox 2844 1651 3042 1722; x_wconf 79' lang='lat' dir='ltr'><strong>Glycas</strong></span> <span class='ocrx_word' id='word_1_406' title='bbox 3073 1658 3268 1707; x_wconf 88' lang='lat' dir='ltr'><strong>noster</strong></span> <span class='ocrx_word' id='word_1_407' title='bbox 3297 1645 3572 1714; x_wconf 72' lang='lat' dir='ltr'><strong>sequiori-</strong></span> 
     </span>
    </p>
   </div>
   <div class='ocr_carea' id='block_1_58' title="bbox 1988 1738 3569 1817">
    <p class='ocr_par' dir='ltr' id='par_1_58' title="bbox 1988 1738 3569 1817">
     <span class='ocr_line' id='line_1_58' title="bbox 1988 1738 3569 1817; baseline -0.011 -11"><span class='ocrx_word' id='word_1_408' title='bbox 1988 1748 2093 1806; x_wconf 85' lang='lat' dir='ltr'><strong>hus</strong></span> <span class='ocrx_word' id='word_1_409' title='bbox 2124 1748 2337 1806; x_wconf 54' lang='lat' dir='ltr'><strong>suculis</strong></span> <span class='ocrx_word' id='word_1_410' title='bbox 2374 1746 2592 1809; x_wconf 79' lang='lat' dir='ltr'><strong>vixerit,</strong></span> <span class='ocrx_word' id='word_1_411' title='bbox 2636 1738 2693 1802; x_wconf 83' lang='lat' dir='ltr'><strong>et</strong></span> <span class='ocrx_word' id='word_1_412' title='bbox 2719 1745 2940 1817; x_wconf 87' lang='lat' dir='ltr'><strong>quando</strong></span> <span class='ocrx_word' id='word_1_413' title='bbox 2966 1742 3138 1799; x_wconf 66' lang='lat' dir='ltr'><strong>Graeci</strong></span> <span class='ocrx_word' id='word_1_414' title='bbox 3173 1740 3426 1796; x_wconf 85' lang='lat' dir='ltr'><strong>homines</strong></span> <span class='ocrx_word' id='word_1_415' title='bbox 3450 1738 3569 1793; x_wconf 86' lang='lat' dir='ltr'><strong>sine</strong></span> 
     </span>
    </p>
   </div>
   <div class='ocr_carea' id='block_1_59' title="bbox 1988 1829 3573 1914">
    <p class='ocr_par' dir='ltr' id='par_1_59' title="bbox 1988 1829 3573 1914">
     <span class='ocr_line' id='line_1_59' title="bbox 1988 1829 3573 1914; baseline -0.01 -14"><span class='ocrx_word' id='word_1_416' title='bbox 1988 1842 2149 1914; x_wconf 85' lang='lat' dir='ltr'><strong>nugis</strong></span> <span class='ocrx_word' id='word_1_417' title='bbox 2207 1854 2264 1899; x_wconf 87' lang='lat' dir='ltr'><strong>et</strong></span> <span class='ocrx_word' id='word_1_418' title='bbox 2309 1841 2531 1914; x_wconf 87' lang='lat' dir='ltr'><strong>ineptiis</strong></span> <span class='ocrx_word' id='word_1_419' title='bbox 2591 1841 2682 1896; x_wconf 79' lang='lat' dir='ltr'><strong>vix</strong></span> <span class='ocrx_word' id='word_1_420' title='bbox 2714 1839 3018 1913; x_wconf 80' lang='lat' dir='ltr'><strong>quidquam</strong></span> <span class='ocrx_word' id='word_1_421' title='bbox 3047 1835 3290 1891; x_wconf 85' lang='lat' dir='ltr'><strong>scribere</strong></span> <span class='ocrx_word' id='word_1_422' title='bbox 3333 1829 3573 1904; x_wconf 74' lang='lat' dir='ltr'><strong>aggressi</strong></span> 
     </span>
    </p>
   </div>
   <div class='ocr_carea' id='block_1_60' title="bbox 1992 1923 3574 2005">
    <p class='ocr_par' dir='ltr' id='par_1_60' title="bbox 1992 1923 3574 2005">
     <span class='ocr_line' id='line_1_60' title="bbox 1992 1923 3574 2005; baseline -0.011 -12"><span class='ocrx_word' id='word_1_423' title='bbox 1992 1945 2140 2002; x_wconf 88' lang='lat' dir='ltr'><strong>sunt,</strong></span> <span class='ocrx_word' id='word_1_424' title='bbox 2176 1935 2298 2005; x_wconf 74' lang='lat' dir='ltr'><strong>eius</strong></span> <span class='ocrx_word' id='word_1_425' title='bbox 2334 1933 2653 2005; x_wconf 89' lang='lat' dir='ltr'><strong>opinionum</strong></span> <span class='ocrx_word' id='word_1_426' title='bbox 2716 1929 2992 1987; x_wconf 84' lang='lat' dir='ltr'><strong>licentiam</strong></span> <span class='ocrx_word' id='word_1_427' title='bbox 3050 1936 3108 1984; x_wconf 90' lang='lat' dir='ltr'><strong>et</strong></span> <span class='ocrx_word' id='word_1_428' title='bbox 3158 1926 3222 1980; x_wconf 79' lang='grc' dir='ltr'><strong>τὸ</strong></span> <span class='ocrx_word' id='word_1_429' title='bbox 3249 1923 3574 1996; x_wconf 71' lang='grc' dir='ltr'>ίπαράδοξον</span> 
     </span>
    </p>
   </div>
   <div class='ocr_carea' id='block_1_61' title="bbox 1991 2018 3575 2100">
    <p class='ocr_par' dir='ltr' id='par_1_61' title="bbox 1991 2018 3575 2100">
     <span class='ocr_line' id='line_1_61' title="bbox 1991 2018 3575 2100; baseline -0.009 -15"><span class='ocrx_word' id='word_1_430' title='bbox 1991 2034 2346 2100; x_wconf 84' lang='lat' dir='ltr'><strong>compescere</strong></span> <span class='ocrx_word' id='word_1_431' title='bbox 2395 2024 2671 2081; x_wconf 87' lang='lat' dir='ltr'><strong>interdum</strong></span> <span class='ocrx_word' id='word_1_432' title='bbox 2728 2021 2997 2095; x_wconf 89' lang='lat' dir='ltr'><strong>oportuit,</strong></span> <span class='ocrx_word' id='word_1_433' title='bbox 3045 2035 3108 2076; x_wconf 89' lang='lat' dir='ltr'><strong>ac</strong></span> <span class='ocrx_word' id='word_1_434' title='bbox 3165 2019 3334 2076; x_wconf 88' lang='lat' dir='ltr'><strong>certis</strong></span> <span class='ocrx_word' id='word_1_435' title='bbox 3400 2018 3575 2073; x_wconf 82' lang='lat' dir='ltr'><strong>frenis</strong></span> 
     </span>
    </p>
   </div>
   <div class='ocr_carea' id='block_1_62' title="bbox 1993 2112 3573 2190">
    <p class='ocr_par' dir='ltr' id='par_1_62' title="bbox 1993 2112 3573 2190">
     <span class='ocr_line' id='line_1_62' title="bbox 1993 2112 3573 2190; baseline -0.01 -10"><span class='ocrx_word' id='word_1_436' title='bbox 1993 2130 2273 2187; x_wconf 86' lang='lat' dir='ltr'><strong>coercere,</strong></span> <span class='ocrx_word' id='word_1_437' title='bbox 2302 2116 2684 2190; x_wconf 81' lang='lat' dir='ltr'><strong>theologorum</strong></span> <span class='ocrx_word' id='word_1_438' title='bbox 2739 2116 2941 2172; x_wconf 84' lang='lat' dir='ltr'><strong>melius</strong></span> <span class='ocrx_word' id='word_1_439' title='bbox 2989 2114 3403 2188; x_wconf 84' lang='lat' dir='ltr'><strong>sapientiusqnc</strong></span> <span class='ocrx_word' id='word_1_440' title='bbox 3450 2112 3573 2183; x_wconf 90' lang='lat' dir='ltr'><strong>opi-</strong></span> 
     </span>
    </p>
   </div>
   <div class='ocr_carea' id='block_1_63' title="bbox 1994 2204 3577 2282">
    <p class='ocr_par' dir='ltr' id='par_1_63' title="bbox 1994 2204 3577 2282">
     <span class='ocr_line' id='line_1_63' title="bbox 1994 2204 3577 2282; baseline -0.011 -11"><span class='ocrx_word' id='word_1_441' title='bbox 1994 2213 2248 2271; x_wconf 85' lang='lat' dir='ltr'><strong>nantium</strong></span> <span class='ocrx_word' id='word_1_442' title='bbox 2300 2211 2553 2268; x_wconf 84' lang='lat' dir='ltr'><strong>consulta</strong></span> <span class='ocrx_word' id='word_1_443' title='bbox 2609 2224 2640 2265; x_wconf 89' lang='lat' dir='ltr'><strong>e</strong></span> <span class='ocrx_word' id='word_1_444' title='bbox 2701 2209 2951 2282; x_wconf 85' lang='lat' dir='ltr'><strong>regione,</strong></span> <span class='ocrx_word' id='word_1_445' title='bbox 3011 2216 3072 2262; x_wconf 93' lang='lat' dir='ltr'><strong>ut</strong></span> <span class='ocrx_word' id='word_1_446' title='bbox 3107 2207 3184 2261; x_wconf 86' lang='lat' dir='ltr'><strong>ita</strong></span> <span class='ocrx_word' id='word_1_447' title='bbox 3214 2204 3419 2267; x_wconf 89' lang='lat' dir='ltr'><strong>dicam,</strong></span> <span class='ocrx_word' id='word_1_448' title='bbox 3461 2213 3577 2257; x_wconf 79' lang='lat' dir='ltr'><strong>sta-</strong></span> 
     </span>
    </p>
   </div>
   <div class='ocr_carea' id='block_1_64' title="bbox 1997 2293 3575 2376">
    <p class='ocr_par' dir='ltr' id='par_1_64' title="bbox 1997 2293 3575 2376">
     <span class='ocr_line' id='line_1_64' title="bbox 1997 2293 3575 2376; baseline -0.012 -13"><span class='ocrx_word' id='word_1_449' title='bbox 1997 2305 2223 2369; x_wconf 84' lang='lat' dir='ltr'><strong>tuendo,</strong></span> <span class='ocrx_word' id='word_1_450' title='bbox 2255 2312 2517 2376; x_wconf 87' lang='lat' dir='ltr'><strong>tanquam</strong></span> <span class='ocrx_word' id='word_1_451' title='bbox 2546 2303 2814 2358; x_wconf 89' lang='lat' dir='ltr'><strong>adversus</strong></span> <span class='ocrx_word' id='word_1_452' title='bbox 2845 2315 2970 2355; x_wconf 88' lang='lat' dir='ltr'><strong>cum</strong></span> <span class='ocrx_word' id='word_1_453' title='bbox 2998 2298 3171 2355; x_wconf 89' lang='lat' dir='ltr'><strong>aciem</strong></span> <span class='ocrx_word' id='word_1_454' title='bbox 3214 2293 3575 2352; x_wconf 77' lang='lat' dir='ltr'><strong>instructissi-</strong></span> 
     </span>
    </p>
   </div>
   <div class='ocr_carea' id='block_1_65' title="bbox 1996 2382 3578 2470">
    <p class='ocr_par' dir='ltr' id='par_1_65' title="bbox 1996 2382 3578 2470">
     <span class='ocr_line' id='line_1_65' title="bbox 1996 2382 3578 2470; baseline -0.011 -14"><span class='ocrx_word' id='word_1_455' title='bbox 1996 2410 2165 2468; x_wconf 90' lang='lat' dir='ltr'><strong>mam,</strong></span> <span class='ocrx_word' id='word_1_456' title='bbox 2221 2406 2386 2470; x_wconf 89' lang='lat' dir='ltr'><strong>atque</strong></span> <span class='ocrx_word' id='word_1_457' title='bbox 2438 2396 2515 2451; x_wconf 90' lang='lat' dir='ltr'><strong>ita</strong></span> <span class='ocrx_word' id='word_1_458' title='bbox 2571 2382 2877 2468; x_wconf 85' lang='lat' dir='ltr'><strong>legentium</strong></span> <span class='ocrx_word' id='word_1_459' title='bbox 2933 2400 3100 2447; x_wconf 81' lang='lat' dir='ltr'><strong>rectae</strong></span> <span class='ocrx_word' id='word_1_460' title='bbox 3169 2388 3459 2446; x_wconf 78' lang='lat' dir='ltr'><strong>sententia:</strong></span> <span class='ocrx_word' id='word_1_461' title='bbox 3522 2396 3578 2440; x_wconf 82' lang='lat' dir='ltr'><strong>et</strong></span> 
     </span>
    </p>
   </div>
   <div class='ocr_carea' id='block_1_66' title="bbox 1996 2472 3577 2547">
    <p class='ocr_par' dir='ltr' id='par_1_66' title="bbox 1996 2472 3577 2547">
     <span class='ocr_line' id='line_1_66' title="bbox 1996 2472 3577 2547; baseline -0.011 -6"><span class='ocrx_word' id='word_1_462' title='bbox 1996 2478 2279 2541; x_wconf 83' lang='lat' dir='ltr'><strong>securitati</strong></span> <span class='ocrx_word' id='word_1_463' title='bbox 2335 2472 2647 2539; x_wconf 88' lang='lat' dir='ltr'><strong>consulere.</strong></span> <span class='ocrx_word' id='word_1_464' title='bbox 2687 2474 2810 2533; x_wconf 82' lang='lat' dir='ltr'><strong>Non</strong></span> <span class='ocrx_word' id='word_1_465' title='bbox 2861 2478 3009 2547; x_wconf 87' lang='lat' dir='ltr'><strong>enim</strong></span> <span class='ocrx_word' id='word_1_466' title='bbox 3069 2490 3291 2545; x_wconf 89' lang='lat' dir='ltr'><strong>semper</strong></span> <span class='ocrx_word' id='word_1_467' title='bbox 3340 2473 3577 2544; x_wconf 84' lang='lat' dir='ltr'><strong>optimas</strong></span> 
     </span>
    </p>
   </div>
   <div class='ocr_carea' id='block_1_67' title="bbox 1997 2566 3578 2650">
    <p class='ocr_par' dir='ltr' id='par_1_67' title="bbox 1997 2566 3578 2650">
     <span class='ocr_line' id='line_1_67' title="bbox 1997 2566 3578 2650; baseline -0.009 -15"><span class='ocrx_word' id='word_1_468' title='bbox 1997 2587 2256 2650; x_wconf 86' lang='lat' dir='ltr'><strong>ratasque</strong></span> <span class='ocrx_word' id='word_1_469' title='bbox 2279 2575 2607 2639; x_wconf 88' lang='lat' dir='ltr'><strong>sententias,</strong></span> <span class='ocrx_word' id='word_1_470' title='bbox 2642 2582 2699 2631; x_wconf 92' lang='lat' dir='ltr'><strong>et</strong></span> <span class='ocrx_word' id='word_1_471' title='bbox 2726 2572 3076 2643; x_wconf 86' lang='lat' dir='ltr'><strong>antiquorum</strong></span> <span class='ocrx_word' id='word_1_472' title='bbox 3105 2569 3325 2625; x_wconf 85' lang='lat' dir='ltr'><strong>Patrum</strong></span> <span class='ocrx_word' id='word_1_473' title='bbox 3352 2566 3578 2639; x_wconf 76' lang='lat' dir='ltr'><strong>placita,</strong></span> 
     </span>
    </p>
   </div>
   <div class='ocr_carea' id='block_1_68' title="bbox 1998 2663 3578 2745">
    <p class='ocr_par' dir='ltr' id='par_1_68' title="bbox 1998 2663 3578 2745">
     <span class='ocr_line' id='line_1_68' title="bbox 1998 2663 3578 2745; baseline -0.008 -14"><span class='ocrx_word' id='word_1_474' title='bbox 1998 2668 2232 2745; x_wconf 75' lang='lat' dir='ltr'><strong>seligere</strong></span> <span class='ocrx_word' id='word_1_475' title='bbox 2252 2681 2309 2730; x_wconf 87' lang='lat' dir='ltr'><strong>et</strong></span> <span class='ocrx_word' id='word_1_476' title='bbox 2326 2670 2629 2743; x_wconf 80' lang='lat' dir='ltr'><strong>amplexari</strong></span> <span class='ocrx_word' id='word_1_477' title='bbox 2659 2668 2913 2734; x_wconf 80' lang='lat' dir='ltr'><strong>videtur;</strong></span> <span class='ocrx_word' id='word_1_478' title='bbox 2947 2667 3041 2722; x_wconf 89' lang='lat' dir='ltr'><strong>sed</strong></span> <span class='ocrx_word' id='word_1_479' title='bbox 3074 2667 3144 2722; x_wconf 85' lang='lat' dir='ltr'><strong>de</strong></span> <span class='ocrx_word' id='word_1_480' title='bbox 3174 2666 3323 2735; x_wconf 85' lang='lat' dir='ltr'><strong>regia</strong></span> <span class='ocrx_word' id='word_1_481' title='bbox 3358 2663 3578 2734; x_wconf 85' lang='lat' dir='ltr'><strong>opinio.-</strong></span> 
     </span>
    </p>
   </div>
   <div class='ocr_carea' id='block_1_69' title="bbox 1998 2757 3577 2834">
    <p class='ocr_par' dir='ltr' id='par_1_69' title="bbox 1998 2757 3577 2834">
     <span class='ocr_line' id='line_1_69' title="bbox 1998 2757 3577 2834; baseline -0.01 -11"><span class='ocrx_word' id='word_1_482' title='bbox 1998 2783 2131 2824; x_wconf 90' lang='lat' dir='ltr'><strong>num</strong></span> <span class='ocrx_word' id='word_1_483' title='bbox 2163 2762 2250 2822; x_wconf 87' lang='lat' dir='ltr'><strong>via</strong></span> <span class='ocrx_word' id='word_1_484' title='bbox 2274 2764 2350 2820; x_wconf 90' lang='lat' dir='ltr'><strong>ita</strong></span> <span class='ocrx_word' id='word_1_485' title='bbox 2377 2761 2624 2834; x_wconf 67' lang='lat' dir='ltr'><strong>quaedam</strong></span> <span class='ocrx_word' id='word_1_486' title='bbox 2646 2758 2715 2817; x_wconf 90' lang='lat' dir='ltr'><strong>ad</strong></span> <span class='ocrx_word' id='word_1_487' title='bbox 2739 2760 2972 2817; x_wconf 84' lang='lat' dir='ltr'><strong>divortia</strong></span> <span class='ocrx_word' id='word_1_488' title='bbox 3008 2757 3298 2825; x_wconf 74' lang='lat' dir='ltr'><strong>deﬂectere</strong></span> <span class='ocrx_word' id='word_1_489' title='bbox 3329 2757 3577 2827; x_wconf 87' lang='lat' dir='ltr'><strong>aliquan-</strong></span> 
     </span>
    </p>
   </div>
   <div class='ocr_carea' id='block_1_70' title="bbox 1998 2850 3579 2930">
    <p class='ocr_par' dir='ltr' id='par_1_70' title="bbox 1998 2850 3579 2930">
     <span class='ocr_line' id='line_1_70' title="bbox 1998 2850 3579 2930; baseline -0.011 -11"><span class='ocrx_word' id='word_1_490' title='bbox 1998 2854 2090 2930; x_wconf 89' lang='lat' dir='ltr'><strong>do,</strong></span> <span class='ocrx_word' id='word_1_491' title='bbox 2122 2869 2183 2917; x_wconf 91' lang='lat' dir='ltr'><strong>ut</strong></span> <span class='ocrx_word' id='word_1_492' title='bbox 2212 2858 2376 2915; x_wconf 84' lang='lat' dir='ltr'><strong>facile</strong></span> <span class='ocrx_word' id='word_1_493' title='bbox 2407 2857 2584 2927; x_wconf 89' lang='lat' dir='ltr'><strong>possit</strong></span> <span class='ocrx_word' id='word_1_494' title='bbox 2609 2871 2641 2911; x_wconf 93' lang='lat' dir='ltr'><strong>a</strong></span> <span class='ocrx_word' id='word_1_495' title='bbox 2670 2851 3087 2910; x_wconf 88' lang='lat' dir='ltr'><strong>delicatioribus</strong></span> <span class='ocrx_word' id='word_1_496' title='bbox 3121 2850 3445 2922; x_wconf 88' lang='lat' dir='ltr'><strong>quibusdam</strong></span> <span class='ocrx_word' id='word_1_497' title='bbox 3480 2863 3579 2902; x_wconf 87' lang='lat' dir='ltr'><strong>no-</strong></span> 
     </span>
    </p>
   </div>
   <div class='ocr_carea' id='block_1_71' title="bbox 1997 2940 3575 3020">
    <p class='ocr_par' dir='ltr' id='par_1_71' title="bbox 1997 2940 3575 3020">
     <span class='ocr_line' id='line_1_71' title="bbox 1997 2940 3575 3020; baseline -0.014 -7"><span class='ocrx_word' id='word_1_498' title='bbox 1997 2952 2184 3013; x_wconf 85' lang='lat' dir='ltr'><strong>vitatis</strong></span> <span class='ocrx_word' id='word_1_499' title='bbox 2220 2952 2278 3009; x_wconf 79' lang='lat' dir='ltr'><strong>et</strong></span> <span class='ocrx_word' id='word_1_500' title='bbox 2319 2947 2655 3020; x_wconf 77' lang='grc' dir='ltr'><strong>αὐτομολίας</strong></span> <span class='ocrx_word' id='word_1_501' title='bbox 2726 2942 3060 3003; x_wconf 87' lang='lat' dir='ltr'><strong>insimulari.</strong></span> <span class='ocrx_word' id='word_1_502' title='bbox 3114 2942 3195 2998; x_wconf 83' lang='lat' dir='ltr'><strong>Ad</strong></span> <span class='ocrx_word' id='word_1_503' title='bbox 3249 2942 3353 2998; x_wconf 82' lang='lat' dir='ltr'><strong>hoc</strong></span> <span class='ocrx_word' id='word_1_504' title='bbox 3410 2940 3575 3011; x_wconf 81' lang='lat' dir='ltr'><strong>igitur</strong></span> 
     </span>
    </p>
   </div>
   <div class='ocr_carea' id='block_1_72' title="bbox 1998 3026 3579 3102">
    <p class='ocr_par' dir='ltr' id='par_1_72' title="bbox 1998 3026 3579 3102">
     <span class='ocr_line' id='line_1_72' title="bbox 1998 3026 3579 3102; baseline -0.011 0"><span class='ocrx_word' id='word_1_505' title='bbox 1998 3044 2194 3102; x_wconf 86' lang='lat' dir='ltr'><strong>saltem</strong></span> <span class='ocrx_word' id='word_1_506' title='bbox 2244 3057 2381 3099; x_wconf 68' lang='lat' dir='ltr'><strong>mea:</strong></span> <span class='ocrx_word' id='word_1_507' title='bbox 2431 3036 2852 3097; x_wconf 84' lang='lat' dir='ltr'><strong>observationes</strong></span> <span class='ocrx_word' id='word_1_508' title='bbox 2904 3026 3251 3100; x_wconf 86' lang='lat' dir='ltr'><strong>inservient,</strong></span> <span class='ocrx_word' id='word_1_509' title='bbox 3311 3042 3371 3088; x_wconf 92' lang='lat' dir='ltr'><strong>ut</strong></span> <span class='ocrx_word' id='word_1_510' title='bbox 3429 3042 3579 3085; x_wconf 81' lang='lat' dir='ltr'><strong>recta</strong></span> 
     </span>
    </p>
   </div>
   <div class='ocr_carea' id='block_1_73' title="bbox 1997 3124 3574 3213">
    <p class='ocr_par' dir='ltr' id='par_1_73' title="bbox 1997 3124 3574 3213">
     <span class='ocr_line' id='line_1_73' title="bbox 1997 3124 3574 3213; baseline -0.014 -15"><span class='ocrx_word' id='word_1_511' title='bbox 1997 3134 2178 3213; x_wconf 66' lang='lat' dir='ltr'><strong>Glycte</strong></span> <span class='ocrx_word' id='word_1_512' title='bbox 2201 3136 2478 3195; x_wconf 87' lang='lat' dir='ltr'><strong>sententia</strong></span> <span class='ocrx_word' id='word_1_513' title='bbox 2507 3128 2756 3207; x_wconf 88' lang='lat' dir='ltr'><strong>apertius</strong></span> <span class='ocrx_word' id='word_1_514' title='bbox 2783 3124 3190 3199; x_wconf 81' lang='lat' dir='ltr'><strong>dilucidiusque</strong></span> <span class='ocrx_word' id='word_1_515' title='bbox 3216 3126 3574 3199; x_wconf 84' lang='lat' dir='ltr'><strong>percipiatur,</strong></span> 
     </span>
    </p>
   </div>
   <div class='ocr_carea' id='block_1_74' title="bbox 1999 3218 3576 3302">
    <p class='ocr_par' dir='ltr' id='par_1_74' title="bbox 1999 3218 3576 3302">
     <span class='ocr_line' id='line_1_74' title="bbox 1999 3218 3576 3302; baseline -0.013 -11"><span class='ocrx_word' id='word_1_516' title='bbox 1999 3236 2055 3292; x_wconf 89' lang='lat' dir='ltr'><strong>et</strong></span> <span class='ocrx_word' id='word_1_517' title='bbox 2084 3250 2199 3290; x_wconf 91' lang='lat' dir='ltr'><strong>non</strong></span> <span class='ocrx_word' id='word_1_518' title='bbox 2232 3232 2395 3290; x_wconf 78' lang='lat' dir='ltr'><strong>facile</strong></span> <span class='ocrx_word' id='word_1_519' title='bbox 2423 3220 2807 3302; x_wconf 78' lang='lat' dir='ltr'><strong>cujuscunque</strong></span> <span class='ocrx_word' id='word_1_520' title='bbox 2866 3218 3355 3280; x_wconf 83' lang='lat' dir='ltr'><strong>criminationibus</strong></span> <span class='ocrx_word' id='word_1_521' title='bbox 3385 3222 3437 3273; x_wconf 91' lang='lat' dir='ltr'><strong>in</strong></span> <span class='ocrx_word' id='word_1_522' title='bbox 3469 3219 3576 3281; x_wconf 85' lang='lat' dir='ltr'><strong>his,</strong></span> 
     </span>
    </p>
   </div>
   <div class='ocr_carea' id='block_1_75' title="bbox 1996 3312 3579 3399">
    <p class='ocr_par' dir='ltr' id='par_1_75' title="bbox 1996 3312 3579 3399">
     <span class='ocr_line' id='line_1_75' title="bbox 1996 3312 3579 3399; baseline -0.013 -15"><span class='ocrx_word' id='word_1_523' title='bbox 1996 3327 2053 3384; x_wconf 90' lang='lat' dir='ltr'><strong>in</strong></span> <span class='ocrx_word' id='word_1_524' title='bbox 2088 3326 2305 3399; x_wconf 81' lang='lat' dir='ltr'><strong>quibus</strong></span> <span class='ocrx_word' id='word_1_525' title='bbox 2348 3324 2577 3380; x_wconf 85' lang='lat' dir='ltr'><strong>minime</strong></span> <span class='ocrx_word' id='word_1_526' title='bbox 2628 3330 2895 3385; x_wconf 85' lang='lat' dir='ltr'><strong>meretur,</strong></span> <span class='ocrx_word' id='word_1_527' title='bbox 2935 3316 3208 3373; x_wconf 81' lang='lat' dir='ltr'><strong>obnoxius</strong></span> <span class='ocrx_word' id='word_1_528' title='bbox 3263 3312 3481 3368; x_wconf 85' lang='lat' dir='ltr'><strong>evadat.</strong></span> <span class='ocrx_word' id='word_1_529' title='bbox 3521 3313 3579 3364; x_wconf 89' lang='lat' dir='ltr'><strong>In</strong></span> 
     </span>
    </p>
   </div>
   <div class='ocr_carea' id='block_1_76' title="bbox 1995 3408 3582 3494">
    <p class='ocr_par' dir='ltr' id='par_1_76' title="bbox 1995 3408 3582 3494">
     <span class='ocr_line' id='line_1_76' title="bbox 1995 3408 3582 3494; baseline -0.011 -17"><span class='ocrx_word' id='word_1_530' title='bbox 1995 3417 2324 3494; x_wconf 89' lang='lat' dir='ltr'><strong>quibusdam</strong></span> <span class='ocrx_word' id='word_1_531' title='bbox 2355 3412 2609 3473; x_wconf 80' lang='lat' dir='ltr'><strong>excusari</strong></span> <span class='ocrx_word' id='word_1_532' title='bbox 2640 3422 2734 3468; x_wconf 92' lang='lat' dir='ltr'><strong>aut</strong></span> <span class='ocrx_word' id='word_1_533' title='bbox 2758 3408 2979 3470; x_wconf 82' lang='lat' dir='ltr'><strong>delendi</strong></span> <span class='ocrx_word' id='word_1_534' title='bbox 3006 3425 3118 3465; x_wconf 90' lang='lat' dir='ltr'><strong>non</strong></span> <span class='ocrx_word' id='word_1_535' title='bbox 3151 3414 3358 3480; x_wconf 88' lang='lat' dir='ltr'><strong>potest.</strong></span> <span class='ocrx_word' id='word_1_536' title='bbox 3388 3415 3582 3476; x_wconf 86' lang='lat' dir='ltr'><strong>utpote</strong></span> 
     </span>
    </p>
   </div>
   <div class='ocr_carea' id='block_1_77' title="bbox 1995 3494 3581 3571">
    <p class='ocr_par' dir='ltr' id='par_1_77' title="bbox 1995 3494 3581 3571">
     <span class='ocr_line' id='line_1_77' title="bbox 1995 3494 3581 3571; baseline -0.013 -1"><span class='ocrx_word' id='word_1_537' title='bbox 1995 3512 2172 3571; x_wconf 80' lang='lat' dir='ltr'><strong>Graeci</strong></span> <span class='ocrx_word' id='word_1_538' title='bbox 2211 3500 2527 3568; x_wconf 85' lang='lat' dir='ltr'><strong>schismatis</strong></span> <span class='ocrx_word' id='word_1_539' title='bbox 2551 3506 2740 3566; x_wconf 89' lang='lat' dir='ltr'><strong>homo.</strong></span> <span class='ocrx_word' id='word_1_540' title='bbox 2780 3513 2835 3561; x_wconf 91' lang='lat' dir='ltr'><strong>et</strong></span> <span class='ocrx_word' id='word_1_541' title='bbox 2871 3494 3233 3558; x_wconf 86' lang='lat' dir='ltr'><strong>erraticarum</strong></span> <span class='ocrx_word' id='word_1_542' title='bbox 3270 3498 3419 3554; x_wconf 88' lang='lat' dir='ltr'><strong>illius</strong></span> <span class='ocrx_word' id='word_1_543' title='bbox 3444 3513 3581 3570; x_wconf 84' lang='lat' dir='ltr'><strong>gen-</strong></span> 
     </span>
    </p>
   </div>
   <div class='ocr_carea' id='block_1_78' title="bbox 1997 3590 3579 3675">
    <p class='ocr_par' dir='ltr' id='par_1_78' title="bbox 1997 3590 3579 3675">
     <span class='ocr_line' id='line_1_78' title="bbox 1997 3590 3579 3675; baseline -0.012 -14"><span class='ocrx_word' id='word_1_544' title='bbox 1997 3605 2069 3661; x_wconf 87' lang='lat' dir='ltr'><strong>tis</strong></span> <span class='ocrx_word' id='word_1_545' title='bbox 2098 3600 2422 3675; x_wconf 90' lang='lat' dir='ltr'><strong>opinionum</strong></span> <span class='ocrx_word' id='word_1_546' title='bbox 2466 3598 2759 3671; x_wconf 88' lang='lat' dir='ltr'><strong>aliquando</strong></span> <span class='ocrx_word' id='word_1_547' title='bbox 2792 3601 3193 3668; x_wconf 78' lang='lat' dir='ltr'><strong>pmpugnator,</strong></span> <span class='ocrx_word' id='word_1_548' title='bbox 3229 3601 3293 3648; x_wconf 88' lang='lat' dir='ltr'><strong>ut</strong></span> <span class='ocrx_word' id='word_1_549' title='bbox 3318 3590 3579 3646; x_wconf 77' lang='lat' dir='ltr'><strong>ostende-</strong></span> 
     </span>
    </p>
   </div>
   <div class='ocr_carea' id='block_1_79' title="bbox 1998 3686 3580 3758">
    <p class='ocr_par' dir='ltr' id='par_1_79' title="bbox 1998 3686 3580 3758">
     <span class='ocr_line' id='line_1_79' title="bbox 1998 3686 3580 3758; baseline -0.011 -4"><span class='ocrx_word' id='word_1_550' title='bbox 1998 3704 2088 3754; x_wconf 86' lang='lat' dir='ltr'><strong>tur</strong></span> <span class='ocrx_word' id='word_1_551' title='bbox 2118 3693 2374 3752; x_wconf 81' lang='lat' dir='ltr'><strong>inl‘crius.</strong></span> <span class='ocrx_word' id='word_1_552' title='bbox 2429 3690 2548 3748; x_wconf 87' lang='lat' dir='ltr'><strong>Non</strong></span> <span class='ocrx_word' id='word_1_553' title='bbox 2586 3700 2772 3746; x_wconf 91' lang='lat' dir='ltr'><strong>tamen</strong></span> <span class='ocrx_word' id='word_1_554' title='bbox 2807 3686 2935 3745; x_wconf 88' lang='lat' dir='ltr'><strong>ideo</strong></span> <span class='ocrx_word' id='word_1_555' title='bbox 2969 3686 3323 3758; x_wconf 86' lang='lat' dir='ltr'><strong>spernendus</strong></span> <span class='ocrx_word' id='word_1_556' title='bbox 3384 3696 3580 3739; x_wconf 85' lang='lat' dir='ltr'><strong>auctor</strong></span> 
     </span>
    </p>
   </div>
   <div class='ocr_carea' id='block_1_80' title="bbox 1997 3768 3582 3853">
    <p class='ocr_par' dir='ltr' id='par_1_80' title="bbox 1997 3768 3582 3853">
     <span class='ocr_line' id='line_1_80' title="bbox 1997 3768 3582 3853; baseline -0.012 -4"><span class='ocrx_word' id='word_1_557' title='bbox 1997 3794 2088 3849; x_wconf 90' lang='lat' dir='ltr'><strong>hic</strong></span> <span class='ocrx_word' id='word_1_558' title='bbox 2116 3788 2392 3853; x_wconf 87' lang='lat' dir='ltr'><strong>videatur;</strong></span> <span class='ocrx_word' id='word_1_559' title='bbox 2432 3802 2559 3842; x_wconf 87' lang='lat' dir='ltr'><strong>natu</strong></span> <span class='ocrx_word' id='word_1_560' title='bbox 2591 3792 2649 3841; x_wconf 84' lang='lat' dir='ltr'><strong>et</strong></span> <span class='ocrx_word' id='word_1_561' title='bbox 2681 3800 2749 3840; x_wconf 81' lang='lat' dir='ltr'><strong>ex</strong></span> <span class='ocrx_word' id='word_1_562' title='bbox 2794 3783 2882 3839; x_wconf 93' lang='lat' dir='ltr'><strong>his</strong></span> <span class='ocrx_word' id='word_1_563' title='bbox 2914 3774 3185 3852; x_wconf 87' lang='lat' dir='ltr'><strong>sequioris</strong></span> <span class='ocrx_word' id='word_1_564' title='bbox 3214 3778 3313 3834; x_wconf 68' lang='lat' dir='ltr'><strong>aevi</strong></span> <span class='ocrx_word' id='word_1_565' title='bbox 3349 3768 3582 3846; x_wconf 82' lang='lat' dir='ltr'><strong>scripto-</strong></span> 
     </span>
    </p>
   </div>
   <div class='ocr_carea' id='block_1_81' title="bbox 1997 3871 3583 3952">
    <p class='ocr_par' dir='ltr' id='par_1_81' title="bbox 1997 3871 3583 3952">
     <span class='ocr_line' id='line_1_81' title="bbox 1997 3871 3583 3952; baseline -0.011 -11"><span class='ocrx_word' id='word_1_566' title='bbox 1997 3885 2151 3941; x_wconf 89' lang='lat' dir='ltr'><strong>ribus</strong></span> <span class='ocrx_word' id='word_1_567' title='bbox 2174 3874 2379 3940; x_wconf 62' lang='lat' dir='ltr'><strong>Graécis</strong></span> <span class='ocrx_word' id='word_1_568' title='bbox 2409 3893 2661 3952; x_wconf 85' lang='lat' dir='ltr'><strong>magnam</strong></span> <span class='ocrx_word' id='word_1_569' title='bbox 2685 3872 2972 3933; x_wconf 78' lang='lat' dir='ltr'><strong>catholicae</strong></span> <span class='ocrx_word' id='word_1_570' title='bbox 2994 3873 3254 3930; x_wconf 70' lang='lat' dir='ltr'><strong>Ecclesiae</strong></span> <span class='ocrx_word' id='word_1_571' title='bbox 3283 3871 3583 3927; x_wconf 85' lang='lat' dir='ltr'><strong>utilitatem</strong></span> 
     </span>
    </p>
   </div>
   <div class='ocr_carea' id='block_1_82' title="bbox 1994 3964 3580 4052">
    <p class='ocr_par' dir='ltr' id='par_1_82' title="bbox 1994 3964 3580 4052">
     <span class='ocr_line' id='line_1_82' title="bbox 1994 3964 3580 4052; baseline -0.011 -17"><span class='ocrx_word' id='word_1_572' title='bbox 1994 3979 2290 4052; x_wconf 87' lang='lat' dir='ltr'><strong>provenire</strong></span> <span class='ocrx_word' id='word_1_573' title='bbox 2315 3973 2688 4047; x_wconf 74' lang='lat' dir='ltr'><strong>cognoscitur,</strong></span> <span class='ocrx_word' id='word_1_574' title='bbox 2715 3970 2831 4028; x_wconf 91' lang='lat' dir='ltr'><strong>sive</strong></span> <span class='ocrx_word' id='word_1_575' title='bbox 2857 3978 2917 4026; x_wconf 92' lang='lat' dir='ltr'><strong>ut</strong></span> <span class='ocrx_word' id='word_1_576' title='bbox 2947 3968 3177 4025; x_wconf 86' lang='lat' dir='ltr'><strong>historia</strong></span> <span class='ocrx_word' id='word_1_577' title='bbox 3205 3964 3580 4022; x_wconf 78' lang='lat' dir='ltr'><strong>ecclesiastica</strong></span> 
     </span>
    </p>
   </div>
   <div class='ocr_carea' id='block_1_83' title="bbox 1994 4058 3582 4144">
    <p class='ocr_par' dir='ltr' id='par_1_83' title="bbox 1994 4058 3582 4144">
     <span class='ocr_line' id='line_1_83' title="bbox 1994 4058 3582 4144; baseline -0.011 -15"><span class='ocrx_word' id='word_1_578' title='bbox 1994 4071 2317 4144; x_wconf 82' lang='lat' dir='ltr'><strong>locupletior</strong></span> <span class='ocrx_word' id='word_1_579' title='bbox 2371 4066 2725 4138; x_wconf 78' lang='lat' dir='ltr'><strong>exactiorque</strong></span> <span class='ocrx_word' id='word_1_580' title='bbox 2777 4060 3073 4130; x_wconf 85' lang='lat' dir='ltr'><strong>habeatur,</strong></span> <span class='ocrx_word' id='word_1_581' title='bbox 3130 4060 3248 4118; x_wconf 71' lang='lat' dir='ltr'><strong>sive</strong></span> <span class='ocrx_word' id='word_1_582' title='bbox 3310 4070 3370 4116; x_wconf 90' lang='lat' dir='ltr'><strong>ut</strong></span> <span class='ocrx_word' id='word_1_583' title='bbox 3405 4058 3582 4115; x_wconf 70' lang='lat' dir='ltr'><strong>Graeci</strong></span> 
     </span>
    </p>
   </div>
   <div class='ocr_carea' id='block_1_84' title="bbox 1994 4153 3583 4223">
    <p class='ocr_par' dir='ltr' id='par_1_84' title="bbox 1994 4153 3583 4223">
     <span class='ocr_line' id='line_1_84' title="bbox 1994 4153 3583 4223; baseline -0.011 0"><span class='ocrx_word' id='word_1_584' title='bbox 1994 4163 2311 4223; x_wconf 89' lang='lat' dir='ltr'><strong>schismatis</strong></span> <span class='ocrx_word' id='word_1_585' title='bbox 2366 4177 2585 4217; x_wconf 90' lang='lat' dir='ltr'><strong>errores</strong></span> <span class='ocrx_word' id='word_1_586' title='bbox 2640 4159 2859 4216; x_wconf 79' lang='lat' dir='ltr'><strong>facilius</strong></span> <span class='ocrx_word' id='word_1_587' title='bbox 2924 4156 3289 4216; x_wconf 79' lang='lat' dir='ltr'><strong>refellantur.</strong></span> <span class='ocrx_word' id='word_1_588' title='bbox 3351 4153 3468 4208; x_wconf 89' lang='lat' dir='ltr'><strong>sive</strong></span> <span class='ocrx_word' id='word_1_589' title='bbox 3525 4161 3583 4205; x_wconf 83' lang='lat' dir='ltr'><strong>nt</strong></span> 
     </span>
    </p>
   </div>
   <div class='ocr_carea' id='block_1_85' title="bbox 1995 4246 3579 4328">
    <p class='ocr_par' dir='ltr' id='par_1_85' title="bbox 1995 4246 3579 4328">
     <span class='ocr_line' id='line_1_85' title="bbox 1995 4246 3579 4328; baseline -0.015 -10"><span class='ocrx_word' id='word_1_590' title='bbox 1995 4268 2314 4317; x_wconf 88' lang='lat' dir='ltr'><strong>nostrorum</strong></span> <span class='ocrx_word' id='word_1_591' title='bbox 2341 4266 2652 4328; x_wconf 90' lang='lat' dir='ltr'><strong>temporum</strong></span> <span class='ocrx_word' id='word_1_592' title='bbox 2683 4250 2906 4313; x_wconf 86' lang='lat' dir='ltr'><strong>sectarii</strong></span> <span class='ocrx_word' id='word_1_593' title='bbox 2939 4249 3204 4306; x_wconf 86' lang='lat' dir='ltr'><strong>lalsarum</strong></span> <span class='ocrx_word' id='word_1_594' title='bbox 3256 4246 3579 4319; x_wconf 85' lang='lat' dir='ltr'><strong>opinionum</strong></span> 
     </span>
    </p>
   </div>
   <div class='ocr_carea' id='block_1_86' title="bbox 1995 4337 3577 4422">
    <p class='ocr_par' dir='ltr' id='par_1_86' title="bbox 1995 4337 3577 4422">
     <span class='ocr_line' id='line_1_86' title="bbox 1995 4337 3577 4422; baseline -0.013 -12"><span class='ocrx_word' id='word_1_595' title='bbox 1995 4346 2381 4422; x_wconf 81' lang='lat' dir='ltr'><strong>cet-torumque</strong></span> <span class='ocrx_word' id='word_1_596' title='bbox 2405 4343 2896 4407; x_wconf 80' lang='lat' dir='ltr'><strong>deliramentorum</strong></span> <span class='ocrx_word' id='word_1_597' title='bbox 2953 4343 3034 4398; x_wconf 87' lang='lat' dir='ltr'><strong>rei</strong></span> <span class='ocrx_word' id='word_1_598' title='bbox 3071 4339 3363 4397; x_wconf 81' lang='lat' dir='ltr'><strong>manifeste</strong></span> <span class='ocrx_word' id='word_1_599' title='bbox 3392 4337 3577 4392; x_wconf 85' lang='lat' dir='ltr'><strong>revin—</strong></span> 
     </span>
    </p>
   </div>
   <div class='ocr_carea' id='block_1_87' title="bbox 1995 4423 3603 4515">
    <p class='ocr_par' dir='ltr' id='par_1_87' title="bbox 1995 4423 3603 4515">
     <span class='ocr_line' id='line_1_87' title="bbox 1995 4423 3603 4515; baseline -0.014 -14"><span class='ocrx_word' id='word_1_600' title='bbox 1995 4454 2192 4502; x_wconf 89' lang='lat' dir='ltr'><strong>cantur</strong></span> <span class='ocrx_word' id='word_1_601' title='bbox 2217 4461 2231 4498; x_wconf 91' lang='lat'><strong>:</strong></span> <span class='ocrx_word' id='word_1_602' title='bbox 2257 4443 2312 4498; x_wconf 90' lang='lat' dir='ltr'><strong>id</strong></span> <span class='ocrx_word' id='word_1_603' title='bbox 2343 4442 2488 4515; x_wconf 88' lang='lat' dir='ltr'><strong>quod</strong></span> <span class='ocrx_word' id='word_1_604' title='bbox 2513 4448 2702 4511; x_wconf 87' lang='lat' dir='ltr'><strong>aperte</strong></span> <span class='ocrx_word' id='word_1_605' title='bbox 2728 4436 2909 4493; x_wconf 86' lang='lat' dir='ltr'><strong>elucet</strong></span> <span class='ocrx_word' id='word_1_606' title='bbox 2936 4450 3001 4489; x_wconf 81' lang='lat' dir='ltr'><strong>ex</strong></span> <span class='ocrx_word' id='word_1_607' title='bbox 3026 4433 3113 4489; x_wconf 82' lang='lat' dir='ltr'><strong>lo.</strong></span> <span class='ocrx_word' id='word_1_608' title='bbox 3147 4428 3369 4494; x_wconf 82' lang='lat' dir='ltr'><strong>Morini,</strong></span> <span class='ocrx_word' id='word_1_609' title='bbox 3405 4423 3603 4481; x_wconf 75' lang='lat' dir='ltr'><strong>Leo&quot;.</strong></span> 
     </span>
    </p>
   </div>
   <div class='ocr_carea' id='block_1_88' title="bbox 2000 4522 3582 4603">
    <p class='ocr_par' dir='ltr' id='par_1_88' title="bbox 2000 4522 3582 4603">
     <span class='ocr_line' id='line_1_88' title="bbox 2000 4522 3582 4603; baseline -0.013 -11"><span class='ocrx_word' id='word_1_610' title='bbox 2000 4533 2205 4603; x_wconf 84' lang='lat' dir='ltr'><strong>Allatii,</strong></span> <span class='ocrx_word' id='word_1_611' title='bbox 2239 4534 2385 4591; x_wconf 85' lang='lat' dir='ltr'><strong>Petri</strong></span> <span class='ocrx_word' id='word_1_612' title='bbox 2418 4531 2665 4599; x_wconf 74' lang='lat' dir='ltr'><strong>Arcudii,</strong></span> <span class='ocrx_word' id='word_1_613' title='bbox 2692 4526 2785 4585; x_wconf 87' lang='lat' dir='ltr'><strong>Fr.</strong></span> <span class='ocrx_word' id='word_1_614' title='bbox 2853 4524 3193 4588; x_wconf 80' lang='lat' dir='ltr'><strong>Combeﬁsii,</strong></span> <span class='ocrx_word' id='word_1_615' title='bbox 3242 4522 3582 4588; x_wconf 85' lang='lat' dir='ltr'><strong>aliorumque</strong></span> 
     </span>
    </p>
   </div>
   <div class='ocr_carea' id='block_1_89' title="bbox 326 4606 1891 4704">
    <p class='ocr_par' dir='ltr' id='par_1_89' title="bbox 326 4623 1888 4704">
     <span class='ocr_line' id='line_1_89' title="bbox 326 4623 1888 4704; baseline 0.001 -28"><span class='ocrx_word' id='word_1_616' title='bbox 326 4623 418 4677; x_wconf 88' lang='lat' dir='ltr'><strong>dos</strong></span> <span class='ocrx_word' id='word_1_617' title='bbox 443 4623 748 4695; x_wconf 83' lang='lat' dir='ltr'><strong>titulos(l),</strong></span> <span class='ocrx_word' id='word_1_618' title='bbox 779 4632 839 4681; x_wconf 85' lang='lat' dir='ltr'><strong>ut</strong></span> <span class='ocrx_word' id='word_1_619' title='bbox 865 4640 963 4682; x_wconf 86' lang='lat' dir='ltr'><strong>eos</strong></span> <span class='ocrx_word' id='word_1_620' title='bbox 997 4625 1326 4683; x_wconf 86' lang='lat' dir='ltr'><strong>Lambecius</strong></span> <span class='ocrx_word' id='word_1_621' title='bbox 1350 4634 1602 4682; x_wconf 86' lang='lat' dir='ltr'><strong>recenset</strong></span> <span class='ocrx_word' id='word_1_622' title='bbox 1631 4635 1686 4681; x_wconf 88' lang='lat' dir='ltr'><strong>ct</strong></span> <span class='ocrx_word' id='word_1_623' title='bbox 1731 4624 1888 4704; x_wconf 45' lang='lat' dir='ltr'><strong>exhif</strong></span> 
     </span>
    </p>
   </div>
   <div class='ocr_carea' id='block_1_90' title="bbox 1993 4606 3583 4704">
    <p class='ocr_par' dir='ltr' id='par_1_90' title="bbox 1996 4611 3583 4687">
     <span class='ocr_line' id='line_1_90' title="bbox 1996 4611 3583 4687; baseline -0.016 0"><span class='ocrx_word' id='word_1_624' title='bbox 1996 4630 2444 4687; x_wconf 88' lang='lat' dir='ltr'><strong>doctissimorum</strong></span> <span class='ocrx_word' id='word_1_625' title='bbox 2476 4623 2763 4682; x_wconf 91' lang='lat' dir='ltr'><strong>hominum</strong></span> <span class='ocrx_word' id='word_1_626' title='bbox 2792 4615 3297 4677; x_wconf 84' lang='lat' dir='ltr'><strong>lucubrationibus,</strong></span> <span class='ocrx_word' id='word_1_627' title='bbox 3326 4626 3468 4679; x_wconf 88' lang='lat' dir='ltr'><strong>quos</strong></span> <span class='ocrx_word' id='word_1_628' title='bbox 3501 4611 3583 4664; x_wconf 91' lang='lat' dir='ltr'><strong>in-</strong></span> 
     </span>
    </p>
   </div>
   <div class='ocr_carea' id='block_1_91' title="bbox 327 4699 3581 4790">
    <p class='ocr_par' dir='ltr' id='par_1_91' title="bbox 327 4699 3581 4790">
     <span class='ocr_line' id='line_1_91' title="bbox 327 4699 3581 4790; baseline -0.005 -20"><span class='ocrx_word' id='word_1_629' title='bbox 327 4716 429 4779; x_wconf 86' lang='lat' dir='ltr'><strong>bet.</strong></span> <span class='ocrx_word' id='word_1_630' title='bbox 464 4717 523 4771; x_wconf 88' lang='lat' dir='ltr'><strong>in</strong></span> <span class='ocrx_word' id='word_1_631' title='bbox 556 4717 792 4775; x_wconf 86' lang='lat' dir='ltr'><strong>medium</strong></span> <span class='ocrx_word' id='word_1_632' title='bbox 844 4718 1134 4774; x_wconf 85' lang='lat' dir='ltr'><strong>adducam.</strong></span> <span class='ocrx_word' id='word_1_633' title='bbox 1164 4719 1487 4790; x_wconf 83' lang='lat' dir='ltr'><strong>Quanquam</strong></span> <span class='ocrx_word' id='word_1_634' title='bbox 1526 4728 1584 4774; x_wconf 90' lang='lat' dir='ltr'><strong>et</strong></span> <span class='ocrx_word' id='word_1_635' title='bbox 1611 4732 1726 4781; x_wconf 88' lang='lat' dir='ltr'><strong>eas,</strong></span> <span class='ocrx_word' id='word_1_636' title='bbox 1773 4700 1896 4787; x_wconf 69' lang='lat' dir='ltr'><strong>qua:</strong></span> <span class='ocrx_word' id='word_1_637' title='bbox 1995 4734 2079 4778; x_wconf 87' lang='lat' dir='ltr'><strong>ter</strong></span> <span class='ocrx_word' id='word_1_638' title='bbox 2103 4717 2494 4776; x_wconf 86' lang='lat' dir='ltr'><strong>memorandus</strong></span> <span class='ocrx_word' id='word_1_639' title='bbox 2540 4715 2818 4789; x_wconf 63' lang='lat' dir='ltr'><strong>praecipue</strong></span> <span class='ocrx_word' id='word_1_640' title='bbox 2864 4709 3036 4766; x_wconf 89' lang='lat' dir='ltr'><strong>Nicol.</strong></span> <span class='ocrx_word' id='word_1_641' title='bbox 3069 4707 3387 4763; x_wconf 80' lang='lat' dir='ltr'><strong>Contncnus</strong></span> <span class='ocrx_word' id='word_1_642' title='bbox 3442 4699 3581 4769; x_wconf 83' lang='lat' dir='ltr'><strong>Pap-</strong></span> 
     </span>
    </p>
   </div>
   <div class='ocr_carea' id='block_1_92' title="bbox 328 4794 1891 4884">
    <p class='ocr_par' dir='ltr' id='par_1_92' title="bbox 328 4805 1890 4879">
     <span class='ocr_line' id='line_1_92' title="bbox 328 4805 1890 4879; baseline 0.001 -20"><span class='ocrx_word' id='word_1_643' title='bbox 328 4806 456 4863; x_wconf 81' lang='lat' dir='ltr'><strong>alias</strong></span> <span class='ocrx_word' id='word_1_644' title='bbox 484 4805 646 4862; x_wconf 62' lang='lat' dir='ltr'><strong>edite</strong></span> <span class='ocrx_word' id='word_1_645' title='bbox 670 4807 845 4873; x_wconf 80' lang='lat' dir='ltr'><strong>luere,</strong></span> <span class='ocrx_word' id='word_1_646' title='bbox 894 4808 1239 4878; x_wconf 77' lang='grc' dir='ltr'><strong>ἀνεκδότους,</strong></span> <span class='ocrx_word' id='word_1_647' title='bbox 1272 4818 1329 4864; x_wconf 89' lang='lat' dir='ltr'><strong>et</strong></span> <span class='ocrx_word' id='word_1_648' title='bbox 1358 4824 1509 4864; x_wconf 91' lang='lat' dir='ltr'><strong>nunc</strong></span> <span class='ocrx_word' id='word_1_649' title='bbox 1559 4808 1801 4879; x_wconf 84' lang='lat' dir='ltr'><strong>primum</strong></span> <span class='ocrx_word' id='word_1_650' title='bbox 1830 4807 1890 4861; x_wconf 88' lang='lat' dir='ltr'><strong>in</strong></span> 
     </span>
    </p>
   </div>
   <div class='ocr_carea' id='block_1_93' title="bbox 1993 4794 3584 4884">
    <p class='ocr_par' dir='ltr' id='par_1_93' title="bbox 1993 4794 3584 4884">
     <span class='ocr_line' id='line_1_93' title="bbox 1993 4794 3584 4884; baseline -0.014 -16"><span class='ocrx_word' id='word_1_651' title='bbox 1993 4812 2321 4884; x_wconf 81' lang='lat' dir='ltr'><strong>padOpolus,</strong></span> <span class='ocrx_word' id='word_1_652' title='bbox 2350 4811 2445 4880; x_wconf 89' lang='lat' dir='ltr'><strong>qui</strong></span> <span class='ocrx_word' id='word_1_653' title='bbox 2508 4823 2652 4864; x_wconf 89' lang='lat' dir='ltr'><strong>anno</strong></span> <span class='ocrx_word' id='word_1_654' title='bbox 2677 4797 2816 4863; x_wconf 77' lang='grc'><strong>1697</strong></span> <span class='ocrx_word' id='word_1_655' title='bbox 2864 4804 3064 4859; x_wconf 87' lang='lat' dir='ltr'><strong>librum</strong></span> <span class='ocrx_word' id='word_1_656' title='bbox 3117 4798 3262 4870; x_wconf 90' lang='lat' dir='ltr'><strong>typis</strong></span> <span class='ocrx_word' id='word_1_657' title='bbox 3302 4794 3584 4851; x_wconf 85' lang='lat' dir='ltr'><strong>mandavit</strong></span> 
     </span>
    </p>
   </div>
   <div class='ocr_carea' id='block_1_94' title="bbox 335 4901 1895 4974">
    <p class='ocr_par' dir='ltr' id='par_1_94' title="bbox 335 4901 1895 4974">
     <span class='ocr_line' id='line_1_94' title="bbox 335 4901 1895 4974; baseline -0.001 -19"><span class='ocrx_word' id='word_1_658' title='bbox 335 4901 603 4967; x_wconf 76' lang='lat' dir='ltr'><strong>publicum</strong></span> <span class='ocrx_word' id='word_1_659' title='bbox 626 4901 845 4970; x_wconf 86' lang='lat' dir='ltr'><strong>prodire</strong></span> <span class='ocrx_word' id='word_1_660' title='bbox 877 4901 1057 4957; x_wconf 85' lang='lat' dir='ltr'><strong>visum</strong></span> <span class='ocrx_word' id='word_1_661' title='bbox 1088 4902 1156 4957; x_wconf 80' lang='lat' dir='ltr'><strong>iri</strong></span> <span class='ocrx_word' id='word_1_662' title='bbox 1193 4902 1644 4974; x_wconf 84' lang='lat' dir='ltr'><strong>prudentioribus</strong></span> <span class='ocrx_word' id='word_1_663' title='bbox 1697 4914 1895 4970; x_wconf 88' lang='lat' dir='ltr'><strong>spero;</strong></span> 
     </span>
    </p>
   </div>
   <div class='ocr_carea' id='block_1_95' title="bbox 329 4991 1897 5064">
    <p class='ocr_par' dir='ltr' id='par_1_95' title="bbox 329 4991 1897 5064">
     <span class='ocr_line' id='line_1_95' title="bbox 329 4991 1897 5064; baseline 0.002 -22"><span class='ocrx_word' id='word_1_664' title='bbox 329 5007 441 5047; x_wconf 81' lang='lat' dir='ltr'><strong>nam</strong></span> <span class='ocrx_word' id='word_1_665' title='bbox 494 4991 580 5047; x_wconf 86' lang='lat' dir='ltr'><strong>vel</strong></span> <span class='ocrx_word' id='word_1_666' title='bbox 609 4993 914 5049; x_wconf 80' lang='lat' dir='ltr'><strong>exactiores</strong></span> <span class='ocrx_word' id='word_1_667' title='bbox 941 5003 997 5048; x_wconf 89' lang='lat' dir='ltr'><strong>et</strong></span> <span class='ocrx_word' id='word_1_668' title='bbox 1025 4994 1459 5061; x_wconf 83' lang='lat' dir='ltr'><strong>emendatiores,</strong></span> <span class='ocrx_word' id='word_1_669' title='bbox 1490 4993 1578 5049; x_wconf 79' lang='lat' dir='ltr'><strong>vel</strong></span> <span class='ocrx_word' id='word_1_670' title='bbox 1632 4991 1897 5064; x_wconf 79' lang='lat' dir='ltr'><strong>integrio-</strong></span> 
     </span>
    </p>
   </div>
   <div class='ocr_carea' id='block_1_96' title="bbox 323 5085 1895 5158">
    <p class='ocr_par' dir='ltr' id='par_1_96' title="bbox 323 5085 1895 5158">
     <span class='ocr_line' id='line_1_96' title="bbox 323 5085 1895 5158; baseline 0.003 -23"><span class='ocrx_word' id='word_1_671' title='bbox 323 5097 436 5149; x_wconf 87' lang='lat' dir='ltr'><strong>res,</strong></span> <span class='ocrx_word' id='word_1_672' title='bbox 471 5085 560 5138; x_wconf 79' lang='lat' dir='ltr'><strong>vel</strong></span> <span class='ocrx_word' id='word_1_673' title='bbox 585 5085 906 5158; x_wconf 86' lang='lat' dir='ltr'><strong>primigenia</strong></span> <span class='ocrx_word' id='word_1_674' title='bbox 938 5101 1036 5141; x_wconf 87' lang='lat' dir='ltr'><strong>sua</strong></span> <span class='ocrx_word' id='word_1_675' title='bbox 1062 5087 1268 5158; x_wconf 87' lang='lat' dir='ltr'><strong>lingua,</strong></span> <span class='ocrx_word' id='word_1_676' title='bbox 1319 5101 1428 5157; x_wconf 86' lang='lat' dir='ltr'><strong>qua</strong></span> <span class='ocrx_word' id='word_1_677' title='bbox 1490 5094 1726 5141; x_wconf 70' lang='lat' dir='ltr'><strong>exarataa</strong></span> <span class='ocrx_word' id='word_1_678' title='bbox 1775 5085 1895 5139; x_wconf 81' lang='lat' dir='ltr'><strong>lue-</strong></span> 
     </span>
    </p>
   </div>
   <div class='ocr_carea' id='block_1_97' title="bbox 324 5174 1894 5238">
    <p class='ocr_par' dir='ltr' id='par_1_97' title="bbox 324 5174 1894 5238">
     <span class='ocr_line' id='line_1_97' title="bbox 324 5174 1894 5238; baseline 0.004 -15"><span class='ocrx_word' id='word_1_679' title='bbox 324 5185 468 5238; x_wconf 88' lang='lat' dir='ltr'><strong>runt,</strong></span> <span class='ocrx_word' id='word_1_680' title='bbox 504 5175 843 5232; x_wconf 84' lang='lat' dir='ltr'><strong>emittentur.</strong></span> <span class='ocrx_word' id='word_1_681' title='bbox 874 5178 1021 5233; x_wconf 81' lang='lat' dir='ltr'><strong>Ecce</strong></span> <span class='ocrx_word' id='word_1_682' title='bbox 1045 5179 1192 5233; x_wconf 90' lang='lat' dir='ltr'><strong>enim</strong></span> <span class='ocrx_word' id='word_1_683' title='bbox 1229 5174 1510 5233; x_wconf 77' lang='lat' dir='ltr'><strong>Pontanus</strong></span> <span class='ocrx_word' id='word_1_684' title='bbox 1536 5177 1732 5232; x_wconf 87' lang='lat' dir='ltr'><strong>Latine</strong></span> <span class='ocrx_word' id='word_1_685' title='bbox 1767 5187 1894 5230; x_wconf 88' lang='lat' dir='ltr'><strong>tan-</strong></span> 
     </span>
    </p>
   </div>
   <div class='ocr_carea' id='block_1_98' title="bbox 321 5262 1895 5341">
    <p class='ocr_par' dir='ltr' id='par_1_98' title="bbox 321 5262 1895 5341">
     <span class='ocr_line' id='line_1_98' title="bbox 321 5262 1895 5341; baseline 0.003 -23"><span class='ocrx_word' id='word_1_686' title='bbox 321 5275 457 5332; x_wconf 87' lang='lat' dir='ltr'><strong>tum,</strong></span> <span class='ocrx_word' id='word_1_687' title='bbox 490 5268 825 5341; x_wconf 84' lang='lat' dir='ltr'><strong>alteramque</strong></span> <span class='ocrx_word' id='word_1_688' title='bbox 863 5272 1108 5327; x_wconf 76' lang='lat' dir='ltr'><strong>mutilam</strong></span> <span class='ocrx_word' id='word_1_689' title='bbox 1153 5271 1415 5327; x_wconf 80' lang='lat' dir='ltr'><strong>excudit:</strong></span> <span class='ocrx_word' id='word_1_690' title='bbox 1472 5262 1591 5340; x_wconf 87' lang='lat' dir='ltr'><strong>ipse</strong></span> <span class='ocrx_word' id='word_1_691' title='bbox 1645 5269 1895 5324; x_wconf 82' lang='lat' dir='ltr'><strong>Graecum</strong></span> 
     </span>
    </p>
   </div>
   <div class='ocr_carea' id='block_1_99' title="bbox 318 5362 1901 5436">
    <p class='ocr_par' dir='ltr' id='par_1_99' title="bbox 318 5362 1901 5436">
     <span class='ocr_line' id='line_1_99' title="bbox 318 5362 1901 5436; baseline 0.003 -24"><span class='ocrx_word' id='word_1_692' title='bbox 318 5366 631 5415; x_wconf 65' lang='lat' dir='ltr'><strong>contestqu</strong></span> <span class='ocrx_word' id='word_1_693' title='bbox 663 5378 956 5433; x_wconf 88' lang='lat' dir='ltr'><strong>apponam,</strong></span> <span class='ocrx_word' id='word_1_694' title='bbox 987 5373 1044 5419; x_wconf 91' lang='lat' dir='ltr'><strong>et</strong></span> <span class='ocrx_word' id='word_1_695' title='bbox 1072 5378 1411 5436; x_wconf 65' lang='lat' dir='ltr'><strong>quaecunque</strong></span> <span class='ocrx_word' id='word_1_696' title='bbox 1449 5362 1648 5419; x_wconf 87' lang='lat' dir='ltr'><strong>desunt</strong></span> <span class='ocrx_word' id='word_1_697' title='bbox 1713 5378 1778 5418; x_wconf 86' lang='lat' dir='ltr'><strong>ex</strong></span> <span class='ocrx_word' id='word_1_698' title='bbox 1808 5377 1901 5417; x_wconf 90' lang='lat' dir='ltr'><strong>co-</strong></span> 
     </span>
    </p>
   </div>
   <div class='ocr_carea' id='block_1_100' title="bbox 1997 4888 3582 4973">
    <p class='ocr_par' dir='ltr' id='par_1_100' title="bbox 1997 4888 3582 4973">
     <span class='ocr_line' id='line_1_100' title="bbox 1997 4888 3582 4973; baseline -0.013 -12"><span class='ocrx_word' id='word_1_699' title='bbox 1997 4904 2331 4973; x_wconf 84' lang='lat' dir='ltr'><strong>Patavii,ita</strong></span> <span class='ocrx_word' id='word_1_700' title='bbox 2376 4902 2753 4973; x_wconf 87' lang='lat' dir='ltr'><strong>inscriptum:</strong></span> <span class='ocrx_word' id='word_1_701' title='bbox 2815 4889 3178 4952; x_wconf 75' lang='lat' dir='ltr'><strong>Prwnotiones</strong></span> <span class='ocrx_word' id='word_1_702' title='bbox 3211 4888 3582 4962; x_wconf 74' lang='lat' dir='ltr'><strong>mystagogicte</strong></span> 
     </span>
    </p>
   </div>
   <div class='ocr_carea' id='block_1_101' title="bbox 2001 4984 3580 5069">
    <p class='ocr_par' dir='ltr' id='par_1_101' title="bbox 2001 4984 3580 5069">
     <span class='ocr_line' id='line_1_101' title="bbox 2001 4984 3580 5069; baseline -0.012 -17"><span class='ocrx_word' id='word_1_703' title='bbox 2001 5012 2064 5053; x_wconf 74' lang='lat' dir='ltr'><strong>ea:</strong></span> <span class='ocrx_word' id='word_1_704' title='bbox 2085 4996 2215 5069; x_wconf 83' lang='lat' dir='ltr'><strong>jure</strong></span> <span class='ocrx_word' id='word_1_705' title='bbox 2235 4998 2517 5062; x_wconf 79' lang='lat' dir='ltr'><strong>canonico,</strong></span> <span class='ocrx_word' id='word_1_706' title='bbox 2554 4995 2662 5050; x_wconf 72' lang='lat' dir='ltr'><strong>sive</strong></span> <span class='ocrx_word' id='word_1_707' title='bbox 2687 4990 2957 5064; x_wconf 78' lang='lat' dir='ltr'><strong>Responsa</strong></span> <span class='ocrx_word' id='word_1_708' title='bbox 2995 5003 3107 5055; x_wconf 74' lang='lat' dir='ltr'><strong>sex,</strong></span> <span class='ocrx_word' id='word_1_709' title='bbox 3157 4986 3211 5041; x_wconf 81' lang='lat' dir='ltr'><strong>in</strong></span> <span class='ocrx_word' id='word_1_710' title='bbox 3243 4984 3433 5056; x_wconf 79' lang='lat' dir='ltr'><strong>quibus</strong></span> <span class='ocrx_word' id='word_1_711' title='bbox 3472 4997 3580 5035; x_wconf 85' lang='lat' dir='ltr'><strong>una</strong></span> 
     </span>
    </p>
   </div>
   <div class='ocr_carea' id='block_1_102' title="bbox 2003 5074 3576 5164">
    <p class='ocr_par' dir='ltr' id='par_1_102' title="bbox 2003 5074 3576 5164">
     <span class='ocr_line' id='line_1_102' title="bbox 2003 5074 3576 5164; baseline -0.013 -16"><span class='ocrx_word' id='word_1_712' title='bbox 2003 5084 2319 5164; x_wconf 72' lang='lat' dir='ltr'><strong>proponitur</strong></span> <span class='ocrx_word' id='word_1_713' title='bbox 2368 5088 2622 5143; x_wconf 67' lang='lat' dir='ltr'><strong>Ecclesia:</strong></span> <span class='ocrx_word' id='word_1_714' title='bbox 2670 5086 2962 5155; x_wconf 74' lang='lat' dir='ltr'><strong>utriusque,</strong></span> <span class='ocrx_word' id='word_1_715' title='bbox 3016 5078 3216 5137; x_wconf 67' lang='lat' dir='ltr'><strong>ercw</strong></span> <span class='ocrx_word' id='word_1_716' title='bbox 3246 5088 3295 5132; x_wconf 84' lang='lat' dir='ltr'><strong>et</strong></span> <span class='ocrx_word' id='word_1_717' title='bbox 3346 5074 3576 5136; x_wconf 66' lang='lat' dir='ltr'><strong>Latine,</strong></span> 
     </span>
    </p>
   </div>
   <div class='ocr_carea' id='block_1_103' title="bbox 2003 5167 3577 5254">
    <p class='ocr_par' dir='ltr' id='par_1_103' title="bbox 2003 5167 3577 5254">
     <span class='ocr_line' id='line_1_103' title="bbox 2003 5167 3577 5254; baseline -0.013 -15"><span class='ocrx_word' id='word_1_718' title='bbox 2003 5182 2317 5254; x_wconf 70' lang='lat' dir='ltr'><strong>suffragium</strong></span> <span class='ocrx_word' id='word_1_719' title='bbox 2354 5179 2420 5233; x_wconf 86' lang='lat' dir='ltr'><strong>de</strong></span> <span class='ocrx_word' id='word_1_720' title='bbox 2447 5179 2535 5241; x_wconf 80' lang='lat' dir='ltr'><strong>iis,</strong></span> <span class='ocrx_word' id='word_1_721' title='bbox 2587 5192 2704 5249; x_wconf 71' lang='lat' dir='ltr'><strong>quae</strong></span> <span class='ocrx_word' id='word_1_722' title='bbox 2764 5174 2979 5230; x_wconf 85' lang='lat' dir='ltr'><strong>omnino</strong></span> <span class='ocrx_word' id='word_1_723' title='bbox 3038 5167 3407 5239; x_wconf 68' lang='lat' dir='ltr'><strong>pra&#39;mittenda</strong></span> <span class='ocrx_word' id='word_1_724' title='bbox 3458 5174 3577 5219; x_wconf 82' lang='lat' dir='ltr'><strong>sunt</strong></span> 
     </span>
    </p>
   </div>
   <div class='ocr_carea' id='block_1_104' title="bbox 2002 5260 3579 5337">
    <p class='ocr_par' dir='ltr' id='par_1_104' title="bbox 2002 5260 3579 5337">
     <span class='ocr_line' id='line_1_104' title="bbox 2002 5260 3579 5337; baseline -0.011 -11"><span class='ocrx_word' id='word_1_725' title='bbox 2002 5262 2274 5327; x_wconf 73' lang='lat' dir='ltr'><strong>ordinibus</strong></span> <span class='ocrx_word' id='word_1_726' title='bbox 2297 5268 2487 5331; x_wconf 79' lang='lat' dir='ltr'><strong>sacris,</strong></span> <span class='ocrx_word' id='word_1_727' title='bbox 2520 5267 2875 5337; x_wconf 54' lang='lat' dir='ltr'><strong>atque&#39;obi‘ter</strong></span> <span class='ocrx_word' id='word_1_728' title='bbox 2895 5274 2943 5319; x_wconf 83' lang='lat' dir='ltr'><strong>et</strong></span> <span class='ocrx_word' id='word_1_729' title='bbox 2972 5262 3179 5319; x_wconf 64' lang='lat' dir='ltr'><strong>Gracia</strong></span> <span class='ocrx_word' id='word_1_730' title='bbox 3209 5260 3456 5313; x_wconf 75' lang='lat' dir='ltr'><strong>adversus</strong></span> <span class='ocrx_word' id='word_1_731' title='bbox 3491 5274 3579 5311; x_wconf 84' lang='lat' dir='ltr'><strong>ca-</strong></span> 
     </span>
    </p>
   </div>
   <div class='ocr_carea' id='block_1_105' title="bbox 2002 5351 3578 5431">
    <p class='ocr_par' dir='ltr' id='par_1_105' title="bbox 2002 5351 3578 5431">
     <span class='ocr_line' id='line_1_105' title="bbox 2002 5351 3578 5431; baseline -0.013 -11"><span class='ocrx_word' id='word_1_732' title='bbox 2002 5363 2346 5420; x_wconf 76' lang='lat' dir='ltr'><strong>lumniatores</strong></span> <span class='ocrx_word' id='word_1_733' title='bbox 2400 5360 2722 5431; x_wconf 76' lang='lat' dir='ltr'><strong>defenditur,</strong></span> <span class='ocrx_word' id='word_1_734' title='bbox 2758 5370 2806 5415; x_wconf 76' lang='lat' dir='ltr'><strong>et</strong></span> <span class='ocrx_word' id='word_1_735' title='bbox 2856 5357 3137 5430; x_wconf 77' lang='lat' dir='ltr'><strong>prwcipute</strong></span> <span class='ocrx_word' id='word_1_736' title='bbox 3193 5351 3578 5407; x_wconf 77' lang='lat' dir='ltr'><strong>Pltott&#39;anorum</strong></span> 
     </span>
    </p>
   </div>
   <div class='ocr_carea' id='block_1_106' title="bbox 318 5442 3577 5529">
    <p class='ocr_par' dir='ltr' id='par_1_106' title="bbox 318 5442 3577 5529">
     <span class='ocr_line' id='line_1_106' title="bbox 318 5442 3577 5529; baseline -0.004 -22"><span class='ocrx_word' id='word_1_737' title='bbox 318 5453 440 5509; x_wconf 87' lang='lat' dir='ltr'><strong>dice</strong></span> <span class='ocrx_word' id='word_1_738' title='bbox 500 5455 862 5514; x_wconf 72' lang='lat' dir='ltr'><strong>[liccat-diana</strong></span> <span class='ocrx_word' id='word_1_739' title='bbox 921 5458 1209 5529; x_wconf 87' lang='lat' dir='ltr'><strong>supplebo.</strong></span> <span class='ocrx_word' id='word_1_740' title='bbox 1254 5457 1555 5514; x_wconf 79' lang='lat' dir='ltr'><strong>Bonavent.</strong></span> <span class='ocrx_word' id='word_1_741' title='bbox 1599 5454 1897 5512; x_wconf 81' lang='lat' dir='ltr'><strong>Vulcanius</strong></span> <span class='ocrx_word' id='word_1_742' title='bbox 1998 5457 2215 5526; x_wconf 77' lang='grc' dir='ltr'><strong>ἰηεριὶιε</strong></span> <span class='ocrx_word' id='word_1_743' title='bbox 2236 5452 2570 5526; x_wconf 73' lang='lat' dir='ltr'><strong>refelluntur.</strong></span> <span class='ocrx_word' id='word_1_744' title='bbox 2601 5453 2682 5507; x_wconf 88' lang='lat' dir='ltr'><strong>lbi</strong></span> <span class='ocrx_word' id='word_1_745' title='bbox 2715 5452 2987 5508; x_wconf 87' lang='lat' dir='ltr'><strong>innumeri</strong></span> <span class='ocrx_word' id='word_1_746' title='bbox 3023 5450 3322 5520; x_wconf 87' lang='lat' dir='ltr'><strong>scriptores</strong></span> <span class='ocrx_word' id='word_1_747' title='bbox 3381 5442 3577 5505; x_wconf 80' lang='lat' dir='ltr'><strong>Graeci,</strong></span> 
     </span>
    </p>
   </div>
   <div class='ocr_carea' id='block_1_107' title="bbox 316 5536 3577 5622">
    <p class='ocr_par' dir='ltr' id='par_1_107' title="bbox 316 5536 3577 5622">
     <span class='ocr_line' id='line_1_107' title="bbox 316 5536 3577 5622; baseline -0.005 -18"><span class='ocrx_word' id='word_1_748' title='bbox 316 5542 511 5603; x_wconf 71' lang='lat' dir='ltr'><strong>Gra‘ce</strong></span> <span class='ocrx_word' id='word_1_749' title='bbox 542 5550 757 5617; x_wconf 87' lang='lat' dir='ltr'><strong>quidem</strong></span> <span class='ocrx_word' id='word_1_750' title='bbox 793 5568 856 5607; x_wconf 89' lang='lat' dir='ltr'><strong>ac</strong></span> <span class='ocrx_word' id='word_1_751' title='bbox 912 5551 1109 5606; x_wconf 89' lang='lat' dir='ltr'><strong>Latine</strong></span> <span class='ocrx_word' id='word_1_752' title='bbox 1138 5566 1266 5605; x_wconf 88' lang='lat' dir='ltr'><strong>suas</strong></span> <span class='ocrx_word' id='word_1_753' title='bbox 1291 5549 1551 5622; x_wconf 82' lang='lat' dir='ltr'><strong>vulgavit,</strong></span> <span class='ocrx_word' id='word_1_754' title='bbox 1587 5549 1684 5605; x_wconf 86' lang='lat' dir='ltr'><strong>sed</strong></span> <span class='ocrx_word' id='word_1_755' title='bbox 1738 5560 1897 5609; x_wconf 73' lang='lat' dir='ltr'><strong>men-.-</strong></span> <span class='ocrx_word' id='word_1_756' title='bbox 1999 5546 2356 5619; x_wconf 76' lang='lat' dir='ltr'><strong>proximioris</strong></span> <span class='ocrx_word' id='word_1_757' title='bbox 2380 5547 2690 5617; x_wconf 62' lang='lat' dir='ltr'><strong>praesertim</strong></span> <span class='ocrx_word' id='word_1_758' title='bbox 2723 5547 2924 5610; x_wconf 68' lang='lat' dir='ltr'><strong>aetatis,</strong></span> <span class='ocrx_word' id='word_1_759' title='bbox 2961 5545 3015 5600; x_wconf 90' lang='lat' dir='ltr'><strong>in</strong></span> <span class='ocrx_word' id='word_1_760' title='bbox 3046 5543 3284 5599; x_wconf 88' lang='lat' dir='ltr'><strong>medium</strong></span> <span class='ocrx_word' id='word_1_761' title='bbox 3324 5536 3577 5594; x_wconf 71' lang='lat' dir='ltr'><strong>:ad‘crun-</strong></span> 
     </span>
    </p>
   </div>
   <div class='ocr_carea' id='block_1_108' title="bbox 313 5628 3580 5713">
    <p class='ocr_par' dir='ltr' id='par_1_108' title="bbox 313 5628 3580 5713">
     <span class='ocr_line' id='line_1_108' title="bbox 313 5628 3580 5713; baseline -0.007 -9"><span class='ocrx_word' id='word_1_762' title='bbox 313 5640 457 5694; x_wconf 63' lang='lat' dir='ltr'><strong>dam</strong></span> <span class='ocrx_word' id='word_1_763' title='bbox 516 5640 700 5699; x_wconf 80' lang='lat' dir='ltr'><strong>codice</strong></span> <span class='ocrx_word' id='word_1_764' title='bbox 752 5660 905 5713; x_wconf 90' lang='lat' dir='ltr'><strong>usus,</strong></span> <span class='ocrx_word' id='word_1_765' title='bbox 968 5658 1132 5699; x_wconf 90' lang='lat' dir='ltr'><strong>unam</strong></span> <span class='ocrx_word' id='word_1_766' title='bbox 1182 5647 1347 5698; x_wconf 86' lang='lat' dir='ltr'><strong>etiam</strong></span> <span class='ocrx_word' id='word_1_767' title='bbox 1401 5643 1676 5712; x_wconf 76' lang='grc' dir='ltr'><strong>ἀκέφαλον</strong></span> <span class='ocrx_word' id='word_1_768' title='bbox 1734 5640 1899 5701; x_wconf 86' lang='lat' dir='ltr'><strong>edere</strong></span> <span class='ocrx_word' id='word_1_769' title='bbox 2000 5653 2110 5708; x_wconf 91' lang='lat' dir='ltr'><strong>tur,</strong></span> <span class='ocrx_word' id='word_1_770' title='bbox 2139 5641 2232 5713; x_wconf 89' lang='lat' dir='ltr'><strong>qui</strong></span> <span class='ocrx_word' id='word_1_771' title='bbox 2262 5641 2499 5696; x_wconf 81' lang='lat' dir='ltr'><strong>maxima</strong></span> <span class='ocrx_word' id='word_1_772' title='bbox 2528 5656 2657 5711; x_wconf 88' lang='lat' dir='ltr'><strong>pars</strong></span> <span class='ocrx_word' id='word_1_773' title='bbox 2686 5640 2857 5711; x_wconf 89' lang='lat' dir='ltr'><strong>ignoti</strong></span> <span class='ocrx_word' id='word_1_774' title='bbox 2885 5639 3044 5695; x_wconf 90' lang='lat' dir='ltr'><strong>nobis</strong></span> <span class='ocrx_word' id='word_1_775' title='bbox 3075 5642 3251 5701; x_wconf 87' lang='lat' dir='ltr'><strong>erant,</strong></span> <span class='ocrx_word' id='word_1_776' title='bbox 3286 5641 3349 5686; x_wconf 93' lang='lat' dir='ltr'><strong>ut</strong></span> <span class='ocrx_word' id='word_1_777' title='bbox 3387 5628 3580 5685; x_wconf 86' lang='lat' dir='ltr'><strong>scribit</strong></span> 
     </span>
    </p>
   </div>
   <div class='ocr_carea' id='block_1_109' title="bbox 312 5723 3578 5806">
    <p class='ocr_par' dir='ltr' id='par_1_109' title="bbox 312 5723 3578 5806">
     <span class='ocr_line' id='line_1_109' title="bbox 312 5723 3578 5806; baseline -0.004 -18"><span class='ocrx_word' id='word_1_778' title='bbox 312 5743 548 5791; x_wconf 84' lang='lat' dir='ltr'><strong>coactus</strong></span> <span class='ocrx_word' id='word_1_779' title='bbox 574 5746 698 5792; x_wconf 75' lang='lat' dir='ltr'><strong>eSt:</strong></span> <span class='ocrx_word' id='word_1_780' title='bbox 760 5738 817 5792; x_wconf 88' lang='lat' dir='ltr'><strong>in</strong></span> <span class='ocrx_word' id='word_1_781' title='bbox 853 5739 954 5794; x_wconf 91' lang='lat' dir='ltr'><strong>hac</strong></span> <span class='ocrx_word' id='word_1_782' title='bbox 986 5736 1230 5792; x_wconf 87' lang='lat' dir='ltr'><strong>editione</strong></span> <span class='ocrx_word' id='word_1_783' title='bbox 1260 5746 1316 5792; x_wconf 85' lang='lat' dir='ltr'><strong>ct</strong></span> <span class='ocrx_word' id='word_1_784' title='bbox 1346 5739 1651 5793; x_wconf 60' lang='lat' dir='ltr'><strong>emendate</strong></span> <span class='ocrx_word' id='word_1_785' title='bbox 1679 5748 1896 5801; x_wconf 86' lang='lat' dir='ltr'><strong>omnes,</strong></span> <span class='ocrx_word' id='word_1_786' title='bbox 1999 5735 2493 5806; x_wconf 71' lang='lat' dir='ltr'><strong>praestantissimus</strong></span> <span class='ocrx_word' id='word_1_787' title='bbox 2520 5732 2953 5791; x_wconf 80' lang='lat' dir='ltr'><strong>Monsl‘alconius</strong></span> <span class='ocrx_word' id='word_1_788' title='bbox 2985 5723 3278 5785; x_wconf 77' lang='lat' dir='ltr'><strong>DiarJtal.</strong></span> <span class='ocrx_word' id='word_1_789' title='bbox 3311 5740 3435 5794; x_wconf 84' lang='lat' dir='ltr'><strong>cap.</strong></span> <span class='ocrx_word' id='word_1_790' title='bbox 3488 5723 3578 5776; x_wconf 69' lang='lat'><strong>9.8.</strong></span> 
     </span>
    </p>
   </div>
   <div class='ocr_carea' id='block_1_110' title="bbox 919 5846 957 5861">
    <p class='ocr_par' dir='ltr' id='par_1_110' title="bbox 919 5846 957 5861">
     <span class='ocr_line' id='line_1_110' title="bbox 919 5846 957 5861; baseline 0 -3"><span class='ocrx_word' id='word_1_791' title='bbox 919 5846 957 5861; x_wconf 61' lang='grc' dir='ltr'><strong>αι</strong></span> 
     </span>
    </p>
   </div>
   <div class='ocr_carea' id='block_1_111' title="bbox 377 5911 2165 5981">
    <p class='ocr_par' dir='ltr' id='par_1_111' title="bbox 377 5911 2165 5981">
     <span class='ocr_line' id='line_1_111' title="bbox 377 5911 2165 5981; baseline 0.003 -19"><span class='ocrx_word' id='word_1_792' title='bbox 377 5912 460 5971; x_wconf 73' lang='lat' dir='ltr'><strong>tl)</strong></span> <span class='ocrx_word' id='word_1_793' title='bbox 488 5911 548 5965; x_wconf 83' lang='lat' dir='ltr'><strong>Et</strong></span> <span class='ocrx_word' id='word_1_794' title='bbox 580 5914 672 5965; x_wconf 82' lang='lat' dir='ltr'><strong>hoc</strong></span> <span class='ocrx_word' id='word_1_795' title='bbox 695 5917 841 5968; x_wconf 85' lang='lat' dir='ltr'><strong>etiam</strong></span> <span class='ocrx_word' id='word_1_796' title='bbox 888 5931 981 5969; x_wconf 84' lang='lat' dir='ltr'><strong>non</strong></span> <span class='ocrx_word' id='word_1_797' title='bbox 1023 5920 1276 5980; x_wconf 63' lang='lat' dir='ltr'><strong>prestitit,</strong></span> <span class='ocrx_word' id='word_1_798' title='bbox 1326 5915 1457 5980; x_wconf 90' lang='lat' dir='ltr'><strong>quod</strong></span> <span class='ocrx_word' id='word_1_799' title='bbox 1506 5919 1613 5981; x_wconf 82' lang='lat' dir='ltr'><strong>ejus</strong></span> <span class='ocrx_word' id='word_1_800' title='bbox 1638 5918 1749 5969; x_wconf 85' lang='lat' dir='ltr'><strong>loco</strong></span> <span class='ocrx_word' id='word_1_801' title='bbox 1771 5917 1998 5968; x_wconf 80' lang='lat' dir='ltr'><strong>fecimus.</strong></span> <span class='ocrx_word' id='word_1_802' title='bbox 2028 5916 2165 5969; x_wconf 81' lang='lat' dir='ltr'><strong>EDI‘I&#39;.</strong></span> 
     </span>
    </p>
   </div>
  </div>
