  <div class='ocr_page' id='page_1' title='image "/cluster/home/n/w/nwhite01/storage/ocr_20150623/158/coo.31924054870633/021.png"; bbox 0 0 4008 6440; ppageno 0'>
   <div class='ocr_carea' id='block_1_1' title="bbox 492 405 653 451">
    <p class='ocr_par' dir='ltr' id='par_1_1' title="bbox 492 405 653 451">
     <span class='ocr_line' id='line_1_1' title="bbox 492 405 653 451; baseline 0.006 -1"><span class='ocrx_word' id='word_1_1' title='bbox 492 405 653 451; x_wconf 60' lang='grc' dir='ltr'><strong>λκκιη</strong></span> 
     </span>
    </p>
   </div>
   <div class='ocr_carea' id='block_1_2' title="bbox 1737 403 2553 463">
    <p class='ocr_par' dir='ltr' id='par_1_2' title="bbox 1737 403 2553 463">
     <span class='ocr_line' id='line_1_2' title="bbox 1737 403 2553 463; baseline -0.001 0"><span class='ocrx_word' id='word_1_2' title='bbox 1737 404 1835 463; x_wconf 82' lang='lat' dir='ltr'><strong>DE</strong></span> <span class='ocrx_word' id='word_1_3' title='bbox 1882 403 2278 462; x_wconf 66' lang='lat' dir='ltr'><strong>MICUAELE</strong></span> <span class='ocrx_word' id='word_1_4' title='bbox 2318 404 2553 463; x_wconf 71' lang='lat' dir='ltr'><strong>GLYCA</strong></span> 
     </span>
    </p>
   </div>
   <div class='ocr_carea' id='block_1_3' title="bbox 3637 408 3765 455">
    <p class='ocr_par' dir='ltr' id='par_1_3' title="bbox 3637 408 3765 455">
     <span class='ocr_line' id='line_1_3' title="bbox 3637 408 3765 455; baseline 0 -6"><span class='ocrx_word' id='word_1_5' title='bbox 3637 408 3765 455; x_wconf 67' lang='lat' dir='ltr'><strong>X\1v</strong></span> 
     </span>
    </p>
   </div>
   <div class='ocr_carea' id='block_1_4' title="bbox 515 504 3765 585">
    <p class='ocr_par' dir='ltr' id='par_1_4' title="bbox 515 504 3765 585">
     <span class='ocr_line' id='line_1_4' title="bbox 515 504 3765 585; baseline 0 -20"><span class='ocrx_word' id='word_1_6' title='bbox 515 504 796 569; x_wconf 54' lang='lat' dir='ltr'><strong>Messana!</strong></span> <span class='ocrx_word' id='word_1_7' title='bbox 828 528 928 583; x_wconf 88' lang='lat' dir='ltr'><strong>pro</strong></span> <span class='ocrx_word' id='word_1_8' title='bbox 991 513 1273 568; x_wconf 73' lang='lat' dir='ltr'><strong>manat-his</strong></span> <span class='ocrx_word' id='word_1_9' title='bbox 1327 512 1525 569; x_wconf 60' lang='lat' dir='ltr'><strong>Graecis</strong></span> <span class='ocrx_word' id='word_1_10' title='bbox 1552 553 1566 578; x_wconf 93' lang='lat'><strong>,</strong></span> <span class='ocrx_word' id='word_1_11' title='bbox 1626 522 1719 567; x_wconf 70' lang='lat' dir='ltr'><strong>sein</strong></span> <span class='ocrx_word' id='word_1_12' title='bbox 1774 513 2052 584; x_wconf 61' lang='lat' dir='ltr'><strong>Caloge&#39;ris</strong></span> <span class='ocrx_word' id='word_1_13' title='bbox 2077 554 2091 577; x_wconf 90' lang='lat'><strong>,</strong></span> <span class='ocrx_word' id='word_1_14' title='bbox 2126 520 2164 574; x_wconf 91' lang='grc' dir='ltr'><strong>Α</strong></span> <span class='ocrx_word' id='word_1_15' title='bbox 2197 511 2445 568; x_wconf 73' lang='lat' dir='ltr'><strong>Graecum</strong></span> <span class='ocrx_word' id='word_1_16' title='bbox 2482 512 2774 569; x_wconf 79' lang='lat' dir='ltr'><strong>Annalium</strong></span> <span class='ocrx_word' id='word_1_17' title='bbox 2826 512 3003 585; x_wconf 68' lang='lat' dir='ltr'><strong>Glycm</strong></span> <span class='ocrx_word' id='word_1_18' title='bbox 3037 512 3281 569; x_wconf 81' lang='lat' dir='ltr'><strong>codicem</strong></span> <span class='ocrx_word' id='word_1_19' title='bbox 3313 527 3419 566; x_wconf 90' lang='lat' dir='ltr'><strong>ms.</strong></span> <span class='ocrx_word' id='word_1_20' title='bbox 3471 511 3528 566; x_wconf 86' lang='lat' dir='ltr'><strong>in</strong></span> <span class='ocrx_word' id='word_1_21' title='bbox 3563 509 3765 567; x_wconf 86' lang='lat' dir='ltr'><strong>Biblio-</strong></span> 
     </span>
    </p>
   </div>
   <div class='ocr_carea' id='block_1_5' title="bbox 513 605 2092 675">
    <p class='ocr_par' dir='ltr' id='par_1_5' title="bbox 513 605 2092 675">
     <span class='ocr_line' id='line_1_5' title="bbox 513 605 2092 675; baseline 0.003 -19"><span class='ocrx_word' id='word_1_22' title='bbox 513 605 693 659; x_wconf 61' lang='lat' dir='ltr'><strong>cousti</strong></span> <span class='ocrx_word' id='word_1_23' title='bbox 719 619 804 658; x_wconf 80' lang='lat' dir='ltr'><strong>uta</strong></span> <span class='ocrx_word' id='word_1_24' title='bbox 839 606 1185 675; x_wconf 64' lang='lat' dir='ltr'><strong>praeceptori</strong></span> <span class='ocrx_word' id='word_1_25' title='bbox 1207 620 1384 658; x_wconf 89' lang='lat' dir='ltr'><strong>annua</strong></span> <span class='ocrx_word' id='word_1_26' title='bbox 1412 605 1664 660; x_wconf 76' lang='lat' dir='ltr'><strong>mercede</strong></span> <span class='ocrx_word' id='word_1_27' title='bbox 1692 621 1984 660; x_wconf 84' lang='lat' dir='ltr'><strong>aureorum</strong></span> <span class='ocrx_word' id='word_1_28' title='bbox 2024 606 2092 660; x_wconf 76' lang='lat' dir='ltr'><strong>8t)</strong></span> 
     </span>
    </p>
   </div>
   <div class='ocr_carea' id='block_1_6' title="bbox 515 692 2092 756">
    <p class='ocr_par' dir='ltr' id='par_1_6' title="bbox 515 692 2092 756">
     <span class='ocr_line' id='line_1_6' title="bbox 515 692 2092 756; baseline 0.003 -12"><span class='ocrx_word' id='word_1_29' title='bbox 515 693 584 744; x_wconf 84' lang='lat' dir='ltr'><strong>de</strong></span> <span class='ocrx_word' id='word_1_30' title='bbox 616 708 828 746; x_wconf 82' lang='lat' dir='ltr'><strong>camera</strong></span> <span class='ocrx_word' id='word_1_31' title='bbox 884 694 1145 748; x_wconf 82' lang='lat' dir='ltr'><strong>solventia</strong></span> <span class='ocrx_word' id='word_1_32' title='bbox 1173 710 1200 748; x_wconf 86' lang='lat' dir='ltr'><strong>a</strong></span> <span class='ocrx_word' id='word_1_33' title='bbox 1233 692 1581 749; x_wconf 88' lang='lat' dir='ltr'><strong>monasteriis</strong></span> <span class='ocrx_word' id='word_1_34' title='bbox 1613 692 1923 756; x_wconf 74' lang='lat' dir='ltr'><strong>Basilianis,</strong></span> <span class='ocrx_word' id='word_1_35' title='bbox 1979 695 2092 748; x_wconf 79' lang='lat' dir='ltr'><strong>cri-</strong></span> 
     </span>
    </p>
   </div>
   <div class='ocr_carea' id='block_1_7' title="bbox 512 786 2090 854">
    <p class='ocr_par' dir='ltr' id='par_1_7' title="bbox 512 786 2090 854">
     <span class='ocr_line' id='line_1_7' title="bbox 512 786 2090 854; baseline 0.004 -20"><span class='ocrx_word' id='word_1_36' title='bbox 512 795 799 850; x_wconf 77' lang='lat' dir='ltr'><strong>gcrentur;</strong></span> <span class='ocrx_word' id='word_1_37' title='bbox 834 787 977 854; x_wconf 84' lang='lat' dir='ltr'><strong>quod</strong></span> <span class='ocrx_word' id='word_1_38' title='bbox 1013 787 1354 841; x_wconf 79' lang='lat' dir='ltr'><strong>exsecutioni</strong></span> <span class='ocrx_word' id='word_1_39' title='bbox 1386 787 1754 840; x_wconf 83' lang='lat' dir='ltr'><strong>mandandum</strong></span> <span class='ocrx_word' id='word_1_40' title='bbox 1794 786 2090 842; x_wconf 66' lang='lat' dir='ltr'><strong>&#39;Bcss&#39;arion</strong></span> 
     </span>
    </p>
   </div>
   <div class='ocr_carea' id='block_1_8' title="bbox 513 870 2089 949">
    <p class='ocr_par' dir='ltr' id='par_1_8' title="bbox 513 870 2089 949">
     <span class='ocr_line' id='line_1_8' title="bbox 513 870 2089 949; baseline 0.008 -27"><span class='ocrx_word' id='word_1_41' title='bbox 513 870 736 928; x_wconf 76' lang='lat' dir='ltr'><strong>Ordinis</strong></span> <span class='ocrx_word' id='word_1_42' title='bbox 769 874 1049 944; x_wconf 77' lang='lat' dir='ltr'><strong>protector</strong></span> <span class='ocrx_word' id='word_1_43' title='bbox 1103 878 1300 932; x_wconf 74' lang='lat' dir='ltr'><strong>litteris</strong></span> <span class='ocrx_word' id='word_1_44' title='bbox 1355 878 1537 932; x_wconf 70' lang='lat' dir='ltr'><strong>[tenue</strong></span> <span class='ocrx_word' id='word_1_45' title='bbox 1580 894 1731 933; x_wconf 79' lang='lat' dir='ltr'><strong>anno</strong></span> <span class='ocrx_word' id='word_1_46' title='bbox 1782 881 2089 949; x_wconf 88' lang='lat' dir='ltr'><strong>insequenti</strong></span> 
     </span>
    </p>
   </div>
   <div class='ocr_carea' id='block_1_9' title="bbox 510 961 2092 1038">
    <p class='ocr_par' dir='ltr' id='par_1_9' title="bbox 510 961 2092 1038">
     <span class='ocr_line' id='line_1_9' title="bbox 510 961 2092 1038; baseline 0.008 -25"><span class='ocrx_word' id='word_1_47' title='bbox 510 961 652 1016; x_wconf 84' lang='lat' dir='ltr'><strong>datis</strong></span> <span class='ocrx_word' id='word_1_48' title='bbox 708 965 916 1030; x_wconf 78' lang='lat' dir='ltr'><strong>edixit,</strong></span> <span class='ocrx_word' id='word_1_49' title='bbox 974 969 1276 1022; x_wconf 76' lang='lat' dir='ltr'><strong>Athanasio</strong></span> <span class='ocrx_word' id='word_1_50' title='bbox 1337 970 1597 1038; x_wconf 88' lang='lat' dir='ltr'><strong>episcopo</strong></span> <span class='ocrx_word' id='word_1_51' title='bbox 1664 969 1974 1026; x_wconf 75' lang='lat' dir='ltr'><strong>llieracmsi</strong></span> <span class='ocrx_word' id='word_1_52' title='bbox 2036 982 2092 1026; x_wconf 88' lang='lat' dir='ltr'><strong>et</strong></span> 
     </span>
    </p>
   </div>
   <div class='ocr_carea' id='block_1_10' title="bbox 508 1054 2091 1120">
    <p class='ocr_par' dir='ltr' id='par_1_10' title="bbox 508 1054 2091 1120">
     <span class='ocr_line' id='line_1_10' title="bbox 508 1054 2091 1120; baseline 0.011 -18"><span class='ocrx_word' id='word_1_53' title='bbox 508 1054 835 1120; x_wconf 80' lang='lat' dir='ltr'><strong>quibusdam</strong></span> <span class='ocrx_word' id='word_1_54' title='bbox 875 1057 1164 1113; x_wconf 84' lang='lat' dir='ltr'><strong>abbatibus</strong></span> <span class='ocrx_word' id='word_1_55' title='bbox 1226 1062 1495 1120; x_wconf 87' lang='lat' dir='ltr'><strong>scribens.</strong></span> <span class='ocrx_word' id='word_1_56' title='bbox 1527 1062 2091 1119; x_wconf 81' lang='lat' dir='ltr'><strong>llincCoustantinus</strong></span> 
     </span>
    </p>
   </div>
   <div class='ocr_carea' id='block_1_11' title="bbox 510 1143 2090 1221">
    <p class='ocr_par' dir='ltr' id='par_1_11' title="bbox 510 1143 2090 1221">
     <span class='ocr_line' id='line_1_11' title="bbox 510 1143 2090 1221; baseline 0.011 -27"><span class='ocrx_word' id='word_1_57' title='bbox 510 1143 758 1199; x_wconf 78' lang='lat' dir='ltr'><strong>Lascaris</strong></span> <span class='ocrx_word' id='word_1_58' title='bbox 815 1146 918 1199; x_wconf 84' lang='lat' dir='ltr'><strong>CP.</strong></span> <span class='ocrx_word' id='word_1_59' title='bbox 965 1164 1029 1201; x_wconf 72' lang='lat' dir='ltr'><strong>ex</strong></span> <span class='ocrx_word' id='word_1_60' title='bbox 1063 1150 1258 1207; x_wconf 78' lang='lat' dir='ltr'><strong>litteris</strong></span> <span class='ocrx_word' id='word_1_61' title='bbox 1305 1155 1632 1221; x_wconf 75' lang='lat' dir='ltr'><strong>protectoris</strong></span> <span class='ocrx_word' id='word_1_62' title='bbox 1667 1154 1897 1211; x_wconf 83' lang='lat' dir='ltr'><strong>Ordinis</strong></span> <span class='ocrx_word' id='word_1_63' title='bbox 1949 1157 2090 1211; x_wconf 68' lang='lat' dir='ltr'><strong>datis</strong></span> 
     </span>
    </p>
   </div>
   <div class='ocr_carea' id='block_1_12' title="bbox 510 1232 2090 1313">
    <p class='ocr_par' dir='ltr' id='par_1_12' title="bbox 510 1232 2090 1313">
     <span class='ocr_line' id='line_1_12' title="bbox 510 1232 2090 1313; baseline 0.01 -27"><span class='ocrx_word' id='word_1_64' title='bbox 510 1232 701 1290; x_wconf 60' lang='lat' dir='ltr'><strong>Romae</strong></span> <span class='ocrx_word' id='word_1_65' title='bbox 731 1238 910 1305; x_wconf 83' lang='lat' dir='ltr'><strong>pridie</strong></span> <span class='ocrx_word' id='word_1_66' title='bbox 942 1239 1073 1295; x_wconf 85' lang='lat' dir='ltr'><strong>ldus</strong></span> <span class='ocrx_word' id='word_1_67' title='bbox 1107 1241 1425 1299; x_wconf 73' lang='lat' dir='ltr'><strong>Decembris</strong></span> <span class='ocrx_word' id='word_1_68' title='bbox 1461 1245 1625 1313; x_wconf 76' lang='lat' dir='ltr'><strong>H67,</strong></span> <span class='ocrx_word' id='word_1_69' title='bbox 1671 1262 1793 1301; x_wconf 90' lang='lat' dir='ltr'><strong>cum</strong></span> <span class='ocrx_word' id='word_1_70' title='bbox 1838 1250 2090 1302; x_wconf 87' lang='lat' dir='ltr'><strong>mercede</strong></span> 
     </span>
    </p>
   </div>
   <div class='ocr_carea' id='block_1_13' title="bbox 507 1330 2088 1401">
    <p class='ocr_par' dir='ltr' id='par_1_13' title="bbox 507 1330 2088 1401">
     <span class='ocr_line' id='line_1_13' title="bbox 507 1330 2088 1401; baseline 0.011 -24"><span class='ocrx_word' id='word_1_71' title='bbox 507 1341 694 1381; x_wconf 86' lang='lat' dir='ltr'><strong>annua</strong></span> <span class='ocrx_word' id='word_1_72' title='bbox 722 1336 1060 1383; x_wconf 76' lang='lat' dir='ltr'><strong>armatorum</strong></span> <span class='ocrx_word' id='word_1_73' title='bbox 1093 1330 1185 1395; x_wconf 89' lang='lat'><strong>80,</strong></span> <span class='ocrx_word' id='word_1_74' title='bbox 1217 1348 1338 1401; x_wconf 59' lang='lat' dir='ltr'><strong>qua:</strong></span> <span class='ocrx_word' id='word_1_75' title='bbox 1377 1336 1590 1392; x_wconf 82' lang='lat' dir='ltr'><strong>solvere</strong></span> <span class='ocrx_word' id='word_1_76' title='bbox 1625 1344 1944 1392; x_wconf 79' lang='lat' dir='ltr'><strong>tenerentur</strong></span> <span class='ocrx_word' id='word_1_77' title='bbox 1970 1353 2088 1393; x_wconf 88' lang='lat' dir='ltr'><strong>mo-</strong></span> 
     </span>
    </p>
   </div>
   <div class='ocr_carea' id='block_1_14' title="bbox 510 1412 2089 1501">
    <p class='ocr_par' dir='ltr' id='par_1_14' title="bbox 510 1412 2089 1501">
     <span class='ocr_line' id='line_1_14' title="bbox 510 1412 2089 1501; baseline 0.011 -32"><span class='ocrx_word' id='word_1_78' title='bbox 510 1418 1005 1501; x_wconf 40' lang='lat' dir='ltr'><strong>nasteriaacrmca</strong></span> <span class='ocrx_word' id='word_1_79' title='bbox 1070 1422 1296 1491; x_wconf 67' lang='lat' dir='ltr'><strong>Sicilire,</strong></span> <span class='ocrx_word' id='word_1_80' title='bbox 1329 1427 1586 1481; x_wconf 65' lang='lat' dir='ltr'><strong>docendae</strong></span> <span class='ocrx_word' id='word_1_81' title='bbox 1635 1412 1833 1499; x_wconf 72' lang='lat' dir='ltr'><strong>iinguae</strong></span> <span class='ocrx_word' id='word_1_82' title='bbox 1887 1431 2089 1487; x_wconf 63' lang='lat' dir='ltr'><strong>Graecae</strong></span> 
     </span>
    </p>
   </div>
   <div class='ocr_carea' id='block_1_15' title="bbox 511 1508 2090 1579">
    <p class='ocr_par' dir='ltr' id='par_1_15' title="bbox 511 1508 2090 1579">
     <span class='ocr_line' id='line_1_15' title="bbox 511 1508 2090 1579; baseline 0.012 -20"><span class='ocrx_word' id='word_1_83' title='bbox 511 1508 825 1575; x_wconf 69' lang='lat' dir='ltr'><strong>prietiCitur.</strong></span> <span class='ocrx_word' id='word_1_84' title='bbox 863 1512 1022 1567; x_wconf 76' lang='lat' dir='ltr'><strong>Anno</strong></span> <span class='ocrx_word' id='word_1_85' title='bbox 1058 1516 1190 1571; x_wconf 68' lang='grc'><strong>1478</strong></span> <span class='ocrx_word' id='word_1_86' title='bbox 1221 1519 1619 1576; x_wconf 79' lang='lat' dir='ltr'><strong>Constantinus</strong></span> <span class='ocrx_word' id='word_1_87' title='bbox 1634 1521 1880 1577; x_wconf 85' lang='lat' dir='ltr'><strong>Lascaris</strong></span> <span class='ocrx_word' id='word_1_88' title='bbox 1910 1525 2090 1579; x_wconf 88' lang='lat' dir='ltr'><strong>adhuc</strong></span> 
     </span>
    </p>
   </div>
   <div class='ocr_carea' id='block_1_16' title="bbox 509 1598 2090 1682">
    <p class='ocr_par' dir='ltr' id='par_1_16' title="bbox 509 1598 2090 1682">
     <span class='ocr_line' id='line_1_16' title="bbox 509 1598 2090 1682; baseline 0.011 -31"><span class='ocrx_word' id='word_1_89' title='bbox 509 1599 565 1651; x_wconf 88' lang='lat' dir='ltr'><strong>in</strong></span> <span class='ocrx_word' id='word_1_90' title='bbox 592 1598 778 1654; x_wconf 84' lang='lat' dir='ltr'><strong>Sicilia</strong></span> <span class='ocrx_word' id='word_1_91' title='bbox 816 1601 1069 1672; x_wconf 72' lang='lat' dir='ltr'><strong>docebat,</strong></span> <span class='ocrx_word' id='word_1_92' title='bbox 1123 1616 1177 1661; x_wconf 86' lang='lat' dir='ltr'><strong>et</strong></span> <span class='ocrx_word' id='word_1_93' title='bbox 1207 1609 1312 1664; x_wconf 86' lang='lat' dir='ltr'><strong>hoc</strong></span> <span class='ocrx_word' id='word_1_94' title='bbox 1347 1624 1512 1673; x_wconf 83' lang='lat' dir='ltr'><strong>anno,</strong></span> <span class='ocrx_word' id='word_1_95' title='bbox 1541 1610 1696 1680; x_wconf 86' lang='lat' dir='ltr'><strong>jussu</strong></span> <span class='ocrx_word' id='word_1_96' title='bbox 1746 1612 1944 1682; x_wconf 65' lang='lat' dir='ltr'><strong>Egidii</strong></span> <span class='ocrx_word' id='word_1_97' title='bbox 1984 1614 2090 1668; x_wconf 84' lang='lat' dir='ltr'><strong>Ro-</strong></span> 
     </span>
    </p>
   </div>
   <div class='ocr_carea' id='block_1_17' title="bbox 422 1693 2087 1778">
    <p class='ocr_par' dir='ltr' id='par_1_17' title="bbox 422 1693 2087 1778">
     <span class='ocr_line' id='line_1_17' title="bbox 422 1693 2087 1778; baseline 0.013 -38"><span class='ocrx_word' id='word_1_98' title='bbox 422 1756 429 1763; x_wconf 37' lang='lat'><strong><em>.</em></strong></span> <span class='ocrx_word' id='word_1_99' title='bbox 511 1693 653 1745; x_wconf 86' lang='lat' dir='ltr'><strong>mani</strong></span> <span class='ocrx_word' id='word_1_100' title='bbox 685 1693 897 1750; x_wconf 84' lang='lat' dir='ltr'><strong>abbatis</strong></span> <span class='ocrx_word' id='word_1_101' title='bbox 929 1700 1243 1754; x_wconf 84' lang='lat' dir='ltr'><strong>monasterii</strong></span> <span class='ocrx_word' id='word_1_102' title='bbox 1273 1700 1375 1755; x_wconf 88' lang='lat' dir='ltr'><strong>SS.</strong></span> <span class='ocrx_word' id='word_1_103' title='bbox 1395 1700 1542 1757; x_wconf 89' lang='lat' dir='ltr'><strong>Petri</strong></span> <span class='ocrx_word' id='word_1_104' title='bbox 1568 1714 1621 1758; x_wconf 90' lang='lat' dir='ltr'><strong>et</strong></span> <span class='ocrx_word' id='word_1_105' title='bbox 1651 1703 1797 1759; x_wconf 82' lang='lat' dir='ltr'><strong>Pauli</strong></span> <span class='ocrx_word' id='word_1_106' title='bbox 1829 1705 1894 1760; x_wconf 85' lang='lat' dir='ltr'><strong>de</strong></span> <span class='ocrx_word' id='word_1_107' title='bbox 1920 1696 2087 1778; x_wconf 73' lang='lat' dir='ltr'><strong>Agre,</strong></span> 
     </span>
    </p>
   </div>
   <div class='ocr_carea' id='block_1_18' title="bbox 509 1781 2083 1866">
    <p class='ocr_par' dir='ltr' id='par_1_18' title="bbox 509 1781 2083 1866">
     <span class='ocr_line' id='line_1_18' title="bbox 509 1781 2083 1866; baseline 0.01 -30"><span class='ocrx_word' id='word_1_108' title='bbox 509 1796 542 1835; x_wconf 89' lang='lat' dir='ltr'><strong>e</strong></span> <span class='ocrx_word' id='word_1_109' title='bbox 572 1781 770 1840; x_wconf 66' lang='lat' dir='ltr'><strong>Graeco</strong></span> <span class='ocrx_word' id='word_1_110' title='bbox 798 1785 851 1839; x_wconf 91' lang='lat' dir='ltr'><strong>in</strong></span> <span class='ocrx_word' id='word_1_111' title='bbox 881 1786 1135 1844; x_wconf 87' lang='lat' dir='ltr'><strong>Latinum</strong></span> <span class='ocrx_word' id='word_1_112' title='bbox 1173 1793 1442 1848; x_wconf 76' lang='lat' dir='ltr'><strong>cenvertit</strong></span> <span class='ocrx_word' id='word_1_113' title='bbox 1476 1796 1797 1864; x_wconf 64' lang='lat' dir='ltr'><strong>primicvum</strong></span> <span class='ocrx_word' id='word_1_114' title='bbox 1844 1797 2083 1866; x_wconf 87' lang='lat' dir='ltr'><strong>diploma</strong></span> 
     </span>
    </p>
   </div>
   <div class='ocr_carea' id='block_1_19' title="bbox 505 1872 2085 1943">
    <p class='ocr_par' dir='ltr' id='par_1_19' title="bbox 505 1872 2085 1943">
     <span class='ocr_line' id='line_1_19' title="bbox 505 1872 2085 1943; baseline 0.011 -18"><span class='ocrx_word' id='word_1_115' title='bbox 505 1872 847 1930; x_wconf 68' lang='lat' dir='ltr'><strong>{nodationis</strong></span> <span class='ocrx_word' id='word_1_116' title='bbox 878 1887 941 1932; x_wconf 79' lang='lat' dir='ltr'><strong>et</strong></span> <span class='ocrx_word' id='word_1_117' title='bbox 968 1879 1264 1938; x_wconf 87' lang='lat' dir='ltr'><strong>dotationis</strong></span> <span class='ocrx_word' id='word_1_118' title='bbox 1292 1882 1438 1938; x_wconf 87' lang='lat' dir='ltr'><strong>illius</strong></span> <span class='ocrx_word' id='word_1_119' title='bbox 1473 1885 1705 1941; x_wconf 74' lang='lat' dir='ltr'><strong>cmnobii</strong></span> <span class='ocrx_word' id='word_1_120' title='bbox 1743 1887 1930 1943; x_wconf 87' lang='lat' dir='ltr'><strong>datum</strong></span> <span class='ocrx_word' id='word_1_121' title='bbox 1987 1904 2085 1942; x_wconf 87' lang='lat' dir='ltr'><strong>an-</strong></span> 
     </span>
    </p>
   </div>
   <div class='ocr_carea' id='block_1_20' title="bbox 511 1969 2083 2048">
    <p class='ocr_par' dir='ltr' id='par_1_20' title="bbox 511 1969 2083 2048">
     <span class='ocr_line' id='line_1_20' title="bbox 511 1969 2083 2048; baseline 0.011 -31"><span class='ocrx_word' id='word_1_122' title='bbox 511 1980 583 2017; x_wconf 90' lang='lat' dir='ltr'><strong>no</strong></span> <span class='ocrx_word' id='word_1_123' title='bbox 611 1969 799 2022; x_wconf 89' lang='lat' dir='ltr'><strong>mundi</strong></span> <span class='ocrx_word' id='word_1_124' title='bbox 835 1969 998 2036; x_wconf 74' lang='lat'><strong>6625,</strong></span> <span class='ocrx_word' id='word_1_125' title='bbox 1032 1972 1335 2030; x_wconf 80' lang='lat' dir='ltr'><strong>indictione</strong></span> <span class='ocrx_word' id='word_1_126' title='bbox 1377 1976 1432 2031; x_wconf 75' lang='lat'><strong>9.</strong></span> <span class='ocrx_word' id='word_1_127' title='bbox 1470 1978 1631 2031; x_wconf 81' lang='lat' dir='ltr'><strong>Auno</strong></span> <span class='ocrx_word' id='word_1_128' title='bbox 1678 1979 1887 2048; x_wconf 81' lang='lat' dir='ltr'><strong>pariter</strong></span> <span class='ocrx_word' id='word_1_129' title='bbox 1943 1978 2083 2035; x_wconf 72' lang='lat' dir='ltr'><strong>M99</strong></span> 
     </span>
    </p>
   </div>
   <div class='ocr_carea' id='block_1_21' title="bbox 518 2054 2081 2139">
    <p class='ocr_par' dir='ltr' id='par_1_21' title="bbox 518 2054 2081 2139">
     <span class='ocr_line' id='line_1_21' title="bbox 518 2054 2081 2139; baseline 0.011 -32"><span class='ocrx_word' id='word_1_130' title='bbox 518 2054 664 2109; x_wconf 86' lang='lat' dir='ltr'><strong>idem</strong></span> <span class='ocrx_word' id='word_1_131' title='bbox 699 2056 951 2114; x_wconf 80' lang='lat' dir='ltr'><strong>Lascar’is</strong></span> <span class='ocrx_word' id='word_1_132' title='bbox 1017 2059 1207 2117; x_wconf 83' lang='lat' dir='ltr'><strong>Latine</strong></span> <span class='ocrx_word' id='word_1_133' title='bbox 1271 2064 1780 2122; x_wconf 64' lang='lat' dir='ltr'><strong>rcddiditGraecum</strong></span> <span class='ocrx_word' id='word_1_134' title='bbox 1835 2068 2081 2139; x_wconf 86' lang='lat' dir='ltr'><strong>Diploma</strong></span> 
     </span>
    </p>
   </div>
   <div class='ocr_carea' id='block_1_22' title="bbox 504 2145 2087 2226">
    <p class='ocr_par' dir='ltr' id='par_1_22' title="bbox 504 2145 2087 2226">
     <span class='ocr_line' id='line_1_22' title="bbox 504 2145 2087 2226; baseline 0.009 -27"><span class='ocrx_word' id='word_1_135' title='bbox 504 2145 732 2215; x_wconf 72' lang='lat' dir='ltr'><strong>Rogerii</strong></span> <span class='ocrx_word' id='word_1_136' title='bbox 766 2151 1006 2217; x_wconf 85' lang='lat' dir='ltr'><strong>comitis,</strong></span> <span class='ocrx_word' id='word_1_137' title='bbox 1044 2167 1153 2221; x_wconf 90' lang='lat' dir='ltr'><strong>quo</strong></span> <span class='ocrx_word' id='word_1_138' title='bbox 1185 2152 1230 2208; x_wconf 87' lang='lat' dir='ltr'><strong>is</strong></span> <span class='ocrx_word' id='word_1_139' title='bbox 1257 2161 1488 2210; x_wconf 70' lang='lat' dir='ltr'><strong>testatur</strong></span> <span class='ocrx_word' id='word_1_140' title='bbox 1518 2168 1668 2226; x_wconf 87' lang='lat' dir='ltr'><strong>parta</strong></span> <span class='ocrx_word' id='word_1_141' title='bbox 1694 2158 1761 2213; x_wconf 91' lang='lat' dir='ltr'><strong>de</strong></span> <span class='ocrx_word' id='word_1_142' title='bbox 1796 2159 2087 2214; x_wconf 80' lang='lat' dir='ltr'><strong>Saracenis</strong></span> 
     </span>
    </p>
   </div>
   <div class='ocr_carea' id='block_1_23' title="bbox 511 2238 2087 2311">
    <p class='ocr_par' dir='ltr' id='par_1_23' title="bbox 511 2238 2087 2311">
     <span class='ocr_line' id='line_1_23' title="bbox 511 2238 2087 2311; baseline 0.01 -21"><span class='ocrx_word' id='word_1_143' title='bbox 511 2238 741 2294; x_wconf 79' lang='lat' dir='ltr'><strong>victoria</strong></span> <span class='ocrx_word' id='word_1_144' title='bbox 771 2240 1038 2311; x_wconf 83' lang='lat' dir='ltr'><strong>templum</strong></span> <span class='ocrx_word' id='word_1_145' title='bbox 1083 2252 1139 2299; x_wconf 88' lang='lat' dir='ltr'><strong>ct</strong></span> <span class='ocrx_word' id='word_1_146' title='bbox 1185 2245 1499 2301; x_wconf 69' lang='lat' dir='ltr'><strong>ctenobium</strong></span> <span class='ocrx_word' id='word_1_147' title='bbox 1536 2248 1751 2304; x_wconf 69' lang='lat' dir='ltr'><strong>Sancta:</strong></span> <span class='ocrx_word' id='word_1_148' title='bbox 1804 2249 1983 2306; x_wconf 78' lang='lat' dir='ltr'><strong>Maria:</strong></span> <span class='ocrx_word' id='word_1_149' title='bbox 2021 2252 2087 2306; x_wconf 86' lang='lat' dir='ltr'><strong>de</strong></span> 
     </span>
    </p>
   </div>
   <div class='ocr_carea' id='block_1_24' title="bbox 512 2328 2085 2412">
    <p class='ocr_par' dir='ltr' id='par_1_24' title="bbox 512 2328 2085 2412">
     <span class='ocr_line' id='line_1_24' title="bbox 512 2328 2085 2412; baseline 0.011 -30"><span class='ocrx_word' id='word_1_150' title='bbox 512 2328 629 2384; x_wconf 73' lang='lat' dir='ltr'><strong>Mili</strong></span> <span class='ocrx_word' id='word_1_151' title='bbox 645 2331 962 2401; x_wconf 69' lang='lat' dir='ltr'><strong>aediﬁcasse,</strong></span> <span class='ocrx_word' id='word_1_152' title='bbox 980 2343 1037 2389; x_wconf 89' lang='lat' dir='ltr'><strong>et</strong></span> <span class='ocrx_word' id='word_1_153' title='bbox 1061 2336 1109 2389; x_wconf 91' lang='lat' dir='ltr'><strong>ei</strong></span> <span class='ocrx_word' id='word_1_154' title='bbox 1130 2335 1445 2392; x_wconf 77' lang='lat' dir='ltr'><strong>illichaelem</strong></span> <span class='ocrx_word' id='word_1_155' title='bbox 1470 2340 1719 2395; x_wconf 84' lang='lat' dir='ltr'><strong>abbatem</strong></span> <span class='ocrx_word' id='word_1_156' title='bbox 1754 2343 2085 2412; x_wconf 57' lang='lat' dir='ltr'><strong>praeterisse,</strong></span> 
     </span>
    </p>
   </div>
   <div class='ocr_carea' id='block_1_25' title="bbox 509 2422 2087 2501">
    <p class='ocr_par' dir='ltr' id='par_1_25' title="bbox 509 2422 2087 2501">
     <span class='ocr_line' id='line_1_25' title="bbox 509 2422 2087 2501; baseline 0.01 -26"><span class='ocrx_word' id='word_1_157' title='bbox 509 2422 697 2478; x_wconf 89' lang='lat' dir='ltr'><strong>datum</strong></span> <span class='ocrx_word' id='word_1_158' title='bbox 734 2439 881 2480; x_wconf 91' lang='lat' dir='ltr'><strong>anno</strong></span> <span class='ocrx_word' id='word_1_159' title='bbox 898 2427 1099 2482; x_wconf 50' lang='lat' dir='ltr'><strong>imundi</strong></span> <span class='ocrx_word' id='word_1_160' title='bbox 1131 2428 1291 2495; x_wconf 86' lang='lat'><strong>6600,</strong></span> <span class='ocrx_word' id='word_1_161' title='bbox 1323 2430 1411 2487; x_wconf 85' lang='lat' dir='ltr'><strong>die</strong></span> <span class='ocrx_word' id='word_1_162' title='bbox 1441 2431 1506 2487; x_wconf 84' lang='grc'><strong>10</strong></span> <span class='ocrx_word' id='word_1_163' title='bbox 1553 2431 1887 2501; x_wconf 82' lang='lat' dir='ltr'><strong>Decembris,</strong></span> <span class='ocrx_word' id='word_1_164' title='bbox 1943 2436 2087 2491; x_wconf 81' lang='lat' dir='ltr'><strong>indi-</strong></span> 
     </span>
    </p>
   </div>
   <div class='ocr_carea' id='block_1_26' title="bbox 510 2513 2085 2596">
    <p class='ocr_par' dir='ltr' id='par_1_26' title="bbox 510 2513 2085 2596">
     <span class='ocr_line' id='line_1_26' title="bbox 510 2513 2085 2596; baseline 0.008 -29"><span class='ocrx_word' id='word_1_165' title='bbox 510 2513 693 2569; x_wconf 82' lang='lat' dir='ltr'><strong>ctione</strong></span> <span class='ocrx_word' id='word_1_166' title='bbox 724 2515 812 2581; x_wconf 73' lang='grc'><strong>11,</strong></span> <span class='ocrx_word' id='word_1_167' title='bbox 845 2516 1049 2573; x_wconf 83' lang='lat' dir='ltr'><strong>Christi</strong></span> <span class='ocrx_word' id='word_1_168' title='bbox 1086 2519 1247 2574; x_wconf 76' lang='lat'><strong>{092.</strong></span> <span class='ocrx_word' id='word_1_169' title='bbox 1287 2520 1390 2577; x_wconf 84' lang='lat' dir='ltr'><strong>Sed</strong></span> <span class='ocrx_word' id='word_1_170' title='bbox 1438 2524 1523 2576; x_wconf 82' lang='lat' dir='ltr'><strong>vix</strong></span> <span class='ocrx_word' id='word_1_171' title='bbox 1557 2523 1811 2581; x_wconf 83' lang='lat' dir='ltr'><strong>dubitare</strong></span> <span class='ocrx_word' id='word_1_172' title='bbox 1844 2542 2085 2596; x_wconf 87' lang='lat' dir='ltr'><strong>possum,</strong></span> 
     </span>
    </p>
   </div>
   <div class='ocr_carea' id='block_1_27' title="bbox 508 2607 2090 2685">
    <p class='ocr_par' dir='ltr' id='par_1_27' title="bbox 508 2607 2090 2685">
     <span class='ocr_line' id='line_1_27' title="bbox 508 2607 2090 2685; baseline 0.009 -26"><span class='ocrx_word' id='word_1_173' title='bbox 508 2607 639 2675; x_wconf 88' lang='lat' dir='ltr'><strong>quin</strong></span> <span class='ocrx_word' id='word_1_174' title='bbox 678 2607 764 2662; x_wconf 87' lang='lat' dir='ltr'><strong>hic</strong></span> <span class='ocrx_word' id='word_1_175' title='bbox 797 2610 914 2678; x_wconf 84' lang='lat' dir='ltr'><strong>ipse</strong></span> <span class='ocrx_word' id='word_1_176' title='bbox 944 2609 1189 2667; x_wconf 85' lang='lat' dir='ltr'><strong>Lascaris</strong></span> <span class='ocrx_word' id='word_1_177' title='bbox 1224 2622 1277 2668; x_wconf 91' lang='lat' dir='ltr'><strong>et</strong></span> <span class='ocrx_word' id='word_1_178' title='bbox 1315 2625 1441 2668; x_wconf 90' lang='lat' dir='ltr'><strong>ante</strong></span> <span class='ocrx_word' id='word_1_179' title='bbox 1473 2614 1587 2670; x_wconf 63' lang='lat' dir='ltr'><strong>haec</strong></span> <span class='ocrx_word' id='word_1_180' title='bbox 1620 2625 1863 2685; x_wconf 85' lang='lat' dir='ltr'><strong>tempora</strong></span> <span class='ocrx_word' id='word_1_181' title='bbox 1898 2619 1952 2673; x_wconf 89' lang='lat' dir='ltr'><strong>iu</strong></span> <span class='ocrx_word' id='word_1_182' title='bbox 1998 2619 2090 2673; x_wconf 82' lang='lat' dir='ltr'><strong>Si-</strong></span> 
     </span>
    </p>
   </div>
   <div class='ocr_carea' id='block_1_28' title="bbox 507 2696 2088 2773">
    <p class='ocr_par' dir='ltr' id='par_1_28' title="bbox 507 2696 2088 2773">
     <span class='ocr_line' id='line_1_28' title="bbox 507 2696 2088 2773; baseline 0.01 -24"><span class='ocrx_word' id='word_1_183' title='bbox 507 2696 631 2750; x_wconf 88' lang='lat' dir='ltr'><strong>eilia</strong></span> <span class='ocrx_word' id='word_1_184' title='bbox 663 2707 719 2752; x_wconf 85' lang='lat' dir='ltr'><strong>et</strong></span> <span class='ocrx_word' id='word_1_185' title='bbox 748 2697 998 2756; x_wconf 76' lang='lat' dir='ltr'><strong>Calabria</strong></span> <span class='ocrx_word' id='word_1_186' title='bbox 1034 2712 1282 2759; x_wconf 85' lang='lat' dir='ltr'><strong>versatus</strong></span> <span class='ocrx_word' id='word_1_187' title='bbox 1314 2705 1404 2773; x_wconf 90' lang='lat' dir='ltr'><strong>sit,</strong></span> <span class='ocrx_word' id='word_1_188' title='bbox 1457 2721 1581 2761; x_wconf 81' lang='lat' dir='ltr'><strong>cum</strong></span> <span class='ocrx_word' id='word_1_189' title='bbox 1614 2708 1826 2765; x_wconf 88' lang='lat' dir='ltr'><strong>videam</strong></span> <span class='ocrx_word' id='word_1_190' title='bbox 1854 2724 1983 2765; x_wconf 87' lang='lat' dir='ltr'><strong>eum</strong></span> <span class='ocrx_word' id='word_1_191' title='bbox 2019 2711 2088 2765; x_wconf 85' lang='lat' dir='ltr'><strong>li-</strong></span> 
     </span>
    </p>
   </div>
   <div class='ocr_carea' id='block_1_29' title="bbox 510 2790 2088 2869">
    <p class='ocr_par' dir='ltr' id='par_1_29' title="bbox 510 2790 2088 2869">
     <span class='ocr_line' id='line_1_29' title="bbox 510 2790 2088 2869; baseline 0.011 -31"><span class='ocrx_word' id='word_1_192' title='bbox 510 2791 668 2843; x_wconf 91' lang='lat' dir='ltr'><strong>brum</strong></span> <span class='ocrx_word' id='word_1_193' title='bbox 703 2790 776 2845; x_wconf 89' lang='lat' dir='ltr'><strong>De</strong></span> <span class='ocrx_word' id='word_1_194' title='bbox 817 2791 1066 2849; x_wconf 77' lang='lat' dir='ltr'><strong>Calabris</strong></span> <span class='ocrx_word' id='word_1_195' title='bbox 1095 2805 1144 2849; x_wconf 84' lang='lat' dir='ltr'><strong>et</strong></span> <span class='ocrx_word' id='word_1_196' title='bbox 1187 2795 1386 2851; x_wconf 77' lang='lat' dir='ltr'><strong>Siculis</strong></span> <span class='ocrx_word' id='word_1_197' title='bbox 1417 2800 1762 2869; x_wconf 76' lang='lat' dir='ltr'><strong>scriptoribus</strong></span> <span class='ocrx_word' id='word_1_198' title='bbox 1814 2817 2088 2867; x_wconf 71' lang='lat' dir='ltr'><strong>exarasse,</strong></span> 
     </span>
    </p>
   </div>
   <div class='ocr_carea' id='block_1_30' title="bbox 505 2880 2090 2960">
    <p class='ocr_par' dir='ltr' id='par_1_30' title="bbox 505 2880 2090 2960">
     <span class='ocr_line' id='line_1_30' title="bbox 505 2880 2090 2960; baseline 0.013 -31"><span class='ocrx_word' id='word_1_199' title='bbox 505 2887 561 2931; x_wconf 76' lang='lat' dir='ltr'><strong>et</strong></span> <span class='ocrx_word' id='word_1_200' title='bbox 594 2880 879 2951; x_wconf 23' lang='lat' dir='ltr'><strong>‘Alphonso</strong></span> <span class='ocrx_word' id='word_1_201' title='bbox 912 2885 1215 2956; x_wconf 83' lang='lat' dir='ltr'><strong>Neapoleos</strong></span> <span class='ocrx_word' id='word_1_202' title='bbox 1247 2888 1383 2960; x_wconf 62' lang='lat' dir='ltr'><strong>regi,</strong></span> <span class='ocrx_word' id='word_1_203' title='bbox 1417 2891 1508 2959; x_wconf 87' lang='lat' dir='ltr'><strong>qui</strong></span> <span class='ocrx_word' id='word_1_204' title='bbox 1543 2906 1689 2946; x_wconf 91' lang='lat' dir='ltr'><strong>anno</strong></span> <span class='ocrx_word' id='word_1_205' title='bbox 1719 2892 1854 2947; x_wconf 73' lang='grc'><strong>1158</strong></span> <span class='ocrx_word' id='word_1_206' title='bbox 1882 2903 2090 2950; x_wconf 61' lang='lat' dir='ltr'><strong>naturae</strong></span> 
     </span>
    </p>
   </div>
   <div class='ocr_carea' id='block_1_31' title="bbox 505 2978 2089 3057">
    <p class='ocr_par' dir='ltr' id='par_1_31' title="bbox 505 2978 2089 3057">
     <span class='ocr_line' id='line_1_31' title="bbox 505 2978 2089 3057; baseline 0.009 -31"><span class='ocrx_word' id='word_1_207' title='bbox 505 2978 805 3042; x_wconf 72' lang='lat' dir='ltr'><strong>concessit,</strong></span> <span class='ocrx_word' id='word_1_208' title='bbox 840 2983 1286 3048; x_wconf 77' lang='lat' dir='ltr'><strong>nunrupavisse;</strong></span> <span class='ocrx_word' id='word_1_209' title='bbox 1341 2981 1434 3048; x_wconf 89' lang='lat' dir='ltr'><strong>qui</strong></span> <span class='ocrx_word' id='word_1_210' title='bbox 1460 2981 1599 3037; x_wconf 89' lang='lat' dir='ltr'><strong>liber</strong></span> <span class='ocrx_word' id='word_1_211' title='bbox 1663 2984 1896 3039; x_wconf 85' lang='lat' dir='ltr'><strong>habetur</strong></span> <span class='ocrx_word' id='word_1_212' title='bbox 1946 2988 2089 3057; x_wconf 83' lang='lat' dir='ltr'><strong>apud</strong></span> 
     </span>
    </p>
   </div>
   <div class='ocr_carea' id='block_1_32' title="bbox 511 3065 2090 3146">
    <p class='ocr_par' dir='ltr' id='par_1_32' title="bbox 511 3065 2090 3146">
     <span class='ocr_line' id='line_1_32' title="bbox 511 3065 2090 3146; baseline 0.009 -29"><span class='ocrx_word' id='word_1_213' title='bbox 511 3065 845 3132; x_wconf 82' lang='lat' dir='ltr'><strong>Fabricium,</strong></span> <span class='ocrx_word' id='word_1_214' title='bbox 903 3077 1035 3124; x_wconf 87' lang='lat' dir='ltr'><strong>tom.</strong></span> <span class='ocrx_word' id='word_1_215' title='bbox 1080 3069 1197 3124; x_wconf 79' lang='lat' dir='ltr'><strong>XIV</strong></span> <span class='ocrx_word' id='word_1_216' title='bbox 1233 3069 1573 3127; x_wconf 67' lang='lat' dir='ltr'><strong>Bibliotheca:</strong></span> <span class='ocrx_word' id='word_1_217' title='bbox 1629 3072 1851 3128; x_wconf 62' lang='grc' dir='ltr'><strong>(ἕνωσιν.</strong></span> <span class='ocrx_word' id='word_1_218' title='bbox 1912 3076 2090 3146; x_wconf 76' lang='lat' dir='ltr'><strong>Atqth</strong></span> 
     </span>
    </p>
   </div>
   <div class='ocr_carea' id='block_1_33' title="bbox 2198 594 3765 678">
    <p class='ocr_par' dir='ltr' id='par_1_33' title="bbox 2198 594 3765 678">
     <span class='ocr_line' id='line_1_33' title="bbox 2198 594 3765 678; baseline -0.003 -19"><span class='ocrx_word' id='word_1_219' title='bbox 2198 604 2355 659; x_wconf 85' lang='lat' dir='ltr'><strong>theca</strong></span> <span class='ocrx_word' id='word_1_220' title='bbox 2380 605 2665 663; x_wconf 81' lang='lat' dir='ltr'><strong>Saibantis</strong></span> <span class='ocrx_word' id='word_1_221' title='bbox 2690 594 2927 660; x_wconf 74' lang='lat' dir='ltr'><strong>&#39;Vcronae</strong></span> <span class='ocrx_word' id='word_1_222' title='bbox 2957 603 3247 666; x_wconf 71' lang='lat' dir='ltr'><strong>asservari,</strong></span> <span class='ocrx_word' id='word_1_223' title='bbox 3282 610 3341 656; x_wconf 91' lang='lat' dir='ltr'><strong>ut</strong></span> <span class='ocrx_word' id='word_1_224' title='bbox 3371 601 3554 671; x_wconf 88' lang='lat' dir='ltr'><strong>prodit</strong></span> <span class='ocrx_word' id='word_1_225' title='bbox 3587 602 3640 678; x_wconf 83' lang='lat' dir='ltr'><strong>in</strong></span> <span class='ocrx_word' id='word_1_226' title='bbox 3670 616 3765 655; x_wconf 84' lang='lat' dir='ltr'><strong>sua</strong></span> 
     </span>
    </p>
   </div>
   <div class='ocr_carea' id='block_1_34' title="bbox 2209 690 3770 751">
    <p class='ocr_par' dir='ltr' id='par_1_34' title="bbox 2209 690 3770 751">
     <span class='ocr_line' id='line_1_34' title="bbox 2209 690 3770 751; baseline -0.001 -5"><span class='ocrx_word' id='word_1_227' title='bbox 2209 693 2411 748; x_wconf 81' lang='lat' dir='ltr'><strong>Verona</strong></span> <span class='ocrx_word' id='word_1_228' title='bbox 2438 690 2704 749; x_wconf 69' lang='lat' dir='ltr'><strong>illiistrata</strong></span> <span class='ocrx_word' id='word_1_229' title='bbox 2738 692 3102 751; x_wconf 64' lang='lat' dir='ltr'><strong>vir&#39;doctrina:</strong></span> <span class='ocrx_word' id='word_1_230' title='bbox 3125 702 3177 748; x_wconf 86' lang='lat' dir='ltr'><strong>et</strong></span> <span class='ocrx_word' id='word_1_231' title='bbox 3198 691 3521 748; x_wconf 85' lang='lat' dir='ltr'><strong>eruditionis</strong></span> <span class='ocrx_word' id='word_1_232' title='bbox 3543 692 3770 746; x_wconf 86' lang='lat' dir='ltr'><strong>immen-</strong></span> 
     </span>
    </p>
   </div>
   <div class='ocr_carea' id='block_1_35' title="bbox 2194 785 3044 855">
    <p class='ocr_par' dir='ltr' id='par_1_35' title="bbox 2194 785 3044 855">
     <span class='ocr_line' id='line_1_35' title="bbox 2194 785 3044 855; baseline 0 -15"><span class='ocrx_word' id='word_1_233' title='bbox 2194 799 2269 840; x_wconf 66' lang='lat' dir='ltr'><strong>sa:</strong></span> <span class='ocrx_word' id='word_1_234' title='bbox 2298 785 2482 855; x_wconf 89' lang='lat' dir='ltr'><strong>Scipio</strong></span> <span class='ocrx_word' id='word_1_235' title='bbox 2512 785 2759 842; x_wconf 77' lang='lat' dir='ltr'><strong>Mati‘eius</strong></span> <span class='ocrx_word' id='word_1_236' title='bbox 2779 786 3044 840; x_wconf 88' lang='lat' dir='ltr'><strong>marcbio.</strong></span> 
     </span>
    </p>
   </div>
   <div class='ocr_carea' id='block_1_36' title="bbox 2263 871 3766 947">
    <p class='ocr_par' dir='ltr' id='par_1_36' title="bbox 2263 871 3766 947">
     <span class='ocr_line' id='line_1_36' title="bbox 2263 871 3766 947; baseline -0.003 -17"><span class='ocrx_word' id='word_1_237' title='bbox 2263 874 2444 946; x_wconf 77' lang='lat' dir='ltr'><strong>Glyca:</strong></span> <span class='ocrx_word' id='word_1_238' title='bbox 2491 876 2746 944; x_wconf 66' lang='lat' dir='ltr'><strong>Epistolas</strong></span> <span class='ocrx_word' id='word_1_239' title='bbox 2775 877 2931 947; x_wconf 82' lang='lat' dir='ltr'><strong>juxta</strong></span> <span class='ocrx_word' id='word_1_240' title='bbox 2991 874 3307 931; x_wconf 82' lang='lat' dir='ltr'><strong>Fabricium</strong></span> <span class='ocrx_word' id='word_1_241' title='bbox 3363 889 3657 928; x_wconf 89' lang='lat' dir='ltr'><strong>numerum</strong></span> <span class='ocrx_word' id='word_1_242' title='bbox 3701 871 3766 926; x_wconf 77' lang='lat'><strong>50</strong></span> 
     </span>
    </p>
   </div>
   <div class='ocr_carea' id='block_1_37' title="bbox 2192 964 3764 1038">
    <p class='ocr_par' dir='ltr' id='par_1_37' title="bbox 2192 964 3764 1038">
     <span class='ocr_line' id='line_1_37' title="bbox 2192 964 3764 1038; baseline -0.001 -19"><span class='ocrx_word' id='word_1_243' title='bbox 2192 968 2433 1038; x_wconf 81' lang='lat' dir='ltr'><strong>explent,</strong></span> <span class='ocrx_word' id='word_1_244' title='bbox 2466 979 2601 1037; x_wconf 86' lang='lat' dir='ltr'><strong>quot</strong></span> <span class='ocrx_word' id='word_1_245' title='bbox 2631 968 2721 1023; x_wconf 88' lang='lat' dir='ltr'><strong>ille</strong></span> <span class='ocrx_word' id='word_1_246' title='bbox 2750 968 2982 1023; x_wconf 85' lang='lat' dir='ltr'><strong>credita</strong></span> <span class='ocrx_word' id='word_1_247' title='bbox 3004 967 3297 1022; x_wconf 90' lang='lat' dir='ltr'><strong>Lambecio</strong></span> <span class='ocrx_word' id='word_1_248' title='bbox 3336 966 3646 1035; x_wconf 85' lang='lat' dir='ltr'><strong>recenseri;</strong></span> <span class='ocrx_word' id='word_1_249' title='bbox 3670 964 3764 1019; x_wconf 87' lang='lat' dir='ltr'><strong>sed</strong></span> 
     </span>
    </p>
   </div>
   <div class='ocr_carea' id='block_1_38' title="bbox 2190 1056 3770 1131">
    <p class='ocr_par' dir='ltr' id='par_1_38' title="bbox 2190 1056 3770 1131">
     <span class='ocr_line' id='line_1_38' title="bbox 2190 1056 3770 1131; baseline -0.003 -16"><span class='ocrx_word' id='word_1_250' title='bbox 2190 1060 2605 1131; x_wconf 70' lang='lat' dir='ltr'><strong>multo‘lplures</strong></span> <span class='ocrx_word' id='word_1_251' title='bbox 2647 1060 2737 1116; x_wconf 89' lang='lat' dir='ltr'><strong>ille</strong></span> <span class='ocrx_word' id='word_1_252' title='bbox 2782 1068 3090 1127; x_wconf 85' lang='lat' dir='ltr'><strong>memorat,</strong></span> <span class='ocrx_word' id='word_1_253' title='bbox 3144 1069 3197 1114; x_wconf 87' lang='lat' dir='ltr'><strong>et</strong></span> <span class='ocrx_word' id='word_1_254' title='bbox 3245 1060 3325 1113; x_wconf 84' lang='lat' dir='ltr'><strong>ad‘</strong></span> <span class='ocrx_word' id='word_1_255' title='bbox 3355 1071 3649 1112; x_wconf 88' lang='lat' dir='ltr'><strong>numerum</strong></span> <span class='ocrx_word' id='word_1_256' title='bbox 3701 1056 3770 1111; x_wconf 68' lang='grc'>64</span> 
     </span>
    </p>
   </div>
   <div class='ocr_carea' id='block_1_39' title="bbox 2189 1151 3767 1222">
    <p class='ocr_par' dir='ltr' id='par_1_39' title="bbox 2189 1151 3767 1222">
     <span class='ocr_line' id='line_1_39' title="bbox 2189 1151 3767 1222; baseline -0.001 -16"><span class='ocrx_word' id='word_1_257' title='bbox 2189 1154 2484 1208; x_wconf 88' lang='lat' dir='ltr'><strong>ascendere</strong></span> <span class='ocrx_word' id='word_1_258' title='bbox 2507 1153 2760 1217; x_wconf 77' lang='lat' dir='ltr'><strong>aﬂlrmat,</strong></span> <span class='ocrx_word' id='word_1_259' title='bbox 2779 1164 2835 1208; x_wconf 89' lang='lat' dir='ltr'><strong>ut</strong></span> <span class='ocrx_word' id='word_1_260' title='bbox 2850 1153 2959 1222; x_wconf 80' lang='lat' dir='ltr'><strong>jam</strong></span> <span class='ocrx_word' id='word_1_261' title='bbox 2982 1152 3036 1207; x_wconf 91' lang='lat' dir='ltr'><strong>in</strong></span> <span class='ocrx_word' id='word_1_262' title='bbox 3059 1152 3233 1222; x_wconf 86' lang='lat' dir='ltr'><strong>prima</strong></span> <span class='ocrx_word' id='word_1_263' title='bbox 3256 1151 3575 1220; x_wconf 70' lang='lat' dir='ltr'><strong>praefatione</strong></span> <span class='ocrx_word' id='word_1_264' title='bbox 3597 1152 3767 1207; x_wconf 75' lang='lat' dir='ltr'><strong>anim~</strong></span> 
     </span>
    </p>
   </div>
   <div class='ocr_carea' id='block_1_40' title="bbox 2192 1241 3766 1316">
    <p class='ocr_par' dir='ltr' id='par_1_40' title="bbox 2192 1241 3766 1316">
     <span class='ocr_line' id='line_1_40' title="bbox 2192 1241 3766 1316; baseline 0 -17"><span class='ocrx_word' id='word_1_265' title='bbox 2192 1246 2421 1301; x_wconf 83' lang='lat' dir='ltr'><strong>adverti.</strong></span> <span class='ocrx_word' id='word_1_266' title='bbox 2455 1245 2597 1312; x_wconf 86' lang='lat' dir='ltr'><strong>Quin</strong></span> <span class='ocrx_word' id='word_1_267' title='bbox 2660 1246 2778 1316; x_wconf 89' lang='lat' dir='ltr'><strong>ipse</strong></span> <span class='ocrx_word' id='word_1_268' title='bbox 2821 1244 3103 1301; x_wconf 78' lang='lat' dir='ltr'><strong>Fabricius</strong></span> <span class='ocrx_word' id='word_1_269' title='bbox 3170 1241 3766 1299; x_wconf 54' lang='lat' dir='ltr'><strong>obsert&#39;at’i’arisiisiu</strong></span> 
     </span>
    </p>
   </div>
   <div class='ocr_carea' id='block_1_41' title="bbox 2190 1335 3768 1408">
    <p class='ocr_par' dir='ltr' id='par_1_41' title="bbox 2190 1335 3768 1408">
     <span class='ocr_line' id='line_1_41' title="bbox 2190 1335 3768 1408; baseline 0 -17"><span class='ocrx_word' id='word_1_270' title='bbox 2190 1337 2517 1392; x_wconf 65' lang='lat' dir='ltr'><strong>bibliotheca</strong></span> <span class='ocrx_word' id='word_1_271' title='bbox 2554 1336 2719 1408; x_wconf 80' lang='lat' dir='ltr'><strong>Regia</strong></span> <span class='ocrx_word' id='word_1_272' title='bbox 2745 1336 3004 1408; x_wconf 85' lang='lat' dir='ltr'><strong>epistolas</strong></span> <span class='ocrx_word' id='word_1_273' title='bbox 3026 1335 3095 1393; x_wconf 76' lang='lat'><strong>92</strong></span> <span class='ocrx_word' id='word_1_274' title='bbox 3118 1336 3396 1391; x_wconf 83' lang='lat' dir='ltr'><strong>Michaelis</strong></span> <span class='ocrx_word' id='word_1_275' title='bbox 3428 1335 3611 1407; x_wconf 70' lang='lat' dir='ltr'><strong>Glycaz</strong></span> <span class='ocrx_word' id='word_1_276' title='bbox 3634 1351 3768 1391; x_wconf 89' lang='lat' dir='ltr'><strong>mss.</strong></span> 
     </span>
    </p>
   </div>
   <div class='ocr_carea' id='block_1_42' title="bbox 2190 1422 3768 1499">
    <p class='ocr_par' dir='ltr' id='par_1_42' title="bbox 2190 1422 3768 1499">
     <span class='ocr_line' id='line_1_42' title="bbox 2190 1422 3768 1499; baseline -0.002 -16"><span class='ocrx_word' id='word_1_277' title='bbox 2190 1428 2492 1494; x_wconf 81' lang='lat' dir='ltr'><strong>asservari;</strong></span> <span class='ocrx_word' id='word_1_278' title='bbox 2528 1428 2645 1498; x_wconf 90' lang='lat' dir='ltr'><strong>ipse</strong></span> <span class='ocrx_word' id='word_1_279' title='bbox 2669 1442 2803 1483; x_wconf 90' lang='lat' dir='ltr'><strong>vero</strong></span> <span class='ocrx_word' id='word_1_280' title='bbox 2834 1428 3135 1483; x_wconf 85' lang='lat' dir='ltr'><strong>addiderim</strong></span> <span class='ocrx_word' id='word_1_281' title='bbox 3168 1427 3344 1499; x_wconf 72' lang='lat' dir='ltr'><strong>Glycae</strong></span> <span class='ocrx_word' id='word_1_282' title='bbox 3380 1422 3768 1491; x_wconf 51' lang='lat' dir='ltr'><strong>&quot;Epistolarhm</strong></span> 
     </span>
    </p>
   </div>
   <div class='ocr_carea' id='block_1_43' title="bbox 2190 1506 3770 1590">
    <p class='ocr_par' dir='ltr' id='par_1_43' title="bbox 2190 1506 3770 1590">
     <span class='ocr_line' id='line_1_43' title="bbox 2190 1506 3770 1590; baseline -0.003 -15"><span class='ocrx_word' id='word_1_283' title='bbox 2190 1520 2455 1585; x_wconf 88' lang='lat' dir='ltr'><strong>codicem,</strong></span> <span class='ocrx_word' id='word_1_284' title='bbox 2488 1534 2656 1574; x_wconf 87' lang='lat' dir='ltr'><strong>manu</strong></span> <span class='ocrx_word' id='word_1_285' title='bbox 2688 1530 2995 1582; x_wconf 82' lang='lat' dir='ltr'><strong>exaratum,</strong></span> <span class='ocrx_word' id='word_1_286' title='bbox 3028 1521 3118 1589; x_wconf 88' lang='lat' dir='ltr'><strong>qui</strong></span> <span class='ocrx_word' id='word_1_287' title='bbox 3138 1519 3192 1573; x_wconf 93' lang='lat' dir='ltr'><strong>in</strong></span> <span class='ocrx_word' id='word_1_288' title='bbox 3222 1520 3537 1590; x_wconf 80' lang='lat' dir='ltr'><strong>Augustana</strong></span> <span class='ocrx_word' id='word_1_289' title='bbox 3561 1506 3770 1573; x_wconf 64' lang='lat' dir='ltr'><strong>Biblio-</strong></span> 
     </span>
    </p>
   </div>
   <div class='ocr_carea' id='block_1_44' title="bbox 2191 1600 3769 1681">
    <p class='ocr_par' dir='ltr' id='par_1_44' title="bbox 2191 1600 3769 1681">
     <span class='ocr_line' id='line_1_44' title="bbox 2191 1600 3769 1681; baseline -0.004 -14"><span class='ocrx_word' id='word_1_290' title='bbox 2191 1613 2346 1667; x_wconf 90' lang='lat' dir='ltr'><strong>theca</strong></span> <span class='ocrx_word' id='word_1_291' title='bbox 2395 1619 2595 1676; x_wconf 82' lang='lat' dir='ltr'><strong>exstat,</strong></span> <span class='ocrx_word' id='word_1_292' title='bbox 2647 1621 2703 1666; x_wconf 88' lang='lat' dir='ltr'><strong>et</strong></span> <span class='ocrx_word' id='word_1_293' title='bbox 2748 1611 2904 1681; x_wconf 81' lang='lat' dir='ltr'><strong>cujus</strong></span> <span class='ocrx_word' id='word_1_294' title='bbox 2958 1610 3087 1665; x_wconf 85' lang='lat' dir='ltr'><strong>alibi</strong></span> <span class='ocrx_word' id='word_1_295' title='bbox 3142 1600 3479 1664; x_wconf 81' lang='lat' dir='ltr'><strong>mentionem</strong></span> <span class='ocrx_word' id='word_1_296' title='bbox 3508 1608 3769 1671; x_wconf 60' lang='lat' dir='ltr'><strong>“fecimus,</strong></span> 
     </span>
    </p>
   </div>
   <div class='ocr_carea' id='block_1_45' title="bbox 2179 1698 3776 1763">
    <p class='ocr_par' dir='ltr' id='par_1_45' title="bbox 2179 1698 3776 1763">
     <span class='ocr_line' id='line_1_45' title="bbox 2179 1698 3776 1763; baseline -0.004 -8"><span class='ocrx_word' id='word_1_297' title='bbox 2179 1703 2326 1756; x_wconf 79' lang='lat' dir='ltr'><strong>mihi</strong></span> <span class='ocrx_word' id='word_1_298' title='bbox 2351 1700 2578 1756; x_wconf 86' lang='lat' dir='ltr'><strong>missum</strong></span> <span class='ocrx_word' id='word_1_299' title='bbox 2601 1709 2656 1756; x_wconf 88' lang='lat' dir='ltr'><strong>et</strong></span> <span class='ocrx_word' id='word_1_300' title='bbox 2682 1700 3093 1756; x_wconf 89' lang='lat' dir='ltr'><strong>commodatum</strong></span> <span class='ocrx_word' id='word_1_301' title='bbox 3127 1698 3216 1763; x_wconf 90' lang='lat' dir='ltr'><strong>iri,</strong></span> <span class='ocrx_word' id='word_1_302' title='bbox 3248 1700 3295 1754; x_wconf 90' lang='lat' dir='ltr'><strong>si</strong></span> <span class='ocrx_word' id='word_1_303' title='bbox 3336 1699 3527 1762; x_wconf 85' lang='lat' dir='ltr'><strong>velim,</strong></span> <span class='ocrx_word' id='word_1_304' title='bbox 3565 1707 3626 1754; x_wconf 90' lang='lat' dir='ltr'><strong>ut</strong></span> <span class='ocrx_word' id='word_1_305' title='bbox 3659 1713 3727 1752; x_wconf 86' lang='lat' dir='ltr'><strong>Ou</strong></span> <span class='ocrx_word' id='word_1_306' title='bbox 3749 1726 3776 1736; x_wconf 94' lang='lat'><em>-</em></span> 
     </span>
    </p>
   </div>
   <div class='ocr_carea' id='block_1_46' title="bbox 2194 1788 3773 1862">
    <p class='ocr_par' dir='ltr' id='par_1_46' title="bbox 2194 1788 3773 1862">
     <span class='ocr_line' id='line_1_46' title="bbox 2194 1788 3773 1862; baseline -0.001 -17"><span class='ocrx_word' id='word_1_307' title='bbox 2194 1807 2291 1847; x_wconf 87' lang='lat' dir='ltr'><strong>nes</strong></span> <span class='ocrx_word' id='word_1_308' title='bbox 2346 1792 2675 1858; x_wconf 81' lang='lat' dir='ltr'><strong>describam,</strong></span> <span class='ocrx_word' id='word_1_309' title='bbox 2735 1806 2886 1862; x_wconf 89' lang='lat' dir='ltr'><strong>spem</strong></span> <span class='ocrx_word' id='word_1_310' title='bbox 2924 1792 3120 1847; x_wconf 79' lang='lat' dir='ltr'><strong>fecisse</strong></span> <span class='ocrx_word' id='word_1_311' title='bbox 3148 1791 3230 1845; x_wconf 86' lang='lat' dir='ltr'><strong>vir</strong></span> <span class='ocrx_word' id='word_1_312' title='bbox 3255 1791 3601 1847; x_wconf 85' lang='lat' dir='ltr'><strong>clarissimus</strong></span> <span class='ocrx_word' id='word_1_313' title='bbox 3656 1788 3773 1846; x_wconf 76' lang='lat' dir='ltr'><strong>Jac.</strong></span> 
     </span>
    </p>
   </div>
   <div class='ocr_carea' id='block_1_47' title="bbox 2190 1880 3776 1953">
    <p class='ocr_par' dir='ltr' id='par_1_47' title="bbox 2190 1880 3776 1953">
     <span class='ocr_line' id='line_1_47' title="bbox 2190 1880 3776 1953; baseline -0.002 -18"><span class='ocrx_word' id='word_1_314' title='bbox 2190 1880 2465 1937; x_wconf 84' lang='lat' dir='ltr'><strong>Brukerus</strong></span> <span class='ocrx_word' id='word_1_315' title='bbox 2517 1883 2890 1953; x_wconf 77' lang='lat' dir='ltr'><strong>Augustanus,</strong></span> <span class='ocrx_word' id='word_1_316' title='bbox 2957 1881 3351 1953; x_wconf 84' lang='lat' dir='ltr'><strong>Caul‘byrensis</strong></span> <span class='ocrx_word' id='word_1_317' title='bbox 3411 1880 3672 1936; x_wconf 87' lang='lat' dir='ltr'><strong>minister</strong></span> <span class='ocrx_word' id='word_1_318' title='bbox 3723 1889 3776 1933; x_wconf 73' lang='lat' dir='ltr'><strong>rt</strong></span> 
     </span>
    </p>
   </div>
   <div class='ocr_carea' id='block_1_48' title="bbox 2187 1970 3778 2050">
    <p class='ocr_par' dir='ltr' id='par_1_48' title="bbox 2187 1970 3778 2050">
     <span class='ocr_line' id='line_1_48' title="bbox 2187 1970 3778 2050; baseline -0.003 -22"><span class='ocrx_word' id='word_1_319' title='bbox 2187 1974 2506 2029; x_wconf 88' lang='lat' dir='ltr'><strong>scholarcha</strong></span> <span class='ocrx_word' id='word_1_320' title='bbox 2557 1973 2801 2029; x_wconf 87' lang='lat' dir='ltr'><strong>doctrina</strong></span> <span class='ocrx_word' id='word_1_321' title='bbox 2847 1975 3000 2042; x_wconf 76' lang='lat' dir='ltr'><strong>juxta</strong></span> <span class='ocrx_word' id='word_1_322' title='bbox 3068 1988 3133 2050; x_wconf 77' lang='lat' dir='ltr'><strong>ac</strong></span> <span class='ocrx_word' id='word_1_323' title='bbox 3171 1973 3518 2028; x_wconf 87' lang='lat' dir='ltr'><strong>humanitate</strong></span> <span class='ocrx_word' id='word_1_324' title='bbox 3553 1970 3778 2038; x_wconf 62' lang='lat' dir='ltr'><strong>praecel-</strong></span> 
     </span>
    </p>
   </div>
   <div class='ocr_carea' id='block_1_49' title="bbox 2188 2054 3776 2137">
    <p class='ocr_par' dir='ltr' id='par_1_49' title="bbox 2188 2054 3776 2137">
     <span class='ocr_line' id='line_1_49' title="bbox 2188 2054 3776 2137; baseline -0.003 -17"><span class='ocrx_word' id='word_1_325' title='bbox 2188 2065 2341 2133; x_wconf 86' lang='lat' dir='ltr'><strong>lens;</strong></span> <span class='ocrx_word' id='word_1_326' title='bbox 2373 2080 2535 2137; x_wconf 88' lang='lat' dir='ltr'><strong>quem</strong></span> <span class='ocrx_word' id='word_1_327' title='bbox 2565 2065 2786 2136; x_wconf 87' lang='lat' dir='ltr'><strong>quidem</strong></span> <span class='ocrx_word' id='word_1_328' title='bbox 2806 2066 3048 2121; x_wconf 88' lang='lat' dir='ltr'><strong>nondum</strong></span> <span class='ocrx_word' id='word_1_329' title='bbox 3082 2074 3334 2121; x_wconf 90' lang='lat' dir='ltr'><strong>senatum</strong></span> <span class='ocrx_word' id='word_1_330' title='bbox 3354 2062 3515 2117; x_wconf 89' lang='lat' dir='ltr'><strong>illum</strong></span> <span class='ocrx_word' id='word_1_331' title='bbox 3544 2054 3776 2132; x_wconf 78' lang='lat' dir='ltr'><strong>amplis-</strong></span> 
     </span>
    </p>
   </div>
   <div class='ocr_carea' id='block_1_50' title="bbox 2187 2156 3780 2229">
    <p class='ocr_par' dir='ltr' id='par_1_50' title="bbox 2187 2156 3780 2229">
     <span class='ocr_line' id='line_1_50' title="bbox 2187 2156 3780 2229; baseline -0.004 -17"><span class='ocrx_word' id='word_1_332' title='bbox 2187 2158 2385 2212; x_wconf 90' lang='lat' dir='ltr'><strong>simum</strong></span> <span class='ocrx_word' id='word_1_333' title='bbox 2421 2157 2576 2228; x_wconf 87' lang='lat' dir='ltr'><strong>petii,</strong></span> <span class='ocrx_word' id='word_1_334' title='bbox 2602 2157 2750 2229; x_wconf 88' lang='lat' dir='ltr'><strong>quod</strong></span> <span class='ocrx_word' id='word_1_335' title='bbox 2783 2173 2975 2214; x_wconf 89' lang='lat' dir='ltr'><strong>omnes</strong></span> <span class='ocrx_word' id='word_1_336' title='bbox 3008 2158 3115 2213; x_wconf 84' lang='lat' dir='ltr'><strong>illae</strong></span> <span class='ocrx_word' id='word_1_337' title='bbox 3144 2157 3231 2212; x_wconf 92' lang='lat' dir='ltr'><strong>his</strong></span> <span class='ocrx_word' id='word_1_338' title='bbox 3258 2156 3589 2210; x_wconf 80' lang='lat' dir='ltr'><strong>Deliciarum</strong></span> <span class='ocrx_word' id='word_1_339' title='bbox 3628 2170 3780 2210; x_wconf 76' lang='lat' dir='ltr'><strong>mea—</strong></span> 
     </span>
    </p>
   </div>
   <div class='ocr_carea' id='block_1_51' title="bbox 2188 2247 3782 2320">
    <p class='ocr_par' dir='ltr' id='par_1_51' title="bbox 2188 2247 3782 2320">
     <span class='ocr_line' id='line_1_51' title="bbox 2188 2247 3782 2320; baseline 0 -19"><span class='ocrx_word' id='word_1_340' title='bbox 2188 2263 2306 2302; x_wconf 89' lang='lat' dir='ltr'><strong>rum</strong></span> <span class='ocrx_word' id='word_1_341' title='bbox 2334 2251 2602 2319; x_wconf 83' lang='lat' dir='ltr'><strong>angustiis</strong></span> <span class='ocrx_word' id='word_1_342' title='bbox 2630 2249 3023 2320; x_wconf 82' lang='lat' dir='ltr'><strong>comprehendi</strong></span> <span class='ocrx_word' id='word_1_343' title='bbox 3047 2265 3151 2303; x_wconf 93' lang='lat' dir='ltr'><strong>non</strong></span> <span class='ocrx_word' id='word_1_344' title='bbox 3177 2248 3505 2319; x_wconf 70' lang='lat' dir='ltr'><strong>possint,‘ut</strong></span> <span class='ocrx_word' id='word_1_345' title='bbox 3525 2247 3782 2302; x_wconf 82' lang='lat' dir='ltr'><strong>materia-</strong></span> 
     </span>
    </p>
   </div>
   <div class='ocr_carea' id='block_1_52' title="bbox 2188 2339 3783 2414">
    <p class='ocr_par' dir='ltr' id='par_1_52' title="bbox 2188 2339 3783 2414">
     <span class='ocr_line' id='line_1_52' title="bbox 2188 2339 3783 2414; baseline -0.004 -15"><span class='ocrx_word' id='word_1_346' title='bbox 2188 2360 2308 2399; x_wconf 87' lang='lat' dir='ltr'><strong>rum</strong></span> <span class='ocrx_word' id='word_1_347' title='bbox 2345 2343 2575 2399; x_wconf 84' lang='lat' dir='ltr'><strong>varietas</strong></span> <span class='ocrx_word' id='word_1_348' title='bbox 2602 2342 2654 2397; x_wconf 90' lang='lat' dir='ltr'><strong>in</strong></span> <span class='ocrx_word' id='word_1_349' title='bbox 2692 2344 2760 2398; x_wconf 89' lang='lat' dir='ltr'><strong>iis</strong></span> <span class='ocrx_word' id='word_1_350' title='bbox 2789 2342 3059 2414; x_wconf 89' lang='lat' dir='ltr'><strong>promissa</strong></span> <span class='ocrx_word' id='word_1_351' title='bbox 3090 2351 3365 2397; x_wconf 82' lang='lat' dir='ltr'><strong>servetur.</strong></span> <span class='ocrx_word' id='word_1_352' title='bbox 3423 2339 3783 2395; x_wconf 78' lang='lat' dir='ltr'><strong>Mcmorabilc</strong></span> 
     </span>
    </p>
   </div>
   <div class='ocr_carea' id='block_1_53' title="bbox 2188 2420 3783 2509">
    <p class='ocr_par' dir='ltr' id='par_1_53' title="bbox 2188 2420 3783 2509">
     <span class='ocr_line' id='line_1_53' title="bbox 2188 2420 3783 2509; baseline -0.004 -15"><span class='ocrx_word' id='word_1_353' title='bbox 2188 2448 2243 2494; x_wconf 81' lang='lat' dir='ltr'><strong>et</strong></span> <span class='ocrx_word' id='word_1_354' title='bbox 2270 2438 2485 2509; x_wconf 77' lang='lat' dir='ltr'><strong>insigne</strong></span> <span class='ocrx_word' id='word_1_355' title='bbox 2510 2439 2844 2509; x_wconf 83' lang='lat' dir='ltr'><strong>exemplum,</strong></span> <span class='ocrx_word' id='word_1_356' title='bbox 2872 2436 3015 2505; x_wconf 84' lang='lat' dir='ltr'><strong>quod</strong></span> <span class='ocrx_word' id='word_1_357' title='bbox 3049 2435 3251 2490; x_wconf 88' lang='lat' dir='ltr'><strong>multos</strong></span> <span class='ocrx_word' id='word_1_358' title='bbox 3275 2435 3479 2505; x_wconf 72' lang='lat' dir='ltr'><strong>patria:</strong></span> <span class='ocrx_word' id='word_1_359' title='bbox 3514 2420 3783 2506; x_wconf 77' lang='lat' dir='ltr'><strong>ingratos.</strong></span> 
     </span>
    </p>
   </div>
   <div class='ocr_carea' id='block_1_54' title="bbox 2188 2524 3784 2600">
    <p class='ocr_par' dir='ltr' id='par_1_54' title="bbox 2188 2524 3784 2600">
     <span class='ocr_line' id='line_1_54' title="bbox 2188 2524 3784 2600; baseline -0.003 -16"><span class='ocrx_word' id='word_1_360' title='bbox 2188 2530 2386 2585; x_wconf 88' lang='lat' dir='ltr'><strong>litteris</strong></span> <span class='ocrx_word' id='word_1_361' title='bbox 2421 2530 2695 2595; x_wconf 65' lang='lat' dir='ltr'><strong>exitiales,</strong></span> <span class='ocrx_word' id='word_1_362' title='bbox 2753 2529 2966 2600; x_wconf 88' lang='lat' dir='ltr'><strong>sibique</strong></span> <span class='ocrx_word' id='word_1_363' title='bbox 3015 2536 3072 2583; x_wconf 89' lang='lat' dir='ltr'><strong>et</strong></span> <span class='ocrx_word' id='word_1_364' title='bbox 3122 2543 3235 2582; x_wconf 68' lang='lat' dir='ltr'><strong>suae</strong></span> <span class='ocrx_word' id='word_1_365' title='bbox 3299 2524 3470 2581; x_wconf 71' lang='lat' dir='ltr'><strong>fama:</strong></span> <span class='ocrx_word' id='word_1_366' title='bbox 3525 2525 3784 2580; x_wconf 89' lang='lat' dir='ltr'><strong>inimicos</strong></span> 
     </span>
    </p>
   </div>
   <div class='ocr_carea' id='block_1_55' title="bbox 2191 2606 3787 2691">
    <p class='ocr_par' dir='ltr' id='par_1_55' title="bbox 2191 2606 3787 2691">
     <span class='ocr_line' id='line_1_55' title="bbox 2191 2606 3787 2691; baseline -0.005 -14"><span class='ocrx_word' id='word_1_367' title='bbox 2191 2622 2606 2685; x_wconf 70' lang='lat' dir='ltr'><strong>homunz-iones,</strong></span> <span class='ocrx_word' id='word_1_368' title='bbox 2635 2623 2725 2691; x_wconf 88' lang='lat' dir='ltr'><strong>qui</strong></span> <span class='ocrx_word' id='word_1_369' title='bbox 2754 2620 2823 2674; x_wconf 85' lang='lat' dir='ltr'><strong>ad</strong></span> <span class='ocrx_word' id='word_1_370' title='bbox 2857 2606 3081 2674; x_wconf 83' lang='lat' dir='ltr'><strong>inutiles</strong></span> <span class='ocrx_word' id='word_1_371' title='bbox 3102 2618 3208 2673; x_wconf 91' lang='lat' dir='ltr'><strong>sibi</strong></span> <span class='ocrx_word' id='word_1_372' title='bbox 3239 2631 3367 2671; x_wconf 89' lang='lat' dir='ltr'><strong>suas</strong></span> <span class='ocrx_word' id='word_1_373' title='bbox 3411 2615 3787 2672; x_wconf 86' lang='lat' dir='ltr'><strong>bibliothecas</strong></span> 
     </span>
    </p>
   </div>
   <div class='ocr_carea' id='block_1_56' title="bbox 2186 2707 3790 2781">
    <p class='ocr_par' dir='ltr' id='par_1_56' title="bbox 2186 2707 3790 2781">
     <span class='ocr_line' id='line_1_56' title="bbox 2186 2707 3790 2781; baseline -0.006 -11"><span class='ocrx_word' id='word_1_374' title='bbox 2186 2715 2324 2770; x_wconf 76' lang='lat' dir='ltr'><strong>viris</strong></span> <span class='ocrx_word' id='word_1_375' title='bbox 2360 2714 2538 2770; x_wconf 90' lang='lat' dir='ltr'><strong>doctis</strong></span> <span class='ocrx_word' id='word_1_376' title='bbox 2583 2713 2790 2768; x_wconf 80' lang='lat' dir='ltr'><strong>aditum</strong></span> <span class='ocrx_word' id='word_1_377' title='bbox 2834 2710 3169 2781; x_wconf 69' lang='lat' dir='ltr'><strong>praecludi-re</strong></span> <span class='ocrx_word' id='word_1_378' title='bbox 3209 2708 3544 2773; x_wconf 76' lang='lat' dir='ltr'><strong>sustinent,</strong></span> <span class='ocrx_word' id='word_1_379' title='bbox 3593 2707 3790 2763; x_wconf 87' lang='lat' dir='ltr'><strong>merito</strong></span> 
     </span>
    </p>
   </div>
   <div class='ocr_carea' id='block_1_57' title="bbox 2189 2799 3789 2877">
    <p class='ocr_par' dir='ltr' id='par_1_57' title="bbox 2189 2799 3789 2877">
     <span class='ocr_line' id='line_1_57' title="bbox 2189 2799 3789 2877; baseline -0.004 -17"><span class='ocrx_word' id='word_1_380' title='bbox 2189 2807 2399 2877; x_wconf 89' lang='lat' dir='ltr'><strong>pudore</strong></span> <span class='ocrx_word' id='word_1_381' title='bbox 2440 2803 2743 2860; x_wconf 71' lang='lat' dir='ltr'><strong>suﬂundat.</strong></span> <span class='ocrx_word' id='word_1_382' title='bbox 2802 2801 3060 2872; x_wconf 75' lang='lat' dir='ltr'><strong>Epistolze</strong></span> <span class='ocrx_word' id='word_1_383' title='bbox 3114 2801 3147 2855; x_wconf 89' lang='lat'><strong>5</strong></span> <span class='ocrx_word' id='word_1_384' title='bbox 3207 2799 3428 2870; x_wconf 71' lang='lat' dir='ltr'><strong>GI-ycae,</strong></span> <span class='ocrx_word' id='word_1_385' title='bbox 3484 2816 3627 2870; x_wconf 85' lang='lat' dir='ltr'><strong>quas</strong></span> <span class='ocrx_word' id='word_1_386' title='bbox 3678 2801 3789 2855; x_wconf 91' lang='lat' dir='ltr'><strong>hoc</strong></span> 
     </span>
    </p>
   </div>
   <div class='ocr_carea' id='block_1_58' title="bbox 2191 2890 3793 2966">
    <p class='ocr_par' dir='ltr' id='par_1_58' title="bbox 2191 2890 3793 2966">
     <span class='ocr_line' id='line_1_58' title="bbox 2191 2890 3793 2966; baseline -0.003 -15"><span class='ocrx_word' id='word_1_387' title='bbox 2191 2897 2470 2952; x_wconf 85' lang='lat' dir='ltr'><strong>volumine</strong></span> <span class='ocrx_word' id='word_1_388' title='bbox 2497 2895 2698 2966; x_wconf 82' lang='lat' dir='ltr'><strong>publici</strong></span> <span class='ocrx_word' id='word_1_389' title='bbox 2719 2895 2859 2965; x_wconf 87' lang='lat' dir='ltr'><strong>juris</strong></span> <span class='ocrx_word' id='word_1_390' title='bbox 2884 2893 3049 2960; x_wconf 80' lang='lat' dir='ltr'><strong>facio,</strong></span> <span class='ocrx_word' id='word_1_391' title='bbox 3074 2891 3268 2961; x_wconf 90' lang='lat' dir='ltr'><strong>partim</strong></span> <span class='ocrx_word' id='word_1_392' title='bbox 3297 2890 3511 2946; x_wconf 84' lang='lat' dir='ltr'><strong>Joanni</strong></span> <span class='ocrx_word' id='word_1_393' title='bbox 3538 2892 3793 2963; x_wconf 66' lang='lat' dir='ltr'><strong>Aspicite</strong></span> 
     </span>
    </p>
   </div>
   <div class='ocr_carea' id='block_1_59' title="bbox 2192 2981 3793 3056">
    <p class='ocr_par' dir='ltr' id='par_1_59' title="bbox 2192 2981 3793 3056">
     <span class='ocr_line' id='line_1_59' title="bbox 2192 2981 3793 3056; baseline -0.004 -15"><span class='ocrx_word' id='word_1_394' title='bbox 2192 2985 2484 3053; x_wconf 89' lang='lat' dir='ltr'><strong>monacho,</strong></span> <span class='ocrx_word' id='word_1_395' title='bbox 2512 2984 2708 3053; x_wconf 90' lang='lat' dir='ltr'><strong>partim</strong></span> <span class='ocrx_word' id='word_1_396' title='bbox 2744 2982 2900 3036; x_wconf 70' lang='lat' dir='ltr'><strong>Isaite</strong></span> <span class='ocrx_word' id='word_1_397' title='bbox 2954 2981 3162 3050; x_wconf 89' lang='lat' dir='ltr'><strong>pariter</strong></span> <span class='ocrx_word' id='word_1_398' title='bbox 3210 2983 3500 3056; x_wconf 41' lang='lat' dir='ltr'><strong>m‘onacho</strong></span> <span class='ocrx_word' id='word_1_399' title='bbox 3532 2982 3793 3047; x_wconf 82' lang='lat' dir='ltr'><strong>scribun-</strong></span> 
     </span>
    </p>
   </div>
   <div class='ocr_carea' id='block_1_60' title="bbox 2195 3072 3788 3145">
    <p class='ocr_par' dir='ltr' id='par_1_60' title="bbox 2195 3072 3788 3145">
     <span class='ocr_line' id='line_1_60' title="bbox 2195 3072 3788 3145; baseline -0.001 -14"><span class='ocrx_word' id='word_1_400' title='bbox 2195 3085 2305 3132; x_wconf 90' lang='lat' dir='ltr'><strong>tur.</strong></span> <span class='ocrx_word' id='word_1_401' title='bbox 2332 3076 2465 3144; x_wconf 88' lang='lat' dir='ltr'><strong>Quis</strong></span> <span class='ocrx_word' id='word_1_402' title='bbox 2503 3075 2572 3130; x_wconf 91' lang='lat' dir='ltr'><strong>sit</strong></span> <span class='ocrx_word' id='word_1_403' title='bbox 2599 3073 2840 3128; x_wconf 81' lang='lat' dir='ltr'><strong>Joannes</strong></span> <span class='ocrx_word' id='word_1_404' title='bbox 2888 3072 2977 3127; x_wconf 90' lang='lat' dir='ltr'><strong>ille</strong></span> <span class='ocrx_word' id='word_1_405' title='bbox 3015 3072 3269 3142; x_wconf 83' lang='lat' dir='ltr'><strong>Aspiotas</strong></span> <span class='ocrx_word' id='word_1_406' title='bbox 3301 3075 3508 3143; x_wconf 80' lang='lat' dir='ltr'><strong>ignoro</strong></span> <span class='ocrx_word' id='word_1_407' title='bbox 3541 3089 3788 3145; x_wconf 88' lang='lat' dir='ltr'><strong>prorsus.</strong></span> 
     </span>
    </p>
   </div>
   <div class='ocr_carea' id='block_1_61' title="bbox 512 3159 3791 3244">
    <p class='ocr_par' dir='ltr' id='par_1_61' title="bbox 512 3159 3791 3244">
     <span class='ocr_line' id='line_1_61' title="bbox 512 3159 3791 3244; baseline 0.003 -35"><span class='ocrx_word' id='word_1_408' title='bbox 512 3159 845 3227; x_wconf 77' lang='lat' dir='ltr'><strong>bzcequoad</strong></span> <span class='ocrx_word' id='word_1_409' title='bbox 887 3160 1077 3232; x_wconf 77' lang='lat' dir='ltr'><strong>Glycac</strong></span> <span class='ocrx_word' id='word_1_410' title='bbox 1118 3172 1333 3217; x_wconf 83' lang='lat' dir='ltr'><strong>aetatem</strong></span> <span class='ocrx_word' id='word_1_411' title='bbox 1370 3175 1423 3218; x_wconf 92' lang='lat' dir='ltr'><strong>ct</strong></span> <span class='ocrx_word' id='word_1_412' title='bbox 1482 3165 1712 3234; x_wconf 87' lang='lat' dir='ltr'><strong>patriam</strong></span> <span class='ocrx_word' id='word_1_413' title='bbox 1762 3166 1903 3221; x_wconf 81' lang='lat' dir='ltr'><strong>diota</strong></span> <span class='ocrx_word' id='word_1_414' title='bbox 1957 3168 2084 3222; x_wconf 83' lang='lat' dir='ltr'><strong>sint.</strong></span> <span class='ocrx_word' id='word_1_415' title='bbox 2117 3183 2162 3244; x_wconf 71' lang='grc' dir='ltr'>α</span> <span class='ocrx_word' id='word_1_416' title='bbox 2194 3167 2341 3222; x_wconf 86' lang='lat' dir='ltr'><strong>Idem</strong></span> <span class='ocrx_word' id='word_1_417' title='bbox 2382 3166 2684 3236; x_wconf 79' lang='lat' dir='ltr'><strong>proferrem</strong></span> <span class='ocrx_word' id='word_1_418' title='bbox 2716 3165 2784 3219; x_wconf 87' lang='lat' dir='ltr'><strong>de</strong></span> <span class='ocrx_word' id='word_1_419' title='bbox 2834 3164 3104 3219; x_wconf 87' lang='lat' dir='ltr'><strong>monacho</strong></span> <span class='ocrx_word' id='word_1_420' title='bbox 3151 3164 3326 3230; x_wconf 89' lang='lat' dir='ltr'><strong>Isaia,</strong></span> <span class='ocrx_word' id='word_1_421' title='bbox 3358 3166 3479 3222; x_wconf 86' lang='lat' dir='ltr'><strong>nisi</strong></span> <span class='ocrx_word' id='word_1_422' title='bbox 3512 3166 3643 3222; x_wconf 81' lang='lat' dir='ltr'><strong>Cas.</strong></span> <span class='ocrx_word' id='word_1_423' title='bbox 3675 3167 3791 3223; x_wconf 85' lang='lat' dir='ltr'><strong>Ou-</strong></span> 
     </span>
    </p>
   </div>
   <div class='ocr_carea' id='block_1_62' title="bbox 418 3245 2083 3325">
    <p class='ocr_par' dir='ltr' id='par_1_62' title="bbox 418 3245 2083 3325">
     <span class='ocr_line' id='line_1_62' title="bbox 418 3245 2083 3325; baseline 0.008 -26"><span class='ocrx_word' id='word_1_424' title='bbox 418 3296 431 3307; x_wconf 55' lang='lat'><em>.</em></span> <span class='ocrx_word' id='word_1_425' title='bbox 507 3245 691 3312; x_wconf 81' lang='lat' dir='ltr'><strong>Nunc,</strong></span> <span class='ocrx_word' id='word_1_426' title='bbox 718 3248 880 3305; x_wconf 89' lang='lat' dir='ltr'><strong>aliam</strong></span> <span class='ocrx_word' id='word_1_427' title='bbox 920 3251 1294 3320; x_wconf 68' lang='lat' dir='ltr'><strong>praefationem</strong></span> <span class='ocrx_word' id='word_1_428' title='bbox 1321 3254 1490 3309; x_wconf 86' lang='lat' dir='ltr'><strong>etiam</strong></span> <span class='ocrx_word' id='word_1_429' title='bbox 1530 3256 1584 3310; x_wconf 90' lang='lat' dir='ltr'><strong>in</strong></span> <span class='ocrx_word' id='word_1_430' title='bbox 1621 3256 1725 3310; x_wconf 89' lang='lat' dir='ltr'><strong>hoc</strong></span> <span class='ocrx_word' id='word_1_431' title='bbox 1753 3254 2083 3325; x_wconf 85' lang='lat' dir='ltr'><strong>suppleturi,</strong></span> 
     </span>
    </p>
   </div>
   <div class='ocr_carea' id='block_1_63' title="bbox 512 3340 2087 3416">
    <p class='ocr_par' dir='ltr' id='par_1_63' title="bbox 512 3340 2087 3416">
     <span class='ocr_line' id='line_1_63' title="bbox 512 3340 2087 3416; baseline 0.009 -27"><span class='ocrx_word' id='word_1_432' title='bbox 512 3340 941 3395; x_wconf 82' lang='lat' dir='ltr'><strong>memorabimus</strong></span> <span class='ocrx_word' id='word_1_433' title='bbox 972 3341 1253 3399; x_wconf 80' lang='lat' dir='ltr'><strong>Michaelis</strong></span> <span class='ocrx_word' id='word_1_434' title='bbox 1291 3344 1467 3416; x_wconf 69' lang='lat' dir='ltr'><strong>Glycae</strong></span> <span class='ocrx_word' id='word_1_435' title='bbox 1508 3346 1581 3400; x_wconf 82' lang='lat' dir='ltr'><strong>De</strong></span> <span class='ocrx_word' id='word_1_436' title='bbox 1617 3345 1937 3411; x_wconf 68' lang='lat' dir='ltr'><strong>Paruitentia</strong></span> <span class='ocrx_word' id='word_1_437' title='bbox 1976 3350 2087 3403; x_wconf 66' lang='lat' dir='ltr'><strong>Sa-</strong></span> 
     </span>
    </p>
   </div>
   <div class='ocr_carea' id='block_1_64' title="bbox 506 3428 2087 3507">
    <p class='ocr_par' dir='ltr' id='par_1_64' title="bbox 506 3428 2087 3507">
     <span class='ocr_line' id='line_1_64' title="bbox 506 3428 2087 3507; baseline 0.008 -25"><span class='ocrx_word' id='word_1_438' title='bbox 506 3428 740 3484; x_wconf 60' lang='lat' dir='ltr'><strong>Joannis</strong></span> <span class='ocrx_word' id='word_1_439' title='bbox 801 3439 1141 3498; x_wconf 80' lang='lat' dir='ltr'><strong>tractatum,</strong></span> <span class='ocrx_word' id='word_1_440' title='bbox 1195 3450 1365 3488; x_wconf 89' lang='lat' dir='ltr'><strong>unum</strong></span> <span class='ocrx_word' id='word_1_441' title='bbox 1426 3435 1639 3491; x_wconf 90' lang='lat' dir='ltr'><strong>illorum</strong></span> <span class='ocrx_word' id='word_1_442' title='bbox 1698 3440 2087 3507; x_wconf 83' lang='lat' dir='ltr'><strong>Opusculorum</strong></span> 
     </span>
    </p>
   </div>
   <div class='ocr_carea' id='block_1_65' title="bbox 516 3519 2091 3600">
    <p class='ocr_par' dir='ltr' id='par_1_65' title="bbox 516 3519 2091 3600">
     <span class='ocr_line' id='line_1_65' title="bbox 516 3519 2091 3600; baseline 0.008 -28"><span class='ocrx_word' id='word_1_443' title='bbox 516 3519 711 3585; x_wconf 73' lang='lat' dir='ltr'><strong>fuisse,</strong></span> <span class='ocrx_word' id='word_1_444' title='bbox 755 3537 879 3592; x_wconf 66' lang='lat' dir='ltr'><strong>quae</strong></span> <span class='ocrx_word' id='word_1_445' title='bbox 934 3522 1166 3579; x_wconf 81' lang='lat' dir='ltr'><strong>Allatius</strong></span> <span class='ocrx_word' id='word_1_446' title='bbox 1206 3525 1345 3579; x_wconf 88' lang='lat' dir='ltr'><strong>libro</strong></span> <span class='ocrx_word' id='word_1_447' title='bbox 1379 3540 1436 3581; x_wconf 85' lang='lat' dir='ltr'><strong>tv</strong></span> <span class='ocrx_word' id='word_1_448' title='bbox 1488 3542 1713 3581; x_wconf 90' lang='lat' dir='ltr'><strong>suorum</strong></span> <span class='ocrx_word' id='word_1_449' title='bbox 1765 3527 2091 3600; x_wconf 82' lang='lat' dir='ltr'><strong>Symmicton</strong></span> 
     </span>
    </p>
   </div>
   <div class='ocr_carea' id='block_1_66' title="bbox 510 3611 2088 3690">
    <p class='ocr_par' dir='ltr' id='par_1_66' title="bbox 510 3611 2088 3690">
     <span class='ocr_line' id='line_1_66' title="bbox 510 3611 2088 3690; baseline 0.006 -24"><span class='ocrx_word' id='word_1_450' title='bbox 510 3611 758 3669; x_wconf 83' lang='lat' dir='ltr'><strong>inserere</strong></span> <span class='ocrx_word' id='word_1_451' title='bbox 789 3614 1179 3687; x_wconf 81' lang='lat' dir='ltr'><strong>meditabatur,</strong></span> <span class='ocrx_word' id='word_1_452' title='bbox 1209 3629 1267 3673; x_wconf 89' lang='lat' dir='ltr'><strong>ut</strong></span> <span class='ocrx_word' id='word_1_453' title='bbox 1296 3619 1439 3690; x_wconf 86' lang='lat' dir='ltr'><strong>apud</strong></span> <span class='ocrx_word' id='word_1_454' title='bbox 1474 3619 1783 3676; x_wconf 84' lang='lat' dir='ltr'><strong>Fabricium</strong></span> <span class='ocrx_word' id='word_1_455' title='bbox 1807 3622 2088 3677; x_wconf 62' lang='lat' dir='ltr'><strong>laudatum</strong></span> 
     </span>
    </p>
   </div>
   <div class='ocr_carea' id='block_1_67' title="bbox 500 3706 2088 3781">
    <p class='ocr_par' dir='ltr' id='par_1_67' title="bbox 500 3706 2088 3781">
     <span class='ocr_line' id='line_1_67' title="bbox 500 3706 2088 3781; baseline 0.004 -21"><span class='ocrx_word' id='word_1_456' title='bbox 500 3706 680 3763; x_wconf 77' lang='lat' dir='ltr'><strong>citato</strong></span> <span class='ocrx_word' id='word_1_457' title='bbox 730 3717 878 3765; x_wconf 88' lang='lat' dir='ltr'><strong>tomo</strong></span> <span class='ocrx_word' id='word_1_458' title='bbox 925 3710 1117 3765; x_wconf 83' lang='lat' dir='ltr'><strong>videre</strong></span> <span class='ocrx_word' id='word_1_459' title='bbox 1145 3719 1270 3773; x_wconf 85' lang='lat' dir='ltr'><strong>est;</strong></span> <span class='ocrx_word' id='word_1_460' title='bbox 1311 3712 1405 3781; x_wconf 90' lang='lat' dir='ltr'><strong>qui</strong></span> <span class='ocrx_word' id='word_1_461' title='bbox 1456 3711 1599 3767; x_wconf 80' lang='lat' dir='ltr'><strong>forte</strong></span> <span class='ocrx_word' id='word_1_462' title='bbox 1656 3714 1731 3766; x_wconf 91' lang='lat' dir='ltr'><strong>nil</strong></span> <span class='ocrx_word' id='word_1_463' title='bbox 1787 3714 1935 3767; x_wconf 87' lang='lat' dir='ltr'><strong>aliud</strong></span> <span class='ocrx_word' id='word_1_464' title='bbox 1982 3723 2088 3777; x_wconf 81' lang='lat' dir='ltr'><strong>est,</strong></span> 
     </span>
    </p>
   </div>
   <div class='ocr_carea' id='block_1_68' title="bbox 449 3802 2105 3887">
    <p class='ocr_par' dir='ltr' id='par_1_68' title="bbox 449 3802 2105 3887">
     <span class='ocr_line' id='line_1_68' title="bbox 449 3802 2105 3887; baseline 0.002 -31"><span class='ocrx_word' id='word_1_465' title='bbox 449 3848 459 3856; x_wconf 91' lang='lat'><strong>.</strong></span> <span class='ocrx_word' id='word_1_466' title='bbox 506 3814 673 3869; x_wconf 78' lang='lat' dir='ltr'><strong>quam</strong></span> <span class='ocrx_word' id='word_1_467' title='bbox 718 3817 823 3858; x_wconf 86' lang='lat' dir='ltr'><strong>una</strong></span> <span class='ocrx_word' id='word_1_468' title='bbox 854 3818 921 3858; x_wconf 76' lang='lat' dir='ltr'><strong>ex</strong></span> <span class='ocrx_word' id='word_1_469' title='bbox 967 3802 1146 3875; x_wconf 70' lang='lat' dir='ltr'><strong>Glycae</strong></span> <span class='ocrx_word' id='word_1_470' title='bbox 1194 3802 1472 3874; x_wconf 74' lang='lat' dir='ltr'><strong>Epistolis.</strong></span> <span class='ocrx_word' id='word_1_471' title='bbox 1525 3805 1756 3876; x_wconf 87' lang='lat' dir='ltr'><strong>insuper</strong></span> <span class='ocrx_word' id='word_1_472' title='bbox 1804 3821 2105 3887; x_wconf 49' lang='lat' dir='ltr'><strong>monemus.</strong></span> 
     </span>
    </p>
   </div>
   <div class='ocr_carea' id='block_1_69' title="bbox 537 4031 1543 4047">
    <p class='ocr_par' dir='ltr' id='par_1_69' title="bbox 537 4031 1543 4047">
     <span class='ocr_line' id='line_1_69' title="bbox 537 4031 1543 4047; baseline 0.005 -5"><span class='ocrx_word' id='word_1_473' title='bbox 537 4031 846 4045; x_wconf 53' lang='lat' dir='ltr'><strong>-mn—</strong></span> <span class='ocrx_word' id='word_1_474' title='bbox 856 4034 1543 4047; x_wconf 48' lang='lat' dir='ltr'><strong>“Mm”...-</strong></span> 
     </span>
    </p>
   </div>
   <div class='ocr_carea' id='block_1_70' title="bbox 2188 3256 3789 3326">
    <p class='ocr_par' dir='ltr' id='par_1_70' title="bbox 2188 3256 3789 3326">
     <span class='ocr_line' id='line_1_70' title="bbox 2188 3256 3789 3326; baseline -0.004 -11"><span class='ocrx_word' id='word_1_475' title='bbox 2188 3259 2354 3315; x_wconf 92' lang='lat' dir='ltr'><strong>dinus</strong></span> <span class='ocrx_word' id='word_1_476' title='bbox 2394 3256 2605 3326; x_wconf 90' lang='lat' dir='ltr'><strong>opinari</strong></span> <span class='ocrx_word' id='word_1_477' title='bbox 2656 3256 2940 3311; x_wconf 82' lang='lat' dir='ltr'><strong>videretur</strong></span> <span class='ocrx_word' id='word_1_478' title='bbox 2991 3270 3113 3311; x_wconf 89' lang='lat' dir='ltr'><strong>esse</strong></span> <span class='ocrx_word' id='word_1_479' title='bbox 3164 3256 3431 3311; x_wconf 82' lang='lat' dir='ltr'><strong>eumdem</strong></span> <span class='ocrx_word' id='word_1_480' title='bbox 3482 3273 3550 3312; x_wconf 90' lang='lat' dir='ltr'><strong>ac</strong></span> <span class='ocrx_word' id='word_1_481' title='bbox 3586 3257 3789 3312; x_wconf 82' lang='lat' dir='ltr'><strong>Isaiam</strong></span> 
     </span>
    </p>
   </div>
   <div class='ocr_carea' id='block_1_71' title="bbox 2187 3348 3790 3420">
    <p class='ocr_par' dir='ltr' id='par_1_71' title="bbox 2187 3348 3790 3420">
     <span class='ocr_line' id='line_1_71' title="bbox 2187 3348 3790 3420; baseline -0.004 -12"><span class='ocrx_word' id='word_1_482' title='bbox 2187 3352 2362 3417; x_wconf 87' lang='lat' dir='ltr'><strong>illum,</strong></span> <span class='ocrx_word' id='word_1_483' title='bbox 2387 3349 2545 3419; x_wconf 83' lang='lat' dir='ltr'><strong>cujus</strong></span> <span class='ocrx_word' id='word_1_484' title='bbox 2592 3349 2887 3419; x_wconf 85' lang='lat' dir='ltr'><strong>Epistolam</strong></span> <span class='ocrx_word' id='word_1_485' title='bbox 2920 3357 3108 3403; x_wconf 87' lang='lat' dir='ltr'><strong>contra</strong></span> <span class='ocrx_word' id='word_1_486' title='bbox 3144 3348 3440 3403; x_wconf 85' lang='lat' dir='ltr'><strong>Nicolaum</strong></span> <span class='ocrx_word' id='word_1_487' title='bbox 3475 3350 3790 3420; x_wconf 80' lang='lat' dir='ltr'><strong>Sclengiam</strong></span> 
     </span>
    </p>
   </div>
   <div class='ocr_carea' id='block_1_72' title="bbox 2188 3440 3795 3511">
    <p class='ocr_par' dir='ltr' id='par_1_72' title="bbox 2188 3440 3795 3511">
     <span class='ocr_line' id='line_1_72' title="bbox 2188 3440 3795 3511; baseline 0 -14"><span class='ocrx_word' id='word_1_488' title='bbox 2188 3443 2272 3497; x_wconf 83' lang='lat' dir='ltr'><strong>De</strong></span> <span class='ocrx_word' id='word_1_489' title='bbox 2317 3442 2644 3511; x_wconf 80' lang='lat' dir='ltr'><strong>processioue</strong></span> <span class='ocrx_word' id='word_1_490' title='bbox 2692 3440 2923 3509; x_wconf 81' lang='lat' dir='ltr'><strong>Spiritus</strong></span> <span class='ocrx_word' id='word_1_491' title='bbox 2987 3441 3181 3502; x_wconf 73' lang='lat' dir='ltr'><strong>sancti,</strong></span> <span class='ocrx_word' id='word_1_492' title='bbox 3236 3442 3503 3510; x_wconf 88' lang='lat' dir='ltr'><strong>producit</strong></span> <span class='ocrx_word' id='word_1_493' title='bbox 3555 3443 3795 3497; x_wconf 77' lang='lat' dir='ltr'><strong>Allatius</strong></span> 
     </span>
    </p>
   </div>
   <div class='ocr_carea' id='block_1_73' title="bbox 2191 3531 3794 3603">
    <p class='ocr_par' dir='ltr' id='par_1_73' title="bbox 2191 3531 3794 3603">
     <span class='ocr_line' id='line_1_73' title="bbox 2191 3531 3794 3603; baseline -0.003 -15"><span class='ocrx_word' id='word_1_494' title='bbox 2191 3542 2323 3588; x_wconf 82' lang='lat' dir='ltr'><strong>tom.</strong></span> <span class='ocrx_word' id='word_1_495' title='bbox 2361 3532 2381 3587; x_wconf 88' lang='grc'><strong>1</strong></span> <span class='ocrx_word' id='word_1_496' title='bbox 2419 3531 2641 3586; x_wconf 71' lang='lat' dir='ltr'><strong>Gra&#39;ciaz</strong></span> <span class='ocrx_word' id='word_1_497' title='bbox 2691 3531 3036 3597; x_wconf 71' lang='lat' dir='ltr'><strong>ortlrodoxaz;</strong></span> <span class='ocrx_word' id='word_1_498' title='bbox 3066 3541 3121 3585; x_wconf 91' lang='lat' dir='ltr'><strong>et</strong></span> <span class='ocrx_word' id='word_1_499' title='bbox 3149 3532 3242 3601; x_wconf 92' lang='lat' dir='ltr'><strong>qui</strong></span> <span class='ocrx_word' id='word_1_500' title='bbox 3292 3546 3447 3587; x_wconf 87' lang='lat' dir='ltr'><strong>anno</strong></span> <span class='ocrx_word' id='word_1_501' title='bbox 3482 3533 3622 3589; x_wconf 70' lang='lat'><strong>“30</strong></span> <span class='ocrx_word' id='word_1_502' title='bbox 3666 3549 3794 3603; x_wconf 88' lang='lat' dir='ltr'><strong>prn-</strong></span> 
     </span>
    </p>
   </div>
   <div class='ocr_carea' id='block_1_74' title="bbox 2187 3621 3799 3687">
    <p class='ocr_par' dir='ltr' id='par_1_74' title="bbox 2187 3621 3799 3687">
     <span class='ocr_line' id='line_1_74' title="bbox 2187 3621 3799 3687; baseline -0.001 -8"><span class='ocrx_word' id='word_1_503' title='bbox 2187 3624 2443 3679; x_wconf 85' lang='lat' dir='ltr'><strong>babiliter</strong></span> <span class='ocrx_word' id='word_1_504' title='bbox 2469 3623 2715 3687; x_wconf 81' lang='lat' dir='ltr'><strong>ﬂorebat,</strong></span> <span class='ocrx_word' id='word_1_505' title='bbox 2744 3634 2801 3678; x_wconf 89' lang='lat' dir='ltr'><strong>ut</strong></span> <span class='ocrx_word' id='word_1_506' title='bbox 2827 3624 3126 3678; x_wconf 73' lang='lat' dir='ltr'><strong>obserVaut</strong></span> <span class='ocrx_word' id='word_1_507' title='bbox 3158 3621 3465 3679; x_wconf 84' lang='lat' dir='ltr'><strong>Wartonus</strong></span> <span class='ocrx_word' id='word_1_508' title='bbox 3506 3634 3563 3681; x_wconf 91' lang='lat' dir='ltr'><strong>et</strong></span> <span class='ocrx_word' id='word_1_509' title='bbox 3597 3624 3799 3680; x_wconf 78' lang='lat' dir='ltr'><strong>Fabri-</strong></span> 
     </span>
    </p>
   </div>
   <div class='ocr_carea' id='block_1_75' title="bbox 2188 3702 3793 3783">
    <p class='ocr_par' dir='ltr' id='par_1_75' title="bbox 2188 3702 3793 3783">
     <span class='ocr_line' id='line_1_75' title="bbox 2188 3702 3793 3783; baseline 0.001 -15"><span class='ocrx_word' id='word_1_510' title='bbox 2188 3716 2329 3768; x_wconf 86' lang='lat' dir='ltr'><strong>cius.</strong></span> <span class='ocrx_word' id='word_1_511' title='bbox 2366 3714 2465 3769; x_wconf 77' lang='lat' dir='ltr'><strong>Hic</strong></span> <span class='ocrx_word' id='word_1_512' title='bbox 2493 3714 2659 3768; x_wconf 81' lang='lat' dir='ltr'><strong>lsaias</strong></span> <span class='ocrx_word' id='word_1_513' title='bbox 2692 3715 3004 3783; x_wconf 84' lang='lat' dir='ltr'><strong>appellatur</strong></span> <span class='ocrx_word' id='word_1_514' title='bbox 3039 3702 3206 3768; x_wconf 76' lang='lat' dir='ltr'><strong>etiam</strong></span> <span class='ocrx_word' id='word_1_515' title='bbox 3261 3731 3444 3769; x_wconf 49' lang='lat' dir='ltr'><strong>mona&#39;</strong></span> <span class='ocrx_word' id='word_1_516' title='bbox 3468 3716 3579 3770; x_wconf 80' lang='lat' dir='ltr'><strong>ltus</strong></span> <span class='ocrx_word' id='word_1_517' title='bbox 3611 3727 3669 3772; x_wconf 90' lang='lat' dir='ltr'><strong>et</strong></span> <span class='ocrx_word' id='word_1_518' title='bbox 3691 3717 3793 3772; x_wconf 85' lang='lat' dir='ltr'><strong>do-</strong></span> 
     </span>
    </p>
   </div>
   <div class='ocr_carea' id='block_1_76' title="bbox 2190 3788 3055 3874">
    <p class='ocr_par' dir='ltr' id='par_1_76' title="bbox 2190 3788 3055 3874">
     <span class='ocr_line' id='line_1_76' title="bbox 2190 3788 3055 3874; baseline 0.002 -16"><span class='ocrx_word' id='word_1_519' title='bbox 2190 3788 2471 3869; x_wconf 79' lang='lat' dir='ltr'><strong>mesticus,</strong></span> <span class='ocrx_word' id='word_1_520' title='bbox 2513 3815 2571 3859; x_wconf 86' lang='lat' dir='ltr'><strong>ut</strong></span> <span class='ocrx_word' id='word_1_521' title='bbox 2606 3805 2716 3874; x_wconf 84' lang='lat' dir='ltr'><strong>jam</strong></span> <span class='ocrx_word' id='word_1_522' title='bbox 2752 3807 3055 3861; x_wconf 88' lang='lat' dir='ltr'><strong>innuimus.</strong></span> 
     </span>
    </p>
   </div>
   <div class='ocr_carea' id='block_1_77' title="bbox 1661 4150 2625 4334">
    <p class='ocr_par' dir='ltr' id='par_1_77' title="bbox 1661 4150 2625 4334">
     <span class='ocr_line' id='line_1_77' title="bbox 1661 4150 2625 4334; baseline 0.005 -17"><span class='ocrx_word' id='word_1_523' title='bbox 1661 4150 2625 4334; x_wconf 83' lang='lat' dir='ltr'><strong>_DISSERTATIO</strong></span> 
     </span>
    </p>
   </div>
   <div class='ocr_carea' id='block_1_78' title="bbox 1233 4404 2090 4496">
    <p class='ocr_par' dir='ltr' id='par_1_78' title="bbox 1233 4425 2090 4492">
     <span class='ocr_line' id='line_1_78' title="bbox 1233 4425 2090 4492; baseline 0.006 -7"><span class='ocrx_word' id='word_1_524' title='bbox 1233 4426 1341 4487; x_wconf 88' lang='lat' dir='ltr'><strong>DE</strong></span> <span class='ocrx_word' id='word_1_525' title='bbox 1378 4425 1672 4490; x_wconf 80' lang='lat' dir='ltr'><strong>JETATE</strong></span> <span class='ocrx_word' id='word_1_526' title='bbox 1711 4430 1810 4489; x_wconf 83' lang='lat' dir='ltr'><strong>ET</strong></span> <span class='ocrx_word' id='word_1_527' title='bbox 1854 4429 2090 4492; x_wconf 85' lang='lat' dir='ltr'><strong>SCRIP&#39;.</strong></span> 
     </span>
    </p>
   </div>
   <div class='ocr_carea' id='block_1_79' title="bbox 2193 4404 3091 4496">
    <p class='ocr_par' dir='ltr' id='par_1_79' title="bbox 2193 4404 3091 4496">
     <span class='ocr_line' id='line_1_79' title="bbox 2193 4404 3091 4496; baseline 0.01 -9"><span class='ocrx_word' id='word_1_528' title='bbox 2193 4434 2200 4487; x_wconf 69' lang='grc' dir='ltr'>ι</span> <span class='ocrx_word' id='word_1_529' title='bbox 2250 4430 2691 4493; x_wconf 62' lang='lat' dir='ltr'><strong>menaeus</strong></span> <span class='ocrx_word' id='word_1_530' title='bbox 2733 4404 3091 4496; x_wconf 62' lang='grc' dir='ltr'><strong>απελτ.-</strong></span> 
     </span>
    </p>
   </div>
   <div class='ocr_carea' id='block_1_80' title="bbox 1438 4593 2879 4661">
    <p class='ocr_par' dir='ltr' id='par_1_80' title="bbox 1438 4593 2879 4661">
     <span class='ocr_line' id='line_1_80' title="bbox 1438 4593 2879 4661; baseline 0.004 -18"><span class='ocrx_word' id='word_1_531' title='bbox 1438 4593 1565 4656; x_wconf 63' lang='lat' dir='ltr'><strong>(tias.</strong></span> <span class='ocrx_word' id='word_1_532' title='bbox 1599 4594 1770 4645; x_wconf 73' lang='lat' dir='ltr'><strong>Ouum.</strong></span> <span class='ocrx_word' id='word_1_533' title='bbox 1803 4597 1869 4645; x_wconf 89' lang='lat' dir='ltr'><strong>De</strong></span> <span class='ocrx_word' id='word_1_534' title='bbox 1895 4593 2065 4659; x_wconf 70' lang='lat' dir='ltr'><strong>script.</strong></span> <span class='ocrx_word' id='word_1_535' title='bbox 2087 4595 2279 4658; x_wconf 46' lang='lat' dir='ltr'><strong>coclea,</strong></span> <span class='ocrx_word' id='word_1_536' title='bbox 2316 4605 2431 4648; x_wconf 86' lang='lat' dir='ltr'><strong>tom.</strong></span> <span class='ocrx_word' id='word_1_537' title='bbox 2464 4596 2550 4657; x_wconf 82' lang='grc'><strong>111,</strong></span> <span class='ocrx_word' id='word_1_538' title='bbox 2585 4598 2681 4651; x_wconf 87' lang='lat' dir='ltr'><strong>col.</strong></span> <span class='ocrx_word' id='word_1_539' title='bbox 2715 4595 2879 4661; x_wconf 71' lang='grc'><strong>3521.)</strong></span> 
     </span>
    </p>
   </div>
   <div class='ocr_carea' id='block_1_81' title="bbox 1104 4892 1488 4949">
    <p class='ocr_par' dir='ltr' id='par_1_81' title="bbox 1104 4892 1488 4949">
     <span class='ocr_line' id='line_1_81' title="bbox 1104 4892 1488 4949; baseline 0 0"><span class='ocrx_word' id='word_1_540' title='bbox 1104 4892 1422 4949; x_wconf 75' lang='lat' dir='ltr'><strong>PROLOGO</strong></span> <span class='ocrx_word' id='word_1_541' title='bbox 1435 4895 1488 4949; x_wconf 72' lang='grc' dir='ltr'><strong>Β.</strong></span> 
     </span>
    </p>
   </div>
   <div class='ocr_carea' id='block_1_82' title="bbox 588 4984 2094 5060">
    <p class='ocr_par' dir='ltr' id='par_1_82' title="bbox 588 4984 2094 5060">
     <span class='ocr_line' id='line_1_82' title="bbox 588 4984 2094 5060; baseline -0.003 -15"><span class='ocrx_word' id='word_1_542' title='bbox 588 4990 817 5045; x_wconf 72' lang='lat' dir='ltr'><strong>illicitae!</strong></span> <span class='ocrx_word' id='word_1_543' title='bbox 851 4988 1064 5060; x_wconf 84' lang='lat' dir='ltr'><strong>Glycas,</strong></span> <span class='ocrx_word' id='word_1_544' title='bbox 1103 4988 1324 5041; x_wconf 85' lang='lat' dir='ltr'><strong>natione</strong></span> <span class='ocrx_word' id='word_1_545' title='bbox 1355 4984 1593 5050; x_wconf 71' lang='lat' dir='ltr'><strong>Siculus,</strong></span> <span class='ocrx_word' id='word_1_546' title='bbox 1635 5000 1743 5038; x_wconf 87' lang='lat' dir='ltr'><strong>non</strong></span> <span class='ocrx_word' id='word_1_547' title='bbox 1784 4986 1886 5040; x_wconf 89' lang='lat' dir='ltr'><strong>sub</strong></span> <span class='ocrx_word' id='word_1_548' title='bbox 1904 4985 2094 5040; x_wconf 72' lang='lat' dir='ltr'><strong>Alexio</strong></span> 
     </span>
    </p>
   </div>
   <div class='ocr_carea' id='block_1_83' title="bbox 521 5076 2098 5148">
    <p class='ocr_par' dir='ltr' id='par_1_83' title="bbox 521 5076 2098 5148">
     <span class='ocr_line' id='line_1_83' title="bbox 521 5076 2098 5148; baseline -0.004 -9"><span class='ocrx_word' id='word_1_549' title='bbox 521 5092 572 5139; x_wconf 89' lang='lat' dir='ltr'><strong>et</strong></span> <span class='ocrx_word' id='word_1_550' title='bbox 607 5081 817 5138; x_wconf 81' lang='lat' dir='ltr'><strong>Joanne</strong></span> <span class='ocrx_word' id='word_1_551' title='bbox 876 5080 1171 5135; x_wconf 88' lang='lat' dir='ltr'><strong>Comnenis</strong></span> <span class='ocrx_word' id='word_1_552' title='bbox 1236 5078 1653 5148; x_wconf 85' lang='lat' dir='ltr'><strong>i-npcratoribus</strong></span> <span class='ocrx_word' id='word_1_553' title='bbox 1709 5076 2098 5133; x_wconf 83' lang='lat' dir='ltr'><strong>Constantino-</strong></span> 
     </span>
    </p>
   </div>
   <div class='ocr_carea' id='block_1_84' title="bbox 521 5156 2094 5247">
    <p class='ocr_par' dir='ltr' id='par_1_84' title="bbox 521 5156 2094 5247">
     <span class='ocr_line' id='line_1_84' title="bbox 521 5156 2094 5247; baseline -0.003 -16"><span class='ocrx_word' id='word_1_554' title='bbox 521 5176 777 5247; x_wconf 86' lang='lat' dir='ltr'><strong>politanis</strong></span> <span class='ocrx_word' id='word_1_555' title='bbox 808 5176 1018 5237; x_wconf 87' lang='lat' dir='ltr'><strong>vivens,</strong></span> <span class='ocrx_word' id='word_1_556' title='bbox 1056 5183 1117 5228; x_wconf 90' lang='lat' dir='ltr'><strong>ut</strong></span> <span class='ocrx_word' id='word_1_557' title='bbox 1149 5172 1304 5242; x_wconf 80' lang='lat' dir='ltr'><strong>vulgo</strong></span> <span class='ocrx_word' id='word_1_558' title='bbox 1358 5173 1616 5236; x_wconf 89' lang='lat' dir='ltr'><strong>creditur,</strong></span> <span class='ocrx_word' id='word_1_559' title='bbox 1673 5171 1767 5226; x_wconf 88' lang='lat' dir='ltr'><strong>sed</strong></span> <span class='ocrx_word' id='word_1_560' title='bbox 1814 5172 1916 5228; x_wconf 90' lang='lat' dir='ltr'><strong>sub</strong></span> <span class='ocrx_word' id='word_1_561' title='bbox 1948 5156 2094 5227; x_wconf 43' lang='lat' dir='ltr'><strong>Ceu.—</strong></span> 
     </span>
    </p>
   </div>
   <div class='ocr_carea' id='block_1_85' title="bbox 522 5254 2096 5334">
    <p class='ocr_par' dir='ltr' id='par_1_85' title="bbox 522 5254 2096 5334">
     <span class='ocr_line' id='line_1_85' title="bbox 522 5254 2096 5334; baseline -0.004 -11"><span class='ocrx_word' id='word_1_562' title='bbox 522 5268 761 5323; x_wconf 83' lang='lat' dir='ltr'><strong>stantino</strong></span> <span class='ocrx_word' id='word_1_563' title='bbox 786 5254 1085 5333; x_wconf 57' lang='lat' dir='ltr'><strong>Palmoloﬁo</strong></span> <span class='ocrx_word' id='word_1_564' title='bbox 1111 5266 1301 5319; x_wconf 81' lang='lat' dir='ltr'><strong>ultimo</strong></span> <span class='ocrx_word' id='word_1_565' title='bbox 1357 5264 1449 5318; x_wconf 91' lang='lat' dir='ltr'><strong>illo</strong></span> <span class='ocrx_word' id='word_1_566' title='bbox 1482 5265 1812 5334; x_wconf 87' lang='lat' dir='ltr'><strong>imperatore</strong></span> <span class='ocrx_word' id='word_1_567' title='bbox 1868 5265 1935 5318; x_wconf 83' lang='lat' dir='ltr'><strong>ad</strong></span> <span class='ocrx_word' id='word_1_568' title='bbox 1997 5279 2096 5317; x_wconf 85' lang='lat' dir='ltr'><strong>au-</strong></span> 
     </span>
    </p>
   </div>
   <div class='ocr_carea' id='block_1_86' title="bbox 522 5356 2092 5435">
    <p class='ocr_par' dir='ltr' id='par_1_86' title="bbox 522 5356 2092 5435">
     <span class='ocr_line' id='line_1_86' title="bbox 522 5356 2092 5435; baseline -0.004 -21"><span class='ocrx_word' id='word_1_569' title='bbox 522 5374 651 5415; x_wconf 75' lang='lat' dir='ltr'><strong>uum</strong></span> <span class='ocrx_word' id='word_1_570' title='bbox 681 5359 821 5415; x_wconf 63' lang='lat'><strong>1450</strong></span> <span class='ocrx_word' id='word_1_571' title='bbox 851 5359 1054 5423; x_wconf 87' lang='lat' dir='ltr'><strong>clarus,</strong></span> <span class='ocrx_word' id='word_1_572' title='bbox 1102 5357 1319 5427; x_wconf 87' lang='lat' dir='ltr'><strong>scripsit</strong></span> <span class='ocrx_word' id='word_1_573' title='bbox 1347 5370 1491 5412; x_wconf 87' lang='lat' dir='ltr'><strong>anno</strong></span> <span class='ocrx_word' id='word_1_574' title='bbox 1534 5356 1876 5427; x_wconf 81' lang='lat' dir='ltr'><strong>incomperta</strong></span> <span class='ocrx_word' id='word_1_575' title='bbox 1903 5356 2092 5435; x_wconf 73' lang='lat' dir='ltr'><strong>Anna-</strong></span> 
     </span>
    </p>
   </div>
   <div class='ocr_carea' id='block_1_87' title="bbox 523 5448 2093 5525">
    <p class='ocr_par' dir='ltr' id='par_1_87' title="bbox 523 5448 2093 5525">
     <span class='ocr_line' id='line_1_87' title="bbox 523 5448 2093 5525; baseline -0.006 -18"><span class='ocrx_word' id='word_1_576' title='bbox 523 5461 594 5509; x_wconf 69' lang='lat' dir='ltr'><strong>te:</strong></span> <span class='ocrx_word' id='word_1_577' title='bbox 623 5452 1063 5525; x_wconf 66' lang='lat' dir='ltr'><strong>quadripartitoa,</strong></span> <span class='ocrx_word' id='word_1_578' title='bbox 1124 5466 1262 5520; x_wconf 87' lang='lat' dir='ltr'><strong>opus</strong></span> <span class='ocrx_word' id='word_1_579' title='bbox 1327 5464 1437 5505; x_wconf 90' lang='lat' dir='ltr'><strong>non</strong></span> <span class='ocrx_word' id='word_1_580' title='bbox 1486 5449 1647 5503; x_wconf 90' lang='lat' dir='ltr'><strong>modo</strong></span> <span class='ocrx_word' id='word_1_581' title='bbox 1713 5448 2093 5516; x_wconf 79' lang='lat' dir='ltr'><strong>theologicam,</strong></span> 
     </span>
    </p>
   </div>
   <div class='ocr_carea' id='block_1_88' title="bbox 523 5532 2096 5617">
    <p class='ocr_par' dir='ltr' id='par_1_88' title="bbox 523 5532 2096 5617">
     <span class='ocr_line' id='line_1_88' title="bbox 523 5532 2096 5617; baseline -0.006 -18"><span class='ocrx_word' id='word_1_582' title='bbox 523 5548 619 5602; x_wconf 72' lang='lat' dir='ltr'><strong>scd</strong></span> <span class='ocrx_word' id='word_1_583' title='bbox 649 5555 705 5601; x_wconf 87' lang='lat' dir='ltr'><strong>et</strong></span> <span class='ocrx_word' id='word_1_584' title='bbox 740 5544 1023 5617; x_wconf 84' lang='lat' dir='ltr'><strong>physicum</strong></span> <span class='ocrx_word' id='word_1_585' title='bbox 1054 5550 1112 5598; x_wconf 87' lang='lat' dir='ltr'><strong>et</strong></span> <span class='ocrx_word' id='word_1_586' title='bbox 1140 5532 1485 5598; x_wconf 75' lang='lat' dir='ltr'><strong>historicbm.</strong></span> <span class='ocrx_word' id='word_1_587' title='bbox 1544 5538 1726 5593; x_wconf 87' lang='lat' dir='ltr'><strong>Prima</strong></span> <span class='ocrx_word' id='word_1_588' title='bbox 1774 5547 1928 5610; x_wconf 87' lang='lat' dir='ltr'><strong>parte</strong></span> <span class='ocrx_word' id='word_1_589' title='bbox 1986 5537 2096 5608; x_wconf 70' lang='lat' dir='ltr'><strong>agit</strong></span> 
     </span>
    </p>
   </div>
   <div class='ocr_carea' id='block_1_89' title="bbox 524 5630 2096 5707">
    <p class='ocr_par' dir='ltr' id='par_1_89' title="bbox 524 5630 2096 5707">
     <span class='ocr_line' id='line_1_89' title="bbox 524 5630 2096 5707; baseline -0.006 -14"><span class='ocrx_word' id='word_1_590' title='bbox 524 5641 795 5707; x_wconf 89' lang='lat' dir='ltr'><strong>de‘opere</strong></span> <span class='ocrx_word' id='word_1_591' title='bbox 825 5652 920 5692; x_wconf 76' lang='lat' dir='ltr'><strong>sex</strong></span> <span class='ocrx_word' id='word_1_592' title='bbox 961 5636 1193 5691; x_wconf 90' lang='lat' dir='ltr'><strong>dierum.</strong></span> <span class='ocrx_word' id='word_1_593' title='bbox 1248 5634 1432 5689; x_wconf 79' lang='lat' dir='ltr'><strong>Altera</strong></span> <span class='ocrx_word' id='word_1_594' title='bbox 1478 5631 1547 5687; x_wconf 90' lang='lat' dir='ltr'><strong>de</strong></span> <span class='ocrx_word' id='word_1_595' title='bbox 1593 5631 1758 5686; x_wconf 87' lang='lat' dir='ltr'><strong>rebus</strong></span> <span class='ocrx_word' id='word_1_596' title='bbox 1808 5630 1977 5700; x_wconf 77' lang='lat' dir='ltr'><strong>gestis</strong></span> <span class='ocrx_word' id='word_1_597' title='bbox 2028 5631 2096 5684; x_wconf 89' lang='lat' dir='ltr'><strong>ab</strong></span> 
     </span>
    </p>
   </div>
   <div class='ocr_carea' id='block_1_90' title="bbox 524 5720 2095 5797">
    <p class='ocr_par' dir='ltr' id='par_1_90' title="bbox 524 5720 2095 5797">
     <span class='ocr_line' id='line_1_90' title="bbox 524 5720 2095 5797; baseline -0.005 -15"><span class='ocrx_word' id='word_1_598' title='bbox 524 5728 656 5784; x_wconf 86' lang='lat' dir='ltr'><strong>orbe</strong></span> <span class='ocrx_word' id='word_1_599' title='bbox 696 5727 930 5783; x_wconf 86' lang='lat' dir='ltr'><strong>.condito</strong></span> <span class='ocrx_word' id='word_1_600' title='bbox 956 5740 1126 5797; x_wconf 90' lang='lat' dir='ltr'><strong>usque</strong></span> <span class='ocrx_word' id='word_1_601' title='bbox 1155 5726 1221 5779; x_wconf 90' lang='lat' dir='ltr'><strong>ad</strong></span> <span class='ocrx_word' id='word_1_602' title='bbox 1246 5724 1761 5780; x_wconf 85' lang='lat' dir='ltr'><strong>Cbristumnatum.</strong></span> <span class='ocrx_word' id='word_1_603' title='bbox 1794 5720 1975 5774; x_wconf 80' lang='lat' dir='ltr'><strong>Tertia</strong></span> <span class='ocrx_word' id='word_1_604' title='bbox 2010 5736 2095 5774; x_wconf 69' lang='lat' dir='ltr'><strong>res</strong></span> 
     </span>
    </p>
   </div>
   <div class='ocr_carea' id='block_1_91' title="bbox 528 5814 2095 5890">
    <p class='ocr_par' dir='ltr' id='par_1_91' title="bbox 528 5814 2095 5890">
     <span class='ocr_line' id='line_1_91' title="bbox 528 5814 2095 5890; baseline -0.004 -16"><span class='ocrx_word' id='word_1_605' title='bbox 528 5829 708 5890; x_wconf 75' lang='lat' dir='ltr'><strong>gestas</strong></span> <span class='ocrx_word' id='word_1_606' title='bbox 738 5835 766 5875; x_wconf 88' lang='lat' dir='ltr'><strong>a</strong></span> <span class='ocrx_word' id='word_1_607' title='bbox 797 5820 1017 5876; x_wconf 83' lang='lat' dir='ltr'><strong>Christo</strong></span> <span class='ocrx_word' id='word_1_608' title='bbox 1044 5833 1216 5889; x_wconf 83' lang='lat' dir='ltr'><strong>usque</strong></span> <span class='ocrx_word' id='word_1_609' title='bbox 1283 5816 1353 5871; x_wconf 89' lang='lat' dir='ltr'><strong>ad</strong></span> <span class='ocrx_word' id='word_1_610' title='bbox 1381 5815 1797 5869; x_wconf 76' lang='lat' dir='ltr'><strong>Consmntinum</strong></span> <span class='ocrx_word' id='word_1_611' title='bbox 1849 5814 2095 5887; x_wconf 81' lang='lat' dir='ltr'><strong>Magnum</strong></span> 
     </span>
    </p>
   </div>
   <div class='ocr_carea' id='block_1_92' title="bbox 982 6032 1023 6051">
    <p class='ocr_par' dir='ltr' id='par_1_92' title="bbox 982 6032 1023 6051">
     <span class='ocr_line' id='line_1_92' title="bbox 982 6032 1023 6051; baseline 0 -10"><span class='ocrx_word' id='word_1_612' title='bbox 982 6032 1023 6051; x_wconf 49' lang='grc' dir='ltr'><strong>Α.</strong></span> 
     </span>
    </p>
   </div>
   <div class='ocr_carea' id='block_1_93' title="bbox 2106 4768 2174 4780">
    <p class='ocr_par' dir='ltr' id='par_1_93' title="bbox 2106 4768 2174 4780">
     <span class='ocr_line' id='line_1_93' title="bbox 2106 4768 2174 4780; baseline 0 -3"><span class='ocrx_word' id='word_1_613' title='bbox 2106 4768 2174 4780; x_wconf 78' lang='grc'><strong>...-</strong></span> 
     </span>
    </p>
   </div>
   <div class='ocr_carea' id='block_1_94' title="bbox 2116 4891 3805 4974">
    <p class='ocr_par' dir='ltr' id='par_1_94' title="bbox 2116 4891 3805 4974">
     <span class='ocr_line' id='line_1_94' title="bbox 2116 4891 3805 4974; baseline -0.004 -21"><span class='ocrx_word' id='word_1_614' title='bbox 2116 4896 2171 4956; x_wconf 84' lang='lat' dir='ltr'><strong>D</strong></span> <span class='ocrx_word' id='word_1_615' title='bbox 2198 4897 2559 4968; x_wconf 89' lang='lat' dir='ltr'><strong>prosequitur.</strong></span> <span class='ocrx_word' id='word_1_616' title='bbox 2583 4896 2784 4963; x_wconf 87' lang='lat' dir='ltr'><strong>Quarta</strong></span> <span class='ocrx_word' id='word_1_617' title='bbox 2815 4909 2902 4951; x_wconf 87' lang='lat' dir='ltr'><strong>res</strong></span> <span class='ocrx_word' id='word_1_618' title='bbox 2924 4901 3115 4949; x_wconf 89' lang='lat' dir='ltr'><strong>tractat</strong></span> <span class='ocrx_word' id='word_1_619' title='bbox 3144 4891 3577 4964; x_wconf 73' lang='lat' dir='ltr'><strong>Byzahtinot&#39;um</strong></span> <span class='ocrx_word' id='word_1_620' title='bbox 3612 4901 3805 4974; x_wconf 63' lang='lat' dir='ltr'><strong>impp-</strong></span> 
     </span>
    </p>
   </div>
   <div class='ocr_carea' id='block_1_95' title="bbox 2194 4985 3808 5061">
    <p class='ocr_par' dir='ltr' id='par_1_95' title="bbox 2194 4985 3808 5061">
     <span class='ocr_line' id='line_1_95' title="bbox 2194 4985 3808 5061; baseline -0.001 -17"><span class='ocrx_word' id='word_1_621' title='bbox 2194 5001 2435 5049; x_wconf 88' lang='lat' dir='ltr'><strong>ratorum</strong></span> <span class='ocrx_word' id='word_1_622' title='bbox 2461 5003 2629 5059; x_wconf 87' lang='lat' dir='ltr'><strong>usque</strong></span> <span class='ocrx_word' id='word_1_623' title='bbox 2657 4988 2722 5041; x_wconf 86' lang='lat' dir='ltr'><strong>ad</strong></span> <span class='ocrx_word' id='word_1_624' title='bbox 2754 4988 2967 5041; x_wconf 89' lang='lat' dir='ltr'><strong>obitum</strong></span> <span class='ocrx_word' id='word_1_625' title='bbox 2988 4985 3161 5042; x_wconf 69' lang='lat' dir='ltr'><strong>Aleaii</strong></span> <span class='ocrx_word' id='word_1_626' title='bbox 3191 4985 3482 5053; x_wconf 88' lang='lat' dir='ltr'><strong>Comncni,</strong></span> <span class='ocrx_word' id='word_1_627' title='bbox 3514 4995 3618 5061; x_wconf 84' lang='lat' dir='ltr'><strong>qui</strong></span> <span class='ocrx_word' id='word_1_628' title='bbox 3649 5013 3808 5050; x_wconf 76' lang='lat' dir='ltr'><strong>amm</strong></span> 
     </span>
    </p>
   </div>
   <div class='ocr_carea' id='block_1_96' title="bbox 2199 5077 3805 5145">
    <p class='ocr_par' dir='ltr' id='par_1_96' title="bbox 2199 5077 3805 5145">
     <span class='ocr_line' id='line_1_96' title="bbox 2199 5077 3805 5145; baseline -0.004 -8"><span class='ocrx_word' id='word_1_629' title='bbox 2199 5081 2333 5138; x_wconf 81' lang='grc'><strong>1118</strong></span> <span class='ocrx_word' id='word_1_630' title='bbox 2359 5082 2618 5145; x_wconf 84' lang='lat' dir='ltr'><strong>moriens,</strong></span> <span class='ocrx_word' id='word_1_631' title='bbox 2680 5079 2950 5135; x_wconf 89' lang='lat' dir='ltr'><strong>Joannem</strong></span> <span class='ocrx_word' id='word_1_632' title='bbox 2998 5077 3337 5136; x_wconf 88' lang='lat' dir='ltr'><strong>Comncnum</strong></span> <span class='ocrx_word' id='word_1_633' title='bbox 3392 5090 3805 5143; x_wconf 42' lang='lat' dir='ltr'><strong>successuram</strong></span> 
     </span>
    </p>
   </div>
   <div class='ocr_carea' id='block_1_97' title="bbox 2194 5160 3855 5239">
    <p class='ocr_par' dir='ltr' id='par_1_97' title="bbox 2194 5160 3855 5239">
     <span class='ocr_line' id='line_1_97' title="bbox 2194 5160 3855 5239; baseline 0.004 -14"><span class='ocrx_word' id='word_1_634' title='bbox 2194 5172 2399 5227; x_wconf 87' lang='lat' dir='ltr'><strong>habuit.</strong></span> <span class='ocrx_word' id='word_1_635' title='bbox 2436 5170 2639 5225; x_wconf 82' lang='lat' dir='ltr'><strong>Exinde</strong></span> <span class='ocrx_word' id='word_1_636' title='bbox 2663 5185 2836 5239; x_wconf 87' lang='lat' dir='ltr'><strong>usque</strong></span> <span class='ocrx_word' id='word_1_637' title='bbox 2864 5169 2930 5223; x_wconf 87' lang='lat' dir='ltr'><strong>ad</strong></span> <span class='ocrx_word' id='word_1_638' title='bbox 2959 5181 3170 5239; x_wconf 88' lang='lat' dir='ltr'><strong>captam</strong></span> <span class='ocrx_word' id='word_1_639' title='bbox 3201 5186 3228 5222; x_wconf 88' lang='lat' dir='ltr'><strong>a</strong></span> <span class='ocrx_word' id='word_1_640' title='bbox 3265 5169 3476 5224; x_wconf 88' lang='lat' dir='ltr'><strong>Latinis</strong></span> <span class='ocrx_word' id='word_1_641' title='bbox 3507 5160 3855 5232; x_wconf 30' lang='lat' dir='ltr'><strong>Constan-J-</strong></span> 
     </span>
    </p>
   </div>
   <div class='ocr_carea' id='block_1_98' title="bbox 2194 5256 3812 5331">
    <p class='ocr_par' dir='ltr' id='par_1_98' title="bbox 2194 5256 3812 5331">
     <span class='ocr_line' id='line_1_98' title="bbox 2194 5256 3812 5331; baseline 0 -15"><span class='ocrx_word' id='word_1_642' title='bbox 2194 5261 2473 5331; x_wconf 87' lang='lat' dir='ltr'><strong>tinopolim</strong></span> <span class='ocrx_word' id='word_1_643' title='bbox 2501 5260 2811 5331; x_wconf 76' lang='lat' dir='ltr'><strong>perstringit</strong></span> <span class='ocrx_word' id='word_1_644' title='bbox 2842 5256 2929 5314; x_wconf 80' lang='lat' dir='ltr'><strong>res</strong></span> <span class='ocrx_word' id='word_1_645' title='bbox 2967 5259 3289 5330; x_wconf 86' lang='lat' dir='ltr'><strong>Byzantinas</strong></span> <span class='ocrx_word' id='word_1_646' title='bbox 3308 5258 3563 5319; x_wconf 86' lang='lat' dir='ltr'><strong>Joannes</strong></span> <span class='ocrx_word' id='word_1_647' title='bbox 3608 5265 3812 5325; x_wconf 88' lang='lat' dir='ltr'><strong>Leun-</strong></span> 
     </span>
    </p>
   </div>
   <div class='ocr_carea' id='block_1_99' title="bbox 2199 5343 3810 5423">
    <p class='ocr_par' dir='ltr' id='par_1_99' title="bbox 2199 5343 3810 5423">
     <span class='ocr_line' id='line_1_99' title="bbox 2199 5343 3810 5423; baseline -0.002 -16"><span class='ocrx_word' id='word_1_648' title='bbox 2199 5352 2425 5415; x_wconf 89' lang='lat' dir='ltr'><strong>clavius,</strong></span> <span class='ocrx_word' id='word_1_649' title='bbox 2453 5353 2543 5423; x_wconf 88' lang='lat' dir='ltr'><strong>qui</strong></span> <span class='ocrx_word' id='word_1_650' title='bbox 2576 5360 2628 5405; x_wconf 89' lang='lat' dir='ltr'><strong>et</strong></span> <span class='ocrx_word' id='word_1_651' title='bbox 2654 5352 2861 5420; x_wconf 86' lang='lat' dir='ltr'><strong>primus</strong></span> <span class='ocrx_word' id='word_1_652' title='bbox 2892 5350 3068 5422; x_wconf 71' lang='lat' dir='ltr'><strong>Glycae</strong></span> <span class='ocrx_word' id='word_1_653' title='bbox 3122 5343 3659 5422; x_wconf 84' lang='lat' dir='ltr'><strong>interpretationem</strong></span> <span class='ocrx_word' id='word_1_654' title='bbox 3694 5379 3810 5416; x_wconf 86' lang='lat' dir='ltr'><strong>no-</strong></span> 
     </span>
    </p>
   </div>
   <div class='ocr_carea' id='block_1_100' title="bbox 2196 5441 3895 5525">
    <p class='ocr_par' dir='ltr' id='par_1_100' title="bbox 2196 5441 3895 5525">
     <span class='ocr_line' id='line_1_100' title="bbox 2196 5441 3895 5525; baseline 0.001 -26"><span class='ocrx_word' id='word_1_655' title='bbox 2196 5444 2280 5500; x_wconf 89' lang='lat' dir='ltr'><strong>bis</strong></span> <span class='ocrx_word' id='word_1_656' title='bbox 2305 5442 2475 5509; x_wconf 76' lang='lat' dir='ltr'><strong>dedit,</strong></span> <span class='ocrx_word' id='word_1_657' title='bbox 2518 5442 2763 5509; x_wconf 65' lang='lat' dir='ltr'><strong>Basilem,</strong></span> <span class='ocrx_word' id='word_1_658' title='bbox 2799 5443 3119 5509; x_wconf 69' lang='lat' dir='ltr'><strong>ann0157&#39;2,</strong></span> <span class='ocrx_word' id='word_1_659' title='bbox 3149 5444 3203 5497; x_wconf 90' lang='lat' dir='ltr'><strong>in</strong></span> <span class='ocrx_word' id='word_1_660' title='bbox 3231 5441 3284 5508; x_wconf 91' lang='lat'><strong>8,</strong></span> <span class='ocrx_word' id='word_1_661' title='bbox 3320 5441 3461 5514; x_wconf 86' lang='lat' dir='ltr'><strong>typis</strong></span> <span class='ocrx_word' id='word_1_662' title='bbox 3500 5444 3809 5525; x_wconf 69' lang='lat' dir='ltr'><strong>Episcqiii</strong></span> <span class='ocrx_word' id='word_1_663' title='bbox 3878 5492 3895 5502; x_wconf 87' lang='lat'><strong>.</strong></span> 
     </span>
    </p>
   </div>
   <div class='ocr_carea' id='block_1_101' title="bbox 2195 5533 3813 5604">
    <p class='ocr_par' dir='ltr' id='par_1_101' title="bbox 2195 5533 3813 5604">
     <span class='ocr_line' id='line_1_101' title="bbox 2195 5533 3813 5604; baseline 0.007 -12"><span class='ocrx_word' id='word_1_664' title='bbox 2195 5537 2419 5593; x_wconf 87' lang='lat' dir='ltr'><strong>editam.</strong></span> <span class='ocrx_word' id='word_1_665' title='bbox 2456 5533 2696 5592; x_wconf 88' lang='lat' dir='ltr'><strong>Habetur</strong></span> <span class='ocrx_word' id='word_1_666' title='bbox 2724 5544 2904 5590; x_wconf 87' lang='lat' dir='ltr'><strong>autem</strong></span> <span class='ocrx_word' id='word_1_667' title='bbox 2965 5535 3153 5590; x_wconf 79' lang='lat' dir='ltr'><strong>eadem</strong></span> <span class='ocrx_word' id='word_1_668' title='bbox 3202 5533 3438 5590; x_wconf 76' lang='lat' dir='ltr'><strong>Historia</strong></span> <span class='ocrx_word' id='word_1_669' title='bbox 3481 5536 3695 5600; x_wconf 65' lang='lat' dir='ltr'><strong>Graece</strong></span> <span class='ocrx_word' id='word_1_670' title='bbox 3752 5559 3813 5604; x_wconf 84' lang='lat' dir='ltr'><strong>et</strong></span> 
     </span>
    </p>
   </div>
   <div class='ocr_carea' id='block_1_102' title="bbox 2200 5625 3810 5699">
    <p class='ocr_par' dir='ltr' id='par_1_102' title="bbox 2200 5625 3810 5699">
     <span class='ocr_line' id='line_1_102' title="bbox 2200 5625 3810 5699; baseline -0.001 -15"><span class='ocrx_word' id='word_1_671' title='bbox 2200 5629 2388 5686; x_wconf 87' lang='lat' dir='ltr'><strong>Latine</strong></span> <span class='ocrx_word' id='word_1_672' title='bbox 2414 5628 2469 5683; x_wconf 92' lang='lat' dir='ltr'><strong>in</strong></span> <span class='ocrx_word' id='word_1_673' title='bbox 2524 5627 2654 5682; x_wconf 80' lang='lat' dir='ltr'><strong>folio</strong></span> <span class='ocrx_word' id='word_1_674' title='bbox 2692 5628 2833 5682; x_wconf 91' lang='lat' dir='ltr'><strong>inter</strong></span> <span class='ocrx_word' id='word_1_675' title='bbox 2870 5625 3177 5681; x_wconf 80' lang='lat' dir='ltr'><strong>Historicos</strong></span> <span class='ocrx_word' id='word_1_676' title='bbox 3236 5625 3583 5699; x_wconf 77' lang='lat' dir='ltr'><strong>Byzantinos</strong></span> <span class='ocrx_word' id='word_1_677' title='bbox 3630 5634 3810 5693; x_wconf 83' lang='lat' dir='ltr'><strong>Pari-</strong></span> 
     </span>
    </p>
   </div>
   <div class='ocr_carea' id='block_1_103' title="bbox 2198 5717 3815 5791">
    <p class='ocr_par' dir='ltr' id='par_1_103' title="bbox 2198 5717 3815 5791">
     <span class='ocr_line' id='line_1_103' title="bbox 2198 5717 3815 5791; baseline 0.006 -15"><span class='ocrx_word' id='word_1_678' title='bbox 2198 5720 2296 5777; x_wconf 87' lang='lat' dir='ltr'><strong>siis</strong></span> <span class='ocrx_word' id='word_1_679' title='bbox 2322 5734 2387 5777; x_wconf 77' lang='lat' dir='ltr'><strong>ex</strong></span> <span class='ocrx_word' id='word_1_680' title='bbox 2419 5717 2773 5791; x_wconf 68' lang='lat' dir='ltr'><strong>typographia</strong></span> <span class='ocrx_word' id='word_1_681' title='bbox 2808 5717 2994 5787; x_wconf 79' lang='lat' dir='ltr'><strong>Regia,</strong></span> <span class='ocrx_word' id='word_1_682' title='bbox 3048 5733 3169 5772; x_wconf 88' lang='lat' dir='ltr'><strong>cum</strong></span> <span class='ocrx_word' id='word_1_683' title='bbox 3220 5717 3697 5788; x_wconf 71' lang='lat' dir='ltr'><strong>interpretatione</strong></span> <span class='ocrx_word' id='word_1_684' title='bbox 3753 5743 3815 5788; x_wconf 80' lang='lat' dir='ltr'><strong>et</strong></span> 
     </span>
    </p>
   </div>
   <div class='ocr_carea' id='block_1_104' title="bbox 2198 5808 3809 5883">
    <p class='ocr_par' dir='ltr' id='par_1_104' title="bbox 2198 5808 3809 5883">
     <span class='ocr_line' id='line_1_104' title="bbox 2198 5808 3809 5883; baseline 0.004 -14"><span class='ocrx_word' id='word_1_685' title='bbox 2198 5815 2340 5869; x_wconf 82' lang='lat' dir='ltr'><strong>notis</strong></span> <span class='ocrx_word' id='word_1_686' title='bbox 2371 5809 2605 5883; x_wconf 77' lang='lat' dir='ltr'><strong>Philippi</strong></span> <span class='ocrx_word' id='word_1_687' title='bbox 2641 5808 2866 5876; x_wconf 82' lang='lat' dir='ltr'><strong>Lahbci,</strong></span> <span class='ocrx_word' id='word_1_688' title='bbox 2903 5810 2968 5865; x_wconf 88' lang='lat' dir='ltr'><strong>de</strong></span> <span class='ocrx_word' id='word_1_689' title='bbox 3004 5825 3111 5880; x_wconf 91' lang='lat' dir='ltr'><strong>quo</strong></span> <span class='ocrx_word' id='word_1_690' title='bbox 3143 5819 3252 5866; x_wconf 79' lang='lat' dir='ltr'><strong>tam</strong></span> <span class='ocrx_word' id='word_1_691' title='bbox 3288 5820 3432 5882; x_wconf 64' lang='lat' dir='ltr'><strong>saepe</strong></span> <span class='ocrx_word' id='word_1_692' title='bbox 3473 5812 3809 5883; x_wconf 77' lang='lat' dir='ltr'><strong>loquimur.</strong></span> 
     </span>
    </p>
   </div>
  </div>
