4008 6432
2882 365 2886 368 ,
3543 357 3562 366 -

2197 399 3262 412 mmv--W——H
3288 401 3318 408 -

1579 527 1812 615 ΤΟΥ
1886 527 2273 616 ΚΥΡΟΥ

987 719 1927 898 ΜΙΧΑΗΛ
2061 720 2854 926 ΓΛΥΚΑ

1096 1049 1109 1058 ί
1442 1001 2384 1123 ΣΙΚΕΛΙΩΤΟΥ

1134 1237 1736 1374 ΒΙΒΑΟΣ
1867 1194 2733 1373 XPONIKH.’

821 1634 2022 1818 MICHAELIS
2202 1635 3024 1817 GLYCfE

1719 1951 2122 2044 SICULI

1395 2169 2412 2331 ANNALES

617 2449 711 2529 ‘A
759 2444 1023 2511 MUNDI
1059 2443 1432 2510 EXORDIO
1479 2442 1742 2519 USQUE
1795 2443 1902 2506 AD
1951 2444 2259 2509 ΟΒΠἮΜ
2295 2446 2584 2510 ALEXH
2627 2445 2989 2512 COMNENI
3036 2437 3198 2512 IMP.

1398 2601 1467 2654 ΙΝ
1501 2598 1816 2663 QUATUOR
1849 2599 2099 2654 PARTES
2130 2595 2415 2656 TRIBUTI.

267 2741 608 2821 Philippus
639 2740 871 2816 Lmen,
913 2736 1253 2814 Bituricus,
1291 2737 1438 2800 Soc.
1468 2738 1623 2800 Iesu
1654 2736 2045 2817 Theologus,
2091 2737 2382 2801 Graecum
2426 2742 2707 2814 textum,
2750 2752 2830 2800 ex
2859 2735 3152 2817 pluribus
3190 2751 3342 2802 mss.
3377 2734 3559 2800 codi-

335 2843 533 2906 cibus
561 2840 798 2921 primus
826 2839 895 2902 in
927 2839 1137 2932 lucem
1167 2837 1368 2904 edidit
1403 2854 1419 2899 :
1451 2836 1718 2901 Joannis
1765 2837 2137 2901 Leunklavii
2163 2836 2550 2917 [Amelburni
2584 2837 3180 2918 interpretationem
3243 2835 3565 2900 recensuit

336 2952 546 3026 atque
583 2941 948 3005 emendavit
988 2957 1002 3001 :
1042 2939 1329 3003 Indicem
1362 2955 1442 3002 ex
1469 2955 1589 3001 ms.
1624 2938 2215 3002 Fontisebraidensi
2244 2937 2552 3019 praemisit
2581 2938 2932 3018 Latineque
2975 2935 3256 2999 reddidit
3289 2937 3560 2999 :.Adno-

340 3047 623 3110 tationes
651 3041 939 3122 subjecit,
968 3042 1034 3104 in
1074 3041 1336 3122 quibus,
1371 3045 1610 3122 prater
1630 3043 1947 3105 variantes
1975 3043 2316 3106 Lectiones
2345 3047 2410 3105 et
2449 3040 2934 3123 Supplementa,
2967 3037 3342 3120 Interpretis
3370 3043 3564 3118 atque

337 3151 619 3215 aliorum
659 3147 970 3230 plurimos
1007 3162 1256 3210 errores
1310 3147 1613 3219 correxit,
1658 3153 1795 3208 tum
1845 3146 2204 3228 prwsertim
2235 3144 2502 3208 Joannis
2528 3138 2830 3224 .M'eursii,
2867 3141 2978 3224 qui
3027 3147 3276 3220 partem
3313 3139 3456 3207 ﬁbri
3487 3160 3562 3204 ιιι

340 3254 693 3318 Annalium
721 3255 959 3337 Glycaa,
997 3253 1342 3316 Theodoro
1373 3252 1746 3316 Metochitaa
1774 3251 1936 3315 falso
1966 3252 2278 3328 attribuit,
2307 3259 2375 3316 et
2426 3252 2784 3315 Historiam
2826 3251 3183 3314 Romanam!
3211 3249 3560 3332 inscripsit,

341 3377 489 3440 qua
532 3357 636 3421 hic
665 3357 912 3436 integra
938 3359 1459 3438 repraesentetur,
1489 3370 1636 3419 cum
1665 3353 1847 3416 Notis
1871 3358 2064 3432 atque
2091 3351 2418 3416 Iudicibus
2447 3349 2849 3417 necessariis.

1333 3504 1578 3570 (Parisiis,
1599 3517 1667 3558 ex
1691 3506 2038 3572 Typographta
2060 3505 2216 3569 Recta
2237 3491 2494 3584 ιροῑι.)

835 3803 1262 3897 LABBEI
1377 3805 2328 3900 NUNCUPATOBIA
2406 3807 2989 3901 EPISTOLA

668 4129 1367 4199 EMINENTISSIMO
1423 4130 1818 4198 pararem
1847 4095 2123 4212 ;JUL10
2170 4129 2644 4197 CARDINALI
2678 4125 3148 4195 MAZARINO.

339 4297 498 4363 Cum
529 4297 838 4362 redditam
866 4299 1142 4382 Europis
1186 4315 1426 4378 pacem,
1489 4298 1693 4380 Teque
1735 4308 1996 4361 auctore
2043 4298 2295 4362 tandem
2343 4308 2401 4361 et
2437 4308 2652 4362 actore
2700 4317 2828 4362 uno
2879 4299 3245 4380 perfectam,
3300 4299 3558 4362 ordines

272 4414 470 4458 omnes
497 4395 759 4458 summis
786 4396 1138 4476 gratissimi
1162 4396 1361 4458 animi
1390 4395 1968 4475 signiﬁcationibus
1990 4406 2493 4476 prosequuntur,
2522 4398 2824 4477 princeps
2856 4397 3338 4459 eminentissime
3349 4418 3369 4465 ;
3422 4406 3556 4456 tum

272 4490 632 4554 litterarum
662 4500 752 4552 est
802 4489 1358 4574 doctrinarumque
1411 4495 1710 4568 omnium,
1763 4497 2106 4574 proprium
2154 4495 2272 4557 hoc
2315 4494 2440 4558 sibi
2486 4493 2855 4574 beneﬁcium
2905 4494 3354 4556 immortaliter
3379 4512 3552 4574 prm-

271 4590 503 4650 dicare.
571 4588 656 4649 Et
707 4598 926 4650 auctos
979 4599 1186 4652 tamen
1241 4590 1357 4652 hoc
1415 4607 1672 4651 munere
1739 4589 1984 4654 labores
2034 4589 2408 4674 intelligunt
2435 4610 2586 4654 suos
2622 4614 2642 4654 :
2673 4591 3023 4672 meritoque
3059 4589 3380 4662 dubitant,
3441 4592 3554 4669 qui

269 4684 649 4767 respondere
665 4688 800 4766 jam
828 4687 1070 4749 meritis
1099 4688 1231 4750 tuis
1285 4689 1557 4766 possint,
1611 4706 1748 4768 qua:
1800 4709 1876 4752 ne
1929 4693 2098 4754 inter
2129 4690 2295 4752 bella
2343 4692 2612 4773 quidem,
2648 4691 2934 4752 ornando
2973 4689 3093 4753 tibi
3122 4706 3312 4768 pares
3346 4699 3549 4752 erant.

270 4785 385 4844 Sed
411 4791 794 4845 recreantur
823 4791 1029 4844 tamen
1054 4785 1169 4846 hoc
1206 4783 1460 4861 solatio,
1492 4785 1660 4867 quod
1700 4805 2006 4849 novarum
2058 4787 2183 4850 sibi
2215 4789 2453 4850 virium
2490 4787 2765 4850 accessio
2798 4789 2970 4870 facta
3014 4794 3106 4848 est
3136 4808 3156 4846 :
3180 4803 3377 4867 neque
3413 4786 3552 4867 jam

272 4880 335 4938 in
361 4878 582 4941 Gallia
605 4886 872 4954 tantum,
913 4879 1022 4940 sed
1053 4881 1242 4941 etiam
1273 4881 1450 4960 apud
1472 4889 1688 4961 gentes
1721 4893 1998 4960 cwteras,
2035 4884 2348 4966 quidquid
2389 4885 2620 4965 ubique
2659 4885 3024 4947 litterarum
3074 4891 3132 4944 et
3180 4880 3552 4964 linguarum

275 4986 376 5048 est,
414 4979 548 5038 tuis
584 4975 926 5054 praeconiis
956 4973 1300 5038 resonabit.
1346 4977 1498 5038 Cum
1527 4979 1692 5039 enim
1734 4978 1886 5042 belli
1915 4992 2194 5063 tempore
2239 4983 2471 5062 optime
2519 4981 2594 5042 de
2639 4977 2890 5057 Gallia,
2934 4997 3112 5041 secus
3161 4979 3236 5040 de
3262 4982 3361 5043 his
3389 4999 3550 5062 quos

274 5073 471 5134 hostes
513 5081 863 5152 temporum
912 5071 1219 5151 iniquitas
1253 5073 1512 5152 fecerat,
1561 5077 1823 5137 meritus
1859 5095 2016 5136 esses
2051 5099 2070 5138 :
2099 5095 2269 5138 nunc
2294 5077 2568 5157 populos
2623 5093 2833 5138 omnes
2865 5095 3166 5139 concessa:
3202 5079 3382 5156 pacis
3413 5095 3551 5139 mu-

275 5185 413 5228 nere
464 5167 830 5230 devinxisti.
883 5166 1296 5230 Admirabilis
1355 5177 1445 5230 tot
1496 5189 1739 5246 uocum,
1791 5181 1886 5233 tot
1929 5173 2311 5248 studiorum,
2355 5183 2444 5236 tot
2502 5174 2835 5237 nationum
2867 5184 3205 5236 concentus
3261 5171 3563 5247 exsistet,

275 5269 486 5346 gloriae
523 5280 640 5331 tuae
669 5287 913 5349 suaeque
966 5271 1267 5352 felicitati
1313 5277 1780 5352 gratulantium
1810 5301 1829 5338 :
1861 5279 1930 5340 in
1957 5298 2079 5360 quo
2131 5281 2372 5358 primas
2428 5280 2668 5342 eruditi
2694 5281 3025 5357 ,tenebunt,
3060 5299 3328 5362 quorum
3377 5290 3550 5343 artes

274 5365 462 5427 veluti
497 5367 778 5428 alumnas
802 5370 1135 5448 perpetuis
1171 5372 1501 5449 complecti
1551 5371 1887 5452 beneﬁciis,
1948 5395 2022 5437 ac
2059 5379 2272 5458 fovere
2318 5395 2447 5438 non
2497 5395 2727 5440 cessas.
2759 5380 3008 5455 Patere,
3035 5380 3341 5460 princeps
3391 5380 3545 5440 emi-

275 5462 654 5538 nentissime,
692 5481 889 5524 meam
941 5483 1184 5545 quoque
1237 5467 1306 5528 in
1358 5465 1469 5530 illo
1529 5478 1862 5548 concentu,
1923 5484 2037 5535 aut
2093 5476 2312 5553 potius
2367 5475 2690 5537 societatis
2727 5485 2963 5538 nostrae
3018 5494 3228 5538 vocem
3278 5492 3396 5554 per
3449 5493 3547 5535 me

277 5568 679 5655 resonantem,
715 5559 935 5623 audiri
966 5581 1210 5643 :neque
1243 5565 1384 5646 jam
1415 5572 1770 5633 communia
1819 5569 1935 5632 illa
1985 5581 2044 5633 et
2074 5574 2143 5635 in
2194 5591 2401 5634 omnes
2457 5591 2681 5654 sparsa
2743 5572 3016 5655 populos
3072 5572 3389 5651 beneﬁcia,
3435 5569 3546 5632 sed
3625 5637 3630 5641 ,

279 5654 646 5718 immortalia
689 5659 759 5720 in
785 5676 902 5720 nos
955 5663 1180 5723 merita
1230 5663 1642 5730 celebrantem
1671 5691 1691 5730 :
1722 5670 1832 5748 qui
1904 5677 1960 5730 et
2007 5669 2223 5731 multis
2268 5669 2408 5751 jam
2452 5670 2702 5751 pridem
2747 5654 2876 5733 tibi
2923 5689 3136 5732 sumus
3181 5667 3542 5732 nominibus

557 5764 822 5827 Panos.
853 5765 963 5826 Gn.
1013 5769 1278 5836 CLVIII.
3182 5775 3213 5833 ί
