4008 6432
420 259 469 320 -3
1570 252 1778 314 PHlL.
1820 251 2098 311 LABBEI
2137 251 2562 316 rR/EFATIO.
3658 256 3697 322 ll

432 368 743 436 obstricti,
783 373 840 428 et
870 383 1080 428 recens
1114 365 1276 428 illud
1304 372 1658 448 quanquam
1691 367 1965 427 omnium
2014 382 2331 426 commune
2387 369 2565 443 pacis
2622 366 3005 447 beneﬁcium,
3056 368 3236 431 nobis
3278 370 3538 447 proprie
3571 371 3702 430 col»

429 468 632 529 latum
665 465 1085 543 agnoscimus.
1123 463 1274 526 Cum
1308 467 1472 526 enim
1503 465 1790 528 instituti
1819 461 2029 524 nostri
2063 461 2172 534 sit,
2205 471 2263 522 et
2291 463 2672 540 optimarum
2697 465 2937 526 artium
2981 462 3358 543 disciplinas
3385 464 3700 543 proﬁteri,

429 581 699 643 quarum
730 560 962 623 studiis
995 558 1159 622 nihil
1189 571 1277 622 est
1307 581 1630 624 armorum
1658 562 1933 638 strepitu
1963 558 2261 637 infestius
2283 598 2300 628 ,
2359 567 2416 618 et
2468 559 2826 621 excolendis
2857 560 3175 622 hominum
3221 558 3505 619 moribus
3561 568 3703 620 stu-

429 660 599 731 dere,
631 657 1166 738 profligandceque
1195 659 1536 738 impietati,
1576 675 1709 738 qua:
1753 655 2075 735 impunius
2106 655 2276 715 inter
2304 651 2464 714 bella
2511 667 2844 733 grassatur
2876 678 2894 717 :
2937 657 3033 717 Tu
3064 648 3411 717 constituta
3431 672 3614 734 pace,
3649 663 3703 714 et

430 757 798 834 languentes
827 775 899 815 ac
925 773 1124 837 prope
1155 757 1550 817 semianimes
1583 756 1834 816 litteras
1869 750 2199 821 excitasti,
2245 757 2304 810 et
2333 748 2631 828 neglectis
2685 770 2757 812 ac
2804 751 3002 812 veluti
3033 754 3330 831 profugis
3358 749 3704 812 virtutibus

420 843 758 937 :Europam
796 861 1248 938 omnem'quasi
1288 857 1586 938 templum
1625 855 1882 936 aliquod
1923 853 2258 934 aperuisti,
2312 853 2380 913 in
2427 870 2546 932 quo
2578 853 2784 931 quiete
2820 853 3112 931 deinceps
3142 870 3214 913 ac
3264 851 3512 930 placide
3545 849 3704 910 cole'

425 965 678 1018 rentur.
715 955 800 1018 Et
830 955 1077 1017 habebit
1110 965 1317 1017 tamen
1354 957 1421 1017 in
1453 953 1568 1016 illa
1600 951 2065 1031 tranquillitate
2111 949 2320 1010 hostes
2381 967 2530 1008 suos
2579 949 2831 1028 religio,
2885 955 3092 1012 minus
3136 953 3381 1030 quidem
3417 949 3706 1027 furentes

426 1052 768 1127 audacter,
816 1054 924 1115 sed
951 1072 1080 1114 non
1107 1055 1314 1116 minus
1350 1052 1592 1115 idcirco
1625 1048 1985 1111 metuendos
2019 1069 2038 1107 :
2068 1044 2318 1108 habebit
2347 1054 2404 1106 et
2455 1064 2602 1106 suos
2634 1047 2898 1108 societas
2924 1055 3169 1122 nostra,
3223 1049 3326 1108 cui
3368 1064 3498 1107 non
3531 1045 3711 1107 inde-

426 1167 648 1209 corum
689 1158 802 1221 est,
854 1149 1121 1224 eosdem,
1190 1169 1228 1208 a
1276 1149 1505 1230 quibus
1555 1143 1839 1239 Ecclesia
1883 1151 2180 1216 vexatur,
2235 1141 2671 1211 adversarios;
2726 1143 3024 1216 eumdem,
3082 1163 3274 1225 a-quo
3318 1142 3571 1223 defensa
3616 1152 3708 1204 est

423 1243 678 1323 religio,
711 1243 1023 1306 vindicem
1069 1246 1152 1305 Te
1181 1263 1252 1305 ac
1279 1253 1626 1324 patronum
1657 1242 1966 1321 experiri.
2000 1239 2222 1318 Perge,
2253 1240 2552 1319 princeps
2581 1241 3082 1318 eminentissime,
3133 1241 3207 1302 de
3253 1249 3523 1320 utraque
3553 1240 3705 1302 bene

421 1343 654 1404 mereri
689 1366 708 1404 :
739 1345 831 1404 sic
865 1343 983 1405 tibi
1011 1344 1292 1406 vicissim
1324 1353 1615 1421 utraque,
1652 1341 1820 1421 quod
1845 1357 2151 1400 summ-um
2179 1338 2386 1413 habet,
2428 1341 2795 1418 gratissimo
2849 1342 3058 1403 animo
3105 1340 3451 1421 rependat,-
3496 1341 3707 1401 altera

424 1439 796 1518 dignitatem
833 1440 1006 1501 orbis
1039 1447 1360 1500 terrarum
1394 1457 1771 1518 supremam,
1818 1444 2016 1497 altera
2057 1435 2308 1514 plenam
2352 1438 2686 1517 religionis
2727 1441 3084 1518 amorisque
3137 1441 3579 1500 reverentiam.
3615 1440 3708 1500 Hi

421 1545 596 1610 sunt,
625 1537 929 1616 princeps
954 1537 1456 1610 eminentissime,
1489 1537 1810 1598 societatis
1850 1541 2083 1594 nostrae
2119 1550 2361 1608 sensus,
2419 1552 2574 1613 quos
2611 1535 2914 1614 proﬁteri
2947 1552 3072 1619 per
3100 1553 3194 1595 me
3239 1533 3470 1598 voluit.
3522 1535 3708 1596 Inter

421 1633 547 1692 haec
579 1633 714 1712 ejus
738 1641 885 1694 vota
912 1641 971 1694 et
1001 1641 1319 1694 terrarum
1351 1634 1628 1694 omnium
1656 1629 2137 1709 gratulationes,
2171 1639 2388 1708 patere
2442 1630 2557 1692 hoc
2615 1632 2736 1692 tibi
2787 1632 3070 1710 quamvis
3104 1640 3284 1692 tenue
3337 1631 3703 1704 donarium,

422 1728 569 1788 dum
600 1729 842 1809 majora
876 1727 1298 1806 exsolvamus,
1332 1726 1630 1809 appendi.
1665 1727 2041 1789 Laudabunt
2073 1726 2210 1799 alii,
2241 1726 2396 1801 scio,
2451 1728 2520 1788 in
2576 1726 3064 1806 quadripertitis
3112 1728 3322 1790 nostri
3343 1726 3569 1799 dicam,
3619 1746 3707 1787 an

415 1825 638 1904 potius
672 1825 793 1898 tui,
834 1843 863 1884 e
889 1825 1116 1886 Sicilia
1149 1826 1436 1899 oriundi,
1469 1823 1802 1886 Michaelis
1833 1822 2046 1900 Glyco:
2071 1822 2449 1894 Annalibus,
2485 1824 2792 1886 Historiae
2825 1841 3020 1886 sacra:
3049 1843 3121 1886 ac
3152 1825 3439 1904 profana:
3496 1823 3704 1884 mira-

421 1919 535 1980 bili
565 1918 940 1982 dexteritate
971 1923 1273 1983 insertam
1329 1920 1731 2000 theologidm,
1778 1908 2138 1982 divinarum
2171 1919 2559 1980 Litterarum
2615 1920 3205 1998 interpretationem
3261 1928 3319 1980 et
3373 1917 3707 1980 assiduum

419 2025 785 2077 sanctorum
815 2015 1080 2078 Patrum
1108 2035 1290 2077 usum
1320 2035 1457 2078 cum
1485 2015 1804 2078 medicina:
1830 2017 2097 2078 scientia
2125 2034 2196 2079 ac
2229 2034 2438 2078 rerum
2454 2014 2847 2078 naturalium
2875 2017 3233 2094 cognitione
3264 2018 3699 2096 conjunctum,

417 2114 781 2193 principum
815 2116 1022 2175 Romae
1053 2124 1108 2176 et
1141 2115 1697 2192 Constantinopoli
1748 2114 2195 2192 imperantium
2250 2111 2492 2190 sibique
2539 2111 2807 2172 invicem
2860 2111 3083 2172 ordine
3137 2111 3623 2185 succedentium,
3655 2129 3703 2170 a

419 2208 596 2270 Julia
635 2209 874 2270 Cwsare
902 2209 985 2270 ad
1023 2210 1242 2273 Alexii
1272 2209 1872 2282 Comneni‘obitum,
1905 2227 2008 2271 res
2043 2207 2350 2288 prwclare
2386 2217 2593 2286 gestas
2622 2208 2943 2288 ingeniose
2979 2226 3320 2280 connexus,
3355 2217 3704 2269 certantem

421 2329 563 2370 cum
607 2310 964 2390 eloquentia
1006 2315 1252 2392 ingenii
1292 2313 1678 2394 felicitatem,
1719 2332 1859 2374 cum
1882 2331 2100 2373 rerum
2148 2313 2457 2373 varietate
2503 2308 2868 2372 incredibili
2889 2329 3037 2391 ,non
3069 2311 3515 2373 inconcinnam
3555 2310 3700 2371 bre-

418 2406 699 2480 vitatem,
737 2408 1157 2486 digressiones
1188 2407 1452 2487 denique
1479 2405 1561 2468 ad
1592 2406 1918 2469 levandum
1962 2407 2220 2470 lectoris
2271 2407 2524 2470 taedium
2573 2407 2709 2468 suis
2767 2415 2916 2486 apte
2966 2408 3122 2470 locis
3151 2409 3516 2472 collocatas.
3550 2407 3696 2487 Ego

419 2521 566 2565 vero
596 2523 790 2584 neque
824 2507 890 2567 in
915 2509 1053 2580 hoc,
1084 2525 1279 2585 neque
1306 2507 1374 2568 in
1401 2506 1572 2580 aliis,
1625 2523 1757 2585 quae
1813 2504 2014 2573 tibia
2065 2503 2249 2568 nobis
2300 2503 2527 2584 offerri
2571 2513 2852 2582 possent,
2904 2504 3295 2580 muneribus,
3353 2504 3700 2585 quidquam

419 2615 734 2675 magnum,
776 2608 952 2678 teque
992 2601 1274 2679 dignum,
1307 2601 1615 2662 testimare
1643 2601 1866 2676 statui,
1899 2598 2031 2662 nisi
2061 2598 2168 2660 cui
2197 2607 2267 2659 tu
2297 2595 2593 2659 laudator
2624 2604 2684 2657 et
2710 2596 3108 2676 approbator
3127 2600 3491 2668 accesseris.
3525 2599 3693 2674 Vale,

421 2703 481 2754 et
515 2695 582 2755 in
609 2695 841 2758 multos
861 2715 1070 2757 annos
1097 2697 1258 2776 felix
1290 2696 1449 2759 vive.

501 2796 732 2860 Dabam
777 2796 1038 2858 Lutetia:
1071 2795 1452 2858 Parisiorum
1477 2794 1615 2860 Kal.
1667 2796 1973 2861 Decemb.
2006 2795 2160 2859 anni
2198 2810 2452 2855 uncmx.

816 2895 1192 2958 Eminentia;
1246 2904 1370 2960 tum
3333 2973 3339 2979 _

939 3001 942 3003 '
1917 2988 1928 2996 '
2203 2988 2686 3053 Addictissimus
2741 2989 3076 3071 Philippus
3124 2991 3368 3066 Lmen,

2481 3092 2630 3156 Soc.
2678 3093 2828 3155 Jesu
2863 3091 3221 3173 presbyter.

797 3470 946 3559 AD
1019 3469 1590 3566 OPTIMUM
1683 3471 1838 3564 ET
1922 3472 2574 3564 ERUDITUM
2651 3471 3304 3566 LECTOBEM

1650 3683 2453 3806 PBfEFATIO.

494 4035 816 4099 Michaelis
849 4035 1061 4115 Glycaa
1088 4034 1385 4109 Annales,
1418 4051 1588 4098 nunc
1615 4034 1889 4116 primum
1917 4039 2189 4114 utraque
2219 4037 2434 4116 lingua
2466 4039 2607 4100 orbi
2637 4040 2954 4119 cognitos,
2986 4057 3130 4106 cum
3152 4043 3267 4106 tibi
3293 4044 3485 4123 regiis
3515 4047 3691 4127 typis

418 4137 829 4214 reprmsento,
860 4134 1103 4212 optime
1136 4132 1364 4206 lector,
1393 4132 1592 4194 nolim
1621 4133 1942 4194 existimes
1969 4134 2159 4196 unius
2182 4134 2484 4197 duntaxat
2504 4137 2798 4199 Historiae
2831 4146 2939 4201 aut
2960 4139 3256 4204 Chronici
3281 4145 3683 4225 scriptorem,

418 4228 637 4307 quales
675 4226 899 4290 eodem
939 4227 1074 4288 fere
1113 4234 1402 4307 tempore
1457 4227 1781 4290 uberrimo
1836 4236 2148 4308 proventu
2199 4229 2422 4293 extulit
2469 4232 2733 4315 Graecia,
2767 4236 3078 4298 Joannem
3109 4240 3435 4313 Zonaram,
3487 4243 3689 4314 G_eor-

416 4326 584 4404 gium
643 4321 1028 4397 Cedrenum,
1081 4324 1558 4386 Constantinum
1589 4327 1959 4400 Manassem,
2017 4328 2420 4410 similesque,
2475 4330 2586 4392 sed
2641 4329 3012 4411 theologum
3071 4335 3293 4412 simul,
3358 4355 3683 4402 sacrarum

414 4423 787 4504 Litterarum
832 4420 1274 4500 interpretem,
1325 4420 1664 4492 medicum,
1713 4423 2146 4504 naturalisque
2201 4425 2487 4487 scientius
2543 4427 2978 4506 indagatorem
3034 4430 3517 4496 solertissimum
3567 4452 3683 4499 ex-

379 4517 638 4592 hiberi.
690 4518 781 4578 Ita
829 4515 1002 4577 enim
1053 4514 1132 4577 ab
1165 4518 1320 4577 orbe
1375 4515 1658 4587 condito,
1717 4517 1891 4596 quod
1942 4525 2005 4581 et
2058 4520 2166 4582 alii
2220 4519 2431 4584 facere
2479 4524 2760 4602 aggressi
2811 4532 2978 4602 sunt,
3036 4544 3243 4606 usque
3291 4529 3371 4590 ad
3434 4530 3680 4593 obitum

414 4613 612 4674 Alexii
660 4612 964 4674 Comneni
1018 4616 1081 4671 et
1128 4626 1367 4671 annum
1415 4610 1636 4672 Christi
1690 4631 1934 4675 mcxvm
1981 4617 2506 4695 patriarcharum,
2555 4637 2798 4699 regum,
2832 4627 3022 4701 atque
3069 4624 3522 4702 imperatorum
3577 4646 3681 4689 res

415 4715 641 4786 gestas,
675 4708 1133 4786 historiamque
1165 4723 1418 4768 omnem
1448 4709 1792 4784 Judaicam,
1843 4714 2215 4788 Romanam,
2265 4731 2338 4777 ac
2388 4716 3152 4798 Constantin0politanam
3195 4725 3552 4801 pertexuit,
3607 4733 3680 4788 ut

416 4807 640 4868 eodem
675 4812 974 4868 contextu
1013 4809 1451 4866 controversas
1480 4805 1646 4868 inter
1673 4807 2010 4889 theologos
2047 4810 2602 4893 philosophosque
2644 4815 3031 4894 quaestiones
3076 4819 3423 4893 agitaverit,
3477 4837 3549 4882 ac
3595 4820 3677 4884 de

415 4905 607 4965 rebus
646 4901 965 4974 omnibus,
1002 4917 1144 4980 qum
1173 4899 1240 4960 in
1272 4899 1463 4972 caelo,
1503 4919 1672 4978 aere,
1708 4910 1894 4976 terra,
1950 4924 2022 4968 ac
2058 4907 2216 4969 mari
2266 4909 2445 4982 fiunt,
2494 4909 2573 4970 de
2620 4910 2860 4982 avibus,
2917 4911 3216 4989 piscibus,
3272 4913 3674 4990 animalibus,

413 4998 698 5072 homine,
745 5003 934 5075 atque
979 4994 1220 5072 angelis
1271 4997 1678 5072 disseruerit;
1741 5008 1996 5063 secutus
2032 5011 2314 5066 veterum
2373 5007 2625 5068 Patrum
2687 5007 3021 5083 Eustathii,
3087 5011 3322 5086 Basilii,
3376 5014 3672 5091 Nysseni,

414 5093 866 5174 Chrysoslomi,
900 5092 1175 5167 Sinaitae,
1228 5093 1478 5170 Pisidae,
1529 5096 1929 5178 aliorumque
1978 5101 2242 5178 vestigia
2289 5118 2362 5163 ac
2411 5119 2575 5181 pene
2603 5104 2816 5178 verba,
2877 5105 2988 5183 qui
3029 5123 3194 5185 opus
3235 5125 3347 5169 sex
3402 5109 3670 5182 dierum,
3738 5114 3750 5126 ‘

416 5191 584 5272 quod
615 5191 828 5251 Graeca
857 5204 1012 5250 voce
1041 5189 1482 5252 Hexaemeron
1535 5193 1747 5256 dicere
1791 5195 2092 5271 solemus,
2134 5195 2438 5275 singulari
2489 5197 2815 5276 diligentia
2860 5202 3349 5264 concinnarunt.

493 5291 764 5353 Patriam
796 5289 1027 5352 docent
1057 5307 1208 5352 mss.
1237 5291 1513 5396 codices,
1551 5295 1660 5374 qui
1699 5306 2029 5374 Σικελιώτην
2060 5305 2426 5361 constanter
2460 5299 2788 5379 appellant
2823 5318 2982 5365 :nec
3014 5303 3343 5368 abluderet
3383 5305 3669 5367 additum
3717 5371 3726 5396 Ι
3773 5288 3780 5295 ’

414 5393 508 5448 τοῦ
572 5394 757 5446 Γλυκᾶ
801 5401 1181 5462 cognomen,
1215 5389 1265 5447 si
1300 5387 1551 5451 labente
1585 5392 1966 5456 duodecimo
1997 5394 2224 5457 Christi
2275 5393 2536 5466 saeculo,
2580 5413 2709 5476 quo
2763 5398 2996 5461 vixisse
3043 5401 3209 5463 circa
3257 5418 3491 5462 annum
3550 5420 3670 5462 mer.

414 5483 682 5555 videtur,
716 5481 960 5543 Siculos
993 5483 1212 5544 Dorica
1244 5483 1452 5546 adhuc
1480 5485 1748 5550 dialecto
1782 5507 1931 5551 usos
1958 5490 2153 5552 fuisse
2187 5498 2524 5556 constaret.
2558 5493 2860 5571 Privatus,
2898 5513 2977 5558 an
3009 5498 3078 5558 in
3117 5487 3513 5574 magiSlratu,
3565 5505 3670 5560 aut

417 5577 717 5655 dignitate
754 5579 959 5658 aliqua
993 5577 1268 5656 publica,
1302 5579 1579 5656 militari,
1619 5585 1844 5660 aulica,
1877 5587 2196 5650 forensive
2236 5594 2532 5662 ornatus;
2586 5591 2981 5670 conjugatus,
3032 5611 3111 5655 an
3160 5594 3388 5655 caelebs
3419 5595 3662 5666 vixerit,

418 5673 603 5754 plane
636 5675 851 5736 nescio
893 5691 906 5731 τ
946 5689 1064 5734 nec
1123 5688 1376 5751 aspersa
1423 5678 1689 5753 singulis
1723 5681 1855 5745 fere
1911 5702 2001 5763 p83

2081 5685 2158 5746 iis
2198 5696 2337 5762 υἱοῦ,
2381 5699 2570 5752 τέκνου
2606 5700 2699 5754 καὶ
2724 5701 3014 5771 ἀγαπητοῦ
3060 5689 3365 5753 vocabula
3423 5699 3664 5770 patrem
