4008 6450
215 330 296 393 29⁷
1476 326 1777 390 ANNALil

1883 381 1885 386 .
1924 326 2120 388 PARS
2153 326 2205 387 Ι.
3406 329 3476 390 30

215 443 362 513 χείαν
391 440 503 495 ἰδού
565 457 646 495 σοι
708 442 804 496 καὶ
862 442 1064 514 ταύτην
1095 442 1193 514 τὴν
1259 441 1440 513 βίὸλον
1477 442 1777 513 συντίθημι.

1899 443 2143 500 tionibus
2194 456 2360 499 aures
2420 440 2708 498 hominum
2757 437 2984 495 obrutas
3037 438 3197 497 tardio
3243 441 3481 512 quodam

281 626 396 695 Πρὸ
440 622 661 678 πάντων
704 618 798 679 οὖν
829 625 1030 680 εἰδέναι
1071 642 1132 680 σε
1162 624 1316 692 ἄξιον
1349 626 1430 679 δτι
1462 627 1523 678 ὲν
1554 623 1613 690 ἓξ
1650 623 1788 695 ἡμέ-

214 735 332 788 ραις
379 718 603 789 ὲποίησε
648 717 841 774 τοῦτον
888 717 980 773 τὸν
1027 718 1233 790 κόσμον
1273 720 1304 773 0
1335 718 1492 785 Θεδς,
1529 719 1588 771 ὲν
1617 717 1676 771 δὲ
1713 719 1784 789 τῇ

209 811 411 884 ἑϐδόμῃ
456 812 803 866 κατέπαυσεν
836 812 945 866 ἀπὸ
986 812 1208 868 πάντων
1246 813 1358 867 τῶν
1393 811 1576 882 ἔργων
1613 811 1782 866 αὐτοῦ

210 893 284 953 ὧν
317 901 598 970 ἐποίησεν.
632 901 895 956 Ἠδύνατο
933 897 1026 956 οὖν
1059 903 1119 955 ὲν
1153 904 1255 974 μιᾷ
1277 903 1463 975 ἡμέρα
1493 903 1562 957 τὰ
1605 903 1785 958 πάντα

211 994 576 1059 παραγαγεῖν,
604 994 835 1064 οὐρανὸν
877 995 1138 1066 δηλονότι,
1195 999 1300 1067 γῆν
1348 998 1444 1052 καὶ
1487 997 1782 1063 θάλατταν,

211 1083 420 1153 ἰχθύας,
450 1085 520 1140 τά
560 1103 622 1138 τε
665 1087 887 1142 πετεινὰ
915 1090 1010 1143 καὶ
1051 1089 1119 1144 τά
1156 1090 1464 1162 τετράποδα
1508 1091 1602 1145 καὶ
1647 1092 1786 1163 πρὸς

206 1173 413 1238 τούτοις
449 1175 542 1230 τὸν
583 1178 896 1249 ἄνθρωπον.
939 1179 1080 1234 Ἀλλ’
1127 1181 1214 1236 ἴνα
1258 1184 1332 1253 μὴ
1372 1183 1633 1254 ἀφορμῆς
1664 1184 1786 1238 ἐπι-

207 1265 488 1334 δράξονται
529 1269 582 1322 0i.
616 1269 674 1336 ἐξ
721 1270 1029 1342 αὐτομάτου
1085 1272 1154 1327 τὰ
1206 1274 1388 1328 πάντα
1429 1274 1784 1345 παραχθῆναι

209 1359 479 1428 λέγοντες,
534 1362 762 1434 ἡμερῶν
813 1365 1009 1436 ἐδεήθη
1067 1366 1128 1433 ἓξ
1189 1367 1284 1420 ἐπὶ
1339 1369 1406 1438 τῇ
1466 1368 1781 1438 παραγωγῇ

206 1452 356 1506 τοῦδε
380 1453 476 1507 τοῦ
517 1456 725 1525 κόσμου
775 1457 804 1510 0
837 1459 1179 1530 Δημιουργὺς
1210 1460 1372 1532 ἡμῶν
1391 1463 1486 1514 καὶ
1524 1459 1678 1527 Θεὸς,
1707 1460 1786 1524 ὡς

206 1546 234 1597 ό
264 1536 671 1617 χωσορῤήμων
721 1548 980 1620 Ἰωάννης
1030 1552 1221 1623 φησίν.
1255 1552 1319 1605 Et
1352 1551 1462 1623 γὰρ
1510 1552 1606 1605 καὶ
1639 1551 1785 1604 οὕτω

204 1636 311 1690 τῶν
363 1638 690 1708 ποιημάτων
745 1641 1196 1711 άπαρτισθέντων
1251 1642 1543 1712 αὐτόματα
1605 1640 1786 1696 ταῦτᾶ

206 1742 346 1790 τινες
383 1727 824 1801 ὲφαντάσθησαν,
859 1732 1040 1803 πολλῷ
1071 1732 1277 1803 μᾶλλον
1321 1735 1481 1804 ειπερ
1511 1733 1652 1804 ὁμοῦ
1685 1734 1784 1788 καὶ

205 1818 343 1874 κατὰ
369 1819 542 1874 ταῦτα
575 1823 658 1887 είς
684 1823 744 1877 τὸ
782 1819 922 1878 εἶναι
958 1801 1346 1897 παρηχθησαν.
1381 1801 1472 1881 Ἐν
1505 1801 1566 1891 ἒξ
1597 1827 1654 1880 δὲ
1683 1825 1780 1882 καὶ
1813 1801 1856 1857 Β

210 1909 395 1977 μόναις
418 1910 674 1982 ἡμέραις,
711 1914 805 1967 καὶ
838 1915 900 1968 οὐ
935 1914 1155 1970 πλέοσιν
1187 1917 1222 1986 ἢ
1254 1917 1528 1983 ἐλάττοσι,
1557 1918 1800 1972 τουτονὶ.

207 2001 553 2072 παραχθῆναι
594 2006 688 2057 τὸν
731 2007 940 2076 κόσμον
989 2008 1316 2079 ηὐδόκησεν,
1347 2011 1436 2065 ἵνα
1488 2011 1586 2065 καὶ
1616 2013 1780 2081 ἡμεῖς

204 2090 540 2164 διδαχθῶμεν
598 2095 851 2150 ἐντεῦθεν
911 2098 974 2164 ἓξ
1028 2101 1244 2172 ἡμέρας
1302 2101 1404 2172 τῆς
1478 2101 1792 2173 ἑϐδομάδος.

207 2184 548 2254 ἐργάζεσθαι,
581 2189 646 2259 τῇ
698 2188 758 2242 δὲ
807 2189 1016 2264 ἐϐδόμῃ
1061 2193 1368 2264 κεχρῆσθαι
1411 2193 1552 2264 πρὸς
1605 2195 1777 2264 μόνην

209 2269 509 2345 δοξολογίαν
539 2278 696 2336 Θεοῦ.
727 2281 828 2336 Διὰ
856 2283 966 2354 γὰρ
1012 2284 1174 2338 τοῦτο
1224 2287 1321 2340 καὶ
1365 2287 1394 2341 0
1431 2289 1777 2358 Δημιουργὸς

212 2371 266 2422 ὲν
303 2373 371 2441 τῇ
416 2371 620 2446 ἐϐδόμῃ
654 2375 996 2431 κατέπαυσεν
1040 2378 1150 2433 άπὸ
1193 2380 1416 2435 πάντων
1452 2382 1566 2436 τῶν
1593 2382 1776 2452 ἔργων

211 2456 281 2516 ὧν
328 2463 534 2534 ἧρξατο
572 2463 774 2522 ποιεῖν.
811 2467 873 2522 Et
921 2470 979 2523 δὲ
1020 2472 1048 2525 0
1085 2471 1294 2542 Κύριος
1333 2475 1392 2526 ἐν
1418 2473 1777 2543 Εὑαγγελίοις

215 2553 431 2626 εὕρηται
468 2556 666 2626 λέγων,
694 2579 711 2611 t
732 2559 791 2614 Ὀ
819 2561 1010 2632 Πατήρ
1037 2581 1141 2634 μου
1166 2565 1270 2628 ἕως
1298 2565 1424 2633 άρτι
1455 2567 1774 2636 ἐργάζεται,

220 2647 362 2716 κάγὼ
400 2649 730 2722 ἐργάζομαι,
780 2672 801 2708 ›
845 2656 921 2728 μὴ
963 2657 1238 2729 θαύμαζε.
1282 2661 1418 2714 Τότε
1459 2661 1561 2730 μὲν
1605 2661 1716 2732 γὰρ
1747 2662 1777 2715 0

214 2740 355 2806 Θεὸς,
381 2741 457 2806 ὡς
483 2745 514 2797 0
537 2745 772 2815 χρυσοῦς
801 2749 902 2819 τὴν
935 2749 1186 2819 γλῶττάν
1235 2770 1392 2824 φησι,
1425 2754 1776 2808 κατέπαυσεν

212 2833 311 2886 ἀπὸ
353 2834 573 2890 πάντων
624 2837 723 2891 τῶν
765 2839 970 2910 ἔργων,
1005 2843 1285 2899 τουτέστιν
1333 2844 1464 2919 ἔστη
1529 2847 1627 2901 τοῦ
1679 2847 1774 2920 δη-

216 2927 488 2998 μιουργεῖν
514 2941 530 2958 ⁶
585 2930 725 2999 μετὰ
756 2932 867 3004 γὰρ
891 2935 992 3007 τὴν
1040 2937 1212 3009 ἕκτην
1248 2939 1402 2993 οὐδὲν
1429 2938 1542 2994 ἀπὸ
1569 2938 1664 2995 τοῦ
1697 2942 1774 3013 μὴ

212 3014 354 3081 ὄντος
394 3020 472 3081 είς
522 3020 583 3075 τὸ
630 3017 770 3077 εἶναι
814 3027 1163 3098 παρήγαγεν.
1206 3028 1428 3103 Ἐπειδὴ
1460 3031 1520 3086 δὲ
1562 3033 1631 3087 τὰ
1681 3033 1776 3104 δη-

213 3109 610 3182 μιουργηθέντα
659 3115 900 3187 συνέχων
953 3117 1146 3192 ἔκτοτε
1211 3121 1306 3175 καὶ
1364 3124 1655 3195 συντηρῶν
1708 3125 1771 3178 οὑ

207 3201 465 3257 διέλειπεν
505 3206 577 3276 (εἰ
620 3208 728 3278 γὰρ
773 3209 848 3280 μὴ
897 3197 1042 3265 οὕτω
1092 3213 1266 3268 ποιῶν
1309 3211 1399 3286 ἦν,
1442 3215 1544 3270 οὐκ
1585 3217 1652 3270 ἂν
1680 3217 1776 3270 ἐπὶ

205 3293 470 3360 τοσούτοις
503 3297 662 3352 αἰῶσι
686 3301 756 3355 τά
797 3300 1021 3356 τοιαῦτα
1049 3304 1354 3376 διήρκεσε),
1389 3308 1481 3362 καὶ
1523 3307 1644 3363 λίαν
1687 3311 1778 3363 εὑ-

205 3385 370 3454 λόγως
398 3390 493 3444 καὶ
516 3391 756 3464 τήμερον
785 3395 1118 3465 ἐργάζεσθαι
1142 3399 1382 3470 λέγεται.

271 3481 375 3535 Καὶ
401 3483 466 3552 τῇ
502 3484 603 3552 μὲν
647 3485 842 3558 πρώτῃ
881 3489 1068 3563 ἡμέρᾳ.
1118 3492 1343 3563 ἐποίησε
1399 3495 1495 3548 τὸν
1541 3495 1775 3568 οὐρανὸν

204 3570 295 3623 καὶ
337 3573 436 3644 τὴν
468 3574 591 3646 γῆν,
613 3576 842 3648 οὐρανὸν
877 3584 1086 3637 ἐκεῖνον
1125 3583 1218 3638 τὸν
1245 3586 1516 3656 πρῶτον,“
1535 3591 1629 3642 τὸν
1669 3606 1774 3644 πε·-
1817 3607 1827 3614 “

207 3665 426 3741 parum}
474 3687 534 3726 τε
575 3670 669 3728 καὶ
714 3671 1010 3747 άναστρον,
1039 3680 1165 3748 περὶ
1203 3672 1264 3734 οὗ
1311 3679 1408 3733 καὶ
1460 3683 1490 3734 ὁ
1538 3683 1774 3752 εὐαγγε-

202 3760 384 3832 λιστὴς
430 3763 681 3837 Ἰωάννης
711 3767 770 3821 ἐν
807 3769 874 3838 τῇ
915 3768 1286 3840 Ἀποκαλύψει
1319 3771 1486 3827 αὑτοῦ
1511 3774 1644 3846 περὶ
1674 3775 1772 3845 τῆς

205 3855 336 3921 μετὰ
394 3857 571 3910 ταῦτα
615 3861 1007 3925 καταστάσεως
1073 3862 1330 3929 διεξιὼν,
1388 3863 1532 3918 οὕτω
1582 3868 1772 3937 φησὶν,

209 3963 225 3995 t
263 3943 413 4002 Εἶδον
447 3950 672 4020 οὐρανὸν
719 3953 908 4008 καινὸν
946 3953 1041 4009 καὶ
1084 3955 1190 4026 γῆν
1215 3957 1433 4029 καινὴν,
1476 3958 1574 4014 καὶ
1599 3962 1632 4030 η
1671 3959 1771 4014 θά-

201 4035 366 4095 λασσα
397 4041 497 4096 οὐκ
522 4042 670 4100 ἐστιν
699 4044 802 4102 ἔτι.
837 4065 857 4100 ι

269 4152 289 4185 ι
342 4135 429 4188 Ἑν
454 4136 592 4208 ἀρχῇ
615 4140 876 4211 ἐποίησεν
915 4143 944 4196 0
980 4142 1116 4209 Θεὸς
1146 4145 1240 4199 τον
1271 4146 1504 4218 οὐρανὸν
1540 4151 1638 4205 καὶ
1668 4150 1770 4223 τὴν

197 4227 318 4295 γῆν.
354 4245 373 4278 ι
413 4227 677 4302 Πρόσεχε,
729 4232 1006 4304 άγαπητὲ,
1054 4235 1139 4290 ὅτι
1190 4237 1286 4291 καὶ
1328 4237 1492 4292 τοῦτο
1536 4238 1770 4294 ἐνταῦθα

197 4319 486 4391 ἠπόρηται,
515 4323 634 4387 πῶς
663 4325 890 4395 ἐποίησε
940 4326 1030 4381 τὸν
1061 4327 1294 4398 οὐρανὸν
1327 4332 1620 4401 πρότερον,
1649 4328 1768 4384 εἷτα

197 4413 292 4478 τὴν
339 4415 464 4485 γῆν.
510 4415 729 4489 Ἐπειδὴ
777 4419 886 4491 γὰρ
930 4419 998 4473 τὰ
1048 4421 1281 4491 θεμέλια
1333 4423 1768 4479 καταϐάλλονται

1889 535 2054 591 ailici.

1958 629 2100 683 Ante
2133 627 2319 683 omnia
2366 639 2500 682 vero
2550 625 2693 682 scire
2724 623 2893 680 debes
2933 623 3100 681 Deum
3130 641 3226 681 sex
3267 627 3484 683 dierum

1888 721 2070 791 spatio
2105 718 2372 774 mundum
2400 718 2548 773 hunc
2578 717 2894 772 condidisse
2921 758 2936 782 ,
2995 732 3060 772 ac
3103 717 3196 773 die
3247 720 3483 788 septima

1888 826 2075 869 rerum
2108 809 2376 866 creationi
2411 809 2520 865 ﬁne
2562 809 2821 880 imposito
2856 809 3148 879 quievisse.
3177 811 3228 880 2
3267 812 3486 866 Poterat

1887 905 2113 974 quidem
2143 919 2255 958 uno
2279 903 2371 959 die
2411 917 2502 958 res
2535 903 2826 958 universas
2851 903 2906 958 in
2939 911 3120 958 ortum
3152 904 3497 974 producere,

1887 996 2152 1053 nimirum
2186 995 2424 1058 caelum,
2457 1003 2660 1050 terram
2683 1034 2700 1060 ,
2735 1009 2888 1050 mare
2913 1036 2929 1061 ,
2964 994 3165 1065 pisaes,
3204 997 3480 1062 volucres,

1888 1087 2276 1159 quadrupedes
2305 1087 2513 1144 bestias
2539 1125 2554 1152 ,
2605 1096 2663 1143 et
2692 1087 2750 1142 in
2805 1087 2892 1143 his
2921 1087 3201 1143 hominem
3248 1089 3425 1158 ipsum
3463 1107 3479 1145 :

1888 1181 1984 1238 sed
2012 1195 2082 1236 ne
2111 1173 2460 1237 occasionem
2509 1181 2718 1236 erroris
2761 1179 2892 1235 hinc
2921 1181 3006 1235 sui
3035 1180 3347 1250 arriperent
3386 1185 3481 1253 qui

1887 1269 2120 1326 fortuito
2152 1285 2281 1325 casu
2332 1279 2451 1324 orta
2497 1269 2796 1340 perhibent
2848 1270 3073 1335 omnia,
3133 1268 3329 1325 diebus
3388 1287 3483 1327 sex

1887 1363 2156 1419 mundum
2207 1361 2358 1418 hunc
2415 1363 2706 1418 absolvere
2744 1362 2959 1429 voluit,
3013 1363 3482 1433 quemadmodum

1882 1440 2092 1510 aureus
2120 1462 2307 1509 orator
2346 1453 2438 1510 ille
2466 1454 2708 1510 Joannes
2742 1455 2929 1510 tradit.
2965 1454 3096 1510 Nam
3121 1458 3166 1511 si
3192 1457 3295 1512 hoc
3316 1459 3482 1511 etiam

1890 1549 2057 1603 modo
2084 1547 2290 1604 creatis
2320 1547 2700 1617 absolutisque
2731 1550 2922 1612 rebus,
2965 1550 3082 1603 ausi
3107 1549 3326 1619 quidam
3355 1559 3484 1604 sunt

1887 1641 2179 1711 imaginari
2213 1655 2346 1696 casu
2398 1642 2639 1711 quodam
2679 1648 2856 1706 ortas,
2883 1641 3060 1696 multo
3096 1642 3271 1710 magis
3315 1643 3366 1697 id
3399 1643 3484 1696 fe-

1886 1730 2116 1797 cissent,
2150 1730 2195 1785 si
2226 1730 2436 1801 pariter
2467 1731 2777 1802 eodemque
2802 1739 3049 1801 tempore
3079 1732 3316 1787 conditae
3350 1733 3487 1787 fuis—

1883 1831 2027 1880 sent.
2063 1823 2279 1880 Placuit
2307 1823 2499 1879 itidem
2552 1824 2666 1878 Deo
2715 1839 2812 1878 sex
2855 1831 3067 1879 tantum
3119 1824 3339 1887 diebus.
3374 1843 3482 1880 non

1882 1915 2137 1986 pluribus
2186 1931 2292 1971 nec
2342 1914 2702 1986 paucioribus
2741 1915 3026 1986 opiﬁcium
3060 1917 3251 1970 mundi
3313 1918 3483 1989 hujus

1881 2007 2194 2073 absolvere,
2223 2017 2284 2062 ut
2313 2008 2584 2062 sciremus
2613 2007 2777 2062 nobis
2799 2022 3021 2078 quoque
3057 2023 3149 2062 sex
3185 2008 3482 2080 cujuslibet

1881 2099 2207 2169 septimanae
2252 2099 2450 2156 diebus
2477 2098 2865 2162 laborandum,
2899 2101 3307 2170 septimumque
3331 2101 3478 2155 diem

1881 2192 1985 2246 soli
2023 2191 2385 2247 celebrationi
2416 2190 2622 2246 divinae
2667 2191 3124 2261 impendendum.
3153 2193 3287 2247 Nam
3312 2209 3375 2248 ea
3411 2194 3482 2248 de

1881 2298 2048 2340 causa
2092 2283 2289 2354 Opifex
2327 2298 2549 2354 quoque
2579 2294 2769 2340 noster
2799 2283 2868 2339 ab
2909 2283 3170 2340 omnibus
3217 2285 3484 2355 operibus

1880 2375 1999 2431 suis
2050 2376 2289 2446 septimo
2317 2375 2410 2431 die
2443 2375 2679 2447 quievit.
2713 2377 2830 2433 Nec
2874 2386 2961 2433 est
2994 2379 3143 2447 quod
3187 2377 3479 2432 Dominum

1880 2469 1937 2523 in
1975 2468 2274 2540 Evangelia
2321 2469 2510 2525 dicere
2582 2471 2808 2526 mireris
2846 2489 2861 2526 :
2907 2489 2926 2523 ι
2958 2471 3125 2528 Pater
3161 2487 3319 2526 meus
3351 2487 3489 2541 ope-

1879 2569 2036 2617 ratur
2067 2561 2359 2627 bactenus,
2393 2571 2449 2618 et
2483 2562 2602 2633 ipse
2660 2577 2864 2632 operor
2897 2564 2938 2616 ¹.
2976 2581 2995 2614 ›
3024 2563 3160 2618 Nam
3189 2572 3315 2647 .tum
3352 2563 3484 2632 qui-

1878 2653 2004 2710 dem
2035 2653 2334 2723 temporis,
2372 2662 2433 2708 ut
2490 2654 2922 2725 Chrysostonuus
2953 2656 3054 2721 ait,
3113 2657 3181 2710 ab
3215 2658 3482 2726 operibus

1882 2746 2160 2802 universis
2209 2745 2443 2816 quievit,
2506 2745 2614 2800 hoc
2663 2754 2750 2801 est
2788 2761 2982 2801 creare
3027 2748 3238 2802 desiit:
3273 2749 3480 2818 quippe

1880 2849 2007 2910 post
2037 2849 2254 2896 sextum
2290 2839 2436 2893 diem
2497 2838 2932 2910 haudquaquam
2985 2840 3039 2893 in
3069 2850 3251 2893 ortum
3279 2841 3348 2894 de
3391 2841 3480 2894 ni-

1881 2932 1998 2987 hilo
2023 2931 2328 3002 quidquam
2387 2931 2671 3002 produxit.
2713 2930 2852 2999 Quia
2890 2946 3026 2986 vero
3083 2933 3389 2986 secundum
3420 2933 3475 2986 itl

1879 3034 2067 3082 creata
2092 3040 2428 3080 conservare
2476 3039 2588 3080 non
2613 3025 2874 3089 cessavit,
2902 3025 3112 3094 absque
3152 3039 3263 3096 quo
3294 3025 3476 3092 foret,

1880 3118 1935 3172 in
1974 3116 2310 3172 hodiernum
2360 3115 2451 3171 illa
2516 3115 2662 3171 diem
2714 3131 2824 3170 non
2873 3101 3213 3182 durassent,
3269 3115 3478 3171 idcirco

1877 3207 2046 3265 etiam
2082 3207 2248 3264 modo
2288 3223 2399 3263 non
2427 3207 2528 3263 abs
2563 3222 2622 3263 re
2651 3206 2870 3280 operari
2905 3207 3129 3264 dicitur.

1953 3485 2250 3542 Enimvero
2284 3484 2465 3556 primo
2499 3484 2590 3542 die
2617 3485 2820 3542 coelum
2856 3500 2920 3542 ac
2948 3493 3150 3542 terram
3182 3485 3474 3554 condidit,

1877 3579 2080 3634 cmlum
2110 3618 2124 3643 ,
2164 3579 2392 3649 inquam
2416 3618 2431 3643 ,
2491 3579 2628 3634 illud
2676 3580 2936 3650 princeps
2961 3619 2976 3646 ,
3034 3581 3428 3650 perpulchrum
3457 3622 3473 3648 ,

1877 3671 2153 3727 sideribus
2179 3686 2400 3737 carens,
2422 3671 2493 3726 de
2547 3671 2709 3741 cujus
2750 3673 2991 3744 imagine
3045 3672 3279 3727 Ioannes
3305 3689 3477 3729 evan-

1875 3764 2068 3835 gelicae
2094 3773 2292 3819 auctor
2331 3763 2603 3828 historias,
2634 3763 2702 3818 de
2733 3771 2992 3819 secutura
3023 3764 3329 3818 secundum
3361 3765 3477 3820 haec

1875 3872 2060 3912 rerum
2122 3856 2529 3912 instauratione
2573 3855 2809 3926 loquens
2856 3855 2915 3909 iu
2961 3854 3317 3910 Revelatione
3349 3871 3471 3924 sua,

1876 3948 1958 4004 sic
1989 3949 2087 4004 ait.
2131 3965 2150 3998 ι
2188 3946 2456 4003 Videbam
2511 3946 2716 4002 coelum
2768 3960 2975 4001 novum
3034 3954 3349 4016 terramque
3376 3964 3477 4003 no-

1875 4055 2023 4109 vam,
2057 4049 2114 4096 et
2151 4055 2304 4094 mare
2331 4039 2488 4110 prius
2517 4053 2790 4109 nusquam
2823 4040 3008 4094 erat’.
3045 4057 3063 4090 ι

1953 4152 1972 4185 ι
2035 4133 2185 4189 Deus
2211 4173 2226 4198 ,
2293 4149 2312 4183 ι
2342 4132 2421 4187 ait
2455 4147 2628 4188 sacra:
2668 4131 2917 4186 historia!
2965 4131 3228 4202 scriptor,
3259 4151 3276 4184 t
3313 4133 3474 4190 initio

1873 4225 2078 4281 caelum
2133 4233 2191 4279 et
2223 4235 2426 4280 terram
2454 4223 2674 4281 .creavit
2719 4225 2760 4276 ³.
2823 4241 2842 4275 ι
2903 4224 3298 4280 Animadverte
3323 4268 3338 4292 ,
3371 4228 3470 4293 lili,

1873 4317 2106 4373 dubium
2151 4317 2259 4372 hoc
2312 4317 2436 4374 loco
2485 4315 2751 4388 quiddam
2785 4314 3067 4382 incidere,
3119 4317 3216 4387 qui
3265 4327 3468 4373 emtum

1873 4411 2028 4479 prius
2081 4408 2432 4474 condiderit,
2493 4423 2559 4464 ac
2596 4406 2800 4463 deinde
2842 4415 3070 4463 terram.
3133 4407 3273 4462 Cum
3317 4409 3467 4463 enim

196 4507 482 4578 πρότερον,
521 4504 621 4562 εἷθ’
650 4509 822 4574 οὕτως
851 4515 879 4565 0
911 4512 1133 4582 ὄροφος,
1168 4514 1278 4568 ἔδει
1317 4515 1539 4580 πάντως
1587 4532 1769 4586 παρα-

1883 4504 2066 4575 priorc
2107 4504 2230 4559 loco
2251 4502 2613 4558 fundamenta
2640 4501 2936 4572 jaciantur,
2969 4508 3137 4570 atque
3169 4503 3240 4554 ita
3265 4500 3470 4555 deinde

194 4596 384 4667 χθῆναι
435 4598 535 4670 τὴν
587 4603 690 4671 γῆν
737 4605 834 4657 καὶ
880 4605 1002 4658 τότε
1051 4607 1146 4659 τὸν
1199 4607 1453 4676 οὐρανόν.
1492 4607 1653 4662 Ἀλλά
1689 4607 1766 4680 μὴ

193 4689 442 4758 θαύμαζε
491 4689 685 4746 τούτου
734 4692 944 4749 ἕνεκεν.
1004 4696 1227 4771 Ἐπειδὴ
1280 4698 1392 4768 γὰρ
1438 4699 1618 4754 πάντα
1671 4699 1766 4754 τοῦ

193 4780 321 4836 Θεοῦ
351 4783 497 4854 ὑπὲρ
527 4783 688 4851 φύσιν
729 4785 851 4840 ἐστὶ
883 4789 976 4842 καὶ
1013 4789 1216 4860 τέχνης
1260 4791 1606 4857 ἀκολουθίαν,
1643 4809 1766 4847 και·

192 4875 272 4928 νὺν
327 4876 548 4939 πάντως
592 4877 774 4945 οὐδὲν,
813 4879 927 4948 εῐγε
987 4882 1084 4934 καὶ
1133 4883 1228 4936 ἐπὶ
1276 4884 1376 4954 τῆς
1423 4884 1519 4937 τοῦ
1551 4885 1762 4956 κόσμου

187 4969 376 5022 τούτου
401 4972 747 5041 παραγωγῆς
776 4965 868 5025 τὸν
917 4973 1150 5043 οὐρανὸν
1184 4975 1416 5046 ἐποίησε
1465 4977 1760 5048 πρότερον,

192 5057 306 5115 εἶτα
333 5062 433 5131 τὴν
459 5063 583 5131 γῆν.
615 5064 724 5117 Καὶ
753 5062 896 5116 οὕτω
929 5065 1028 5133 μὲν
1068 5067 1095 5117 0
1141 5064 1419 5129 θειότατος
1461 5066 1720 5137 Ἰωάννης
1745 5082 1760 5098 ⁸

189 5155 361 5224 ἕτεροι
390 5155 449 5208 δέ
480 5172 645 5225 φασιν
679 5157 762 5210 ὅτι
803 5158 831 5210 0
866 5157 1260 5229 ἀριστοτέχνης
1303 5159 1438 5224 Θεὸς
1474 5161 1569 5214 τὸν
1596 5160 1763 5232 οὖροι-

187 5247 274 5301 νὸν
292 5247 560 5318 πρότερον
596 5247 961 5317 παραγαγὼν,
995 5243 1119 5303 εἶτα
1160 5250 1260 5322 τὴν
1287 5253 1413 5322 γῆν,
1448 5253 1768 5324 ἀπόρρητον

191 5340 349 5394 αὑτοῦ
378 5341 573 5409 σοφίαν
594 5340 691 5393 καὶ
723 5343 920 5413 τέχνην
949 5343 1318 5415 παρέστησεν.
1370 5343 1604 5417 Ἐπειδὴ’
1629 5344 1766 5417 γὰρ,

192 5432 259 5496 ὡς
283 5437 310 5488 ὁ
340 5434 409 5488 τὰ
442 5433 564 5487 θεῖα
595 5434 762 5503 σοφὸς
803 5434 1108 5506 Γρηγόριος
1145 5439 1173 5490 0
1219 5436 1450 5506 Νύσσης
1485 5438 1651 5509 φησὶν
1679 5440 1763 5492 ὅτι

193 5522 268 5578 διὰ
310 5525 411 5596 τῆς
469 5525 652 5590 ὀξείας
709 5527 978 5597 κινήσεως
1029 5528 1126 5581 τοῦ
1183 5528 1444 5599 οὐρανίου
1505 5529 1760 5600 σώματος

192 5614 462 5685 ἐδράζεται
518 5618 665 5672 κατὰ
730 5615 915 5689 χώρας
973 5619 1006 5690 ἡ
1058 5621 1129 5693 γῆ
1190 5621 1286 5673 καὶ
1352 5619 1758 5689 συσφίγγετειι,

291 5778 446 5840 Joan.
480 5799 538 5847 v,
573 5780 661 5837 17.
743 5783 766 5814 ’
792 5783 965 5850 Apoc.
998 5799 1109 5853 XXI,
1142 5783 1192 5838 l.
1269 5787 1290 5818 ³
1327 5785 1466 5840 Gen.
1500 5801 1538 5852 ι,
1580 5785 1632 5839 l.

1878 4605 2085 4653 tectum
2118 4597 2438 4667 imponatur
2475 4593 2750 4656 aedificiis,
2782 4593 3009 4648 omnino
3041 4601 3186 4648 terra
3211 4594 3369 4659 prius
3409 4595 3465 4648 in

1873 4699 2058 4743 ortum
2093 4687 2452 4758 producenda
2488 4696 2648 4752 erat,
2707 4701 2771 4740 ac
2823 4695 2940 4740 tum
2982 4685 3204 4740 demum
3254 4673 3464 4741 coelum

1874 4795 2100 4851 quoque
2145 4779 2473 4837 creandum.
2501 4779 2706 4834 Verum
2752 4779 2917 4835 aliter
2950 4781 3126 4850 egisse
3162 4780 3334 4834 Deum
3371 4797 3471 4837 ne-

1875 4889 2154 4945 quaquam
2206 4873 2305 4928 tibi
2355 4874 2560 4927 mirum
2609 4871 2888 4927 videatur.
2937 4871 3072 4926 Nam
3108 4871 3246 4927 'cum
3297 4890 3464 4946 opera

1878 4967 2054 5039 ipsius
2083 4966 2267 5021 omnia
2299 4974 2514 5021 naturae
2543 4965 2692 5036 leges
2721 4962 2995 5020 excedant
3022 4973 3080 5020 et
3110 4979 3331 5021 omnem
3373 4984 3466 5022 ar-

1873 5061 1944 5118 tis
1974 5059 2202 5125 seriem,
2233 5059 2375 5128 nihil
2419 5073 2624 5113 novum
2646 5096 2663 5124 ,
2691 5056 2738 5111 si
2771 5057 2938 5112 etiam
2973 5057 3029 5111 in
3081 5059 3272 5112 mundi
3308 5076 3466 5115 erea-

1871 5157 2023 5212 tione
2051 5153 2252 5208 coelum
2286 5152 2475 5221 priore
2505 5149 2651 5215 loco,
2681 5157 2887 5204 terram
2916 5150 3162 5204 secundo
3192 5151 3461 5209 condidit.

1871 5250 1988 5305 Hoc
2019 5247 2186 5303 modo
2213 5246 2440 5302 divinus
2472 5244 2566 5300 ille
2596 5244 2838 5300 Joannes
2878 5245 3025 5300 hanc
3059 5244 3462 5301 dubitationem

1866 5343 2191 5414 explicavit.
2240 5339 2345 5394 Alii
2375 5355 2510 5395 vero
2543 5340 2738 5395 dicunt
2777 5341 2952 5395 Deum
3006 5355 3284 5395 summum
3331 5342 3464 5393 arti-

1865 5438 2025 5496 ﬁcem
2056 5437 2296 5508 primum
2330 5434 2473 5490 caelo
2504 5432 2732 5488 condito
2757 5433 2957 5489 deinde
2989 5441 3186 5488 terram
3218 5448 3456 5493 creasse,

1865 5541 1924 5586 ut
1958 5531 2064 5586 hoc
2096 5530 2214 5600 ipso
2243 5527 2578 5584 ineﬂabilem
2623 5527 2951 5598 sapientiam
2987 5538 3272 5594 artemque
3299 5538 3467 5608 suam

1861 5622 2191 5682 declararet.
2245 5622 2380 5679 Nam
2415 5637 2542 5680 cum
2587 5621 2657 5677 de
2703 5619 2980 5677 sententia
3014 5617 3265 5690 Gregorii
3315 5617 3447 5689 Nys-
