4008 6436
1195 213 1226 243 ο

505 301 566 367 31
1776 296 2198 370 MICHAELIS
2229 295 2488 364 GLYCAZ
3689 295 3756 361 3?.

503 412 704 475 sensis,
735 411 787 483 3
817 412 1060 468 hominis
1117 427 1305 468 rerum
1351 413 1662 469 divinarum
1719 417 2037 482 peritissimi
2066 457 2078 479 .,
2109 463 2112 477 4

2216 433 2392 489 πρεπε
2421 415 2637 476 πάντως
2667 410 2760 465 τὸν
2813 407 3044 479 σονοχέα
3077 406 3434 478 παραχθῆναι
3469 409 3754 480 πρότερον,

503 521 604 575 per
655 505 900 560 cmlestis
950 505 1202 573 corporis
1252 513 1462 558 motum
1508 503 1857 558 celerrimum
1888 518 1989 557 suo
2029 507 2087 557 in

2214 505 2310 561 ita
2333 509 2424 560 τὸν
2458 505 2836 575 συνεχόμενον.
2870 502 2929 554 Ei
2959 501 3146 578 Beata).
3179 499 3344 552 πλέον
3377 499 3754 569 ὲπαπορήσειέ

505 596 630 650 loco
662 604 805 650 terra
853 594 1168 648 stabiliatur
1214 602 1272 650 et
1303 594 1461 664 quasi
1505 594 1937 663 constringatur,
1967 609 2088 648 om-

505 688 642 741 nino
689 686 1054 741 conveniebat
1116 685 1170 740 id
1231 687 1388 756 prius
1443 686 1620 740 creari
1677 686 1822 755 quod
1857 685 2090 739 alterum

505 780 820 834 contineret
865 795 1026 848 quam
1080 779 1229 849 quod
1280 779 1679 835 contineretur.
1721 778 1930 844 Quodsi
1978 778 2088 847 jam

507 871 632 942 quis
663 871 903 941 amplius
955 871 1174 926 dubitet
1202 911 1218 937 ,
1248 871 1340 942 qui
1397 871 1598 927 factum
1631 871 1704 926 sit
1756 881 1815 925 ut
1847 882 1986 924 terra
2020 872 2084 923 de

510 965 872 1020 fundamento
925 979 1026 1019 suo
1062 980 1171 1019 non
1232 964 1400 1020 fuerit
1432 973 1613 1018 emota
1644 1003 1659 1028 ,
1691 979 1802 1031 quo
1851 972 2094 1029 tempore

508 1056 714 1110 cmlum
746 1071 856 1110 non
889 1057 1202 1127 agitabatur
1239 1068 1463 1110 motuvc
1494 1071 1592 1109 suo
1621 1054 1905 1108 ferebatur
1931 1052 2096 1121 (hanc

513 1145 664 1198 enim
729 1146 1090 1214 quaestionem
1145 1145 1382 1199 eximius
1441 1144 1530 1198 ille
1583 1143 1848 1197 Maximus
1911 1141 1965 1194 in
2027 1140 2096 1194 iis

519 1251 642 1305 qua:
664 1235 728 1289 ad
753 1235 1104 1289 Thalassium
1140 1236 1361 1303 scripsit
1391 1235 1595 1300 movet)
1628 1233 1755 1288 Jesu
1809 1231 1954 1286 Nave
1988 1225 2098 1284 ﬁlio

511 1327 731 1381 dicente
781 1344 796 1382 :
855 1347 872 1379 ι
911 1327 1004 1380 Sol
1037 1326 1179 1397 apud
1219 1326 1531 1382 Gabaonem
1567 1324 1831 1378 subsistat
1870 1331 1927 1376 et
1967 1321 2096 1375 luna

513 1419 579 1471 ad
637 1417 834 1470 vallem
887 1415 1142 1470 ASIonem
1185 1416 1246 1480 ⁶;
1290 1435 1308 1468 ι
1364 1416 1415 1470 ei
1475 1412 1974 1483 respondebimus,
2006 1412 2099 1466 ubi

513 1509 660 1563 Deus
693 1508 848 1571 velit,
881 1508 1132 1561 ordinem
1166 1516 1380 1560 natura:
1431 1505 1599 1559 vinci.
1637 1504 1769 1558 Nam
1812 1503 1860 1557 si
1895 1502 2014 1571 eius
2047 1503 2100 1556 in

515 1615 684 1655 manu
729 1609 858 1654 sunt
903 1609 1066 1653 terra:
1097 1597 1305 1652 limites
1327 1639 1342 1663 ,
1391 1595 1439 1650 si
1476 1604 1633 1650 terrae
1665 1595 1951 1649 columnas
1985 1593 2104 1664 ipse

517 1679 809 1756 stabilivit:
843 1701 902 1744 ut
934 1691 1167 1745 Davides
1185 1689 1454 1760 loquitur,
1489 1689 1535 1744 si
1559 1697 1719 1742 terra:
1747 1685 2101 1742 fundamenta

2189 617 2271 662 τις
2312 597 2568 662 ἐνταῦθα,
2622 595 2739 657 πῶς
2789 593 2824 664 ἡ
2877 593 2973 662 γῆ,
3014 592 3216 660 λέγων,
3271 591 3374 644 οὐκ
3415 591 3612 662 ἐξέστη
3661 591 3762 661 τῆς

2192 689 2396 753 οἰκείας
2426 687 2636 758 βάσεως
2667 686 2925 755 ἀκινήτου
2956 683 3051 736 τοῦ
3083 681 3319 752 οὐρανοῦ
3349 682 3658 750 γεγονότος,
3688 681 3764 746 ὠς

2195 783 2254 833 ἐν
2288 782 2402 844 τοῖς
2432 779 2570 852 πρὸς
2604 777 2906 832 Θαλάσσιον
2952 777 2980 829 6
3032 776 3206 844 μέγας
3237 775 3512 842 Μάξιμος,
3550 773 3716 843 ήνίκα
3738 775 3766 826 6

2194 873 2290 926 τοῦ
2321 873 2477 942 Ναυῆ
2517 871 2728 942 Ἰησοῦς
2773 868 2983 936 ἔλεγε,ι
3020 867 3209 934 Στήτω
3237 866 3265 918 6
3291 865 3442 936 ἥλιος
3491 865 3634 918 κατὰ
3665 864 3766 918 Γα-

2195 966 2334 1032 σαῶ,
2371 966 2465 1018 καὶ
2516 966 2550 1034 ἡ
2599 963 2796 1032 σελήνη
2847 962 2990 1016 κατὰ
3040 960 3306 1031 φάραγγα
3347 958 3560 1028 suam,
3597 976 3618 1010 ι
3649 958 3767 1012 τότε

2196 1055 2333 1124 πρὸς
2393 1055 2560 1110 αὐτὸν
2609 1053 2848 1123 ἐροῦμεν
2903 1054 2985 1107 ὅτι
3035 1053 3170 1106 ὅπου
3221 1051 3476 1121 βούλεται
3525 1053 3555 1104 6
3611 1051 3767 1116 Θεὸς,

2196 1147 2414 1200 νικᾶται
2448 1145 2664 1214 φύσεως
2699 1145 2873 1212 τάξις.
2902 1145 2966 1198 Ei
2997 1143 3106 1215 γὰρ
3143 1145 3202 1196 ὲν
3235 1146 3302 1214 τῇ
3333 1143 3480 1213 χειρὶ
3511 1142 3682 1196 αὐτοῦ
3704 1141 3772 1195 τὰ

2200 1237 2411 1305 πέρατα
2435 1239 2534 1306 τῆς
2569 1235 2698 1304 γῆς,
2733 1237 2780 1288 εί
2807 1235 2903 1289 καὶ
2933 1235 3059 1299 τούς
3101 1235 3327 1297 στύλους
3353 1235 3456 1303 τῆς
3483 1235 3590 1303 γῆς
3611 1232 3772 1295 αὐτδς

2199 1323 2519 1391 ὲστερέωσε,
2555 1323 2700 1377 καθά
2733 1338 2899 1392 φησιν
2925 1325 2953 1376 6
2984 1324 3169 1388 Δασὶδ,
3208 1326 3257 1376 εἰ
3307 1323 3643 1393 ἑθεμελίωσε
3675 1322 3772 1390 τὴν

2200 1413 2304 1482 γῆν
2328 1415 2421 1468 ἐπὶ
2453 1415 2551 1485 τὴν
2578 1414 2883 1484 ἀσφάλειαν
2915 1417 3087 1484 αὐτῆς
3123 1414 3264 1470 ὥστε
3303 1416 3377 1485 μὴ
3409 1413 3666 1484 κλιθῆναι
3693 1414 3772 1478 είς

2200 1507 2293 1560 τὸν
2323 1507 2516 1572 αἰῶνα,
2555 1507 2630 1576 μὴ
2679 1504 2927 1575 θαύμαζε
2962 1507 3079 1574 εῐγε
3124 1507 3222 1560 καὶ
3255 1505 3347 1558 τοῦ
3379 1489 3616 1576 οὐρανοῦ
3659 1505 3775 1558 ἀκι-

2201 1596 2366 1666 νήτου
2394 1595 2528 1648 ποτε
2575 1596 2861 1665 μείναντος
2891 1597 2990 1666 τῆς
3010 1595 3217 1658 οἰκείας
3253 1596 3285 1666 ἠ
3316 1597 3386 1664 γῆ
3427 1594 3641 1664 βάσεως
3677 1593 3776 1646 οὐκ

2203 1687 2485 1751 ἐξέπεσεν.
2522 1688 2583 1740 El
2617 1687 2726 1758 γὰρ
2778 1688 2874 1742 καὶ
2928 1687 3146 1757 φυσικῷ
3194 1686 3341 1757 λόγῳ
3379 1685 3449 1740 τὰ
3482 1685 3663 1741 πάντα
3691 1683 3776 1752 γίο

516 1793 668 1838 certa
704 1783 970 1852 firmaque
1009 1781 1144 1852 jecit
1174 1821 1190 1848 ,
1248 1791 1310 1836 ut
1354 1791 1684 1850 perpetuum
1737 1793 1802 1833 ea
1841 1777 1964 1833 loco
1993 1794 2104 1835 non

2214 1795 2388 1832 νονται
2421 1778 2682 1850 σήμερον,
2713 1777 2833 1834 ἀλλ’
2881 1777 3104 1832 δπειδὰν
3142 1778 3170 1831 6
3199 1779 3302 1847 τῆς
3331 1774 3553 1845 φύσεως
3583 1774 3778 1846 βουλη-

521 1884 867 1938 moveantnr,
927 1873 1120 1927 desine
1175 1873 1361 1926 mirari
1413 1870 1560 1942 quod
1616 1868 1916 1941 aliquando
1975 1871 2100 1925 cmli

519 1976 671 2020 motu
707 1967 1033 2036 quiescente
1068 1964 1136 2018 de
1166 1963 1526 2019 fundamento
1563 1977 1664 2018 suo
1698 1971 1844 2017 terra
1874 1976 1982 2017 non
2007 1976 2103 2016 ex-

2207 1869 2328 1939 θείη
2381 1868 2680 1940 Δεσπότης,
2720 1871 2842 1924 τότε
2895 1870 2989 1924 καὶ
3047 1868 3188 1939 ὑπὲρ
3237 1868 3400 1937 φύσιν
3429 1868 3652 1940 ὁρῶμεν
3681 1866 3778 1920 οὐκ

2207 1960 2364 2031 ὀλίγα
2401 1959 2510 2017 τῶν
2543 1961 2890 2033 πραγμάτων
2925 1961 3212 2032 γινόμενα.

517 2061 738 2117 ciderit.
785 2060 1110 2131 Quanquam
1169 2061 1318 2116 enim
1375 2045 1562 2116 omnia
1621 2058 1830 2112 ratione
1897 2066 2109 2112 naturae
2145 2065 2522 2112 consentanea
2585 2055 2718 2112 ﬁant
2781 2055 2968 2122 hodie,
3001 2062 3184 2111 tamen
3213 2053 3258 2111 si
3292 2052 3517 2126 quidem
3563 2053 3637 2108 ita
3682 2065 3778 2107 na-

519 2169 659 2214 tura:
691 2157 955 2212 Dominus
989 2157 1081 2212 ille
1124 2156 1277 2221 velit,
1309 2154 1474 2210 etiam
1507 2169 1674 2223 supra
1709 2163 1923 2209 naturas
1948 2153 2094 2223 leges
2129 2154 2384 2210 accidere
2415 2169 2526 2210 non
2557 2167 2732 2223 pauca
2754 2153 3034 2208 videmus.

585 2250 806 2305 Creavit
840 2250 1007 2320 igitur
1057 2249 1214 2304 initio
1247 2251 1446 2304 coelum
1489 2249 1558 2318 let
1598 2258 1822 2312 terram,
1855 2257 1914 2302 et
1945 2247 2107 2318 quia,

519 2343 665 2396 sicut
690 2339 932 2396 eximius
967 2340 1060 2394 ille
1084 2339 1320 2394 Basilius
1345 2339 1443 2402 ait,
1477 2355 1543 2392 ex
1574 2337 1952 2392 obstructione
1985 2352 2112 2391 cor-

523 2433 674 2504 poris
705 2432 949 2487 cmlestis
982 2447 1075 2484 aer
1107 2429 1399 2500 caliginem
1436 2429 1599 2482 altam
1631 2429 1886 2483 induerat
1929 2427 2112 2498 (erant

521 2524 695 2583 enim,
734 2521 916 2590 inquit
946 2521 1142 2584 Moses,
1177 2519 1366 2576 causa:
1389 2521 1585 2591 abysso
1617 2519 1900 2590 tenebrae),
1929 2519 2109 2574 lucem

527 2614 672 2667 hanc
709 2613 965 2667 sensiletu
995 2612 1257 2681 produxit
1295 2612 1461 2676 Deus,
1491 2621 1551 2664 ut
1585 2610 1638 2665 in
1666 2611 1830 2666 terris
1861 2625 1925 2665 ea
1956 2610 2110 2665 luce-

524 2714 635 2758 ret.
672 2704 885 2773 Quippe
917 2719 1025 2757 uou
1049 2703 1416 2758 conveniebat
1437 2711 1496 2756 ut
1531 2703 1682 2756 rivus
1703 2701 1859 2771 quasi
1885 2701 2110 2771 quidam

523 2807 582 2853 ct
612 2796 879 2866 particula
904 2795 1045 2850 lucis
1076 2795 1226 2849 illius
1254 2792 1613 2859 intellectilis,
1646 2808 1767 2863 quae
1791 2793 2112 2862 expertibus

528 2905 728 2945 crassae
763 2889 1012 2943 trateriei
1047 2887 1413 2957 potestatibus
1459 2886 1653 2950 adest,
1706 2885 1761 2939 in
1793 2887 1896 2939 hoc
1923 2900 2110 2939 crasso

540 2991 596 3033 ct
633 2977 954 3048 aspectabili
1001 2976 1210 3030 mundo
1257 2977 1684 3046 relinqueretur,
1725 2990 1851 3030 cum
1914 2974 2108 3030 barum

527 3082 763 3140 utraque
798 3069 939 3123 nihil
961 3071 1106 3123 inter
1137 3085 1196 3124 sc
1229 3084 1520 3124 commune
1553 3069 1776 3122 haheat.
1805 3066 1940 3122 Nam
1975 3067 2113 3122 lucis

532 3169 707 3237 ipsius
740 3167 953 3220 ratione
985 3165 1224 3220 mundus
1261 3165 1596 3220 intellectilis
1638 3174 1692 3220 et
1719 3164 1938 3220 sensilis
1971 3165 2116 3220 inter

533 3276 591 3314 se
618 3260 825 3313 diversi
860 3269 1007 3323 sunt,
1039 3267 1094 3312 ct
1126 3257 1416 3326 utriusque
1450 3257 1541 3310 lux
1573 3271 1705 3311 suos
1733 3257 1877 3310 intra
1912 3257 2114 3311 limites

535 3352 812 3418 consistit,
835 3349 1298 3419 quemadmodum
1328 3347 1627 3416 Gregorius
1663 3347 1973 3416 Theologus
2001 3347 2114 3401 cla-

531 3445 756 3500 rissime
810 3443 1057 3514 scripsit.
1113 3440 1374 3496 Animum
1430 3439 1599 3509 igitur
1643 3439 1712 3493 iis
1755 3453 1878 3507 qua:
1907 3438 2113 3492 dicturi

529 3549 726 3589 sumus
758 3535 1010 3588 adverte.
1046 3529 1182 3586 Cum
1224 3527 1481 3583 mandato
1518 3528 1707 3582 divino
1741 3528 1941 3582 caelum
1969 3527 2114 3583 circa

532 3640 624 3680 res
649 3625 894 3680 inclusas
923 3625 1110 3679 subito
1129 3621 1280 3675 velut
1307 3630 1594 3676 extensum
1631 3619 1855 3686 fuisset,
1883 3634 2117 3689 corpore

532 3723 798 3777 continuo
829 3721 1139 3792 praeditum,
1169 3719 1315 3788 quod
1362 3717 1524 3772 facile
1565 3717 1830 3788 interiora
1864 3731 2118 3786 separare

533 3816 604 3871 ab
637 3814 897 3870 extrariis
929 3822 1138 3883 posset,
1165 3809 1480 3890 necessario
1504 3808 1707 3863 [actum
1739 3817 1828 3864 est
1852 3816 1912 3863 ut
1944 3808 2119 3864 inclu-

533 3922 634 3962 sus
665 3908 811 3961 intra
835 3906 1038 3960 caelum
1060 3904 1217 3957 locus
1233 3915 1434 3971 expers
1461 3900 1603 3955 lucis
1620 3907 1893 3964 maneret,
1908 3910 2120 3955 secreta

539 3995 804 4048 nimirum
856 3993 926 4046 ab
948 4007 1014 4046 eo
1054 3992 1176 4044 luce
1213 3991 1302 4044 illa
1335 3990 1595 4044 extraria.
1640 3987 1775 4042 Nam
1796 3988 1842 4043 si
1877 4004 1999 4057 quae
2021 4004 2123 4043 ex-

539 4090 807 4145 stiterunt
857 4095 986 4141 ante
1048 4085 1239 4140 mundi
1296 4085 1462 4154 hujus
1516 4084 1738 4139 sensilis
1770 4093 1828 4138 et
1871 4083 2120 4140 interitui

540 4181 765 4238 obnoxii
798 4190 1005 4245 ortum,
1042 4179 1192 4233 haud
1242 4179 1409 4232 dubie
1449 4178 1504 4232 in
1563 4178 1685 4232 luce
1736 4179 2121 4247 versabantur,

541 4283 606 4329 ut
639 4288 871 4344 magnus
917 4273 1006 4326 ille
1047 4280 1238 4326 noster
1269 4269 1502 4325 Basilius
1535 4271 1730 4340 inquit,
1773 4286 1876 4327 nec
1906 4273 1992 4326 vel
2023 4287 2120 4327 an-

2283 2269 2304 2301 (
2352 2250 2442 2303 Ἐν
2472 2250 2614 2319 ἀρχῇ
2647 2248 2912 2316 ἐποίησεν
2948 2249 2977 2300 6
3010 2247 3146 2310 Θεδς
3177 2247 3269 2300 τὸν
3294 2246 3534 2317 οὐρανὸν
3562 2248 3658 2302 καὶ
3685 2227 3780 2314 τὴν

2206 2343 2329 2412 γῆν.
2362 2361 2380 2394 ι
2417 2342 2529 2395 Καὶ
2557 2341 2768 2410 ἐπειδὴ,
2797 2339 2986 2404 καθώς
3012 2357 3178 2410 φησιν
3210 2341 3237 2392 6
3269 2339 3442 2410 μέγας
3474 2339 3778 2404 Βασίλειος,

2205 2433 2267 2500 ἐξ
2289 2433 2663 2504 ἀντιφράξεως
2689 2433 2784 2487 τοῦ
2814 2433 3071 2504 οὐρανίου
3128 2432 3384 2502 σώματος
3415 2432 3560 2502 βαθύ
3595 2431 3782 2496 σκότος

2205 2528 2235 2580 6
2283 2525 2392 2596 ἀὴρ
2441 2524 2732 2580 ἐνεδύσατο
2771 2524 2891 2596 (καὶ
2951 2524 3142 2588 σκότος
3191 2525 3323 2592 γὰρ,
3366 2524 3562 2593 φησὶν,
3603 2523 3783 2578 ἐπάνω

2207 2614 2305 2684 τῆς
2352 2614 2639 2684 ἀϐύσσου),
2685 2615 2979 2684 παρήγαγε
3033 2614 3096 2667 τὸ
3157 2613 3414 2677 αἰσθητὸν
3467 2614 3633 2667 τοῦτο
3672 2612 3783 2680 φῶς

2208 2705 2350 2760 ὥστε
2389 2707 2602 2774 φαίνειν
2652 2706 2746 2759 ἐπὶ
2810 2707 2912 2776 τῆς
2950 2705 3074 2776 γῆς.
3129 2705 3264 2761 Οὐδὲ
3313 2707 3425 2775 γὰρ
3477 2705 3782 2778 ἀπορρὧά

2208 2813 2328 2852 τινα
2377 2797 2474 2850 τοῦ
2528 2796 2721 2866 νοητοῦ
2780 2796 2960 2866 φωτὸς
3014 2797 3226 2851 ἐκείνου
3266 2799 3363 2852 τοῦ
3415 2801 3542 2863 ταῖς
3601 2799 3782 2863 ἄθλοις

2208 2889 2509 2958 προσόντος
2565 2889 2865 2960 δυνάμεσιν
2924 2890 3372 2960 ἐναποληφθῆναι
3435 2890 3651 2962 ἔπρεπε
3706 2891 3783 2959 τῷ

2213 2980 2382 3050 ὐλικῷ
2416 2980 2593 3052 τούτῳ
2621 2981 2813 3060 κόσμῳ
2868 2983 2963 3037 καὶ
3007 2981 3210 3052 ὁρατῷ,
3243 2981 3326 3035 ὅτι
3360 2981 3494 3052 μηδὲ
3532 2984 3786 3041 κοινωνει

2214 3072 2328 3134 τοῖς
2377 3072 2436 3124 ἐν
2488 3073 2826 3143 ἀμφοτέροις
2871 3073 3106 3144 νοητοῖς.
3150 3073 3310 3127 Κατὰ
3339 3073 3452 3144 γὰρ
3487 3075 3655 3128 τοῦτο
3693 3074 3784 3127 καὶ

2215 3160 2560 3232 διεστηκέναι
2596 3163 2696 3232 μὲν
2723 3162 2817 3217 ἀπ’
2848 3161 3101 3232 ἀλλήλων
3145 3163 3238 3217 τόν
3261 3181 3323 3217 τε
3355 3164 3554 3232 νοητὸν
3586 3165 3784 3234 κόσμον

2216 3252 2311 3304 καὶ
2359 3251 2451 3305 τὸν
2497 3253 2778 3322 αἰσθητὸν,
2821 3254 3118 3324 έστηκέναι
3172 3254 3230 3308 δὲ
3283 3253 3395 3309 τῶν
3445 3254 3602 3310 ίδίων
3650 3256 3785 3328 ὅρων

2217 3343 2368 3405 ὲντδς
2399 3345 2432 3414 η
2464 3343 2713 3414 θεολόγος
2743 3345 2965 3414 γλῶσσα
2990 3345 3301 3418 τρανότατα
3323 3347 3519 3417 ἔφησε.
3548 3348 3784 3420 Πρόσεχε

2217 3431 2332 3492 οὖν.
2390 3438 2606 3509 Ἐπειδὴ
2670 3438 2781 3510 γὰρ
2840 3439 3226 3512 προστάγματι
3281 3439 3413 3513 θείῳ
3485 3439 3786 3514 περιετὰθη

2219 3527 2415 3598 ἀθρόον
2463 3532 2491 3582 ὁ
2534 3530 2763 3600 οὐρανὸς
2805 3529 2966 3602 σῶμα
3000 3531 3141 3600 ἔχων
3195 3534 3438 3604 συνεχὲς,
3467 3535 3658 3598 ἱκανὸς
3684 3535 3788 3588 τῶν

2217 3620 2324 3686 ἔξω
2366 3621 2654 3693 διαστῆσαι
2709 3624 2779 3676 τὰ
2825 3621 3008 3690 ἔνδον,
3059 3625 3382 3693 ἀναγκαίως
3435 3626 3530 3680 τδν
3593 3629 3787 3682 ιναποο

2218 3709 2492 3780 ληφθέντα
2527 3711 2679 3782 αὐτῷ
2705 3712 2871 3765 τόπον
2911 3713 3126 3782 ἀφεγγῆ
3165 3715 3492 3785 κατέστησε,
3524 3717 3632 3788 τὴν
3662 3714 3786 3782 ιξωο

2221 3801 2314 3854 θεν
2352 3801 2530 3873 αὐγὴν
2583 3801 2867 3872 διακόψας.
2919 3801 2986 3856 Et
3029 3819 3086 3856 τι
3133 3802 3242 3874 γὰρ
3293 3798 3362 3874 ἧν
3405 3805 3512 3877 πρὸ
3564 3806 3664 3877 τῆς
3695 3806 3788 3859 τοῦ

2220 3892 2484 3962 αἰσθητοῦ
2515 3891 2673 3947 τοῦδε
2718 3895 2925 3963 κόσμου
2975 3893 3312 3963 συστάσεως,
3345 3897 3406 3950 ιν
3435 3901 3580 3966 φωτὶ
3608 3898 3788 3968 διῆγεν

2219 3982 2694 4054 ὁμολογουμένως,
2742 3985 2819 4050 ὡς
2881 3987 2909 4040 ό
2965 3986 3239 4051 θειότατός
3285 4003 3420 4057 φησι
3484 3988 3786 4051 Βασίλειος.

2221 4077 2358 4131 Οὐδὲ
2391 4075 2501 4148 γὰρ
2523 4077 2579 4131 αἱ
2606 4077 2717 4132 τῶν
2751 4077 3004 4146 ἀγγέλων
3028 4077 3179 4144 ἀξίαι
3207 4078 3305 4133 καὶ
3332 4081 3509 4135 πᾶσαι
3538 4083 3598 4135 αἱ
3627 4084 3787 4136 επον-

2225 4171 2409 4243 ράνιαι
2443 4171 2694 4238 στρατιαὶ
2729 4171 2788 4225 ὲν
2838 4171 3020 4226 σκότει
3050 4172 3254 4242 διῆγον,
3295 4171 3411 4226 ἀλλ’
3442 4174 3504 4226 ὲν
3529 4175 3672 4243 φωτὶ
3697 4172 3790 4227 καὶ

2224 4264 2373 4334 πάσῃ
2415 4262 2721 4334 εὐφροσύνῃ
2771 4266 3140 4333 πνευματικῇ.
3175 4265 3247 4316 Τὸ
3277 4263 3459 4318 τοίνυν
3487 4263 3790 4333 ὲγκόσμιον

543 4367 649 4436 geli
679 4365 766 4420 vel
801 4372 1013 4419 eceterae
1065 4364 1321 4418 caelestes
1382 4363 1556 4432 copia:
1607 4362 1662 4415 in
1700 4362 1931 4433 caligine
1959 4363 2112 4433 dege-

2228 4353 2417 4416 σκότος
2461 4356 2529 4425 τῇ
2569 4351 2663 4408 τοῦ
2699 4353 2952 4424 οὐρανίου
2987 4355 3239 4424 σώματος
3275 4355 3606 4425 παρυπέστη
3642 4355 3788 4424 σκιᾷ.

453 4451 456 4458 ’
544 4456 696 4518 bant,
723 4453 816 4509 scd
859 4454 912 4508 in
949 4454 1070 4509 luce
1102 4468 1167 4508 ac
1193 4453 1342 4508 omni
1376 4452 1562 4507 laetitia
1598 4452 1889 4522 spirituali.
1915 4454 2123 4519 Quam-

542 4544 732 4600 obrem
786 4547 1037 4614 sequitur
1099 4543 1198 4597 has
1235 4541 1290 4596 in
1349 4541 1556 4595 mundo
1601 4541 1838 4610 primum
1901 4541 2125 4594 condito

548 4634 804 4688 tenebras
855 4647 923 4687 ex
970 4633 1222 4701 corporis
1271 4631 1512 4687 caelestis
1547 4630 1741 4684 umbra
1791 4628 1966 4684 fuisse
2000 4643 2127 4698 pro-

545 4724 742 4780 lectas.
775 4723 890 4777 lloc
927 4734 1109 4776 tamen
1143 4722 1265 4775 loco
1295 4720 1591 4790 diligenter
1620 4735 1650 4774 a
1676 4720 1837 4775 nobis
1867 4719 2125 4774 conside-

550 4817 657 4869 rari
687 4815 1008 4885 quidpiam,
1049 4830 1230 4884 opera:
1284 4814 1523 4883 pretium
1574 4812 1764 4866 fuerit.
1804 4811 1926 4866 Non
1978 4810 2126 4865 diem

553 4922 660 4959 nox
686 4907 990 4974 praecessit,
1033 4914 1091 4959 ut
1131 4904 1405 4974 imperitis
1433 4902 1763 4973 quibusdam
1815 4902 2049 4958 videtur.
2073 4901 2132 4974 4

551 4994 686 5050 Nam
717 4996 822 5049 illae
849 4997 1088 5051 tenebrae
1119 5011 1244 5066 quae
1269 5005 1396 5050 ante
1419 4996 1561 5050 lucis
1593 4995 1755 5066 hujus
1781 4993 2132 5065 aspectabilis

549 5088 888 5142 creationem
929 5088 1286 5152 exstiterunt,
1309 5103 1410 5142 nec
1439 5087 1681 5142 essentia
1701 5086 1948 5156 quaedam
1976 5093 2134 5140 erant

553 5181 781 5246 (etenim
843 5196 909 5234 ex
970 5180 1348 5234 obstructionc
1409 5178 1645 5248 quadam
1693 5190 1826 5232 ortae
1880 5186 2030 5242 sunt,
2069 5183 2131 5229 ut

554 5273 708 5340 prius
750 5282 830 5326 cst
871 5272 1220 5343 indicatum),
1280 5287 1383 5326 nec
1438 5272 1610 5326 sacris
1665 5270 1719 5325 in
1753 5270 1976 5324 Litteris
2023 5283 2130 5323 nox

553 5366 924 5434 appellantur,
963 5377 1015 5421 ut
1059 5366 1186 5420 inde
1222 5364 1478 5419 concludi
1543 5363 1716 5434 possit
1751 5362 1859 5416 diei
1911 5371 2132 5416 noctem

553 5475 676 5509 csa:
709 5457 1155 5525 pra-ponendam.
1188 5456 1512 5525 Quanquam
1545 5453 1691 5508 enim
1721 5454 1904 5508 dicere
1933 5452 2135 5507 Mosem

555 5546 750 5599 audias
788 5546 958 5599 Deum
989 5584 1004 5610 ,
1065 5555 1352 5614 postquam
1398 5544 1576 5597 lucem
1609 5559 1637 5596 a
1668 5541 1911 5597 tenebris
1941 5542 2138 5600 distin-

629 5701 647 5728 ’⁵
678 5698 841 5752 Justiti
873 5712 922 5763 x,
973 5697 1054 5748 ιε.

2239 4443 2382 4500 Ἀλλ’
2409 4443 2646 4499 ἐνταῦθα
2683 4444 2974 4516 προσέχειν
3010 4445 3180 4509 ἄξιον.
3224 4445 3360 4499 Οὐδὲ
3389 4449 3498 4517 γὰρ
3532 4448 3796 4518 προηγεί-

2226 4554 2316 4590 ται
2346 4540 2446 4609 τῆς
2487 4537 2700 4608 ἡμέρας
2746 4538 2779 4607 ἡ
2815 4535 2932 4602 νὺξ,
2957 4535 3032 4599 ὡς
3062 4535 3212 4603 ἔδοξέ
3244 4553 3388 4592 τισιν
3418 4537 3684 4606 ἀμαθέσι.
3726 4535 3794 4588 Τὸ

2229 4625 2338 4697 γὰρ
2384 4625 2576 4690 σκότος
2603 4626 2782 4679 έκεῖνο
2807 4625 2866 4678 τὸ
2889 4625 2996 4695 πρὸ
3021 4627 3123 4696 τῆς
3175 4626 3515 4695 παραγωγῆς
3543 4625 3640 4678 τοῦ
3670 4625 3796 4694 ὀρα-

2230 4713 2324 4768 τοῢ
2350 4715 2504 4770 τοῦδε
2543 4714 2721 4785 φωτὸς
2754 4713 2880 4767 οὐτε
2920 4715 3076 4769 οὐσία
3104 4713 3186 4777 τίς
3225 4716 3374 4766 ἐστιν
3409 4714 3492 4784 (ἐξ
3525 4712 3794 4783 ἀντιφρά-

2232 4807 2365 4872 ξεως
2391 4807 2498 4876 γὰρ
2524 4805 2854 4876 ὑφέστηκεν,
2885 4805 2960 4868 ὡς
3002 4803 3368 4875 προείρηται),
3387 4803 3513 4857 οὐτε
3544 4804 3643 4870 νὺξ
3671 4803 3799 4855 ὠνο-

2234 4896 2418 4969 μάσθη
2457 4897 2607 4965 παρά
2651 4899 2752 4965 τῆς
2792 4893 2955 4962 ἁγίας
2999 4893 3243 4963 Γραφῆς,
3287 4891 3363 4954 ὡς
3413 4892 3661 4945 ἐντεῦθεν
3698 4890 3796 4957 τῆς

2229 4990 2444 5061 ἡμέρας
2492 4987 2589 5058 τὴν
2636 4986 2811 5041 νύκτα
2851 4985 3282 5056 προτάττεσθαι.
3313 4983 3380 5038 Εἰ
3431 4982 3540 5052 γὰρ
3583 4977 3795 5034 καὶτοῦ

2230 5081 2475 5144 Μωσέως
2503 5081 2740 5152 ῆκουσας
2775 5077 3028 5145 λέγοντος
3059 5077 3141 5130 ὅτι
3195 5073 3335 5146 μετὰ
3378 5073 3440 5126 τὸ
3468 5070 3796 5141 διαχωρίσαι

2232 5170 2324 5226 τὸν
2395 5171 2528 5224 Θεὸν
2583 5171 2860 5237 ἀναμέσον
2911 5167 3007 5222 τοῦ
3031 5165 3209 5236 φωτὸς
3249 5165 3346 5218 καὶ
3386 5163 3656 5234 ἁναμέσον
3706 5157 3796 5212 τοῦ

2234 5265 2458 5326 σκότους
2487 5261 2550 5315 τὸ
2583 5260 2680 5332 μὲν
2719 5263 2832 5330 φῶς
2865 5258 3081 5330 ἡμέραν
3119 5258 3374 5321 ἐκάλεσε,
3407 5255 3467 5308 τὸ
3503 5254 3559 5308 δὲ
3609 5252 3794 5310 σκότος

2233 5356 2459 5410 ἐκάλεσε
2504 5353 2696 5412 νύκτα.
2738 5353 2812 5422 μὴ
2875 5349 3144 5420 θαύμαζε.
3190 5347 3325 5402 Οὐδὲ
3365 5347 3473 5418 γὰρ
3517 5343 3577 5398 τὸ
3611 5341 3795 5399 σκότος

2234 5448 2411 5500 έκεῖνο
2438 5446 2498 5499 τὸ
2543 5446 2832 5517 πρότερον,
2853 5445 2927 5508 ὡς
2965 5443 3234 5514 Ἰώσηπος
3268 5441 3326 5493 ὲν
3356 5441 3422 5510 τῇ
3470 5435 3591 5492 καθ’
3639 5428 3797 5517 αὐτῷ

2236 5515 2598 5609 ἀργαιιολοκίᾳί
2641 5537 2898 5607 φαίνεται
2946 5535 3152 5608 λέγειν,
3203 5530 3342 5588 ἀλλὰ
3383 5530 3447 5585 τὸ
3513 5524 3648 5599 μετὰ
3699 5515 3796 5588 τὴν
