4008 6436
277 411 350 474 33
1159 429 1183 462 ο

1570 412 1853 473 ANNALI

2018 413 2210 474 PARS
2253 412 2299 472 Ι.
3478 408 3545 469 34

283 521 545 592 συστολὴν
595 520 688 577 τοῦ
743 505 921 593 φωτὸς
974 522 1159 594 χώραν
1206 523 1404 578 αὐτίκα
1456 525 1643 588 λαϐὸν,
1677 528 1856 580 έκεῖνο

1976 525 2163 588 tisset,
2202 522 2383 579 lucem
2442 520 2665 592 quidem
2718 517 3023 590 appellasse
3066 519 3212 575 diem
3236 556 3252 584 .
3286 519 3547 576 tenebras

278 614 725 670 νύκταυὲκάλεσε.
764 635 785 667 r
822 618 928 671 Καὶ
953 617 1172 685 ἐγένετο
1194 637 1213 669 ι
1247 617 1355 687 γάρ
1383 635 1549 687 φησιν
1577 637 1595 671 ι
1620 619 1850 689 ἑσπέρα,

279 710 375 762 καὶ
426 710 648 777 ἐγένετο
703 709 849 780 πρωῒ
901 711 1083 781 ἡμέρα
1131 710 1251 780 μία.
1302 706 1472 766 »Καὶ
1530 710 1719 765 πείθου
1774 711 1852 781 τῷ

279 799 505 870 μεγάλῳ
555 802 818 872 Βασιλεῑφ
868 803 1079 873 λέγοντι
1119 805 1203 857 ὅτι
1240 806 1407 876 ήπρὸ
1453 806 1556 875 τῆς
1586 805 1851 873 ’γενέσεως⁸

275 895 371 947 τοῦ
411 896 590 963 φωτὸς
631 898 690 946 ὲν
728 895 804 965 τῷ
855 897 1043 967 κόσμῳ
1072 898 1408 961 κατάστασις
1456 898 1581 967 οὐχὶ
1624 894 1723 963 ’νὺξ
1762 891 1850 967 ἦν,

278 983 416 1037 ἀλλά
442 985 651 1046 σκότος.
687 984 760 1038 T6
787 986 983 1053 μέντοι
999 986 1283 1039 διασταλὲν
1310 986 1449 1057 πρὸς
1483 986 1581 1057 τὴν
1614 986 1850 1056 ἡμέραν,

277 1074 439 1129 τοῦτο
473 1075 569 1142 νὺξ
616 1076 935 1147 ὠνομάσθη,
968 1078 1108 1148 ὅπερ
1146 1080 1422 1148 νεωτέρας
1475 1077 1854 1150 προσηγορίας

279 1169 421 1238 μετά
485 1169 584 1239 τὴν
645 1169 860 1240 ἡμέραν
919 1169 1244 1241 τετύχηκεν.
1301 1170 1513 1224 Οὐκοῦν
1575 1171 1610 1242 ἡ
1669 1169 1855 1240 ἡμέραι

279 1261 608 1327 προηγεῖται
641 1262 737 1328 τῆς
771 1261 986 1324 νυκτός.
1016 1261 1091 1314 T6
1130 1261 1239 1331 γὰρ
1283 1259 1400 1332 φῶς
1453 1263 1632 1316 ἐκεῖνο
1672 1260 1856 1315 διακε-

281 1352 517 1419 χυμένον
562 1349 621 1402 ὃν
666 1351 979 1421 ἁπανταχοῦ
1036 1354 1415 1407 συνεστέλλετο
1459 1353 1707 1407 κελεύσει
1758 1352 1856 1407 τοῦ

286 1437 701 1506 παραγαγόντος
742 1442 875 1494 αὐτὸ
906 1440 1065 1508 Θεοῦ,
1102 1444 1532 1513 συστελλόμενον
1587 1444 1645 1499 δὲ
1693 1446 1859 1518 πάρο-

283 1530 373 1583 δον
401 1530 574 1585 ἐδίδου
604 1535 671 1603 τῇ
702 1536 880 1599 νυκτὶ,
918 1534 1062 1589 καθά
1100 1553 1267 1606 φησιν
1306 1536 1595 1601 ἰουστῖνος
1644 1539 1671 1592 6
1707 1538 1860 1608 φιλό-

286 1638 449 1692 σοφος
492 1622 521 1675 6
567 1626 657 1678 καὶ
720 1626 930 1696 μάρτυς
970 1626 1236 1698 Χριστοῦ,
1268 1628 1365 1682 καὶ
1419 1628 1539 1701 μετ’
1583 1630 1797 1684 ἐκεῖνον
1830 1628 1858 1683 6

288 1717 461 1785 μέγας
505 1719 803 1785 Βασίλειος.
847 1721 1044 1777 Ἔνθεν
1076 1740 1164 1777 τοι
1215 1724 1314 1778 καὶ
1351 1725 1412 1779 τὸ
1448 1724 1626 1796 μῆκος
1674 1727 1858 1797 ἀμφο-

284 1810 460 1880 τέρων
523 1812 906 1869 ἑπισυνάπτων
971 1817 1000 1868 6
1051 1816 1252 1887 Μωσῆς
1302 1818 1401 1871 καὶ
1452 1818 1584 1887 μίαν
1644 1821 1861 1891 ἡμέραν

1966 633 2100 672 vero
2130 628 2353 674 noctem
2383 660 2397 685 ,
2427 617 2625 671 mirum
2669 614 2723 670 id
2751 623 2935 670 tamen
2965 628 3313 684 nequaquam
3344 613 3443 668 tibi
3466 613 3538 667 νίς

1964 710 2180 765 deatur.
2217 709 2435 780 Quippe
2453 725 2563 765 non
2582 709 2870 781 caliginem
2898 707 3047 762 illam
3064 707 3328 777 priorem,
3356 722 3546 777 quem-

1964 803 2261 857 admodum
2318 802 2375 857 in
2444 801 2603 857 libris
2644 800 2932 871 originum
2983 799 3102 855 suis
3152 800 3361 854 sentire
3395 797 3547 854 lose-

1964 886 2108 967 phus
2140 896 2383 960 videtur,
2422 893 2519 950 sed
2565 909 2686 948 eam
2722 908 2843 964 quae.
2871 902 2996 963 post
3024 892 3406 948 collectionem
3457 892 3546 945 lu-

1965 993 2047 1043 cis
2104 1000 2267 1043 suum
2333 1003 2458 1041 mox
2520 985 2701 1041 locum
2735 983 2993 1055 accepit,
3052 997 3271 1040 noetem
3307 983 3547 1037 vocavit.

1967 1080 2111 1135 Sunt
2152 1083 2303 1137 enim
2339 1082 2460 1136 haec
2490 1080 2656 1135 verba
2685 1077 2851 1134 Mosi:
2881 1096 2895 1134 :
2941 1095 2960 1129 ‹
3022 1076 3189 1132 Facto
3223 1090 3452 1145 vespere
3487 1090 3550 1129 ac

1967 1185 2130 1225 mane
2170 1171 2291 1226 dies
2346 1184 2492 1225 unus
2538 1168 2773 1224 exstitit.
2817 1185 2835 1220 ι
2894 1164 3106 1220 Idcirco
3132 1164 3318 1234 potius
3350 1174 3552 1231 magno

1966 1263 2170 1319 Basilio
2200 1262 2363 1318 ﬁdem
2391 1262 2554 1327 habe,
2588 1261 2684 1332 qui
2717 1259 2794 1315 ait
2824 1272 2951 1313 eum
2983 1266 3187 1313 statum
3224 1268 3432 1315 rerum,
3452 1252 3549 1322 qui

1965 1366 2092 1411 ante
2118 1354 2259 1412 lucis
2288 1363 2472 1411 ortum
2502 1355 2560 1410 in
2593 1354 2801 1408 mundo
2823 1350 3121 1414 eXstiterit,
3158 1363 3265 1403 non
3306 1354 3551 1411 noctem,

1967 1449 2059 1504 sed
2091 1450 2352 1505 tenebras
2373 1446 2573 1513 fuisse,
2596 1462 2722 1502 cum
2755 1446 2809 1501 id
2840 1444 2989 1516 quod
3020 1443 3131 1498 diei
3160 1438 3363 1498 deinde
3385 1453 3552 1508 oppo-

1967 1541 2134 1596 situm
2182 1538 2351 1595 fuerit
2379 1580 2395 1604 ,
2426 1540 2610 1595 noctis
2644 1554 2848 1593 nomen
2896 1535 3194 1605 acceperit,
3226 1531 3553 1603 appellatio-

1968 1645 2095 1685 nem
2152 1630 2367 1686 scilicet
2405 1629 2515 1685 diei
2571 1644 2710 1684 voce
2739 1612 3155 1683 ‘recentiorem.
3204 1625 3555 1692 Quapropter

1967 1728 2187 1777 no‘ctem
2228 1721 2348 1777 dies
2380 1720 2665 1791 prazcedit.
2696 1720 2832 1774 Nam
2882 1720 2975 1773 lux
3014 1718 3109 1772 illa
3136 1717 3267 1770 hinc
3292 1712 3423 1769 inde
3448 1709 3554 1765 dii-

1969 1815 2087 1870 lusa
2116 1813 2479 1885 colligebatur
2503 1813 2764 1873 mandato
2799 1812 2935 1878 Dei,
2970 1812 3065 1880 qui
3109 1824 3229 1863 eam
3278 1804 3551 1860 condide-

285 1902 600 1974 ἀποκαλῶν,
630 1903 772 1958 οὕτω
798 1907 896 1977 τὴν
925 1907 1263 1979 ὲκμέτρησιν
1300 1910 1411 1963 τῶν
1445 1910 1658 1981 χρόνων
1690 1914 1858 1977 ποιεῖ,

1976 1919 2052 1962 rat
2083 1927 2097 1973 ;
2135 1908 2367 1963 collecta
2388 1920 2551 1977 \vero,
2585 1915 2644 1959 ut
2665 1905 2865 1961 Justiui
2889 1901 3200 1973 philosophi
3232 1896 3553 1965 ChriStique

294 2014 313 2046 ι
339 1996 450 2048 Καὶ
481 1998 701 2064 ἐγένετο
739 2019 758 2051 ι
788 1999 965 2068 λέγων
1000 2020 1019 2053 ‹
1055 2002 1286 2074 ἑσπέρα,
1312 2005 1406 2058 καὶ
1451 2005 1677 2073 ἐγένετο
1714 2004 1864 2076 πρωῒ

285 2086 471 2157 ἡμέρα
514 2089 631 2156 μία.
690 2109 710 2142 ι
756 2089 1053 2160 Ἐπίγνωθι
1084 2091 1199 2159 οῦν,
1231 2095 1506 2167 άγαπητὲ,
1540 2097 1618 2162 ὡς
1658 2098 1773 2166 ετγε
1804 2099 1866 2152 τὸ

289 2174 482 2238 σκότος
526 2178 704 2231 έκεῖνο
733 2182 1032 2249 προηγεῖτο
1076 2179 1182 2249 τῆς
1225 2182 1467 2254 ἡμέρας,
1496 2185 1714 2240 ἐκεῖθεν
1746 2186 1812 2239 ἂν
1836 2188 1865 2240 6

285 2266 632 2336 Μωσῆς-καὶ
673 2268 771 2340 τὴν
816 2271 926 2325 τῶν
974 2271 1201 2346 ἡμερῶν
1230 2275 1467 2331 ἐποιεῖτο
1502 2277 1864 2349 ὲκμέτρησιν.

286 2357 470 2412 Ταῦτα
498 2361 599 2430 μὲν
624 2359 718 2416 οὖν
753 2363 1063 2420 ἑπισεόαιοτ
1089 2369 1181 2421 καὶ
1235 2368 1398 2433 αὐτὸς
1427 2371 1454 2424 6
1480 2369 1581 2440 τὴν
1609 2370 1866 2439 γλῶτταν

286 2449 542 2520 χρυσοῦς.
574 2452 663 2506 Ἐν
694 2453 806 2523 γάρ
844 2458 911 2525 τῇ
950 2459 1033 2519 είς
1057 2458 1156 2527 τὴν
1199 2456 1540 2531 Ἐξαήμερον
1577 2462 1739 2534 τρίτῃ
1764 2462 1868 2515 αὐ-

285 2542 376 2594 τοῦ
412 2543 597 2615 ὁμιλίᾳ
622 2546 787 2616 φησὶν
814 2546 897 2600 ὅτι
931 2548 1102 2603 εἰπὼν
1137 2552 1165 2604 6
1190 2551 1425 2621 Μωσῆς,
1455 2570 1475 2604 t
1507 2553 1620 2607 Kal.
1647 2553 1868 2622 ἐγένετο

284 2636 496 2705 ἑσπέρα
524 2639 620 2690 καὶ
647 2639 864 2707 ἐγένετο
892 2640 1039 2712 πρωῒ
1074 2642 1257 2713 ἡμέρα
1285 2647 1444 2714 pia,»
1472 2643 1642 2711 ἔδειξε
1674 2645 1866 2716 σαφῶς

283 2724 366 2778 ὅτι
398 2724 463 2777 τὸ
499 2724 646 2787 τέλος
669 2728 767 2798 τῆς
790 2729 983 2793 νυκτὸς
1009 2727 1287 2802 πλήρωμα
1309 2731 1410 2802 τῆς
1437 2733 1652 2804 ἡμέρας
1675 2735 1827 2788 ἐστίν
1848 2752 1864 2767 ο

286 2815 377 2868 ἐπὶ
424 2815 534 2887 γὰρ
579 2817 754 2889 τούτῳ
807 2820 901 2874 καὶ
946 2821 1273 2893 ἀμφοτέρων
1313 2822 1377 2877 τὸ
1427 2825 1603 2895 μῆκος
1642 2826 1864 2899 ἡμέραν

290 2904 418 2974 μίαν
441 2906 670 2971 εἰκότως
711 2908 993 2966 ἐκάλεσεν.
1035 2910 1196 2966 Οὕτω
1243 2911 1343 2983 μὲν
1370 2910 1464 2969 οὖν
1497 2917 1524 2968 6
1555 2915 1730 2986 μέγας
1758 2916 1867 2972 Βα-

291 3000 483 3063 σίλειος
536 3002 666 3072 περὶ
701 3001 798 3055 τοῦ
835 3002 1081 3068 Μωσέως
1114 3005 1303 3076 φησιν,
1330 3006 1419 3061 ἵνα
1465 3006 1536 3061 τὰ
1597 3008 1866 3078 πρεσδεῖα

290 3089 390 3159 τῆς
429 3092 699 3157 γενέσεως
754 3093 939 3163 ἀποδῷ
971 3096 1041 3167 τῇ
1090 3095 1590 3170 ἡμέρᾳνπρότερον
1638 3095 1764 3154 εἷπε
1805 3100 1867 3154 τὸ

293 3184 462 3253 πέρας
489 3184 592 3254 τῆς
618 3186 851 3257 ἡμέρας,
880 3180 999 3243 εἶτα
1018 3187 1120 3260 τῆς
1149 3189 1371 3259 νυκτὸς,
1402 3189 1479 3256 ὡς
1512 3193 1863 3266 ἑφεπομένης

291 3274 388 3344 τῆς
422 3277 616 3341 νυκτὸς
645 3281 714 3350 τῇ
748 3281 953 3352 ἡμέρᾳ.
989 3282 1160 3353 Ἀφες
1193 3282 1381 3337 λοιπὸν
1416 3285 1488 3339 τὰ
1536 3285 1632 3339 τοῦ
1677 3284 1863 3359 Ίωσήο

293 3383 427 3420 πονο
479 3371 702 3435 σκότους
752 3372 861 3444 γάρ
909 3373 1119 3440 ἐκεῖνος
1159 3377 1237 3441 ὡς
1292 3366 1551 3441 Ἰουδαῖος
1597 3377 1862 3449 ὑπάρχων

297 3464 494 3533 μεστὸς
526 3465 830 3535 ἀναϐλέψαι
864 3468 1001 3538 πρὸς
1029 3469 1091 3523 τὸ
1122 3469 1239 3538 φῶς
1269 3469 1370 3522 οὐκ
1414 3469 1706 3540 ⁴ἠθέλησεν.
1736 3471 1864 3524 Ἔν-

295 3562 383 3612 θεν
416 3577 501 3615 τοι
522 3562 616 3614 καὶ
636 3562 740 3633 τὴν
767 3561 938 3618 νύκτα
958 3564 1058 3635 τῆς
1090 3566 1302 3637 ἡμέρας
1322 3564 1614 3637 προέταξε.

1969 2001 2128 2055 testis
2162 2015 2227 2053 ac
2258 1998 2516 2054 eumdem
2570 1998 2748 2054 secuti
2786 1995 2971 2051 Basilii
3004 1993 3193 2049 verbis
3224 2001 3367 2053 utar,
3400 1987 3551 2042 nocti

1967 2094 2121 2147 velut
2161 2092 2376 2147 aditum
2432 2091 2723 2163 quemdam
2778 2087 3165 2160 patefaciebat.
3218 2084 3337 2150 Quo
3395 2080 3455 2136 fit
3491 2090 3553 2134 ut

1967 2185 2211 2254 spatium
2248 2183 2542 2256 utriusque
2590 2183 2933 2254 coniungens
2962 2179 3164 2244 Moses,
3195 2177 3365 2245 idque
3402 2173 3551 2228 diem

1968 2276 2255 2347 appellans
2303 2290 2496 2338 unum.
2558 2273 2830 2345 temporis
2883 2284 3198 2328 mensuram
3254 2269 3551 2340 quamdam

1970 2370 2245 2436 instituat,
2280 2382 2406 2423 cum
2438 2366 2539 2432 ait,
2602 2386 2621 2419 ι
2661 2366 2829 2422 Facto
2878 2379 3109 2435 vespere
3152 2378 3216 2418 ac
3245 2376 3407 2418 mane
3434 2359 3554 2416 dies

1968 2476 2115 2515 unus
2181 2459 2412 2517 exstitit.
2471 2479 2491 2513 ι
2538 2458 2911 2527 Quamobrem
2971 2456 3425 2520 animadvertito,
3462 2452 3552 2508 di-

1967 2554 2110 2610 lecte
2150 2553 2227 2610 illi
2258 2593 2275 2621 ,
2307 2553 2457 2624 quod
2508 2553 2554 2611 si
2605 2553 2784 2625 caligo
2820 2567 2886 2607 ea
2946 2552 3092 2607 diem
3133 2550 3509 2621 praecessisset
3536 2588 3552 2615 ,

1967 2647 2198 2703 omnino
2253 2646 2435 2704 Moses
2489 2646 2707 2702 dierum
2752 2646 2881 2702 inde
2931 2657 3248 2702 mensuram
3302 2644 3553 2698 facturus

1968 2739 2164 2795 fuerit.
2228 2739 2535 2796 Conﬁrmat
2590 2739 2926 2796 haecetiam
2976 2753 3179 2794 aureus
3234 2746 3425 2793 orator
3462 2735 3555 2792 ille

1969 2842 2182 2888 noster.
2219 2830 2363 2888 Sunt
2408 2833 2559 2888 enim
2594 2832 2712 2888 haec
2759 2831 2934 2904 ipsius
2979 2831 3148 2886 verba
3180 2832 3431 2886 oratione
3475 2829 3556 2884 De

1969 2939 2064 2979 sex
2086 2923 2305 2978 dierum
2342 2923 2607 2993 operibus
2639 2923 2802 2979 tertia
2857 2942 2871 2977 :
2922 2942 2939 2974 ι
2967 2921 3107 2978 Cum
3155 2922 3291 2977 dicit
3325 2920 3506 2977 Moses
3536 2939 3551 2975 :

1972 3014 2142 3071 Facto
2180 3030 2409 3086 vespere
2443 3030 2508 3070 ac
2549 3031 2714 3071 mane
2762 3014 2881 3071 dies
2941 3031 3088 3071 unus
3134 3014 3384 3079 exstitit,
3430 3028 3557 3084 per-

1967 3097 2164 3178 spicue
2207 3106 2594 3173 demonstrat,
2655 3106 2821 3162 linem
2860 3107 3043 3163 noctis
3093 3107 3369 3177 integrum
3408 3105 3554 3161 diem

1969 3198 2282 3256 absolvere.
2314 3196 2449 3255 Nam
2486 3216 2607 3257 eam
2644 3200 2716 3255 ob
2745 3216 2966 3256 causam
2998 3200 3288 3270 utriusque
3317 3199 3554 3269 spatium

1968 3302 2120 3351 recte
2140 3292 2286 3350 diem
2305 3310 2475 3349 unum
2500 3293 2814 3364 appellavit.
2840 3313 2859 3346 ι
2896 3293 3101 3348 Eodem
3136 3295 3297 3348 modo
3323 3308 3557 3362 magnus

1972 3385 2140 3441 etiam
2175 3384 2414 3439 Basilius
2449 3384 2630 3454 inquit
2655 3384 2880 3448 Mosem,
2909 3393 2971 3439 ut
2995 3385 3211 3454 priores
3242 3393 3400 3441 ortus
3429 3401 3557 3455 par-

1975 3485 2057 3531 tes
2085 3475 2197 3531 diei
2249 3477 2542 3541 tribueret,
2576 3475 2814 3546 primum
2847 3475 2954 3530 diei
2985 3477 3149 3531 linem
3180 3478 3516 3547 expressisse
3536 3521 3554 3543 ,

1973 3567 2175 3624 deinde
2250 3569 2465 3634 noctis,
2515 3576 2775 3638 tanquam
2832 3582 2996 3625 nocte
3051 3570 3197 3625 diem
3265 3578 3554 3640 sequente.

301 3652 487 3724 [Quin
541 3652 616 3725 (l)
649 3654 815 3710 etiam
852 3653 1224 3712 Damascenus
1270 3648 1364 3713 ille
1394 3656 1654 3723 Joannes,
1691 3657 1872 3728 capite
1914 3657 2270 3715 Decretorum
2339 3672 2565 3712 suorum
2630 3655 2722 3722 20,
2755 3657 2837 3713 sic
2880 3657 2949 3713 de
2981 3659 3085 3714 hac
3111 3661 3415 3731 quaestione
3446 3662 3561 3719 dis-

298 3747 429 3801 serit
460 3763 475 3800 :
512 3764 531 3799 ι
569 3747 726 3803 Prior
754 3747 967 3804 exstitit
994 3749 1147 3818 dies,
1178 3764 1243 3805 ac
1291 3764 1397 3807 nox
1427 3749 1725 3822 posterior.
1753 3746 1943 3823 Itaque
1976 3764 2086 3806 nox
2123 3748 2269 3805 diem
2334 3749 2606 3821 sequitur,
2637 3760 2694 3806 et
2760 3750 2830 3805 ab
2900 3751 3060 3806 initio
3114 3750 3228 3807 diei
3272 3756 3559 3825 noctiSque

297 3853 644 3900 numeratur.
691 3862 711 3896 ι
743 3843 763 3923 ]
803 3844 1168 3912 Quamobrem
1240 3848 1453 3918 in-hac
1506 3858 1661 3920 parte
1726 3848 1957 3905 missurn
1993 3848 2129 3904 mihi
2167 3846 2468 3918 lo’sephum
2519 3842 2685 3903 facito
2709 3888 2724 3911 ,
2756 3848 3051 3918 quicum,
3096 3855 3156 3902 ut
3193 3847 3415 3903 natione
3462 3847 3559 3902 Ju-

300 3943 470 4010 dazus,
499 3941 749 4015 caliginis
776 3936 971 4015 plenus
1007 3943 1177 4000 fuerit
1202 3985 1218 4013 ,
1269 3945 1335 4001 ad
1384 3945 1564 4001 lucem
1595 3944 1877 4016 suspicere
1914 3945 2115 4014 noluit,
2177 3960 2353 4017 eaque
2410 3945 2479 4000 de
2506 3958 2670 4001 causa
2700 3954 2918 4001 noctem
2953 3956 3079 4002 ante
3109 3944 3255 4001 diem
3302 3960 3559 3999 numera-

302 4042 401 4097 vit.

367 4132 479 4186 Καὶ
531 4131 753 4219 ἐγένετο
807 4133 1040 4205 ἑσπέρα,
1094 4136 1190 4189 καὶ
1231 4134 1448 4204 ἐγένετο
1502 4135 1650 4208 πρωῒ
1695 4138 1879 4210 ἡμέρα

306 4227 420 4296 μία.
461 4223 616 4290 Τίνος
651 4225 840 4279 ἕνεκεν
867 4225 1099 4279 ἐνταῦθα
1124 4222 1278 4281 εἶπεν
1301 4229 1486 4299 ἡμέρα
1517 4228 1636 4300 μία,
1663 4232 1757 4283 καὶ
1777 4231 1879 4284 οὐκ

303 4315 474 4387 εἶπεν,
507 4318 693 4389 ἡμέρα
716 4317 946 4390 πρώτης
981 4320 1185 4373 Καίτοι
1200 4336 1265 4389 γε
1298 4319 1457 4374 τοῦτο
1489 4317 1558 4391 ἦν
1582 4322 1879 4375 ἀκολουθο-

2052 4138 2256 4194 Verum
2296 4152 2397 4193 cur
2430 4152 2597 4193 unum
2635 4135 2779 4193 diem
2830 4126 3023 4204 Moses,
3067 4153 3174 4192 non
3210 4136 3447 4208 primum
3476 4138 3557 4192 di-

1980 4232 2081 4297 xit,
2113 4247 2238 4287 cum
2269 4232 2347 4286 ait
2382 4249 2396 4287 :
2427 4251 2445 4283 ε
2502 4231 2669 4286 Facto
2709 4247 2936 4301 vespere
2970 4247 3031 4286 ac
3061 4247 3220 4287 mane
3269 4231 3389 4287 dies
3417 4247 3561 4288 unus

1978 4323 2231 4379 exstitit?
2270 4343 2289 4376 ι
2322 4322 2372 4394 5
2403 4322 2537 4388 Cur,
2580 4323 2828 4392 inquam,
2862 4338 2970 4378 non
3002 4323 3189 4394 potius
3235 4322 3412 4387 dixit,
3441 4322 3561 4377 dies

302 4427 478 4481 τερον,
504 4411 620 4478 ετγε
646 4410 786 4481 μετά
817 4410 989 4464 ταῦτα
1018 4411 1212 4481 ἔμελλε
1235 4412 1441 4481 λέγειν,
1473 4432 1494 4466 ‹
1519 4413 1628 4468 Καὶ
1663 4417 1866 4485 ἐγένετι

1976 4415 2193 4485 primus
2233 4415 2490 4470 exstitit?
2520 4413 2734 4469 Etenim
2772 4412 2879 4468 hoc
2909 4413 3113 4469 rationi
3137 4414 3309 4485 magis
3331 4429 3563 4469 consen-

304 4503 531 4573 ἑσπέρα,
564 4503 658 4556 καὶ
699 4503 920 4571 ἐγένετο
967 4503 1113 4569 πρωῒ
1155 4504 1340 4577 ἡμέρα
1392 4507 1665 4576 δευτέρα’
1708 4527 1726 4559 ι
1776 4508 1866 4579 τῆς

1985 4520 2206 4562 taueum
2242 4505 2456 4573 fuisset,
2512 4505 2733 4577 quando
2777 4507 3081 4561 secundum
3143 4505 3259 4559 haec
3315 4504 3563 4560 dicturus

302 4594 409 4666 γάρ
452 4595 713 4667 δευτέρας
763 4596 859 4650 καὶ
908 4595 1008 4666 τῆς
1042 4597 1235 4668 τρίτης
1289 4597 1352 4663 ἐξ
1394 4599 1644 4670 ἀνάγκης
1681 4600 1876 4671 πρώτη

304 4688 568 4759 κατάρχει
601 4705 661 4742 τε
695 4688 789 4743 καὶ
833 4692 1185 4760 προηγεῖται.
1217 4687 1388 4745 Εἶπεν
1435 4691 1529 4746 οὖν
1559 4693 1745 4764 ἡμέρα
1778 4694 1878 4762 μία

304 4782 365 4835 τὸ
416 4782 611 4853 μέτρον
674 4781 891 4855 ἡμέρας
958 4784 1051 4836 καὶ
1113 4784 1309 4848 νυκτὸς
1372 4786 1727 4857 περιορίζων,
1784 4788 1879 4841 καὶ

311 4874 599 4928 συνάπτων
638 4873 730 4927 τοῦ
773 4874 1174 4945 ήμερονυκτίου
1228 4875 1321 4929 τὸν
1379 4877 1594 4947 χρόνον,
1640 4878 1715 4942 ὡς
1768 4878 1877 4932 τῶν

310 4965 767 5038 εἰκοσιτεσσάρων
816 4966 976 5036 ὡρῶν
1036 4967 1166 5038 μιᾶς
1213 4967 1612 5040 ὲκπληρουσῶν
1663 4972 1878 5041 ἡμέρας

308 5059 606 5130 διάστημα,
627 5061 1142 5132 συνυπακουομένης
1172 5064 1242 5134 τῇ
1284 5064 1467 5134 ἡμέρᾳ
1510 5063 1755 5134 δηλονότι
1788 5065 1884 5117 καὶ

309 5155 405 5224 τῆς
436 5153 663 5217 νυκτόςο
695 5154 790 5208 καὶ
826 5154 934 5226 γὰρ
961 5155 997 5219 ἡ
1024 5153 1119 5207 τοῦ
1161 5154 1399 5224 οὐρανοῦ
1433 5155 1540 5208 ἀπὸ
1582 5154 1675 5209 τοῦ
1709 5156 1878 5210 αὐτοῦ

310 5246 532 5319 σημείου
584 5249 678 5301 ἐπὶ
724 5249 784 5301 τὸ
818 5248 952 5301 αὐτὸ
987 5249 1148 5303 πάλιν
1190 5247 1640 5311 ἀποκατάστασις
1676 5250 1735 5302 ὲν
1780 5251 1879 5321 μιᾷ

310 5342 493 5413 ἡμέρᾳ
516 5341 745 5411 γίνεται.
1817 5376 1824 5382 -

374 5523 493 5577 Καὶ
530 5524 661 5593 περὶ
707 5522 805 5594 μὲν
839 5523 936 5594 τῆς
969 5522 1162 5585 οὐσίας
1198 5521 1293 5575 τοῦ
1327 5522 1561 5592 οὐρανοῦ
1605 5522 1771 5576 πλέον
1819 5526 1883 5578 οὐ

382 5706 459 5778 (l)
488 5704 626 5771 Quin
671 5704 829 5778 etiam
889 5700 1248 5778 Damasceni"
1301 5696 1393 5752 ille
1453 5699 1715 5768 Joannes,
1776 5711 1885 5778 etc.

313 5770 475 5832 Deest
493 5770 649 5831 locus
672 5774 763 5826 ille
786 5771 1101 5826 Damasceni
1132 5770 1187 5824 in
1212 5779 1446 5838 utroque
1482 5780 1675 5826 nostro
1699 5771 1890 5825 codice

316 5850 739 5903 Claromontano
793 5843 846 5895 in
873 5840 927 5895 ιε’.
964 5851 1022 5896 et
1050 5839 1114 5893 V.
1161 5854 1282 5895 cum
1312 5849 1517 5906 tamen,
1552 5851 1613 5895 ut
1644 5858 1708 5896 ex
1769 5857 1887 5895 ver.

553 5940 830 6000 Pnaon.
866 5936 984 5997 GR.
1039 5935 1299 6000 CLVIII.

1981 4609 2120 4666 erat,
2153 4599 2462 4671 «Factoque
2492 4613 2720 4669 vespere
2760 4613 2825 4653 ac
2864 4614 3025 4653 mane
3074 4596 3193 4652 dies
3219 4596 3358 4651 alter
3395 4596 3565 4651 exsti—
3632 4610 3639 4617 '

1986 4695 2073 4749 tit.
2110 4715 2129 4747 ι
2163 4694 2305 4760 Quin
2348 4693 2514 4748 etiam
2555 4691 2860 4747 secundum
2907 4699 2962 4745 et
3006 4690 3231 4745 tertium
3268 4690 3416 4745 diem
3453 4689 3566 4760 pri-

1982 4799 2105 4838 mus
2155 4783 2469 4838 necessario
2526 4781 2808 4853 praecedit.
2869 4778 3145 4835 Nimirum
3194 4780 3342 4834 diem
3393 4796 3563 4835 unum

1981 4877 2142 4939 dixit,
2166 4889 2483 4930 mensuram
2521 4874 2629 4928 diei
2666 4870 2959 4941 noctisque
2987 4871 3278 4939 deﬁniens,
3321 4881 3376 4927 et
3403 4873 3565 4942 spatii

1981 4966 2173 5022 diurni
2222 4964 2597 5037 nocturnique
2643 4980 2868 5021 cursum
2904 4966 3262 5036 coniungens,
3308 4976 3567 5035 tanquam

1983 5059 2333 5130 explentibus
2360 5058 2708 5113 intervallum
2749 5072 2815 5112 ac
2848 5067 3063 5127 tempus
3105 5058 3214 5113 diei
3270 5059 3452 5130 (nocte
3481 5059 3567 5112 in-

1985 5153 2148 5208 terim
2199 5152 2302 5206 sub
2335 5150 2447 5205 diei
2492 5150 2763 5203 Vocabulo
2808 5151 3235 5220 comprehensa)
3271 5151 3461 5221 viginti
3514 5160 3572 5206 et

1986 5254 2225 5314 quatuor
2252 5242 2428 5299 horis.
2457 5241 2591 5296 Nam
2618 5242 2739 5297 coeli
2781 5243 2850 5297 ab
2883 5259 2993 5297 uno
3028 5245 3332 5310 eodemque
3369 5255 3570 5312 puncto

1989 5337 2119 5390 moti
2152 5336 2219 5390 ad
2267 5336 2410 5390 idem
2442 5335 2688 5391 reversio
2723 5336 2834 5392 diei
2876 5336 3041 5391 unius
3072 5338 3250 5407 spatio
3283 5335 3398 5389 fieri
3438 5353 3571 5389 coii-

1991 5429 2195 5484 suevit.

2064 5520 2137 5576 De
2166 5519 2289 5577 cmli
2320 5531 2503 5577 autem
2532 5523 2773 5578 essentia
2823 5533 3127 5591 naturaque
3158 5521 3374 5577 curiose
3406 5518 3570 5589 quid-

1989 5699 2147 5754 sione
2172 5699 2473 5771 colligitur,
2496 5716 2605 5754 non
2642 5700 2884 5756 abfuerit
2915 5718 2943 5756 a
2976 5702 3167 5755 codice
3217 5698 3572 5763 Lt‘llllt‘invil;

2127 5773 2275 5826 enim
2356 5773 2571 5826 Variam
2642 5774 2977 5843 exemplaria
3023 5772 3198 5824 nostri
3251 5771 3573 5837 cltronoiogi

2018 5870 2031 5891 ι
2064 5858 2189 5894 γεω.

2018 5858 2189 5902 ιιγυὶἢ.

3198 5937 3236 5991 ‘2
