4008 6432
356 335 371 349 ’
444 362 516 419 3.3
1724 354 2139 418 nummus
2177 348 2435 419 cuca
3636 358 3704 422 36

441 484 593 551 piam
626 476 830 548 inquiri
859 475 1097 545 amplius
1132 475 1278 531 haud
1320 484 1539 546 oportet
1567 489 1734 546 quam
1763 476 1910 547 quod
1939 491 2013 530 va

2130 475 2213 528 δεῖ
2261 474 2761 545 πολυπραγμονεῖν,
2814 442 2926 543 aly:
2971 475 3062 529 καὶ
3104 474 3308 551 μᾶλλον
3350 476 3380 529 ό
3419 478 3705 547 προφήτης

445 581 528 624 tes
574 570 745 624 lsaias
792 568 1002 635 dixit“,
1034 568 1233 623 omium
1269 581 1299 620 a
1355 567 1467 622 Deo
1510 577 1766 637 tanquam
1815 569 2025 621 furinum

442 659 738 752 quemdam
778 657 1083 712 stabilitum
1122 672 1283 725 esse;
1314 658 1517 729 quibus
1556 656 1741 712 verbis
1778 656 1899 724 ejus
1929 670 2029 709 na-

443 760 572 803 tura
606 746 920 804 declaratur
970 762 1097 804 esse
1143 749 1436 805 admodum
1481 748 1680 804 tenuis.
1723 747 1875 802 Plato
1901 746 2025 803 coeli

440 840 739 896 essentiam
770 849 1024 896 constare
1053 841 1221 897 tradit
1248 856 1317 895 ex
1341 850 1495 911 parte
1516 849 1755 912 quatuor
1781 840 2024 895 elemen.

446 942 625 987 torum
654 933 773 987 sive
802 932 1206 1003 principiorum
1236 932 1507 988 lueidiore
1527 971 1543 997 ,
1580 940 1745 1001 atque
1783 931 1875 986 illa
1904 931 2022 1001 ipsa

448 1036 508 1076 re
540 1023 755 1078 caeteris
785 1038 816 1077 a
855 1022 1183 1092 corporibus
1215 1021 1474 1078 secundis
1516 1019 1770 1087 differre;
1798 1036 1922 1075 nam
1955 1036 2021 1075 ea

442 1114 511 1168 de
549 1126 704 1184 parte
739 1114 1016 1170 crassiore
1056 1123 1180 1171 orta
1235 1132 1380 1174 esse.
1421 1117 1657 1174 Secutus
1708 1127 1795 1174 est
1835 1125 2019 1174 autem

443 1206 543 1261 has
575 1207 865 1277 opiniones
901 1207 1055 1264 Plato
1089 1217 1377 1278 propterea
1409 1208 1554 1280 quod
1585 1208 1866 1266 materiem
1898 1223 2022 1265 cor-

443 1299 595 1367 poris
624 1306 905 1369 expertem
941 1299 1325 1368 prasexsistcre
1376 1308 1619 1371 putaret,
1651 1300 1720 1355 de
1749 1315 1857 1371 qua
1883 1299 2016 1354 oriri

440 1388 663 1443 \olebat
714 1388 987 1443 elementa
1024 1388 1114 1447 illa
1145 1398 1402 1460 quatuor,
1429 1404 1497 1446 ex
1528 1390 1732 1460 quibus
1781 1390 2019 1445 mundus

440 1478 531 1533 hic
565 1479 855 1534 universus
899 1489 1205 1536 constaret.
1247 1481 1450 1537 Verum
1484 1482 1770 1541 enimvero
1801 1481 2018 1537 valeant

440 1570 543 1635 illi,
582 1581 643 1624 ut
679 1572 912 1641 insignis
966 1572 1072 1626 viri
1127 1571 1344 1627 Maximi
1399 1572 1585 1628 verbis
1627 1581 1768 1636 utar,
1822 1573 1917 1643 qui
1948 1572 2016 1628 de

439 1659 614 1714 nihilo
647 1661 946 1730 quidquam
1001 1671 1184 1716 ortum
1222 1672 1445 1734 negant.
1477 1663 1590 1718 Nos
1614 1664 1756 1718 enim
1788 1661 2015 1733 proﬁte-

440 1768 565 1805 mur
599 1751 785 1805 itidem
815 1792 829 1813 ,
866 1761 927 1807 ut
985 1754 1240 1823 majestas
1294 1762 1351 1807 et
1400 1753 1702 1824 amplitudo
1738 1752 2013 1809 Creatoris

439 1838 604 1896 nullis
633 1842 703 1896 sit
736 1842 947 1897 inclusa
974 1844 1359 1913 descriptaque
1394 1844 1665 1907 terminis,
1698 1846 1772 1899 ita
1797 1860 1899 1900 nec
1924 1860 2012 1900 sa-

436 1933 702 2002 pientiam
732 1935 851 2004 ejus
879 1950 977 1989 nec
1017 1945 1340 2003 potestatvm
1374 1937 1577 2006 percipi
1602 1951 1780 2006 posse.
1808 1938 2016 1991 Aristo-

438 2027 575 2081 teles
609 2038 790 2080 autem
817 2027 1045 2081 alterius
1076 2029 1360 2099 cujusdam
1393 2029 1647 2084 essentia:
1670 2027 1865 2083 omium
1889 2044 2013 2085 esse

436 2125 595 2185 putat
616 2127 677 2171 et
706 2118 956 2186 quintum
1010 2134 1214 2189 corpus
1248 2120 1515 2190 appellat.
1544 2117 1713 2174 Addit
1744 2134 1867 2174 esse
1896 2134 2010 2175 c0:-

437 2208 552 2260 lmn
601 2206 830 2261 alterius
868 2208 1157 2273 essentiaa,
1196 2208 1455 2263 nimirum
1508 2210 1577 2266 ab
1612 2209 1849 2264 essentia
1881 2226 2015 2278 qua-

439 2308 567 2351 tuor
596 2298 995 2353 elementorum
1028 2298 1283 2367 diversaa,
1314 2309 1539 2371 propter
1571 2300 1717 2358 illam
1750 2317 1967 2358 causam
1994 2340 2011 2364 ,

439 2388 587 2456 quod
618 2388 909 2443 amborum
943 2397 1125 2444 motus
1168 2390 1372 2446 diversi
1404 2392 1537 2447 sint.
1571 2393 1706 2448 Nam
1744 2395 2012 2449 elementa

436 2487 677 2549 quatuor
718 2480 915 2549 partim
952 2488 1013 2534 ut
1056 2480 1195 2534 levia
1245 2495 1462 2536 sursum
1502 2482 1775 2547 feruntur,
1809 2483 2012 2553 partim

436 2581 499 2625 ut
531 2573 718 2641 gravia
750 2570 830 2626 sic
852 2588 880 2624 a
910 2579 1106 2625 natura
1142 2581 1454 2641 comparata
1482 2582 1633 2638 sunt,
1668 2585 1727 2628 ut
1752 2574 2010 2629 deorsum

435 2673 588 2718 motu
641 2679 743 2719 suo
782 2672 1031 2733 vergant,
1065 2678 1191 2718 cum
1226 2664 1446 2719 interim
1486 2665 1686 2719 ccelum
1739 2665 1794 2719 in
1820 2665 2010 2720 orbem

431 2755 665 2827 feratur.
699 2755 773 2809 De
821 2770 932 2823 quo
961 2755 1115 2824 sequi
1163 2768 1388 2809 necesse
1437 2755 1508 2809 sit
1550 2765 1609 2810 ut
1652 2755 1929 2812 diversum
1980 2774 2011 2812 a

434 2854 675 2917 quatuor
730 2847 1029 2903 elementis
1066 2861 1186 2901 esse
1234 2845 1497 2915 quiddam
1550 2855 1843 2904 statuatur.
1887 2849 2013 2905 Haec

432 2943 564 2989 sunt
590 2935 786 2989 horum
829 2934 1142 3004 opiniones.
1192 2934 1303 2995 Nos
1362 2944 1546 2989 autem
1600 2936 1740 2991 facta
1777 2937 1885 2992 illis
1915 2955 2011 3007 po-

434 3034 631 3080 testate
666 3024 880 3093 seipsos
915 3022 1199 3077 evertendi
1256 3039 1321 3078 ac
1345 3024 1646 3094 lapidandi,
1684 3025 1817 3082 Mosi
1848 3026 2009 3083 ﬁdem

2141 566 2372 629 Ἠσαῖας
2403 555 2539 620 ὼσέὶ
2566 565 2772 619 καπνὸν
2804 565 2969 620 αὐτὸν
2994 566 3376 648 στερεωθῆναί
3408 582 3574 637 φησιν
3601 557 3705 619 ὑπὸ

2126 655 2283 723 Θεοῦ,
2302 658 2400 729 τὴν
2427 657 2590 727 φύσιν
2614 656 2868 712 ἐντεῦθεν
2890 658 3055 711 αὐτοῦ
3088 658 3397 729 παριστῶν,
3420 659 3503 712 ὅτι
3527 657 3702 728 λεπτὴ

2125 747 2245 803 λίαν
2294 747 2461 804 ἐστίν.
2518 749 2580 802 '0
2630 748 2688 802 δὲ
2753 747 2982 803 Πλάτων
3034 746 3363 821 οὐσιωθῆναι
3414 747 3563 817 λέγει
3612 748 3705 801 τὸν

2124 839 2354 911 οὐρανὸν
2390 843 2457 894 ἐκ
2505 839 2606 912 τῆς
2648 839 3098 911 αὐτοειδεστέρας
3131 840 3327 919 μοίρας
3354 839 3464 894 τῶν
3507 840 3723 893 τεσσάω

2127 948 2238 1002 ρων
2283 932 2585 1004 στοιχείων,
2630 934 2738 987 κάν
2785 933 2964 1004 τούτῳ
3017 931 3296 1003 διαφέρειν
3335 933 3446 986 τῶν
3494 930 3701 984 λοιπῶν

2124 1022 2397 1092 σωμάτων
2431 1021 2594 1077 αὐτόν
2618 1039 2632 1054 ο
2662 1021 2838 1076 ταῦτα
2878 1022 2987 1094 γὰρ
3022 1024 3087 1076 ὲκ
3116 1022 3216 1093 τῆς
3247 1021 3563 1093 παχυτέρας
3607 1038 3705 1092 με·

2124 1111 2269 1181 ρίδος
2322 1112 2424 1182 τὴν
2475 1110 2693 1179 γένεσιν
2738 1113 2993 1183 ἔσχηκεν.
3041 1112 3229 1167 Ταῦτα
3269 1111 3327 1165 δὲ
3358 1111 3609 1177 οπάντως
3668 1114 3700 1165 ό

2122 1200 2351 1254 Πλάτων
2402 1186 2676 1266 ιδόξαξεν,
2727 1201 2915 1271 ἐπειδὴ
2968 1204 3345 1273 προϋπάρχειν
3400 1199 3538 1272 ᾣετο
3596 1199 3701 1270 τὴν

2118 1294 2412 1363 ἀσώματον
2458 1292 2610 1364 ὓλην,
2641 1293 2734 1363 ἀφ’
2761 1289 2829 1367 ἦς
2860 1292 2966 1364 ἄρα
3010 1294 3079 1347 τά
3131 1294 3375 1364 τέσσαρα
3431 1295 3694 1362 στοιχεῖα.

2132 1382 2271 1438 Ἀλλ’
2312 1384 2647 1454 ὲρῤέτωσαν,
2687 1383 2763 1462 ᾡς
2808 1384 2983 1454 μέγας
3033 1385 3170 1455 φησὶ
3212 1385 3489 1454 Μάξιμος,
3529 1385 3578 1437 oi
3606 1385 3696 1436 λέ-

2118 1490 2304 1542 γοντες
2347 1476 2428 1528 ὅτι
2462 1475 2615 1528 οὐδὲν
2654 1475 2714 1541 ἐξ
2740 1476 2840 1530 οὐκ
2878 1476 3049 1531 ὄντων
3078 1477 3338 1545 ἐγένετο·
3379 1476 3541 1546 ἡμεῖς
3583 1474 3696 1543 γάρ

2118 1582 2323 1636 φαμεν,
2366 1566 2562 1639 ὥσπερ
2608 1570 2707 1637 τῆς
2760 1567 3139 1639 μεγαλοσύνης
3182 1567 3279 1621 τοῦ
3327 1567 3696 1639 πεποιηκότος

2115 1656 2217 1710 οὐκ
2269 1655 2388 1710 ἔστι
2432 1657 2631 1728 πέρας,
2658 1655 2833 1718 οὕτως
2871 1656 2998 1711 οὐδὲ
3020 1656 3119 1727 τῆς
3156 1656 3351 1725 σοφίας
3391 1653 3558 1709 αὐτοῦ
3600 1655 3699 1707 καὶ

2114 1748 2397 1820 δυνάμεως
2421 1750 2751 1821 κατάληψις.
2790 1749 2851 1804 '0
2872 1749 2929 1803 δὲ
2975 1747 3353 1819 Ἀριστοτέλης
3379 1744 3697 1816 έτερούσιον

2115 1838 2208 1893 τδν
2235 1840 2463 1912 οὐρανὸν
2495 1843 2591 1896 καὶ
2614 1843 2867 1912 πέμπτον
2893 1840 3053 1910 σῶμα
3080 1839 3253 1893 καλεῖ.
3295 1837 3466 1891 Καλεί
3493 1834 3550 1889 δὲ
3589 1835 3693 1889 αὐ-

2114 1929 2206 1984 τὸν
2244 1930 2556 2002 ἐτερούσιον
2607 1931 2701 1984 καὶ
2750 1930 2879 1985 ἄλλο
2919 1947 2975 1983 τι
3017 1915 3279 1998 παράλτὰ
3304 1926 3573 1997 τέσσαρα,
3602 1927 3692 1980 ὅτι

2115 2025 2208 2080 καὶ
2254 2027 2289 2097 ἡ
2339 2025 2556 2093 κίνησις
2597 2023 2928 2095 ἀμφοτέρων
2958 2023 3093 2092 άλλη
3122 2022 3237 2075 -καὶ
3277 2022 3431 2090 ἄλλη.
3473 2022 3554 2075 Τά
3588 2022 3694 2091 μὲν

2113 2118 2224 2188 γὰρ
2256 2118 2367 2171 ἄνω
2402 2115 2660 2186 φέρονται
2695 2117 2770 2179 ὼς
2802 2116 3001 2184 κοῦφα,
3022 2116 3089 2167 τὰ
3120 2115 3175 2167 δὲ
3210 2115 3371 2168 πάλιν
3400 2117 3475 2178 ὡς
3507 2116 3688 2186 βαρέα

2113 2208 2243 2260 ὄντα
2287 2210 2439 2261 κάτω
2502 2211 2769 2277 κέκτηται
2823 2208 2926 2277 τὴν
2989 2207 3199 2277 φοράν*
3257 2210 3283 2259 ό
3335 2206 3393 2258 δὲ
3456 2207 3691 2277 οὐρανὸς

2112 2298 2380 2369 κυκλικὴν
2404 2298 2518 2370 ἔχει
2544 2299 2645 2370 τὴν
2679 2298 2917 2368 κίνησιν,
2955 2299 3040 2366 ἐφ’
3084 2292 3127 2363 ᾧ
3166 2298 3261 2350 καὶ
3295 2298 3424 2351 ἄλλο
3450 2314 3502 2350 τι
3535 2299 3691 2367 παρὰ

2112 2393 2183 2444 τά
2231 2391 2478 2463 τέσσαρα
2518 2391 2733 2458 δοξάζει
2772 2390 2959 2446 αὐτόν.
3002 2392 3113 2446 Kal
3159 2385 3307 2445 οὗτοι
3356 2392 3456 2464 μὲν
3489 2390 3690 2455 οὕτως.

2123 2483 2314 2550 Ἡμεῖς
2373 2482 2432 2535 δὲ
2487 2484 2924 2538 καταϐάλλεσθαι
2991 2484 3085 2536 ὑπ’
3143 2483 3392 2555 ἀλλήλων
3455 2484 3692 2553 ἀφέντες

2112 2569 2332 2633 αὐτοὺς,
2362 2568 2442 2637 τῷ
2497 2571 2700 2641 θεόπτῃ
2731 2571 2808 2642 (2)
2852 2570 3165 2643 πεισθῶμεν
3199 2573 3391 2627 Monet
3428 2574 3683 2642 λέγοντι·

2117 2680 2138 2710 ι
2159 2660 2249 2714 Ἐν
2268 2661 2410 2731 ἀρχῇ
2435 2662 2686 2732 ἐποίησεν
2703 2664 2732 2716 ό
2753 2663 2888 2727 Θεὸς
2911 2665 3002 2718 τὸν
3028 2664 3256 2735 οὐρανὸν
3276 2665 3369 2717 καὶ
3384 2668 3481 2734 τὴν
3505 2664 3635 2734 γῆν.
3660 2684 3684 2718 ι

2109 2752 2423 2807 Κάντεῦθεν
2458 2755 2525 2808 ὲκ
2552 2756 2647 2809 τοῦ
2673 2757 2901 2819 κάλλους
2922 2756 3032 2810 τῶν
3064 2756 3358 2827 ὁρωμένων
3388 2757 3482 2810 τὸν
3515 2757 3691 2828 ὑπέρ-

2111 2844 2278 2897 καλον
2304 2844 2645 2916 ὲννοώμεθα,
2679 2846 2939 2911 ὡσαύτως
2965 2849 3030 2901 ὲκ
3071 2849 3165 2902 τοῦ
3201 2848 3469 2918 μεγέθους
3497 2849 3690 2903 αὐτῶν

2111 2934 2566 3006 ἁναλογιζώμεθα
2601 2936 2693 2988 τὸν
2723 2937 3082 3007 ὑπερμεγέθη
3116 2941 3210 2991 καὶ
3249 2939 3510 3009 ἄπειρον·
3541 2941 3691 2994 κατὰ

2111 3027 2221 3098 γὰρ
2255 3033 2344 3081 τὸν
2380 3029 2545 3097 σοφὸν
2575 3028 2901 3098 Σολομῶντα
2940 3031 3004 3082 ὲκ
3037 3028 3304 3101 μεγέθους
3352 3030 3450 3083 καὶ
3486 3030 3691 3084 καλλο-

432 3116 758 3180 habeamus,
804 3123 862 3168 ut
892 3114 985 3185 qui
1012 3114 1178 3169 rebus
1214 3115 1349 3185 ipsis
1377 3116 1447 3170 ab
1486 3132 1545 3172 se
1594 3118 1895 3188 perSpectis
1927 3119 2009 3175 di-

2115 3122 2205 3191 νῆς
2250 3120 2575 3191 κτισμάτων
2621 3123 2649 3176 ό
2696 3124 3084 3194 γενεσιουργδς
3142 3124 3324 3180 αὐτῶν
3370 3124 3683 3198 θεωρεῖται.

432 3207 574 3260 xerit
613 3223 629 3258 :
664 3223 683 3257 ι
723 3205 885 3260 initio
928 3205 1075 3260 Deus
1123 3206 1322 3261 coelum
1352 3222 1417 3262 ae
1452 3215 1655 3263 terram
1709 3212 1933 3267 creavit.
1976 3231 1998 3266 ι

431 3298 698 3367 Adeoque
755 3295 1020 3366 deinceps
1055 3311 1121 3351 ex
1174 3298 1418 3366 ipsarum
1473 3314 1659 3353 rerum
1703 3302 1803 3357 sub
1847 3318 2007 3375 aspe-

431 3399 585 3443 ctum
611 3387 926 3442 cadentium
958 3388 1371 3457 pulchritudine
1396 3390 1831 3462 pulcherrimum
1853 3395 2003 3450 illum

432 3494 621 3534 rerum
652 3488 941 3534 auctorum
978 3479 1164 3534 animo
1205 3481 1656 3551 complectamur,
1683 3485 1909 3555 perinde
1941 3501 2008 3543 ac

426 3572 501 3624 de
534 3570 912 3641 magnitudine
953 3579 1267 3626 creatorum
1314 3572 1634 3630 eorumdem
1665 3577 2006 3634 conditorem

430 3662 679 3732 ipsorum
709 3662 1067 3734 percipimus.
1113 3662 1181 3720 Et
1230 3663 1362 3734 quid
1396 3666 1589 3722 multis
1636 3666 1817 3725 verbis
1866 3684 2007 3740 opus

2110 3213 2224 3267 Kal
2257 3213 2310 3267 τί
2342 3213 2448 3284 χρὴ
2492 3212 2663 3267 πολλὰ
2707 3214 2928 3283 λέγειν;
2990 3214 3083 3268 Ἐκ
3127 3216 3416 3287 τεσσάρων
3461 3216 3561 3287 μὲν
3591 3215 3690 3270 οὖν

2110 3305 2395 3377 στοιχείων
2445 3306 2515 3358 τὰ
2554 3306 2832 3377 κτίσματα
2885 3308 3241 3380 συνέστησαν,
3271 3309 3412 3381 πλὴν
3462 3309 3563 3362 οὐκ
3619 3311 3687 3365 ἐκ

2106 3398 2205 3466 τῆς
2252 3397 2552 3468 ἀσωμάτου
2592 3396 2727 3469 ὕλης
2758 3398 2828 3452 τὰ
2865 3398 3116 3470 ’στοιχεῖα
3150 3400 3211 3454 τὸ
3238 3396 3380 3455 εἷναι
3422 3401 3683 3474 εἰλήφασι

2106 3487 2251 3542 κατὰ
2279 3490 2406 3553 τοὺς
2444 3489 2668 3559 ἔξωθεν,
2712 3490 2830 3545 ἀλλ’
2878 3492 2939 3560 ἐξ
2981 3493 3147 3548 αὐτοῦ
3182 3494 3276 3548 τοῦ
3327 3498 3548 3551 πάντων
3590 3498 3686 3567 δη-

2112 3581 2376 3654 μιουργοῦ
2421 3583 2518 3636 xal
2561 3582 2695 3639 Θεοῦ
2717 3599 2732 3614 ·
2764 3585 2825 3639 έν
2858 3586 2925 3658 τῇ
2957 3585 3149 3659 πρώτῃ
3196 3585 3305 3658 γάρ
3342 3587 3527 3660 ἡμέρᾳ
3555 3587 3684 3643 καθ’

2107 3674 2175 3745 ῆν
2204 3674 2276 3754 ,ἐξ
2308 3676 2407 3728 οὐκ
2452 3676 2625 3730 ὄντων
2678 3677 2972 3749 παρήγαγε
3020 3680 3112 3733 τὸν
3158 3679 3389 3751 οὐρανὸν
3437 3683 3532 3735 καὶ
3578 3684 3686 3755 τὴν

430 3762 518 3808 est
536 3752 561 3807 ’ί
581 3752 657 3809 De
691 3762 930 3824 quatuor
956 3753 1177 3824 quidem
1206 3754 1491 3812 elementis
1520 3757 1703 3812 omnia
1735 3759 2005 3828 producta

2115 3750 2215 3838 γῆν
2255 3769 2282 3821 ὁ
2318 3766 2471 3833 Θεὸς,
2499 3768 2801 3839 τηνικαῦτα
2833 3772 2929 3824 καὶ
2978 3772 3118 3827 αὐτὰ
3167 3774 3577 3844 συμπαρήγαγε
3611 3750 3684 3829 τά

430 3854 580 3910 sunt,
614 3860 803 3899 verum
845 3860 954 3900 non
992 3859 1059 3900 ex
1093 3845 1186 3900 illa
1228 3847 1457 3902 materie
1506 3848 1755 3917 corporis
1781 3860 2006 3921 experte

2115 3860 2371 3927 στοιχεῖα,
2407 3858 2482 3921 ὡς
2516 3858 2772 3913 ἐντεῦθεν
2817 3861 2997 3917 πάντα
3031 3861 3167 3933 πρὸς
3209 3863 3272 3918 τὸ
3320 3859 3463 3919 εἶναι
3497 3865 3681 3937 παρά-

426 3945 683 3991 naturam
711 3937 1119 4006 essentiamque
1146 3951 1301 3993 suam
1335 3938 1610 3994 elementa
1631 3951 2003 4010 acceperunt,

2115 3949 2322 4015 γεσθαι.
2354 3951 2463 4003 Kal
2497 3951 2627 4022 περὶ⁸
2664 3951 2765 4006 μὲν
2796 3951 2891 4005 τοῦ
2929 3952 3164 4024 οὐρανοῦ
3190 3956 3439 4015 τοιαῦτα.

428 4043 554 4121 qua:
575 4031 940 4085 extrariorum
981 4039 1068 4087 est
1128 4032 1553 4090 sententiazsie
1593 4042 1777 4089 tamen
1845 4035 1965 4092 haec
2040 4040 2445 4115 intelligantur,
2505 4055 2567 4100 ut
2611 4046 2793 4103 omnia
2846 4062 3031 4102 rerum
3076 4048 3145 4103 ab
3194 4050 3389 4121 epiﬂce
3437 4051 3682 4121 profecta

426 4112 720 4176 fa'teamur.
754 4122 811 4194 6
837 4122 971 4179 Nam
1000 4123 1089 4179 die
1114 4125 1313 4194 primo,
1348 4138 1460 4194 quo
1521 4125 1721 4181 caelum
1777 4141 1842 4182 ac
1879 4138 2080 4185 terram
2129 4132 2197 4188 de
2232 4112 2404 4192 nihilo
2430 4138 2481 4192 in
2509 4149 2691 4194 ortum
2727 4139 3024 4211 produxit,
3071 4141 3185 4212 ipsa
3222 4112 3383 4200 simul
3411 4112 3681 4204 elementa

426 4219 699 4284 condidit,
730 4227 791 4273 ut
823 4219 949 4274 inde
984 4235 1150 4290 porro
1183 4231 1383 4275 caetera
1415 4221 1798 4291 provenirent.
1832 4228 2013 4296 Atque
2044 4228 2312 4288 hactenus
2334 4242 2393 4287 et
2420 4233 2734 4303 huiusmodi
2764 4235 2834 4292 de
2857 4237 2998 4293 coelo
3025 4237 3169 4295 dicta
3208 4250 3392 4296 sunto.

495 4315 722 4371 Terram
760 4315 902 4370 seire
929 4315 1098 4371 debes
1119 4318 1173 4371 in
1196 4318 1572 4373 universitatis
1599 4334 1783 4375 rerum
1814 4323 1997 4379 medio

2181 4329 2315 4399 Περὶ
2343 4329 2399 4383 δὲ
2426 4332 2524 4401 τῆς
2554 4331 2660 4401 γῆς
2692 4332 2894 4388 εἰδέναι
2926 4335 3167 4403 ὀφείλεις
3202 4336 3286 4390 ὅτι
3330 4337 3499 4407 μέσον
3536 4338 3681 4412 αὕτη

423 4405 580 4477 quasi
612 4420 932 4476 suspensam
961 4421 1117 4471 esse;
1151 4406 1298 4477 quod
1330 4408 1507 4478 ipsum
1558 4409 1687 4465 licet
1725 4411 1794 4466 de
1853 4412 1999 4467 side—

2115 4419 2198 4473 τοῦ
2239 4423 2442 4486 παντὸς
2490 4423 2845 4493 άπῃώρηται.
2899 4426 3008 4479 Καὶ
3055 4426 3213 4481 τοῦτο
3258 4405 3445 4499 γνοίης
3500 4433 3567 4485 ἂν
3612 4405 3679 4487 ἐκ

424 4512 543 4550 rum
572 4505 723 4550 motu
762 4511 1079 4567 cognoscas.
1125 4497 1265 4551 Nam
1310 4514 1374 4553 ea
1419 4499 1578 4555 nobis
1639 4516 1761 4558 esse
1794 4507 2001 4575 magni-

2115 4511 2201 4577 τῆς
2253 4512 2364 4565 τῶν
2411 4515 2627 4585 ἄστρων
2674 4519 2965 4586 κινήσεως.
3036 4520 3351 4590 Ἰσομεγέθη
3400 4497 3511 4576 καὶ
3565 4526 3679 4595 γλὶρ

422 4586 630 4642 tudinis
684 4587 928 4657 ejusdem
979 4588 1239 4642 videntur
1308 4591 1512 4654 omnia,
1575 4591 1689 4647 sive
1749 4595 1999 4649 oriantur

2115 4602 2395 4673 σύμπαντα
2430 4606 2679 4672 φαίνεται
2737 4607 2871 4678 ἡμῖν
2913 4586 3271 4665 ἀνατέλλοντα
3324 4586 3419 4666 καὶ
3472 4586 3675 4684 μέσου.-

423 4674 542 4728 sivo
565 4677 748 4732 medio
774 4680 882 4734 sint
917 4682 972 4732 in
998 4680 1137 4734 cmlo
1165 4679 1280 4733 sive
1333 4680 1607 4735 occidant.
1664 4683 1844 4753 Atque
1894 4685 2000 4740 hoe

2115 4695 2371 4759 pavoﬁvra
2436 4698 2529 4750 καὶ
2589 4698 2836 4753 δύνοντα.
2894 4701 3002 4755 Kal
3061 4702 3221 4756 τοῦτό
3272 4705 3420 4759 ἐστιν
3459 4708 3600 4778 ὅπερ
3647 4712 3675 4762 ό

424 4765 555 4818 illud
582 4771 835 4838 estquod
874 4784 1103 4839 magnus
1137 4778 1325 4824 noster
1352 4768 1585 4826 Basilius
1639 4771 1693 4826 in
1753 4775 2001 4833 oratione

2115 4785 2275 4853 μέγας
2314 4788 2598 4853 Βασίλειος
2636 4792 2693 4843 ἐν
2727 4793 2792 4861 τῇ
2829 4794 2958 4862 περὶ
2992 4795 3296 4865 φωστήρων
3331 4797 3467 4869 ἕκτῃ
3494 4765 3664 4851 αὐτοῦ

425 4864 573 4908 Sexta
606 4855 673 4910 de
701 4857 1069 4924 luminaribus
1088 4858 1183 4924 ait,
1233 4858 1508 4913 neminem
1539 4860 1639 4915 soli
1690 4863 1998 4931 proximum

2115 4879 2283 4949 ὶμιλίᾳ
2330 4882 2483 4950 φησὶ,
2515 4899 2537 4933 ι
2583 4883 2674 4954 Τῷ
2707 4855 2945 4955 simul
2993 4855 3351 4949 οὐδείς-’ἐστιν
3381 4855 3670 4958 ἐγγυτάτω

423 4956 546 4998 esse
586 4960 690 5000 nec
717 4961 744 4999 a
775 4946 888 5001 sole
919 4946 1238 5017 longissime
1275 4947 1501 5012 distare,
1546 4951 1639 5006 sed
1666 4969 1792 5006 eum
1827 4955 1997 5007 inter-

2115 4972 2192 5023 cal
2234 4946 2407 5034 οὐδεὶς
2441 4946 2800 5045 πορρωτάτω,
2830 4946 2950 5029 άλλ⁹
2981 4976 3040 5042 ἐξ
3083 4946 3203 5031 (sou
3237 4978 3332 5032 τοῦ
3357 4946 3668 5052 διαστήμα-

422 5035 567 5089 vallo
607 5038 723 5105 pari
778 5038 845 5093 ad
874 5038 1097 5108 quasvis
1145 5045 1305 5093 terra:
1369 5050 1552 5109 partes
1629 5042 1996 5101 inhabitantes

2115 5072 2183 5118 τος
2226 5059 2339 5121 τοῖς
2374 5030 2525 5112 κατὰ.
2552 5030 2674 5114 ⁵πᾶν
2722 5030 2887 5133 μέρος
2935 5030 3040 5134 τῆς
3080 5066 3186 5135 γῆς
3238 5030 3672 5138 κατῳκισμένας

423 5124 707 5179 accedere.
736 5125 1102 5192 Quamobrem
1130 5132 1245 5183 haec
1277 5129 1644 5205 velim,tecum
1678 5135 1849 5204 ipsius
1868 5147 1992 5191 ante

2115 5146 2448 5215 τροσὸάλλει.
2482 5168 2499 5200 ι
2537 5124 2941 5221 Πρόσεχεόδν.
2983 5124 3045 5206 ill
3252 5124 3666 5229 παρήλλαξενἠ

357 5216 363 5225 ’
394 5216 761 5272 ευοηείιιετοε.
789 5218 922 5272 Nam
958 5220 1001 5273 si
1040 5221 1277 5274 medium
1333 5220 1494 5291 hujus
1545 5225 1788 5281 universi
1813 5226 1993 5281 locum

2115 5232 2165 5301 Γῆ
2215 5232 2312 5303 τὴν
2356 5216 2651 5305 μεσότητα,
2701 5216 2868 5310 ἐχρῆν
2910 5216 3305 5314 exemplis-9th:
3334 5216 3669 5316 ’προσκεχωί

426 5313 575 5358 terra
609 5322 717 5359 non
776 5309 1102 5382 obtineret“
1126 5312 1282 5381 sequi
1356 5328 1576 5369 necesse
1621 5315 1764 5370 foret
1800 5328 1860 5372 ut
1923 5319 1993 5373 ad

2115 5322 2261 5393 οήκει
2305 5325 2413 5378 τῶν
2461 5326 2625 5398 πέριξ
2662 5309 3159 5401 μερῶῂέκεϊσεέά
3193 5309 3666 5406 άστραγινόμενα

424 5409 808 5467 quamcunque
856 5409 1067 5470 partem
1096 5402 1232 5458 forte
1290 5405 1518 5473 pr0pius
1564 5410 1893 5463 accederent
1922 5411 1999 5465 si-

424 5484 579 5549 dera,
619 5488 738 5541 istic
761 5495 964 5562 majora
990 5494 1328 5561 viderentur,
1381 5512 1409 5549 a
1440 5499 1640 5566 quibus
1673 5512 1855 5554 autem
1882 5503 1997 5556 lon-

395 5647 402 5655 -
496 5625 515 5654 '
543 5624 645 5679 lsa.
685 5642 770 5692 XL,
793 5628 883 5681 2‘2.

492 5739 573 5809 (Ξ)
597 5734 851 5815 Αὐτόπτῂ
877 5746 1003 5817 legit
1050 5749 1418 5805 Leunelavius
1440 5766 1540 5821 pro
1591 5751 1827 5826 θεόπτη,
1904 5759 1995 5826 qui

2118 5777 2201 5813 um
2250 5763 2394 5818 ridit.

2102 5415 2233 5493 όρςξν
2264 5416 2505 5486 μείζονα,
2537 5421 2630 5490 ἀφ’
2661 5414 2734 5476 ὧν
2767 5422 2823 5476 δὲ
2864 5421 3147 5495 διέστηκεν
3175 5427 3338 5496 αὕτη,
3371 5430 3429 5480 ἐν
3456 5430 3668 5493 τούτοις

2101 5506 2365 5561 ἐλάσσονα
2418 5511 2588 5565 ταῦτα
2638 5516 2845 5585 ἀθρεῖν.
2883 5515 2995 5570 Νῦν
3040 5518 3095 5570 δὲ
3147 5520 3521 5591 ἁπανταχόθεν
3571 5524 3665 5574 in
