4008 6474
338 453 409 517 37
764 520 769 533 ἢ
1424 494 1429 498 .
1600 426 2009 505 ANNALIUM
2050 438 2245 501 mus
2288 420 2337 499 ἲ.
3529 433 3600 494 as

340 565 592 637 ὁρώμενα
652 538 869 617 δίδιιῖσιν
916 560 1052 634 ἡμῖν
1098 558 1299 614 ἐννοεῖν
1356 558 1438 612 ὅτι
1505 555 1672 628 μέσον
1738 558 1772 625 ή
1846 554 1909 623 τῆ

2035 554 2138 623 gius
2175 552 2454 614 abessent,
2483 548 2540 604 in
2574 547 2640 604 iis
2676 547 2892 603 minora
2917 543 3412 617 conspicerentur.
3441 542 3606 598 Nunc

338 659 432 712 τοῦ
483 654 683 718 παντὸς
725 651 1077 726 ἀπῃώρηται.
1112 652 1222 705 Καὶ
1269 650 1379 720 γὰρ
1422 649 1472 702 εί
1512 649 1587 719 μὴ
1620 645 1783 701 τοῦτο
1817 641 1908 716 ἦν,

340 751 391 802 εί
438 747 515 819 μὴ
557 747 813 818 καθάπερ
859 747 1106 812 εἴπομεν,
1138 742 1517 817 ἀπῃωρημένη
1552 739 1694 809 αὕτη
1737 739 1916 809 παρή-

341 857 476 910 ῖετο
528 838 652 893 κατ’
702 838 900 909 ἀρχὰς,
926 837 1028 891 οὐκ
1055 836 1123 890 ἂν
1163 837 1219 889 αἱ
1253 835 1398 889 κατά
1429 833 1630 895 τόπους
1662 831 1915 901 κινήσεις

342 933 517 1002 αὐτῆς
563 931 656 988 ὕπ’
700 932 920 998 ἀνέμων
971 931 1236 999 ἐγίνοντο.
1285 930 1469 992 Δῖτιος
1526 926 1628 997 μὲν
1669 923 1779 995 γὰρ
1821 922 1916 976 τοῦ

345 1022 572 1093 σεισμοῦ
618 1025 657 1076 ό
705 1021 840 1085 θεὸς
891 1021 1033 1074 κατὰ
1084 1021 1178 1073 τὸν
1220 1018 1442 1072 είπόντα
1490 1016 1784 1087 προφήτην
1816 1011 1919 1068 ιὈ

345 1113 657 1168 ἐπιϐλέπων
682 1114 774 1167 ἐπὶ
803 1112 905 1183 τὴν
934 1115 1039 1183 γῆν
1077 1111 1172 1167 καὶ
1198 1111 1370 1165 ποιῶν
1399 1108 1572 1182 αὐτὴν
1605 1108 1858 1179 τρέμειν,
1893 1125 1913 1158 ›

346 1208 409 1262 τὸ
460 1205 519 1260 δὲ
568 1205 791 1275 συνεχὲς
835 1204 1026 1259 τούτου
1070 1205 1284 1274 γίνεται
1340 1204 1437 1257 καὶ
1487 1201 1643 1275 παρά
1681 1200 1783 1273 τὴν
1809 1200 1922 1253 τῶν

350 1299 624 1369 ὑπογείων
694 1299 916 1369 ἀνέμων
988 1298 1229 1370 κίνησιν.
1285 1295 1384 1351 Διά
1450 1297 1561 1367 γὰρ
1610 1294 1769 1349 τοῦτο
1824 1294 1923 1347 καὶ

350 1392 616 1459 ἐπιόντων
665 1390 915 1461 μεγάλων
983 1389 1226 1460 σεισμῶν
1281 1389 1472 1457 ἄνεμοι
1531 1385 1610 1456 τῷ
1653 1384 1779 1439 τότε
1821 1384 1926 1438 οὐκ

353 1484 510 1545 εἰσὶν,
542 1481 618 1546 ὡς
653 1479 1052 1552 ἐγκλειομένων
1106 1479 1288 1534 αὐτῶν
1338 1477 1600 1533 ὑποκάτω
1646 1476 1793 1531 κατά
1832 1474 1924 1528 τό·

356 1587 489 1634 πους
517 1571 613 1623 καὶ
645 1569 849 1640 μᾶλλον
878 1568 1204 1640 θπάντρους.

425 1747 489 1800 Εἰ
522 1746 580 1801 δὲ
619 1747 713 1801 καὶ
745 1748 796 1801 τί
831 1750 979 1803 ἐστιν
1011 1749 1043 1802 ό
1078 1748 1277 1819 ἄνεμος
1298 1746 1602 1820 ἐπιζητεῖς,
1634 1738 1731 1803 καὶ
1764 1745 1928 1801 πόθεν

2017 659 2148 699 vero
2173 657 2301 699 cum
2331 640 2624 712 quibusvis
2652 653 2720 695 ex
2742 638 3000 710 partibus
3021 645 3322 709 appareant
3345 636 3601 706 aequalia.

2018 736 2371 810 cogitandum
2398 732 2562 790 nobis
2611 732 2936 802 relinquunt
2991 739 3197 785 terram
3252 729 3307 784 in
3342 729 3606 784 universo

2019 827 2205 882 medio
2245 822 2508 896 pendere.
2564 821 2703 878 Nam
2755 822 2965 891 absque
3002 820 3098 876 illo
3129 819 3291 883 foret,
3356 819 3465 874 hoc
3495 827 3603 881 est,

2020 920 2125 974 uisi
2153 918 2334 972 locum
2366 915 2533 972 istum
2593 912 2756 968 initio
2795 928 2983 968 rerum
3005 913 3222 983 ;sortita
3276 921 3449 978 esset,
3493 918 3625 967 non

2021 1011 2184 1066 etiam
2208 1023 2307 1078 per
2342 1014 2538 1063 ventos
2573 1005 2741 1061 certis
2764 1004 2818 1059 in
2847 1005 2986 1061 locis
3010 1015 3354 1076 quateretur.
3388 1005 3608 1061 Etenim

2024 1113 2186 1160 terra:
2222 1101 2484 1157 motionis
2521 1116 2689 1158 causa
2716 1100 2940 1172 quidem
2979 1112 3067 1157 est
3104 1099 3275 1168 Deus,
3301 1100 3609 1157 secundum

2026 1196 2160 1251 illud
2180 1198 2322 1252 vatis
2354 1196 2586 1251 verbum
2622 1211 2638 1248 :
2674 1213 2691 1247 ι
2736 1194 2840 1262 Qui
2880 1204 3084 1250 terram
3138 1193 3343 1263 aspicit
3385 1203 3443 1248 et
3487 1208 3609 1248 eam

2024 1288 2154 1344 facit
2178 1296 2438 1351 tremere,
2469 1305 2489 1339 ι
2545 1300 2740 1341 verum
2787 1287 3113 1356 plerumque
3159 1292 3450 1341 ventorum
3479 1288 3611 1342 sub-

2027 1389 2402 1441 terraneorum
2436 1379 2522 1435 vis
2552 1377 2788 1437 accedit.
2845 1378 3149 1448 Propterea
3183 1378 3612 1434 vehementibus

2026 1474 2081 1528 iu
2107 1471 2566 1529 succussionibus
2592 1480 2757 1527 terra!
2795 1470 2931 1526 nulli
2961 1480 3091 1527 sunt
3112 1471 3283 1532 venti.
3350 1478 3610 1541 tanquam

2027 1566 2255 1622 inclusis
2288 1565 2370 1622 eis
2400 1564 2541 1620 infra
2573 1572 2802 1628 terram,
2860 1562 2996 1619 locis
3051 1560 3361 1632 praesertim
3418 1578 3612 1617 caver-

2026 1661 2196 1717 nosis.

2056 1768 2061 1773 ·
2097 1752 2302 1820 Quodsi
2337 1752 2503 1808 etiam
2532 1745 2868 1824 cognoscere
2899 1749 3004 1816 vis,
3037 1748 3171 1820 quid
3202 1749 3276 1805 sit
3306 1756 3504 1804 ventus
3558 1759 3614 1804 et

356 1836 471 1908 ἔχει
502 1842 604 1908 τήν
637 1839 871 1909 γένεσιν,
905 1826 1105 1893 εἰδέναι
1135 1838 1373 1911 ὀφείλεις
1406 1837 1488 1892 ὅτι
1520 1837 1667 1902 τινὲς
1704 1837 1802 1907 μὲν
1834 1834 1927 1890 τὸν

2035 1846 2177 1902 unde
2221 1845 2455 1911 oriatur,
2508 1842 2651 1900 scito
2703 1843 3003 1899 nonnullos
3052 1841 3270 1898 tradere
3318 1840 3465 1912 quod
3521 1856 3615 1896 aer

296 2006 299 2013 >
358 1899 495 2000 ἁξρα
524 1899 661 2000 ιράσῖ
688 1899 1007 2001 κινούμενον
1032 1929 1132 1994 τὰς
1158 1899 1266 1988 τῶν
1294 1899 1516 2000 ἀνέμων
1546 1899 1722 2000 αδράᾇ
1753 1928 1926 1998 παρέ-

2035 1942 2214 1993 motus
2235 1936 2527 1991 ventorum
2559 1933 2722 1990 nobis
2744 1942 2908 1988 auras
2932 1932 3195 2003 praebeat.
3223 1927 3331 1987 Alii
3381 1947 3512 1987 vero
3547 1932 3615 1986 de

359 2039 475 2090 χειν
505 2024 657 2093 ἡμῖν,
682 2022 859 2094 ἕτεροι
886 2020 943 2075 δὲ
969 2022 1133 2075 πάλιν
1160 2024 1227 2076 ἐκ
1251 2022 1353 2094 τῆς
1383 2022 1702 2086 καπνώδους
1729 2022 1929 2076 ἀναθυ-

365 2114 603 2182 μιάσεως
645 2098 935 2183 γεννᾶσθαι
975 2113 1066 2167 τδν
1108 2114 1311 2185 ἄνεμον
1357 2114 1682 2183 φάσκουσιν.
1725 2109 1822 2178 Οἷς
1863 2113 1930 2185 δὴ

362 2205 456 2256 καὶ
497 2205 787 2274 προσέχειν
822 2221 882 2257 σε
926 2204 1091 2258 πλέον
1126 2205 1411 2276 βούλομαι.
1452 2205 1517 2258 Ἠ
1560 2203 1660 2276 μὲν
1692 2204 1803 2274 γὰρ
1835 2202 1930 2257 τοῦ

361 2298 522 2369 ἀέρος
547 2296 759 2367 κίνησις
785 2297 1010 2361 ἔκλυτος
1036 2298 1272 2370 ὑπάρχει
1300 2297 1397 2352 καὶ
1423 2296 1663 2369 χαλαρὰ,
1688 2299 1721 2368 ἡ
1749 2295 1807 2350 δὲ
1833 2294 1930 2350 τοῦ

363 2392 566 2460 ἀνέμου
610 2389 890 2463 βιαιοτέρα
924 2408 983 2446 τε
1027 2393 1123 2447 καὶ
1161 2393 1488 2464 τυραννική.
1525 2390 1638 2446 Καὶ
1679 2390 1839 2461 δῆλον
1873 2390 1931 2458 ἐξ

362 2483 542 2536 αὐτῶν
570 2485 677 2537 τῶν
710 2485 948 2555 σεισμῶν
973 2504 988 2520 ·
1025 2486 1179 2542 οὐδὲν
1210 2486 1320 2559 γὰρ
1352 2486 1541 2556 ἕτερόν
1571 2487 1721 2538 ἐστιν
1749 2484 1778 2537 ό
1814 2498 1931 2537 σει-

366 2576 501 2644 σμὸς
547 2576 599 2629 εί
634 2576 714 2647 μὴ
759 2578 1016 2644 ὑπόγειος
1056 2579 1284 2647 ἄνεμος.
1335 2578 1637 2645 Τεσσάρων
1668 2576 1727 2630 δὲ
1764 2574 1934 2630 ὅντων

361 2667 438 2731 ὡς
479 2669 656 2724 εἰπεῖν
700 2668 1006 2725 καθολικῶν
1047 2671 1290 2741 ἀνέμων,
1330 2670 1654 2741 ἀπηλιώτης
1698 2670 1797 2741 μὲν
1838 2668 1935 2723 καὶ

364 2760 596 2830 ζέφυρος
626 2761 726 2815 οὐκ
758 2762 868 2817 είσὶ
899 2763 1284 2833 σφοδρότατοι,
1323 2763 1528 2835 βορρᾶς
1558 2763 1616 2819 δὲ
1649 2766 1747 2819 καὶ
1779 2762 1934 2826 νότος

364 2850 824 2919 τυραννικώτατοι
844 2892 860 2919 ,
896 2853 1029 2908 διότι
1062 2857 1122 2906 ὲν
1160 2855 1262 2924 μὲν
1294 2855 1376 2926 τῷ
1411 2856 1610 2929 βορείῳ
1642 2858 1741 2911 καὶ
1771 2857 1936 2929 νοτίῳ

366 2941 535 3014 πόλῳ,
563 2942 686 2997 ὅθεν
710 2944 739 2997 ό
769 2943 973 3015 βορρᾶς
999 2946 1093 3000 καὶ
1122 2948 1149 3000 ό
1179 2947 1330 3011 νότος
1362 2949 1509 3012 πνεῖ,
1539 2949 1615 3019 μὴ
1645 2949 1936 3020 γινόμενος

367 3035 396 3085 ὁ
433 3034 581 3103 ἥλιος
613 3034 673 3087 οὺ
709 3033 993 3105 θερμαίνει
1026 3036 1097 3089 τά
1129 3037 1312 3091 ἐκεῖσε
1348 3038 1525 3109 χωρία
1547 3080 1562 3106 ,
1598 3039 1736 3093 ἀλλά
1781 3039 1934 3108 μένει

368 3123 570 3196 ψυχρὰ,
592 3126 775 3197 ψυχρά
788 3127 856 3181 δὲ
878 3127 1004 3181 ὄντα
1025 3128 1113 3181 ἀεὶ
1138 3128 1337 3199 ἔνικμα
1360 3131 1519 3196 εῖσιν,
1545 3130 1688 3185 ὥστε
1712 3130 1938 3202 ὅμΰρων

373 3216 584 3270 πολλῶν
613 3219 921 3287 γενομένων
948 3220 1036 3275 διά
1062 3219 1162 3292 τὴν
1188 3219 1383 3288 ψῦξιν,
1413 3217 1536 3276 εἶτα
1563 3223 1662 3294 τῆς
1690 3226 1794 3295 γῆς
1820 3222 1938 3276 δια-

371 3309 570 3381 ϐρόχου
616 3311 952 3383 γενομένης,
1003 3312 1175 3384 πολλὴ
1226 3313 1519 3387 καπνῶδης
1566 3314 1936 3386 ἀναθυμίασις

372 3402 709 3470 ἀναδίδοται,
741 3406 838 3459 καὶ
866 3405 953 3459 διὰ
981 3405 1142 3460 τοῦτο
1177 3407 1400 3480 σφοδροὶ
1430 3406 1624 3479 ἄνεμοι
1654 3407 1935 3475 γίνονται,

371 3495 401 3549 ὃ
423 3512 483 3549 τε
511 3495 713 3568 βορρᾶς
742 3499 839 3554 καὶ
863 3498 892 3550 ό
919 3498 1095 3563 νότος.
1126 3497 1217 3552 Ἐν
1241 3500 1301 3554 δὲ
1324 3500 1440 3564 τοῖς
1469 3499 1811 3564 ἀνατολικοῖς
1842 3497 1939 3553 καὶ

372 3589 607 3652 δυτικοῖς
630 3589 854 3661 χωρίοις
879 3590 1199 3660 κινούμενος
1222 3592 1252 3646 ό
1274 3590 1425 3663 ήλιος
1449 3592 1548 3645 οὐκ
1575 3592 1641 3663 ἑᾷ
1662 3590 1823 3661 ψῦξιν
1844 3606 1940 3661 γε·

372 3681 559 3736 νέσθαι
587 3682 804 3757 πολλὴν,
838 3686 932 3739 καὶ
956 3683 1044 3739 διὰ
1071 3685 1233 3738 τοῦτο
1260 3681 1387 3738 οὔτε
1415 3684 1581 3748 πολὺς
1610 3683 1765 3747 ὑετὸς
1790 3682 1940 3752 γίνε-

370 3786 462 3826 ται
498 3773 619 3826 οὔτε
658 3773 826 3846 πολλή
866 3776 901 3845 ή
940 3773 1232 3845 καπνὼδης
1270 3774 1658 3844 ἀναθυμίασις,
1700 3771 1797 3826 ἅτε
1836 3771 1940 3842 τῆς

372 3863 476 3931 γῆς
524 3863 598 3932 μὴ
638 3860 1090 3933 διασρεχομένης.
1116 3862 1312 3918 Ἔνθεν
1345 3880 1432 3918 τοι
1474 3864 1570 3918 καὶ
1608 3864 1671 3918 οὐ
1716 3862 1941 3932 σφοδροὶ

372 3953 611 4020 γίνονται
654 3953 866 4023 ἄνεμοι.
905 3953 1067 4008 Ἀλλά
1111 3955 1206 4009 καὶ
1248 3955 1459 4025 ἐτήσιοι
1499 3954 1705 4027 βόρειοι
1745 3954 1939 4024 ἄνεμοι

375 4043 616 4111 γίνονται
662 4044 782 4114 μεθ’
809 4044 1022 4117 ἡμέρας
1067 4046 1243 4099 εἴκοσι
1285 4046 1384 4117 τῆς
1429 4044 1650 4117 θερινῆς
1691 4045 1936 4117 τροπῆς,

379 4136 513 4204 μετά
543 4134 641 4205 τήν
675 4135 767 4189 τοῦ
809 4138 1116 4207 κυνάστρου
1154 4139 1434 4210 ἐπιτολήν.
1469 4137 1791 4208 Τηνικαῦτα
1829 4137 1940 4209 γὰρ

374 4231 471 4294 τῆς
502 4229 677 4298 χιόνος
709 4229 975 4300 λυομένης
1001 4224 1166 4301 αδνραι
1194 4229 1438 4300 γίνονται
1465 4230 1678 4302 ψυχραὶ
1711 4230 1937 4301 βόρειοι.

378 4320 485 4375 Καὶ
517 4320 704 4375 τούτου
738 4322 901 4394 χάριν
933 4324 980 4376 οἱ
1012 4322 1396 4394 διαληφθέντες
1428 4322 1621 4394 ἄνεμοι
1653 4322 1733 4394 τῷ
1762 4321 1942 4392 καιρῷ

375 4412 550 4483 τούτῳ
602 4413 722 4466 καθ’
752 4414 982 4469 ἕκαστον
1031 4414 1152 4479 ἔτος
1201 4414 1543 4488 ἀπάρχονται
1600 4415 1777 4469 πνεῖν.
1830 4411 1943 4467 Καὶ

377 4506 504 4574 περὶ
554 4505 653 4575 μὲν
686 4507 895 4561 τούτων
931 4506 1143 4580 οὕτως.ι
1167 4508 1405 4579 Ἀνεμον
1442 4506 1501 4562 δὲ
1542 4506 1674 4579 παρ’
1716 4506 1941 4577 Ὁμήρῳ

2034 2030 2215 2085 fumea
2257 2028 2429 2099 quasi
2450 2027 2687 2099 quadam
2744 2025 3145 2098 e'vaporationef
3181 2033 3403 2081 ventum
3463 2024 3613 2097 gigni

2033 2122 2244 2186 dicunt,
2266 2120 2469 2191 quibus
2522 2118 2726 2174 habere
2760 2127 2812 2173 te
2866 2117 3031 2172 ﬁdem
3080 2116 3229 2173 volo.
3287 2110 3424 2172 Nam
3472 2117 3617 2172 aeris

2035 2210 2206 2263 motio
2235 2208 2479 2279 quietiOr
2498 2214 2582 2264 est
2612 2221 2676 2263 ac
2706 2207 2949 2273 mollior,
2977 2208 3292 2273 ventiLvero
3315 2208 3616 2263 vehemen-

2035 2297 2163 2366 tior,
2203 2300 2410 2372 majore
2438 2300 2493 2355 vi
2522 2308 2688 2369 atque
2723 2298 2932 2370 impetu
2981 2298 3219 2353 ruentis.
3269 2294 3458 2354 Potes:
3514 2298 3618 2353 hoc

2036 2393 2169 2464 ipsis
2197 2400 2265 2448 ex
2296 2391 2541 2448 motibus
2570 2400 2731 2448 terrae
2770 2393 3030 2462 cogndsci
3063 2408 3076 2444 :
3108 2392 3248 2447 nlhil
3296 2392 3442 2447 enim
3468 2391 3618 2446 aliud

2035 2496 2121 2540 est
2155 2497 2496 2541 terraemotus
2525 2500 2686 2556 quam
2739 2487 3424 2551 ventus;subterreancus.
3476 2484 3616 2541 Cum

2037 2586 2222 2631 autem
2290 2587 2529 2649 quatuor
2587 2577 2697 2632 sint
2740 2579 2825 2646 (ut
2881 2578 2955 2633 ita
3000 2578 3216 2649 loquar)
3273 2578 3619 2634 universales

2035 2665 2212 2730 venti,
2244 2666 2575 2721 subsolanus
2605 2666 2829 2737 quidem
2878 2675 2943 2721 ac
2972 2666 3226 2721 favonius
3269 2680 3378 2721 non
3429 2666 3631 2729 admo-r,

2037 2756 2168 2814 dum
2199 2758 2555 2814 vehementes
2582 2766 2732 2823 sunt,
2765 2758 2952 2828 aquilo
2989 2773 3119 2812 vero
3176 2760 3233 2814 et
3278 2769 3467 2814 auster
3510 2759 3618 2813 im-

2037 2860 2166 2922 petu
2196 2861 2262 2906 ac
2290 2851 2342 2905 vi
2369 2851 2600 2906 maxima
2635 2860 2821 2906 ruunt.
2868 2851 3002 2906 Nam
3053 2867 3176 2906 cum
3212 2851 3349 2908 locis
3405 2853 3618 2922 aquilo-

2040 2942 2151 2998 nali
2175 2941 2516 3012 australique
2575 2941 2704 3012 polo
2743 2941 3036 3013 subjectis,
3093 2937 3246 2995 unde
3284 2952 3391 2997 tam
3432 2941 3618 3012 aquilo

2038 3050 2200 3107 quam
2221 3043 2408 3089 auster
2437 3033 2714 3098 oriuntur,
2740 3034 2872 3091 solis
2895 3034 3359 3105 desitfpraesentia,
3388 3052 3619 3096 necesse

2034 3136 2122 3183 est
2147 3142 2210 3181 ea
2240 3126 2426 3180 minus
2445 3124 2804 3188 incalescere,
2860 3139 3191 3196 semperque
3223 3136 3339 3181 tum
3396 3126 3619 3198 frigoris

1965 3254 2007 3314 ο
2039 3219 2349 3314 copiantum
2385 3218 2635 3314 humoris
2682 3217 2990 3314 abundare.
3038 3217 3161 3286 Quo
3185 3219 3243 3275 fit
3277 3228 3339 3275 ut
3390 3229 3619 3291 propter

2039 3309 2398 3382 frigiditatem
2432 3309 2646 3365 exortis
2700 3308 3022 3382 frequenter
3053 3311 3326 3368 imbribus
3365 3312 3622 3384 irrigata-

2038 3418 2145 3474 que
2171 3402 2472 3474 plurimum
2496 3410 2641 3469 terra
2673 3401 2885 3474 copiosi
2907 3402 3192 3475 fumeique
3234 3419 3468 3476 vapores
3492 3407 3620 3462 istic

2040 3496 2365 3564 ascendant,
2392 3495 2461 3552 de
2495 3495 2702 3567 quibus
2734 3497 2922 3567 aquilo
2950 3505 3007 3553 et
3033 3505 3240 3565 auster,
3279 3499 3426 3555 venti
3455 3500 3619 3572 longe

2037 3589 2507 3644 vehementissimi
2534 3589 2858 3659 gignuntur.
2884 3588 2927 3644 E
2950 3588 3181 3647 diverso
3228 3608 3352 3647 cum
3386 3594 3441 3648 in
3483 3595 3621 3651 locis

2039 3678 2398 3734 orientalibus
2418 3679 2468 3750 7
2486 3679 2985 3740 etoccidentalibus
2998 3693 3268 3751 perpetuo
3287 3685 3366 3737 sol
3392 3700 3584 3740 movca
3597 3714 3618 3726 -

2041 3779 2153 3838 tur,
2184 3786 2442 3841 magnum
2478 3771 2605 3827 istic
2631 3770 2805 3842 frigus
2838 3773 2970 3826 oriri
3006 3790 3110 3827 non
3149 3775 3372 3843 patitur.
3406 3778 3522 3844 Qua
3547 3779 3618 3836 de

2041 3877 2206 3917 causa
2246 3877 2349 3918 nec
2373 3862 2693 3932 frequentes
2723 3863 2797 3920 ibi
2838 3863 3038 3934 pluviae
3069 3874 3218 3934 sunt,
3274 3884 3376 3924 nec
3420 3886 3622 3940 evapo-

2041 3955 2282 4011 rationes
2305 3955 2422 4010 istm
2464 3955 2618 4011 fumo
2647 3956 2964 4014 consimiles
2992 3957 3325 4026 excitantur,
3351 3976 3473 4015 cum
3503 3964 3621 4031 ipsa

2039 4047 2206 4103 etiam
2227 4057 2375 4104 terra
2419 4063 2530 4105 non
2558 4049 2852 4105 admodum
2893 4050 2966 4106 sit
2997 4051 3227 4123 irrigua.
3285 4052 3441 4109 Unde
3465 4056 3623 4125 sequi

2041 4141 2434 4197 animadvertis
2457 4156 2568 4197 non
2592 4157 2749 4198 acres
2787 4143 3197 4214 impetuososvc
3247 4158 3444 4203 ventos
3497 4130 3624 4204 inde

2041 4234 2356 4304 provenire.
2431 4234 2699 4291 Praeterea
2756 4237 2905 4292 venti
2959 4238 3181 4308 quidam
3236 4241 3623 4309 anniversarii,

2042 4340 2185 4396 quos
2208 4326 2411 4382 etesias
2448 4327 2745 4410 appellant,
2797 4327 2946 4400 iique
2972 4329 3242 4398 boreales,
3305 4333 3500 4389 diebus
3555 4336 3624 4391 ab

2042 4415 2228 4472 aestiva
2251 4416 2384 4472 solis
2415 4418 2778 4473 conversione
2806 4419 3025 4489 viginti,
3056 4422 3161 4476 sub
3208 4423 3391 4479 canini
3426 4426 3625 4481 sideris

2044 4512 2225 4559 ortum
2251 4504 2517 4561 exsistere
2538 4505 2736 4562 solent.
2770 4506 2909 4561 Nam
2938 4521 3064 4563 cum
3084 4508 3148 4563 .id
3178 4511 3447 4578 temporis
3470 4512 3626 4569 nives

378 4596 708 4667 καλούμενον
748 4599 977 4653 θύελλαν
1014 4602 1043 4652 ό
1078 4599 1459 4670 Ἀριστοτέλης
1496 4597 1935 4668 τυφῶνωκαλεῖ,

2043 4593 2457 4664 colliquescant,
2504 4609 2653 4651 aurae
2705 4596 2955 4667 quaedam
3007 4596 3218 4667 frigidae
3267 4608 3333 4654 ac
3370 4600 3625 4659 boreales

377 4688 463 4741 διὰ
490 4689 556 4742 τὸ
588 4690 732 4761 παχὺ
766 4687 907 4744 εἶναι
938 4692 998 4744 τὸ
1033 4690 1253 4761 πνεῦμα
1287 4691 1384 4744 καὶ
1415 4690 1581 4743 οἱονεὶ
1611 4686 1839 4741 τύπτειν
1870 4685 1939 4756 τῇ

380 4779 531 4846 φωνῇ
564 4778 625 4828 τὸ
666 4776 998 4847 παρατυχόν.
1035 4778 1196 4831 Δίτία
1237 4776 1295 4831 δὲ
1326 4775 1422 4830 τοῦ
1452 4777 1719 4839 τοιούτου⁸
1733 4772 1940 4844 ἀνέμου

381 4874 545 4942 emt;
572 4877 767 4943 παχεῖα
798 4871 1005 4926 ἄνωθεν
1030 4870 1139 4927 ἀπὸ
1160 4871 1271 4925 τῶν
1293 4871 1470 4940 νεφῶν
1495 4869 1802 4942 φερομένη,
1831 4867 1941 4921 εἴτε

382 4964 527 5017 κατά
558 4964 661 5034 γῆς
694 4964 979 5017 εἴτε-κατὰ
1014 4963 1326 5032 θαλάσσης,
1361 4962 1483 5031 ἥτις
1523 4959 1944 5032 προσπταίουσά

382 5073 487 5109 τινι
531 5054 807 5126 ἀντιτύπῳ
854 5053 1068 5125 σώματι
1117 5053 1486 5109 ἀναπάλλεται
1534 5054 1613 5114 εἰς
1658 5051 1940 5118 τούπίσω,

380 5153 501 5203 ἐπὶ
528 5147 585 5201 δὶ
609 5148 668 5200 τὸ
694 5147 1134 5217 ἁναπαλλόμενον
1161 5144 1430 5199 κωλύεται
1456 5147 1538 5209 είς
1563 5144 1810 5198 τούπίσω
1835 5160 1944 5214 χω-

382 5244 494 5310 ρεῖν
524 5239 628 5293 ὑπδ
654 5241 746 5293 τοῦ
774 5239 998 5293 ὄπισθεν
1029 5238 1550 5303 ἐπακολουθοῦντος,
1583 5240 1678 5294 ἐπὶ
1703 5237 1773 5292 τὰ
1800 5237 1943 5291 πλά-

377 5348 470 5399 για
504 5330 817 5394 διακλᾶται,
845 5326 964 5383 εἶτα
992 5331 1215 5384 κάκεῖσε
1246 5329 1532 5396 ἀντιτύπῳ
1559 5330 1941 5398 συναντήσασα

379 5424 539 5477 πάλιν
558 5423 1018 5493 διασκορπίζεται,
1046 5423 1374 5490 καὶγίνεται
1400 5422 1636 5492 ὲλιξίτης
1662 5419 1943 5489 συστροφὴ

375 5509 470 5561 τοῦ
518 5509 742 5576 ἀνέμου,
788 5510 1196 5579 μετεωρίζουσα
1248 5510 1343 5563 καὶ
1389 5510 1497 5562 ἀπὸ
1541 5511 1644 5580 γῆς
1692 5511 1787 5566 καὶ
1832 5509 1941 5562 ἀπὸ

375 5601 650 5669 θαλάσσης
679 5601 748 5653 τὰ
785 5603 1173 5671 παρατυχόντα
1214 5603 1466 5671 σώματα.
1497 5602 1690 5654 Ἔνθεν
1723 5618 1807 5654 τοι
1849 5601 1941 5654 καὶ

377 5698 588 5760 σίφωνα
620 5695 711 5745 τὸν
741 5692 982 5746 τοιοῦτον
1014 5694 1214 5763 ἄνεμον
1247 5695 1473 5747 καλοῦσι
1498 5710 1513 5725 ο
1557 5697 1698 5746 κατὰ
1740 5694 1943 5746 κύκλον

374 5804 432 5838 τε
466 5787 573 5854 γὰρ
606 5786 832 5839 εἱλεῖται
866 5788 994 5859 περὶ
1023 5787 1121 5856 τὴν
1151 5790 1274 5855 γῆν,
1308 5790 1402 5839 καὶ
1437 5785 1570 5855 πρὸς
1604 5785 1702 5856 τὴν
1735 5786 1942 5838 οἰκείαν
2001 5792 2010 5800 ’

376 5875 529 5939 αὖθις
553 5877 975 5940 ὶπανακάμπτει
1004 5881 1202 5942 ἀρχὴν,
1233 5879 1354 5931 ὅθεν
1386 5878 1479 5930 καὶ
1511 5878 1688 5941 λίθους
1719 5878 1941 5945 sgf/ate-

2041 4684 2376 4744 efﬁciuntur.
2413 4685 2542 4753 Quae
2565 4701 2730 4742 causa
2760 4696 2845 4744 est
2874 4698 2934 4744 ut
2959 4697 3073 4744 tum
3106 4691 3280 4760 venti,
3313 4707 3454 4763 quos
3480 4694 3627 4750 iudi-

2041 4777 2306 4843 cavimus,
2333 4776 2466 4833 ﬂare
2505 4779 2736 4850 singulis
2755 4781 2914 4837 annis
2954 4780 3240 4852 incipiant.
3293 4787 3474 4856 Atque
3508 4787 3626 4843 lucc

2042 4869 2110 4924 de
2134 4868 2221 4924 his
2249 4867 2395 4924 dicta
2452 4877 2635 4923 sunto.
2683 4869 2954 4925 Caeterum
3010 4883 3234 4927 ventum
3270 4873 3424 4929 illum
3461 4893 3625 4948 quem

2033 4954 2299 5030 'tbyellam
2333 4959 2602 5019 Homerus
2623 4961 2883 5031 appellat,
2905 4961 3223 5032 Typhonem
3238 4979 3397 5022 vocat
3414 4970 3626 5039 Aristo.

2044 5050 2178 5105 teles
2210 5049 2411 5117 (Latini
2452 5049 2769 5121 turbinem),
2814 5062 3103 5122 propterea
3138 5055 3284 5125 quod
3309 5056 3472 5114 ﬂatus
3507 5059 3624 5128 ipse

2044 5158 2262 5199 crassus
2289 5144 2381 5210 sit,
2413 5146 2679 5215 quasique
2712 5160 2850 5200 sono
2877 5162 2978 5202 suo
3024 5150 3281 5205 verberet
3310 5153 3365 5208 id
3392 5153 3449 5221 in
3474 5155 3623 5226 quod

2046 5235 2260 5290 incidit.
2287 5234 2419 5306 Ejus
2436 5238 2587 5292 venti
2623 5251 2785 5293 causa
2814 5248 2898 5294 est
2941 5255 3111 5311 vapor
3132 5244 3354 5315 quidam
3382 5260 3622 5309 crassus,

2045 5342 2262 5382 sursum
2303 5342 2333 5382 e
2364 5329 2603 5384 nubibus
2623 5330 2858 5398 delatus,
2890 5333 3005 5389 sive
3051 5335 3156 5390 hoc
3182 5324 3326 5392 terra
3360 5338 3468 5392 fiat
3505 5339 3624 5393 sive

2047 5422 2207 5487 mari,
2241 5420 2333 5489 qui
2363 5421 2583 5489 quidem
2618 5438 2785 5491 vapor
2817 5424 2872 5478 in
2901 5439 3103 5495 corpus
3133 5428 3354 5498 aliquod
3385 5430 3621 5484 solidum

2045 5524 2100 5569 et
2128 5512 2405 5567 obsistens
2434 5512 2604 5568 illisus
2628 5525 2777 5570 retro
2813 5525 3113 5587 torquetur.
3141 5521 3209 5574 Et
3236 5523 3360 5590 quia
3381 5536 3477 5588 per
3507 5524 3617 5576 vim

2047 5618 2195 5657 retro
2224 5611 2382 5657 actus
2437 5603 2527 5657 hic
2574 5619 2744 5674 vapor
2794 5608 2991 5661 cedere
3054 5612 3262 5678 nequit,
3308 5610 3613 5667 obsistente

2046 5697 2201 5780 illico.
2222 5696 2367 5765 quod
2392 5710 2421 5750 a
2450 5703 2602 5765 tergo
2631 5700 2882 5765 sequitur
2903 5708 3067 5767 atque
3117 5702 3382 5775 imminet.
3413 5704 3620 5760 idcirco

2047 5788 2216 5841 veluti
2249 5786 2451 5842 fractus
2480 5787 2533 5841 in
2566 5797 2944 5859 transversum
2975 5792 3174 5860 agitur.
3214 5792 3313 5848 Uiri
3345 5799 3619 5852 consimili

2048 5880 2213 5934 modo
2247 5890 2813 5944 exceptusacorpore
2859 5881 3115 5950 quoniam
3164 5886 3341 5940 solido
3401 5906 3619 5944 rursum
