4008 6458
387 704 676 772 corripuit.
708 704 844 757 llinc
873 702 930 756 (it
954 712 1015 756 ut
1050 711 1272 756 ventum
1297 702 1445 755 hunc
1468 701 1634 756 etiam
1666 700 1957 769 siphonem

390 408 458 468 39
1663 401 2077 463 MlClhELlS
2119 396 2375 459 GLYCF.
2868 451 2893 467 .,
3562 397 3628 461 li)

388 522 716 590 dissipatur;
758 519 921 587 ﬁtque
954 518 1100 572 venti
1126 518 1376 587 quamam
1435 518 1656 571 innoxio
1682 529 1736 573 et
1776 519 1955 582 turbo,

2079 535 2155 570 ιαι
2192 520 2283 570 καὶ
2317 518 2444 586 χοῦν
2477 519 2798 587 ἐπισύρεται
2834 519 2927 570 καὶ
2961 517 3194 588 λέμϐους
3233 518 3478 589 ἀνασπᾷ,
3505 517 3537 571 ἃ
3570 519 3629 586 δη

389 613 683 667 sustollens
714 613 767 666 in
802 612 972 666 altum
1012 611 1276 680 quidquid
1336 610 1419 664 vel
1475 620 1618 664 terra
1683 612 1766 665 vel
1810 611 1954 665 ntari

2079 608 2162 659 καὶ
2208 608 2264 658 ἐν
2303 607 2483 668 ἄλλοις
2523 608 2710 669 τόποις
2756 607 3258 679 καταρῤηγνύμενα
3303 605 3486 676 θαῦμα
3524 609 3628 669 τοῖς

2068 698 2367 767 θεωμένοις
2408 701 2698 768 ἐμποιοῦσι
2740 700 2837 753 καὶ
2871 698 3155 769 ἔκπληξιν.
3197 697 3255 752 ’0
3292 696 3350 752 δὲ
3388 698 3633 767 ἐκνεφίας

389 796 686 864 appellent.
733 794 864 847 Nam
898 794 951 849 in
983 794 1170 848 orbem
1214 793 1357 848 circa
1398 802 1598 847 terram
1626 794 1867 861 agitatur
1903 800 1961 847 et

2079 791 2269 860 Ξνεμος
2310 792 2516 862 ὁμοίως
2560 793 2748 862 σχεδὸν
2789 793 2869 863 τῷ
2913 792 3124 860 τυφῶνι
3152 806 3168 822 ⁸
3210 791 3351 861 πλὴν
3392 792 3420 844 6
3464 788 3635 859 τυφὼν

388 904 546 941 suum
579 888 641 939 ad
676 885 888 940 initium
926 885 1191 949 reﬂectit;
1224 900 1346 954 qua:
1380 898 1541 938 causa
1578 895 1662 937 est
1689 883 1962 952 quamob-

2079 883 2260 950 ipatat
2291 883 2378 935 διὰ
2404 884 2465 935 τὸ
2496 885 2996 954 παχυμερεστέραν
3022 882 3213 937 οὑσίαν
3238 882 3303 938 ὲκ
3328 880 3421 936 τοῦ
3453 881 3637 949 νέφους

393 993 503 1030 rem
535 978 740 1045 ingenti
769 978 817 1030 vi
849 977 1060 1046 lapides
1091 976 1350 1040 attrahat,
1377 982 1429 1028 et
1462 984 1737 1029 terrenum
1777 973 1966 1044 pulve—

2079 974 2418 1042 ἐφέλκεσθαι.
2450 975 2560 1027 Καὶ
2589 977 2711 1029 οὐδὲ
2744 976 2898 1039 ὑετὸς
2930 973 3330 1040 παύειιαὺτδν,
3359 976 3409 1026 εί
3439 974 3512 1043 μὴ
3542 973 3638 1043 μόο

393 1086 503 1121 rrnt
534 1069 715 1137 rapiat
757 1081 813 1123 et
848 1068 1129 1121 naviculas
1161 1076 1392 1121 evertat.
1453 1065 1544 1120 Eae
1593 1065 1858 1135 deinceps
1881 1065 1967 1120 'in

2079 1081 2155 1128 vo;
2182 1065 2210 1116 ὁ
2240 1064 2463 1136 βορρᾶς.
2501 1068 2610 1120 Καὶ
2640 1067 2811 1122 ταῦτα
2849 1067 2971 1138 μὲν,
3003 1065 3281 1135 ὰγαπητὲ,
3314 1062 3434 1118 κατ’
3459 1066 3641 1117 έπιτοο

394 1160 490 1213 alia
527 1160 643 1212 loca
674 1157 1390 1219 distracta:admirationem
1425 1156 1719 1226 quamdam
1748 1166 1805 1210 et
1846 1165 1969 1210 stu-

2079 1157 2177 1229 μὴν
2218 1159 2561 1228 ἐσχεδίασται
2604 1160 2690 1216 διὰ
2736 1162 2795 1215 σὲ
2842 1161 3014 1215 πολλὰ
3052 1160 3165 1214 τῶν
3201 1157 3457 1212 τοιούτων
3497 1156 3639 1225 ἐφιέν-

393 1266 577 1316 porcm
640 1250 692 1303 in
722 1248 1128 1318 spectatoribus
1155 1248 1412 1302 excitant.
1471 1248 1676 1301 Ventus
1708 1254 1889 1300 autem
1924 1246 1971 1301 is
2073 1267 2253 1318 μενον.

371 1356 555 1413 quem
592 1342 921 1412 Ecncphiam
974 1350 1191 1403 vocant,
1245 1340 1642 1409 propemodum
1703 1340 1830 1395 huic
1894 1341 2119 1411 typhoni
2160 1344 2479 1406 similisest,
2538 1346 2644 1400 nisi
2703 1346 2849 1416 quod
2899 1347 3193 1418 typhonem
3263 1345 3426 1402 etiam
3473 1343 3645 1414 cerni;-

396 1453 514 1490 mus
547 1445 770 1505 propter
796 1434 1120 1490 crassiorem
1150 1432 1269 1501 ejus
1294 1432 1586 1485 essentiam
1635 1447 1664 1487 e
1698 1434 1843 1487 nube
1874 1433 2089 1489 detrahi
2110 1453 2173 1491 ac
2200 1440 2475 1506 protrudi,
2544 1454 2707 1509 quam
2766 1455 2833 1492 ne
2906 1440 3085 1509 pluvia
3115 1439 3340 1509 quidem
3384 1436 3646 1505 dissipare

394 1542 595 1603 penest,
627 1532 745 1585 solo
765 1531 931 1585 borea
962 1539 1209 1599 excepto.
1244 1528 1366 1582 Hice
1401 1539 1490 1582 tua
1530 1544 1716 1591 causa.
1773 1530 1976 1586 dilecte
2017 1532 2117 1598 ﬁli,
2155 1534 2396 1590 breviter
2460 1552 2737 1608 exponere
2763 1536 2942 1602 l-buit,
2978 1536 3205 1606 quando
3242 1550 3425 1590 rerum
3468 1531 3648 1600 hujus-

396 1630 543 1683 modi
571 1628 940 1700 cognitionem
972 1627 1152 1695 expeti
1179 1625 1276 1680 abs
1313 1635 1364 1679 te
1396 1625 1622 1680 mirifice
1651 1626 1787 1681 scio.

892 1767 1045 1823 oms
1130 1736 1467 1821 saeuam.

2541 1772 2783 1827 HMEPA
2818 1770 3154 1827 ΔΕΥΤΕΡΑ.

548 1867 732 1919 Altera
771 1864 860 1918 die
895 1862 1043 1917 Deus
1074 1875 1141 1914 ex
1168 1859 1324 1929 aquis
1347 1857 1753 1914 ﬁrmamentum
1785 1858 1977 1915 condi-

2153 1865 2234 1937 Τῇ
2269 1864 2327 1919 δὲ
2359 1866 2587 1938 δευτέρᾳ
2626 1867 2810 1937 ἡμέρᾳ
2848 1867 3172 1936 παρήγαγεν
3207 1868 3269 1918 ὲκ
3300 1866 3410 1919 τῶν
3446 1866 3647 1919 ὑδάτων

394 1961 494 2023 ι’ἰι,
532 1957 676 2026 quod
708 1954 1162 2024 in-terstiugueret
1192 1966 1386 2023 aquas,
1416 1950 1718 2020 prmsertim
1743 1951 1972 2006 secretis

395 2051 503 2104 ilis
543 2063 666 2118 quae
706 2060 871 2116 supra
908 2044 1312 2098 firmamentum
1372 2042 1660 2097 exsistunt.
1715 2040 1784 2095 Et
1838 2057 1975 2112 qua-

394 2157 545 2201 nam,
577 2138 833 2200 obsecro,
868 2137 936 2189 de
959 2149 1123 2190 causa
1175 2133 1318 2187 Deus
1340 2147 1507 2201 supra
1562 2130 1971 2186 ﬁrmamentum

395 2246 595 2302 aquam
658 2226 990 2284 collocavit?
1051 2226 1280 2293 Propter
1351 2224 1802 2281 ardentissimum
1842 2223 1974 2278 solis

395 2334 604 2378 motum
645 2331 812 2389 atque
839 2319 1101 2375 calorem.
1134 2317 1266 2371 Nam
1303 2316 1409 2372 nisi
1463 2332 1604 2388 aqua
1663 2317 1787 2372 istic
1829 2324 1978 2371 esset

397 2414 658 2484 reposita.
683 2419 875 2473 aestus,
911 2410 1086 2463 instar
1110 2407 1256 2461 vasis
1284 2408 1506 2462 tcstacei
1530 2406 1707 2461 media
1738 2407 1791 2462 in
1822 2407 1974 2461 llam-

397 2524 481 2562 ma
511 2506 709 2563 stantis
736 2503 882 2559 etab
906 2500 1341 2572 aquaﬁestituti.
1380 2499 1563 2554 omnia
1606 2499 1975 2569 disperderet.

396 2602 464 2656 Ιίι
497 2599 639 2654 infra
674 2597 1079 2651 ﬁrmamentum
1115 2591 1304 2647 itidem
1335 2606 1490 2662 aquai
1510 2593 1694 2659 variae,
1727 2591 1973 2658 ﬂumina,

378 2680 611 2763 ‘stagna,
645 2693 816 2746 maria
845 2698 992 2753 sunt,
1027 2697 1171 2741 utne
1202 2694 1387 2756 partes
1419 2686 1497 2740 Im
1531 2695 1819 2740 terrestres
1851 2702 1978 2757 pro-

395 2799 521 2859 pter
552 2784 751 2839 caluris
782 2781 1204 2837 immensitatem
1258 2788 1581 2835 exurantur.
1610 2778 1781 2834 Norat
1828 2780 1975 2835 enim

398 2884 561 2944 Deus,
588 2874 1053 2948 quemadmodum
1087 2871 1319 2928 Basilius
1346 2872 1445 2935 ait,
1476 2879 1748 2941 quantum
1770 2870 1977 2926 mundo

398 2973 663 3044 temporis
693 2972 759 3026 ad
785 2970 1133 3026 durationcm
1159 2967 1280 3036 ejus
1318 2964 1671 3030 destinasset,
1706 2977 1760 3021 et
1794 2980 1971 3035 quan-

396 3081 515 3131 tum
574 3064 799 3120 fomenti
853 3061 1228 3132 reponendum
1303 3058 1411 3130 igni
1467 3064 1627 3115 t’oret.
1683 3059 1977 3129 Propterea

398 3161 656 3228 praeclare
679 3156 888 3211 dictum
913 3164 995 3209 est
1018 3170 1048 3207 a
1078 3152 1313 3208 Davide:
1347 3150 1482 3218 «Qui
1502 3161 1704 3207 terram
1730 3152 1784 3206 in
1817 3151 1979 3222 aquis

398 3248 762 3303 fundavitv.»
791 3245 926 3300 Nam
953 3259 1080 3300 cum
1106 3259 1258 3314 aquae
1292 3252 1491 3298 terram
1526 3244 1841 3298 humectare
1869 3259 1978 3298 non

399 3342 676 3400 desinant,
717 3349 773 3393 ct
801 3352 921 3393 eam
951 3347 1009 3391 ut
1038 3336 1302 3390 immunis
1326 3335 1397 3389 sit
1418 3335 1487 3391 ab
1516 3335 1656 3406 ignis
1688 3335 1978 3390 exustione

402 3441 762 3497 conservent,
793 3440 941 3484 recte
990 3429 1101 3484 dici
1158 3444 1313 3497 aqua:
1363 3429 1780 3483 fundamentum
1834 3428 1981 3484 illius

402 3525 779 3581 ﬁrmissimum
818 3533 1069 3594 possunt.
1103 3523 1235 3588 Qum
1288 3522 1506 3593 quidem
1549 3524 1621 3576 ita
1668 3538 1728 3578 se
1777 3523 1979 3578 habere

400 3640 463 3675 ac
496 3620 835 3674 fundamenti
880 3615 1163 3687 cujusdam
1208 3617 1379 3669 instar
1416 3629 1585 3685 aquas
1626 3625 1824 3669 terram
1856 3630 1979 3671 sus-

400 3728 598 3775 tmere.
655 3710 895 3765 Joannes
921 3709 1342 3780 Chrysostomus
1401 3706 1454 3759 in
1500 3706 1636 3760 libro
1676 3705 1751 3761 De
1786 3707 1980 3762 statuis

400 3805 664 3861 illustrius
693 3805 857 3858 etiam
879 3800 1136 3863 ostendit.
1173 3801 1256 3852 his
1292 3797 1471 3854 verbis
1500 3808 1658 3853 utens
1682 3815 1695 3851 :
1725 3797 1979 3855 «Terram

398 3917 429 3952 a
459 3898 701 3952 fontibus
732 3896 848 3950 suis
876 3893 1147 3949 desertam
1179 3903 1233 3948 et
1277 3891 1344 3945 ab
1374 3891 1625 3956 humore,
1659 3892 1754 3962 qui
1786 3907 1814 3944 a
1845 3890 1980 3945 mari

398 4004 465 4043 ac
495 3986 819 4041 ﬂuminibus
849 3985 899 4039 ei
934 3983 1085 4038 velut
1113 3982 1465 4051 inspergitur,
1494 3996 1716 4037 necesse
1753 3996 1981 4052 prorsus

399 4089 487 4134 cst
516 4089 856 4131 exarescere.
883 4091 902 4125 ι
925 4072 994 4128 Ει
1016 4071 1122 4127 erit
1156 4071 1451 4142 aliquando
1483 4084 1720 4142 tempus,
1754 4088 1881 4128 cum
1912 4073 1980 4127 ab

404 4174 527 4239 igne
551 4179 747 4223 cuncta
775 4177 1099 4231 exurentur,
1136 4165 1594 4235 quemadmodum
1620 4173 1775 4222 vates
1796 4176 1983 4221 noster

400 4260 571 4316 Isaias
625 4257 827 4326 inquit,
864 4270 990 4310 cum
1027 4253 1400 4310 universitatis
1430 4254 1659 4323 hujusce
1690 4253 1801 4307 Deo
1829 4253 1984 4322 quasi

400 4353 743 4422 colloquens,
784 4348 916 4415 «Qui
943 4350 1009 4403 ad
1031 4348 1287 4420 abyssum
1316 4349 1410 4411 ait,
1435 4342 1658 4403 Des‘erta
1682 4355 1819 4407 esto.
1850 4361 1985 4400 cun-

288 4472 301 4491 κ
395 4447 583 4515 ctique
618 4443 768 4500 ﬂuvii
802 4442 877 4496 tui
906 4453 1231 4497 exarescant
1253 4441 1293 4494 ε.
1329 4460 1346 4490 ι

2074 1958 2206 2012 αὑτὸ
2240 1958 2300 2013 τὸ
2335 1963 2658 2030 στερέωμα,
2696 1959 2839 2013 ὥστε
2873 1958 3221 2029 διαχωρίζειν
3253 1959 3524 2028 ἀναμέσον
3556 1955 3645 2009 τοῦ

2076 2050 2265 2113 ὓδατος
2305 2050 2400 2105 τοῦ
2434 2052 2630 2123 ,ἐπάνω
2671 2051 2766 2106 τοῦ
2810 2051 3193 2120 στερεώματος
3238 2052 3337 2105 καὶ
3378 2049 3645 2118 ἀναμέσον

2074 2142 2169 2196 τοῦ
2205 2142 2397 2208 ὓδατος
2428 2142 2521 2197 τοῦ
2556 2143 2813 2197 ὑποκάτω
2843 2143 2936 2196 τοῦ
2975 2142 3383 2213 στερεώματος.
3410 2141 3590 2209 Ὕδωρ
3619 2140 3647 2192 6

2074 2235 2209 2301 Θεὸς
2235 2236 2530 2290 ἐναπέθετο
2557 2236 2647 2290 διὰ
2672 2237 2771 2306 τὴν
2800 2235 2895 2289 τοῦ
2925 2236 3077 2308 ἡλίου
3110 2235 3454 2306 θερμοτάτην
3480 2234 3646 2303 φοράν

2074 2341 2134 2378 τε
2162 2326 2258 2379 καὶ
2288 2325 2550 2379 ἔκκαυσιν
2572 2341 2586 2358 ·
2624 2327 2721 2381 καὶ
2749 2326 2797 2379 εί
2830 2325 2908 2396 μὴ
2950 2342 3119 2379 *κειτο
3149 2325 3290 2395 ὕδωρ
3320 2324 3643 2388 ὲπινοτίζον,

2079 2416 2370 2488 συνετρίϐη
2397 2416 2463 2470 ἂν
2486 2418 2591 2470 ὑπὸ
2616 2418 2825 2489 θέρμης
2849 2417 2922 2481 ὠς
2948 2417 3115 2486 ἄγγος
3142 2417 3466 2487 ὀστράκινον
3494 2416 3649 2485 μέσον

2079 2510 2277 2580 φλογὸς
2320 2510 2611 2588 ἱστάμενον
2645 2511 2738 2564 καὶ
2776 2510 2920 2581 ὕδωρ
2958 2511 3033 2580 μὴ
3070 2510 3213 2580 ἔχον.
3256 2511 3368 2563 Καὶ
3411 2507 3650 2562 κάτωθεν

2077 2603 2165 2657 διὰ
2197 2600 2355 2655 τοῦτο
2391 2601 2557 2656 ὕδατα
2594 2600 2786 2668 πολλὰ,
2828 2603 3066 2672 ποταμοί
3103 2618 3162 2653 τε
3202 2601 3297 2654 καὶ
3339 2601 3528 2671 λίμναι
3565 2597 3653 2652 καί⁵

2080 2695 2376 2759 θάλασσαι,
2414 2692 2555 2747 ὥστε
2595 2694 2670 2764 μὴ
2706 2693 3151 2763 καταφλεχθῆναι
3188 2694 3346 2747 τουτὶ
3380 2693 3652 2762 περίγειον

2076 2786 2143 2854 τῇ
2171 2783 2445 2853 ὑπερϐολῇ
2472 2782 2564 2835 τοῦ
2593 2783 2823 2852 θερμοῦ.
2849 2782 3003 2851 ’ῌδει
3029 2784 3136 2853 γὰρ
3162 2784 3189 2834 6
3212 2782 3371 2849 Θεὸς,
3400 2780 3474 2845 ὦς
3498 2797 3657 2851 φησιν

2078 2876 2106 2928 6
2143 2875 2321 2945 μέγας
2353 2874 2656 2937 Βασίλειος,
2692 2874 2817 2928 ὅσον
2851 2872 3099 2945 ἀφώρισε
3132 2874 3209 2943 τῷ
3244 2876 3439 2946 κόσμῳ
3473 2866 3655 2944 χρόνον

2079 2970 2159 3029 εἰς
2187 2965 2449 3037 διαμονὴν
2472 3007 2486 3029 ,
2517 2967 2612 3020 καὶ
2642 2966 2819 3037 πόσην
2847 2965 2950 3037 χρὴ
2977 2965 3054 3036 τῷ
3084 2967 3217 3039 πυρὶ
3245 2964 3653 3036 προαποθέσθαι

2080 3059 2346 3130 δαπάνην.
2374 3059 2567 3123 Καλῶς
2597 3052 2689 3114 οὑν
2721 3058 2906 3137 ἔλεγεν
2932 3060 2960 3111 6
2986 3059 3148 3113 Δαόὶδ
3177 3058 3290 3145 "0
3320 3055 3654 3130 θεμελιώσας

2081 3153 2180 3224 τὴν
2219 3154 2321 3223 γῆν
2364 3154 2457 3207 ἐπὶ
2494 3153 2604 3208 τῶν
2642 3152 2871 3208 ὑδάτων.
2916 3172 2936 3205 ι
2971 3152 3190 3221 Ἐπειδὴ
3232 3151 3347 3223 γὰρ
3390 3154 3458 3206 τὰ
3496 3150 3656 3205 ὑδατα

2082 3247 2179 3316 τὴν
2216 3248 2320 3317 γῆν
2347 3246 2737 3311 ¹έπινοτίςοντα
2780 3246 3146 3316 φυλάττουσιν
3183 3246 3360 3318 αὑτὴν
3401 3245 3542 3300 ὥστε
3583 3242 3655 3313 μὴ

2083 3337 2502 3409 καταφρυγῆναι
2528 3338 2608 3409 τῷ
2640 3339 2798 3410 πυρὶ,
2832 3338 3048 3409 άληθῶς
3078 3337 3143 3392 ἂν
3175 3340 3260 3408 εἴη
3289 3338 3466 3393 ταῦτα
3494 3339 3556 3408 τῇ
3588 3338 3654 3406 γῇ

2082 3430 2330 3500 θεμέλιον
2355 3430 2723 3500 ὀχυρώτατον.
2751 3428 2876 3484 Ὅτι
2904 3430 2962 3483 δὲ
2993 3430 3166 3483 ταῦτα
3192 3429 3371 3494 οὑτως
3404 3430 3538 3500 ἔχει,
3567 3425 3656 3481 καὶ

2083 3526 2165 3578 ὅτι
2200 3524 2270 3577 τὰ
2312 3522 2483 3576 ὕδατα
2526 3522 2778 3593 καθάπερ
2810 3540 2864 3576 τι
2905 3520 3155 3593 θεμέλιον
3191 3522 3529 3593 ὑπανέχουσι
3562 3519 3658 3590 τὴν

2085 3621 2187 3689 γῆν
2206 3659 2220 3683 ,
2252 3621 2280 3672 6
2308 3617 2712 3689 χρυσορῤήμων
2751 3615 3005 3687 Ἰωάννης
3039 3619 3096 3669 έν
3124 3617 3190 3684 τῇ
3226 3613 3400 3687 βίϐλῳ
3430 3613 3539 3669 τῶν
3567 3614 3661 3666 ἀν-

2083 3711 2353 3783 δριάντων
2394 3708 2777 3780 ἀριδηλότερον
2819 3706 3022 3775 ἔδειξε,
3066 3706 3211 3760 κατὰ
3251 3705 3413 3777 ῥῆμα
3454 3705 3659 3771 διεξιὼν

2084 3804 2309 3860 οὑτωσί·
2342 3821 2363 3854 ι
2399 3802 2465 3855 'H
2496 3801 2589 3871 γῆ,
2616 3802 2712 3856 ἐὰν
2738 3799 3064 3855 ὲπιλίπωσιν
3087 3797 3258 3871 αὑτὴν
3285 3802 3345 3852 αἱ
3375 3798 3549 3869 πηγαὶ
3573 3795 3665 3850 καὶ

2066 3899 2119 3967 ,ἡ
2161 3894 2311 3964 παρὰ
2342 3894 2445 3963 τῆς
2481 3892 2765 3962 θαλάσσης
2804 3891 2901 3945 καὶ
2933 3890 3044 3944 τῶν
3078 3888 3345 3960 ποταμῶν
3378 3891 3662 3957 ὲνσπειρο-

2025 4057 2033 4064 _
2089 3989 2225 4058 μένη
2277 3990 2457 4051 νοτὶς,
2510 3989 2930 4057 καταφρυγεῖσα
2980 3984 3201 4048 τελείως
3254 3984 3580 4038 ἀπόλλυται.
3637 3998 3655 4033 ι

2092 4082 2290 4135 Ἔσται
2335 4082 2520 4152 μέντοι
2563 4080 2652 4135 ὃτι
2695 4080 2790 4134 καὶ
2832 4080 3011 4136 πάντα
3056 4082 3549 4147 καταφρυγὴσεται
3591 4072 3666 4141 τῷ

2087 4171 2244 4238 πυρὶ,
2275 4169 2351 4232 ὡς
2380 4169 2410 4222 6
2440 4169 2728 4239 προφήτης
2759 4167 2991 4230 Ἡσαΐας
3022 4167 3189 4236 φησὶν
3216 4171 3274 4219 έν
3303 4162 3389 4231 οἷς
3418 4168 3551 4236 πρὸς
3577 4163 3665 4215 τὸν

2085 4262 2194 4318 τῶν
2231 4261 2370 4315 ὅλων
2411 4262 2546 4315 Θεὸν
2582 4260 2891 4327 διαλέγεται
2942 4278 2961 4312 ι
2991 4258 3049 4313 Ὀ
3092 4258 3269 4327 λέγων
3306 4263 3378 4329 τῇ
3424 4258 3665 4324 assam,

2085 4355 2455 4428 ὲρημωθήοῃ,
2494 4355 2606 4410 ’καὶ
2654 4354 2864 4417 πάντας
2911 4354 3035 4416 τοὺς
3087 4351 3370 4421 ποταμούς
3423 4366 3516 4404 σου
3574 4348 3665 4416 ξη-

2089 4466 2253 4518 ρανω.
2293 4467 2312 4500 ι

468 4540 656 4609 Itaque
687 4538 833 4593 Deus
862 4551 928 4591 ex
963 4534 1123 4603 aquis
1151 4534 1555 4589 ﬁrmamentum
1605 4529 1871 4595 condidit,
1921 4539 1978 4585 et

2161 4539 2408 4608 Παρὰγει
2438 4535 2534 4591 οὖν
2563 4535 2622 4601 ἐξ
2655 4533 2865 4588 ὑδάτων
2896 4533 2956 4586 τὸ
2988 4533 3275 4603 στερέωμα
3306 4532 3333 4583 6
3367 4532 3531 4593 Θεὸς,
3566 4545 3665 4582 κα·

396 4634 500 4702 ipsi
533 4647 756 4703 quoque
785 4630 911 4688 creti
942 4643 1144 4728 nonqan
1174 4624 1327 4679 dedit
1357 4641 1371 4678 :
1405 4623 1500 4728 sed
1531 4624 1749 4693 proprie
1778 4623 1977 4728 uelum

396 4733 627 4777 vocatur
655 4721 787 4776 illud
825 4718 971 4790 quod
1003 4713 1162 4787 prius
1176 4723 1272 4794 εει
1306 4713 1611 4777 conditum,
1647 4722 1704 4768 et
1754 4713 1978 4784 quidem

393 4832 459 4871 ex
490 4813 686 4868 nihilo.
752 4808 1003 4869 Sectutda
1037 4824 1165 4862 vero
1191 4805 1593 4877 signiﬁcatione
1652 4805 1854 4860 cmlum
1895 4820 1980 4860 sa-

397 4924 503 4964 crae
538 4909 758 4961 Litterae
823 4914 1024 4960 vocant
1066 4901 1234 4958 etiam
1281 4898 1698 4956 tundamentum
1749 4898 1856 4953 hoc
1912 4913 1981 4952 ex

395 5002 575 5071 aquis,
612 5007 670 5052 ut
699 4999 905 5053 dictum
947 5006 1052 5060 est,
1083 5006 1288 5049 ortum.
1321 4991 1396 5045 De
1426 5006 1534 5061 quo
1560 4992 1672 5062 jam
1723 4992 1980 5062 intelligis

395 5094 614 5149 tradere
647 5091 881 5145 Litteras
914 5103 1098 5144 sacras
1128 5085 1268 5165 diuos
1296 5084 1485 5149 enatos,
1535 5084 1749 5138 tametsi
1775 5082 1974 5139 malum
2010 5152 2013 5155 Α

398 5187 618 5239 iunicum
642 5197 763 5236 csse
792 5186 1035 5235 statuant
1060 5175 1290 5241 ethnici,
1318 5190 1544 5246 prorsus
1570 5175 1779 5232 scilicet
1802 5176 1977 5230 histo~

396 5281 489 5332 ri-e
523 5275 771 5330 Mosaicae
801 5272 966 5326 rudes
991 5278 1047 5324 et
1077 5268 1336 5339 imperiti.
1371 5266 1514 5334 Quin
1548 5283 1779 5339 magnus
1805 5268 1973 5323 etiam

394 5367 738 5424 Basilius-ille
775 5364 1021 5433 scripsit,
1074 5369 1282 5415 tantum
1337 5361 1532 5414 abesse
1564 5369 1623 5413 ut
1668 5360 1973 5415 secundum

395 5462 497 5515 hnc
525 5460 724 5516 ctelum
753 5470 1036 5525 negemus,
1077 5463 1136 5507 ut
1166 5454 1388 5506 tertium
1445 5461 1704 5521 praeterea
1737 5451 1979 5521 inquira-

392 5567 535 5615 mus,
576 5550 734 5621 cujus
772 5546 1040 5616 inspectio
1067 5545 1224 5599 beato
1267 5546 1434 5599 Paulo
1461 5544 1715 5614 contigit.
1762 5545 1977 5614 Quippe

393 5647 570 5712 ipsum
596 5657 723 5696 aera
762 5655 982 5708 quoque
1006 5639 1225 5692 Litterae
1261 5654 1429 5691 sacra:
1460 5636 1659 5692 caelum
1698 5636 1976 5723 appellare

396 5740 822 5795 consueverunt,
857 5730 1001 5785 vcrbi
1038 5732 1208 5801 gratia
1268 5744 1391 5782 cum
1428 5728 1602 5793 aiunt,
1657 5745 1672 5777 I
1712 5726 2000 5780 Voluctes'

467 5832 509 5863 ⁸⁸
545 5828 687 5885 Psai.
717 5844 873 5894 xxni,
905 5829 959 5882 2.
1038 5831 1056 5860 ‘
1090 5828 1193 5882 isa.
1232 5841 1343 5891 xui,
1377 5825 1429 5880 5.

2084 4631 2249 4694 λέσας
2300 4631 2432 4697 αὑτὸ
2473 4626 2935 4699 καταχρηστικῶς
2985 4626 3235 4696 οὐρανόν.
3289 4624 3514 4694 κυρίως
3568 4619 3665 4690 μὲν

2083 4726 2192 4795 γὰρ
2224 4724 2455 4795 οὐρανὸς
2487 4724 2697 4784 ὶκείνος
2732 4723 2759 4775 ὁ
2795 4720 3014 4791 πρῶτος
3052 4718 3238 4774 λαϐὼν
3272 4720 3331 4782 έξ
3364 4718 3466 4771 οὑκ
3497 4716 3665 4767 ὄντων

2081 4818 2181 4886 τὴν
2210 4810 2500 4871 σύστασιν·
2531 4814 2674 4869 κατὰ
2703 4811 2956 4881 δεύτερον
2983 4812 3039 4865 δὲ
3069 4812 3225 4879 λόγον
3254 4811 3411 4863 καλεῖ
3435 4805 3665 4879 οὐρανὸν

2083 4907 2117 4975 ἡ
2156 4905 2348 4975 Γραφὴ
2386 4904 2482 4959 καὶ
2520 4903 2652 4959 αὐτὸ
2691 4902 2753 4956 τὸ
2792 4904 3079 4972 στερέωμα
3119 4902 3180 4954 τὺ
3220 4902 3281 4966 ἐξ
3319 4902 3554 4963 ὑδάτων,
3588 4895 3662 4955 ὡς

2083 4999 2346 5065 εἴπομεν,
2392 4996 2642 5065 γεγονός.
2675 4993 2975 5064 Ἐπίγνωθι
3020 4990 3113 5047 οὖν
3155 4993 3407 5047 ἐντεῦθεν
3450 4992 3536 5043 ὅτι
3575 4984 3668 5039 δύο

2086 5090 2402 5158 παρέδωκεν
2431 5089 2697 5157 οὐρανοὺς
2735 5089 2767 5159 ή
2803 5087 3019 5157 Γραφή.
3054 5085 3164 5141 Καὶ
3197 5087 3245 5138 οἱ
3281 5084 3378 5154 μὲν
3403 5081 3669 5151 Ἕλληνες

2085 5180 2181 5233 ἕνα
2205 5180 2634 5251 διισχυρίζονται
2660 5178 2804 5233 εἶναι
2830 5177 3087 5248 οὐρανὸν,
3114 5178 3209 5231 ἅτε
3237 5177 3336 5247 τῆς
3363 5173 3664 5242 Μωσαῖκῆς

2088 5271 2330 5340 ἱστορίας
2376 5270 2732 5324 παντάπασιν
2780 5269 2935 5332 ὄντες
2982 5268 3221 5338 ἀμύητοι
3248 5285 3259 5300 ·
3310 5271 3338 5321 6
3383 5267 3441 5320 δὲ
3494 5266 3667 5337 μέγας

2089 5358 2367 5421 Βασίλειός
2403 5374 2570 5429 φησιν
2597 5359 2682 5410 ὃτι
2712 5357 2969 5411 τοσοῦτον
3000 5356 3282 5428 ἀπέχομεν
3312 5357 3389 5426 τῷ
3426 5354 3668 5423 δευτέρῳ

2087 5451 2338 5503 ἀπιστεῖν
2364 5450 2440 5511 ὡς
2469 5452 2563 5502 καὶ
2590 5448 2774 5519 τρίτον
2798 5447 3104 5517 ἐπιζητεῖν,
3129 5439 3192 5499 οὑ
3218 5449 3315 5517 τῆς
3344 5445 3476 5509 θέας
3506 5447 3534 5498 6
3566 5458 3669 5514 μα·

2088 5543 2276 5611 κάριος
2311 5539 2524 5604 Παῦλος
2552 5541 2773 5611 ἠξίωτο.
2809 5543 2918 5594 Καὶ
2945 5538 3108 5594 αὑτὸν
3139 5539 3248 5610 γὰρ
3273 5538 3366 5590 τὸν
3398 5537 3542 5607 ἀέρα
3572 5549 3672 5586 κα-

2085 5634 2197 5685 λεῖν
2232 5633 2421 5695 εἴωθεν
2453 5634 2683 5703 οὐρανὸν
2718 5636 2749 5703 ἡ
2788 5634 2979 5704 Γραφή
3004 5650 3016 5664 ·
3063 5651 3081 5684 ι
3121 5631 3201 5685 Τά
3238 5630 3464 5683 πετεινὰ
3506 5644 3525 5678 ι
3559 5625 3670 5695 γάρ

2086 5745 2219 5795 φησι
2256 5747 2273 5778 ι
2313 5727 2406 5780 τοῦ
2444 5728 2696 5795 οὐρανοῦ,
2740 5747 2755 5779 ι
2798 5728 2892 5780 καὶ
2928 5745 2946 5778 ι
2985 5724 3157 5779 Δώσει
3196 5723 3398 5795 Κύριος
3433 5720 3542 5774 ἀπὸ
3572 5716 3669 5785 τῆς
