4008 6452
348 4682 355 4692 ι

356 4723 367 4770 l

370 363 438 428 li

1654 362 2065 424 ANNALlUM
2108 363 2301 422 PARS
2347 363 2391 425 ῐ.

3576 358 3644 422 42

369 473 561 545 δρόσου
584 489 677 527 του
706 471 965 547 οὐρανοῦ.
1001 492 1022 528 ι
1056 472 1199 530 Αὐτὸ
1224 472 1383 528 τοῦτο
1413 473 1509 529 καὶ
1537 474 1564 527 6
1593 473 1954 543 Δαμασκηνὸς

2067 473 2267 540 ntali";
2305 494 2320 525 ι
2385 474 2536 538 item,
2580 492 2597 525 ι
2636 473 2924 545 Largiatur
2977 473 3073 529 tibi
3129 474 3397 530 Dominus
3452 474 3650 527 rorem

383 564 630 637 Ἰωάννης
668 565 746 639 (3)
780 566 840 619 ὲν
870 565 948 637 τῷ
979 564 1214 635 εἰκοστῷ
1252 564 1420 619 αὐτοῦ
1458 564 1745 636 κεφαλαίῳ
1785 563 1956 634 παρί-

372 673 562 728 στησι,
595 660 747 728 τρετς
788 655 928 713 εῖναι
970 658 1146 728 λέγων
1179 657 1479 728 οὐρανοὺς,
1516 657 1717 712 αὐτίκα
1759 657 1853 711 τὸν
1899 656 1959 725 ἐξ

373 750 478 803 οὐκ
514 750 685 812 ὄντων
712 750 772 818 ἐξ
810 750 986 822 ἀρχῆς
1016 750 1370 822 παραχθέντα
1394 791 1408 815 ,
1438 748 1531 804 τὸν
1559 750 1620 815 ἐξ
1653 749 1865 804 ὑδάτων
1898 766 1957 802 τε

372 841 607 898 λαϐόντα
631 843 731 916 τὴν
755 843 1017 898 σύστασιν
1043 844 1140 898 καὶ
1167 843 1332 899 αὐτὸν
1357 844 1450 898 τὸν
1478 845 1639 915 ἀέρα.
1671 844 1785 897 Καὶ
1808 842 1960 913 δηλοί

368 936 527 990 τοῦτο
554 938 588 1008 ἡ
617 937 812 1010 Γραφὴ
839 938 1076 1007 λέγουσα
1110 957 1129 991 ι
1161 939 1232 993 τά
1260 937 1486 995 πετεινά
1511 937 1606 992 τοῦ
1637 934 1894 1008 οὐρανοῦ.
1933 952 1951 986 ι

370 1029 615 1101 Πρόσεχε
657 1024 772 1085 οὖν.
810 1031 871 1086 '0
920 1031 1137 1100 πρῶτος
1185 1031 1286 1100 μὲν
1325 1030 1435 1099 γὰρ
1476 1027 1728 1100 οὐρανὸς,
1762 1031 1791 1082 6
1816 1028 1958 1098 ὑπὲρ

370 1123 617 1193 κεφαλῆς
652 1125 787 1196 ἡμῖν
818 1123 1224 1194 ὑφηπλωμένος
1260 1124 1369 1196 ἀὴρ
1391 1165 1406 1189 ,
1441 1122 1696 1195 δεύτερος
1733 1120 1865 1175 αὐτὸ
1896 1121 1959 1176 τὸ

373 1217 685 1285 στερέωμα,
714 1214 810 1269 καὶ
836 1216 1020 1287 τρίτος
1044 1217 1073 1269 6
1102 1217 1162 1283 ἐξ
1190 1217 1291 1269 οὐκ
1318 1217 1491 1270 όντων
1519 1215 1641 1269 κατ’
1660 1214 1838 1286 ἀρχὰς
1867 1230 1960 1284 γε·

372 1304 569 1372 γονὼς,
605 1308 685 1372 είς
719 1309 778 1361 ὃν
808 1309 873 1379 δὴ
911 1312 1009 1364 καὶ
1041 1311 1070 1364 6
1107 1310 1414 1382 πάμμεγας
1447 1312 1681 1380 ἡρπάγη
1720 1308 1956 1371 Παῦλος.

373 1400 437 1452 Ei.
469 1400 525 1452 δὲ
561 1402 653 1455 καὶ
685 1402 901 1465 πλείους
936 1402 1200 1474 οὐρανοὺς
1229 1404 1259 1456 6
1289 1402 1458 1457 Δασὶδ
1491 1402 1829 1472 ὑπεμφαίνει
1864 1392 1958 1454 λέ-

373 1508 487 1555 γων
523 1512 541 1543 ι
581 1495 791 1547 Αἰνεῖτε
826 1495 993 1548 αὐτὸν
1020 1495 1071 1548 οἱ
1103 1496 1325 1565 οὐρανοὶ
1353 1495 1465 1549 τῶν
1496 1495 1745 1565 οὐρανῶν
1768 1535 1783 1560 ,
1822 1512 1841 1546 ›
1883 1494 1960 1565 μὴ

376 1582 625 1650 θαύμαζε
648 1601 660 1614 ·
691 1587 723 1654 ἡ
752 1585 864 1657 γὰρ
896 1586 1119 1655 Ἐσραῖς
1144 1587 1363 1657 γλῶττα
1391 1586 1773 1658 πληθυντικῶς
1800 1586 1962 1656 ἐκφέ-

379 1691 492 1743 ρειν
519 1675 678 1730 εἴωθε
705 1679 774 1733 τά
804 1680 983 1745 ἑνικὰ,
1016 1681 1093 1743 ὡς
1121 1683 1147 1734 6
1178 1682 1416 1753 χρυσοῦς
1445 1681 1547 1752 τὴν
1573 1681 1825 1750 γλῶτταν
1856 1697 1962 1751 φη-

374 1768 478 1843 σίν.
513 1768 669 1823 Οὕτω
705 1771 805 1842 μὲν
835 1772 927 1826 οὖν
959 1775 1177 1843 νοήσεις
1208 1774 1305 1828 καὶ
1335 1772 1464 1827 ἔνθα
1495 1772 1644 1841 λέγει
1681 1790 1701 1823 ι
1741 1772 1831 1842 Τῷ
1855 1789 1959 1825 και

372 1859 669 1916 ταδιελόντι
700 1862 800 1934 τὴν
832 1865 1101 1937 Ἐρυθρὰν
1137 1866 1415 1921 θάλασσαν
1440 1869 1517 1930 εἰς
1554 1866 1854 1934 διαιρέσεις
1879 1880 1893 1896 ⁸

375 1950 475 2019 μία
516 1953 625 2026 γὰρ
675 1956 853 2012 ἐκεῖσε
900 1958 1171 2030 διαίρεσις
1217 1961 1433 2029 γέγονε,
1477 1962 1573 2013 καὶ
1618 1960 1680 2012 οὗ
1736 1958 1956 2013 πολλαί.

374 2039 543 2094 Καλεί
575 2043 634 2097 δὲ
667 2046 760 2098 τὸν
799 2046 1056 2119 δεύτερον
1092 2049 1324 2120 οὐρανὸν
1363 2051 1651 2120 στερέωμα
1694 2050 1727 2119 ἡ
1762 2049 1956 2120 Γραφὴ

375 2135 510 2217 πρὺε
535 2137 946 2213 ἀνιτιδιαστολὴν
972 2142 1067 2196 τοῦ
1097 2143 1371 2216 προτέρου
1403 2142 1636 2216 οὐρανοῦ
1666 2144 1759 2198 καὶ
1787 2144 1953 2197 αὑτοῦ

373 2225 466 2281 τοῦ
500 2225 693 2294 ὓδατος
718 2247 732 2263 ·
764 2232 912 2297 εἰκὸς
947 2235 1058 2306 γὰρ
1087 2237 1179 2289 τὸν
1210 2238 1417 2290 ἐκεῖνον
1450 2236 1957 2307 λεπτομερέστερον

320 2378 335 2397 χ
378 2318 536 2391 σῶμα
575 2326 866 2395 τυγχάνειν
902 2329 995 2382 καὶ
1035 2329 1514 2400 είλικρινέστερον.
1555 2331 1666 2383 Καὶ
1701 2328 1862 2397 δῆλον
1898 2328 1958 2392 ἐξ

373 2404 447 2464 ὧν
473 2413 504 2467 6
536 2415 765 2483 Ἡσαΐας
792 2422 956 2490 φησὶν
991 2441 1010 2474 ι
1033 2423 1091 2476 '0
1122 2424 1430 2491 στερεώσας
1459 2424 1551 2477 τὸν
1567 2424 1796 2493 οὐρανὶν
1824 2423 1956 2476 ὡσεὶ

372 2509 601 2562 καπνόν.
639 2528 659 2562 ι
703 2512 978 2578 Ὡσαύτως
1004 2517 1100 2569 καὶ
1128 2516 1191 2570 τὸ
1219 2515 1364 2588 ὕδωρ
1393 2516 1524 2569 αὐτὸ
1556 2516 1745 2587 ἀραιόν
1773 2533 1830 2569 τε
1860 2515 1957 2568 καὶ

377 2599 623 2667 μαλακὸν
650 2604 784 2673 πρὸς
811 2606 943 2660 αὐτὸ
973 2609 1409 2679 συγκρινόμενον
1432 2610 1495 2661 τδ)
1526 2608 1838 2679 στερέωμα.
1905 2602 1914 2610 ’

2061 564 2253 619 ρωιίτ.
2298 582 2314 616 ι
2357 564 2548 619 Tradit
2579 565 2695 626 hoc,
2721 566 2901 636 ipsum
2952 572 3010 619 et
3072 566 3315 621 Joannes
3359 565 3653 619 Damasce-

2060 674 2167 715 nus
2191 675 2313 729 cap.
2353 660 2444 723 ‘20,
2515 661 2658 730 quod
2721 670 2803 715 est
2854 662 2919 714 de
2947 661 3114 728 caelo;
3170 676 3280 730 quo
3337 659 3559 728 quidem
3600 661 3652 713 in

2060 753 2238 824 capite
2291 753 2460 808 caelos
2510 768 2632 807 esse
2669 763 2780 807 tres
2813 755 2909 819 ait,
2972 754 3231 808 nimirum
3294 754 3427 807 illud
3473 753 3652 823 primo

2060 847 2287 910 rmlum,
2316 846 2462 916 quod
2501 863 2684 900 rerum
2728 848 2884 901 initio
2910 848 2978 902 de
3014 848 3190 902 nihilo
3220 846 3506 902 conditum
3537 844 3657 898 lue-
3704 902 3711 909 γ

2060 942 2132 996 rit
2166 940 2661 1008 ;deindealterum
2698 958 2781 995 .ex
2817 941 2974 1010 aquis
3028 940 3231 995 factum
3264 957 3279 1001 ;
3319 939 3481 994 tertio
3535 937 3655 991 loco
3710 921 3745 995 ξ

2063 1035 2242 1105 ipsum
2278 1050 2426 1100 aera,
2466 1034 2535 1089 de
2577 1049 2688 1104 quo
2750 1033 3165 1103 intelligendum
3192 1047 3380 1087 sacras
3413 1030 3651 1085 Litteras

2063 1128 2252 1199 loqui,
2320 1142 2444 1184 cum
2505 1128 2628 1182 coeli
2684 1127 2973 1180 volucrum
3028 1125 3365 1180 mentionem
3422 1124 3654 1178 faciunt.

2060 1221 2118 1293 9
2199 1221 2389 1291 Itaque
2444 1219 2608 1275 vrlim
2670 1219 3080 1274 animadvertas
3139 1218 3338 1272 cmlum
3415 1218 3655 1286 primum

2063 1329 2186 1370 esse
2229 1314 2379 1369 hunc
2406 1330 2533 1369 aera
2575 1329 2739 1384 supra
2796 1319 2963 1382 caput
3000 1320 3249 1368 nostrum
3301 1310 3653 1381 explicatum.

2061 1404 2363 1460 secundum
2400 1405 2467 1460 ab
2506 1405 2599 1459 illo
2635 1406 2809 1472 ipsum
2876 1404 3303 1467 ﬁrmamentum,
3335 1403 3553 1455 tertium
3602 1400 3654 1453 id

2062 1500 2209 1570 quod
2246 1499 2314 1553 de
2340 1499 2516 1554 nihilo
2569 1498 2842 1569 principio
2904 1497 3344 1561 eondituml’uit,
3402 1497 3454 1550 in
3509 1495 3657 1564 quod

2062 1593 2225 1648 etiam
2256 1607 2486 1663 magnus
2518 1592 2608 1647 ille
2639 1593 2843 1647 Paulus
2886 1600 2969 1645 est
3000 1590 3281 1661 abreptus.
3338 1589 3528 1659 Neque
3558 1588 3662 1641 mi-
3688 1621 3699 1626 -

2065 1702 2188 1740 rum
2236 1684 2334 1739 tibi
2412 1684 2667 1739 videatur
2701 1685 2962 1739 Dat-idem
3013 1684 3188 1739 videri
3248 1683 3435 1752 plures
3495 1683 3657 1734 etiam

2064 1778 2237 1834 caelos
2271 1785 2537 1836 statuere,
2586 1791 2712 1830 cum
2744 1778 2925 1845 inquit
2962 1793 2974 1829 :
3013 1793 3031 1825 ι
3070 1774 3176 1845 Ipsi
3205 1774 3474 1829 oculorum
3508 1770 3661 1833 emli,

1938 1882 1956 1916 ι
1996 1863 2035 1889 υ
2068 1868 2359 1923 Dominum
2388 1868 2665 1922 celebrate
2687 1865 2730 1916 ⁸.
2773 1885 2790 1916 ι
2850 1866 2988 1921 Nam
3033 1864 3295 1919 llcbraica
3332 1863 3519 1931 lingua
3569 1876 3664 1912 vn-

2066 1975 2160 2016 ces
2191 1960 2358 2015 etiam
2384 1958 2696 2029 singulares
2737 1973 2971 2012 numero
3015 1955 3393 2012 multitudinis
3458 1954 3660 2008 efferre

2067 2053 2376 2115 consuevit,
2411 2059 2467 2104 ut
2498 2051 2932 2121 Chrysostomus
2964 2053 3061 2104 ait.
3132 2048 3225 2104 Sic
3252 2057 3307 2102 et
3343 2047 3479 2100 illud
3518 2047 3664 2099 arei-

2065 2146 2186 2218 pies
2220 2145 2370 2216 quod
2402 2144 2637 2199 Davides
2673 2143 2816 2197 idem
2865 2143 3006 2198 dixit
3034 2159 3047 2195 :
3079 2142 3183 2210 Qui
3218 2140 3368 2195 Ruhr
3394 2157 3462 2194 .m
3508 2155 3662 2194 mare

2066 2241 2253 2296 divisit
2284 2241 2338 2296 in
2373 2239 2645 2295 sectioncs
2669 2240 2747 2296 θ.»
2788 2236 2923 2292 Nam
2961 2238 3132 2293 sectio
3159 2246 3368 2291 tantum
3402 2252 3511 2291 una
3538 2236 3661 2296 fuit.

2066 2348 2175 2385 non
2210 2332 2417 2403 plures.
2457 2333 2524 2387 Et
2566 2340 2767 2387 vocant
2799 2331 3205 2385 ﬁrmamentum
3240 2330 3460 2385 Littera:
3494 2345 3665 2384 sacrae

2066 2425 2268 2479 cmlum
2304 2425 2610 2480 secundum
2648 2424 2717 2478 ad
2767 2423 2972 2494 prioris
3035 2424 3160 2478 caeli
3213 2422 3664 2481 distinctionem.

2064 2525 2120 2573 et
2170 2518 2345 2587 ipsius
2400 2517 2567 2571 etiam
2624 2533 2802 2587 aqum.
2837 2518 2979 2572 Vero
3030 2517 3177 2570 enim
3231 2525 3665 2571 consentaneum

2065 2617 2150 2663 est
2176 2608 2379 2664 caelum
2408 2608 2541 2664 illud
2574 2609 2733 2677 prius
2759 2624 2885 2664 esse
2912 2608 3174 2663 subtilius
3204 2607 3482 2677 quoddam
3538 2623 3665 2660 cor-

373 2708 475 2763 pus
507 2708 571 2748 ac
602 2698 815 2766 purius.
851 2698 1042 2754 Patere
1070 2699 1292 2754 videtur
1340 2700 1391 2753 id
1457 2700 1524 2754 de
1560 2698 1749 2755 verbis
1805 2698 1963 2754 Isaia:
2003 2696 2285 2755 dicentis:
2327 2718 2343 2752 ι
2371 2698 2475 2766 Qui
2519 2701 2722 2756 coelum
2755 2699 2908 2754 fumo
2935 2700 3226 2767 consimile
3257 2699 3609 2755 stabilivit“.
3639 2719 3656 2749 ι

375 2785 469 2844 Sic
521 2798 576 2844 et
635 2804 833 2860 aquam
890 2791 1064 2862 ipsam
1101 2808 1276 2848 raram
1328 2794 1659 2863 mollemque
1700 2807 1824 2848 cum
1878 2791 2220 2849 condidisset
2275 2792 2441 2860 Deus,
2505 2792 2573 2848 ad
2631 2793 3040 2848 ﬁrmamentum
3093 2792 3372 2858 collatam,
3417 2792 3540 2864 gelu
3611 2798 3665 2851 ei

373 2884 754 2952 circumdedit,
813 2903 876 2943 ac
935 2887 1217 2944 humidam
1283 2898 1447 2959 atque
1486 2889 1728 2959 pluviam
1796 2887 2059 2951 reddidit,
2122 2898 2180 2942 ut
2249 2895 2410 2943 terra).
2464 2886 2658 2943 usibus
2695 2896 2885 2958 aptam
2945 2886 3216 2951 efﬁceret,
3274 2900 3398 2956 quae
3444 2887 3514 2941 de
3537 2902 3665 2941 rore

377 2979 675 3048 plurimum
706 2981 960 3038 utilitatis
984 2983 1149 3053 capit.

456 3075 515 3128 Ὀ
545 3075 645 3145 μὲν
671 3072 761 3129 οὖν
794 3074 1056 3155 "dianae;
1085 3078 1141 3130 ἐν
1168 3080 1233 3147 τῇ
1261 3077 1384 3131 κατ’
1409 3077 1572 3131 αὐτὸν
1600 3078 1956 3150 ἀρχαιολογίᾳ

376 3166 540 3237 φησὶν
566 3167 650 3221 ὃτι
681 3168 741 3222 τὸ
771 3171 1063 3241 στερέωμα
1093 3174 1438 3241 παραγαγὼν
1464 3173 1491 3225 6
1521 3171 1653 3235 Θεὸς
1683 3172 1959 3243 κρύσταλ-

376 3260 467 3315 λον
492 3262 642 3332 αὑτῷ
673 3265 993 3334 περιέπηξε,
1022 3266 1200 3320 νότιόν
1230 3284 1282 3319 τι
1313 3266 1409 3321 καὶ
1441 3266 1671 3330 ὕετῶδες
1701 3268 1835 3336 πρὸς
1863 3265 1960 3339 τὴν

376 3355 484 3409 ἀπὸ
508 3356 617 3409 τῶν
641 3357 848 3428 δρόσων
872 3358 1145 3425 ὠφέλειαν
1169 3359 1446 3432 ἁρμοδίως
1470 3361 1604 3416 αὐτὸ
1629 3365 1692 3433 τῇ
1724 3364 1793 3432 γῇ
1825 3364 1962 3434 ἐμη-

377 3450 671 3521 χανήσατο.
705 3451 820 3503 Οὐκ
850 3449 965 3521 ἔχει
995 3451 1051 3504 δὲ
1082 3453 1180 3506 καὶ
1206 3453 1276 3506 τὰ
1304 3455 1403 3525 τῆς
1433 3454 1695 3524 ἀληθείας
1718 3495 1732 3520 ,
1767 3458 1842 3519 ὠς
1878 3453 1961 3517 οἶ-

379 3559 508 3612 μαι,
553 3543 697 3598 κατά
736 3544 827 3596 τὸν
869 3545 1079 3598 ἐκείνου
1124 3545 1529 3612 σκοπόν.Τίνος
1578 3549 1765 3603 ἕνεκεν
1793 3567 1807 3616 ;
1834 3551 1960 3605 Ὅτι

375 3634 559 3705 δρόσοι
584 3636 679 3690 καὶ
703 3635 852 3690 ὑετοὶ
877 3639 1080 3708 πάχναι
1104 3656 1162 3691 τε
1190 3638 1284 3693 καὶ
1312 3639 1547 3710 χάλαζαι
1576 3642 1670 3697 καὶ
1697 3643 1873 3713 χιόνες
1902 3645 1961 3713 ἐξ

376 3728 793 3798 ἀναθυμιάσεως
835 3729 1085 3798 λέγονται
1118 3730 1230 3785 τῶν
1262 3733 1394 3803 περὶ
1427 3733 1531 3804 γῆν
1567 3734 1776 3789 ὑδάτων
1815 3736 1963 3790 συνί-

378 3821 629 3878 στασθαι.
673 3824 783 3877 Καὶ
829 3824 1067 3895 πρόσεχε
1109 3825 1188 3895 τῷ
1240 3826 1464 3897 μεγάλῳ
1509 3828 1782 3900 Βασιλείῳ
1829 3832 1962 3901 περὶ

376 3918 582 3971 τούτων
594 3916 768 3982 οὕτως
785 3919 845 3973 ὲν
861 3919 1107 3991 τῇλἚξαη
1117 3920 1268 3992 μὲρῳ
1285 3919 1452 3975 αὐτοῦ
1471 3919 1744 3988 διεξιόντιο
1766 3940 1784 3974 ι
1804 3923 1960 3994 Καλὴ

378 4009 479 4082 μὲν
504 4008 599 4063 οὖν
626 4011 660 4080 ἡ
687 4008 937 4065 θάλασσά
965 4014 1106 4077 ἐστι,
1140 4012 1235 4066 καὶ
1266 4012 1348 4066 ὅτι
1381 4014 1494 4077 τοῖς
1522 4014 1736 4086 ἀερίοις
1769 4013 1964 4071 ὕδασιν

377 4104 519 4175 ἀρχή
553 4105 636 4168 τίς
668 4105 785 4158 ἐστι
818 4105 916 4159 καὶ
949 4107 1101 4175 πηγὴ
1126 4146 1142 4171 ,
1177 4106 1497 4178 θαλπομένη
1537 4108 1637 4178 μὲν
1670 4112 1738 4181 τῇ
1777 4111 1960 4165 ἀκτῖνι

368 4197 474 4265 τοῦ
503 4197 688 4269 ἡλίου,
716 4198 1083 4271 ἀποτιθεμένη
1117 4199 1173 4253 δὲ
1201 4201 1262 4254 τὸ
1294 4200 1494 4254 λεπτὸν
1519 4202 1619 4257 τοῦ
1649 4203 1844 4269 ὓδατος
1872 4206 1963 4258 διὰ

377 4293 487 4347 τῶν
512 4294 742 4363 artubu.-
771 4291 909 4364 ὅπερ
939 4292 1199 4347 ἐλκυσθὲν
1230 4295 1310 4359 εἰς
1339 4294 1432 4349 τὸν
1459 4296 1574 4351 άνω
1601 4297 1767 4352 τόπον
1794 4339 1809 4365 ,
1840 4293 1963 4354 εἶτα

381 4383 724 4479 καταὴυχθὲν
746 4383 836 4439 διά
861 4385 921 4438 τὸ
951 4384 1286 4459 ὑψηλότερον
1313 4388 1571 4455 γενέσθαι
1597 4393 1699 4463 τῆς
1727 4391 1841 4446 ἀπὸ
1866 4391 1962 4447 τοῦ

381 4480 611 4549 ἐδάφους
641 4479 992 4545 ἀνακλάσεως
1021 4481 1130 4535 τῶν
1162 4483 1402 4537 ἀκτίνων
1422 4523 1438 4550 ,
1472 4484 1567 4539 καὶ
1595 4486 1733 4556 ὁμοῦ
1764 4487 1863 4559 τῆς
1897 4489 1961 4543 ὲκ

2140 3076 2222 3131 An
2251 3092 2359 3132 non
2384 3076 2501 3132 haec
2536 3077 2610 3132 ita
2645 3091 2703 3135 se
2718 3064 2929 3132 rravcra
2958 3075 3209 3131 habent?
3240 3090 3393 3130 rores
3421 3080 3571 3129 certe
3605 3085 3669 3124 ac

2075 3166 2305 3230 imbres,
2328 3169 2561 3238 pruinm,
2610 3168 2929 3239 grandines,
2963 3168 3124 3223 nives
3146 3168 3214 3222 de
3247 3180 3515 3237 aquarum
3557 3173 3668 3218 ter-

2069 3265 2327 3320 restrium
2386 3266 2741 3321 exhalatione
2778 3266 2917 3320 oriri
2969 3266 3282 3321 traduntur.
3348 3254 3524 3334 At’que
3581 3262 3669 3314 hic

2068 3356 2204 3411 mihi
2250 3357 2432 3428 magni
2466 3357 2650 3412 Basilii
2701 3357 3232 3425 verbisattendito,
3295 3356 3390 3427 qui
3454 3357 3522 3410 de
3583 3355 3670 3409 his

2066 3449 2174 3506 hoc
2204 3450 2367 3506 modo
2396 3452 2624 3507 disserit
2651 3467 2718 3507 eo
2752 3452 2891 3506 libro
2921 3467 3085 3522 quem
3119 3450 3188 3507 de
3223 3466 3317 3506 sex
3360 3450 3665 3520 primorum

2067 3544 2137 3599 ab
2189 3554 2314 3599 ortu
2351 3547 2540 3611 mundi
2570 3545 2785 3600 dierum
2817 3545 3083 3617 operibus
3143 3545 3478 3615 composuit.
3534 3542 3667 3596 [lui-

2067 3638 2285 3705 chrum,
2318 3639 2417 3704 ait,
2480 3638 2742 3709 quiddam
2786 3648 2870 3693 est
2896 3644 3064 3708 )nare
3124 3638 3208 3691 vel
3246 3652 3310 3691 ea
3363 3635 3431 3691 de
3475 3650 3665 3698 causa,

2066 3730 2213 3800 quod
2242 3730 2573 3802 principium
2605 3740 2662 3786 et
2711 3730 2836 3785 fons
2888 3739 2974 3784 est
3035 3729 3314 3784 aeriarum
3374 3743 3663 3798 aquarum.

2065 3821 2276 3893 Quippe
2301 3838 2425 3877 cum
2453 3838 2479 3876 a
2506 3822 2680 3879 radiis
2710 3822 2844 3877 solis
2875 3820 3182 3885 incalescit,
3232 3836 3332 3891 per
3359 3820 3666 3873 exhalatio.

2068 3930 2165 3971 nes
2188 3932 2388 3993 aquam
2425 3931 2581 3973 suam
2612 3914 2993 3971 tenuissimam
3037 3912 3278 3979 amittit;
3326 3928 3448 3983 qua:
3497 3927 3667 3980 snpe-

2066 4007 2212 4065 riora
2238 4008 2292 4063 in
2323 4009 2443 4064 loca
2475 4009 2659 4064 delata
2678 4008 2993 4080 frigoreque
3025 4007 3353 4072 constricta,
3376 4014 3666 4076 propterea

2066 4102 2217 4171 quod
2250 4088 2581 4158 in'sublime
2612 4108 2849 4157 attracta
2879 4100 3100 4173 longius
3139 4109 3254 4154 tum
3312 4115 3341 4154 a
3373 4112 3516 4155 terra
3551 4106 3664 4151 tum

2066 4194 2328 4251 solarium
2362 4193 2641 4249 radiorum
2672 4195 2944 4249 lractione
2969 4192 3137 4258 absit,
3159 4192 3273 4269 ipsa
3305 4193 3471 4246 etiam
3503 4191 3668 4245 nubis

2068 4292 2261 4348 umbra
2304 4292 2479 4364 frigus
2504 4292 2826 4346 intendente
2860 4291 2918 4346 lit
2964 4291 3173 4363 pluvia,
3212 4275 3531 4359 terramque
3584 4290 3667 4344 l‘e-

2068 4386 2389 4441 cundiorem
2427 4386 2625 4442 reddit.
2658 4385 2772 4440 Hoc
2803 4394 2958 4441 vates
2996 4388 3232 4441 Amosus
3296 4401 3488 4439 verum
3545 4398 3667 4438 esse

2070 4488 2319 4547 testatur,
2350 4495 2473 4536 eum
2506 4480 2688 4550 inquit
2717 4496 2733 4535 :
2766 4496 2785 4530 ι
2824 4478 3092 4534 Dominus
3118 4487 3203 4533 est
3234 4478 3330 4548 qui
3382 4476 3589 4530 etfacit
3614 4485 3670 4529 et

380 4571 472 4626 τοῦ
498 4573 694 4644 νέφους
722 4574 881 4637 σκιᾶς
902 4574 999 4645 τὴν
1021 4574 1182 4644 ψῦξιν
1206 4577 1609 4649 ὲπιτειναύσης,
1637 4579 1792 4644 ὑετὸς
1817 4581 1957 4650 γίνε-

2068 4573 2323 4627 immutat
2360 4569 2601 4626 vicissim
2627 4571 2842 4638 omnia;
2872 4560 2965 4640 qui
2998 4584 3195 4640 aquam
3231 4569 3499 4622 marinam
3540 4584 3668 4623 sur-

377 4682 468 4719 ται
500 4665 596 4720 καὶ
628 4665 832 4719 πιαίνει
858 4666 959 4737 τὴν
986 4667 1111 4738 γῆν.
1149 4686 1169 4720 ι
1208 4669 1317 4724 Καὶ
1349 4670 1562 4739 μάρτυς
1591 4670 1703 4725 τῶν
1734 4672 1965 4744 λεγομέ-

358 4760 486 4825 ζνων
531 4762 560 4814 6
607 4763 893 4832 προφήτης
922 4760 1106 4832 Ἀμὼς
1153 4762 1333 4830 λέγων
1361 4779 1378 4797 ·
1412 4782 1430 4814 ι
1460 4764 1664 4835 Κύριος
1713 4765 1741 4817 6
1793 4767 1964 4822 ποιῶν

379 4854 557 4906 πάντα
602 4852 697 4907 καὶ
741 4853 1190 4923 μετασκευάζων,
1233 4855 1261 4907 6
1305 4853 1527 4922 ἀνάγων
1570 4854 1632 4908 τὸ
1673 4854 1818 4926 ὕδωρ
1861 4854 1963 4926 τῆς

379 4941 659 5013 θαλάσσης
684 4944 779 4997 καὶ
802 4943 1010 5013 ὲκχέων
1036 4943 1171 4997 αὐτὸ
1198 4945 1296 4997 ἐπὶ
1326 4944 1622 5016 πρόσωπον
1651 4945 1755 5015 τῆς
1776 4946 1898 5017 γῆς.
1938 4964 1956 4998 ι

381 5035 504 5089 Ὀτι
540 5034 599 5089 δὲ
634 5034 698 5088 τὸ
732 5034 1061 5108 λεπτότερόν
1100 5054 1161 5090 τε
1201 5036 1299 5091 καὶ
1337 5036 1720 5108 ποτιμώτερον
1761 5041 1825 5091 ὲκ
1864 5039 1964 5108 τῆς

378 5126 649 5199 θαλάττης
680 5128 947 5199 ἀνάγεται
978 5131 1043 5200 τῇ
1078 5130 1173 5184 τοῦ
1208 5130 1360 5202 ἡλίου
1400 5130 1741 5202 θερμότητι,
1780 5132 1963 5196 οὐδεὶς

381 5219 447 5274 ὃν
478 5219 837 5292 ἀπιστήσειεν
868 5223 994 5286 τοὺς
1029 5222 1470 5293 ὑποκαιομένους
1505 5224 1741 5295 λέϐητας
1776 5226 1963 5295 ἐννοή-

380 5329 500 5379 σας,
525 5314 577 5367 οἳ
604 5314 836 5391 πλήρεις
861 5315 1016 5381 ὄντες
1042 5317 1213 5388 ὑγροῦ
1244 5317 1512 5383 πολλάκις
1538 5319 1688 5373 κενοὶ
1718 5319 1967 5373 κατελείο

2066 4677 2188 4718 sum
2215 4662 2432 4728 attollit,
2458 4673 2513 4717 et
2537 4678 2657 4718 eam
2684 4663 2735 4716 in
2761 4671 2920 4718 terra:
2945 4659 3547 4732 superﬁciemetl‘uudit
3567 4661 3628 4714 “.
3645 4680 3664 4711 ι

2066 4752 2186 4808 Jam
2264 4763 2478 4826 partem
2553 4753 2701 4809 illam
2760 4753 2928 4809 maris
2983 4752 3329 4808 subtiliorem
3383 4752 3669 4824 magisque

2070 4847 2564 4919 velutipotabilem
2594 4865 2693 4919 per
2722 4850 2961 4905 calorem
2989 4847 3122 4903 solis
3153 4846 3285 4901 ferri
3334 4862 3553 4901 sursum
3585 4846 3670 4901 in-

2068 4944 2338 5019 credibile
2370 4945 2581 5027 nemini
2610 4946 2786 5002 videri
2828 4946 3013 5011 debet,
3055 4945 3148 5016 qui
3184 4944 3461 5001 lcbetibus
3483 4944 3667 5015 ignea:

2068 5038 2270 5111 subjici
2294 5039 2515 5096 viderit.
2542 5038 2758 5095 Etenim
2793 5039 2870 5093 illi
2897 5039 3052 5109 prius
3081 5053 3224 5109 aqua
3280 5039 3477 5109 repleti
3511 5038 3669 5093 dein-

2067 5148 2200 5203 ceps
2287 5111 2526 5188 humore,
2580 5132 2792 5202 dilapso
2845 5147 2988 5202 srepe
3043 5133 3201 5188 vacui
3252 5132 3665 5203 relinquuntur,

2066 5242 2208 5296 aqua
2240 5235 2394 5281 cocta
2452 5240 2682 5297 prorsus
2711 5226 3025 5283 exhalante.
3082 5226 3345 5284 Videmus
3405 5238 3461 5282 et
3488 5228 3666 5297 ipsam

2065 5333 2261 5389 aquam
2323 5319 2593 5374 marinam
2652 5320 2821 5376 abiis
2891 5322 3054 5393 coqui
3105 5322 3201 5394 qui
3249 5321 3668 5392 tempestatibus

377 5403 615 5475 φθησαν,
648 5407 729 5471 είς
762 5406 936 5479 ἀτμὸν
966 5408 1183 5472 πάντως
1212 5409 1306 5463 τοῦ
1339 5408 1613 5481 tit/opem
1647 5409 1957 5481 διακριθέν-

2067 5412 2373 5483 iactantur;
2421 5413 2660 5484 indeque
2692 5413 2894 5471 [ierint
2948 5430 3144 5472 eorum
3197 5415 3319 5472 usui
3375 5413 3537 5484 paulo
3596 5413 3669 5467 sit

372 5508 487 5557 τος.
519 5493 683 5549 ’Δλλά
717 5498 813 5551 xa‘t
847 5498 982 5552 αὐτὸ
1017 5484 1090 5553 1:6.
1108 5500 1208 5571 τῆς
1247 5500 1521 5574 θαλάττης
1556 5500 1702 5574 ὕδωρ
1738 5501 1837 5557 ἴδοι
1870 5520 1955 5567 τις

443 5644 504 5723 ολ
522 5642 666 5698 Psal.
694 5646 813 5713 vni,
837 5645 892 5700 9.
997 5646 1019 5679 "
1049 5646 1183 5704 Gen.
1212 5663 1385 5716 xxv",
1408 5650 1498 5706 59.
1593 5651 1616 5684 ⁸
1657 5653 1801 5710 Psal.
1846 5668 1957 5709 cxu

2099 5656 2151 5709 4.
2258 5657 2277 5687 9
2307 5657 2451 5711 Psal.
2489 5666 2697 5723 cxxxv,’
2728 5659 2810 5713 l5.
2916 5658 2960 5691 ¹⁰
2987 5658 3089 5713 lsa.
3122 5672 3193 5723 ιι,
3222 5658 3306 5711 15.

374 5727 426 5770 v.
471 5712 519 5768 8.

2065 5507 2534 5565 accommodatior
2566 5525 2579 5562 :
2614 5524 2735 5565 nam
2772 5511 3017 5584 spongiis
3046 5524 3280 5582 vapores
3337 5506 3667 5566 ebullierites

3417 5654 3458 5685 ¹¹
3493 5656 3663 5709 Amos

445 5845 519 5913 (ὅ)
550 5845 705 5899 Αὐτὸ
741 5845 939 5901 τοῦτο.
982 5888 995 5903 .
1025 5886 1037 5901 .
1072 5890 1084 5905 .
1118 5850 1224 5905 τοῦ
1280 5853 1566 5921 οὐρανοῦ.
1629 5855 1952 5923 Supplelum

2085 5854 2276 5910 codice
2305 5855 2675 5912 Vallicellann.
