4008 6434
431 332 497 394 l3
1695 332 2117 391 MiCliAElJS
2159 330 2416 393 GLYCIE

3601 324 3674 388 44

424 446 724 515 excipiunt,
772 423 972 514 quibus
1006 445 1063 500 in
1092 458 1247 515 aqua:
1269 440 1524 514 potabilis
1564 441 1792 511 penuria
1852 440 1987 495 sitim

2101 440 2166 494 ἂν
2206 442 2310 495 ὐπὸ
2341 442 2451 495 τῶν
2484 442 2914 515 ναυτιλλομένων
2950 442 3216 512 ἑψόμενον
3250 439 3545 497 κάντεῦθεν
3573 439 3681 513 τὴν

423 537 791 607 restinguunt.
814 537 1156 605 Quapropter
1184 545 1332 589 recte
1362 532 1568 588 dictum
1594 540 1680 587 est
1699 547 1732 586 a
1766 538 1886 587 vate
1902 546 1998 584 no-

426 638 543 682 slro
583 644 598 682 :
639 648 655 679 ι
687 628 792 694 Qui
831 643 1027 698 aquam
1072 626 1339 682 marinam
1376 625 1481 695 ιο
1505 639 1721 679 sursum
1750 623 1893 678 tollit
1941 633 1997 676 ct

419 731 540 771 eam
567 716 619 769 in
669 726 827 771 terra:
884 715 1233 786 superﬁciem
1278 714 1535 770 eii'undit.
1567 732 1586 765 ι
1640 713 1857 769 Etenim
1901 727 1997 782 per

417 808 796 863 exhalationes
855 817 1003 862 ortas
1058 808 1126 862 de
1159 806 1296 861 locis
1344 804 1697 861 inferioribus
1738 804 1997 860 densatus

416 914 515 953 aer
536 906 716 969 guttas
745 899 1010 969 quasdam
1047 896 1309 964 demittit,
1353 896 1532 966 iisque
1562 905 1762 949 terram
1802 893 1993 948 fecun-

415 989 511 1045 dat
568 1003 633 1042 ac
663 990 1017 1060 pinguciacit.
1053 987 1249 1042 itidem
1303 997 1357 1041 et
1405 988 1507 1048 sol,
1578 1002 1702 1041 cum
1749 986 1997 1056 partibus

414 1079 748 1141 australibus
780 1078 1044 1135 absolutis
1067 1077 1132 1132 ad
1160 1078 1411 1133 boreales
1430 1093 1488 1132 se
1513 1077 1726 1132 confert
1746 1091 1811 1131 ac
1838 1085 1998 1132 aesta-

415 1176 522 1219 tem
558 1170 743 1234 eﬁicit,
798 1185 906 1222 non
964 1167 1140 1223 solum
1184 1182 1353 1236 aquas
1414 1167 1597 1220 haurit
1646 1174 1701 1225 et
1755 1164 1993 1218 aridiora

411 1279 643 1333 corpora
673 1271 854 1317 nostra
915 1260 1117 1326 reddit,
1174 1260 1270 1315 sed
1331 1273 1727 1328 nonnunquam
1796 1256 1993 1311 ﬂuvios

410 1355 578 1409 ctiam
626 1352 867 1407 minores
898 1352 1160 1411 exsiccat'.
1221 1351 1421 1411 Eadem
1483 1350 1693 1404 ratione
1741 1348 1991 1419 ﬁtzquod

410 1447 598 1500 Nilum
620 1444 901 1500 exuudare
955 1444 1179 1500 tradunt
1237 1457 1345 1498 non
1382 1451 1644 1497 consueto
1676 1440 1994 1507 ﬂuminibus

409 1537 625 1593 ueteris
653 1545 916 1605 tempore,
946 1535 1043 1591 sed
1075 1543 1264 1591 aestate
1310 1533 1490 1591 media
1521 1531 1814 1603 11‘3thqu
1862 1546 1993 1587 coo-

409 1634 614 1703 perire,
669 1646 777 1701 quo
837 1638 1083 1700 tempore
1117 1630 1199 1687 sol
1248 1628 1490 1686 caelestis
1543 1627 1746 1698 cinguli
1786 1635 1991 1696 partem

406 1722 772 1793 aquilonalem
809 1731 1075 1791 permeat,
1106 1730 1162 1777 et
1191 1721 1403 1785 cteteris
1423 1720 1643 1791 quidem
1692 1718 1877 1774 ﬁuviis
1905 1733 1995 1772 ca-

402 1814 525 1870 lore
552 1830 653 1869 suo
684 1815 947 1870 molestus
993 1823 1100 1874 est.
1152 1813 1225 1868 ab
1278 1813 1384 1868 hoc
1421 1813 1633 1882 autem]
1669 1811 1989 1884 longissime

404 1907 582 1963 abest.
620 1908 738 1976 ipsa
784 1921 1044 1976 vaporum
1085 1914 1281 1963 natura
1326 1905 1463 1960 nihil
1516 1914 1601 1960 est
1638 1903 1787 1959 aliud
1824 1917 1987 1973 quam

401 2008 685 2056 attenuata
723 1998 935 2056 scilicet
995 2010 1159 2069 aqua.
1194 1998 1260 2053 lii
1313 2013 1446 2068 ergo
1492 2011 1620 2053 cum
1659 1997 1987 2056 attractione

401 2091 557 2155 solis,
588 2102 647 2146 ut
668 2092 876 2147 dictum
939 2100 1046 2155 est,
1079 2091 1136 2146 in
1189 2089 1429 2145 sublime
1489 2089 1761 2144 tolluntur
1803 2098 1861 2144 et
1892 2102 1988 2143 aer

399 2181 529 2243 inde
546 2181 828 2246 densatur,
847 2181 1068 2251 pluviae,
1088 2181 1265 2248 nives,
1287 2180 1584 2252 grandines
1599 2180 1814 2250 aliaque
1835 2179 1983 2246 talia,

400 2273 470 2326 de
494 2271 819 2342 humoribus
841 2272 1102 2326 nimirum
1135 2280 1275 2334 orta,
1320 2272 1672 2327 delabuntur.
1701 2273 1778 2325 Ac
1806 2270 1874 2325 de
1902 2270 1987 2325 his

399 2361 622 2435 quidem
665 2363 722 2429 in
752 2363 900 2429 hunc
931 2363 1155 2431 modum
1190 2363 1476 2435 hactenus.

473 2634 590 2690 Non
623 2635 817 2692 dubito
850 2646 1055 2700 autem,
1106 2635 1301 2692 dilecte
1366 2634 1463 2703 ﬁli,
1530 2644 1583 2691 te
1626 2643 1985 2707 posteaquam

396 2742 547 2794 nunc
570 2742 605 2787 ιι
633 2726 782 2785 Mose
831 2728 1146 2798 conscripta
1204 2737 1321 2783 tum
1364 2726 1434 2783 de
1462 2726 1602 2783 calo
1631 2728 1812 2799 primo
1865 2738 1981 2783 tum

395 2820 465 2875 de
488 2819 683 2885 altero,
715 2819 980 2885 nimirum
1008 2819 1078 2875 de
1106 2818 1452 2878 ﬁrmamento
1473 2828 1532 2877 et
1569 2821 1985 2891 comprehensis

394 2910 539 2979 inter
566 2910 734 2966 hosce
757 2911 897 2966 duos
914 2912 1089 2967 ecelos
1113 2912 1293 2982 aquis,
1327 2912 1694 2982 pereurreris,
1734 2911 1981 2977 omnino,

394 3015 517 3081 quae
549 3009 639 3054 tua
681 2999 949 3055 sedulitas
1005 3008 1090 3055 est
1153 3000 1514 3071 discendique
1562 3000 1830 3064 studium,
1887 3001 1980 3071 qui

2101 532 2291 603 χρείαν
2345 532 2583 603 μετρίως
2628 532 3129 605 παραμυθούμενον
3156 548 3170 562 ’
3219 530 3527 599 τηνικαῦτα
3567 532 3675 602 γὰρ

2101 624 2364 689 σπόγγοις
2416 623 2805 694 ὑποδεχόμενοι
2851 624 2978 687 τούς
3030 623 3411 691 ἀναγομένους
3464 621 3677 675 ἐκεῖθεν

2098 714 2307 783 ἀτμοὺς
2352 715 2493 785 ίαμα
2532 715 2695 785 δίψης
2744 718 2804 769 ἐν
2847 717 2969 779 ταῖς
3017 715 3289 782 ἀνάγκαις
3334 712 3675 784 εὑρίσκουσι.

2098 804 2296 869 Καλῶς
2327 801 2419 859 οῦν
2446 809 2474 860 6
2505 811 2791 879 προφήτης
2823 807 3010 876 ἔλεγεν
3046 826 3066 859 ς
3098 806 3159 860 '0
3192 805 3411 872 ἀνάγων
3438 803 3499 855 τὸ
3531 802 3676 872 ὕδωρ

2095 900 2198 967 τῆς
2237 898 2516 970 Θαλάσσης
2555 900 2652 953 καὶ
2693 901 2899 970 ὲκχέων
2936 901 3066 953 αὐτὸ
3111 899 3205 952 ἐπὶ
3246 899 3542 969 πρόσωπον
3575 898 3677 964 τῆς

2097 990 2202 1059 γῆς
2230 1004 2245 1020 ⁸
2286 1008 2305 1041 ι
2359 993 2386 1044 6
2420 992 2531 1061 γὰρ
2564 990 2672 1062 ἀὴρ
2706 995 2827 1053 ταῖς
2864 992 3111 1045 κάτωθεν
3145 988 3548 1059 ἀναθυμιάσεσι
3581 1005 3679 1042 κα-

2095 1082 2542 1150 ταπυκνούμενος
2569 1084 2836 1152 σταγόνας
2864 1082 3058 1151 ἀφίησι
3084 1082 3179 1135 καὶ
3203 1081 3555 1135 καταπιαίνει
3578 1077 3678 1148 τὴν

2095 1174 2219 1243 γῆν.
2247 1173 2405 1239 Κατά
2432 1174 2592 1236 τοῦτο
2621 1175 2716 1249 κα).
2744 1177 2773 1229 6
2801 1175 2952 1246 ἦλιος
2982 1174 3147 1245 ήνίκα
3173 1174 3243 1227 τά
3273 1173 3428 1226 νότια
3459 1172 3674 1242 παρεά-

2098 1281 2195 1327 σας
2229 1265 2321 1317 ἐπὶ
2354 1264 2425 1318 τὰ
2459 1264 2646 1334 βόρεια
2684 1266 2829 1335 μέρη
2863 1266 3050 1335 τρέχει
3085 1266 3179 1316 καὶ
3211 1263 3273 1317 τδ
3309 1263 3469 1332 θέρος
3504 1262 3676 1332 ἐρ·γεὶ⁴

2095 1359 2281 1421 ζεται,
2313 1355 2596 1409 ἀναλίσκει
2626 1355 2695 1409 τὰ
2728 1354 2896 1410 ὓδατα
2924 1355 3020 1409 καὶ
3045 1357 3114 1407 τά
3146 1356 3392 1425 ήμέτερα
3429 1352 3693 1429 ξηραίνει,

2095 1447 2344 1517 σώματα.
2375 1448 2484 1500 Καὶ
2513 1449 2699 1516 μέντοι
2728 1447 2822 1500 καὶ
2849 1447 2974 1510 τούς
3000 1446 3282 1515 ποταμοὺς
3310 1445 3678 1514 μικροτέρους

2093 1538 2243 1593 εστιν
2281 1539 2432 1593 ἰδεῖν.
2467 1540 2658 1610 Τούτῳ
2699 1538 2887 1610 μέντοι
2921 1537 2998 1608 τῷ
3036 1538 3181 1608 λόγῳ
3221 1540 3317 1590 καὶ
3350 1538 3444 1590 τὸν
3478 1537 3677 1588 Νεῖλον

2094 1631 2261 1699 αὐτὸν
2292 1632 2351 1685 οὐ
2389 1632 2531 1686 κατὰ
2558 1633 2650 1686 τὸν
2679 1632 2844 1686 αὐτὸν
2873 1634 2987 1695 τοῖς
3018 1630 3200 1695 ἄλλοις
3234 1631 3369 1700 φασὶ
3403 1631 3674 1700 πλημμυ-

2098 1722 2215 1790 ρεϊν
2244 1720 2469 1789 καιρὸν,
2499 1720 2638 1774 ἀλλά
2672 1720 2969 1790 μεσοῦντος
2999 1718 3092 1772 τοῦ
3126 1718 3323 1789 θέρους
3356 1717 3678 1780 ἐπικλύζειν

2094 1812 2193 1883 τήν
2222 1813 2530 1879 Αἴγυπτον,
2558 1812 2635 1876 ὡς
2658 1812 2754 1866 τοῦ
2783 1829 2847 1882 γε
2877 1810 3031 1881 ήλίου
3067 1810 3160 1881 τὴν
3192 1809 3541 1880 βορειοτέραν
3573 1824 3677 1877 τηο

2046 1946 2067 1959 ς
2092 1902 2251 1958 νικαῦ
2262 1921 2324 1956 τα
2346 1903 2655 1967 διαθέοντος
2680 1902 2881 1974 ζώνην,
2904 1902 3001 1958 καὶ
3024 1905 3134 1966 τοῖς
3161 1902 3345 1965 ἀλλοις
3370 1902 3471 1971 μὲν
3496 1916 3674 1954 ποτα-

2092 1996 2216 2067 μοῖς
2263 1994 2882 2065 ἐνοχλοῦντοςητούτου
2931 1994 2987 2047 δὲ
3039 1994 3294 2047 πλεῖστον
3343 1993 3671 2063 ἀπέχοντος.

2098 2087 2166 2141 Ἢ
2196 2088 2381 2157 μέντοι
2404 2087 2514 2142 τῶν
2540 2086 2730 2157 ἀτμῶν
2758 2085 2917 2155 φύσις
2946 2085 3100 2139 οὐδὲν
3127 2084 3254 2139 ἀλλο
3283 2086 3432 2139 ἐστὶν
3459 2087 3492 2152 ἢ
3522 2084 3676 2137 λεῖπε-

2091 2179 2398 2247 πτυσμένον
2426 2176 2594 2248 ὕδωρ.
2626 2177 3007 2248 ’Δναγομένων
3040 2172 3156 2244 οῦν,
3188 2177 3263 2240 ὡς
3292 2161 3681 2247 εῐρηταιῖαύέ

2085 2270 2196 2325 τῶν
2225 2272 2293 2341 τῇ
2323 2270 2417 2323 τοῦ
2450 2270 2601 2340 ἡλίου
2631 2270 2764 2340 ὁλκῇ
2791 2310 2805 2335 ,
2834 2268 3131 2324 κάντεῦθεν
3161 2269 3539 2337 πυκνουμένου
3574 2266 3672 2320 τοῦ

2087 2360 2272 2431 ἀέρος,
2301 2360 2448 2415 ὑετοὶ
2478 2360 2966 2431 καταρρήγνυνται
2996 2360 3172 2429 χιόνες
3198 2375 3256 2411 τε
3290 2360 3382 2411 καὶ
3411 2356 3673 2428 χάλαζαι,

2087 2454 2183 2515 καὶ
2226 2454 2328 2507 ὅσα
2371 2455 2472 2524 τῆς
2515 2453 2691 2524 ὐργᾶς
2739 2453 2975 2524 ὑπάρχει
3026 2451 3245 2521 φύσεως
3296 2451 3517 2521 ἔγγονα.
3561 2450 3678 2505 Καὶ

2086 2546 2216 2617 περὶ
2248 2544 2349 2616 μὲν
2373 2545 2579 2600 τούτων
2603 2544 2825 2608 οὕτως..

2155 2632 2289 2691 Οἶδα
2318 2636 2395 2701 δέ,
2426 2636 2679 2707 ἀγαπητέ
2697 2675 2713 2702 ,
2738 2637 2822 2693 ὅτι
2857 2636 2982 2692 καθ’
3017 2636 3265 2710 ἱστορίαν
3295 2635 3611 2692 ἐπελθοῦσα.
3636 2635 3670 2706 ἡ

2087 2729 2154 2800 σὴ
2192 2726 2520 2799 φιλομάθεια
2546 2729 2615 2784 τὰ
2650 2727 2802 2799 ποιρά
2831 2729 3077 2791 Μωσέως
3109 2729 3401 2801 γραφέντα
3440 2730 3572 2799 περί
3607 2744 3674 2782 τι

2084 2819 2178 2872 τοῦ
2223 2819 2440 2890 πρώτου
2477 2819 2712 2889 οὐρανοῦ
2743 2820 2871 2890 περί
2904 2836 2965 2872 τε
2991 2817 3086 2873 τοῦ
3116 2819 3395 2891 δευτέρου.
3430 2819 3675 2891 στερεὼ-

2088 2927 2259 2980 ματος
2287 2909 2512 2980 δηλαδὴ,
2548 2913 2642 2965 καὶ
2689 2911 2821 2982 περὶ
2863 2909 2973 2964 τῶν
3015 2911 3507 2981 ἐναπειλημμένων
3534 2911 3672 2966 ὐδά-

2085 3015 2196 3051 των
2231 2999 2395 3068 μέσον
2427 2999 2537 3053 τῶν
2564 3000 2659 3053 δύο
2700 2998 2904 3053 τούτων
2928 2999 3199 3070 οὐρανῶν,
3234 2998 3569 3052 ἐκλαθέσθαι
3602 3000 3672 3054 τά

397 3090 689 3159 ευωίιιιὶυε
723 3090 981 3161 quiddam
1013 3107 1080 3147 ex
1109 3091 1198 3147 his
1221 3092 1347 3147 elici
1377 3094 1548 3162 possit
1574 3092 1978 3163 iudagaturum.

2090 3088 2312 3142 τοιαῦτα
2364 3090 2458 3142 καὶ
2501 3090 2644 3143 κατά
2683 3092 2975 3164 ἀναγωγὴν
3026 3092 3294 3165 ἐπιζητεῖ.
3345 3095 3534 3167 Ταύτῃ
3585 3111 3673 3149 τοι

395 3183 474 3239 Ea
499 3183 567 3251 de
616 3197 787 3252 causa.
830 3182 930 3243 tibi
985 3182 1234 3243 divinum
1283 3181 1585 3246 hominem,
1628 3182 1982 3239 Anastasium

396 3277 552 3345 ilium
600 3275 847 3331 Sinaiten
881 3274 1123 3345 profero,
1154 3277 1398 3345 quicum
1449 3290 1516 3330 ex
1543 3275 1716 3330 Paulo
1750 3276 1792 3306 "
1829 3291 1985 3333 acce-

396 3372 571 3443 pisset
600 3383 793 3434 omnes
821 3382 909 3424 res
935 3378 1044 3424 tam
1067 3369 1320 3424 caelestes
1366 3385 1527 3439 quam
1585 3378 1875 3426 terrestres
1906 3371 1986 3427 sic

397 3460 571 3529 factas
610 3475 733 3526 esse
759 3470 816 3514 ut
843 3458 1045 3515 Christi
1090 3458 1290 3531 ﬁguras
1325 3469 1381 3515 et
1425 3460 1694 3530 imagines
1718 3462 1985 3532 quasdam

398 3560 814 3622 reprresentent,
846 3552 1113 3623 pleraque
1144 3552 1322 3622 prisco
1354 3554 1406 3607 in
1431 3552 1643 3609 {aedere
1676 3554 1985 3624 perscripta

398 3658 563 3698 sensu
613 3642 910 3713 allegorica
968 3652 1052 3698 est
1134 3643 1548 3713 interpretatus.
1605 3643 1979 3720 Quamobrem

395 3736 523 3790 audi
559 3734 691 3806 quid
722 3735 977 3809 deemlis
998 3735 1152 3791 hisce
1206 3734 1426 3791 duobus
1480 3736 1679 3790 tradat.
1726 3734 1984 3805 Superio-

395 3829 493 3896 ris,
550 3828 751 3898 inquit,
812 3828 938 3899 creli
999 3837 1197 3885 natura
1245 3828 1407 3883 nobis
1468 3827 1986 3898 incomprehensilis

402 3920 686 3976 continere
737 3920 872 3989 mihi
933 3919 1162 3994 ﬁguram
1213 3919 1505 3989 quamdam
1578 3919 1987 3990 inaspectahilis

398 4012 550 4084 illius
619 4022 676 4067 et
764 4010 1286 4082 incomprehensilis
1365 4010 1670 4068 divinitatis
1742 4015 1983 4079 Videtur,

397 4102 863 4172 quemadmodum
920 4101 1325 4157 ﬁrmamentum
1382 4102 1614 4158 inferius
1652 4103 1907 4160 humanae
1930 4105 1986 4158 in

398 4195 619 4250 Christo
645 4202 854 4248 naturae
887 4192 1305 4250 similitudinem
1351 4192 1540 4261 habet,
1581 4210 1747 4265 quam
1796 4195 1889 4252 ille
1917 4196 1986 4252 de

400 4290 538 4346 locis
605 4289 799 4345 inieris
825 4290 1166 4360 assumpsit;
1226 4304 1350 4344 cum
1401 4289 1620 4345 interim
1688 4304 1831 4360 aqua
1892 4289 1983 4345 illa

399 4382 634 4441 duorum
666 4382 931 4439 ccelorum
956 4382 1010 4437 in
1035 4379 1216 4445 medio
1238 4371 1635 4453 comprehensa
1671 4380 1832 4436 nobis
1861 4382 1984 4435 ani-

400 4488 544 4528 mam
578 4473 696 4548 ejus
727 4473 908 4527 omnis
934 4471 1094 4549 plane
1116 4471 1261 4529 labis
1285 4479 1567 4544 expertem
1600 4480 1981 4543 repraesentet,

400 4582 508 4637 qua
536 4566 775 4627 medium
826 4565 983 4637 quasi
1018 4564 1277 4636 quiddam
1331 4564 1587 4621 estinter
1639 4563 1984 4625 divinitatem

397 4669 454 4715 et
487 4659 671 4715 carnis
696 4656 1022 4713 erassitiem.
1061 4656 1201 4726 Ecce
1231 4658 1402 4723 enim,
1468 4655 1669 4711 caelum
1720 4655 1855 4710 illud
1890 4670 1984 4710 su-

399 4748 588 4820 perius
611 4748 882 4825 principio
906 4745 1107 4813 coelum
1139 4745 1473 4816 appellatum
1509 4754 1617 4808 est,
1651 4753 1707 4801 et
1759 4744 1980 4814 quidem

403 4839 750 4904 naturaliter,
791 4839 1253 4911 quemadmodum
1283 4838 1449 4894 etiam
1481 4837 1625 4893 Deus
1674 4838 1764 4894 ille
1796 4852 1980 4894 sermo

401 4933 651 4989 ah'initio
696 4932 838 4989 Deus
890 4941 995 4989 est.
1040 4932 1538 5001 Atﬁrmamentum
1566 4931 1697 4986 illud
1756 4930 1985 4986 inferius

402 5035 459 5080 ct
496 5024 777 5080 materiale
817 5038 927 5079 non
952 5024 1021 5080 ab
1050 5024 1232 5087 initio,
1286 5023 1380 5079 sed
1425 5034 1548 5095 post
1574 5023 1981 5094 copulationem

403 5133 526 5173 eum
557 5117 651 5172 illo
682 5117 969 5186 superiore
1000 5116 1126 5171 (διιειί
1163 5130 1360 5171 nomen
1412 5104 1663 5184 accepit,
1686 5117 1905 5185 quando
1933 5126 1988 5172 et

400 5217 808 5264 sacrosanctum
841 5205 1211 5263 illud'Christi
1243 5222 1446 5277 corpus
1513 5217 1737 5277 propter
1769 5207 1989 5262 deiﬁca-

407 5302 611 5356 tionem
647 5310 702 5355 et
726 5300 987 5355 unionem
1020 5297 1163 5354 Deus
1185 5314 1306 5354 esse
1329 5298 1555 5365 dicitur,
1597 5314 1706 5353 non
1737 5314 1767 5352 a
1795 5306 1989 5352 natura

405 5394 650 5463 propria.
681 5392 940 5448 Testatur
971 5390 1077 5446 hoc
1110 5400 1166 5445 et
1225 5406 1452 5461 magnus
1484 5390 1572 5446 ille
1634 5391 1855 5456 Paulus,
1883 5392 1982 5460 ιι

2086 3180 2182 3233 καὶ
2215 3181 2306 3233 τὸν
2347 3182 2598 3253 Σιναῖτην
2631 3182 2741 3237 ἰδοῦ
2783 3184 3019 3256 παράγω
3075 3202 3159 3239 σοι
3214 3186 3356 3241 θεῖον
3397 3187 3671 3240 Ἀναστά-

2089 3289 2237 3326 σιον·
2269 3275 2297 3327 6
2332 3273 2438 3345 γὰρ
2470 3274 2609 3339 θεῖος
2631 3268 2787 3340 οὗτος
2822 3277 2962 3346 ἀνὴρ
3008 3279 3251 3343 ἀκούσας
3292 3278 3386 3332 τοῦ
3419 3279 3669 3348 μεγάλου

2089 3365 2304 3420 Παύλου
2353 3367 2604 3436 λέγοντος
2644 3371 2725 3423 ὅτι
2769 3370 2947 3424 πάντα
2994 3373 3075 3435 εἰς
3119 3372 3355 3442 Χριστὸν
3397 3374 3670 3442 προτετύ-

2087 3476 2286 3524 πωται,
2318 3459 2387 3513 τά
2445 3462 2502 3512 ἐν
2544 3460 2757 3532 οὐρανῷ
2798 3463 2893 3515 καὶ
2942 3463 3009 3515 τά
3057 3463 3150 3519 ἐπὶ
3184 3465 3279 3533 τῆς
3307 3465 3433 3534 γῆς,
3469 3465 3668 3519 τούτου

2088 3552 2247 3622 χάριν
2296 3552 2673 3622 ἀλληγορικῶς
2716 3554 2784 3607 τὰ
2833 3554 3004 3609 πλείω
3053 3557 3151 3625 τῆς
3196 3557 3444 3619 Παλαιᾶς
3485 3557 3678 3624 ἐξελά-

2069 3644 2234 3699 Ὅετο.
2270 3645 2380 3698 Καὶ
2430 3644 2594 3699 ἄκουε
2639 3645 2694 3699 τί
2743 3663 2877 3717 φησι
2921 3647 3051 3715 περὶ
3094 3646 3204 3701 τῶν
3244 3647 3492 3719 οὐρανῶν
3526 3651 3674 3711 τέως

2087 3738 2311 3792 αὐτῶν
2355 3756 2372 3789 ι
2423 3738 2490 3790 Ἥ
2524 3737 2617 3791 τοῦ
2671 3739 2946 3808 ἀνωτέρου
2993 3738 3224 3811 οὐρανοῦ
3280 3740 3677 3811 ἀκατάληπτος

2088 3828 2250 3898 φύσις
2299 3830 2424 3899 ἐμοὶ
2466 3828 2616 3883 δοκεῖ
2666 3828 2836 3884 τύπον
2880 3831 3099 3901 ἐπέχειν
3144 3834 3244 3900 τῆς
3294 3831 3531 3899 ἀοράτου
3568 3837 3672 3889 καὶ

2086 3922 2478 3992 ἀκαταλήπτου
2532 3921 2691 3991 λόγου
2754 3921 3029 3992 θεότητος,
3057 3924 3117 3977 τὸ
3158 3923 3215 3977 δὲ
3273 3925 3564 3997 στερέωμα
3613 3926 3677 3979 τὸ

2088 4014 2334 4078 κάτωθεν
2378 4013 2602 4068 ἀνελθὸν
2648 4013 2817 4067 τύπον
2866 4015 3087 4085 ἐπέχειν
3137 4017 3239 4087 τῆς
3278 4018 3374 4070 τοῦ
3422 4015 3673 4087 Χριστοῦ

2091 4105 2512 4176 ἀνθρωπότητος
2563 4105 2630 4175 ἢν
2685 4104 2847 4160 ἔλασε
2889 4106 3156 4161 κάτωθεν.
3194 4106 3268 4160 Τὸ
3315 4108 3372 4161 δὲ
3419 4107 3565 4179 ὕδωρ
3611 4111 3674 4163 τὸ

2091 4197 2275 4268 μέσων
2312 4197 2423 4250 τῶν
2453 4196 2547 4250 δύο
2580 4198 2993 4268 ἐμπεριληφθέν
3019 4200 3204 4253 εἰκόνα
3240 4199 3536 4272 διαγράφει
3569 4202 3676 4272 τῆς

2087 4290 2363 4361 ἀχράντου
2410 4287 2577 4341 αὐτοῦ
2617 4288 2798 4361 ψυχῆς
2851 4289 3248 4362 μεσιτευούσης
3308 4290 3526 4361 θεότητι
3571 4295 3675 4346 καὶ

2098 4380 2301 4453 σαρκὸς
2363 4382 2661 4451 παχύτητι.
2694 4381 2841 4452 Ὅρα
2884 4384 2992 4452 γὰρ
3041 4383 3123 4437 ὅτι
3172 4384 3201 4435 6
3249 4382 3352 4452 μὲν
3397 4383 3676 4454 ἀνώτερος

2088 4474 2321 4543 οὐρανὸς
2357 4472 2521 4543 φύσει
2555 4472 2650 4526 ἀπ’
2678 4474 2854 4544 ἀρχῆς
2877 4473 3107 4544 οὐρανὸς
3137 4459 3367 4543 ἐκλήθη,
3394 4465 3538 4528 καθά
3575 4476 3676 4528 καὶ

2084 4566 2113 4618 6
2137 4566 2270 4629 Θεὸς
2300 4566 2457 4637 λόγος
2486 4564 2583 4621 ἀπ’
2616 4567 2793 4636 ἀρχῆς
2824 4567 2959 4630 Θεὸς
2992 4567 3136 4634 ἐστὶ,
3166 4568 3229 4619 τὸ
3276 4565 3333 4619 δὲ
3370 4568 3668 4637 στερέωμα

2081 4657 2142 4713 τὸ
2174 4658 2419 4712 κάτωθεν
2453 4659 2547 4712 καὶ
2574 4657 2758 4712 ὑλικὸν
2796 4659 2899 4711 οὐκ
2942 4658 3037 4713 ἀπ’
3073 4659 3270 4729 ἀρχῆς,
3308 4659 3446 4727 μετά
3474 4659 3531 4712 δὲ
3567 4660 3672 4728 τὴν

2084 4746 2223 4817 πρὸς
2251 4746 2341 4801 τὲν
2390 4746 2662 4818 ἀνώτερον
2708 4746 2901 4801 ἕνωσιν
2950 4747 3181 4818 οὐρανὸς
3228 4748 3455 4819 ἐκλήθη,
3482 4748 3672 4820 ἐπειδὴ

2090 4840 2190 4892 καὶ
2217 4839 2278 4891 τὸ
2307 4839 2464 4906 ἆγιον
2512 4838 2606 4891 τοῦ
2639 4837 2878 4910 Χριστοῦ
2922 4837 3086 4907 σῶμα
3119 4842 3182 4911 τῇ
3214 4837 3410 4892 θεώσει
3462 4841 3558 4892 καὶ
3600 4844 3667 4912 τῇ

2091 4931 2283 4985 ἐνώσει
2325 4930 2545 4999 λέγεται
2591 4929 2747 4993 Θεὸς.
2799 4929 2861 4984 οὐ
2908 4930 3018 5002 μὴν
3060 4932 3126 5003 τῇ
3173 4931 3348 5003 οἰκείᾳ
3407 4934 3589 5000 φύσει.
3644 4951 3664 4986 ι

2089 5023 2487 5094 Συμμαρτυρεῐ
2527 5023 2582 5074 δέ
2617 5021 2776 5074 τοῦτο
2811 5025 2839 5076 6
2886 5028 3190 5093 πάμμεγας
3238 5024 3468 5094 Παῦλος,
3504 5045 3670 5079 κατα-

2090 5115 2351 5182 πέτασμα
2381 5113 2558 5183 λέγων
2598 5114 2697 5184 τὴν
2726 5115 2892 5183 ἀγίαν
2916 5113 3010 5168 τοῦ
3040 5115 3281 5185 Χριστοῦ
3313 5117 3512 5187 σάρκα,
3544 5118 3667 5187 ἥτις

2092 5207 2341 5260 κάτωθεν
2384 5207 2483 5261 καὶ
2521 5207 2580 5273 ἐξ
2626 5207 2879 5274 αἱμάτων
2931 5209 3236 5281 συνεπάγη,
3269 5208 3415 5263 καθά
3461 5210 3526 5280 δὴ
3572 5212 3667 5262 καὶ

2092 5298 2225 5351 αὐτὸ
2263 5303 2323 5351 τὸ
2357 5298 2645 5368 στερέωμα
2674 5300 2738 5352 ἐκ
2772 5298 2880 5352 τῶν
2910 5302 3062 5355 κάτω
3091 5303 3333 5356 νοτίόων.
3355 5303 3467 5356 Καὶ
3494 5303 3669 5355 ταῦτα

2096 5389 2196 5461 μὲν
2226 5389 2414 5442 τοῦτον
2447 5390 2561 5462 ἔχει
2598 5389 2693 5445 τὸν
2725 5392 2947 5463 τρόπον.

406 5500 529 5538 cum
554 5491 796 5539 sanctam
825 5481 1029 5539 Christi
1055 5495 1276 5536 carnem
1310 5481 1672 5536 vclamentum
1718 5476 1976 5551 appellat,
2016 5495 2138 5550 qua!
2158 5495 2285 5533 caro
2346 5481 2578 5539 inferius
2628 5496 2906 5556 assumpta
2927 5488 3098 5544 estde
3120 5490 3361 5561 Virginis
3381 5490 3666 5559 sanguine,

410 5575 873 5646 quemadmodum
912 5573 1315 5629 ﬁrmamentum
1366 5573 1568 5641 factum
1600 5584 1684 5630 est
1737 5589 1803 5629 ex
1871 5572 2028 5642 aquis
2067 5572 2277 5628 inieris.
2318 5573 2498 5631 llahcs
2558 5576 2701 5648 quod
2758 5579 2858 5633 hac
2892 5579 2944 5634 in
2979 5593 3135 5650 parte
3188 5582 3285 5637 tibi
3321 5582 3667 5640 sentiendum

412 5682 518 5727 est.

487 5765 528 5801 "
562 5762 579 5821 Ι
619 5762 743 5818 Cur.
781 5780 831 5826 Χ,
874 5763 926 5816 6.
