4008 6434
279 364 353 431 45

351 575 432 645 Τῇ
476 573 535 628 δὲ
589 571 753 646 τρίτῃ
816 572 998 644 ἡμέρα
1050 571 1339 652 τάιῠδατα
1397 570 1579 624 πάντα
1630 571 1713 635 εἰς
1766 571 1865 634 τὰς

283 662 494 721 ἑαυτῶν
525 663 853 733 συναγωγὰς
892 662 1244 734 συνήχθησαν
1291 663 1436 717 κατά
1485 661 1636 717 θείαν
1669 663 1864 716 κέλευ-

286 775 391 823 σιν,
423 757 517 811 καὶ
539 754 712 821 οὕτως
746 755 921 825 ἐφάνη
943 758 978 827 ἡ
1002 755 1164 826 ξηρά.
1195 755 1326 810 Τότε
1357 754 1422 825 δὴ
1453 756 1548 811 καὶ
1580 753 1865 820 παντοίοις

284 853 425 924 αὕτη
460 854 648 920 φυτοῖς
695 867 755 905 τε
788 854 881 906 καὶ
912 851 1159 922 δένδρεσι
1201 851 1528 923 παραδόξως
1555 851 1867 906 ἐκαλλωπί-

287 945 429 1012 ζετο.
460 946 551 1017 Τῷ
596 946 708 1017 γὰρ
746 945 877 1016 θείῳ
920 945 1306 1015 δυναμωθείσα
1362 945 1693 1017 βουλήματι,
1723 945 1800 1009 ὡς
1838 947 1867 1001 6

284 1040 507 1108 Νύσσης
536 1038 730 1109 φησὶν,
764 1037 961 1108 ἀθρόον
1011 1038 1330 1110 ἀπεκύησεν
1365 1038 1607 1104 ἅπαντα,
1635 1039 1698 1092 ού
1738 1039 1869 1110 χρό-

284 1148 378 1185 νου
412 1130 669 1201 δεηθεῖσα
722 1130 860 1202 πρὸς
893 1130 1125 1202 αὔξησιν
1150 1132 1262 1185 τῶν
1308 1131 1373 1196 ἐξ
1411 1133 1585 1201 αὐτῆς
1617 1132 1866 1187 ἀναδιδο-

286 1227 488 1296 μένων,
546 1224 664 1279 ἀλλ’
707 1223 844 1294 ὁμοῦ
891 1226 1005 1288 τοῖς
1038 1225 1231 1278 ἄνθεσι
1282 1226 1377 1279 καὶ
1439 1226 1569 1285 τοὺς
1618 1227 1864 1296 καρποὺς

284 1319 703 1390 ἐκϐλαστήσασα
753 1317 934 1388 θέαμά
998 1336 1053 1373 τι
1114 1318 1459 1389 τερψίθυμον
1505 1314 1593 1391 ἦν.
1648 1320 1712 1375 Et
1759 1321 1867 1390 γὰρ

285 1408 450 1479 ἀηδές
476 1425 531 1462 τι
563 1411 803 1480 πρᾶγμα
830 1413 927 1465 καὶ
960 1411 1300 1483 παρεκτικὸν
1329 1411 1525 1481 ὀδύνης
1565 1414 1599 1483 ἡ
1628 1411 1866 1475 ἄκανθα,

286 1499 403 1552 ἀλλ’
441 1500 544 1552 οὐκ
591 1499 650 1564 ἐξ
692 1499 870 1573 ἀρχῆς
904 1500 1078 1572 αὐτῆς
1108 1503 1144 1574 ἡ
1192 1502 1268 1571 γῆ
1308 1503 1408 1556 καὶ
1433 1501 1641 1572 ταύτην
1669 1503 1870 1558 ἀνέδω-

284 1608 402 1659 κεν,
446 1592 564 1647 ἀλλ’
614 1593 782 1664 ἡνίκα
836 1594 976 1664 μετά
1036 1593 1139 1665 τὴν
1189 1594 1507 1666 παράϐασιν
1557 1595 1793 1665 ἤκουσεν
1839 1597 1868 1649 6

297 1684 470 1755 ’Adip.
521 1704 541 1738 ι
576 1686 1002 1757 Ἐπικατάρατος
1048 1689 1083 1758 ἡ
1142 1688 1212 1757 γῆ
1271 1688 1329 1742 ὲν
1372 1690 1487 1753 τοῖς
1534 1688 1720 1758 ἔργοις
1771 1706 1867 1743 σου

287 1778 529 1841 ἀκάνθας
563 1778 659 1832 καὶ
692 1779 976 1850 τριϐόλους
1004 1779 1264 1834 ἀνατελεί
1296 1797 1401 1837 σοι.
1442 1798 1462 1831 ι
1492 1781 1611 1834 Ἵνα
1639 1781 1751 1852 γὰρ
1787 1778 1867 1849 τῷ

1554 354 1966 422 ANNALIUM
2009 356 2208 422 PARS
2253 361 2303 421 Ι.

804 481 1047 537 ΗΜΕΡΔ
1099 481 1336 535 ΤΡῙἹἩ.
1743 474 1749 479 ’
1892 485 1938 541 Α

3479 356 3549 416 ιδ

2521 475 2676 533 DIES
2718 473 3000 532 TERTIA.

1982 572 1985 577 ’
2048 573 2145 629 Die
2186 573 2347 628 tertia
2378 582 2585 637 coactae
2634 580 2766 626 sunt
2799 586 2953 650 aquae
2987 584 3180 624 omnes
3229 569 3279 623 vi
3323 570 3564 624 mandati

1972 665 2148 721 divini
2177 679 2311 719 suas
2363 662 2431 719 ad
2488 660 2870 725 collectiones.
2910 675 3090 730 eoque
3143 660 3309 713 modo
3358 661 3563 714 siccum

1970 759 2262 829 apparuit;
2298 755 2445 828 quod
2501 754 2722 825 quidem
2780 769 2905 808 mox
2949 752 3352 809 admirabiliter
3383 755 3566 807 omnis

1969 852 2193 925 generis
2226 850 2431 922 plantis
2474 858 2530 905 et
2580 848 2877 904 arboribus
2911 846 3306 901 exornabatur.
3349 845 3564 916 Quippe

1971 952 2117 999 terra
2149 942 2350 997 divinae
2380 941 2680 996 voluntatis
2702 938 2943 994 eiiicacia
2968 936 3349 1001 corroborata,
3368 952 3565 1007 quem.
3640 984 3661 1002 δ

1970 1034 2271 1090 admodum
2322 1033 2614 1105 Nyssensis
2677 1031 2910 1087 antistes
2945 1029 3191 1100 scripsit,
3228 1030 3346 1086 hate
3376 1031 3562 1085 omnia

1969 1126 2158 1183 subito
2198 1130 2357 1199 quasi
2405 1126 2643 1197 peperit,
2684 1140 2794 1181 non
2852 1127 3117 1195 temporis
3171 1140 3341 1196 egens
3386 1124 3564 1180 inter-

1969 1219 2115 1274 vallo
2145 1218 2212 1273 ad
2270 1220 2676 1276 incrementum
2726 1234 2923 1273 eorum
2963 1234 3086 1289 qua:
3119 1217 3185 1273 de
3221 1219 3335 1288 ipsa
3378 1218 3562 1274 exori-

1971 1320 2170 1367 rentur
2205 1331 2218 1368 :
2259 1313 2359 1368 sed
2397 1329 2503 1368 una
2533 1328 2658 1368 cum
2707 1312 2942 1368 ﬂoribus
2979 1312 3147 1369 etiam
3186 1312 3398 1368 fructus
3431 1328 3562 1382 pro-

1970 1397 2179 1468 ferens,
2202 1404 2508 1476 jucundum
2533 1403 2812 1475 quoddam
2834 1405 3211 1476 spectaculum
3251 1403 3555 1475 praebebat.

1969 1496 2175 1563 Quodsi
2212 1496 2339 1567 quis
2388 1498 2538 1553 dicat
2593 1499 2808 1569 spinam
2851 1514 2974 1554 esse
3020 1514 3134 1554 rem
3174 1498 3402 1553 minime
3439 1500 3563 1568 pul-

1970 1588 2160 1644 chram
2191 1598 2356 1660 atque
2388 1590 2556 1645 etiam
2590 1590 2909 1651 molestam.
2961 1591 3008 1646 is
3049 1591 3189 1646 sciat
3220 1600 3340 1644 eam
3372 1606 3559 1646 rerum

1971 1682 2130 1738 initio
2181 1693 2389 1740 eterra
2422 1699 2550 1738 -non
2606 1683 2952 1753 provenisse,
2998 1682 3093 1739 sed
3132 1695 3261 1754 post
3315 1681 3561 1738 mandati

1971 1777 2215 1848 primum
2265 1777 2435 1832 divini
2498 1777 2891 1844 violationem,
2952 1792 3078 1833 cum
3139 1777 3257 1833 hac
3317 1776 3564 1832 Adamus

286 1871 506 1942 τερπνῷ
539 1870 639 1942 τὴν
681 1871 858 1941 λύπην
880 1874 1293 1944 παρακειμένην
1324 1871 1563 1944 ἔχωμεν,
1610 1876 1722 1927 κάκ
1741 1871 1865 1926 τού-

1975 1869 2227 1928 audiret:
2256 1870 2676 1951 «Infelicemtui
2698 1871 2917 1926 labores
2949 1879 3148 1927 terram
3181 1872 3561 1942 experiantur,

285 1980 381 2017 του
402 1962 502 2035 τὴν
534 1964 819 2035 ἁμαρτίαν
849 1965 1321 2036 μνημονεύωμεν,
1351 1966 1426 2030 ὡς
1450 1968 1477 2020 6
1521 1965 1697 2036 μέγας
1731 1965 1869 2037 φησὶ

288 2055 589 2123 Βασίλειος,
623 2057 711 2112 διά
738 2056 900 2113 τοῦτο
941 2058 1238 2130 προσεφύη
1280 2057 1360 2129 τῷ
1398 2060 1537 2130 ῥόδῳ
1568 2061 1602 2133 ἡ
1632 2059 1867 2114 ἄκανθα.

290 2147 529 2218 Πρόσεχε
560 2148 676 2205 οὖν.
712 2150 777 2203 Et
806 2151 883 2221 μὴ
913 2150 1024 2222 γὰρ
1055 2150 1290 2221 ήκουσεν
1322 2150 1351 2204 6
1391 2150 1568 2220 ’Δδάμ
1598 2170 1617 2203 ι
1640 2151 1872 2206 Ἐπικα-

288 2240 522 2309 τάρατος
570 2241 603 2311 ή
654 2239 728 2310 γῆ
773 2242 832 2294 ἐν
862 2244 971 2307 τοῖς
1018 2241 1206 2311 ἔργοις
1244 2259 1363 2306 σου,
1402 2260 1421 2293 ι
1462 2242 1605 2314 τάχα
1635 2242 1702 2296 ἂν
1738 2243 1870 2314 ήγῆ

292 2331 385 2384 καὶ
421 2328 579 2395 αὖθις
622 2331 768 2402 φυτά
800 2333 1032 2404 παρεῖχέ
1081 2350 1165 2388 σοι
1201 2334 1464 2405 ἔγκαρπα
1512 2332 1591 2405 μὴ
1636 2334 1871 2405 δεόμενα

289 2421 481 2492 χρόνου
509 2423 644 2494 πρὸς
675 2423 923 2496 αὔξησιν.
957 2425 1092 2480 Τότε
1124 2426 1226 2496 μὲν
1251 2427 1382 2497 γάρ,
1423 2425 1531 2497 πρὸ
1559 2426 1663 2497 τῆς
1693 2446 1872 2499 παρα-

291 2514 501 2579 ϐάσεως
551 2514 817 2588 δηλονότι,
857 2516 933 2581 ὡς
964 2519 995 2572 6
1043 2520 1228 2588 μέγας
1278 2518 1414 2589 φησὶ
1464 2518 1771 2584 Βασίλειος,
1811 2522 1871 2573 ὲν

292 2608 557 2680 ἀκαριαίᾳ
595 2608 795 2680 χρόνου
827 2612 969 2683 ῥοπῇ
1020 2610 1131 2666 ἀπὸ
1174 2614 1280 2685 τῆς
1319 2610 1671 2682 βλαστήσεως
1701 2612 1873 2684 ἀρξα-

294 2695 430 2765 μένη
453 2698 488 2766 ἠ
515 2697 610 2767 γῆ,
635 2698 723 2752 ἵνα
758 2698 969 2772 φυλάξῃ
997 2701 1124 2765 τοὺς
1160 2701 1364 2772 νόμους
1412 2701 1509 2756 τοῦ
1553 2703 1868 2766 κτίσαντος.

292 2790 471 2843 πᾶσαν
508 2790 657 2844 ίδέαν
689 2791 973 2863 αὐξήσεως
1012 2791 1387 2860 διεξελθοῦσα,
1425 2793 1591 2857 εὐθὺς
1635 2794 1776 2865 πρὸς
1810 2796 1871 2851 τὸ

291 2879 498 2936 τέλειον
543 2883 721 2954 ἤγαγε
765 2884 834 2937 τὰ
888 2882 1272 2955 βλαστήματα.
1311 2886 1425 2939 Καὶ
1456 2885 1728 2957 λειμῶνες
1772 2887 1871 2956 μὲν

294 2974 400 3044 γὰρ
443 2971 585 3049 ἦσαν
627 2975 817 3047 βαθεῖς
870 2979 938 3049 τῇ
990 2977 1230 3050 ἀφθονίᾳ
1273 2978 1367 3034 τοῦ
1405 2979 1629 3052 χόρτου,
1662 2980 1773 3035 τῶν
1815 2981 1905 3054 δὲ,

293 3067 484 3121 πεδίων
544 3071 613 3124 τά
656 3069 912 3144 εὔκαρπα
959 3072 1217 3146 βρίθοντα
1278 3073 1395 3135 τοῖς
1450 3073 1630 3144 ληίοις
1685 3075 1873 3130 εἰκόνα

1969 1971 2157 2017 sentes
2185 1969 2353 2034 atque
2382 1961 2621 2018 carduos
2657 1963 2757 2017 tibi
2812 1973 3071 2032 procreet
3106 1962 3176 2019 ¹³.
3211 1982 3228 2015 ι
3279 1961 3557 2017 Nimirum

1973 2064 2035 2110 ut
2062 2055 2334 2125 voluptati
2367 2054 2618 2111 dolorem
2656 2054 2981 2128 adjunctum
3017 2054 3352 2118 habeamus.
3385 2069 3563 2126 eaque

1970 2162 2030 2204 re
2056 2149 2270 2218 peccati
2331 2147 2507 2203 nostri
2552 2147 2717 2203 nobis
2773 2148 2971 2204 subeat
3031 2149 3369 2216 recordatio,
3418 2150 3564 2207 sicut

1969 2241 2204 2297 Basilius
2222 2240 2322 2307 ait,
2352 2239 2560 2295 idcirco
2579 2241 2753 2310 spinae
2786 2240 2927 2295 rosis
2956 2239 3156 2296 additae
3193 2250 3344 2297 sunt.
3371 2242 3564 2311 Itaque

1970 2333 2133 2390 velim
2148 2333 2282 2388 mihi
2295 2332 2724 2399 animadvertas,
2742 2331 2891 2403 quod
2908 2333 3014 2388 nisi
3032 2333 3561 2398 Adamus‘audisset,

1977 2440 1998 2476 ι
2033 2422 2316 2478 Infelicem
2364 2422 2443 2477 tui
2472 2423 2693 2479 labores
2717 2431 2922 2479 terram
2966 2426 3349 2495 experiantur,
3387 2444 3406 2477 ι
3444 2425 3566 2480 for-

1973 2523 2120 2571 tasse
2176 2514 2444 2586 deinceps
2503 2528 2728 2586 quoque
2783 2513 3081 2585 frugiferas
3131 2514 3296 2571 nobis
3345 2516 3564 2589 plantas

1972 2608 2352 2682 produxisset,
2386 2608 2458 2664 ad
2516 2609 2933 2675 incrementum
2980 2607 3067 2665 sui
3117 2609 3271 2665 nullo
3301 2608 3567 2680 temporis

1971 2703 2154 2773 spatio
2185 2695 2528 2773 indigentes.
2568 2701 2706 2757 Nam
2737 2710 2866 2756 ante
2898 2700 3138 2772 lapsum,
3178 2710 3238 2755 ut
3276 2701 3424 2757 idem
3461 2702 3569 2757 Ba-
3635 2720 3647 2732 ·

1972 2794 2138 2851 silius
2191 2793 2397 2864 inquit,
2447 2800 2731 2849 momento
2773 2795 3039 2864 temporis
3106 2809 3134 2847 a
3163 2795 3567 2863 germinatione

1976 2885 2161 2950 tellus,
2212 2892 2273 2938 ut
2325 2882 2543 2955 legibus
2603 2882 2822 2954 opiﬁcis
2874 2892 3115 2953 pareret,
3156 2883 3353 2953 quavis
3399 2898 3569 2953 auge-

1972 2975 2166 3033 scendi
2223 2974 2409 3047 Specie
2480 2974 2775 3042 absoluta,
2837 2990 2966 3029 mox
3025 2973 3240 3031 fructus
3314 2985 3567 3030 maturos

1974 3070 2311 3142 proferebat.
2364 3069 2559 3141 Itaque
2587 3077 2746 3140 prata
2791 3067 3017 3139 copioso
3055 3068 3277 3139 altoque
3314 3070 3564 3139 gramine

293 3159 564 3229 πελάγους
594 3164 955 3234 κυμαίνοντος
981 3167 1043 3220 ἐν
1062 3168 1129 3238 τῇ
1171 3167 1390 3239 κινήσει
1428 3166 1537 3221 τῶν
1577 3166 1871 3238 ἀσταχύων

1977 3162 2357 3228 abundabant,
2391 3169 2450 3220 et
2492 3162 2672 3234 campi
2723 3161 2975 3232 frugiferi
3023 3162 3303 3234 segetibus
3352 3163 3568 3217 onerati

292 3249 565 3316 ἀπέσωζε.
618 3255 729 3312 Καὶ
783 3256 961 3310 ταῦτα
1025 3257 1147 3328 μὲν,
1197 3259 1365 3329 ἡνίκα
1419 3257 1609 3326 ἔλεγεν
1664 3259 1692 3311 ό
1738 3257 1873 3323 Θεὸς

300 3357 319 3390 ι
351 3341 720 3412 Βλαστησάτω
749 3346 783 3415 ή
814 3348 885 3418 γῆ
922 3346 1157 3418 βοτάνην
1187 3349 1385 3420 χόρτου
1412 3365 1429 3380 ⁸
1481 3370 1502 3404 ι
1540 3350 1781 3422 ὁπηνίκα
1817 3351 1875 3406 δὲ

296 3435 610 3503 προσετίθει
661 3456 680 3490 ‹
741 3439 853 3493 Καὶ
902 3440 1060 3508 ξύλον
1092 3441 1377 3512 κάρπιμον
1415 3443 1606 3498 ποιοῦν
1626 3444 1873 3515 «καρπὸν,

294 3519 354 3581 οὗ
388 3529 451 3581 τὺ
491 3530 714 3602 σπέρμα
742 3533 910 3588 αὐτοῦ
940 3538 998 3589 ὲν
1031 3534 1209 3606 αὐτῷ,
1238 3536 1384 3591 κατὰ
1420 3538 1580 3606 γένος
1616 3540 1710 3593 καὶ
1752 3537 1875 3594 καθ’

294 3622 608 3693 ὁμοιότητα,
638 3625 730 3679 ἐπὶ
754 3627 857 3699 τῆς
894 3627 1017 3699 γῆς,
1050 3648 1070 3682 ι
1115 3630 1239 3684 τότε
1280 3629 1369 3700 δὴ,
1408 3630 1533 3684 τότε
1570 3632 1744 3685 πᾶσαι
1776 3632 1879 3701 μὲν

296 3713 493 3786 λόχμαι
525 3719 991 3787 κατεπυκνοῦντο,
1023 3723 1204 3777 πάντα
1253 3722 1310 3776 δὲ
1354 3724 1620 3796 ἀνέτρεχε
1656 3723 1874 3797 δένδρα,

295 3804 485 3862 ἐλάται
531 3810 625 3863 καὶ
678 3811 884 3881 κέδροι,
920 3812 1123 3867 πεῦκαί
1156 3831 1217 3867 τε
1256 3815 1354 3869 καὶ
1398 3816 1754 3886 κυπάρισσοι,
1780 3814 1878 3868 καὶ

296 3898 395 3952 ὅσα
449 3902 695 3974 τοιαῦτα,
749 3904 813 3956 αἵ
857 3920 919 3956 τε
979 3904 1240 3973 ῥοδωνιαὶ
1298 3905 1394 3958 καὶ
1463 3906 1726 3975 μυρσίναι
1780 3906 1878 3959 καὶ

295 3989 512 4060 δάφναι,
548 3995 728 4050 πάντα
775 3997 837 4050 ἐν
872 4000 973 4069 μιᾷ
1005 4000 1204 4068 καιροῦ
1237 4000 1404 4071 ῥοπῇ,
1446 3999 1549 4053 οὐκ
1575 4000 1708 4053 ὅντα
1740 3999 1875 4071 πρό-

299 4100 478 4154 τερον,
514 4089 595 4151 εἰς
627 4087 689 4141 τὸ
717 4084 862 4143 εἶναι
893 4093 1156 4163 παρήχθη
1187 4091 1329 4162 μετὰ
1360 4092 1459 4162 τῆς
1489 4093 1701 4159 οίκείας
1743 4096 1876 4150 ὲκάο

294 4196 426 4241 στου
465 4181 747 4251 ἰδιότητος.

1899 3216 1942 3275 C

1979 3262 2146 3319 motis
2182 3276 2375 3317 earum
2428 3261 2628 3319 culmis
2664 3260 2962 3334 imaginem
3012 3261 3336 3317 ﬂuctuantis
3389 3264 3569 3332 pelagi

1977 3356 2319 3413 referebant.
2357 3356 2423 3411 Et
2449 3357 2569 3412 ha-c
2598 3354 2826 3427 quidem
2863 3364 2984 3410 orta
3016 3363 3167 3421 sunt,
3197 3371 3322 3411 eum
3356 3356 3572 3412 diceret

1979 3449 2165 3506 Deus:
2202 3467 2221 3502 ι
2249 3449 2394 3505 Edat
2414 3448 2623 3504 humus
2642 3448 2958 3520 gramineas
2987 3447 3187 3503 herbas
3216 3447 3278 3501 ιἰ.
3308 3467 3326 3498 ι
3368 3446 3567 3503 Verum

1978 3539 2604 3611 posteaquamadjecit
2657 3555 2673 3593 :
2735 3558 2753 3592 ι
2801 3539 2867 3593 Et
2936 3538 3166 3594 arbores
3231 3538 3569 3601 fructiferas.

1977 3647 2100 3702 qua:
2137 3646 2241 3687 suo
2289 3628 2526 3701 quaeque
2566 3631 2622 3686 in
2656 3645 2863 3702 genere
2896 3645 3087 3685 semen
3119 3646 3280 3686 suum
3313 3634 3366 3686 in
3405 3633 3570 3688 terris

1978 3723 2242 3790 habeant,
2283 3742 2303 3776 ι
2345 3732 2460 3778 tum
2497 3738 2629 3779 vero
2679 3724 2791 3779 luci
2848 3724 3230 3780 densabantur
3280 3735 3333 3781 et
3364 3726 3571 3797 qumvis

1978 3817 2208 3879 arbores
2274 3817 2624 3883 oriebantur,
2695 3818 2929 3886 abietes,
2985 3818 3170 3878 cedri.‘
3226 3820 3411 3889 pinus,
3466 3837 3569 3876 cu-

1979 3909 2180 3979 pressi,
2221 3921 2458 3967 materie.
2520 3912 2794 3967 Praeterea
2841 3926 3094 3968 rosarum
3153 3923 3573 3984 myrtorumque

1978 4003 2231 4068 frutices,
2295 4019 2359 4059 ac
2409 4004 2551 4058 lauri
2609 4019 2721 4058 uno
2776 4004 3044 4073 temporis
3110 4014 3392 4059 momento
3446 4022 3563 4074 pri»

1980 4095 2162 4152 ducta:
2214 4108 2367 4165 sunt,
2429 4097 2546 4152 suis
2603 4095 2867 4167 qurelihet
2920 4111 3048 4150 cum
3109 4096 3568 4166 prOprietatibus.

1979 4205 2106 4246 cum
2143 4199 2306 4246 antea
2342 4205 2452 4245 non
2482 4189 2841 4247 exsisterent.

367 4272 459 4343 Μὴ
507 4272 755 4344 θαύμαζε
811 4276 871 4329 δὲ
925 4278 1086 4346 εἴπερ
1135 4259 1197 4332 αἱ
1258 4278 1486 4347 βοτάναι
1546 4280 1723 4338 πᾶσαι
1774 4283 1878 4338 οὐκ

298 4362 563 4436 ἐδώδιμοι.
613 4367 696 4421 Τά
735 4368 846 4439 γὰρ
898 4370 973 4442 μὴ
1009 4374 1423 4443 χρησιμεύοντα
1473 4375 1554 4445 τῷ
1599 4375 1876 4449 ἀνθρώπῳ

2051 4283 2164 4339 Nec
2203 4283 2406 4338 mirum
2436 4283 2537 4338 tibi
2573 4284 2747 4340 videri
2778 4284 2946 4342 debet
2980 4301 3093 4341 non
3135 4301 3328 4342 omnes
3369 4285 3574 4342 herbas

1979 4377 2296 4433 esculentas
2329 4391 2474 4433 esse.
2501 4377 2638 4432 Nam
2662 4378 2707 4433 si
2733 4393 2858 4448 quae
2909 4379 3121 4434 homini
3164 4381 3403 4435 maxime
3458 4396 3570 4433 nnu

298 4460 543 4532 χρήσιμά
570 4461 688 4515 ἑστι
712 4464 826 4526 τοῖς
852 4462 923 4517 δι’
960 4465 1122 4518 αὑτὸν
1165 4468 1562 4538 γεγενημένοις
1592 4467 1782 4534 ζώοις.
1811 4472 1871 4524 ΕΙ

1982 4475 2116 4522 sunt
2150 4466 2299 4532 usui,
2344 4467 2712 4527 nihilominus
2759 4466 2885 4523 aliis
2937 4468 3312 4524 animantibus
3355 4468 3571 4523 condu-

296 4548 354 4603 δὲ
403 4552 503 4605 καὶ
559 4551 868 4624 δηλητήρια
915 4555 1203 4626 πρόσεισιν
1265 4558 1480 4624 αὐταῖς,
1534 4560 1657 4614 οὐδὲ
1717 4561 1871 4615 τοῦτο

1981 4567 2137 4626 cunt,
2172 4574 2296 4630 qua:
2334 4569 2561 4630 propter
2588 4559 2872 4615 hominem
2906 4559 3133 4616 condita
3162 4569 3314 4615 sunt.
3359 4560 3463 4628 12
3494 4560 3573 4615 Ne

295 4640 601 4708 ξενίζεσθαι
642 4646 776 4717 χρή.
808 4644 1076 4712 Πολλάκις
1131 4650 1242 4720 γὰρ
1299 4652 1395 4704 καὶ
1447 4651 1623 4706 ταῦτα
1681 4653 1871 4708 παθῶν

1987 4649 2039 4705 id
2090 4650 2317 4721 quidem
2380 4665 2587 4706 novum
2642 4651 3012 4717 existimabis,
3062 4666 3187 4708 esse
3245 4653 3463 4707 illarum
3517 4651 3571 4704 in

298 4735 519 4809 ίατήρια
553 4738 829 4815 γίνονται·
861 4742 1246 4811 κεραννύμενα
1301 4744 1411 4815 γὰρ
1456 4746 1676 4816 ἑτέραις
1718 4745 1871 4814 βοτά-

1983 4757 2216 4797 numero
2265 4742 2533 4813 quasdam
2578 4752 2904 4799 venenatas.
2954 4743 3173 4799 Etenim
3205 4744 3295 4798 illa
3349 4760 3573 4814 quoque

295 4827 735 4895 νιιθάλεξίκακα
760 4831 972 4902 γίνεται
1002 4834 1097 4889 καὶ
1121 4835 1314 4903 ὑγείας
1345 4839 1681 4907 παρεκτικά.
1711 4837 1871 4892 Οὕτω

1981 4849 2367 4905 saepenumero
2416 4835 2589 4893 certis
2631 4835 2842 4890 morbis
2883 4835 3217 4901 medentur;
3275 4838 3578 4892 nammliis

298 4920 401 4991 μὶν
422 4914 520 4976 οὖν
552 4922 651 4977 καὶ
684 4925 714 4978 6
748 4926 924 4996 μέγας
954 4926 1242 4991 Βασίλειός
1291 4946 1459 4997 φησιν
1504 4932 1587 4983 ὅτι
1625 4930 1737 4982 τῶν
1780 4930 1871 5000 δη-

1975 4943 2103 4984 cum
2138 4929 2330 4991 herbis
2380 4930 2575 4985 mistait
2608 4930 2984 4986 valetudinem
3033 4940 3277 4987 nostram
3323 4944 3571 4988 tuentur.

296 5011 571 5087 λτιτηρίων
595 5015 749 5072 οὐδὲν
783 5018 971 5089 ἀργῶς
998 5019 1122 5073 οὐδὲ
1152 5022 1450 5092 ἀχρήστως
1490 5025 1871 5093 γεγενημένον

1977 5022 2037 5082 In
2067 5023 2211 5079 hanc
2240 5023 2574 5079 sententiam
2599 5023 2848 5079 Basilius
2876 5023 3077 5080 scribit
3100 5027 3309 5081 nullam
3343 5029 3572 5083 herbam

297 5102 470 5174 iactv,
521 5106 573 5160 εί
629 5108 724 5162 καὶ
783 5111 913 5176 τοὺς
970 5111 1309 5183 ἀχαρίστους
1366 5116 1513 5185 ἡμᾶς
1550 5117 1718 5170 κατά
1781 5118 1871 5172 τοῦ

1976 5123 2307 5171 venenatam
2337 5117 2458 5171 sine
2492 5114 2673 5171 fructu
2711 5115 2953 5186 quodam
3005 5132 3131 5173 esse
3170 5118 3396 5186 factam,
3451 5133 3576 5175 ttlltL

299 5196 661 5268 πεποιηκότος
718 5201 1134 5270 παρασκευάζει
1190 5207 1432 5274 φρονεῖν.
1475 5206 1557 5260 Τά
1622 5207 1725 5276 μὲν
1768 5210 1871 5279 γὰρ

1981 5220 2084 5261 nos
2126 5206 2327 5279 ingrati
2368 5223 2464 5264 eas
2501 5207 2791 5265 intuentes
2851 5209 3021 5281 impie
3059 5212 3131 5265 de
3161 5227 3346 5267 rerum
3378 5213 3577 5282 opilice

300 5287 479 5345 αὐτῶν
597 5292 810 5364 τροφὴν
852 5296 1085 5366 παρέχει
1130 5298 1240 5352 τινὶ
1282 5297 1394 5351 τῶν
1433 5299 1668 5369 ἀλόγων,
1711 5303 1744 5373 ἥ
1783 5306 1871 5357 καὶ

1979 5300 2310 5356 sentiamus.
2364 5301 2569 5356 Partim
2631 5317 2874 5373 namque
2920 5304 3105 5360 brutis
3163 5305 3444 5376 aliquibus
3472 5305 3574 5359 ali-

302 5378 435 5449 ἠμῖν
454 5380 638 5448 αὐτοῖς
662 5381 821 5454 παρά
856 5384 954 5454 τῆς
983 5386 1238 5455 ἰατρικῆς
1269 5387 1465 5458 τέχνης
1497 5391 1579 5453 είς
1612 5408 1871 5462 παραμυ-

1981 5401 2230 5448 mentum
2286 5393 2557 5463 praebent,
2616 5394 2817 5465 partim
2866 5397 3029 5452 nobis
3074 5397 3210 5467 ipsis
3248 5413 3346 5469 per
3399 5406 3573 5452 artem

302 5470 421 5527 θίαν
466 5471 630 5528 τινῶν
678 5474 1132 5549 ἀρρωστημάτων
1184 5478 1497 5551 ἐξεύρηται.
1531 5481 1607 5534 Τὸ
1635 5483 1735 5550 μὲν
1770 5484 1871 5554 γάρ

1982 5482 2253 5539 medicam
2319 5484 2387 5541 ad
2447 5493 2726 5542 certorum
2802 5488 3123 5545 morborum
3192 5489 3572 5560 depulsionem

298 5562 526 5619 κώνειον
568 5567 618 5620 oi
666 5563 840 5638 ψᾶρες
881 5567 1191 5639 βόσκονται,
1233 5570 1322 5624 διὰ
1380 5572 1481 5643 τὴν
1529 5575 1871 5645 κατασκευὴν

1980 5586 2145 5647 atque
2176 5577 2482 5634 remedium
2524 5580 2794 5636 serviunt.
2853 5582 3073 5638 Etenim
3125 5583 3304 5637 cicuta
3348 5591 3573 5653 propter

297 5653 391 5708 τοῦ
434 5658 693 5726 σώματος
738 5659 839 5729 τὴν
878 5660 941 5714 ὲκ
988 5659 1083 5714 τοῦ
1131 5661 1465 5732 δηλητηρίου
1511 5663 1718 5735 βλάϐην
1748 5666 1871 5720 ἀπο-

1982 5668 2322 5740 peeuliarcm
2348 5670 2644 5742 quamdam
2698 5675 2787 5730 sui
2827 5672 3077 5745 corporis
3121 5673 3572 5731 constitutionem

370 5831 411 5864 ⁸³
440 5829 583 5887 Gen.
610 5830 813 5901 "1,17.
893 5831 934 5864 "
961 5831 1099 5889 Gen.
1141 5832 1296 5899 1.1!.

298 6246 317 6253 ι
369 6249 374 6252 ,
412 6250 429 6255 ν,
468 6246 469 6249 η

236 6270 247 6279 ’⁷
286 6262 339 6293 Τῖέ
350 6264 505 6301 ’κὶγέβ
518 6282 553 6299 If

210 6304 227 6315 ⁷*
240 6300 253 6321 έγ
303 6307 350 6326 11s
367 6297 422 6318 ⁵⁸1..-
570 6306 581 6321 ⁷·

196 6338 207 6343 Δ
225 6345 228 6348 Ι
323 6327 326 6330 .
361 6331 376 6342 Ἰ
437 6319 490 6342 ,ἔξ
522 6334 545 6349 α
570 6328 593 6345 ζ.

221 6355 234 6362 -
321 6345 332 6354 ἐ
397 6347 400 6350 ·
421 6347 520 6368 -_-";,.._
540 6356 543 6357 ν
570 6362 575 6363 ,

114 6388 117 6389 ν
167 6385 172 6392 .
405 6371 414 6378 ’
481 6378 501 6390 --
534 6374 583 6393 ’την

533 6401 548 6408 -
592 6402 601 6413 ,η
