4008 6432
456 300 527 362 47
1749 295 2164 356 MlCllAELlS
2197 294 2456 383 αωοβ
3642 277 3713 338 tr:

459 409 638 467 sturni
682 417 1000 471 vescuntur,
1058 423 1158 462 nec
1209 407 1504 478 quidquam
1560 408 1626 460 ab
1678 408 1798 476 ejus
1852 408 2027 462 herba!

2137 409 2522 476 διδράσκοντες
2548 419 2562 434 ·
2613 401 2847 462 λεπτοὺς
2885 397 2992 467 γὰρ
3029 397 3242 466 ἔχοντες
3279 395 3402 455 τοὺς
3437 390 3565 460 περὶ
3609 392 3712 442 τὶν

459 515 672 556 veneno
701 501 1003 554 laeduntur:
1038 499 1240 567 quippe
1265 513 1387 552 cum
1434 506 1647 551 meatus
1681 497 1832 551 cordi
1863 496 2029 549 virini

458 608 722 663 perquam
757 593 808 645 iu
835 592 917 646 eis
941 591 1044 644 arti
1075 590 1206 652 sint,
1249 589 1413 644 citius
1452 588 1700 656 haustam
1739 603 1859 641 eam
1895 601 2031 639 con-

459 695 706 752 coquunt
749 699 911 753 quam
975 682 1093 752 ejus
1148 681 1419 750 frigiditas
1469 680 1765 746 cazteroqui
1815 677 2034 731 lethalis

459 790 658 829 nocere
693 775 880 840 possit.
915 773 1106 826 Itidem
1147 773 1424 826 elleborus
1469 771 1814 826 coturnicum
1877 769 2034 823 cibus

459 878 573 929 est.
620 868 755 920 nihil
802 882 866 919 ex
919 881 985 919 eo
1038 866 1353 920 detrimenti
1413 865 1750 932 capientium
1809 873 2031 933 propter

457 959 735 1028 peculiare
773 958 906 1026 ipsis
937 965 1432 1025 temperamentum
1458 953 1556 1024 (4).
1587 953 1865 1008 Interdum
1901 970 2033 1007 usu-

457 1047 610 1102 venit
636 1056 692 1100 ut
716 1048 918 1100 eaedem
946 1046 1133 1100 herbze
1149 1045 1311 1098 nobis
1333 1058 1550 1113 quoque
1577 1045 1687 1097 sint
1720 1044 1876 1107 usui;
1906 1059 2027 1096 nam

456 1156 556 1208 per
591 1140 1005 1207 mandragoram
1043 1153 1294 1192 somnum
1351 1135 1547 1191 medici
1587 1136 1905 1196 conciliant,
1935 1149 2033 1203 per

455 1246 680 1286 succum
716 1247 745 1285 e
793 1230 1081 1300 papaveris
1122 1245 1284 1298 scapo
1326 1230 1500 1282 inciso
1553 1242 1876 1297 expressum
1926 1227 2031 1281 do-

457 1323 605 1377 lores
643 1336 798 1376 acres
844 1322 1309 1390 vehementesque
1361 1320 1606 1389 sopiunt.
1661 1317 1850 1374 Cicuta
1897 1333 2034 1373 non-

455 1412 640 1467 nullos
669 1413 892 1468 insanas
920 1413 1086 1468 etiam
1122 1413 1486 1482 appetitiones
1523 1411 1850 1465 exstinxisse
1873 1424 2032 1464 acce-

456 1505 658 1576 pimus,
678 1515 731 1559 et
747 1506 988 1561 elleboro
1002 1507 1502 1560 multos‘diuturnos
1522 1503 1744 1558 morbos
1759 1503 2030 1571 abegisse.

2132 500 2357 569 καρδίαν
2397 498 2624 567 πόρους,
2665 494 2961 564 φθάνουσιν
3011 488 3249 557 ἐκπέψαι
3293 487 3354 538 τὸ
3397 482 3712 538 καταποθὲν

2133 593 2263 663 πρὶν
2293 593 2390 662 τὴν
2426 591 2521 645 ἀπ’
2553 589 2715 643 αὑτοῦ
2745 589 2905 657 ψῦξιν
2926 585 3035 638 τῶν
3066 583 3299 650 καιρίων
3327 577 3709 646 καθάψασθαι.

2146 683 2458 753 Ἑλλέῦορος
2510 682 2565 735 δὲ
2603 681 2852 752 ὀρτύγων
2904 677 3020 731 ἐστὶ
3070 677 3270 746 τροφὴ,
3315 671 3536 740 ἰδιότητι
3575 670 3715 737 κρά-

2136 793 2274 838 σεως
2307 775 2407 845 τὴν
2449 773 2654 844 βλάϐην
2683 771 3132 838 ἀποφευγόντων.
3164 766 3320 817 Ἐστι
3353 764 3408 817 δὲ
3441 763 3530 814 καὶ
3568 761 3712 814 αὐτὰ

2138 867 2312 920 ταῦτα
2349 865 2406 917 ὲν
2436 863 2614 933 καιρῷ
2666 863 2796 915 ποτὲ
2829 861 2921 913 καὶ
2954 861 3086 926 ἡμῖν
3141 857 3424 925 χρήσιμα·
3476 851 3564 905 διὰ
3616 849 3716 918 μὲν

2133 957 2242 1026 γὰρ
2281 954 2375 1008 τοῦ
2409 953 2784 1025 μανδραγόρου
2817 951 2987 1002 ὕπνον
3022 949 3070 1001 oi
3109 945 3285 1016 ἰατροὶ
3316 943 3713 997 καταπάσσου-

2137 1061 2239 1108 σιν,
2271 1044 2410 1112 όπίῳ
2442 1042 2498 1095 δὲ
2549 1042 2645 1104 τάς
2690 1039 2928 1108 σφοδρὰς
2972 1036 3168 1098 ὀδύνας
3200 1030 3711 1102 κατακοιμίζουσιν.

2137 1139 2278 1207 Ἤδη
2335 1138 2392 1190 δέ
2443 1154 2586 1200 τινες
2640 1135 2716 1205 τῷ
2764 1134 2974 1203 κωνείῳ
3025 1131 3122 1185 καὶ
3178 1129 3240 1183 τδ
3285 1127 3556 1187 λυσσῶδες
3605 1125 3715 1178 τῶν

2129 1229 2364 1300 ὀρέξεων
2392 1229 2803 1298 κατεμάραναν,
2838 1230 2933 1279 καὶ
2967 1224 3046 1294 τῷ
3090 1221 3364 1290 ἐλλεϐόρῳ
3397 1220 3571 1273 πολλὰ
3602 1217 3714 1269 τῶν

2131 1324 2362 1393 χρονίων
2397 1323 2586 1377 παθῶν
2611 1321 3030 1392 ὲξεμόχλευσαν,
3059 1316 3200 1370 ὥστε
3229 1315 3259 1369 ὃ
3287 1315 3538 1383 ἐνόμιζες
3562 1314 3712 1382 ἔχειν

2130 1415 2271 1468 κατά
2310 1415 2402 1468 τοῦ
2435 1417 2721 1475 κτίσαντος
2744 1413 3032 1482 ἔγκλημα,
3071 1410 3234 1464 τοῦτο
3265 1411 3346 1472 εἰς
3380 1405 3713 1476 προσθήκην

2130 1507 2485 1576 εὐχαριστίας
2522 1506 2929 1575 περιελήλυθεν.

455 1597 578 1665 Quo
611 1597 666 1650 ﬁt
699 1607 758 1652 ut
791 1596 936 1667 quod
973 1596 1486 1667 reprehendendum
1515 1597 1566 1649 in
1605 1605 1854 1650 creatore
1902 1596 2157 1661 putabas,
2207 1601 2378 1668 magis
2424 1609 2477 1654 te
2499 1601 2819 1653 cohortetur
2860 1613 2972 1668 quo
3005 1613 3132 1668 erga
3173 1596 3350 1666 ipsum
3383 1602 3572 1664 gratus
3613 1592 3710 1645 sis.

529 1687 675 1742 lnter
702 1697 928 1743 caeteras
960 1697 1140 1743 autem
1167 1687 1395 1742 arbores
1429 1702 1662 1758 quarum
1692 1688 2027 1742 mentionem
2064 1690 2106 1744 Β

457 1778 710 1845 fecimus,
746 1780 910 1834 etiam
943 1780 1065 1833 vita:
1112 1779 1532 1850 prudentiaque.
1561 1791 1674 1834 tum
1699 1787 1872 1834 ortam
1909 1793 2030 1833 esse

457 1873 712 1926 arborem
741 1871 1013 1942 Iosephus
1035 1874 1128 1938 ait,
1155 1887 1253 1943 per
1277 1887 1441 1942 quam
1475 1872 1607 1941 quid
1639 1871 1869 1938 bonum,
1897 1871 2028 1941 quid

460 1965 662 2018 malum
693 1973 852 2028 esset,
886 1966 1317 2036 dignosceretur.
1359 1964 1560 2019 Verum
1607 1965 1735 2018 mali
1787 1963 2030 2032 bonique

455 2057 824 2127 cognitionem
874 2057 1036 2111 aliter
1082 2055 1507 2128 Chrysostomus
1560 2063 1749 2110 noster
1806 2055 2028 2123 accipit,

458 2148 539 2202 uti
575 2149 740 2218 paulo
765 2157 884 2218 post
914 2148 1208 2220 intelliges.

527 2239 647 2294 Jam
700 2240 768 2295 de
819 2240 1251 2310 proprietatibus
1299 2257 1360 2295 ac
1409 2240 1730 2296 disorimine
1771 2239 2028 2292 arborum

457 2347 622 2400 quam
657 2332 815 2402 longa
850 2332 1065 2386 institui
1108 2334 1284 2387 Oratio
1317 2334 1527 2403 possit?
1560 2349 1670 2401 quo
1699 2342 1856 2400 pacto
1881 2345 2032 2400 QULB-

459 2424 583 2480 dam
624 2424 693 2478 ab
724 2424 838 2479 sole
865 2434 1294 2495 percoquantur,
1325 2425 1572 2494 quaedam
1615 2424 1755 2478 intra
1793 2422 2032 2477 cortices

457 2515 657 2572 abditae
685 2517 1020 2571 adolescant.
1068 2517 1310 2584 Quarum
1363 2527 1514 2573 tener
1565 2517 1774 2571 fructus
1804 2523 1908 2577 est,
1951 2529 2030 2568 eae

456 2606 715 2662 foliorum
765 2616 980 2676 tegmen
1039 2606 1314 2676 quoddam
1373 2621 1617 2660 crassum
1674 2604 1900 2668 habent,
1970 2613 2033 2656 ut.

459 2699 596 2753 ficus
625 2715 639 2751 :
671 2714 905 2768 quarum
962 2705 1156 2753 contra
1190 2698 1403 2752 fructus
1443 2697 1692 2759 solidior,
1730 2697 1796 2750 iis
1821 2697 2027 2752 leviora

454 2801 585 2844 sunt
615 2791 764 2854 folia,
797 2790 939 2860 quod
991 2791 1043 2844 in
1094 2791 1326 2846 nucibus
1366 2799 1450 2844 est
1492 2790 1700 2844 videre.
1756 2788 2026 2842 Nimirum

456 2883 534 2936 illi
570 2891 795 2952 propter
823 2881 1165 2937 debilitatem
1195 2895 1349 2936 suam
1383 2879 1634 2935 subsidio
1682 2880 1870 2952 majori
1899 2894 2028 2948 ege-

453 2975 623 3038 bant;
660 2974 745 3028 his
765 2973 992 3028 densius
1017 2972 1366 3041 crassiusque
1395 2979 1765 3041 tegumentum
1801 2981 2023 3040 propter

457 3064 710 3120 umbram
785 3064 1010 3118 noxium
1064 3077 1282 3132 quoque
1351 3062 1561 3117 fuisset.
1620 3063 1832 3116 Folium
1899 3063 2026 3118 vitis

455 3157 621 3213 etiam
654 3166 861 3210 sectum
882 3164 984 3221 est,
1037 3165 1096 3208 ut
1146 3170 1289 3210 aeris
1337 3153 1552 3224 injuriis
1573 3155 1842 3210 obsistere
1872 3168 2028 3208 race-

459 3262 583 3301 mus
617 3247 789 3316 possit
815 3256 872 3299 et
933 3261 1029 3315 per
1060 3246 1224 3298 rimas
1269 3246 1385 3300 illas
1425 3245 1555 3299 solis
1592 3245 1774 3300 radios
1805 3246 2026 3315 largiter

455 3337 726 3406 recipere.

529 3426 799 3482 Praeterea
847 3434 1130 3480 merentur
1185 3425 1606 3482 admirationem
1653 3429 1880 3484 arbores
1914 3443 2024 3483 non

453 3518 633 3572 solum
680 3528 912 3587 propter
957 3517 1185 3582 diversi,
1225 3532 1415 3572 verum
1459 3518 1626 3574 etiam
1653 3519 1902 3590 ejusdem
1929 3534 2027 3590 ge—

455 3608 606 3662 neris
643 3607 920 3662 fructuum
941 3609 1285 3665 discrimina.
1312 3610 1528 3667 Etenim
1558 3611 1694 3666 alias
1719 3613 1772 3666 in
1809 3626 2026 3667 mascu-

454 3697 544 3760 lis,
586 3699 720 3752 alias
770 3698 822 3751 in
867 3699 1085 3754 feminis
1123 3701 1400 3756 fructuum
1442 3713 1600 3755 notas
1633 3710 1937 3771 agnoscunt
1987 3701 2022 3754 ii

455 3788 548 3855 qui
593 3789 849 3841 arborum
915 3789 1270 3843 sereudarum
1326 3790 1487 3860 periti
1531 3799 1678 3846 sunt.
1735 3791 1792 3844 ln
1832 3790 2025 3860 palmis

453 3888 603 3933 certe
632 3879 768 3934 alias
815 3896 1011 3944 mares,
1050 3881 1183 3952 alias
1231 3881 1460 3936 feminas
1493 3897 1613 3936 esse
1669 3881 1911 3935 tradunt.
1955 3881 2022 3936 Et

452 3971 599 4040 quod
632 3972 940 4027 inauditum
971 3974 1230 4042 quiddam
1272 3989 1335 4029 ac
1370 3990 1570 4028 novum
1604 3974 1842 4042 est,ll3
1870 3989 2023 4027 amor

452 4065 509 4118 in
545 4065 628 4119 eis
657 4067 926 4121 naturalis
953 4067 1193 4122 exsistit.
1246 4065 1460 4134 Quippe
1492 4064 1767 4119 submittit
1797 4080 1854 4119 se
1885 4067 2020 4119 mari

450 4157 678 4224 femina,
716 4158 882 4212 veluti
943 4159 1172 4214 libidine
1225 4159 1461 4228 quadam
1511 4157 1735 4212 incitata
1785 4167 1841 4211 et
1874 4173 2022 4211 com-

448 4250 673 4319 plexum
707 4259 1011 4318 expetens:
1047 4250 1247 4305 deinde
1280 4250 1432 4319 quasi
1476 4252 1721 4305 sentiens
1769 4250 2020 4304 evenisse

2213 1692 2339 1744 Ἐπὶ
2393 1693 2580 1758 μέντοι
2629 1692 2739 1753 τοῖς
2799 1690 3224 1760 προειρημένοις
3274 1687 3458 1754 φυτοῖς
3517 1684 3613 1736 καὶ
3653 1684 3714 1733 τὸ

2133 1781 2231 1849 τῆς
2266 1780 2411 1848 ζωῆς
2437 1783 2466 1833 6
2510 1780 2773 1849 Ἰώσηπος
2802 1779 2900 1831 καὶ
2931 1779 2990 1831 τὸ
3021 1779 3122 1846 τῆς
3153 1777 3472 1847 φρονήσεως
3499 1775 3709 1845 ἔφησεν

2133 1873 2455 1941 ἀναδοθῆναι
2482 1874 2668 1942 φυτὸν,
2769 1871 3195 1939 διαγιγνώσκειν
3217 1870 3270 1922 τί
3303 1887 3362 1923 τε
3397 1870 3458 1920 τὸ
3493 1868 3710 1935 ἀγαθὸν

2132 1969 2216 2038 εἴη
2251 1969 2342 2020 καὶ
2375 1968 2427 2020 τί
2455 1969 2515 2020 τὸ
2563 1967 2750 2025 κακὸν.
2781 1968 2829 2020 εὶ
2865 1963 2959 2018 καὶ
2985 1963 3108 2017 καθ’
3155 1962 3341 2031 ἕτερον
3371 1959 3710 2028 ἐκλαμϐάνει

2135 2057 2335 2110 σκοπὸν
2386 2059 2415 2109 6
2464 2057 2562 2126 τὴν
2609 2057 2856 2122 γλῶτταν
2901 2055 3138 2126 χρυσοῦς
3165 2054 3225 2106 τὸ
3259 2053 3502 2121 γνωστὸν
3537 2051 3708 2105 καλοῦ

2134 2154 2228 2206 καὶ
2257 2149 2519 2221 πονηροῦ,
2553 2149 2698 2203 καθά
2727 2151 2789 2220 δὴ
2825 2149 3048 2219 μαθήσῃ
3086 2149 3223 2217 μετά
3257 2147 3429 2218 βραχύ
3459 2147 3566 2216 (5).

2210 2245 2341 2314 Περὶ
2371 2244 2426 2296 δὲ
2461 2245 2560 2313 τῆς
2592 2243 2855 2311 ἰδιότητος
2886 2243 2982 2294 καὶ⁸
3011 2241 3274 2310 διαφορᾶς
3309 2240 3416 2292 τῶν
3442 2241 3704 2309 δένδρων,

2133 2335 2184 2388 τί
2209 2333 2274 2388 ἄν
2293 2353 2372 2396 τις
2391 2333 2533 2386 εἴποι
2563 2334 2680 2394 πῶς
2709 2333 2834 2386 τινὰ
2867 2332 2968 2401 μὲν
2999 2335 3264 2384 πέπτεται
3293 2330 3369 2400 τῷ
3398 2330 3560 2400 ήλίῳ,
3587 2330 3709 2383 τινὰ

2132 2427 2188 2480 δὲ
2216 2429 2275 2478 ὲν
2298 2426 2540 2494 ἐλύτροις
2571 2424 2964 2493 κεκαλυμμένα
2998 2422 3334 2492 πληροῦται;
3363 2422 3472 2474 Kai.
3494 2414 3573 2473 ὧν
3609 2423 3707 2488 μὲν

2133 2516 2340 2578 ἁπαλὸς
2385 2517 2414 2570 6
2461 2517 2692 2587 καρπὸς,
2727 2515 2873 2582 παχὺ
2914 2513 3008 2566 τοῦ
3050 2511 3251 2579 φύλλου
3293 2511 3364 2590 τὸ.
3394 2511 3709 2577 σκεπαστή-

2136 2627 2269 2678 ριον,
2298 2609 2372 2668 ὡς
2425 2607 2516 2660 ἀπὶ
2565 2606 2665 2673 τῆς
2717 2605 2910 2666 συκῆς,
2943 2598 3019 2656 ὧν
3059 2603 3116 2656 δὲ
3153 2603 3202 2655 oi
3255 2600 3461 2670 καρποὶ
3511 2617 3709 2666 στεγα-

2132 2701 2378 2770 νώτεροι,
2407 2697 2623 2767 ἐλαφρὰ
2669 2696 2778 2747 τῶν
2833 2695 3048 2762 φύλλων
3093 2695 3125 2764 ἡ
3175 2692 3436 2763 προῦολὴ,
3487 2691 3565 2753 ὡς
3616 2693 3710 2744 ἐπὶ

2129 2795 2230 2860 τῆς
2265 2790 2498 2861 καρύας,
2527 2791 2609 2842 ὅτι
2647 2790 2836 2841 ἐκεῖνα
2874 2787 2971 2856 μὲν
2999 2787 3084 2840 διὰ
3116 2786 3178 2838 τὸ
3204 2785 3432 2846 ἀσθενὲς
3455 2785 3710 2846 πλείονος

2130 2885 2300 2937 ἐδεῖτο
2348 2883 2448 2950 τῆς
2505 2881 2780 2950 βοηθείας,
2816 2877 3030 2940 τούτοις
3090 2877 3134 2930 δ’
3188 2876 3254 2929 ἂν
3309 2877 3444 2946 πρὸς
3499 2875 3709 2944 βλάϐην

2131 2974 2350 3042 ἐγένετο
2394 2971 2674 3041 παχυτέρα
2723 2970 2754 3038 ἡ
2811 2966 3076 3040 περιϐολὴ
3114 2968 3180 3019 ὲκ
3227 2967 3327 3030 τῆς
3369 2966 3470 3019 ἀπ’
3521 2967 3708 3018 αὐτῶν
3751 3008 3754 3010 .

2132 3067 2311 3127 σκιᾶς.
2342 3064 2464 3125 Πῶς
2513 3061 2869 3130 κατέσχισται
2913 3059 3014 3128 τῆς
3064 3057 3314 3126 ἀμπέλου
3358 3058 3418 3111 τὸ
3457 3057 3702 3125 esum;

2131 3159 2248 3210 Ἵνα
2281 3156 2374 3209 καὶ
2421 3153 2559 3224 πρὸς
2598 3155 2700 3216 τὰς
2745 3156 2810 3207 ὲκ
2864 3151 2958 3205 τοῦ
2993 3152 3153 3221 ἀέρος
3203 3149 3409 3221 βλάὗας
3437 3152 3467 3204 6
3508 3149 3706 3220 βότρυς

2126 3249 2329 3318 ἀντέχῃ
2357 3249 2450 3302 καὶ
2474 3245 2570 3315 τὴν
2601 3247 2796 3299 ἀκτῖνα
2821 3245 2915 3297 τοῦ
2946 3243 3098 3314 ἡλίου
3128 3244 3215 3297 διὰ
3245 3243 3345 3314 τὴς
3367 3244 3702 3314 ἀραιότητος

2124 3339 2365 3411 δαψιλῶς
2400 3338 2747 3408 ὑποδέχηται.

2195 3431 2499 3502 Θαυμαστὰ
2549 3431 2608 3483 δὲ
2653 3430 2850 3499 δένδρα
2879 3428 2974 3483 καὶ
3019 3431 3081 3484 ού
3129 3431 3290 3500 μόνον
3322 3429 3391 3484 δι’
3416 3431 3482 3502 ἣν
3517 3431 3703 3502 ἔχουσι

2126 3526 2265 3594 πρὸς
2293 3523 2362 3577 τὰ
2395 3520 2689 3592 ἑτερογενῆ
2724 3521 2834 3577 τῶν
2865 3521 3094 3591 καρπῶν
3124 3521 3410 3592 διαφορὰν,
3438 3523 3576 3575 ἀλλά
3611 3524 3704 3575 καὶ

2125 3616 2262 3686 πρὸς
2292 3614 2434 3668 αὐτά
2483 3613 2683 3684 δηλαδὴ
2718 3618 2785 3666 τὰ
2819 3612 3078 3682 ὁμογενῆ.
3113 3615 3218 3668 Καὶ
3264 3616 3372 3686 γὰρ
3406 3615 3573 3678 ἄλλος
3606 3615 3702 3684 μὲν

2125 3704 2424 3774 χαρακτὴρ·
2454 3704 2546 3756 τοῦ
2571 3703 2785 3767 καρποῦ
2828 3703 2936 3756 τῶν
2977 3704 3245 3773 ἀρρένων,
3294 3706 3455 3768 ἄλλος
3499 3705 3558 3757 δὲ
3595 3707 3702 3758 τῶν

2125 3795 2354 3865 Θηλειῶν
2405 3795 2559 3864 παρὰ
2613 3797 2724 3856 τοῖς
2783 3798 3111 3864 φυτουργοῖς
3170 3797 3538 3868 διακέκριται.
3594 3797 3701 3850 Καὶ

2124 3890 2320 3950 αὐτοὺς
2356 3888 2464 3957 γὰρ
2495 3888 2620 3949 τοὺς
2652 3887 2904 3956 φοίνικας
2935 3889 3015 3947 είς
3060 3889 3299 3959 ἄρρενας
3349 3891 3443 3942 καὶ
3471 3889 3698 3958 θηλείας

2122 3980 2400 4032 διιστῶσι⁶
2447 3981 2542 4030 καὶ
2590 3979 2651 4030 τὸ
2697 3979 3021 4047 παράδοξον,
3077 3981 3217 4047 ἔρως
3273 3982 3503 4048 φυσικὸς
3566 3983 3699 4048 παρ’

2125 4071 2331 4132 αὐτοῖς.
2360 4069 2696 4150 ’Υποκύπτει
2729 4070 2837 4139 γὰρ
2865 4072 2896 4140 ή
2925 4071 3114 4139 θήλεια
3148 4072 3223 4140 τῷ
3255 4073 3448 4142 ἄρρενι
3477 4074 3699 4144 ὁργῶσα

2122 4164 2325 4234 τρόπον
2386 4161 2510 4216 τινὰ
2564 4163 2659 4216 καὶ
2709 4162 2808 4231 τῆς
2869 4163 3189 4233 συμπλοκῆς
3254 4165 3539 4236 ὲφιεμένη,
3605 4169 3700 4219 καὶ

2123 4255 2296 4315 οὕτως
2329 4247 2442 4305 οἷον
2495 4254 2552 4304 ὲν
2602 4253 2856 4322 αἰσθήσει
2892 4255 2990 4322 τῆς
3027 4255 3387 4318 ἀπολαύσεως
3438 4258 3698 4324 γεγονυῖα

446 4341 552 4397 sibi
589 4341 905 4395 fruitionem
941 4342 1060 4411 ejus
1083 4341 1230 4410 quod
1249 4341 1560 4410 expetebat,
1591 4356 1808 4394 rursum
1839 4355 2019 4394 ramos

2130 4347 2220 4398 καὶ
2258 4343 2578 4412 ἁνορθοῦται
2635 4344 2798 4396 πάλιν
2845 4344 2971 4406 τοὺς
3027 4347 3256 4408 κλάδους
3307 4349 3399 4400 καὶ
3452 4351 3590 4420 πρὸς
3639 4349 3698 4402 τὸ

446 4432 698 4502 erigitac
731 4433 970 4500 priorem
999 4432 1065 4486 ad
1109 4430 1340 4486 formam
1395 4431 1556 4486 redit.
1612 4430 1799 4486 Solent
1826 4443 1882 4485 et
1919 4447 2016 4485 cu-

448 4532 659 4577 ratores
706 4523 967 4577 arborum
1013 4521 1144 4578 ﬁcos
1188 4523 1466 4576 silvestres
1519 4522 1876 4578 hortensibus
1927 4522 2020 4577 ad-

443 4617 694 4686 iungere,
718 4630 828 4683 quo
853 4615 1068 4670 fructus
1096 4629 1288 4668 earum
1320 4613 1446 4668 inde
1471 4613 1682 4668 dulcior
1709 4615 1970 4670 reddatur
2001 4634 2015 4669 :

444 4720 570 4759 nam
633 4705 680 4759 si
733 4705 863 4775 quid
916 4706 970 4759 in
1026 4704 1382 4758 hortensihus
1425 4713 1509 4758 est
1566 4706 1902 4770 acerbitatis,
1960 4707 2014 4760 id

444 4799 682 4854 obscura
717 4799 952 4866 quadam
1002 4798 1217 4851 ratione
1254 4797 1322 4851 ad
1356 4797 1636 4852 silvestres
1674 4805 1823 4853 velut
1873 4800 2021 4854 able-

443 4901 623 4960 gatur.
661 4889 852 4944 Itidem
907 4891 1040 4945 ficos
1103 4889 1423 4944 immaturos
1469 4891 1583 4944 sive
1627 4906 1846 4959 grossos
1895 4890 2021 4945 alli-

445 4993 641 5054 gantes
671 4983 1035 5053 frugiferis'et
1067 4982 1421 5037 hortensibus
1445 4984 1748 5048 medentur,
1784 4999 1892 5052 quo
1927 4987 2025 5039 nti-

446 5090 553 5130 nus
581 5089 772 5131 earum
807 5075 1018 5130 fructus
1041 5074 1365 5129 delabantur
1386 5085 1550 5144 atque
1572 5085 1818 5145 pereant.
1847 5077 2024 5146 Atque

445 5168 564 5222 haec
582 5165 695 5220 fieri
719 5167 899 5236 opifex
915 5168 1018 5222 boc
1040 5167 1198 5221 modo
1218 5167 1410 5232 voluit,
1428 5167 1757 5222 abhorrente
1779 5169 2011 5237 quadam

445 5261 656 5314 ratione
705 5260 774 5313 ab
841 5260 1124 5313 hominum
1176 5260 1470 5329 opinione,
1526 5269 1584 5313 ut
1645 5269 1700 5314 et
1759 5276 1861 5315 nos
1917 5263 2014 5316 ali-

445 5351 666 5420 quando
697 5352 902 5406 nostris
957 5352 1025 5406 ab
1070 5350 1400 5405 adversariis
1451 5351 1517 5404 ad
1551 5350 1774 5406 virtutis
1808 5351 2015 5406 cultum

446 5446 772 5500 excitemur.
830 5445 965 5499 Nam
999 5445 1181 5499 videre
1215 5456 1299 5500 est
1345 5459 1453 5498 non
1485 5447 1706 5514 'paucos
1752 5459 1820 5500 ex
1882 5444 2016 5516 legis

515 5589 592 5648 (ί)
617 5587 904 5642 Lucretius
937 5606 950 5641 :

554 5662 819 5711 Praeterea
864 5658 1006 5711 nobis
1035 5669 1299 5713 veratrum
1352 5667 1425 5712 est
1455 5672 1573 5710 acre
1609 5669 1860 5708 venenum
1888 5672 1902 5719 ;

553 5727 618 5778 At
648 5730 817 5782 cavris
849 5731 1022 5782 adines
1057 5739 1102 5782 et
1128 5731 1476 5783 coturnicibus
1507 5733 1684 5779 ariaet.

2132 4438 2392 4507 πρότερον
2415 4437 2850 4491 ἀποκαθίσταται
2879 4437 3088 4507 σχῆμα.
3135 4437 3282 4491 Ἀλλ’
3314 4441 3363 4491 οἱ
3389 4440 3497 4492 τῶν
3523 4440 3698 4494 τοιού-

2127 4549 2235 4584 των
2293 4530 2628 4601 θεραπευταὶ
2689 4532 2782 4583 καὶ
2842 4532 3015 4593 συκᾶς
3062 4532 3255 4600 ἀγρίας
3298 4535 3419 4594 ταῖς
3471 4534 3698 4603 ἡμέροις

2128 4621 2631 4692 παραφυτεύουσιν,
2668 4621 2743 4683 ὡς
2799 4620 3052 4674 ἐντεῦθεν
3099 4622 3191 4673 τὸν
3242 4622 3456 4692 καρπὸν
3511 4623 3696 4678 αὐτῶν

2125 4715 2458 4784 γλυκύτερον
2515 4712 2762 4782 γίνεσθαι
2787 4730 2801 4745 ·
2853 4713 2985 4767 εἴτι
3021 4715 3114 4768 καὶ
3163 4715 3273 4784 γὰρ
3318 4717 3430 4778 τοῖς
3467 4717 3694 4786 ἡμέροις

2120 4807 2450 4877 δριμύτερον
2507 4812 2803 4876 πρόσεστι,
2865 4805 3004 4874 πρὸς
3070 4806 3164 4868 τάς
3227 4807 3426 4876 ἀγρίας
3488 4807 3694 4875 ἀδήλως

2121 4898 2490 4966 ἐκπέμπεται.
2529 4897 2639 4950 Καὶ
2689 4897 2817 4956 τοὺς
2870 4894 3127 4956 ὀλύνθους
3184 4894 3238 4948 δὲ
3290 4897 3693 4965 προσδήσαντες

2121 4991 2231 5042 τῶν
2291 4989 2587 5060 εύκὰρπων
2649 4987 2741 5040 καὶ
2783 4986 3008 5056 ἡμέρων
3077 4989 3258 5039 συκῶν
3313 4990 3413 5055 τὴν
3467 4988 3688 5040 ἀτονίαν

2129 5081 2336 5143 ἰῶνται,
2371 5080 2562 5151 ῥέοντα
2600 5079 2702 5150 ήδη
2737 5079 2830 5131 καὶ
2875 5076 3305 5146 σκεδαννύμενον
3349 5077 3441 5131 τὸν
3479 5079 3689 5147 καρπὸν

2120 5175 2232 5237 τοῖς
2274 5173 2514 5234 ὀλύνθοις
2556 5172 2862 5239 ἐπέχοντες.
2919 5168 3239 5238 Ταῦταξμὲν
3265 5164 3359 5223 οὖν
3397 5172 3424 5222 6
3459 5171 3688 5239 ποιητὴς

2122 5264 2303 5317 αὐτῶν
2330 5261 2472 5316 οὕτω
2515 5261 2834 5332 παραδόξως
2857 5259 3106 5328 γίνεσθαι
3149 5261 3594 5331 συγκεχώρηκεν,
3615 5261 3688 5320 ὡς

2125 5356 2221 5409 καὶ
2244 5357 2390 5424 ἡμᾶς
2426 5355 2687 5417 πολλάκις
2720 5355 2784 5407 ὲκ
2829 5352 2936 5404 τῶν
2991 5351 3386 5422 ἀντικειμένων
3438 5356 3570 5422 ἡμῖν
3602 5354 3687 5404 εύ-

2125 5445 2309 5500 τονίαν
2342 5447 2641 5514 λαμϐάνειν
2685 5445 2821 5516 πρὸς
2866 5444 3036 5514 αὐτήν
3083 5461 3146 5512 γε
3195 5445 3302 5498 τῶν
3347 5446 3554 5517 ἀρετῶν
3591 5443 3687 5512 τὴν

2200 5587 2277 5657 (5)
2323 5587 2444 5641 Ἐπὶ
2472 5588 2676 5656 μέντοι
2706 5631 2716 5644 .
2748 5631 2760 5644 .
2799 5631 2810 5644 .
2841 5630 2854 5644 .
2876 5588 3026 5660 μετὰ
3068 5588 3290 5656 βραχύ.
3322 5589 3400 5643 Ex
3429 5587 3492 5644 V.
3549 5589 3683 5643 Dec-

2027 5648 2037 5658 ’
2123 5648 2242 5714 rant
2260 5648 2324 5711 'in
2365 5648 2506 5715 aliis.
