4008 6464
294 333 367 395 49
1562 331 1870 394 ANNALll

2013 329 2214 392 PARS
2256 329 2305 390 I.
3475 325 3543 390 50

285 443 540 510 ἐπίδειξιν
562 461 579 477 ο
614 444 715 498 οὐκ
750 443 920 513 ὀλίγοι
943 444 1052 515 γὰρ
1083 443 1264 498 αὐτῶν
1286 442 1530 511 ἐννόμως
1569 443 1852 515 αἱροῦνται

1977 442 2180 512 μιίᾶεηι
2238 438 2562 509 praescripto
2630 440 2799 493 vitam
2859 451 3046 508 agere,
3105 436 3198 507 qui
3253 444 3435 492 tamen
3487 438 3541 490 in

287 537 405 607 ζῇν,
437 536 542 590 κᾶν
570 536 629 588 ὲν
659 535 896 605 δόγμασι
938 535 1306 603 σφάλλωνται.
1343 534 1504 589 Ἀλλὰ
1551 536 1647 588 καὶ
1680 535 1856 604 φοῖνιξ

287 628 497 696 καρπὸν
521 626 623 695 μὲν
647 628 940 698 ἀποφέρων
967 628 1192 694 γλυκὺν.
1214 630 1275 682 ἐν
1303 629 1568 696 ἁλμυροῖς
1596 629 1653 682 δὲ
1666 628 1855 691 τόποις

288 720 365 784 ὧς
405 720 470 772 τὰ
500 720 672 773 πολλὰ
716 721 1126 790 εὑρισκόμενος,
1155 721 1286 774 αὖτ’)
1330 720 1491 773 τοῦτο
1522 719 1851 778 αἰνίττεται,

288 809 370 862 ὅτι
419 809 515 861 καὶ
535 810 698 878 ἡμεῖς
741 809 895 861 αὐτοὶ
937 808 1213 877 δυνάμεθα
1234 810 1303 862 τὰ
1343 810 1484 861 κατὰ
1515 807 1742 877 γνώμην
1779 809 1853 877 μὴ

293 901 649 973 διαφθείρειν,
669 901 775 956 κᾶν
803 903 863 955 ὲν
882 904 995 965 τοῖς
1027 901 1290 964 ἐναντίοις
1308 902 1419 955 τισὶ
1455 903 1854 973 συνδιάγωμεν.

360 1088 503 1157 Ὅρα
553 1087 631 1154 δὲ,
688 1086 960 1156 ἀγαπητὲ,
1009 1086 1094 1140 ὅτι
1161 1087 1256 1139 καὶ
1303 1087 1371 1141 τὰ
1432 1086 1606 1155 εὐώδη
1660 1086 1859 1152 πάντα,

289 1182 419 1233 ’ὁταν
448 1179 677 1248 σκόροδα
709 1181 803 1231 καὶ
825 1180 1089 1247 κρόμμυα
1114 1178 1327 1240 τούτοις
1368 1179 1859 1247 παραφυτεύηται,

294 1270 633 1339 εύωδέστερα
664 1269 896 1336 γίνεται.
922 1271 1055 1324 διότι
1086 1271 1196 1322 πᾶν
1224 1270 1277 1323 ετ
1311 1285 1363 1321 τι
1393 1269 1560 1340 δριμὺ
1597 1270 1692 1322 καὶ
1726 1268 1858 1322 δύσ-

291 1379 459 1432 οσμον
512 1362 573 1415 ἒν
612 1361 824 1425 τούτοις
865 1363 1034 1424 ἐστὶν,
1082 1362 1140 1414 ἐν
1191 1361 1306 1424 τοῖς
1345 1359 1697 1430 δριμυτέροις
1748 1359 1861 1413 τῶν

298 1451 630 1519 σπερμάτων
664 1451 910 1519 φυσικῶς
936 1452 1187 1523 ἀπορρεῖ,
1222 1452 1318 1504 καὶ
1351 1450 1567 1518 γίνεται
1594 1451 1655 1503 τὸ
1686 1467 1860 1504 κατα-

294 1543 510 1611 λειφθὲν
534 1545 920 1599 εὐωδέστατον.
961 1545 1124 1597 Ἀλλὰ
1149 1542 1247 1597 καὶ
1287 1543 1349 1596 τὺ
1377 1544 1623 1621 πήγανον
1651 1543 1756 1597 ὑπὸ
1791 1544 1856 1613 τῇ

299 1639 433 1705 συκῇ
508 1636 868 1705 φυτευόμενον
936 1634 1268 1706 δριμύτερον
1344 1633 1544 1689 ἑαυτοῦ
1606 1635 1859 1703 γίνεται·

301 1729 640 1798 μετατίθεται
667 1730 777 1797 γὰρ
800 1729 877 1791 εἰς
906 1727 1039 1788 αὐτὸ
1074 1729 1136 1781 τὸ
1167 1731 1224 1781 ἐν
1251 1731 1317 1799 τῇ
1349 1728 1488 1797 συκῇ
1518 1727 1856 1798 βαρύοσμον,

299 1819 587 1872 κάντεῦθεν
614 1818 805 1887 βελτίω
840 1820 908 1870 τὰ
934 1818 1077 1871 σῦκα
1113 1821 1350 1888 γὲνεται.
1399 1819 1560 1872 Ἀλλὰ
1591 1820 1686 1873 καὶ
1719 1821 1856 1890 κρέη
1892 1850 1933 1907 Β

297 1913 413 1964 τινὰ
445 1913 594 1982 παρὰ
616 1914 683 1981 τῇ
733 1913 869 1983 συκῇ
923 1911 1346 1982 κρεμαννύμενα
1390 1911 1674 1983 εὔθρυπτα
1715 1912 1860 1981 γίνε-

296 2019 402 2055 ται.
439 2002 515 2054 Τὸ
565 2003 673 2071 γὰρ
725 2002 912 2068 φυτὸν,
945 2002 1020 2065 ὡς
1066 2001 1303 2072 εἴρηται,
1333 2004 1369 2074 ἡ
1412 2004 1555 2073 συκῆ
1602 2004 1861 2058 ἁπάντων

298 2094 440 2145 ἐστὶν
468 2094 864 2149 ὀπωδέστατον.
888 2095 1102 2165 Θερμδν
1150 2096 1372 2164 πνεῦμα
1406 2096 1500 2150 καὶ
1547 2097 1718 2167 δριμὺ
1768 2098 1862 2150 καὶ

297 2185 560 2255 τμητικδν
598 2185 814 2255 ἀφίησι,
846 2188 938 2240 καὶ
986 2186 1149 2247 τοῦτο
1192 2186 1425 2258 θρύπτει
1473 2188 1571 2241 καὶ
1602 2189 1861 2243 πεπαίνει

299 2280 394 2346 τὴν
443 2278 622 2349 σάρκα
669 2278 764 2333 τοῦ
818 2278 1051 2349 ὄρνιθος.
1098 2280 1265 2335 Ὅθεν
1297 2282 1392 2336 καὶ
1435 2282 1547 2335 τῶν
1587 2281 1808 2353 ταύρων
1835 2284 1864 2336 ὁ

300 2372 673 2442 χαλεπώτατος
730 2376 868 2444 συκῇ
933 2373 1252 2443 προσδεθεὶς
1317 2374 1552 2446 ἡσυχίαν
1599 2375 1723 2443 ἄγει
1769 2375 1861 2427 καὶ

296 2462 544 2532 ψαύσεως
572 2462 843 2533 ἀνέχεται,
862 2463 958 2516 καὶ
977 2462 1114 2524 ὅλως
1136 2463 1330 2535 ἀφίησι
1355 2463 1447 2517 τδν
1474 2463 1646 2534 θυμὸν
1673 2464 1866 2534 ὥσπερ

298 2558 826 2627 ἀπομαραινόμενος.
851 2557 1023 2611 Τοῦτο
1074 2556 1205 2626 γοῦν
1250 2559 1312 2611 τὸ
1363 2557 1584 2628 πνεῦμα
1618 2557 1715 2611 καὶ
1752 2560 1866 2620 τοῖς

299 2649 488 2720 κρέασι
539 2650 891 2715 προσπίπτον
938 2650 1141 2720 διαιρεῖ
1181 2651 1280 2718 τὴν
1314 2650 1522 2721 ισάρκα
1567 2652 1665 2703 καὶ
1705 2667 1868 2720 περι-

301 2744 545 2814 θρύπτει.
579 2745 683 2803 Διὰ
732 2743 906 2797 ταῦτα
952 2746 1051 2797 καὶ
1088 2744 1197 2813 πρὸ
1235 2744 1338 2810 τῆς
1388 2744 1646 2811 γλυκείας
1693 2744 1868 2813 συκῆς

301 2838 457 2906 ἕτερα
478 2837 616 2890 σῦκα
647 2836 916 2904 λεγόμενα
938 2835 1148 2890 ὄλυνθοι
1162 2837 1261 2906 τὴν
1287 2836 1566 2906 ἄχρηστον
1593 2836 1868 2906 ὑγρότητα

303 2930 392 2984 τοῦ
414 2930 578 2998 φυτοῦ
604 2935 658 2983 ἑν
680 2933 891 2992 ἑαυτοῖς
910 2930 1135 2984 ἕλκοντα
1153 2932 1522 2999 χρηστοτέραν
1539 2930 1753 2997 ἀφίησι.
1771 2929 1872 2981 Διὰ

302 3021 451 3074 τοῦτο
464 3038 594 3093 φησι
616 3023 758 3092 καὶὴ
783 3022 973 3090 Γραφὴ
1001 3040 1018 3073 ι
1041 3021 1106 3073 Ἥ
1136 3021 1274 3091 συκῆ
1293 3020 1551 3091 ἐξήνεγκε
1573 3022 1701 3082 τοὺς
1716 3018 1873 3074 ὀλύν-

305 3112 424 3175 θους
440 3115 624 3180 αὐτῆς,
641 3131 661 3165 ι
674 3104 1006 3185 τουτέστιν,ὴ
1024 3113 1172 3183 ψυχὴ
1194 3113 1278 3167 διὰ
1297 3114 1618 3182 καθάρσεως
1628 3113 1688 3166 τὸ
1704 3114 1874 3186 ἄχρη-

1964 533 2214 588 doctrina
2249 547 2382 588 suos
2422 530 2688 601 quosdam
2740 544 2961 587 errores
3014 530 3289 584 habeant.”
3314 529 3457 596 Quin
3489 540 3540 583 et
3586 520 3587 523 “

1964 628 2055 682 illa
2088 627 2157 683 de
2215 642 2321 697 qua
2353 626 2593 682 diximus
2642 627 2846 695 palma,
2882 642 3006 687 cum
3045 626 3261 681 dulcem
3304 626 3544 680 fructum

1960 721 2102 775 {erat
2140 735 2203 776 ac
2235 720 2595 775 nihilominus
2623 720 2679 775 in
2733 735 2918 775 amaro
2953 720 3280 790 plerumque
3311 720 3428 773 solo
3457 734 3545 772 re-

1959 812 2231 881 periatur,
2281 811 2593 882 significare
2639 812 2861 866 videtur
2894 826 3052 880 posse
3103 826 3203 866 nos
3233 811 3436 866 animis
3462 809 3535 863 iu-

1961 910 2255 972 corruptos
2284 917 2530 968 manere,
2559 903 2811 973 quamvis
2838 905 2984 959 inter
3022 919 3119 959 eos
3150 905 3419 979 degamus
3451 901 3546 972 qui

1965 994 2211 1059 moribus
2253 1010 2283 1048 a
2333 994 2494 1048 nobis
2529 994 2856 1051 dissideant.

2034 1087 2305 1143 Praeterea
2343 1086 2515 1151 disce,
2547 1085 2621 1140 liii
2654 1085 2876 1154 dilecte,
2911 1085 3139 1158 quasvis
3168 1103 3261 1147 res
3301 1086 3547 1158 fragran-

1964 1185 2069 1241 tes,
2096 1178 2142 1232 si
2176 1177 2242 1233 ad
2267 1193 2360 1233 eas
2384 1178 2439 1232 in
2468 1178 2788 1248 propinquo
2813 1179 3001 1235 allium
3025 1191 3244 1251 etcepte
3266 1189 3544 1245 serantur,

1962 1270 2137 1340 magis
2190 1270 2355 1324 etiam
2416 1271 2675 1326 odoratas
2729 1271 2912 1327 reddi.
2976 1273 3113 1328 Nam
3165 1272 3433 1342 quidquid
3486 1272 3545 1326 in

1962 1363 2338 1434 fragrantibus
2399 1364 2569 1437 nimis
2620 1365 2766 1420 aeris
2805 1376 2902 1420 aut
2949 1368 3130 1437 gravis
3188 1367 3374 1422 odoris
3432 1375 3543 1427 est,

1963 1452 2201 1508 naturali
2259 1435 2476 1515 ratione
2527 1453 2764 1523 quadam
2820 1456 2886 1509 ad
2942 1435 3152 1509 semina
3191 1456 3281 1511 illa
3334 1455 3551 1510 acriora

1962 1545 2118 1616 quasi
2152 1544 2368 1611 deﬂuit,
2417 1546 2676 1615 quodque
2723 1546 2998 1617 reliquum
3045 1555 3150 1607 est,
3184 1530 3552 1617 fragrantissi-

1964 1653 2112 1692 mum
2162 1653 2226 1694 ac
2280 1639 2669 1693 suavissimum
2731 1639 2988 1697 edicitur.
3042 1640 3219 1694 Etiam
3280 1647 3402 1695 ruta
3448 1642 3551 1694 sub

1963 1729 2064 1785 licu
2100 1732 2144 1786 si
2185 1741 2423 1797 seratur,
2460 1732 2640 1801 seipsa
2672 1731 2731 1786 lit
2773 1733 2990 1798 acrior;
3027 1748 3151 1787 nam
3186 1730 3331 1802 quod
3369 1732 3554 1801 gravis

1962 1832 2048 1877 est
2079 1824 2268 1878 odoris
2301 1826 2359 1878 in
2394 1824 2521 1885 ﬁcu,
2553 1823 2619 1877 ad
2669 1823 2844 1893 ipsam
2905 1823 3262 1887 transfertur,
3293 1839 3404 1892 qua
3434 1823 3553 1893 ipsa

1963 1931 2130 1971 causa
2161 1916 2247 1970 ﬁci
2287 1916 2544 1970 meliores
2591 1915 2931 1971 eliiciuntur.
2969 1915 3158 1985 Neque
3194 1923 3409 1969 tantum
3447 1915 3554 1969 hoc

1964 2009 2165 2064 accidit
2198 2010 2252 2062 in
2282 2015 2429 2069 ruta,
2467 2007 2562 2062 sed
2593 2007 2759 2062 etiam
2805 2017 2973 2061 certa:
3023 2020 3220 2060 carnes
3243 1990 3330 2060 'ad
3387 2004 3553 2060 ﬁcum

1966 2118 2225 2172 appensm
2312 2101 2595 2156 molliores
2672 2100 3132 2169 delicatioresque
3218 2099 3550 2154 redduntur.

1965 2197 2099 2251 Nam
2135 2195 2272 2249 licus
2311 2194 2496 2259 arbor,
2538 2194 2617 2248 uti
2670 2191 2932 2258 dixi-mus,
2984 2191 3132 2247 inter
3183 2204 3377 2246 omnes
3421 2190 3556 2243 alias

1967 2286 2116 2342 succi
2148 2285 2472 2356 plenissima
2523 2293 2630 2345 est.
2676 2284 3053 2350 Quamobrem
3089 2283 3320 2343 halitum
3372 2297 3437 2336 ex
3495 2297 3556 2337 se

1966 2379 2226 2443 calidum,
2259 2394 2464 2444 acrem,
2516 2378 2737 2434 secandi
2790 2378 3228 2448 penetrandique
3279 2377 3391 2430 vim
3444 2376 3558 2429 ha-

1970 2471 2191 2526 bentem
2241 2471 2479 2535 emittit;
2533 2470 2627 2540 qui
2676 2471 2901 2540 quidem
2959 2470 3142 2525 avium
3193 2469 3558 2537 quarumdam

1971 2579 2168 2621 carnes
2201 2564 2378 2618 mollit
2408 2580 2471 2619 ac
2502 2564 2757 2618 nonnihil
2795 2562 3002 2631 coquit.
3053 2561 3250 2616 Eadem
3300 2576 3365 2616 ex
3392 2574 3561 2614 causa

1975 2657 2201 2727 titqund
2229 2658 2394 2711 etiam
2456 2656 2784 2712 ferocissimi
2820 2656 2961 2713 tauri
3013 2654 3081 2715 ad
3135 2654 3296 2708 ﬁcum
3340 2651 3558 2721 allegati

1972 2751 2266 2818 quiescunt
2316 2761 2373 2805 et
2414 2749 2562 2820 tangi
2614 2765 2670 2804 se
2702 2750 2992 2818 patiuntur
3020 2751 3279 2816 omnique
3330 2741 3560 2814 prorsus

1975 2841 2262 2896 iracundia
2315 2840 2543 2895 remissa
2576 2847 2787 2893 tantum
2823 2854 2936 2893 non
2970 2844 3343 2892 marcescunt.
3390 2835 3560 2904 Igitur

1975 2933 2120 2987 idem
2157 2932 2364 2986 halitus
2394 2931 2496 2985 iste
2518 2932 2579 3001 in
2623 2945 2818 2985 carnes
2871 2929 3121 2985 incidens
3153 2944 3248 2983 eas
3279 2928 3436 2996 quasi
3478 2926 3562 2980 di-

1974 3025 2115 3080 vidit
2143 3041 2208 3081 ac
2237 3024 2703 3080 tenerioresfacit.
2725 3022 2918 3077 Itidem
2945 3031 3074 3076 ante
3095 3021 3310 3075 fructus
3345 3019 3563 3073 arboris

1976 3117 2142 3188 hujus
2203 3116 2394 3171 dulces
2435 3125 2571 3170 ortae
2611 3115 2746 3169 licus
2776 3113 3107 3174 immaturae,
3152 3127 3293 3181 quas
3344 3123 3566 3179 grossos

306 3221 426 3259 στον
444 3207 587 3260 ἅπαν
609 3208 799 3276 ὥσπερ
815 3206 1032 3260 ὄλυνθον
1062 3207 1326 3277 ἐξήνεγκε
1358 3208 1453 3260 καὶ
1474 3207 1870 3275 ἁπωχέτευσεν.

1983 3210 2243 3273 dicimus,
2272 3208 2526 3264 inutilem
2554 3208 2674 3280 ejus
2702 3207 2989 3261 humorem
3030 3202 3338 3264 attrahunt,
3370 3201 3567 3255 relicto

305 3314 461 3352 succo
490 3300 585 3370 qui
619 3300 813 3355 melior
847 3309 950 3354 est.
1005 3299 1297 3368 Pr0pterea
1332 3299 1584 3354 ‘sacrisin
1637 3298 1861 3354 Litteris
1920 3301 2126 3357 dicitur
2171 3319 2184 3355 :

2239 3320 2258 3354 ι
2294 3299 2458 3357 Ficus
2481 3315 2705 3371 grnssos
2736 3313 2869 3353 suos
2903 3295 3145 3353 extrusit
3169 3295 3234 3359 “,
3274 3313 3293 3347 ι
3323 3294 3430 3349 hoc
3455 3300 3564 3349 est.

305 3393 513 3447 animus
572 3410 668 3462 per
737 3392 1117 3463 purgationem
1164 3392 1249 3446 sui
1285 3390 1558 3461 quidquid
1607 3401 1691 3461 est
1740 3393 1940 3449 inutile
1971 3403 2231 3464 tanquam
2263 3407 2518 3465 grossum
2553 3392 2789 3445 extrusit
2821 3398 2876 3446 et
2922 3399 3075 3447 extra
3116 3405 3174 3446 se
3204 3388 3410 3444 emisit.

385 3483 522 3536 Ἀλλ’
552 3482 670 3536 οὐδὲ
710 3482 867 3535 τοῦτό
918 3498 977 3535 σε
1032 3482 1421 3555 παραδραμεῖν
1469 3481 1662 3550 ἆξιονι
1714 3484 1873 3553 λόγος

307 3580 408 3648 γάρ
429 3597 509 3639 τις
533 3579 647 3631 ἐστὶ
678 3577 771 3630 καὶ
812 3577 873 3629 τὸ
908 3577 1175 3646 ἤλεκτρον
1205 3575 1338 3629 ὀπὸν
1386 3571 1532 3630 εἶναι
1570 3577 1757 3646 φυτῶν
1799 3580 1878 3641 εἰς

307 3672 446 3727 λίθου
472 3671 633 3742 φύσιν
664 3669 1139 3740 ἀποπηγνύμενον.
1208 3668 1374 3723 Ἀλλὰ
1420 3670 1514 3722 καὶ
1537 3671 1607 3722 τὰ
1645 3671 1742 3741 μὲν
1770 3671 1878 3724 τῶν

310 3767 483 3833 φυτῶν
523 3764 749 3832 ἀειθαλῆ
782 3762 995 3831 γέγονε,
1026 3764 1095 3815 τὰ
1137 3762 1195 3814 δὲ
1222 3762 1601 3832 γυμνούμενα,
1629 3764 1722 3816 καὶ
1769 3764 1878 3817 τῶν

307 3859 560 3912 ἀειθαλῶν
592 3864 658 3911 τὰ
694 3857 789 3924 μὲν
835 3856 1156 3924 φυλλοϐόλα,
1190 3856 1261 3909 τὰ
1307 3856 1366 3909 δὲ
1424 3857 1715 3926 ἁείφυλλα.
1767 3860 1879 3912 Καὶ

310 3952 597 4021 φυλλοϐολα
645 3951 746 4016 μὲν
800 3946 954 4013 ἐλαία
1002 3947 1095 4001 καὶ
1152 3948 1311 4010 πίτυς
1375 3949 1714 4018 (λεληθότως
1768 3949 1877 4018 γὰρ

313 4044 636 4098 ὐπαλλάστει
690 4043 756 4093 τὰ
813 4040 1018 4110 φύλλα,
1072 4039 1150 4103 ὡς
1215 4039 1486 4109 μηδέποτε
1542 4041 1721 4093 δοκεῖν
1777 4039 1878 4108 τῆς

314 4136 481 4201 κόμης
525 4132 1020 4202 ἀπογυμνοῦσθαι),
1062 4131 1352 4199 ἀείφυλλον
1405 4131 1461 4184 δὲ
1510 4132 1537 4183 ὁ
1591 4132 1787 4202 φοῖνιξ,
1819 4132 1881 4185 τὸ

314 4229 440 4281 αὐτὸ
483 4227 681 4297 φύλλον
722 4228 784 4279 ὲκ
841 4227 938 4293 τῆς
992 4226 1214 4299 πρώτης
1259 4225 1609 4296 βλαστήσεως
1656 4204 1880 4294 συμπα-

318 4321 540 4389 ῳμὲνεν
564 4318 677 4389 ἔχει
700 4322 780 4382 είς
807 4319 977 4382 τέλος.
1010 4317 1117 4370 Καὶ
1143 4322 1270 4388 περὶ
1303 4319 1402 4388 μὲν
1435 4320 1644 4373 τούτων
1680 4318 1879 4382 οὕτως.

2050 3487 2130 3543 Ne
2164 3486 2219 3542 id
2251 3485 2474 3555 quidem
2524 3483 2705 3539 omitti
2755 3499 2784 3538 a
2818 3484 2976 3544 nobis
3006 3483 3191 3539 debet.
3240 3480 3411 3535 Aiunt
3456 3479 3569 3535 ele-

1982 3590 2161 3636 ctrum
2198 3579 2336 3635 nihil
2368 3577 2516 3633 aliud
2550 3592 2670 3632 esse
2701 3592 2865 3647 quam
2915 3589 3140 3631 succum
3196 3566 3452 3629 arborum
3511 3573 3566 3626 in

1981 3674 2253 3744 lapideam
2289 3669 2394 3741 14,
2429 3668 2585 3739 quasi
2627 3667 2918 3738 quamdam
2973 3674 3227 3723 naturam
3283 3664 3564 3718 duratum.

1982 3768 2256 3821 Praeterea
2318 3760 2597 3816 nonnullae
2645 3760 2725 3815 sic
2774 3757 3011 3815 conditae
3067 3765 3196 3813 Sunt
3236 3756 3464 3811 arbores
3506 3765 3568 3810 ut

1986 3873 2205 3926 semper
2229 3854 2480 3915 ﬂoreant,
2513 3850 2790 3911 nonnullae
2835 3848 2984 3911 foliis
3005 3850 3318 3903 nudentur.
3364 3846 3426 3900 Iti
3452 3849 3556 3901 3cm

1981 3946 2144 4003 exiis
2167 3960 2288 4017 qua:
2314 3959 2533 4012 semper
2580 3941 2801 4001 ﬂorent.
2846 3939 3101 4010 quaedam
3149 3937 3421 4015 abjiciunt
3484 3936 3567 3990 lo-

1978 4039 2340 4113 lia,qua:dam
2376 4053 2439 4093 ea
2472 4045 2744 4107 perpetuo
2777 4035 3042 4091 retinent.
3068 4033 3358 4106 Abjiciunt
3410 4031 3567 4089 verbi

1976 4130 2153 4200 gratia
2183 4129 2301 4183 olea
2328 4137 2385 4184 et
2418 4129 2583 4199 pinus
2615 4145 2630 4184 :
2672 4142 2801 4183 nam
2843 4128 3010 4184 tacite
3049 4126 3207 4199 quasi
3241 4143 3305 4182 ac
3329 4127 3568 4182 latenter

1978 4224 2106 4279 folia
2126 4237 2224 4294 pro
2248 4222 2372 4277 aliis
2429 4222 2533 4276 alia
2582 4220 2663 4275 sic
2701 4229 3141 4292 consequuntur,
3180 4229 3241 4277 ut
3285 4235 3564 4288 nunquam

1982 4317 2153 4373 comis
2186 4316 2301 4373 suis
2331 4315 2602 4370 denudari
2635 4314 2950 4372 vidcantur.
2977 4314 3167 4371 Palma
3202 4329 3334 4370 vero
3368 4330 3570 4385 perpc-
3598 4361 3607 4366 -

314 4414 418 4468 tuis
467 4423 655 4467 ornata
707 4412 849 4467 foliis
902 4420 1005 4474 est,
1054 4422 1109 4466 et
1172 4426 1293 4482 qua:
1348 4412 1518 4467 semel
1580 4413 1815 4479 accepit,
1870 4411 1936 4467 ad
1982 4410 2147 4467 finem
2210 4424 2386 4480 usque
2421 4408 2642 4465 retinet.
2674 4408 2754 4462 Ac
2792 4406 2860 4464 de
2890 4408 2974 4463 bis
3020 4408 3242 4477 quidem
3272 4408 3568 4463 hactenus.

375 4509 467 4581 Μὴ
500 4508 743 4578 θαύμαζε
788 4507 867 4569 δὲ,
909 4508 1185 4576 ἁγαπητὲ,
1222 4507 1381 4578 εἴπερ
1434 4509 1466 4577 ἡ
1507 4508 1641 4576 ἁγία
1678 4508 1871 4577 Γραφή

313 4621 469 4673 φησιν
517 4603 597 4664 είς
656 4602 784 4671 μίαν
838 4601 1168 4670 συναγνιιγὴν
1228 4600 1562 4671 συναχθῆναι
1598 4601 1658 4653 τὸ
1704 4600 1871 4670 ὕδωρ,

309 4696 407 4748 ποῦ
466 4696 522 4747 δὲ
582 4696 661 4756 εἰς
722 4693 1081 4762 συναγωγάς·
1120 4695 1214 4746 καὶ
1279 4693 1438 4746 τοῦτο
1486 4693 1596 4762 γὰρ
1649 4695 1875 4746 κάκεῖνο

306 4784 515 4852 γέγονε,
540 4787 635 4839 καὶ
679 4784 776 4836 οὐκ
811 4783 1151 4837 ἐναντιοῦται
1208 4782 1341 4853 apo;
1392 4783 1618 4853 ἄλληλα.
1675 4785 1739 4836 ’0
1778 4786 1879 4852 μὲν

305 4876 394 4930 οὖν
418 4876 769 4946 Θεοδώρητὸς
805 4892 968 4945 φησιν
1002 4877 1082 4929 ὅτι
1114 4875 1295 4937 καλῶς
1327 4872 1450 4927 εἷπε
1495 4875 1591 4928 καὶ
1632 4892 1881 4944 συναγω-

305 4958 406 5038 γήν
431 4970 524 5022 καὶ
555 4950 877 5036 συναγωγὰς
911 4966 1006 5020 ἐπὶ
1026 4967 1136 5020 τῶν
1171 4966 1406 5021 ὑδάτωνο
1439 4966 1509 5019 τὰ
1535 4967 1642 5035 γὰρ
1664 4965 1877 5037 πελάγη

307 5063 444 5115 κατά
468 5061 565 5131 τὴν
594 5061 700 5127 ἔξω
729 5060 1052 5128 ἐπιφάνειαν
1076 5060 1390 5130 διῃρημένα
1437 5059 1690 5113 δοκοῦσιν
1729 5059 1881 5129 (ἄλλο

306 5154 411 5222 γὰρ
440 5154 500 5205 τ’)
533 5150 754 5205 Ἰνδικὸν
785 5151 1020 5219 πέλαγος
1067 5155 1164 5204 καὶ
1202 5151 1331 5205 ἄλλο
1381 5151 1440 5203 τὸ
1500 5151 1879 5221 Ὑρκανικὺν),

305 5244 549 5299 κάτωθεν
596 5244 652 5297 δὲ
689 5246 1062 5314 συνήρμοσται
1112 5245 1201 5297 διά
1247 5261 1409 5297 τινων
1456 5242 1730 5312 ὑπογείων
1775 5244 1877 5295 πό-

305 5348 433 5400 ρων.
470 5332 711 5398 Ἐξωθεν
755 5332 814 5385 δὲ
851 5333 913 5384 τὸ
950 5335 1093 5402 μέγα
1137 5333 1373 5401 πέλαγος
1399 5333 1879 5394 ὲπίκειται,·τουτ-

314 5425 461 5478 ἐστιν
517 5428 547 5480 ὁ
595 5426 875 5489 Ὠκεανὸς,
907 5426 967 5477 τὸ
998 5427 1093 5479 καὶ
1130 5425 1490 5481 Ἀτλαντικὸν
1521 5426 1881 5497 καλούμενον.

308 5517 566 5573 Καλεῖται
622 5520 678 5572 δὲ
742 5518 922 5576 οὕτως
962 5519 1046 5573 διὰ
1074 5520 1134 5571 τὸ
1189 5520 1371 5571 ἐκεῖσε
1428 5519 1553 5588 ὅρος
1610 5518 1701 5570 τὸν
1756 5520 1884 5569 Ἀτ-

310 5608 495 5665 λαντα.
537 5612 811 5665 Τοσοῦτον
863 5611 920 5661 δὲ
951 5615 977 5664 ὁ
1004 5613 1215 5675 ῙἊτλας
1275 5606 1433 5672 οὖτος
1491 5611 1697 5685 ὑψηλός
1731 5613 1882 5663 ἐστιν

392 5765 430 5793 ³⁸
461 5764 614 5821 Cant.
649 5780 708 5821 ιι.
754 5763 838 5813 l3.

2056 4504 2171 4560 Nec
2202 4519 2334 4559 vero
2379 4503 2579 4557 mirum
2615 4501 2713 4557 tibi
2773 4500 3027 4559 videatur
3081 4499 3321 4556 Litteras
3379 4517 3569 4556 sacras

1984 4613 2133 4654 nunc
2205 4598 2259 4652 in
2321 4613 2485 4651 unam
2515 4595 2896 4651 collectionem
2931 4609 3128 4665 aquam
3164 4610 3287 4649 esse
3318 4606 3600 4648 cuactanr

1985 4691 2192 4756 dicere,
2228 4704 2375 4745 nunc
2406 4688 2458 4742 in
2502 4688 2888 4752 collectiones;
2953 4702 3077 4741 nam
3108 4702 3231 4741 cum
3271 4696 3569 4757 utrumque

1987 4784 2191 4839 factum
2228 4781 2320 4847 sit,
2356 4780 2494 4835 nihil
2528 4781 2645 4834 haec
2675 4780 2819 4833 inter
2848 4793 2908 4833 se
2955 4786 3223 4847 pugnant.
3276 4779 3354 4832 Ac
3382 4778 3569 4833 Τυρω-

1979 4877 2198 4933 doritus
2228 4875 2450 4945 quidem
2480 4872 2557 4927 ait
2589 4882 2737 4928 recte
2771 4887 3044 4943 aquarum
3091 4878 3146 4926 et
3182 4872 3568 4927 collectionem

1979 4978 2035 5025 et
2069 4966 2425 5023 collectioues
2461 4965 2609 5030 dici;
2661 4980 2785 5018 nam
2820 4963 2992 5018 maria
3025 4962 3172 5037 quod
3229 4965 3568 5021 exteriorem

1979 5058 2329 5132 superﬁciem
2375 5058 2593 5121 attinet,
2645 5073 2674 5111 a
2735 5073 2792 5112 se
2842 5056 3076 5110 invicem
3119 5072 3236 5111 esse
3270 5057 3453 5113 'divisa
3484 5060 3567 5113 vi—

1981 5152 2207 5207 dentur.
2263 5151 2477 5220 Quippe
2523 5149 2669 5205 aliud
2727 5158 2813 5205 est
2870 5148 3122 5205 Indicum
3184 5164 3357 5214 mare,
3421 5148 3569 5205 aliud

1982 5243 2372 5314 Hyrcanicum,
2399 5256 2523 5310 quae
2547 5250 2730 5295 tamen
2762 5232 2997 5298 inferius
3022 5257 3120 5311 per
3173 5242 3567 5297 subterraneos

1981 5336 2254 5407 quosdam
2313 5344 2527 5389 meatus
2582 5335 2731 5388 inter
2778 5350 2839 5390 se
2897 5336 3327 5408 cenjunguutur.
3404 5336 3566 5390 Extra

1981 5429 2099 5482 inec
2131 5435 2313 5481 autem
2347 5442 2604 5497 magnum
2659 5426 2794 5482 illud
2850 5443 3001 5481 mare
3058 5427 3223 5483 situm
3281 5436 3387 5490 est,
3420 5425 3566 5497 quid

1983 5517 2263 5573 Oceanum
2311 5516 2548 5573 dicimus
2597 5525 2653 5573 ct
2708 5517 3048 5573 Atlanticum
3098 5519 3360 5589 pelagus;
3416 5517 3563 5588 quod

1983 5630 2184 5667 nomen
2219 5622 2301 5668 est
2328 5611 2378 5667 ei
2409 5613 2475 5666 ab
2531 5611 2749 5667 Atlante
2799 5612 3060 5678 inditum,
3093 5610 3185 5682 qui
3212 5625 3369 5665 mons
3405 5620 3566 5665 tanta:
