4008 6468
1328 274 1377 284 .-
1511 274 1538 307 δ

2976 329 3042 341 ..οη
3056 330 3095 335 μ-

374 387 436 452 {.1
1668 381 2085 444 MICHAELIS
2123 386 2383 447 GLYCJE
3564 388 3642 451 52

372 496 729 555 sublimitatis
757 493 929 551 cst'ut
954 492 1095 564 apud
1122 499 1309 563 poetas
1336 490 1459 547 coeli
1493 490 1747 545 columna
1791 504 1951 544 voce-

2077 494 2127 556 ῖ›ς
2162 498 2255 548 καὶ
2291 497 2445 548 κίονα
2497 494 2590 548 τοῦ
2634 496 2864 567 οὐρανοῦ
2897 496 3049 566 παρὰ
3091 496 3205 559 τοῖς
3240 496 3510 567 ποιηταῖς
3551 497 3649 551 λέ-

375 602 482 643 tur.
542 587 712 643 Nemo
757 587 1018 642 verticem
1084 586 1204 656 ejus
1246 584 1383 640 vidit
1432 593 1727 654 prepterea
1787 582 1939 652 quod

372 681 463 737 illa
500 680 626 735 nive
658 688 799 733 tecta
852 683 944 733 slt.
996 679 1124 732 Haec
1155 676 1477 731 Theodoriti
1511 684 1592 730 est
1643 674 1939 729 sententia.

373 772 597 841 Magnus
621 778 801 825 autem
834 769 1066 825 Basilius
1097 777 1285 823 noster
1327 767 1507 836 inquit
1550 774 1697 819 recte
1735 765 1943 819 dictum

376 866 431 917 in
460 863 842 918 collectionem
880 877 1068 916 unam.
1116 859 1250 915 Nam
1286 868 1348 913 ut
1385 875 1525 928 aqua
1571 855 1855 913 conﬂuens
1882 871 1945 909 ea

371 957 492 1011 luca
542 969 652 1010 non
710 955 1057 1025 demergeret
1110 966 1140 1005 a
1201 951 1402 1022 quibus
1475 949 1778 1019 recipitur,
1848 963 1948 1003 nec

376 1060 594 1115 semper
628 1046 784 1116 quasi
819 1043 1229 1116 progrediendn
1281 1042 1494 1112 aliaque
1522 1049 1645 1110 post
1691 1039 1796 1094 alia
1831 1039 1946 1092 loca

375 1134 640 1205 replendo
704 1134 920 1189 tandem
977 1132 1240 1188 continuo
1311 1138 1490 1186 tractu
1569 1129 1945 1185 continentem

377 1228 689 1281 universam
726 1225 1043 1289 inundaret,
1075 1224 1282 1279 idcirco
1316 1222 1454 1277 dixit
1483 1221 1671 1276 Deus:
1701 1238 1719 1271 ι
1744 1218 1950 1274 Coeant

377 1332 534 1388 aquae
585 1333 750 1371 unam
784 1316 839 1370 in
895 1315 1273 1371 collectionem
1299 1316 1366 1377 ",
1399 1333 1417 1366 ι
1464 1314 1571 1369 hoc
1614 1322 1718 1375 est,
1747 1312 1815 1365 ab
1849 1312 1951 1365 hac

378 1424 518 1477 aqua
550 1408 695 1462 nulla
716 1423 774 1462 se
803 1393 1070 1478 εδει-θέει,
1100 1406 1192 1461 sed
1214 1406 1359 1475 quod
1400 1406 1572 1460 modo
1591 1405 1864 1475 colligitur
1896 1404 1952 1458 in

380 1498 483 1552 hac
512 1499 690 1567 prima
721 1499 1048 1553 collectione
1078 1499 1354 1569 persistat.
1384 1498 1473 1554 Sic
1494 1507 1548 1553 et
1574 1497 1955 1552 Salomonicus

383 1590 477 1644 ille
542 1590 905 1644 conciunator
967 1590 1146 1660 inquit
1200 1606 1279 1644 τ(
1314 1594 1514 1644 Omnes
1573 1597 1848 1644 torrentes
1898 1590 1953 1642 in

383 1696 533 1734 mare
584 1690 836 1751 pergunt,
893 1697 1069 1751 neque
1126 1690 1307 1737 tamen
1354 1682 1560 1735 idcirco
1610 1696 1760 1735 mare
1810 1695 1959 1735 com-

382 1772 654 1841 pletur”.
688 1790 708 1824 ι
746 1772 880 1827 Nam
942 1775 1115 1843 ipsam
1172 1788 1390 1844 quoque
1451 1772 1750 1827 ﬂuxionem
1801 1786 1956 1826 suam

383 1878 538 1931 aquae
575 1863 678 1917 hoc
715 1879 781 1917 ex
828 1866 1086 1919 mandato
1120 1863 1212 1920 Dei
1264 1874 1574 1919 consecuta:
1629 1873 1779 1928 sunt,
1834 1879 1958 1918 cum
1993 1841 2033 1895 Β

385 1954 592 2008 diceret
622 1975 633 2008 :
670 1974 689 2006 ι
729 1955 936 2010 Coeant
967 1956 1184 2028 aqua}:
1216 1956 1296 2010 Ab
1324 1956 1515 2011 eadem
1550 1958 1670 2027 lege
1707 1956 1959 2025 principe

385 2046 690 2114 profectum
747 2056 833 2101 est
861 2047 1005 2116 quod
1047 2048 1190 2101 intra
1246 2048 1449 2103 limites
1500 2063 1632 2102 suos
1664 2062 1814 2101 mare
1855 2047 1965 2101 cir-

387 2137 784 2206 cumscriptum
848 2144 1054 2191 manet.
1106 2136 1346 2193 Adverte
1410 2138 1674 2199 animum,
1718 2135 1792 2189 mi
1840 2134 1961 2190 lili:

391 2245 411 2277 ι
450 2227 665 2283 Coacta:
699 2238 846 2293 sunt,
883 2230 961 2283 ait
1000 2229 1199 2293 Moses,
1253 2244 1418 2282 unam
1472 2229 1527 2282 in
1578 2227 1964 2282 collectionem

389 2334 565 2387 aqua},
616 2334 679 2375 ac
731 2320 938 2413 siccum
992 2320 1255 2390 apparuit
1288 2322 1353 2372 ιε.
1396 2338 1414 2371 ι
1444 2317 1582 2385 Quia
1627 2318 1771 2371 enim
1824 2326 1968 2371 terra

391 2410 541 2462 cerni
579 2424 684 2463 non
720 2410 952 2480 poterat,
988 2419 1045 2465 et
1078 2411 1231 2466 rudis
1261 2425 1324 2466 ac
1360 2410 1614 2465 informis
1664 2418 1803 2474 erat,
1836 2410 1967 2463 dum

394 2503 450 2556 in
500 2503 619 2572 ejus
664 2501 955 2572 superﬁcie
990 2502 1233 2558 ﬂuitaret
1271 2518 1436 2579 aqua,
1492 2511 1784 2571 propterea
1839 2516 1970 2557 suas

394 2593 449 2647 in
505 2593 856 2651 collectiones
904 2609 1046 2664 aqua
1104 2604 1294 2650 coacta
1342 2592 1494 2649 cerni
1543 2594 1760 2648 tandem
1804 2593 1972 2662 coepit

394 2692 538 2740 terra
585 2686 739 2755 prius
781 2686 1214 2757 inaspectabllis.
1268 2685 1387 2753 Quo
1440 2685 1662 2755 quidem
1725 2682 1970 2755 tempore

394 2777 651 2831 mandato
683 2777 873 2833 divino
903 2788 1164 2834 exornata
1194 2786 1278 2833 est
1324 2777 1632 2848 omnigenis
1680 2777 1969 2846 stirpibus,

396 2868 472 2923 uti
505 2883 670 2938 supra
696 2869 1121 2926 .i-ndieabamus.

464 2959 669 3026 Quodsi
719 2962 886 3017 etiam
942 2964 1164 3033 quaeris,
1212 2965 1570 3033 quamobrem
1616 2965 1690 3019 ita
1733 2964 1977 3032 particu-

398 3050 550 3106 latim
586 3060 731 3107 terra
758 3068 919 3109 suum
949 3065 1336 3109 ornamentum
1390 3063 1687 3110 consecuta
1717 3056 1811 3122 sit,
1862 3069 1973 3108 non

2052 587 2247 655 γεσθαι
2274 604 2289 620 ο
2326 581 2388 642 οὗ
2407 589 2507 657 τὴν
2538 588 2782 657 κεφαλὴν
2820 589 2999 651 οὐδεὶς
3027 586 3241 658 ἑώρακε
3275 586 3364 641 διὰ
3392 587 3462 640 τὸ
3495 589 3649 658 χιόνι

2052 680 2447 735 καλύπτεσθαι.
2492 682 2602 734 Καὶ
2657 679 2805 733 οὕτω
2843 680 2941 749 μὲν
2988 680 3018 732 6
3067 679 3387 750 διαληφθεὶς
3420 671 3651 733 Θέοδὼ-

2058 790 2240 842 ρητος,
2266 773 2294 824 6
2331 771 2388 824 δὲ
2421 771 2597 840 μέγας
2624 770 2904 834 Βασίλιιός
2934 786 3100 837 φησιν
3133 770 3217 824 ὅτι
3249 769 3437 834 καλῶς
3473 766 3650 822 εἷπεν

2053 867 2133 927 είς
2201 864 2330 934 μίαν
2379 864 2729 933 συναγωγήν.
2778 862 2896 917 ’Ὶνα
2949 863 3060 931 γὰρ
3116 861 3194 932 μὴ
3252 862 3315 915 τὸ
3367 863 3655 935 ὲπιῤῥέον

2056 956 2198 1025 ὕδωρ
2251 956 2363 1010 τῶν
2425 956 2730 1026 δεχομένων
2786 955 2918 1007 αὐτὸ
2956 954 3170 1023 χωρίων
3224 955 3654 1024 ὑπερχεόμενον

2060 1047 2410 1119 μετεκϐαίνοι
2438 1048 2526 1113 ἂν,
2556 1047 2649 1100 καὶ
2692 1046 2830 1100 ἄλλα
2873 1046 2934 1111 ἐξ
2961 1046 3141 1100 ἄλλων
3170 1045 3418 1116 πληροῦν
3451 1046 3655 1098 πᾶσαν

2058 1140 2198 1194 κατὰ
2249 1140 2309 1193 τὸ
2361 1138 2581 1208 συνεχὲς
2620 1133 2906 1209 ⁸ὲπικλύσῃ
2956 1137 3058 1207 τὴν
3106 1138 3408 1207 ἧπειρον,‹
3450 1137 3649 1188 Συνα-

2065 1233 2251 1304 χθήτω
2298 1233 2365 1285 τὰ
2397 1230 2566 1286 ὕδατα
2614 1248 2634 1282 ι
2670 1223 2827 1282 εἶπεν
2855 1246 2873 1280 ι
2912 1228 2995 1290 είς
3045 1229 3375 1295 συναγωγὴν
3411 1225 3583 1295 μίαν,
3631 1243 3652 1275 ι

2058 1322 2339 1377 τουτέστιν
2362 1322 2496 1391 άλλη
2527 1319 2636 1375 ἀπὸ
2666 1318 2873 1389 ταύτης
2919 1317 2995 1387 μὴ
3042 1315 3486 1386 ἁπογευηθήτω,
3521 1314 3657 1369 ἀλλ’

2060 1416 2119 1467 ὲν
2143 1416 2211 1484 τῇ
2248 1412 2438 1483 πρώτῃ
2471 1409 2704 1480 συλλογῇ
2752 1408 3111 1477 ἀξιομεινάτω
3141 1407 3205 1458 τδ
3235 1405 3656 1474 συναγόμενον.

2061 1506 2221 1560 Κατὰ
2245 1502 2402 1557 τοῦτο
2427 1500 2523 1554 καὶ
2552 1503 2579 1554 ὁ
2623 1499 3069 1570 Ἐκκλησιαστής
3107 1513 3280 1565 φησιν
3314 1496 3399 1549 ὅτι
3436 1494 3660 1554 πάντες

2062 1601 2113 1651 οἱ
2161 1597 2453 1668 χείμαρῤοι
2475 1581 2829 1663 ’πορεύονται
2878 1590 3094 1661 είς.τήν
3125 1590 3435 1653 Θάλασσαν,
3482 1587 3591 1639 καὶ
3623 1588 3660 1655 ἡ

2064 1689 2308 1743 θάλασσα
2354 1688 2454 1741 οὐκ
2505 1686 2655 1738 ἔστιν
2706 1682 3123 1752 ἐμπιπλαμένη,
3176 1680 3364 1750 ἐπειδὴ
3428 1681 3533 1732 καὶ
3594 1681 3660 1731 τὸ

2068 1786 2181 1855 ῥεῖν
2222 1782 2335 1844 τοῖς
2375 1779 2532 1833 ὕδασι
2582 1777 2670 1831 διὰ
2710 1778 2773 1829 τὸ
2821 1776 2968 1829 θεῖον
3002 1775 3365 1842 πρόσταγμα·
3409 1789 3429 1820 ι
3472 1771 3662 1823 Συναο

2064 1879 2252 1950 χθήτω
2305 1895 2324 1928 ι
2362 1876 2473 1945 γάρ
2510 1891 2645 1943 φησι
2695 1891 2714 1924 ‹
2756 1872 2825 1925 τὰ
2870 1870 3063 1924 ὕδατα.
3103 1888 3122 1920 ι
3160 1870 3271 1921 Καὶ
3310 1868 3372 1918 τὸ
3421 1868 3568 1919 εἵσω
3602 1865 3664 1917 δὲ

2062 1971 2172 2024 τῶν
2197 1971 2338 2040 ὅρων
2394 1964 2840 2036 περιγεγράφθαι
2889 1963 2990 2031 τὴν
3045 1959 3322 2015 θάλασσαν
3369 1959 3489 2012 ἀπὸ
3553 1958 3660 2027 τῆς

2063 2062 2290 2131 πρώτης
2347 2056 2669 2126 νομοθεσίας
2710 2054 2853 2108 ὲστί.
2886 2052 3154 2122 Πρόσεχε,
3196 2049 3482 2120 ἁγαπητέ.
3514 2050 3631 2101 Συν

2064 2153 2203 2222 ἢχθη
2253 2152 2314 2205 τὸ
2365 2149 2511 2215 ὕδωρ
2548 2150 2627 2209 εἰς
2673 2144 3002 2213 συναγωγὴν
3061 2142 3213 2212 μίαν,
3257 2142 3355 2194 καὶ
3402 2139 3575 2212 ὠςρθη
3626 2144 3661 2211 ὴ

2068 2245 2227 2314 ξηρά.
2261 2263 2279 2296 ι
2328 2239 2548 2309 Ἐπειδὴ
2597 2239 2706 2307 γὰρ
2760 2236 2995 2305 ἀόρατος
3044 2229 3112 2305 ἦν
3155 2234 3188 2302 ή
3246 2232 3320 2302 γῆ
3368 2233 3472 2285 καὶ
3523 2232 3666 2284 ἀκα-

2066 2336 2437 2396 τασκεύαστος
2484 2331 2582 2385 ἆτε
2616 2328 2711 2382 τοῦ
2751 2326 2946 2390 ὓδατος
2997 2323 3434 2388 ἐπιπολάζοντος
3482 2324 3660 2391 αὐτῇ,

2068 2429 2154 2484 διὰ
2174 2426 2330 2482 τοῦτο
2354 2425 2414 2480 τὸ
2450 2422 2596 2493 ὕδωρ
2626 2420 2871 2490 συνήχθη
2917 2421 3000 2482 εἰς
3024 2419 3122 2480 τὰς
3165 2416 3503 2482 συναγωγὰς
3555 2414 3663 2466 αὑ·-

2000 2560 2011 2571 ,
2069 2520 2187 2583 τοῦ,
2211 2519 2305 2573 καὶ
2351 2517 2523 2580 οὕτως
2563 2512 2739 2583 ὁρατὴ
2779 2510 3007 2579 γέγονεν
3049 2510 3084 2579 ή
3137 2508 3370 2577 ἀόρατος
3416 2504 3567 2560 οῧσα
3592 2506 3661 2557 τὸ

2070 2612 2358 2683 πρότερον.
2393 2608 2529 2661 Τότε
2561 2605 2648 2687 δή,
2683 2603 2804 2658 τότε
2832 2601 2930 2655 καὶ
2962 2600 3153 2669 φυτοῖς
3175 2596 3458 2662 παντοίοις
3494 2597 3665 2651 ἐκαλ-

2071 2703 2339 2769 λωπίζετο
2370 2698 2501 2769 θείῳ
2538 2695 2952 2768 προστάγματι,
2979 2690 3058 2757 ὼς
3090 2689 3302 2746 ἄνωθεν
3329 2688 3589 2759 εἴρηται.

2149 2968 2212 3021 El
2271 2966 2327 3018 δὲ
2386 2960 2481 3015 καὶ
2540 2956 2683 3020 τίνος
2734 2955 2927 3009 ἕνεκεν
2984 2952 3265 3020 ἐπιζητεῖς
3323 2948 3474 3003 οὕτω
3519 2948 3666 3002 κατὰ

2082 3061 2245 3132 μέρος
2274 3060 2307 3127 ή
2338 3056 2412 3124 γῆ
2440 3053 2531 3106 τδν
2581 3051 2782 3103 οἰκεῖον
2810 3046 3027 3116 ἐδέχετο
3062 3045 3269 3113 κόσμον
3310 3041 3406 3096 καὶ
3453 3041 3562 3095 οὐκ
3604 3038 3665 3102 ἐξ

397 3144 585 3198 statim
617 3144 685 3199 ab
710 3144 870 3200 initio
889 3162 1111 3216 prorsus
1133 3147 1201 3202 ab
1224 3147 1482 3202 omnibus
1514 3148 1679 3202 rebus
1708 3147 1972 3201 instructa

2079 3131 2252 3222 ἀρχῆς
2278 3147 2448 3216 αὐτῆς
2474 3139 2861 3212 ἀπηρτισμένη
2910 3136 3219 3206 παρήγετο,
3252 3133 3362 3200 ἐγώ
3393 3149 3487 3186 σοι
3523 3131 3663 3232 sgf),

406 3236 508 3306 15
540 3236 825 3306 prodierit,
865 3238 1123 3307 equidem
1156 3238 1277 3308 ejus
1311 3238 1409 3293 tibi
1442 3238 1521 3292 rei
1548 3253 1765 3292 causam
1799 3237 1977 3306 explio

399 3328 561 3391 cabo,
588 3327 673 3381 vel
703 3326 886 3396 potius
915 3343 1025 3382 non
1055 3344 1179 3399 ego,
1219 3329 1313 3385 sed
1359 3331 1603 3385 Joannes
1649 3329 1980 3400 Chrysosto-

403 3433 549 3472 mus.
585 3419 717 3473 Nam
747 3435 867 3474 cum
895 3428 1040 3474 terra
1069 3421 1141 3477 sit
1171 3437 1370 3491 parens
1400 3432 1453 3475 et
1480 3421 1642 3475 altrix
1669 3421 1977 3484 hominum,

403 3510 626 3579 quando
662 3526 729 3581 ex
763 3526 826 3566 ea
853 3513 1036 3567 cuncti
1077 3520 1207 3567 sunt
1241 3513 1347 3566 orti
1379 3521 1433 3566 et
1481 3511 1534 3566 in
1563 3527 1683 3567 eam
1722 3513 1977 3574 redeunt,

403 3609 459 3654 et
488 3609 708 3670 quando
746 3618 807 3658 ea
839 3604 1088 3672 quamvis
1132 3604 1370 3659 fructum
1416 3603 1573 3659 nobis
1617 3604 1864 3673 largitur,
1913 3618 1979 3656 ne

407 3691 484 3745 illi
535 3692 717 3746 omnia
776 3692 1174 3759 tribuerentur,
1227 3709 1402 3765 eaque
1451 3693 1519 3748 de
1581 3709 1745 3749 causa
1803 3695 1983 3748 cultus

407 3782 629 3852 quidam
664 3784 954 3840 accederet
978 3794 1236 3855 tanquam
1266 3786 1317 3840 vi
1359 3784 1733 3854 facultateque
1776 3800 1875 3839 sua
1905 3794 1984 3839 tot

407 3873 550 3929 bona
582 3873 741 3929 nobis
762 3873 1083 3944 proferenti,
1121 3875 1326 3930 idcirco
1370 3875 1515 3931 Deus
1567 3875 1713 3929 illam
1745 3875 1979 3944 primum

415 3981 557 4036 aqua
591 3967 720 4037 tegit
747 3976 806 4022 et
850 3967 1163 4023 inornatam
1188 3968 1491 4038 rudemque
1526 3954 1756 4033 condit;
1787 3967 1985 4021 deinde

410 4073 608 4126 aquam
643 4058 700 4112 in
732 4058 1108 4128 collectionem
1144 4074 1310 4114 unam
1334 4059 1501 4129 cogit,
1525 4068 1692 4126 atque
1727 4058 1830 4111 hoc
1869 4066 1989 4110 tant

412 4148 537 4202 dem
566 4149 727 4204 modo
756 4157 958 4205 terram
995 4150 1248 4206 instruit.

484 4240 599 4296 Hoc
622 4241 785 4296 etiam
818 4257 846 4296 a
882 4242 1044 4301 nobis
1078 4242 1282 4312 inquiri
1313 4240 1552 4313 pretium
1576 4254 1757 4310 Opera:
1790 4236 1985 4300 fuerit,

416 4335 638 4389 ubinam
690 4350 832 4405 aqua
865 4335 1097 4390 collecta
1137 4333 1328 4400 fuerit,
1359 4342 1420 4388 ut
1449 4334 1659 4388 siccum
1718 4330 1988 4399 deinceps

417 4429 854 4497 conspiceretur,
909 4427 971 4481 si.
1008 4426 1231 4497 quidem
1285 4426 1542 4480 universa
1589 4432 1747 4478 terrae
1802 4438 1990 4491 super-

2082 3243 2281 3311 μᾶλλον
2320 3239 2375 3291 δὲ
2416 3235 2515 3288 οὐκ
2550 3231 2680 3299 ἐγὼ,
2723 3228 2840 3283 ἀλλ’
2886 3229 2914 3281 6
2957 3228 3056 3297 τὴν
3100 3225 3343 3293 γλῶτταν
3394 3221 3664 3293 χρυσοῦς.

2092 3332 2311 3401 Ἐπειδὴ
2346 3327 2520 3397 γὰρή
2569 3324 2640 3394 γῆ
2689 3322 2872 3391 μήτηρ
2927 3316 3084 3388 ἡμῶν
3119 3318 3234 3369 ἐστι
3291 3315 3387 3367 καὶ
3432 3312 3664 3401 τροφδς.

2080 3424 2267 3493 ἐπειδὴ
2300 3400 2499 3480 πάντες
2544 3416 2603 3482 ἐξ
2650 3412 2824 3477 αὐτῆς
2851 3408 3176 3478 γεγένηνται
3225 3407 3319 3457 καὶ
3367 3406 3453 3467 εἰς
3485 3400 3661 3468 αὐτὴν

2081 3514 2238 3579 αὖθις
2268 3510 2713 3580 ἐπιστρέφουσιν,
2751 3499 2944 3569 ἐπειδὴ
2976 3500 3159 3552 πᾶσαν
3188 3495 3494 3550 ἀπολαύειν
3524 3495 3660 3563 ήμῖν

2080 3609 2217 3676 α’ύτη
2246 3604 2553 3677 χαρίζεται,
2589 3599 2677 3651 ἵνα
2715 3593 2788 3665 μὴ
2823 3593 2884 3646 τὸ
2916 3592 3028 3645 πᾶν
3057 3590 3194 3659 αὐτῇ
3243 3586 3475 3677 λογισθῇ
3524 3586 3666 3677 κάη-

2082 3672 2279 3754 τεῦθεν
2311 3672 2475 3753 σέϐας
2511 3689 2650 3759 αὐτῇ
2684 3682 2992 3755 προσαχθῇ,
3020 3680 3253 3748 δυνάμει
3280 3674 3449 3744 δῆθεν
3488 3672 3670 3742 οἰκείᾳ

2082 3788 2350 3847 τοσούτων
2379 3781 2597 3850 ἀγαθῶν
2632 3778 2766 3847 ἡμῖν
2789 3773 2937 3842 αἰτίᾳ
2974 3768 3346 3839 γεγενημένῃ,
3378 3765 3472 3817 διὰ
3508 3763 3670 3817 τοῦτο

2085 3884 2278 3954 πρῶτα
2313 3878 2411 3949 μὲν
2442 3869 2804 3927 ἐπικαλύπτει
2834 3863 3040 3932 ταύτην
3087 3860 3166 3931 τῷ
3201 3858 3355 3912 ὕδατι
3395 3859 3497 3911 καὶ
3528 3858 3672 3909 ἀκα-

2083 3948 2349 4031 τάσκευον
2404 3968 2571 4028 ποιεῖ,
2616 3961 2755 4032 μετᾶ
2809 3957 2865 4009 δὲ
2922 3955 3097 4010 ταῦτα
3137 3953 3200 4007 τὸ
3227 3951 3371 4021 ὕδωρ
3402 3952 3487 4014 εἰς
3538 3948 3674 4020 μίαν

2088 4065 2411 4131 ἐπισυνάγει
2461 4053 2812 4122 συναγωγὴν,
2846 4048 2943 4102 καὶ
2985 4045 3162 4108 οὕτως
3203 4041 3438 4114 ὀφθῆναι
3485 4054 3674 4111 παρα-ο

2090 4157 2350 4219 σκευάζει
2379 4152 2572 4221 αὐτήν.

2171 4248 2336 4305 Ἀλλὰ
2377 4248 2472 4300 καὶ
2503 4241 2665 4296 τοῦτο
2698 4240 2935 4311 ζητῆσαι
2969 4233 3143 4299 ἄξιον,
3181 4226 3286 4284 ποῦ
3327 4225 3579 4297 συνήχθη
3612 4221 3675 4311 t6

2091 4342 2257 4411 ὕδωρ,
2313 4338 2388 4400 ὡς
2446 4331 2702 4386 ἐντεῦθεν
2752 4310 2989 4399 δφθῆναι
3040 4321 3140 4393 τὴν
3192 4316 3385 4411 ξηρῇ,
3440 4314 3562 4411 είγε
3614 4310 3676 4411 τὸ

2091 4401 2385 4500 πρόσωπον
2429 4425 2577 4479 ἆπαν
2610 4423 2705 4492 τῆς
2740 4420 2866 4490 γῆς,
2895 4416 2969 4480 ὥς
3014 4429 3182 4485 φησιν
3234 4411 3269 4480 ή
3310 4407 3531 4500 Γραφή,
3562 4401 3676 4500 τοῖς

417 4519 1053 4591 ﬁdesquemadmodum
1073 4534 1241 4574 sacrae
1259 4518 1476 4573 Littera:
1496 4516 1739 4580 tradunt,
1757 4515 1825 4569 ab
1841 4513 1972 4585 aqui:

2101 4494 2286 4579 ὕδασιν
2313 4517 2670 4574 ἐκαλύπτετο.
2703 4513 2804 4566 Ἰου
2816 4512 2990 4571 στῖνος
3018 4507 3046 4558 6
3077 4501 3377 4591 φιλόσοφος
3406 4497 3505 4551 καὶ
3532 4494 3677 4591 μάρ-

417 4614 820 4669 occultabatur.
854 4613 929 4668 De
962 4613 1068 4667 hoc
1096 4611 1349 4666 Justinus
1400 4610 1489 4664 ille
1526 4609 1885 4679 philosophus
1926 4624 1989 4662 ac

420 4707 576 4761 testis
603 4707 833 4774 Christi,
868 4718 1209 4774 magnusque
1241 4702 1477 4756 Basilius
1512 4701 1705 4756 dicunt
1735 4701 1989 4754 mandato

419 4797 606 4852 divino
658 4807 776 4853 tum
829 4796 1200 4852 roncavitates
1258 4793 1522 4863 quasdam
1592 4808 1712 4846 esse
1784 4792 1986 4846 factas.

422 4889 589 4956 Cujus
618 4889 694 4943 rei
729 4897 896 4943 testes
917 4887 1029 4941 sint
1051 4886 1267 4950 insulae,
1300 4884 1468 4938 nullis
1505 4884 1671 4939 certis
1707 4883 1993 4951 descriptae

423 4980 596 5044 locis,
645 4996 766 5049 quae
800 4981 1004 5051 passim
1055 4977 1438 5046 reperiuntur.
1500 4977 1592 5031 Eae
1621 4974 1995 5031 cuucavitates

426 5076 569 5130 intra
614 5088 673 5127 se
716 5072 1009 5125 demissam
1048 5086 1245 5140 aquam
1290 5075 1642 5138 receperunt.
1696 5066 1853 5132 Quod
1891 5063 1995 5119 nisi

427 5166 632 5221 factum
665 5164 884 5228 fuisset,
919 5177 1031 5217 non
1073 5162 1297 5217 dixisset
1332 5159 1510 5215 Moses
1534 5159 1854 5229 adapertum
1886 5156 1997 5211 sic-

324 5296 325 5299 η
429 5274 554 5313 cum
583 5254 923 5324 apparuisse.
956 5252 1095 5320 Quin
1132 5253 1295 5309 etiam
1328 5252 1384 5323 (ο
1405 5251 1667 5322 insignem
1693 5248 1789 5303 Dei
1811 5262 1998 5302 curam

429 5349 498 5403 de
524 5347 684 5403 nobis
705 5362 767 5400 ac
793 5344 1194 5417 providentiam
1220 5346 1259 5415 l)
1298 5342 1614 5415 hujustnodi
1646 5339 2002 5396 concavitati-

433 5441 536 5493 lius
565 5441 771 5495 insulas
809 5437 1080 5510 adjunxit.
1106 5439 1218 5495 Cur
1245 5437 1322 5503 id,
1356 5436 1584 5507 quaso?
1610 5435 1681 5491 Ut
1716 5441 2005 5503 tempesta-

436 5533 583 5584 tibus
618 5532 809 5601 jactati
842 5531 1096 5587 homines
1140 5531 1266 5586 istic
1303 5529 1738 5600 requiescerent,
1787 5524 2007 5597 quoties

434 5621 778 5692 longioribus
808 5624 1097 5681 itineribus
1121 5640 1240 5682 sese
1271 5625 1563 5681 dederunt.

513 5807 553 5834 “l
589 5803 702 5859 Cen
768 5824 804 5869 1,
833 5809 887 5863 9.

971 5809 1006 5837 ¹⁷
1041 5808 1225 5864 Et‘t'lt‘.
1253 5828 1287 5863 ι.
1324 5812 1350 5861 ’ῖ
1438 5808 1476 5839 "
1505 5810 1635 5864 Gt‘tt.
1673 5823 1707 5861 ι,
1744 5805 1796 5857 ‘2.

2094 4634 2191 4679 τυς
2212 4610 2452 4685 Χριστοῦ
2480 4610 2506 4662 6
2538 4608 2713 4678 μέγας
2739 4622 2798 4657 τε
2831 4597 3113 4661 Βασίλειός
3159 4608 3324 4664 φασιν
3365 4590 3449 4643 ὅτι
3498 4583 3679 4685 κοιλός

2097 4673 2863 4780 τητεςιέγένοντο-τηνικαῦτα
2908 4691 3051 4745 κατὰ
3082 4687 3234 4741 θείαν
3278 4685 3533 4737 κέλευσιν
3561 4673 3678 4745 (καὶ

2098 4770 2192 4859 τοπῦ
2233 4770 2395 4866 λόγου
2430 4795 2706 4866 μάρτυρες
2738 4785 3158 4866 ἀπαράτρεπτοι
3198 4777 3258 4832 αι
3299 4771 3443 4866 κατά
3474 4770 3677 4866 τόπους

2095 4890 2489 4967 εὐρισκόμεναι
2532 4881 2731 4952 νῆσοι),
2765 4879 2860 4932 καὶ
2887 4874 3060 4936 οὕτως
3083 4864 3243 4924 αὗται
3276 4867 3337 4921 τὸ
3373 4864 3518 4933 ὓδωρ
3546 4859 3679 4910 ὑπο-

2091 4950 2362 5061 χαλασθὲν
2407 4950 2676 5041 ἐδέξαντο.
2710 4973 2770 5024 Et
2818 4971 2895 5040 μὴ
2944 4967 3070 5061 γὰρ⁸
3118 4958 3364 5061 συνήχθη
3417 4956 3487 5061 16‘
3534 4950 3679 5061 66:9

2181 5077 2302 5139 ταῖς
2332 5039 2615 5133 τοιαύταις
2654 5039 2991 5129 κοιλότησιν,
3019 5057 3121 5107 οὐκ
3164 5052 3233 5105 ἂν
3279 5039 3685 5139 harenato-(gon.-

2093 5124 2466 5231 Legem“
2516 5159 2550 5225 ἡ
2594 5124 2756 5223 ξηρά.
2796 5124 2983 5209 Ἀλλὰ,
3012 5140 3343 5213 κηδεμονίας
3372 5133 3550 5236 Θεοῦί
3589 5124 3682 5181 καὶ

2098 5258 2298 5326 νήσους
2333 5252 2438 5320 γὰρ
2473 5248 2590 5307 ταῖς
2621 5240 2901 5307 κοιλότησι
2941 5235 3230 5306 προσεῖναι
3262 5233 3678 5326 παρεσκεύασε.

2102 5310 2261 5409 Τίνος
2312 5325 2535 5404 ἕνεκκεκ
2567 5336 2736 5388 Ὥστε
2793 5332 2919 5391 τοὺς
2976 5320 3426 5391 ναυτιλλομένους
3492 5310 3673 5367 ἐκεῖσε

2105 5432 2562 5496 διαναπαύεσθαι,
2591 5427 2755 5499 ἡνίκα
2812 5425 2906 5476 καὶ
2959 5419 3162 5491 μᾶλλον
3208 5410 3542 5481 ὁδοιπορίαις
3583 5416 3682 5472 μα·

2110 5530 2268 5603 κραϊ,
2308 5524 2538 5587 ἑαυτοὺς
2572 5518 2862 5574 ἐκδιδόασι.
