4008 6466
226 336 285 396 5i
1475 332 1788 397 ANNALH

1927 332 2124 396 PARS
2166 336 2213 398 Ι.
3395 331 3462 393 5ι

285 451 378 524 Μὴ
410 450 654 523 θαύμαζε
681 452 739 507 δὲ
781 452 895 522 εἴγε
937 450 1184 524 ποτίμων
1219 436 1391 506 ὄντων
1428 451 1538 506 τῶν
1582 452 1663 516 είς
1690 450 1788 521 τὴν

1962 450 2075 508 Nec
2128 461 2213 508 cst
2272 453 2420 525 quod
2477 454 2695 510 mireris
2749 468 2921 525 aquas
2970 453 3189 524 quidem
3230 453 3283 507 in
3313 468 3465 507 mare

226 543 491 598 θάλασσαν
538 545 864 615 εἰσρεόντων
913 545 1121 600 ὑδάτων
1166 543 1387 614 ἁλμυρὰ
1451 545 1586 615 μόνη
1637 542 1779 614 αὕτη

226 637 312 689 καὶ
354 635 555 702 ἄποτος
592 637 891 693 δείκνυται.
923 637 1021 691 Διὰ
1062 637 1173 708 γὰρ
1214 638 1312 709 τὴν
1343 638 1604 708 καπνώδη
1647 638 1779 691 ἀνα-

226 726 478 796 θυμίασιν
540 729 956 799 παρακειμένην
1014 729 1148 800 αὐτῇ
1214 730 1310 783 καὶ
1373 729 1540 782 οἱονεὶ
1600 746 1782 798 παρα-

223 818 477 872 καίουσάν
499 836 557 872 τε
590 820 686 873 καὶ
726 820 1214 890 παραφρύγουσαν,
1249 823 1345 877 καὶ
1401 820 1499 891 τὴν
1529 822 1782 891 ἁλμυρὰν

222 911 348 980 αὐτῇ
399 912 736 979 ἐμποιοῦσαν
791 912 1071 983 ποιότητα,
1108 911 1299 982 ὥσπερ
1345 930 1402 966 τι
1453 914 1779 983 περίττωμα

221 1009 277 1058 τδ
319 1007 558 1077 ἁλμυρὸν
599 1005 745 1078 ὕδωρ
794 1007 1112 1077 ὑφίσταται.
1150 1009 1300 1062 Ἔδει
1332 1008 1433 1077 μὲν
1460 1004 1555 1062 οὖν
1598 1007 1693 1060 καὶ
1722 1007 1782 1059 τὸ

222 1096 321 1149 τῶν
357 1098 616 1166 ποταμῶν
647 1097 794 1168 ὕδωρ
822 1099 1252 1170 ὲξατμιζόμενον
1281 1100 1382 1154 καὶ
1431 1100 1784 1169 παραφλεγό-

227 1206 382 1257 μενον
414 1190 657 1262 ἁλμυρὸν
685 1190 997 1245 δείκνυσθαι
1021 1208 1036 1222 ·
1074 1192 1189 1246 ἀλλ’
1216 1194 1249 1263 ἡ
1281 1192 1539 1262 διηνεκὴς
1565 1193 1784 1262 κίνησις

220 1282 371 1335 τοῦτο
399 1282 460 1334 οὗ
494 1285 787 1352 συγχωρεῖ.
831 1283 1044 1353 Ἐκείνη
1069 1285 1126 1337 δὲ
1158 1284 1215 1335 ἐν
1237 1285 1388 1355 τόπῳ
1419 1284 1585 1354 κοίλῳ
1621 1301 1784 1354 περι-

220 1373 552 1442 λιμνὰζουσα
601 1376 696 1428 καὶ
749 1375 836 1444 ἐφ’
888 1376 1090 1445 ἑαυτῆς
1141 1376 1380 1437 ἑστῶσα,
1414 1377 1786 1449 έτοιμοπαθής

221 1466 332 1518 ἑστι
360 1467 476 1528 τοῖς
505 1466 701 1529 αἰτίοις
741 1468 840 1536 τῆς
894 1469 1298 1536 ἀλμυρότητος.
1343 1468 1545 1521 Τοῦτον
1599 1468 1785 1539 μέντοι

220 1555 308 1606 τὸν
344 1554 502 1623 λόγον
552 1555 858 1609 ἐπιδεδαιοί
902 1558 999 1610 καὶ
1042 1560 1069 1611 6
1117 1559 1482 1628 Δαμασκηνὸς
1528 1559 1788 1629 Ἰωάννης

221 1645 420 1712 λέγων·
460 1666 479 1697 ι
527 1647 588 1701 '0
621 1647 839 1716 μὲνζοῦν
855 1646 1105 1712 Ὠκεανὸς
1150 1650 1379 1719 πότιμος
1409 1649 1488 1704 ὢν
1527 1652 1625 1704 καὶ⁸
1656 1651 1787 1715 γλυ-

223 1738 447 1801 κύτατος
481 1740 804 1808 ἐπιχορηγεί
824 1739 884 1792 τὸ
915 1739 1059 1811 ὕδωρ
1088 1742 1154 1811 τῇ
1189 1740 1481 1811 θαλάσση*
1516 1743 1786 1814 χρονίζων

222 1827 276 1880 δὲ
321 1829 472 1897 ὅμως
518 1806 608 1883 κάξ
646 1806 840 1895 ⁷ἑστὼς
880 1806 1656 1904 ἀκίνητος-πικρὸςέίίίνξται,
1687 1806 1783 1887 τοῦ
1815 1806 1861 1863 Β

224 1921 367 1990 ἡλίου
398 1924 488 1975 ἀεὶ
511 1922 569 1974 τὸ
600 1922 928 1992 λεπτότερον
956 1924 1309 1995 ἀνιμωμένου
1340 1926 1548 1995 καίπερ
1580 1927 1643 1981 ὲκ
1678 1926 1787 1981 τῶν

230 2013 497 2081 σιφώνων,
526 2012 648 2067 ὅθεν
683 2016 779 2069 καὶ
804 2015 870 2068 τὰ
910 2015 1050 2085 νέφη
1085 2016 1442 2072 συνίστανται
1479 2019 1572 2073 καὶ⁸
1604 2021 1651 2073 οἱ
1683 2020 1787 2089 δμ-

229 2105 348 2174 6ροι
378 2106 624 2172 γίνονται
648 2105 736 2159 διὰ
761 2108 858 2176 τῆς
899 2106 1204 2177 διηθήσεως
1226 2107 1664 2177 γλυκαινομένου
1691 2107 1786 2162 τοῦ

225 2197 431 2261 ὓδατος.
471 2217 491 2249 ι
530 2198 686 2252 Οὕτω
739 2199 836 2266 μὲν
868 2195 962 2254 οὖν
1007 2201 1102 2253 καὶ
1132 2203 1159 2254 ό
1193 2199 1467 2262 θειότατος
1514 2201 1819 2255 Ἀναστάιο

227 2305 331 2351 σιος
350 2289 637 2357 όΣεναῖτης
665 2291 723 2343 ἐν
742 2293 806 2361 τῇ
823 2288 983 2357 Ἕξαη
995 2290 1146 2361 μέρῳ
1167 2291 1330 2345 αὐτοῦ
1348 2292 1567 2358 διέξεισι
1592 2294 1785 2361 λέγων’

234 2376 328 2429 «Ἤ
360 2379 417 2431 δὲ
465 2377 710 2431 Θάλασσα
744 2378 972 2444 γλυκεῖα
1017 2374 1088 2449 ἦν
1116 2368 1239 2433 κατ’
1277 2380 1453 2451 ἀρχὰς
1499 2382 1596 2436 καὶ
1640 2384 1789 2451 νᾶμα

229 2472 449 2538 πότιμον
497 2460 723 2539 ἔχουσαί
781 2469 1010 2541 ὕστερον
1066 2471 1125 2525 δὲ
1182 2472 1261 2542 τῷ
1295 2474 1473 2543 χρόνῳ
1529 2474 1626 2529 καὶ
1674 2476 1787 2535 τοῖς

230 2561 502 2630 στοιχείοις
528 2561 627 2629 τὴν
656 2560 945 2619 ἀλλοίωσιν
990 2561 1199 2630 ταύτην
1246 2564 1481 2630 ἐδέξατο.
1521 2583 1539 2615 ›
1589 2566 1651 2618 Ὀ
1677 2566 1788 2637 γὰρ

228 2650 389 2720 ἥλιος,
420 2650 499 2714 ὡς
545 2651 787 2724 εἴρηται,
808 2656 876 2724 τῇ
905 2654 1086 2725 οἰκείᾳ
1139 2654 1440 2726 θερμότητι
1476 2656 1787 2727 ἐξατμίζων

228 2742 316 2812 τὴν
354 2742 649 2810 θάλασσαν,
677 2744 772 2797 καὶ
807 2745 868 2798 τὸ
906 2745 1244 2817 γλυκύτερον
1290 2747 1465 2802 ἕλκων
1520 2751 1616 2803 καὶ
1661 2766 1789 2803 κου-

231 2837 391 2903 φίζων
415 2835 549 2907 πρὸς
571 2835 662 2889 τὸν
688 2837 846 2906 ἀέρα,
875 2838 1028 2893 κάτω
1061 2838 1126 2892 τὸ
1167 2839 1563 2911 ἁλμυρώτερον
1593 2842 1659 2912 ἐᾷ
1694 2843 1790 2897 καὶ

236 2927 541 2999 βαρύτερον.
575 2929 696 2982 Ὀτι
748 2930 807 2982 δὲ
860 2930 1329 3002 παχύτερόνρέστι
1379 2934 1442 2986 τδ
1482 2933 1790 2989 θαλάττιον

230 3019 363 3089 ὕδωρ
382 3020 488 3072 τῶν
520 3019 802 3090 ποταμίων
831 3022 1058 3089 ὑδάτων,
1093 3023 1228 3076 αὐτὸ
1257 3023 1318 3077 τὸ
1343 3017 1581 3094 πρᾶγμα
1612 3027 1784 3095 παρί-

1883 543 2121 601 fluentes
2177 544 2365 601 dulces
2429 560 2493 601 ac
2530 546 2800 617 potabiles
2841 561 2983 612 esse,
3047 546 3227 614 ipsum
3279 552 3463 598 autem

1884 653 2034 693 mare
2066 646 2276 693 tantum
2305 653 2555 692 amarum
2582 653 2683 693 nec
2711 638 2807 693 ulli
2834 636 2902 692 ad
2928 644 3116 707 potum
3141 634 3288 690 usui.
3324 634 3464 691 Nam

1884 741 2113 801 propter
2143 730 2547 786 exhalationem
2596 732 2745 786 illam
2785 730 3093 792 fumosam,
3143 744 3265 799 qua:
3311 727 3365 781 in
3398 742 3467 781 eo

1886 825 1966 889 fit,
1996 840 2228 896 quaeque
2254 825 2427 880 veluti
2465 823 2938 895 spumeum]ellicit
2964 834 3020 880 et
3040 822 3290 879 accendit
3317 836 3469 875 mare

1886 932 1949 972 ac
1985 919 2302 988 qualitatem
2333 921 2383 975 ei
2418 934 2662 975 amaram
2694 917 2858 979 indit,
2893 916 3113 971 tandem
3141 929 3281 984 aqua
3318 913 3463 967 salsa

1848 1076 1849 1079 η
1889 1010 2252 1079 reliquiarum
2295 1010 2450 1081 quasi
2501 1008 2861 1080 quarumdam
2910 1007 3085 1064 instar
3114 1006 3498 1075 relinquitur,

1889 1103 1955 1158 Et
1980 1102 2218 1158 fluvialis
2257 1102 2480 1173 quidem
2515 1117 2656 1171 aqua
2688 1100 2861 1156 nihilo
2889 1100 3070 1154 secius
3100 1098 3241 1153 salsa
3264 1095 3466 1151 redde-

1889 1207 2068 1261 retur,
2096 1210 2221 1250 cum
2248 1204 2306 1251 et
2332 1196 2448 1265 ipsa
2474 1196 2680 1250 sentiat
2710 1192 3093 1249 exbalationes
3116 1205 3200 1249 ac
3244 1198 3469 1253 uratur;

1887 1301 2083 1340 verum
2114 1286 2169 1340 id
2203 1295 2386 1340 motus
2427 1286 2596 1355 ipsius
2646 1296 2947 1355 perpetuus
2997 1282 3145 1336 haud
3191 1279 3468 1335 concedit.

1888 1378 1957 1430 At
1996 1390 2146 1430 mare
2196 1391 2440 1431 concavo
2481 1377 2536 1429 in
2582 1376 2704 1430 loco
2732 1385 3081 1444 restagnans,
3115 1381 3171 1427 et
3217 1385 3470 1425 seorsum

1888 1483 2120 1523 manens
2171 1476 2227 1522 et
2280 1467 2562 1530 insistens,
2615 1467 2774 1521 facile
2806 1465 3107 1535 salsuginis
3146 1478 3342 1519 causas
3372 1460 3471 1516 ad-

1886 1561 2076 1616 mittit.
2137 1561 2289 1616 Hane
2360 1561 2627 1615 rationem
2682 1570 2923 1613 nostram
2967 1557 3210 1614 Joannes
3273 1557 3470 1609 Dama-

1889 1669 2091 1710 scenas
2128 1653 2434 1717 confirmat,
2471 1667 2594 1708 cum
2648 1653 2854 1720 inquit:
2887 1650 3141 1707 Oceanus
3171 1648 3467 1717 czeteroqui

1891 1744 2149 1815 potabilis
2175 1759 2239 1798 ac
2265 1743 2444 1799 dulcis
2475 1744 2611 1798 mari
2648 1759 2844 1812 aquam
2882 1742 3219 1813 suppeditat.
3265 1741 3468 1795 "erum

1890 1850 2012 1892 cum
2051 1850 2115 1890 ea
2161 1834 2254 1889 diu
2297 1835 2414 1909 jam
2457 1850 2567 1889 uno
2606 1835 2821 1888 insistat
2856 1835 2978 1887 loco
3010 1847 3112 1886 nec
3158 1840 3470 1892 moveatur,

1889 1926 2203 1991 amareseit,
2233 1926 2350 1982 sole
2377 1926 2593 1981 scilicet
2630 1935 2897 1996 perpetuo
2932 1924 3077 1993 quod
3105 1922 3365 1976 subtilius
3390 1931 3476 1976 est

1888 2020 2271 2086 exhauriente,
2301 2019 2544 2089 itemque
2568 2019 2896 2088 siphonibus
2921 2018 3077 2086 quasi
3109 2016 3467 2086 quibusdam,

1890 2110 2038 2167 unde
2085 2109 2264 2164 nubes
2307 2108 2581 2163 exsistunt
2629 2116 2682 2161 et
2721 2106 2918 2178 pluviae
2938 2106 3265 2176 gignuntur,
3323 2119 3463 2172 aqua

1887 2200 2057 2257 veluti
2087 2200 2456 2270 percolatioue
2478 2201 2711 2269 quadam
2735 2198 3044 2253 edulcala.»
3079 2196 3285 2251 Eodem
3310 2194 3475 2249 modo

1888 2300 1945 2346 ct
1975 2290 2215 2346 Sinaites
2249 2290 2574 2345 Anastasius
2606 2290 2661 2343 in
2691 2288 3091 2343 commentario
3139 2300 3239 2341 suo
3277 2286 3345 2339 de
3375 2300 3471 2339 sex

1890 2386 2198 2455 primorum
2228 2384 2442 2438 dierqu
2476 2384 2581 2455 16
2606 2383 2867 2453 operibus
2892 2384 3036 2436 hanc
3078 2395 3191 2434 rem
3213 2379 3471 2448 implicat.

1897 2476 2095 2543 «Mare,
2141 2475 2342 2545 inquit,
2383 2486 2500 2530 erat
2530 2474 2686 2529 initio
2717 2474 2900 2538 dulce,
2949 2473 3334 2544 liquoremque
3383 2485 3476 2540 p0-

1893 2568 2116 2623 tabilem
2159 2567 2512 2631 continebat;
2564 2566 2659 2621 sed
2723 2565 2989 2630 deinceps
3041 2579 3073 2619 a
3132 2562 3476 2629 temporibus

1890 2659 2253 2716 diuturnitate
2309 2670 2375 2714 ac
2419 2656 2713 2713 elementis
2764 2656 2898 2726 ipsis
2943 2671 3065 2711 eam
3104 2655 3470 2709 mutationem

1889 2751 2122 2821 accepit,
2160 2765 2325 2820 quam
2357 2749 2518 2804 modo
2543 2748 2878 2818 experimur.
2919 2767 2939 2800 ο
2980 2748 3115 2802 Nam
3153 2747 3235 2802 sol
3287 2747 3474 2801 calore

1890 2858 1992 2898 suo
2020 2841 2187 2897 maris
2211 2841 2588 2896 exlialationes
2639 2839 2907 2909 quasdam
2956 2838 3225 2904 ellicicns,
3257 2852 3321 2893 ac
3352 2854 3478 2908 par-

1892 2944 2001 2987 tem
2029 2931 2150 3000 ejus
2178 2930 2483 2985 dulciorem
2534 2930 2821 2985 attrahens
2856 2937 2912 2982 et
2963 2929 3017 2983 in
3064 2943 3196 2982 aera
3253 2929 3474 2991 tollens,

1891 3019 2037 3091 quod
2065 3020 2453 3090 gravissimum
2479 3030 2565 3074 est
2602 3028 2767 3089 atque
2795 3019 3016 3084 salsius,
3049 3018 3264 3073 inferne
3309 3019 3478 3072 relin-

232 3128 445 3180 στησιν·
485 3113 544 3165 ὲν
593 3112 695 3181 μὲν
752 3113 1027 3183 γὰρ’τοτς
1088 3116 1358 3183 ποταμοῖς
1413 3116 1474 3170 οὐ
1531 3116 1786 3171 δύνανται

1891 3113 2037 3181 quit,
2099 3121 2158 3166 et
2189 3110 2518 3167 crassiorem
2555 3111 2724 3165 maris
2751 3126 2948 3181 aquam
2986 3126 3110 3166 esse
3164 3125 3328 3179 quam
3365 3109 3478 3164 sint

227 3206 380 3260 πλοῖα
409 3205 579 3277 βαρὺν
606 3205 797 3275 ἔχοντα
820 3206 1020 3274 φόρτον
1045 3207 1224 3273 πλεῖν,
1255 3210 1313 3261 ἐν
1347 3208 1406 3261 δὲ
1431 3211 1504 3280 τῇ
1534 3209 1785 3281 θαλάσσῃ

227 3299 467 3368 ἐλαφρῶς
512 3298 690 3355 ταῦτα
740 3292 1104 3370 βαστάζονται
1144 3300 1233 3355 διὰ
1277 3301 1373 3371 τὴν
1408 3302 1785 3374 ὑποκειμένην

226 3391 521 3461 παχύτητα.

295 3576 430 3646 Πρὸς
484 3575 692 3638 τούτοις
723 3575 794 3628 se
835 3578 931 3630 καὶ
978 3575 1144 3631 τοῦτο
1176 3578 1298 3632 δέον
1333 3578 1539 3632 εἰδέναι
1588 3597 1672 3649 σε,
1705 3581 1785 3634 ὄτι

228 3668 394 3722 πάντα
414 3669 481 3723 τὰ
508 3666 680 3722 ὕδατα
725 3671 795 3724 τά.
822 3686 883 3722 τε
929 3673 1214 3743 πηγιμαῖα
1260 3673 1356 3726 καὶ
1394 3675 1689 3741 φρεατιαῖα
1721 3676 1787 3729 ὲκ

228 3762 318 3830 τῆς
343 3762 606 3832 θαλάττης
644 3761 827 3833 έχουσι
854 3766 954 3828 τὰς
982 3764 1178 3834 ἀρχάς.
1221 3765 1288 3819 Ἥ
1316 3765 1428 3836 γὰρ
1460 3767 1784 3836 γειτονοῦσα

226 3855 286 3921 τῇ
310 3851 549 3925 θαλάσσῃ
569 3854 639 3922 γῆ
671 3854 961 3926 διάτρητός
996 3857 1115 3910 ἐστι
1151 3857 1247 3910 καὶ
1279 3857 1573 3930 ὑπόνομος,
1596 3857 1786 3931 ὥσπερ

227 3942 365 4005 τινὰς
420 3943 624 4012 φλέϐας
680 3943 916 4014 ἔχουσα,
971 3945 1041 3999 δι’
1107 3938 1183 3998 ὧν
1237 3948 1304 4001 ἐκ
1350 3948 1450 4015 τῆς
1507 3947 1788 4018 θαλάσσης

228 4036 479 4109 δεχομένη
512 4039 581 4092 τὰ
611 4037 783 4092 ὕδατα
823 4042 924 4102 τὰς
955 4044 1138 4111 πηγὰς
1174 4040 1491 4097 ἀναδίδωσι.
1518 4041 1662 4110 Πρὸς
1693 4036 1788 4094 οὖν

230 4129 321 4197 τὴν
376 4131 634 4202 ποιότητα
684 4134 786 4201 τῆς
842 4133 948 4202 γῆς
1007 4131 1100 4186 καὶ
1145 4135 1208 4188 τὸ
1263 4133 1373 4188 τῶν
1407 4135 1599 4204 πηγῶν
1643 4132 1788 4204 ὕδωρ

231 4220 416 4278 ἄνεισι.
466 4222 625 4276 Κατὰ
671 4221 832 4276 τοῦτο
878 4223 972 4276 καὶ
1030 4222 1200 4278 ὕδατα
1249 4225 1486 4298 όξώὸηῆ
1530 4224 1788 4295 ἐλαιώδη.

230 4311 486 4380 τειρρώδη,
530 4312 624 4364 καὶ
688 4313 790 4366 ὅσα
841 4313 1107 4368 τοιαῦτα*
1162 4315 1232 4367 τὰ
1296 4316 1476 4369 πάντα
1521 4316 1630 4384 γὰρ
1687 4315 1790 4384 τῆς

231 4398 503 4469 ποιότητος
539 4400 751 4455 ἐκεῖθεν
788 4404 1107 4475 μετέχουσιν
1134 4404 1229 4475 ἀφ’
1257 4401 1325 4478 ἦς
1348 4406 1455 4477 γῆς
1475 4405 1787 4476 διέρχονται

1891 3220 2045 3276 aquae
2077 3203 2392 3265 fluviatiles,
2422 3204 2539 3273 ipsa
2574 3218 2665 3258 res
2699 3203 2882 3258 docet.
2943 3201 3080 3257 Nam
3128 3202 3187 3257 in
3235 3203 3479 3257 ﬂumini-

1890 3296 1996 3351 bus
2027 3294 2322 3350 admodum
2349 3303 2573 3348 onerata
2608 3294 2822 3364 navigia
2853 3294 2976 3349 vehi
3011 3300 3317 3364 nequeunt,
3349 3309 3475 3348 cum

1889 3403 1956 3443 ea
1989 3402 2135 3442 mare
2168 3387 2364 3442 leviter
2393 3386 2688 3441 admodum
2720 3396 2900 3458 gestet
2937 3365 3013 3440 ob
3048 3385 3359 3441 crassitiem
3400 3385 3479 3438 vi-

1891 3481 2095 3537 delicet
2125 3495 2305 3534 suam.

1963 3573 2169 3626 Practer
2196 3571 2312 3624 haec
2340 3571 2471 3626 ἰιΙιιιί
2498 3571 2664 3626 etiam
2695 3572 2793 3627 tibi
2830 3571 3116 3627 sciendum
3145 3580 3251 3635 est,
3279 3584 3477 3624 omnes

1890 3676 2083 3731 aquas,
2137 3661 2252 3716 sive
2298 3660 2552 3716 fontanas
2605 3662 2721 3717 sive
2756 3662 3023 3731 puteales,
3080 3676 3111 3715 e
3143 3661 3279 3715 mari
3320 3676 3475 3715 suam

1894 3754 2162 3825 originem
2218 3754 2447 3808 habere.
2509 3753 2646 3808 Nam
2701 3755 2881 3808 vicina
2936 3755 3073 3808 mari
3129 3765 3274 3808 terra
3333 3753 3479 3806 fora-

1893 3848 2105 3900 minosa
2133 3854 2242 3908 est,
2276 3839 2576 3915 multisque
2603 3845 2877 3901 cuniculis
2918 3846 3189 3909 abundat,
3221 3845 3316 3915 qui
3349 3854 3478 3900 sunt

1890 3936 1940 3990 ei
1973 3951 2237 3992 venarum
2267 3941 2464 4001 instar,
2497 3953 2595 4007 per
2622 3953 2760 4007 quas
2791 3954 2821 3993 e
2858 3938 2995 3994 mari
3031 3938 3271 4009 receptis
3312 3937 3478 4006 aquis

1891 4030 2128 4085 fontium
2183 4032 2554 4101 scaturigines
2627 4031 2850 4085 emittit.
2919 4031 3102 4097 Quare
3141 4046 3242 4102 pro
3293 4030 3480 4100 quali-

1895 4133 2006 4180 tate
2045 4125 2149 4181 soli
2185 4120 2353 4181 etiam
2384 4123 2627 4180 fontium
2666 4143 2806 4196 aqua
2844 4135 3157 4195 comparata
3189 4136 3293 4180 est.
3354 4125 3475 4190 Quo

1892 4218 1952 4272 fit
1984 4228 2046 4273 ut
2077 4234 2233 4288 aqua:
2254 4219 2507 4289 quaedam
2556 4223 2723 4285 aceti,
2781 4220 3030 4289 (tutandam
3061 4220 3191 4282 olei,
3226 4218 3477 4288 qumdam

1891 4310 2175 4365 cinereum
2229 4325 2483 4380 saporem
2528 4310 2778 4380 aliosque
2821 4312 2956 4365 tales
2997 4309 3259 4364 referant.
3331 4308 3466 4362 Nam

1893 4403 2012 4473 ejus
2036 4402 2140 4457 soli
2172 4403 2491 4472 qualitatem
2530 4404 2813 4473 accipiunt
2870 4403 3015 4471 quod
3071 4410 3361 4471 permeant
3420 4410 3479 4455 et

228 4505 282 4540 τε
337 4491 429 4544 καὶ
485 4492 824 4564 ἀνέρχονται.
863 4494 1020 4550 Οὕτω
1074 4499 1175 4567 μὲν
1212 4497 1309 4552 οὖν
1350 4500 1448 4552 καὶ
1489 4500 1559 4553 τὰ
1603 4497 1786 4569 Θερμὰ

1892 4497 1959 4552 de
1993 4512 2103 4567 quo
2138 4497 2436 4551 ebulliunt.
2468 4497 2559 4551 Sic
2581 4510 2736 4566 aquae
2758 4494 2972 4556 calidae,
3009 4492 3475 4565 quemadmodum

232 4578 391 4633 ὕδατα
438 4582 526 4637 διὰ
556 4584 839 4655 πυρώδους
880 4586 984 4657 γῆς
1024 4574 1380 4658 διερχ’όμενα,
1416 4590 1491 4651 ὡς
1541 4592 1569 4642 6
1613 4590 1790 4659 μέγας

230 4672 360 4742 φηςι
386 4672 745 4745 Βασίλειος,ῆ
784 4680 1270 4750 στενοχωρούμενοι
1313 4679 1410 4735 καὶ
1464 4680 1556 4751 βίᾳ
1589 4680 1794 4750 ῥηγνύ-

230 4776 383 4826 μενα,
405 4761 504 4829 τὴν
546 4760 696 4824 ζέσιν
728 4762 937 4817 ἐκεῖθεν
975 4764 1318 4834 ἐφέλκονται.
1351 4768 1416 4820 Δί
1462 4768 1649 4833 μέντοι
1686 4786 1788 4837 με·

226 4850 380 4915 τάλαι
418 4853 595 4921 πηγαὶ
628 4852 716 4906 διὰ
761 4854 919 4907 τοῦτο
962 4856 1057 4909 καὶ
1092 4855 1298 4922 μᾶλλον
1332 4857 1390 4909 ὲν
1418 4857 1573 4927 ὄρεσι
1604 4858 1790 4923 γίνον-

226 4955 327 5000 ται,
376 4941 458 4991 ὅτι
507 4940 670 5011 μέχρι
715 4942 811 4996 καὶ¹
864 4942 1033 5013 αὐτῆς
1081 4944 1185 5013 τῆς
1237 4944 1332 4997 τοῦ
1375 4944 1538 5013 ὅρους
1579 4947 1791 5015 γίνεται

225 5034 459 5103 κορυφῆς
499 5036 531 5103 ἡ
576 5034 688 5087 ἀπὸ
719 5034 811 5088 τοῦ
849 5034 1048 5104 βάθους
1078 5037 1211 5107 ὁλκὴ
1257 5039 1351 5092 καὶ
1401 5040 1789 5109 ἀναθυμίασις,

226 5125 315 5176 καὶ
340 5126 541 5194 μᾶλλον
560 5127 611 5178 εί
633 5129 918 5197 σομφῶδες
948 5127 1088 5203 τύχῃ
1109 5131 1170 5183 τὸ
1192 5130 1319 5201 ὅρος
1349 5129 1491 5186 εἶναι
1523 5142 1618 5188 καὶ
1651 5135 1792 5204 πρὸς

224 5216 317 5283 τὴν
342 5216 505 5288 ὁλκὴν
531 5219 857 5289 ἐπιτήδειον.
885 5216 1018 5275 Εἶτα
1065 5223 1373 5297 καταρρέον
1406 5223 1559 5279 ἐνθεν
1600 5227 1792 5280 κάκεῖ-

224 5303 309 5357 Θεν
346 5309 405 5361 τὸ
444 5310 610 5380 ὕδωρ,
644 5312 736 5363 καὶ
770 5309 828 5363 ἕν
872 5331 977 5365 τινι
1006 5314 1160 5385 τόπῳ
1186 5317 1521 5389 συῤῥεῦσαν,
1554 5319 1655 5391 τὴν
1683 5323 1789 5390 γῆν

222 5398 395 5451 ἐκεῖσε
453 5402 686 5470 ῥήγνυσι
743 5404 839 5457 καὶ
893 5404 1037 5459 οὕτω
1094 5408 1235 5475 μετὰ
1300 5408 1424 5480 βίας
1478 5412 1788 5483 ἐξέρχεται.

233 5488 470 5556 Ἀἐνναος
512 5492 568 5544 δὲ
622 5495 653 5563 η
690 5495 860 5565 πηγὴ,
888 5499 970 5549 ὅτι
1018 5499 1109 5551 καὶ
1143 5500 1399 5571 διηνεκὴς
1450 5503 1484 5573 ἡ
1538 5505 1648 5557 ἀπὸ
1695 5503 1788 5558 τοῦ

227 5580 407 5649 βάθους
457 5587 612 5656 παρὰ
645 5585 744 5639 τοῦ
781 5588 932 5657 ἡλίου
977 5591 1129 5661 ὁλκή.
1172 5595 1281 5648 Καὶ
1318 5597 1663 5668 μαρτυροῦσι
1710 5599 1790 5669 τῷ

223 5671 352 5746 λόγῳ
399 5680 469 5731 τὰ
526 5679 769 5749 μέγιστα
804 5680 916 5733 τῶν
968 5682 1135 5754 ὁρῶν,
1190 5687 1219 5740 ὅ
1279 5704 1339 5740 τε
1397 5689 1788 5755 Καύκασος,ιό

222 5765 551 5839 Παρνασσὸς,
599 5772 633 5842 ἡ
680 5769 928 5845 Πυρήνη,
961 5778 1051 5829 καὶ
1093 5779 1191 5833 ὃσα
1229 5778 1492 5834 τοιαῦτα·
1532 5784 1785 5853 μέγισπιι

1896 4590 2129 4645 Basilius
2157 4589 2248 4644 ille
2280 4605 2511 4660 magnus
2528 4592 2624 4654 ait,
2651 4591 2734 4645 vel
2760 4591 2977 4661 igneum
3001 4589 3273 4658 quoddam
3297 4587 3477 4640 solum

1896 4688 2276 4750 penetrantes,
2328 4681 2415 4735 vel
2468 4681 2522 4734 in
2571 4692 2750 4735 artum
2794 4695 3000 4750 pressa:
3051 4679 3211 4747 vique
3249 4676 3476 4737 collisae,

1898 4774 2170 4828 fervorem
2213 4773 2368 4828 illum
2400 4773 2709 4843 accipiunt.
2764 4772 2966 4827 Eadem
2993 4771 3061 4826 de
3094 4785 3257 4826 causa
3293 4770 3476 4839 magni

1896 4865 2077 4919 fontes
2114 4865 2436 4935 plerumque
2468 4865 2524 4919 in
2558 4866 2840 4921 montibus
2887 4865 3167 4927 oriuntur,
3212 4862 3357 4932 quod
3409 4864 3481 4916 ad

1897 4957 2072 5027 ipsius
2102 4958 2267 5011 etiam
2301 4959 2504 5012 montis
2535 4958 2798 5013 verticem
2833 4958 3089 5012 attractio
3121 4956 3369 5025 quaedam
3423 4964 3482 5009 et

1895 5050 2170 5106 exhalatio
2204 5050 2272 5105 de
2297 5050 2548 5120 partibus
2581 5051 2705 5106 imis
2740 5052 2833 5106 fiat
2867 5049 3196 5123 praesertim,
3242 5050 3287 5105 si
3320 5065 3482 5104 mons

1897 5159 2235 5199 cavernnsus
2268 5143 2410 5198 forte
2454 5146 2527 5199 sit
2569 5154 2624 5199 et
2663 5145 2729 5200 ad
2765 5146 2910 5202 hanc
2939 5143 3330 5199 attractionem
3363 5141 3482 5195 idu-

1897 5253 2059 5293 ueus.
2116 5238 2321 5293 Deinde
2348 5238 2451 5293 hac
2479 5248 2536 5292 et
2568 5239 2695 5294 illac
2726 5240 3028 5294 demanaus
3062 5254 3227 5308 aqua,
3258 5246 3315 5294 et
3344 5253 3481 5308 quo-

1896 5328 2022 5383 dam
2054 5328 2105 5395 in
2148 5328 2269 5383 loco
2303 5328 2612 5393 continens.
2656 5340 2857 5387 terram
2896 5332 3023 5387 istic
3061 5330 3372 5401 perrumpit
3416 5343 3479 5383 ac

1896 5421 1948 5475 vi
1978 5421 2110 5475 exit.
2152 5421 2217 5475 Et
2246 5437 2522 5490 perennes
2553 5433 2685 5478 sunt
2719 5425 2771 5479 hi
2793 5420 3006 5491 fontes,
3043 5423 3172 5494 quia
3208 5431 3479 5493 perpetuo

1898 5512 1958 5567 fit
1989 5513 2059 5567 ab
2096 5513 2207 5567 imo
2236 5514 2370 5568 solis
2400 5516 2680 5571 attractio.
2732 5516 2941 5573 Verum
2978 5516 3086 5572 hoc
3116 5531 3238 5571 esse
3264 5522 3479 5568 montes

1895 5604 2056 5672 longe
2090 5603 2311 5657 maximi
2356 5615 2654 5671 testantur,
2700 5608 2960 5664 nimirum
2998 5606 3299 5669 Caucasus,
3347 5603 3478 5655 Par-

1897 5711 2111 5760 nassus,
2141 5697 2376 5767 Pyrene.
2410 5699 2630 5760 cmtcri;
2665 5717 2789 5753 nant
2824 5715 2886 5754 ex
2923 5701 3005 5754 cis
3043 5714 3231 5752 amnes
3256 5695 3480 5764 amplis-

1897 5788 2021 5844 simi
2062 5800 2411 5857 promanant,
2460 5794 2525 5846 de
2571 5792 2782 5859 magnis
2809 5793 2915 5846 orti
2949 5790 3212 5845 fontibus.
3250 5788 3307 5842 IS.
3344 5786 3474 5851 quid
