4008 6432
197 368 258 431 57
1479 361 1889 423 ANNALIUM
1927 362 2123 420 PARS
2167 354 2216 419 1-

3405 354 3476 416 ιδ

196 481 413 551 οερμῶν
449 482 656 537 ὑδάτων
681 497 696 514 ο
733 480 846 554 πῦρ
880 481 990 554 γάρ
1019 480 1115 536 καὶ
1151 480 1303 551 ὕδωρ
1351 482 1409 536 ὲν
1453 481 1532 552 τῷ
1564 481 1784 551 ούρανῴ

1895 475 2124 531 antistes
2150 475 2239 544 (ex
2276 471 2527 528 oratione
2557 471 2737 530 sancti
2779 470 2880 526 viri
2920 470 3096 526 I’ionii
3128 471 3368 541 sumpta)
3410 470 3481 526 de

194 568 326 627 εἶναι
359 574 530 643 λέγει,
556 572 822 640 ὡσαύτως
849 578 944 631 καὶ
972 575 1237 630 ὑποκάτω
1270 576 1369 646 τῆς
1403 574 1505 644 γῆς
1539 572 1651 646 πῦρ
1684 573 1777 627 καὶ

195 664 357 736 ὕδωρ,
386 665 483 736 ἀφ’
533 659 610 723 ὧν
647 666 842 738 ὥσπερ
885 669 1123 738 σίφωνες
1169 667 1594 739 ἀναπέμπονται
1640 665 1778 736 πρὸς

192 760 466 829 ἡμετέραν
516 759 661 832 ζωὴν
715 760 777 814 αἱ
832 760 1031 830 πηγαί.
1080 759 1139 815 '0
1183 761 1370 831 μέντοι
1410 759 1778 831 Δαμασκηνὸς

202 846 459 917 Ἰωάννης
517 850 648 919 περὶ
689 848 786 904 τοῦ
857 849 1120 904 Ὠκεανοῦ
1178 866 1345 922 φησιν
1398 850 1481 903 ὃτι
1532 850 1632 919 τὴν
1678 850 1779 918 γῆν

190 938 415 995 ἃπασαν
440 937 530 998 οἷά
560 960 643 1006 τις
682 943 874 997 κυκλοί
917 945 1167 1015 ποταμός
1189 959 1203 973 ⁸
1244 945 1376 1016 περὶ
1408 935 1471 998 οὗ
1498 938 1779 1015 εἰρηκέναι

192 1047 282 1099 μοι
305 1032 456 1087 δοκεῖ
481 1036 516 1106 ἠ
542 1036 764 1110 Γραφὴ,
792 1038 876 1092 ὅτι
906 1039 1154 1109 ποταμὸς
1195 1018 1565 1109 ὲδὶπορεύεται
1591 1039 1656 1091 ἐκ
1683 1037 1777 1091 τοῦ

193 1121 552 1190 παραδείσου,
589 1124 821 1194 πότιμον
867 1127 963 1180 καὶ
1012 1128 1189 1195 γλυκὺ
1222 1127 1365 1198 ὕδωρ
1410 1128 1572 1199 ἔχων.
1608 1122 1779 1193 Οὗτος

193 1213 267 1276 εἰς
297 1212 577 1284 τέσσαρας
619 1217 818 1289 ἀρχὰς,
852 1219 1134 1273 τουτέστιν
1164 1222 1248 1284 είς
1297 1222 1576 1292 τέσσαρας
1607 1239 1778 1276 ποτα-

200 1304 328 1375 μοὺς
380 1307 697 1379 διαιρεῖται.
736 1310 795 1365 El
833 1312 889 1366 δὲ
928 1316 1021 1366 καὶ
1052 1313 1151 1383 τὴν
1184 1313 1364 1368 αίτίαν
1397 1314 1681 1385 ἐπιζητεῖς
1710 1315 1779 1368 δι’

196 1399 258 1462 ἦν
298 1397 367 1450 τά
417 1402 830 1471 προσγενόμενα
886 1405 1017 1474 ἡμῖν
1058 1404 1375 1474 ὀμὸριμαῖα
1424 1403 1594 1458 ὕδατα
1635 1404 1779 1458 κατὰ

195 1489 450 1546 τοσοῦτον
481 1492 739 1563 σήπεται,
774 1497 868 1548 καὶ
914 1497 1089 1551 ταῦτα
1132 1497 1229 1553 τοῦ
1262 1497 1418 1568 ἡλίου
1464 1496 1781 1568 διηθοῦντος

195 1587 253 1634 τὸ
283 1583 613 1639 λεπτότατον
664 1586 756 1641 Scal
787 1588 1108 1657 ἀνάγοντος,
1147 1590 1258 1643 ίδοὺ
1305 1591 1400 1644 καὶ
1445 1588 1655 1662 ταύτην
1697 1606 1781 1644 σοι

202 1677 582 1749 προστίθεμεν.
618 1682 1071 1753 Πολυμιγεστάτη
1115 1684 1224 1737 τῶν
1255 1683 1467 1737 ὑδάτων
1507 1683 1717 1738 τούτων
1747 1684 1779 1753 ἠ

200 1767 358 1830 φύσις
410 1769 559 1822 ἐστίν
582 1790 596 1802 ο
647 1775 712 1825 ἐκ
764 1775 982 1827 πάντων
1015 1775 1127 1844 γὰρ
1152 1773 1262 1826 τῶν
1293 1774 1477 1843 ὑγρῶν
1521 1774 1719 1842 ἀνάγει
1754 1774 1782 1825 6

1890 568 2089 624 calidis
2134 569 2295 637 aquis
2336 577 2611 622 recenset.
2667 567 2759 623 Ait
2799 566 2847 622 is
2880 567 3059 637 ignem
3099 558 3388 635 et'aquam
3423 567 3481 620 in

1888 662 2031 718 cmlo
2054 676 2202 718 esse.
2268 660 2646 716 Consimiliter
2693 667 2753 715 et
2793 660 2897 715 sub
2951 670 3097 714 terra
3142 670 3251 714 tam
3295 659 3478 730 ignem

1889 768 2055 825 quam
2082 768 2279 824 aquam
2318 754 2563 808 abditam
2594 767 2738 817 esse,
2767 753 2836 807 de
2863 751 3066 823 quibus
3106 752 3291 807 fontes
3323 751 3481 821 quasi

1889 844 2157 915 siphones
2183 843 2409 913 quidam
2441 842 2507 897 ad
2541 856 2704 897 usum
2735 841 2860 895 vitae
2891 850 3095 896 nostrae
3145 840 3479 909 scaturiant.

1887 936 2130 993 Joannes
2163 951 2297 992 vero
2332 936 2705 991 Damascenus
2754 933 3033 990 Oceanum
3067 934 3253 988 innuit
3300 930 3483 986 numi-

1889 1030 1978 1085 nis
1996 1029 2285 1102 cujusdam
2311 1029 2486 1085 instar
2510 1038 2716 1083 terram
2748 1028 3064 1083 universam
3091 1024 3480 1091 circumdare;

1890 1122 1961 1179 de
1994 1140 2106 1194 quo
2140 1124 2278 1181 mihi
2300 1124 2467 1179 etiam
2502 1121 2726 1178 Litterae
2755 1135 2927 1176 sacrae
2953 1119 3104 1188 loqui
3138 1117 3480 1183 videntur”,

1892 1230 2018 1272 eum
2055 1231 2275 1272 amnem
2311 1216 2380 1271 de
2407 1214 2664 1286 paradiso
2695 1213 2848 1268 exire
2877 1212 3124 1277 tradunt,
3157 1210 3250 1281 qui
3284 1226 3484 1280 aquam

1891 1307 2110 1364 dulcem
2137 1323 2202 1363 ac
2233 1306 2534 1377 potabilem
2572 1306 2797 1368 habeat,
2829 1319 3072 1374 eumque
3117 1303 3318 1358 deinde
3350 1318 3486 1372 quas

1892 1411 2019 1456 tuor
2052 1402 2105 1454 in
2137 1400 2432 1471 principia,
2471 1400 2577 1453 hoc
2621 1408 2707 1453 est
2746 1408 2985 1468 quatuor
3027 1396 3228 1450 ﬂuvios
3286 1396 3483 1450 dividi.

1890 1491 2100 1558 Quodsi
2141 1493 2310 1546 etiam
2362 1492 2506 1546 seire
2555 1493 2714 1559 cupis
2761 1505 2927 1560 quam
2964 1490 3035 1545 ob
3071 1504 3292 1544 causam
3328 1504 3487 1558 aquae

1891 1585 2110 1657 pluviae,
2132 1595 2484 1655 posteaquam
2505 1584 2571 1638 ad
2603 1600 2704 1639 nos
2736 1584 2976 1652 delapsre
3006 1592 3156 1646 sunt,
3195 1590 3485 1650 tantOpere

1892 1687 2326 1749 corrumpantur
2355 1695 2418 1733 ac
2447 1684 2790 1748 putrescant,
2825 1676 2940 1732 sole
2974 1676 3119 1745 quod
3166 1676 3219 1728 in
3262 1691 3325 1729 ea
3357 1675 3489 1730 sub-

1895 1771 2210 1825 tilissimum
2264 1777 2351 1825 est
2408 1769 2725 1839 percolante
2755 1784 2820 1823 ac
2873 1784 3091 1822 sursum
3143 1769 3483 1832 attrahdnte,

197 1860 364 1927 ἥλιος.
403 1859 462 1912 'll
492 1865 674 1915 τοίνυν
705 1865 989 1934 ἀνωμαλία
1017 1866 1324 1935 εὐκίνητος,
1352 1870 1447 1920 καὶ
1482 1868 1620 1938 πρός
1652 1886 1779 1921 τικα

1895 1868 2124 1922 libenter
2154 1880 2275 1920 eam
2307 1879 2530 1935 quoque
2577 1864 2678 1918 tibi
2724 1864 3109 1934 subjicienius.
3168 1863 3263 1916 Est
3289 1863 3485 1916 harum

200 1952 401 2022 ςθοράν
425 1952 620 2010 θᾶττον
651 1958 771 2028 ὁρᾷ.
817 1958 938 2011 Ἔτι
986 1975 1050 2026 γε
1103 1960 1210 2028 μὴν
1241 1960 1300 2012 τὸ
1338 1959 1648 2030 βαρύτατον
1680 1959 1779 2015 τοῦ

199 2049 521 2117 ἀναχθέντος
547 2048 705 2113 αὖθις
733 2056 1055 2119 κατάγεται,
1092 2053 1216 2104 ἐπεὶ
1252 2052 1312 2105 τὸ
1352 2052 1493 2122 βαρὺ
1548 2052 1684 2122 πρὸς
1724 2052 1784 2107 τὸ

204 2141 461 2204 κάταντες
509 2144 671 2197 εἴωθε
725 2145 1036 2214 φέρεσθαιο
1090 2146 1150 2199 τὸ
1193 2145 1251 2200 δὲ
1303 2145 1637 2200 λεπτότατον
1686 2147 1786 2215 τῆς
1826 2182 1835 2191 ι

202 2233 611 2304 ἀναθυμιάσεως
655 2236 964 2306 πνεύματος
1008 2234 1170 2305 φύσις
1198 2236 1441 2304 ἐγένετο.
1467 2237 1579 2290 Καὶ
1610 2237 1788 2290 ταῦτα

211 2325 303 2394 μὲν
330 2328 407 2391 είς
434 2328 714 2382 τοσοῦτον.

1891 1969 2092 2015 natura
2122 1959 2269 2014 inter
2297 1974 2471 2028 aquas
2501 1966 2734 2013 caeteras
2764 1956 2999 2012 maxime
3031 1955 3217 2009 mista.
3268 1953 3485 2024 Quippe

1891 2055 1974 2111 sol
2025 2069 2090 2110 ex
2149 2054 2439 2124 quibusvis
2486 2052 2657 2108 rebus
2707 2051 2953 2106 bumidis
2999 2049 3209 2120 aliquid
3263 2063 3484 2102 sursum

1892 2147 2147 2202 attrahit.
2200 2148 2328 2203 llaec
2358 2147 2528 2218 igitur
2550 2146 2902 2215 inaequalitas
2930 2146 3149 2200 mobilis
3176 2142 3479 2198 admodum

1893 2249 1978 2292 est
2007 2249 2063 2293 et
2100 2239 2168 2293 ad
2198 2240 2616 2309 corruptionem
2652 2238 2907 2293 celeriter
2931 2245 3166 2307 spectat.
3217 2236 3486 2290 Praeterea

1896 2334 2291 2390 subvectorum
2320 2349 2353 2387 a
2388 2333 2507 2390 sole
2538 2332 2596 2388 in
2628 2347 2758 2389 aera
2788 2333 3083 2388 bumorum
3119 2346 3245 2401 pars
3273 2331 3487 2400 gravis-

209 2421 339 2477 sima
369 2426 829 2497 crassissimaque
858 2436 1059 2483 rursus
1100 2428 1363 2483 deorsum
1428 2428 1641 2495 fertur,
1691 2445 1819 2484 cum
1859 2428 1937 2485 ita
1988 2441 2324 2501 comparatae
2371 2430 2485 2486 sint
2529 2445 2621 2487 res
2664 2444 2861 2501 graves
2900 2437 2964 2484 ut
3034 2428 3294 2483 deorsum
3349 2427 3484 2482 ferri

212 2517 447 2573 soleant:
488 2520 595 2591 18
650 2520 872 2576 interim
903 2536 1034 2592 pars
1092 2524 1506 2580 exhalationum
1534 2524 1860 2581 tenuissima
1894 2535 2190 2582 ventorum
2226 2527 2282 2581 in
2315 2535 2575 2582 naturam
2611 2526 2978 2583 convertitur.
3022 2526 3100 2580 Ac
3130 2524 3202 2579 de
3250 2524 3338 2580 his
3368 2524 3492 2595 qni-

212 2614 320 2667 dem
359 2615 628 2670 hactenus
651 2614 859 2670 dictum
886 2627 1029 2672 esto.

682 2710 919 2766 ΗΜΕΡΑ
958 2710 1307 2769 ΤΕΤΑΡΤΗ.

272 2801 346 2872 τῇ
379 2802 435 2855 δὲ
484 2802 716 2875 τετάρτῃ
748 2803 931 2876 ἡμέρα
960 2808 1089 2871 τοὺς
1125 2808 1422 2879 φωστῆρας
1454 2809 1698 2882 ποιήσας
1724 2811 1785 2863 ἐν

208 2892 349 2965 αὖτῷ
390 2894 465 2964 τῷ
518 2895 858 2969 στερεώματι
900 2899 1073 2955 ἔθετο.
1124 2902 1429 2974 Φωστῆρας
1471 2902 1529 2957 δὲ
1569 2902 1788 2958 ἀκούων

212 2989 368 3058 μηδὲν
397 2990 580 3061 ἕτερον
619 2990 652 3064 ἢ
683 2991 961 3062 φωτοδόχα
996 2994 1225 3060 τούτους
1271 2997 1475 3065 ἀγγεῖα
1518 2993 1661 3052 εἶναι
1703 2997 1790 3051 νό-

212 3079 352 3149 μιζε.
382 3081 453 3134 Τδ
501 3082 609 3154 γὰρ
650 3083 767 3153 φῶς
815 3086 989 3140 ἐκεῖνο
1030 3086 1092 3141 τὸ
1142 3088 1285 3142 κατά
1327 3104 1392 3158 γε
1418 3088 1519 3160 τὴν
1555 3090 1785 3162 πρώτην

210 3174 416 3242 ἡμέραν
452 3175 731 3246 παραχῡὲν
760 3176 942 3231 λαϐὼν
962 3180 991 3231 6
1016 3179 1173 3244 Θεὸς,
1208 3182 1303 3234 καὶ
1332 3180 1622 3251 διανείμας
1651 3180 1785 3234 αὐτὸ

212 3270 316 3329 τοῖς
384 3272 663 3342 φωστῆρσι
719 3273 906 3334 πᾶσιν,
963 3273 1010 3324 εί
1071 3275 1167 3326 καὶ
1222 3272 1301 3342 τῷ
1364 3275 1785 3345 χρυσορῤήμονι

2436 2716 2592 2771 mas
2629 2716 2937 2785 omnm.

1968 2808 2064 2865 Die
2100 2816 2298 2880 Quarta
2349 2809 2496 2864 Dens
2545 2807 2842 2862 luminaria
2887 2816 3076 2862 creata
3136 2805 3487 2860 ﬁrmamento

1897 2905 2155 2960 inseruit.
2214 2904 2354 2958 Cum
2416 2910 2604 2956 autem
2651 2900 2921 2971 appellari
2965 2898 3126 2953 audis
3164 2898 3486 2963 luminaria,

1894 2996 2035 3052 nihil
2066 2994 2217 3051 aliud
2243 2993 2515 3065 cogitabis
2537 3006 2850 3063 quant_esse
2884 2992 2973 3045 illa
3002 2988 3158 3060 quasi
3187 3006 3311 3044 vasa
3335 3006 3487 3061 qure—

1896 3091 2023 3145 dam
2057 3098 2114 3145 et.
2144 3088 2494 3158 receptacula
2523 3087 2689 3143 lucis.
2724 3085 2945 3140 Etenim
2970 3092 3191 3154 sumpto
3219 3083 3364 3137 Deus
3394 3082 3488 3137 illo

1895 3184 2106 3239 lumine
2139 3183 2284 3253 quod
2317 3180 2407 3236 die
2435 3181 2615 3251 primo
2638 3177 2987 3251 condiderat,
3018 3188 3073 3232 et
3107 3177 3162 3229 in
3187 3175 3372 3230 omnia
3404 3175 3489 3228 lu-

1895 3273 2129 3329 minaria
2157 3266 2484 3337 ‘distributo,
2536 3286 2850 3341 quanquam
2901 3270 3047 3325 aliud
3081 3268 3183 3324 hac
3230 3271 3287 3326 in
3334 3280 3490 3342 parte

224 3360 431 3434 Ἰωάννῃ
475 3363 541 3415 τά
583 3364 712 3435 περὶ
754 3366 961 3419 τούτων
1009 3366 1107 3436 οὐχ
1146 3366 1293 3449 οὕτω
1329 3368 1496 3433 δοκεῖ,
1531 3368 1786 3438 καθάπερ

1895 3368 2288 3440 Chrysostomo
2322 3366 2523 3437 placet,
2560 3366 2717 3436 quasi
2746 3364 3017 3435 quasdam
3058 3363 3115 3418 in
3145 3365 3402 3420 lucernas
3431 3364 3485 3418 id

210 3453 420 3524 λύχνοις
448 3458 702 3528 ἐνέθηκεν
733 3457 875 3511 ὥστε
907 3460 1123 3528 φαίνειν
1157 3462 1385 3531 ὲπὶ’τῆς
1411 3461 1539 3531 γῆς.
1591 3461 1651 3513 '0
1676 3462 1787 3532 γὰρ

214 3545 346 3612 θετος
384 3543 533 3615 οὗτος
564 3552 705 3622 ἀνὴρ
733 3552 792 3602 ὲν
823 3550 902 3623 τῷ
936 3555 1013 3615 είς
1036 3552 1138 3623 τὴν
1168 3549 1510 3625 Ἓξαήμερον
1553 3553 1789 3624 πέμπτῳ

216 3639 347 3711 λόγῳ
375 3642 535 3709 αὐτοῦ
574 3645 811 3699 τοιαῖσδε
858 3646 991 3718 περὶ
1035 3646 1229 3700 τούτου
1263 3648 1532 3718 κέχρηται
1588 3647 1790 3701 συλλα-

217 3732 329 3798 ϐαῖς
363 3756 378 3785 ι
410 3731 564 3801 Εἶδες
609 3738 803 3808 σοφίαν
849 3737 941 3793 τοῦ
991 3738 1363 3811 Δημιουργοῦ.
1416 3734 1551 3794 Elite
1605 3740 1788 3811 μόνον,

217 3832 306 3883 καὶ
343 3832 595 3904 παρήχθη
638 3832 701 3886 τὸ
749 3836 1015 3906 στοιχεῖον
1065 3831 1226 3887 τοῦτο
1275 3833 1337 3887 τὸ
1394 3833 1735 3904 θαυμαστὸν,
1763 3835 1791 3886 6

217 3919 352 3988 ἥλιος
383 3921 545 3988 λέγω.
574 3921 782 3976 Τοῦτον
819 3923 929 3994 γάρ
971 3922 1128 3977 καὶεί
1170 3925 1441 3994 φωστῆρα
1472 3923 1667 3993 μέγαν,
1696 3923 1791 3976 καὶ

220 4014 371 4082 φησὶν
416 4014 575 4069 αὐτὸν
627 4016 707 4079 εἰς
762 4016 939 4087 ἀρχὰς
990 4016 1090 4085 τῆς
1149 4017 1363 4088 ἡμέρας
1412 4015 1789 4085 γεγενῆσθαι·

223 4104 363 4171 οὗτος
408 4108 517 4176 γάρ
568 4109 932 4181 φαιδρυτὲραν
973 4112 1072 4181 τὴν
1117 4111 1337 4181 ἡμέραν
1382 4110 1787 4180 ἀπεργάζεται.

220 4201 310 4252 Δία
348 4199 503 4254 τοῦτο
549 4203 641 4257 καὶ
692 4205 757 4275 τῇ
817 4203 1052 4275 τετάρτῃ
1108 4203 1271 4258 αὐτὸν
1327 4203 1787 4275 ἐδημιούργησεν,

220 4291 298 4344 ἵνα
322 4294 394 4363 μὴ
415 4295 644 4367 νομίσῃς
682 4297 874 4349 τοῦτον
903 4296 1168 4368 συνιστᾷν
1200 4297 1298 4368 τὴν
1344 4298 1585 4369 ἡμέραν.
1631 4297 1787 4366 Ἐγέ-

220 4401 357 4438 νοντο
415 4389 511 4457 μὲν
568 4389 674 4459 γάρ
728 4391 879 4459 τρεῖς
924 4389 1148 4459 ἡμέραι,
1180 4390 1236 4443 αἱ
1284 4393 1393 4463 πρὸ
1441 4389 1543 4460 τῆς
1599 4389 1791 4443 τούτου

220 4477 582 4551 δημιουργίας,
612 4480 883 4552 ἐϐουλήθη
906 4482 963 4534 δὲ
992 4484 1019 4536 ὁ
1053 4484 1333 4551 Δεσπότης
1362 4483 1454 4535 καὶ
1480 4483 1568 4536 διὰ
1598 4482 1791 4536 τούτου

220 4572 559 4643 φαιδρότερον
616 4573 677 4627 τὸ
735 4574 851 4643 φῶς
906 4576 1002 4645 τῆς
1057 4576 1272 4646 ἡμέρας
1329 4576 1697 4646 ἐργάσαςθαι.
1765 4594 1784 4628 ι

222 4665 471 4735 ΙΙρόσεχε,
501 4669 772 4739 ἀγαπητέ.
804 4669 965 4721 Δοκεί
1010 4669 1119 4739 γὰρ
1161 4667 1398 4722 ἐνταῦθα
1438 4669 1467 4721 6
1513 4668 1793 4732 θειότατος

1895 3462 2213 3529 collocavit,
2248 3472 2308 3516 ut
2337 3470 2543 3536 terram
2573 3475 2673 3515 sna
2703 3459 2830 3514 luce
2866 3458 3281 3514 collustrarent.
3313 3455 3491 3529 Chry-

1896 3564 2180 3611 sostomus
2211 3562 2423 3621 autem,
2463 3552 2552 3607 vir
2582 3551 2726 3607 haud
2759 3551 2927 3607 dubie
2977 3551 3228 3614 divinus,
3277 3550 3332 3605 in
3362 3566 3491 3605 ora.

1895 3646 2046 3702 tione
2069 3646 2137 3702 de
2166 3663 2257 3702 sex
2287 3646 2504 3700 dierum
2535 3645 2799 3715 Operibus
2817 3646 3034 3715 quinta,
3068 3645 3146 3699 sic
3166 3644 3235 3697 ad
3254 3626 3489 3699 verbum

1894 3740 1999 3795 hac
2056 3738 2121 3794 de
2171 3754 2233 3793 re
2281 3737 2588 3793 disseruit:
2637 3737 2804 3792 Vides
2850 3735 3181 3806 sapientiam
3225 3734 3487 3802 Opitlcis;

1895 3832 2088 3888 saltem
2117 3831 2349 3888 verbum
2387 3830 2639 3887 elocutus
2678 3839 2781 3895 est,
2833 3838 2890 3884 et
2939 3829 3323 3884 admirandum
3384 3829 3493 3884 hoc

1895 3932 2256 3992 elementum,
2286 3923 2545 3979 videlicet
2578 3922 2682 3991 sol,
2718 3923 2772 3977 in
2802 3931 2987 3977 ortum
3018 3921 3325 3991 productus
3346 3920 3487 3978 'l‘uit.

1895 4018 2036 4073 Nam
2069 4017 2222 4072 illum
2261 4017 2435 4070 Moses
2483 4013 3075 4084 luminare‘magnum
3126 4013 3384 4083 appellat,
3435 4022 3497 4069 et

1899 4112 1970 4167 ad
2023 4111 2135 4166 diei
2181 4109 2623 4164 moderationem
2677 4107 2882 4163 factum
2936 4106 3033 4162 ait.
3096 4105 3310 4177 Quippe
3342 4107 3491 4163 diem

1897 4206 1943 4260 is
1973 4202 2349 4276 pulchriorem
2383 4211 2440 4258 et
2465 4201 2858 4274 iucundiorem
2892 4199 3054 4255 nobis
3102 4198 3295 4255 efficit.
3360 4200 3497 4268 Qua:

1898 4295 2014 4365 ipsa
2046 4307 2213 4349 causa
2269 4302 2353 4347 est
2387 4292 2753 4362 quamobrem
2796 4291 2942 4347 Deus
2987 4306 3115 4346 eum
3158 4292 3246 4346 die
3293 4302 3492 4362 quarto

1899 4385 2238 4452 condiderit,
2271 4400 2341 4440 ne
2373 4385 2589 4441 scilicet
2622 4385 2973 4440 existimares
3012 4384 3183 4440 solem
3245 4384 3356 4440 diei
3394 4401 3494 4439 au-

1896 4489 2104 4535 ctorem
2135 4494 2281 4535 esse.
2311 4479 2436 4534 Tati
2464 4477 2726 4533 nimirum
2755 4477 2875 4533 dies
2911 4486 3024 4532 tres
3040 4478 3379 4532 creationem
3404 4493 3493 4533 so-

1896 4574 1969 4629 lis
1999 4579 2441 4628 antecesserunt.
2499 4571 2631 4626 Ideo
2662 4568 2886 4640 putabis
2917 4568 3159 4624 voluisse
3186 4569 3360 4623 Deum
3392 4583 3494 4638 per

1898 4666 2004 4721 hoc
2033 4664 2375 4721 elementum
2405 4664 2516 4720 diei
2556 4664 2740 4719 lucem
2784 4663 3066 4733 aliquanto
3103 4660 3489 4733 jucundiorem

229 4755 467 4828 Ἰωάννης
495 4758 623 4812 ἄλλο
645 4761 825 4828 λέγειν
850 4756 993 4822 εἶναι
1020 4762 1135 4830 φῶς
1165 4762 1224 4813 τὸ
1259 4764 1401 4816 κατὰ
1428 4761 1527 4835 τὴν
1558 4762 1785 4833 πρώτην

1895 4759 2055 4815 nobis
2085 4760 2341 4815 reddere.
2409 4757 2626 4826 Quibus
2689 4756 2743 4811 in
2798 4754 2986 4809 verbis
3034 4752 3487 4808 animadvertere

220 4849 419 4919 ἡμέραν
447 4851 747 4924 παραχῡὲν,
779 4855 873 4907 καὶ
904 4853 1089 4926 ἕτερον
1121 4855 1184 4909 τὸ
1206 4858 1345 4911 κατὰ
1370 4856 1470 4929 τὴν
1500 4860 1792 4931 τετάρτην,

218 4942 385 5014 πολλῴ
421 4943 515 4996 τοῦ
549 4947 819 5016 προτέρου
873 4946 1287 5020 λαμπρότερον.
1338 4949 1482 5003 Ἀλλ’
1531 4953 1559 5004 6
1615 4951 1791 5022 μέγας

221 5035 487 5101 Βασίλειος
518 5039 575 5091 ἐν
626 5038 703 5110 τῷ
734 5042 863 5110 περὶ
889 5044 1195 5115 φωστὴρων
1228 5030 1374 5116 ἕκτῳ
1421 5046 1566 5118 λόγῳ
1599 5046 1789 5113 αὐτοῦ,

222 5129 298 5183 ἶνα
329 5131 402 5205 μὴ
434 5131 582 5202 λέγω
605 5134 729 5197 τοὺς
762 5134 957 5200 ἄλλους
991 5136 1174 5201 ὁσίους
1213 5137 1488 5209 Πατάροις,
1521 5139 1793 5208 σαφέστε-

222 5242 303 5293 ρον
322 5226 408 5280 τὸν
438 5227 566 5297 περὶ
596 5227 783 5281 τούτου
812 5227 967 5298 λόγον
997 5233 1162 5296 ποιεῖ,
1185 5230 1278 5284 καί
1316 5248 1482 5304 φησιν
1504 5246 1518 5262 ·
1560 5252 1578 5284 ι
1602 5232 1663 5284 El
1697 5234 1792 5285 καὶ

218 5318 524 5391 προελήφθη
555 5317 652 5373 τοῦ
693 5321 873 5390 φωτὸς
905 5322 938 5391 ὴ
968 5321 1206 5390 γένεσις.
1232 5323 1347 5386 πῶς
1381 5325 1408 5376 ὁ
1440 5322 1593 5395 ἥλιος
1626 5323 1789 5377 πάλιν

218 5411 285 5472 εἰς
324 5412 528 5481 ςαῦσιν
566 5411 784 5482 λέγεται
827 5414 1113 5483 γεγονέναι
1145 5433 1159 5481 ;
1200 5417 1334 5469 Τότε
1373 5417 1473 5486 μὲν
1522 5412 1615 5471 οὖν
1648 5416 1788 5489 αὑτὴ

220 5504 296 5558 τοῦ
347 5504 531 5575 φωτὸς
580 5506 614 5577 η
661 5506 825 5574 φύσις
878 5508 1161 5579 παρήχθη,
1193 5509 1287 5561 νῦν
1326 5509 1382 5563 δὲ
1440 5510 1500 5563 τὸ
1560 5510 1787 5581 ἡλιακδν

276 5658 313 5689 ¹⁹
341 5657 479 5712 Gen.
518 5672 577 5721 ll,
611 5656 699 5709 l0.

1896 4867 1949 4912 te
1982 4854 2106 4909 volo
2136 4853 2316 4909 videri
2351 4851 2622 4908 Joannem
2656 4852 2805 4906 hunc
2826 4856 3078 4905 nostrum
3109 4848 3272 4902 aliam
3302 4846 3491 4903 dicere

1864 4950 2101 5027 ilnccm,
2170 4963 2295 5020 quae
2351 4945 2442 5003 die
2509 4947 2690 5019 primo
2720 4944 2889 5001 fuerit
2922 4943 3167 5011 condita,
3225 4952 3282 4999 et
3325 4943 3491 4998 aliam
3590 5020 3597 5023 _

1896 5059 2020 5114 quae
2048 5044 2142 5098 die
2173 5048 2396 5113 quarto,
2432 5040 2592 5112 longe
2629 5040 2803 5112 priori
2839 5038 3308 5111 splendidiorem.
3342 5038 3494 5093 Basi-

1902 5138 2016 5193 lius
2041 5145 2229 5192 autem
2261 5151 2518 5207 magnus,
2556 5133 2611 5188 in
2646 5134 2897 5190 oratione
2927 5141 3081 5189 sexta
3115 5133 3182 5188 de
3207 5132 3496 5188 luminari-

1900 5232 2024 5299 bus,
2053 5247 2122 5286 ne
2149 5230 2393 5299 reliquos
2411 5227 2793 5284 sanctissimos
2815 5226 3009 5283 Patres
3034 5242 3494 5287 commemorem,

1899 5323 2205 5382 dilucidius
2235 5323 2341 5378 hac
2379 5322 2448 5378 de
2476 5339 2537 5378 re
2575 5322 2760 5377 verbis
2796 5321 2948 5378 hisce
2979 5322 3203 5376 disserit
3244 5341 3258 5377 :
3293 5320 3349 5376 Si
3376 5320 3489 5391 jam

1900 5430 2029 5474 ante
2061 5418 2200 5474 lucis
2236 5425 2394 5474 ortus
2428 5425 2812 5488 praecesserat,
2842 5430 2954 5486 quo
3007 5426 3167 5486 pacto
3219 5417 3277 5468 tit
3311 5424 3372 5467 ut
3405 5411 3487 5466 sol

1900 5526 2125 5567 rursum
2156 5510 2376 5566 dicatur
2403 5510 2468 5564 ad
2498 5508 2794 5565 luccndum
2824 5509 2999 5564 lactus
3025 5509 3186 5563 esse?
3220 5505 3490 5561 Nimirum

210 5796 372 5849 quave
435 5787 601 5834 atate
674 5776 927 5853 lloruerit
976 5782 1247 5839 Patricius
1310 5783 1400 5838 ille
1431 5781 1752 5840 Prusaensis
1790 5783 2109 5853 episcopus,
2145 5781 2202 5839 S.
2261 5781 2444 5842 Pionii
2503 5779 2850 5838 celeberrimi
2898 5773 3155 5844 martyris
3211 5772 3489 5828 encomia-

217 5865 328 5915 ales,
361 5868 525 5907 nemo
562 5866 649 5906 inc
684 5851 950 5908 hactenus
975 5853 1184 5908 docuit.
