4008 6436
531 376 599 438 5.9
1813 363 2232 428 MICHAEHS
2274 369 2532 429 GLYCR
3700 372 3770 441 ω

527 491 705 556 primo
749 483 968 554 quidem
1005 482 1094 537 die
1127 482 1264 536 lucis
1289 481 1404 550 ipsa
1451 488 1644 535 natura
1700 479 1804 534 fuit
1855 483 2095 539 condita.

2203 484 2360 537 τοῦτο
2401 485 2558 546 σῶμα
2584 485 2612 536 ii
2619 503 2683 554 λη
2694 501 2768 553 μα
2792 479 2932 536 εἶναι
2960 483 3037 553 τῷ
3057 483 3394 554 πρωτογόνῳ
3422 486 3613 557 ἐκείνῳ
3635 494 3777 558 φωτὶξ

528 597 597 634 nu
611 595 675 633 nc
709 593 838 632 vero
864 578 1040 632 solare
1071 591 1273 646 corpus
1307 575 1626 636 instruitur,
1661 584 1721 628 ut
1745 574 1893 628 illius
1913 574 2104 643 primi-

523 672 697 743 genia:
729 671 868 724 lucis
902 669 1220 723 vehiculum
1281 667 1372 720 sil.
1433 665 1908 732 Quemadmodum
1953 667 2101 720 enim

523 755 968 832 aliud.quiddam
1007 771 1093 815 est
1125 759 1270 830 ignis
1291 767 1346 812 et
1378 758 1525 812 aliud
1564 759 1788 812 lucerna
1810 799 1824 819 ,
1863 773 2097 828 quorum

525 856 615 910 ille
643 855 866 924 quidem
899 853 1118 908 luccndi
1151 852 1260 905 vim
1293 851 1477 914 habet,
1523 851 1641 905 haec
1673 866 1806 906 vero
1841 851 1982 905 facta
2016 859 2100 905 est

526 947 792 1002 utlucem
844 945 1004 999 nobis
1033 944 1318 1008 adhibeat,
1376 943 1420 996 si
1472 941 1612 997 forte
1649 942 1779 1012 quid
1828 941 2098 1011 agendum

522 1041 615 1104 sit,
654 1043 732 1092 sic
765 1039 875 1108 jam
927 1038 1143 1106 (quarto
1180 1037 1390 1090 scilicet
1415 1034 1526 1104 die)
1575 1034 1864 1088 luminaria
1905 1048 2104 1103 parau-

523 1143 634 1195 tur,
671 1145 791 1198 qua:
827 1129 971 1198 ignis
1005 1129 1153 1182 illius
1202 1127 1482 1196 purissimi
1523 1135 1578 1180 et
1618 1125 1687 1178 ab
1722 1124 1872 1178 omni
1912 1139 2096 1178 crassa

524 1224 757 1277 materie
793 1221 989 1275 secreti
1021 1219 1334 1274 vehiculum
1363 1218 1490 1271 sint.
1548 1216 1693 1271 idem
1728 1215 1963 1271 Basilius
1990 1233 2098 1270 non

525 1315 696 1369 multo
728 1321 854 1384 post
884 1313 941 1365 in
971 1312 1113 1366 hanc
1173 1309 1518 1376 sententiam]
1550 1308 1794 1377 loquitur
1823 1327 1835 1362 :
1885 1307 2096 1375 «impe-

524 1405 691 1467 rium,
724 1404 792 1456 ait
829 1402 1024 1465 Moses,
1047 1401 1152 1454 diei
1177 1414 1344 1469 penes
1376 1398 1544 1452 solem
1583 1407 1722 1452 esto.
1745 1399 1809 1428 "‘
1840 1417 1857 1448 ι
1901 1397 2005 1466 19
2034 1397 2098 1450 Et

524 1509 762 1563 quonam
793 1504 949 1561 pacto
971 1491 1255 1560 imperium
1293 1489 1401 1544 dici
1431 1489 1507 1542 sol
1533 1489 1729 1542 habet?
1758 1487 1894 1552 Quia
1917 1489 2095 1540 lucem

526 1586 582 1638 in
605 1585 786 1654 seipse
817 1585 1232 1644 circumferens,
1265 1581 1669 1651 quamprimum
1693 1579 1962 1632 finitorem
1983 1580 2097 1632 cir-

526 1676 711 1731 culum
751 1675 987 1733 transiit.
1025 1673 1171 1727 diem
1201 1674 1360 1726 nobis
1391 1672 1599 1740 pra:th
1631 1671 1912 1740 dissipatis
1947 1680 2096 1724 tene-

527 1770 663 1824 bris.
723 1769 909 1838 Neque
941 1783 1275 1837 magnopere
1325 1765 1606 1819 aberravit
1661 1765 1752 1832 qui
1800 1779 1918 1817 esse
1947 1765 2093 1818 diem

2205 577 2678 645 παρεσκεύασται.
2719 577 2808 639 Ὠς
2844 578 2953 646 γὰρ
3009 577 3139 632 ἄλλο
3188 578 3249 630 τὸ
3299 578 3412 647 πῦρ
3453 580 3540 632 καὶ
3592 581 3716 633 ἄλλο
3744 585 3775 635 δ’

2202 669 2417 738 λύχνος,
2447 668 2508 720 τὸ
2562 669 2662 738 μὲν
2707 668 2805 738 τὴν
2847 667 2942 722 τοῦ
2974 667 3233 736 φωτίζειν
3282 668 3520 736 δύναμιν
3547 670 3691 741 ἕχον,

2201 762 2257 814 δὲ
2292 761 2694 830 παρεμφαίνειν
2725 763 2837 823 τοῖς
2881 762 3160 830 δεομένοις
3203 763 3599 832 πεποιημένον,
3631 745 3779 815 οὕτω

2203 854 2298 906 καὶ
2325 853 2402 919 τῷ
2439 871 2492 905 κ;
2514 852 2814 921 θαρωτάτῳ
2838 852 3031 922 ἐκείνῳ
3057 853 3152 905 καὶ
3184 852 3472 922 εἰλικρινεῖ
3494 855 3587 905 καὶ
3621 853 3770 921 ἀΰλῳ

2202 946 2341 1012 φωτὶ
2369 945 2554 1014 ὄχημα
2587 942 2681 996 νῦν
2721 943 2771 996 oi
2811 943 3102 1011 φωστῆρες
3154 943 3701 1012 κατεσκευάσθησαν.
3744 963 3761 994 ι

2214 1037 2373 1090 Ἀλλὰ
2417 1040 2506 1090 καὶ
2559 1036 2921 1105 παρακατιὼν
2959 1034 3102 1087 οὕτω
3152 1035 3290 1088 κατὰ
3321 1034 3477 1105 ρῆμα
3513 1034 3770 1098 διέξεισιο

2208 1150 2224 1180 ι
2271 1129 2382 1182 Καὶ
2430 1131 2570 1182 ἔστω
2596 1132 2622 1182 6
2654 1130 2806 1198 ἥλιος
2841 1130 2918 1190 είς
2959 1128 3213 1192 ἐξουσίαν
3252 1127 3350 1195 τῆς
3387 1127 3624 1198 ἡμέρας.
3655 1127 3771 1190 Πῶς

2200 1218 2291 1272 οῦν
2337 1218 2470 1287 ἔχει,
2513 1237 2530 1268 ι
2579 1219 2766 1286 φησὶν,
2825 1235 2843 1267 ι
2882 1217 2982 1285 τὴν
3027 1215 3279 1279 ἐξουσίαν
3327 1215 3425 1283 τῆς
3481 1217 3694 1286 ἡμέρας
3745 1217 3772 1267 6

2198 1309 2380 1378 ﬁlim;
2421 1309 2544 1359 Ὅτι
2591 1305 2652 1358 τὸ
2701 1304 2817 1372 φῶς
2862 1305 2920 1356 ἐν
2964 1302 3142 1373 ἑαυτῷ
3195 1304 3527 1374 περιφέρων,
3558 1304 3772 1357 ἐπειδάν

2201 1417 2332 1454 ποτε
2381 1401 2473 1451 τὸν
2523 1399 2775 1468 ὁρίζοντα
2819 1397 3093 1466 ὑπεράρῃ,
3125 1397 3341 1464 ἡμέραν
3391 1397 3622 1464 παρέχει
3658 1397 3770 1448 διαο

2199 1492 2366 1555 λύσας
2396 1492 2457 1544 τὸ
2489 1493 2698 1552 σκότος,
2733 1489 2875 1544 ὥστε
2924 1490 3024 1542 οὐκ
3074 1490 3140 1542 ἄν
3173 1505 3259 1550 τις
3307 1488 3531 1560 ἁμάρτῃ
3560 1490 3769 1556 ἡμέραν

2199 1584 2524 1655 ὁρισάμενος
2573 1580 2711 1636 εἶναι
2763 1583 2856 1636 τὸν
2891 1582 2996 1635 ὑπὸ
3036 1581 3129 1634 τοῦ
3163 1583 3315 1651 ἡλίου
3363 1583 3770 1649 πεφωτισμένον

2199 1676 2359 1746 ἀέρα.
2406 1694 2425 1726 ι
2459 1673 2656 1742 Σαφῶς
2711 1673 2811 1742 μὲν
2856 1671 2952 1725 οῦν
3002 1670 3242 1724 ἐνταῦθα
3289 1673 3318 1724 6
3368 1672 3540 1739 μέγας
3573 1668 3772 1732 ἔδειξεν

2199 1766 2280 1817 ὅτι
2321 1763 2598 1832 φωτοδόχα
2656 1763 2817 1830 μόνον
2868 1761 3090 1828 ἀγγεῖα,
3128 1758 3203 1828 μὴ
3243 1758 3428 1826 μέντοι
3461 1774 3526 1825 γε
3573 1757 3638 1825 δὴ
3681 1757 3772 1808 καὶ

527 1862 757 1916 definiet
788 1877 816 1913 a
852 1861 966 1915 sole
999 1861 1384 1914 collustratum
1420 1874 1567 1912 aera.
1603 1857 1812 1924 Quibus
1838 1859 1890 1910 in
1917 1858 2098 1911 verbis

2203 1855 2318 1925 φῶς
2371 1855 2512 1906 κατὰ
2551 1855 2651 1921 τὴν
2695 1853 2969 1922 τετάρτην
3012 1851 3251 1920 ἡμέραν.
3304 1849 3678 1918 Παρὴχθησαν
3719 1846 3772 1898 δὲ

525 1953 760 2007 eximius
810 1953 899 2007 hic
947 1953 1034 2006 vir
1095 1961 1181 2005 sat
1233 1952 1382 2005 clare
1423 1951 1665 2004 ostendit
1691 1965 1820 2003 vasa
1847 1953 2094 2017 quaedam

526 2047 794 2117 qeasique
829 2045 1175 2115 receptacula
1218 2047 1381 2107 nucis,
1427 2059 1536 2096 non
1572 2043 1745 2096 lucem
1782 2042 1870 2094 die
1900 2048 2096 2108 quarto

421 2169 434 2175 -
524 2152 648 2192 esse
681 2136 987 2189 conditam.
1031 2135 1100 2188 Et
1141 2135 1361 2188 condita
1395 2142 1523 2186 sunt
1555 2132 1781 2186 omnino
1813 2132 1929 2194 illa,
1985 2146 2096 2200 quo

526 2229 705 2282 lucem
743 2227 886 2280 illam
927 2226 1159 2294 primam
1187 2226 1500 2294 reciperent
1533 2239 1597 2278 ac
1653 2224 1712 2278 in
1759 2234 1905 2278 terra
1949 2224 2098 2278 luce-

527 2328 674 2372 rent.
734 2320 849 2372 Hoc
889 2327 1073 2370 autem
1115 2317 1188 2370 ita
1240 2316 1370 2371 fecit
1416 2315 1578 2380 Deus,
1636 2314 2096 2384 quemadmodum

529 2409 914 2465 Theodoretus
953 2409 1142 2470 tradit,
1184 2418 1244 2461 ut
1290 2409 1382 2462 lux
1427 2408 1517 2462 illa
1566 2408 1891 2476 primigenia
1922 2407 2096 2461 divisa

543 2499 598 2552 in
634 2498 834 2568 exigua
874 2500 1081 2568 pariter
1131 2514 1196 2553 ac
1254 2515 1449 2568 magna
1506 2498 1798 2552 luminaria
1836 2498 2095 2567 splendo-

531 2605 647 2643 rem
712 2591 1052 2644 animantum
1101 2591 1278 2644 oculis
1330 2589 1748 2659 respondentem
1795 2589 2094 2643 emitteret.

531 2680 666 2734 Nam
699 2681 907 2750 absque
939 2682 1045 2735 hoc
1080 2681 1308 2743 fuisset,
1356 2681 1615 2734 animalia
1659 2679 1838 2735 oculis
1868 2679 2097 2749 praedita

530 2771 676 2825 ferre
701 2771 1048 2840 splendorem
1082 2771 1230 2826 lucis
1280 2771 1700 2825 immoderatum
1752 2787 1858 2824 non
1889 2771 2102 2839 potuis-

530 2873 672 2916 sent.
721 2863 869 2917 ldem
908 2879 1138 2933 magnus
1162 2864 1328 2918 etiam
1359 2863 1593 2918 Basilius
1635 2863 1722 2917 his
1753 2862 1938 2916 verbis
1963 2877 2098 2916 con-

531 2951 746 3006 firmat:
775 2952 1068 3008 Pulchrum
1095 2968 1226 3007 sane
1249 2953 1509 3022 quiddam
1524 2962 1609 3007 est
1633 2955 1746 3022 ipse
1767 2953 1868 3015 sol,
1894 2953 1998 3006 hoc
2018 2960 2102 3006 est

532 3040 720 3095 discus
753 3041 845 3095 ille
868 3041 1117 3110 corporis
1147 3039 1366 3105 solaris,
1417 3041 1471 3094 in
1512 3057 1620 3109 quo
1668 3040 1837 3096 veluti
1875 3041 2098 3094 lucerna

531 3130 766 3200 quadam
801 3131 1124 3200 primigenia
1175 3131 1263 3184 lux
1293 3131 1696 3184 eStcollocata:
1748 3122 1937 3184 verum
1989 3145 2096 3184 non

2205 1949 2423 2008 πάντως
2468 1946 2560 1996 ἐπὶ
2593 1944 2654 1998 τὸ
2697 1943 2956 2007 δέξασθαι
2990 1944 3049 1994 τὸ
3083 1941 3196 2010 φῶς
3229 1943 3408 1994 ἐκεῖνο
3433 1940 3494 1992 τὸ
3540 1940 3770 2008 πρῶτον,

2204 2040 2298 2090 καὶ
2325 2038 2536 2106 φαίνειν
2567 2038 2658 2089 ἐπὶ
2681 2036 2780 2104 τῆς
2808 2037 2932 2105 γῆς.
2961 2031 3217 2086 Τοῦτο-δὲ
3243 2031 3550 2101 πεποίηκεν
3581 2034 3606 2081 6
3624 2030 3770 2090 Θεὸς.

2203 2130 2291 2183 ἴνα
2337 2126 2764 2196 καταμερισθέν,
2799 2125 2874 2188 ὥς
2916 2141 3051 2194 φησι
3081 2123 3452 2191 Θεοδώρητος,
3493 2123 3577 2182 είς
3621 2119 3674 2171 δέ
3712 2134 3772 2184 γε

2203 2223 2301 2275 καὶ
2330 2221 2454 2282 τοὺς
2490 2217 2720 2288 μικροὺς
2751 2217 2847 2270 καὶ
2877 2217 3148 2286 μεγάλους
3193 2214 3492 2282 φωστῆρας
3535 2210 3598 2262 τὺ
3625 2227 3771 2278 πρω-

2203 2309 2424 2377 τόγονον
2459 2309 2635 2360 έκεῖνο
2664 2305 2778 2375 φῶς
2809 2305 3002 2374 αίγλην
3033 2301 3292 2370 ὲκπέμπῃ
3328 2301 3445 2358 ταῖς
3485 2297 3600 2350 τῶν
3625 2295 3772 2359 ζώων

2203 2401 2359 2466 ὂψεσι
2413 2398 2748 2466 σύμμετρον.
2796 2397 2858 2448 Εἰ
2915 2395 2990 2462 μὴ
3041 2393 3150 2462 γὰρ
3207 2389 3367 2442 τοῦτο
3418 2385 3507 2458 ἦν,
3567 2388 3666 2440 οὐκ
3711 2385 3772 2438 ἂν

2203 2485 2515 2555 ὀφθαλμοὺς
2539 2483 2734 2552 ἔχοντα
2762 2482 2829 2536 τὰ
2861 2483 2974 2546 ζῶα
3005 2481 3103 2547 τὴν
3134 2475 3443 2547 ὑπερόολὴν
3480 2475 3578 2528 τοῦ
3607 2472 3773 2542 φωτὸς

2205 2578 2458 2648 ἤνεγκεν.
2508 2571 2848 2626 Ἑπιὸεόαιοῖ
2871 2567 3047 2622 ταῦτα
3077 2569 3170 2619 καὶ
3198 2568 3224 2618 6
3274 2565 3446 2634 μέγας
3493 2561 3772 2621 Βασίλειος

2204 2667 2379 2735 λέγων
2408 2681 2421 2695 ·
2457 2683 2476 2716 ι
2502 2662 2680 2724 Καλὸς
2719 2662 2817 2730 μὲν
2861 2662 2890 2713 ό
2937 2661 3112 2729 ἣλιος,
3137 2657 3420 2710 τουτέστιν
3466 2657 3492 2707 6
3537 2653 3721 2712 δίσκος
3747 2650 3773 2700 6

2205 2759 2450 2828 ήλιακδς,
2491 2759 2546 2809 ὲν
2597 2748 2642 2822 ᾧ
2690 2753 2879 2822 ὣσπερ
2928 2753 3106 2822 λύχνῳ
3159 2751 3269 2804 τινὶ
3318 2748 3378 2800 τὸ
3433 2746 3772 2814 πρωτόγονον

2204 2851 2383 2903 έκεῖνο
2413 2845 2715 2915 ἑναπετέθη
2763 2845 2898 2914 φῶς,
2940 2843 3103 2904 καλὸς
3138 2841 3192 2894 δὲ
3237 2839 3329 2892 καὶ
3375 2838 3463 2890 διὰ
3505 2835 3610 2906 τὴν
3645 2849 3773 2901 συμο

2209 2943 2436 3016 μετρίαν
2465 2939 2627 2994 αὐτοῦ
2651 2955 2665 2970 ⁶
2701 2938 2825 2992 οὔτε
2851 2936 2959 3007 γὰρ
2989 2934 3076 2988 διὰ
3108 2933 3206 3004 τὴν
3235 2930 3439 2983 ἐκείνου
3471 2925 3771 2994 λεπτότητα

2207 3038 2266 3088 τὸ
2307 3035 2416 3103 πῦρ
2467 3031 2866 3102 παρεξέρχεται
2903 3029 2997 3080 καὶ
3043 3025 3378 3091 καταφλέγει
3419 3021 3626 3084 πάντα,
3653 3016 3768 3068 οὔτε

2206 3127 2294 3180 διὰ
2324 3126 2421 3195 τὴν
2445 3125 2608 3176 αὐτοῦ
2641 3123 2934 3191 παχύτητα
2959 3119 3094 3188 πρὸς
3125 3117 3272 3185 ἡμᾶς
3299 3111 3654 3184 ἀμϐλυτέραν
3675 3106 3768 3176 τὴν

533 3222 714 3277 minus
738 3223 1162 3290 pulchritudinis
1185 3232 1349 3290 atque
1369 3222 1627 3276 bonitatis
1659 3223 1790 3277 ineo
1803 3221 1968 3277 situm
1991 3231 2098 3290 est,

2203 3217 2366 3273 αὑτοῦ
2393 3217 2752 3287 παραπέμπει
2778 3213 3079 3281 ἐνέργειαν.
3118 3227 3137 3261 ι

532 3317 678 3383 quod
715 3329 885 3384 usque
934 3317 1070 3369 adeo
1113 3315 1186 3370 sit
1217 3317 1533 3371 moderatus
1565 3325 1727 3384 atque
1791 3317 2148 3371 conveniens.
2183 3315 2316 3370 Nam
2347 3329 2525 3382 neque
2552 3318 2774 3382 propter
2835 3305 3196 3360 subtilitatem
3226 3300 3409 3355 omnia
3441 3302 3691 3365 penetrat
3722 3301 3775 3350 et

529 3408 715 3462 exurit
754 3407 906 3476 ipsus
935 3407 1097 3476 ignis,
1152 3422 1329 3476 neque
1364 3417 1589 3477 propter
1638 3407 1966 3461 densitatem
2017 3405 2086 3460 ad
2130 3421 2228 3461 nos
2261 3406 2443 3458 minus
2467 3405 2742 3458 eflicacem
2773 3397 3098 3453 transmittit
3130 3395 3240 3448 vim
3270 3406 3448 3448 suam.

602 3501 873 3556 Caeterum
907 3510 1033 3552 ante
1065 3498 1211 3552 diem
1238 3508 1516 3568 quartum,
1540 3500 1642 3554 hoc
1661 3508 1748 3555 est
1777 3500 2098 3570 priusquam

533 3589 636 3658 ipsi
678 3589 916 3644 siderum
948 3589 1084 3643 disci
1117 3600 1465 3655 crearentur,
1497 3590 1957 3660 quemadmodum
1998 3591 2098 3645 Ju-

532 3684 712 3734 stinus
747 3682 837 3736 ille
862 3682 1223 3751 philosophus
1251 3691 1305 3735 et
1329 3681 1530 3738 Christi
1563 3684 1716 3738 testis
1741 3684 1837 3748 ait,
1870 3698 2101 3738 consen-

536 3771 708 3824 tiente
739 3787 859 3825 cum
900 3771 1003 3824 hoc
1029 3772 1366 3840 reliquorum
1401 3771 1826 3836 Patrum'coetu,
1855 3771 1946 3825 lux
1973 3771 2101 3824 uni-

527 3877 681 3914 versa
715 3861 912 3930 passim
940 3877 1036 3930 per
1071 3877 1196 3916 acra
1246 3861 1444 3916 diffusa
1496 3877 1596 3916 nec
1654 3869 1806 3914 motu
1860 3861 2096 3929 quodam

529 3952 782 4018 :equahili
815 3951 1097 4005 ferebatur
1125 3967 1228 4005 nec
1262 3951 1372 4005 diei
1404 3959 1577 4004 metas
1623 3949 1918 4005 deﬁniebat
1951 3967 1967 4026 ι
2003 3952 2097 4004 sed

532 4041 937 4110 quamprimum
961 4041 1190 4094 collecta
1226 4040 1441 4104 fuisset,
1479 4041 1808 4095 succedendi
1866 4039 1970 4094 sibi
2008 4057 2103 4109 po-

531 4141 781 4187 testatem
810 4132 955 4185 nocti
992 4131 1243 4186 faciebat.
1275 4130 1365 4186 Sic
1390 4132 1535 4184 enim
1568 4131 1790 4187 Littera:
1827 4146 1995 4186 sacra:
2021 4134 2102 4186 lo-

531 4213 784 4291 quu'utur
815 4239 830 4276 :
863 4222 1060 4277 «Facto
1093 4237 1320 4292 vespere
1345 4238 1408 4277 ac
1438 4238 1596 4277 mane
1614 4223 1733 4278 dies
1773 4239 1914 4278 unus
1937 4226 2102 4278 exsiti-

535 4315 712 4368 tit’°.i
745 4313 952 4369 Deinde
981 4330 1114 4368 vero
1149 4330 1273 4368 cum
1307 4315 1458 4370 disco
1485 4316 1647 4370 solari
1673 4326 1952 4386 compacta
1976 4333 2103 4371 cur-

534 4422 654 4457 sum
696 4403 804 4459 diei
832 4405 1165 4459 destinatum
1192 4419 1448 4460 accurate
1481 4422 1576 4476 per
1610 4407 1790 4476 ipsum
1823 4409 1954 4462 solis
1981 4424 2101 4463 cor-

531 4510 632 4564 pus
661 4496 915 4549 absolvit.
976 4496 1162 4567 itaque
1214 4498 1323 4567 jam
1381 4499 1460 4551 sol
1511 4497 1694 4552 oriens
1721 4497 1862 4552 diem
1912 4499 2096 4565 efficit,

528 4589 631 4638 sub
662 4597 860 4640 terram
894 4603 1024 4642 vero
1048 4599 1222 4642 semet
1253 4588 1462 4642 abiens
1495 4587 1552 4640 fit
1579 4604 1740 4642 causa
1775 4589 1970 4643 noctis.
1997 4591 2094 4644 Et-

2279 3498 2391 3566 Πρὸ
2422 3497 2606 3566 μέντοι
2633 3497 2733 3563 τῆς
2767 3493 3034 3559 τετάρτης
3058 3487 3292 3558 ἡμέρας,
3327 3485 3500 3555 ἡγυυν
3536 3481 3648 3552 πρὸ
3683 3476 3772 3532 τοῦ

2205 3587 2676 3661 δημιουργηθῆναι
2701 3586 2825 3648 τοὺς
2856 3585 3090 3644 δίσκους,
3114 3579 3257 3634 καθά
3288 3592 3450 3647 φησιν
3488 3573 3771 3661 Ἰουστίνος

2205 3683 2235 3734 6
2265 3681 2551 3749 φιλόσοφος
2579 3678 2675 3730 καὶ
2711 3675 2919 3745 μάρτυς
2949 3669 3212 3741 Χριστοῦ,
3245 3669 3339 3722 καὶ
3370 3668 3398 3719 6
3434 3665 3625 3725 λοιπδς
3660 3660 3767 3713 τῶν

2207 3771 2466 3840 Πατέρων
2498 3768 2816 3835 κατάλογος,
2845 3765 2964 3818 ὅλον
2992 3763 3167 3816 διόλου
3203 3760 3280 3830 τῷ
3323 3758 3446 3826 ἀέρι
3475 3773 3542 3808 πε
3555 3769 3768 3824 puts/‘9-

2209 3863 2373 3933 μένον
2403 3860 2526 3913 οὔτε
2553 3860 2764 3930 κίνησιν
2792 3856 3000 3927 ὁμαλὴν
3020 3854 3321 3922 διέτρεχεν,
3355 3849 3480 3902 οὔτε
3507 3851 3612 3920 τῆς
3638 3845 3770 3916 ἡμέ-

2211 3973 2306 4024 ρας
2339 3955 2406 4007 τὰ
2443 3954 2616 4023 μέτρα
2652 3949 2925 4020 διώριζεν,
2955 3947 3092 4001 ἀλλὰ
3137 3943 3559 4010 συστελλόμενον
3609 3942 3774 4006 πάρο-

2207 4047 2294 4100 δον
2347 4047 2515 4099 ἐδίδου
2561 4047 2626 4116 τῇ
2671 4044 2852 4096 νυκτί.
2883 4059 2902 4093 ι
2939 4041 3052 4094 Καὶ
3091 4038 3330 4107 ἐγένετο,
3377 4055 3396 4089 ι
3451 4036 3559 4100 γάρ
3594 4049 3774 4103 φησιν,

2215 4154 2233 4187 ι
2284 4137 2510 4205 ἑσπέρα,
2573 4134 2668 4187 καὶ
2723 4133 2940 4198 ἐγένετο
2989 4125 3132 4197 πρωῒ
3188 4126 3374 4197 ἡμέρα
3434 4125 3553 4194 μία.
3618 4142 3636 4174 ι
3689 4120 3776 4187 Τῷ

2207 4229 2376 4299 δίσκῳ
2407 4229 2464 4282 δὲ
2491 4227 2567 4296 τῷ
2594 4224 2806 4296 ἡλιακῷ
2854 4221 3175 4292 συναιρεθὲν
3211 4218 3438 4288 ὕστερον
3468 4218 3776 4286 ἀμέμπτως

2206 4324 2298 4376 τὸν
2322 4324 2522 4392 δρόμον
2549 4321 2649 4390 τῆς
2675 4317 2894 4388 ἡμέρας
2919 4314 3080 4385 ὡρῶν
3117 4313 3207 4366 διὰ
3231 4311 3326 4366 τοῦ
3374 4311 3630 4376 σώματος
3658 4309 3775 4359 ὲπι-

2207 4416 2372 4478 τελεῖ,
2404 4411 2700 4466 κάντεῦθεν
2751 4407 3054 4462 ἀνατέλλων
3099 4408 3125 4459 6
3160 4405 3309 4475 ἡλιος
3359 4404 3577 4474 ἡμέραν
3612 4399 3772 4456 ποιεί,

2205 4507 2374 4560 δύνων
2419 4505 2476 4557 δὲ
2519 4503 2622 4554 ὑπὸ
2665 4502 2770 4570 γῆν
2808 4501 3001 4560 νυκτὸς
3049 4496 3220 4558 αἴτιος
3268 4495 3496 4562 γίνεται,
3551 4492 3619 4542 'H
3669 4489 3774 4555 γὰρ

2207 4599 2302 4662 νὺξ
2333 4595 2472 4663 αὕτη
2510 4593 2662 4645 οὐδὲν
2687 4591 2816 4644 ἀλλο
2844 4590 2992 4642 ἐστὶν
3023 4587 3054 4656 ἡ
3093 4587 3334 4653 σκὲασμα
3367 4584 3465 4652 γῆς
3497 4581 3593 4634 τοῦ
3621 4580 3773 4645 ἡλίου

529 4677 673 4728 enim
705 4677 849 4730 aliud
892 4677 1024 4730 nihil
1052 4687 1138 4730 est
1175 4693 1278 4730 nox
1311 4694 1475 4748 quam
1503 4680 1694 4734 umbra
1719 4688 1896 4746 terrae,
1935 4683 2098 4736 nimi-

2206 4691 2306 4759 τὴν
2349 4688 2454 4756 γῆν
2499 4686 2911 4755 ὑποτρέχοντος.
2951 4679 3258 4749 Ὠνομάσθη
3301 4675 3358 4728 δὲ
3406 4674 3501 4738 νὺξ
3529 4673 3687 4725 τοῦτο
3715 4670 3769 4720 τὲ

533 4782 650 4817 lUttl
689 4767 805 4820 sole
839 4767 943 4820 sub
976 4777 1174 4820 terram
1229 4769 1509 4821 occultato
1547 4769 1759 4837 iterque
1806 4785 1963 4824 suum
2008 4786 2097 4823 ur-

531 4868 713 4924 gente.
745 4858 810 4911 Et
840 4858 1012 4927 caligo
1042 4857 1190 4911 istaec
1220 4859 1640 4928 appellationem
1673 4861 1852 4916 noctis
1883 4861 2097 4930 accepit

529 4966 594 5003 cx
627 4967 692 5004 co
745 4954 892 5020 quod
961 4952 1242 5005 hominem
1275 4955 1636 5009 dormientem
1697 4965 1905 5026 pungat
1959 4956 2095 5025 (νὺξ

530 5043 671 5096 enim
704 5055 788 5097 est
817 5060 845 5095 a
878 5045 1138 5114 νύττειν),
1173 5055 1491 5116 tantumque
1518 5063 1625 5100 non
1683 5047 1770 5101 his
1818 5048 1884 5100 ad
1916 5047 2095 5116 ipsum

533 5132 715 5185 verbis
750 5141 932 5186 utatur
961 5151 977 5188 :
1014 5135 1198 5189 «Scire
1231 5137 1419 5201 debes,
1480 5139 1664 5202 homo,
1729 5148 1781 5192 te
1811 5138 2096 5192 mortalem

531 5237 723 5277 somno
749 5225 1005 5280 serviren
1046 5229 1120 5280 Ac
1150 5228 1459 5297 hujusmodi
1515 5232 1814 5300 quamdam
1847 5231 2098 5284 stimula-

534 5316 738 5369 tioncm
773 5332 894 5371 esse
923 5334 1026 5372 noc
1054 5336 1162 5384 em,
1194 5322 1306 5390 ipse
1345 5322 1575 5376 Davidcs
1604 5326 1768 5377 etiam
1807 5325 1988 5379 verbis
2014 5323 2098 5376 his

533 5408 792 5462 indicavit
825 5426 838 5463 :
875 5411 1032 5475 thlLl}
1069 5412 1257 5467 dicitis
1287 5415 1338 5466 in
1373 5416 1636 5470 cordibus
1658 5417 1876 5480 vestris,
1913 5416 1969 5468 in
1999 5429 2098 5468 cus

533 5499 734 5554 bilibus
767 5503 966 5556 vestris
1025 5506 1444 5575 pungimiui“.i
1510 5509 1600 5562 Sic
1627 5519 1683 5563 et
1729 5510 1932 5571 lucem,
1987 5518 2101 5561 tan-

534 5606 694 5656 quam
728 5608 841 5646 rcm
876 5595 1049 5649 betam
1092 5608 1256 5666 atque
1282 5610 1511 5668 gratam,
1548 5602 1765 5671 ἡμέραν
1802 5601 2038 5654 dicimus
2071 5616 2100 5653 a

604 5758 664 5786 η’
706 5753 842 5816 Gen.
875 5775 913 5823 ι,
954 5760 1038 5816 iii.
1115 5763 1310 5817 "ibid.
1471 5767 1511 5795 “
1539 5765 1676 5819 9581-
1707 5783 1777 5829 Ινς
1811 5767 1862 5818 5-

2207 4782 2416 4845 σκότος,
2469 4779 2654 4848 ἐπειδὴ
2715 4775 3046 4830 καθεύδοντα
3103 4773 3284 4825 νύττει
3349 4771 3438 4823 τὶν
3484 4766 3771 4835 ἄνθρωπον

2199 4877 2294 4928 καὶ
2328 4875 2470 4925 οὕτω
2518 4871 2665 4938 λέγει
2721 4871 3007 4938 μονονουχὶ
3050 4865 3184 4933 πρὸς
3236 4864 3398 4915 αὑτὸν
3444 4880 3462 4912 ι
3516 4860 3695 4917 Μὰθε,
3732 4849 3774 4907 ὦ

2199 4966 2475 5035 ἄνθρωπε,
2506 4962 2588 5014 ὅτι
2619 4959 2813 5030 θνητὸς
2859 4957 2933 5008 ὢν
2982 4957 3134 5026 ὕπνῳ
3166 4953 3464 5014 δουλεύεις.
3501 4974 3518 5004 ι
3559 4954 3681 5003 Ὀτι
3716 4947 3773 4998 δὲ

2200 5057 2478 5124 κατανυγὴ
2529 5055 2677 5106 ἐστιν
2722 5055 2756 5123 ἡ
2807 5051 2924 5116 νὺξ,
2981 5053 3074 5103 καὶ
3119 5052 3146 5100 ὁ
3199 5049 3484 5118 προφήτης
3539 5044 3772 5112 ἐδήλωσε

2200 5148 2364 5200 Δαϐὶδ
2421 5147 2593 5207 οὕτως
2643 5145 2813 5196 είς-τὼν
2863 5162 2880 5194 ι
2923 5143 2989 5196 Ἃ
3038 5144 3222 5210 λέγετε
3265 5145 3322 5193 ἐν
3360 5143 3478 5202 ταῖς
3524 5138 3776 5207 καρδίαις

2201 5239 2373 5308 ὑμῶν,
2414 5240 2506 5290 ἐπὶ
2526 5237 2644 5298 ταῖς
2697 5236 2907 5297 κοίταις
2959 5235 3116 5302 ὑμῶν
3157 5233 3518 5302 κατανύγητε.
3561 5250 3578 5282 ι
3616 5227 3773 5284 Κατὰ

2199 5330 2374 5382 ταῦτα
2423 5330 2478 5382 δὲ
2530 5332 2625 5383 καὶ
2661 5329 2720 5381 τὸ
2748 5331 2861 5397 φῶς
2907 5330 3002 5398 ἡδύ
3035 5347 3084 5381 τι
3119 5331 3212 5381 καὶ
3263 5329 3446 5398 ἱλαρὸν
3471 5329 3527 5381 ὃν
3558 5329 3774 5398 ἡμέραν

2201 5420 2482 5478 ἐκάλεσεν.
2541 5418 2632 5470 διὰ
2676 5419 2737 5470 τὸ
2791 5419 3035 5488 ἡμεροῦν
3091 5419 3157 5470 τὰ
3216 5419 3431 5484 πᾶντα,
3489 5416 3772 5486 (ἱσπεροῦν

2203 5510 2296 5560 καὶ
2328 5509 2396 5559 τὰ
2448 5508 2705 5578 χειροήθη
2765 5509 2873 5560 τῶν
2932 5508 3084 5571 ζώων
3130 5509 3314 5575 ἥμερα
3358 5508 3444 5559 διὰ
3489 5506 3645 5559 τοῦτο
3677 5520 3774 5554 κα·

2208 5617 2444 5654 ιουνται.
