4008 6436
476 417 547 481 63
1607 436 1613 441 θ
1759 409 2081 470 ΜὶίῖΠΑΕι

2221 406 2478 467 GLYCA‘I
3670 400 3737 463 (24

480 535 574 587 ille
600 546 830 602 tnaguus
868 546 965 586 eos
988 529 1285 602 deplorans
1311 528 1559 585 futurum
1596 539 1656 583 ut
1687 529 1856 598 magis
1889 527 1941 579 in
1976 525 2063 580 die
2094 533 2138 586 Α
2170 543 2394 585 ποντες,

481 627 681 698 judicii
730 626 1170 678 condemnentur
1223 638 1387 691 quam
1428 622 1520 676 alii
1552 622 1721 684 dicat,
1783 621 1886 689 21
1915 618 2059 688 quod

484 729 596 773 tam
628 726 848 773 acutmn
891 716 956 771 ad
992 732 1133 771 vana
1165 726 1460 772 cernentes
1493 724 1691 784 sponte
1721 729 1820 769 sua
1863 712 2064 765 verita-

484 798 558 865 tis
590 812 644 865 in
684 810 1151 880 pervestigatione
1180 808 1584 863 cvccutiverint.

555 904 673 957 Jam
707 918 836 957 vero
872 917 1035 971 quam
1062 901 1232 955 multa
1260 901 1424 955 iidem
1452 900 1521 955 de
1553 897 1930 969 magnitudine
1956 906 2062 952 tam

494 996 625 1051 solis
650 1011 814 1064 quam
872 996 1013 1048 luna:
1074 992 1434 1048 commentati
1487 992 1618 1057 sint,
1675 991 1808 1061 quid
1867 990 2066 1045 attinet

482 1102 925 1141 commemorare
952 1084 975 1137 ?
1025 1084 1437 1138 Anaximander
1492 1094 1548 1137 ct
1581 1083 1951 1137 Anaximenes
1977 1098 2067 1135 So-

488 1180 593 1232 lem
626 1191 769 1232 terra
804 1179 972 1232 vicies
1001 1192 1066 1230 ac
1096 1178 1302 1246 septies
1341 1176 1603 1242 majorem
1631 1190 1748 1228 esse
1773 1174 2063 1239 dixerunt;

486 1275 833 1338 Anaxagoras
869 1270 1129 1336 majorem
1163 1268 1543 1335 Peloponneso
1579 1285 1593 1320 :
1634 1265 1725 1319 alii
1750 1280 1877 1319 cum
1910 1264 2064 1334 pedis

490 1363 658 1416 unitts
687 1363 786 1430 ipsi
820 1361 1222 1429 longitudinem
1283 1360 1577 1424 haberent,
1636 1366 1846 1411 tantum
1900 1357 2065 1410 etiam

489 1456 662 1510 solem
698 1470 824 1509 esse
856 1455 1173 1509 voluerunt.
1204 1452 1410 1506 Eadem
1442 1453 1510 1506 de
1540 1452 1670 1505 luna
1698 1466 1917 1520 quoque
1955 1460 2065 1504 tra-

489 1547 604 1601 dita
638 1546 1022 1616 reperiuntur.
1052 1545 1300 1600 Fuerunt
1332 1544 1479 1599 enim
1512 1542 1766 1597 nonnulli
1813 1541 1905 1610 qui
1945 1556 2065 1598 eam

491 1648 639 1694 terra
673 1638 934 1708 majorem
966 1636 1235 1701 facerent,
1272 1651 1396 1691 cum
1427 1635 1522 1688 alii
1553 1648 1740 1702 parem
1770 1633 2067 1702 utriusque

490 1731 925 1799 magnitudinem
956 1738 1283 1793 statuerent,
1315 1729 1410 1784 alii
1440 1737 1587 1783 terra
1616 1727 1912 1791 minorem,
1971 1725 2064 1778 alii

490 1824 791 1890 palmarem
824 1822 1001 1877 solum
1028 1838 1150 1877 esse
1177 1820 1599 1886 conﬁrmarent;
1655 1820 1902 1887 adeoque
1955 1833 2064 1870 non

493 1914 730 1968 veritum
761 1922 848 1968 est
876 1929 975 1973 eos
1015 1912 1449 1981 profunditatem
1498 1910 1666 1964 maris
1724 1909 2063 1979 ignorantes,

492 2022 615 2075 mue
640 2014 818 2058 tamen
852 2005 1063 2074 dejecta
1095 2004 1316 2058 nautica
1375 2002 1519 2056 linea
1555 1999 1829 2069 evplorari
1863 2009 2065 2069 potest,

493 2097 851 2153 intervallum
884 2096 1033 2166 quod
1063 2106 1149 2151 est
1178 2096 1324 2150 inter
1355 2097 1539 2149 lunam
1571 2103 1627 2147 et
1657 2102 1860 2146 terram
1888 2105 1951 2144 ac
1985 2091 2068 2143 vi-

493 2191 680 2246 cissim
715 2193 860 2245 inter
908 2191 1080 2245 solem
1130 2204 1194 2243 ac
1238 2188 1426 2241 lunam
1472 2186 1754 2255 cognitum
1797 2198 1915 2237 esse
1963 2182 2066 2236 sibi

495 2282 759 2352 singulari
796 2296 921 2337 cum
955 2280 1259 2335 ambitione
1290 2277 1556 2348 proﬁteri.

572 2376 639 2429 Et
689 2375 963 2430 hactenus
1015 2373 1237 2443 quidem
1292 2376 1361 2427 de
1415 2380 1538 2425 ortu
1586 2369 2072 2447 magnitudineque

498 2469 700 2523 horum
734 2465 1002 2531 siderum,
1029 2480 1150 2533 qua:
1177 2462 1384 2517 iuerint
1416 2462 1796 2541 illorumoquos
1830 2460 2074 2515 diximus

498 2556 811 2627 opiniones,
848 2554 1240 2609 indicavimus.
1272 2554 1548 2608 Caeterum
1579 2553 1959 2623 peritissimus
1982 2552 2074 2605 ille

500 2664 689 2704 rerum
718 2663 997 2702 sacrarum
1055 2646 1405 2714 eximiusque
1459 2646 1545 2699 vir
1600 2644 1835 2699 Basilius
1879 2643 1946 2698 ad
1982 2644 2077 2698 dc-

500 2738 963 2794 monstrationem
994 2735 1389 2805 magnitudinis
1413 2749 1605 2789 eorum
1633 2735 1738 2789 hoc
1772 2735 1938 2790 etiam
1977 2736 2076 2789 ad-

496 2830 628 2903 jecit
660 2828 1033 2897 :Quanquam
1075 2825 1287 2879 inﬁnita
1341 2841 1512 2895 prope
1568 2842 1805 2881 numero
1859 2826 1972 2880 sint
2020 2825 2074 2878 in

500 2924 643 2979 etelo
681 2922 1093 2985 sidcra,tamen
1126 2918 1312 2972 omnis
1369 2918 1590 2972 illorum
1645 2919 1737 2971 lux
1794 2919 1848 2972 in
1905 2933 2074 2971 unum
2132 2980 2143 2989 ‘

2124 3006 2131 3013 “
2187 3006 2513 3073 κατήφειαν.
2565 3001 2741 3062 Μόνος
2789 2998 2847 3051 δὲ
2894 2999 2922 3048 ὁ
2956 2996 3110 3066 ἥλιος
3150 2992 3484 3064 ὑπερφανεὶς
3509 2993 3611 3043 τοῦ
3645 2989 3755 3059 apt-

504 3014 665 3084 quasi
694 3014 923 3066 collecta
951 3026 1059 3064 non
1111 3010 1247 3064 satis
1287 3020 1371 3063 est
1410 3008 1604 3062 eﬁicax
1665 3008 1730 3062 ad
1794 3008 2077 3063 tristitiam

504 3105 683 3160 noctis
711 3101 1108 3170 dissipandam,
1136 3115 1264 3154 cum
1298 3100 1381 3153 sol
1421 3098 1620 3154 unicus
1677 3115 1846 3168 supra
1898 3099 2079 3154 circu-

2460 524 2678 584 ἐκόντες
2734 522 2868 589 πρὸς
2902 519 2999 591 τὴν
3041 518 3296 573 σύνθεσιν
3339 517 3440 588 τῆς
3484 517 3743 588 ἀληθείας

2166 617 2655 685 ἁπετυφλώθησαν.

2246 885 2394 942 ’Όσα
2423 884 2480 937 δὲ
2512 883 2607 936 καὶ
2655 881 2783 951 περὶ
2815 878 3081 949 μεγέθους
3123 875 3524 946 ἐφιλοσόφησαν
3552 873 3648 926 τοῦ
3686 890 3744 925 τε

2177 980 2330 1050 ἡλίου
2367 980 2463 1032 καὶ
2495 978 2595 1047 τῆς
2627 975 2880 1046 σελήνης,
2910 971 2965 1024 τί
3007 969 3111 1040 χρὴ
3141 968 3236 1022 καὶ
3266 968 3483 1035 λέγεινς
3529 966 3745 1029 Ἀναξίο

2173 1074 2408 1142 μανδρος
2444 1071 2542 1141 μὲν
2590 1070 2699 1140 γὰρ
2752 1066 2849 1120 καὶ
2895 1062 3258 1131 Ἀναξιμένης
3299 1062 3739 1112 ἐπτακαιεικοσι-

2170 1163 2434 1217 πλασίονα
2467 1161 2566 1227 τῆς
2613 1159 2715 1228 γῆς
2754 1157 2847 1209 τὸν
2879 1153 3033 1224 ἥλιον
3069 1152 3281 1220 ἔφησαν
3311 1143 3475 1214 εἶναι,
3521 1144 3748 1209 Ἀναξα-

2170 1255 2337 1324 γόρας
2375 1253 2433 1305 δὲ
2475 1249 2883 1317 Πελοποννήσου
2939 1243 3184 1314 μείζονα.
3221 1240 3538 1308 Καὶηέτεροι
3579 1236 3746 1288 πάλιν

2169 1348 2413 1401 ποδιαῖον
2444 1343 2537 1396 τὸν
2589 1340 2834 1395 τοιοῦτον
2888 1336 3195 1405 ἐφρόνησαν
3238 1332 3411 1403 ἥλιον.
3472 1328 3558 1382 Τὰ
3609 1328 3749 1380 αύτά

2168 1440 2223 1493 δὲ
2254 1440 2348 1493 καὶ
2379 1437 2507 1507 περὶ
2546 1435 2776 1505 σελήνης
2805 1429 3091 1494 διεξιόντες
3141 1426 3510 1497 εὑρίσκονται.
3542 1422 3610 1474 Οί
3651 1419 3749 1489 μὲν

2170 1535 2278 1601 γὰρ
2329 1530 2551 1600 μείζονα
2577 1528 2677 1595 τῆς
2710 1526 2835 1594 γῆς,
2870 1524 2920 1575 οἱ
2951 1521 3008 1574 δὲ
3040 1519 3200 1573 πάλιν
3237 1517 3548 1585 ἰσόμετροι),
3600 1512 3750 1564 ἄλλοι

2171 1626 2227 1679 δὲ
2272 1625 2541 1678 ἐλάσσονα
2569 1637 2582 1651 ο
2618 1619 2713 1673 καὶ
2741 1618 2922 1693 ἕτεροι
2949 1611 3314 1682 σπιθαμιαίαν
3339 1604 3477 1661 εἶναι
3509 1607 3611 1675 τὴν
3661 1620 3746 1655 σε·

2171 1720 2341 1789 λήνην
2372 1713 2826 1785 διισχυρίζονται,
2858 1708 2952 1762 καὶ
2982 1707 3081 1759 οὐκ
3117 1704 3473 1773 αἰσχύνονται
3508 1699 3613 1766 τῆς
3652 1697 3749 1764 μὲν

2175 1810 2450 1875 Θαλάττης
2495 1807 2555 1858 τὸ
2599 1803 2764 1875 βάθος
2810 1797 3134 1870 ἀγνοοῦντες
3164 1835 3181 1860 ,
3225 1794 3357 1848 ἔνθα
3406 1792 3501 1846 καὶ
3547 1791 3750 1860 ὁρμιάν

2176 1901 2426 1955 καθεῖναι
2462 1896 2743 1957 δύνανται,
2779 1893 2840 1947 τὸ
2889 1890 2945 1942 δὲ
2994 1888 3104 1941 ἀπὸ
3156 1886 3261 1955 γῆς
3319 1883 3448 1953 ἄχρι
3483 1880 3745 1950 σελήνης,

2178 1992 2436 2050 κάκεῖθεν
2487 1990 2646 2060 ἄχρις
2681 1986 2845 2057 ἡλίου·
2869 1983 3150 2051 διάστημα
3198 1977 3401 2031 εἰδέναι
3437 1971 3755 2044 φιλοτιμού-

2181 2105 2352 2160 μενοι.

2256 2360 2364 2414 Καὶ
2406 2360 2454 2411 οἱ
2514 2358 2615 2428 μὲν
2669 2353 3064 2423 διαληφθέντες
3114 2349 3321 2407 ἄνωθεν
3376 2349 3570 2419 ἄνδρες
3628 2346 3755 2415 περὶ

2182 2451 2525 2522 παραγωγῆς
2577 2447 2718 2517 ὁμοῦ
2752 2449 2848 2499 καὶ
2879 2445 3148 2515 μεγέθους
3185 2442 3294 2496 τῶν
3326 2441 3418 2494 δύο
3445 2442 3757 2510 φωστήρων

2181 2545 2387 2598 οὑτωσὶ
2429 2542 2796 2610 διειλήφασιν·
2831 2540 2859 2591 ὁ
2892 2540 2949 2592 δὲ
3000 2539 3069 2590 τὰ
3097 2535 3217 2589 θεῖα
3251 2534 3415 2604 σοφὸς
3458 2537 3555 2585 καὶ
3587 2532 3756 2601 μέγας

2182 2637 2465 2698 Βασίλειος
2508 2635 2588 2697 είς
2643 2630 2919 2695 ἀπόδειξιν
2969 2626 3061 2682 τοῦ
3120 2624 3387 2696 μεγέθους
3425 2624 3613 2678 αὐτῶν
3667 2621 3758 2675 καὶ

2181 2731 2310 2783 τάδε
2351 2702 2714 2796 προστίθηιῖἶν
2738 2741 2752 2755 ο
2794 2722 3064 2792 Ἀπείρων
3092 2719 3262 2774 ὄντων
3295 2717 3372 2787 τῷ
3420 2715 3624 2784 πλήθει
3653 2714 3755 2767 τῶν

2185 2820 2307 2874 κατ’
2341 2818 2571 2885 οὐρανὸν
2615 2815 2888 2884 ἀστέρων,
2920 2814 2979 2865 τὸ
3036 2809 3169 2881 παρ’
3196 2808 3373 2863 αὐτῶν
3412 2807 3759 2876 συνερανιζό-

2191 2929 2354 2981 μενον
2416 2910 2529 2977 φῶς
2578 2909 2680 2960 οὐκ
2727 2906 2950 2974 ἐξαρκεῖ
2977 2902 3230 2956 διαλῦσαι
3284 2900 3384 2967 τῆς
3433 2899 3631 2960 νυκτὸς
3660 2897 3755 2965 τὴν

2189 3098 2397 3163 ζοντος,
2431 3096 2627 3165 μᾶλλον
2660 3096 2719 3148 δὲ
2758 3094 2839 3147 ἔτι
2886 3094 2981 3147 καὶ
3015 3090 3491 3162 προσδοκώμενος,
3522 3089 3756 3158 ἠφάνισε

503 3197 619 3252 lum
655 3195 808 3257 illum
843 3193 1115 3245 linitorem
1144 3199 1478 3259 conspectus
1508 3190 1860 3259 congelatum
1891 3191 2079 3258 quasi-

2192 3189 2289 3259 μὲν
2330 3189 2390 3240 τὸ
2445 3192 2658 3251 σκότος,
2701 3185 3057 3259 ὑπερηύγασε
3106 3184 3162 3236 δὲ
3209 3182 3334 3244 τοὺς
3367 3182 3632 3250 ἀστέρας,
3665 3177 3757 3230 καὶ

505 3302 616 3357 que
640 3286 939 3355 spissatum
974 3292 1101 3336 ante
1131 3281 1187 3335 id
1230 3296 1360 3335 aera
1396 3289 1559 3335 terra:
1589 3281 1833 3335 vicinum
1869 3281 2080 3350 liquare

507 3377 682 3448 possit
709 3391 773 3430 ac
806 3373 1137 3431 dtﬂundere,
1165 3371 1305 3426 Hinc
1340 3373 1413 3437 .lit
1448 3381 1508 3426 ut
1555 3382 1750 3426 ventos
1784 3376 2083 3428 matutinos

506 3472 827 3533 habeamus;
867 3476 923 3521 et
951 3481 1147 3522 sereno
1192 3464 1332 3518 coelo
1370 3479 1526 3518 rores
1596 3474 1801 3518 terram
1861 3464 2085 3533 perfun-

508 3564 665 3616 dant.
697 3560 889 3639 Tatrtte
932 3574 1064 3612 vero
1096 3554 1492 3625 magnitudinis
1542 3565 1747 3610 terram
1781 3571 1889 3623 quo
1925 3563 2086 3624 pacto

508 3654 590 3709 sol
622 3654 934 3707 universam
968 3666 1080 3704 uno
1115 3649 1376 3719 temporis
1428 3656 1708 3703 momento
1756 3648 2085 3703 collustrarc

500 3754 719 3817 posset,
751 3744 795 3797 si
832 3758 942 3797 non
973 3743 1040 3796 ab
1095 3741 1302 3811 ingenti
1358 3745 1598 3810 quodam
1654 3739 1790 3794 orbe
1828 3739 2089 3810 splendor

512 3838 688 3907 ipsius
723 3836 1117 3905 promanaret?

584 3930 731 3984 Idem
784 3930 839 3983 in
873 3928 1004 3983 luna
1034 3942 1254 3997 quoque
1283 3926 1471 3981 videre
1497 3935 1602 3981 est.
1657 3924 1794 3980 Nam
1828 3941 2089 3996 magnum

488 4012 663 4079 illius
700 4036 906 4090 corpus
938 4029 1046 4084 est,
1075 4035 1141 4074 ac
1164 4019 1471 4074 secundum
1510 4019 1680 4074 solem
1716 4018 2093 4088 splendidissi-

516 4133 691 4173 mum.
727 4115 943 4169 Etenim
981 4114 1048 4168 ad
1081 4114 1224 4167 hanc
1251 4128 1470 4183 quoque
1506 4114 1702 4167 referri
1735 4112 1919 4178 debet,
1946 4112 2090 4180 quod

514 4215 570 4268 in
607 4211 779 4267 sacris
811 4206 1030 4263 Litteris
1064 4206 1267 4261 dicitur
1299 4222 1316 4260 :
1349 4206 1598 4261 «Creavit
1624 4205 1770 4259 Deus
1802 4203 2092 4257 luminaria

516 4318 708 4372 magna
731 4303 832 4354 ³⁸.»
871 4284 1086 4365 Quibus
1118 4301 1174 4353 in
1210 4298 1396 4353 verbis
1432 4311 1626 4366 magna
1675 4295 1940 4349 dicuntur
1982 4310 2090 4349 non

514 4411 706 4450 eorum
747 4392 814 4446 ad
854 4392 1037 4446 sidera
1095 4389 1310 4445 minora
1350 4386 1761 4458 comparatione
1821 4384 2093 4448 instituta,

519 4486 615 4541 sed
656 4485 785 4554 quia
818 4491 965 4537 tanta
998 4492 1133 4539 sunt
1167 4481 1560 4552 amplitudine,
1614 4488 1676 4532 ut
1708 4476 1994 4547 profectus
2027 4477 2096 4531 ab

2189 3279 2482 3348 πεπηγότα
2520 3280 2667 3341 τέως·
2692 3280 2788 3330 καὶ
2824 3276 3308 3346 συμπεπιλημένον
3357 3273 3450 3326 τὸν
3490 3290 3559 3324 πε
3573 3274 3627 3343 ρί
3656 3272 3756 3337 γῆν

2187 3374 2329 3440 ἀέρα
2378 3372 2643 3441 κατέτηξέ
2707 3387 2768 3422 τε
2829 3371 2921 3423 καὶ
2951 3369 3179 3436 διέχεεν,
3238 3368 3360 3418 ὅθεν
3414 3365 3507 3417 καὶ
3566 3365 3757 3429 ἄνεμοι

2191 3462 2404 3515 ἑωθινοὶ
2433 3464 2526 3514 καὶ
2558 3461 2739 3531 δρόσοι
2790 3461 2849 3513 ὲν
2889 3458 3077 3528 αἰθρίᾳ
3105 3457 3205 3527 τὴν
3233 3459 3336 3525 γῆν
3379 3456 3757 3525 περιρῤέουσι.

2194 3555 2478 3622 Τοσαύτην
2513 3555 2571 3605 δὲ
2610 3548 2777 3606 οὖσαν
2831 3552 2929 3621 τὴν
2987 3551 3090 3619 γῆν
3158 3549 3273 3610 πῶς
3323 3546 3389 3600 ἂν
3420 3545 3662 3615 ἠδυνήθη
3704 3544 3758 3594 ὲν

2191 3646 2292 3716 μιᾷ
2339 3642 2534 3714 καιροῦ
2587 3646 2727 3713 ῥοπῇ
2761 3641 2859 3711 τὴν
2912 3642 3095 3693 πᾶσαν
3140 3637 3561 3706 καταφωτίζειν,
3598 3637 3646 3688 εί
3688 3634 3759 3705 μὴ

2189 3739 2298 3793 ἀπὸ
2334 3737 2570 3812 μεγάλου
2608 3736 2699 3788 τοῦ
2753 3734 2957 3787 κύκλου
2996 3733 3312 3801 κατέπεμπε
3346 3732 3445 3800 τὴν
3473 3730 3690 3800 subripi;

2204 3949 2214 3958 -
2266 3917 2425 3983 Οὕτω
2477 3916 2574 3985 μὲν
2610 3913 2704 3967 οὖν
2760 3913 2855 3967 καὶ
2889 3913 2981 3964 ἐπὶ
3012 3910 3112 3980 τῆς
3152 3909 3382 3979 σελήνης
3428 3907 3579 3961 ἐστιν
3616 3907 3758 3960 ἰδεῖν.

2190 4014 2352 4079 Μέγα
2386 4012 2493 4079 γὰρ
2525 4009 2621 4062 καὶ
2654 4007 2713 4059 τὸ
2748 4005 2908 4075 σῶμα
2943 4006 3004 4056 τὸ
3037 4006 3136 4073 τῆς
3173 4002 3425 4072 σελήνης,
3455 4001 3551 4054 καὶ
3601 4000 3763 4069 φανά-

2190 4101 2354 4156 τατόν
2390 4116 2454 4167 γε
2501 4098 2640 4167 μετά
2687 4097 2778 4148 τὸν
2807 4096 2978 4166 ἥλιον.
3039 4093 3161 4146 Ἐπὶ
3209 4092 3317 4161 γὰρ
3351 4091 3557 4144 τούτων
3606 4090 3762 4157 καὶὴ

2192 4193 2325 4261 ἁγία
2359 4192 2462 4261 ἔφη
2505 4190 2719 4260 Γραφήο
2758 4206 2777 4239 ι
2816 4188 2925 4241 Καὶ
2957 4187 3213 4256 ἐποίησεν
3261 4188 3288 4237 ὁ
3330 4185 3461 4246 Θεὸς
3491 4184 3619 4247 τοὺς
3653 4198 3764 4251 φω-

2197 4288 2400 4355 στῆρας
2426 4285 2554 4344 τοὺς
2592 4283 2885 4352 μεγάλους.
2931 4299 2950 4331 ι
2982 4278 3268 4346 Μεγάλους
3302 4278 3358 4330 δὲ
3383 4273 3536 4329 εἶπεν
3568 4275 3764 4335 αὐτοὺς

2195 4379 2295 4429 οὐκ
2332 4375 2522 4444 ἐπειδὴ
2559 4375 2782 4442 μείζους
2805 4372 2912 4425 τῶν
2946 4372 3289 4440 μικροτέρων
3321 4366 3760 4438 ἀστέρωψείσὶν,

2197 4468 2315 4521 ἀλλ’
2334 4466 2522 4534 ἐπειδὴ
2545 4464 2786 4519 τοσοῦτοι
2815 4464 2914 4531 τὴν
2946 4461 3314 4531 περιγραφὴν,
3346 4458 3486 4512 ὥστε
3518 4458 3765 4527 ἐξαρκεῖν

516 4580 584 4633 iis
612 4576 875 4648 splendor
926 4575 1127 4629 coelum
1194 4573 1374 4643 ipsum
1441 4571 1769 4626 collustrare
1802 4569 1979 4638 possit
2039 4582 2081 4625 et

2200 4562 2298 4630 τὴν
2329 4558 2427 4613 ἀπ’
2463 4556 2643 4611 αὐτῶν
2681 4556 2948 4625 χεομένην
2994 4553 3169 4622 αὐγὴν
3217 4553 3314 4603 καὶ
3352 4550 3580 4619 οὐρανὸν
3615 4566 3766 4616 περι-

515 4689 671 4731 aera,
720 4667 992 4736 simulque
1047 4675 1222 4719 semet
1263 4663 1332 4716 ad
1388 4671 1590 4715 terram
1637 4675 1704 4715 ac
1737 4675 1884 4715 mare
1915 4669 2088 4715 totum

518 4762 821 4828 porrigere.
854 4757 1204 4825 Quapropter
1260 4769 1394 4808 eave
1449 4766 1521 4806 ne
1579 4752 1990 4821 persuasionem
2022 4752 2090 4806 de

518 4852 624 4904 hoc
659 4849 841 4903 sidere
867 4848 1059 4902 falsam
1088 4847 1360 4915 sequaris,
1390 4858 1495 4898 nec
1521 4843 1953 4914 magnitudinem
1974 4843 2092 4914 ejus

517 4956 637 4996 esse
668 4939 961 4995 cubitalem
1006 4938 1307 4994 existimes.
1345 4934 1562 4991 Etenim
1608 4943 1866 5004 aspectus
1910 4944 2096 4988 noster

519 5032 574 5086 in
612 5046 739 5084 aere
766 5031 920 5084 velut
970 5031 1301 5097 absumptus
1362 5042 1427 5081 ac
1456 5025 1776 5081 deminutus
1827 5027 1896 5079 ad
1947 5039 2096 5079 eom-

520 5121 1217 5198 prehensionemjllorum,
1241 5135 1362 5189 qua:
1387 5135 1552 5189 supra
1575 5134 1674 5173 nos
1703 5118 2096 5189 conspicimus,

521 5213 947 5283 haudquaquam
981 5211 1204 5268 sulIicit.
1242 5212 1431 5282 Itaque
1462 5210 1681 5267 Litterae
1709 5226 1882 5267 sacrae
1921 5211 2092 5266 solem

525 5318 787 5376 magnum
824 5304 1105 5375 appellant
1133 5318 1199 5359 ex
1233 5304 1599 5359 admiratione
1626 5304 1862 5375 quadam
1890 5319 1956 5358 ac
1979 5314 2098 5358 stu-

523 5414 680 5468 pore,
716 5414 829 5453 non
860 5396 1291 5466 comparationis
1317 5396 1549 5466 alicujus
1584 5396 1820 5452 ratione.
1848 5382 2011 5450 :Nam
2041 5403 2097 5449 et

522 5501 674 5544 cetos
728 5490 842 5544 sive
897 5488 1139 5543 balaenas
1191 5488 1395 5543 eaedem
1448 5504 1675 5559 magnas
1728 5496 1948 5553 vocant,
1984 5502 2094 5541 non

525 5584 675 5653 quod
705 5582 791 5638 vel
831 5582 1033 5653 squilla
1062 5584 1147 5637 vel
1184 5582 1375 5637 halcee
1401 5582 1638 5653 majores
1667 5582 1797 5644 sint,
1825 5580 1920 5635 sed
1954 5579 2100 5648 quod

524 5676 988 5732 montibusetiam
1007 5676 1261 5733 maximis
1287 5674 1397 5731 sint
1425 5674 1765 5737 consimiles,
1783 5674 1889 5743 22
1911 5671 2097 5728 cuntin

494 5915 501 5927 ,
594 5858 640 5886 ’³
671 5856 804 5910 Gen.
847 5873 886 5909 ι.
933 5855 1013 5909 l6.

2201 4654 2438 4722 λάμπειν
2481 4650 2693 4705 καὶτὸν
2720 4650 2879 4718 ἀέρα,
2913 4646 3008 4700 καὶ
3036 4645 3171 4715 ὁμοῦ
3203 4662 3261 4696 τε
3294 4647 3358 4715 τῇ
3392 4646 3461 4714 γῇ
3493 4644 3641 4714 πάσῃ
3674 4642 3764 4694 καὶ

2200 4750 2266 4816 τῇ
2312 4745 2560 4816 θαλάσσῃ
2608 4740 3200 4812 συμπαρεκτείνεσθαι.
3254 4739 3346 4807 Μὴ
3376 4738 3469 4792 οὖν
3505 4737 3766 4792 ἀπατάτω

2202 4858 2262 4893 σε
2308 4841 2457 4892 τουτὶ
2493 4836 2847 4906 φαινόμενον,
2899 4832 3032 4903 μηδὲ
3090 4833 3363 4900 πηχυαῖον
3416 4831 3579 4884 αὑτὸν
3630 4822 3766 4880 εἶναι

2198 4932 2388 5005 νόμιζε
2412 4952 2426 4965 σ
2473 4934 2505 5002 ἡ
2541 4932 2647 5000 γὰρ
2685 4930 2809 4996 ὄψις
2856 4927 3012 4998 ἡμῶν
3066 4924 3501 4994 ἐνδαπανηθεῖσα
3540 4922 3617 4992 τῷ
3646 4919 3764 4987 ἀέρι

2197 5026 2492 5082 κάντεῦθεν
2523 5023 2764 5093 ἐξίτηλος
2811 5022 3066 5095 γεγονυῖα
3104 5018 3238 5086 πρὸς
3293 5016 3393 5086 τὴν
3437 5015 3638 5085 ἀκριϐῆ
3671 5028 3766 5066 κα-

2197 5119 2431 5191 τάληψιν
2464 5117 2575 5172 τῶν
2608 5116 2904 5185 ὁρωμένων
2940 5114 3042 5166 οὐκ
3074 5110 3318 5181 ἐξαρκεῖ.
3354 5110 3490 5162 Κατ’
3510 5105 3767 5178 ἔκπληξιν

2195 5213 2384 5266 λοιπὸν
2409 5210 2504 5264 καὶ⁵
2543 5209 2687 5262 κατά
2723 5206 3014 5275 σύγκρισιν
3044 5204 3217 5273 μέγαν
3242 5202 3586 5257 ἐκάλεσετὸν
3618 5198 3766 5268 ἥλιον

2201 5308 2234 5376 ἡ
2266 5303 2480 5374 Γραφὴ.
2531 5300 2674 5369 Ὅρα
2718 5296 2828 5367 γὰρ
2865 5297 2949 5349 ὅτι
2988 5295 3083 5348 καὶ
3130 5292 3200 5346 τὰ
3250 5293 3391 5363 κήτη
3443 5289 3512 5342 τὰ
3560 5284 3766 5359 μεγάλα.

2207 5396 2417 5466 μεγάλα
2445 5389 2600 5446 εἷπεν
2625 5393 2658 5461 ἡ
2686 5390 2878 5460 Γραφὴ
2904 5389 3004 5459 ούχ
3039 5388 3122 5440 ὅτι
3153 5385 3375 5455 καρίδος
3402 5385 3497 5437 καὶ
3523 5378 3758 5452 μαινίδος

2207 5489 2432 5559 μείζονά
2460 5487 2619 5545 εἰσιν,
2648 5484 2763 5538 ἀλλ’
2793 5484 2876 5537 ὃτι
2913 5483 3194 5554 μεγίστοις
3220 5480 3463 5533 ἐοίκασιν
3486 5476 3637 5547 ὄρεσι
3668 5469 3763 5536 τῆς

2205 5579 2475 5648 θαλάττης
2503 5576 2767 5639 πολλάκις
2819 5574 3257 5644 ὑπερνηχὸμενα.
3307 5571 3415 5625 Καὶ
3463 5561 3766 5635 ἐποίησενὸ

2209 5670 2340 5732 Θεὸς
2386 5670 2512 5734 τοὺς
2551 5668 2848 5738 φωστῆρας
2887 5667 3015 5730 τοὺς
3061 5663 3485 5737 μεγάλους.,Καὶ
3510 5660 3624 5722 πῶς
3662 5653 3766 5723 γὰρ
