4008 6430
2178 343 2227 350 -‹
2258 344 2264 348 ν
2296 342 2400 356 -ν-ιο-

247 433 312 495 85
999 465 1008 472 -
1522 438 1816 499 ANNALl'

1923 440 1925 498 ἶ
1969 439 2161 501 PARS
2203 439 2254 501 Ι.
3437 444 3505 505 66

245 545 302 596 οὔ
342 543 518 614 μέγας
561 545 590 598 ὁ
627 543 800 616 ἥλιος,
837 544 951 612 εἴγε
1009 543 1105 600 καὶ
1154 545 1252 617 τῆς
1283 545 1387 616 γῆς
1424 547 1594 617 αὐτῆς
1628 549 1816 603 πολλα·

1933 551 2227 622 superﬁcie
2258 551 2424 607 maris
2457 567 2491 606 n
2533 559 2668 609 tant.
2731 554 2968 610 Creavit
3004 570 3133 628 ergo
3173 557 3319 612 Deus
3345 557 3514 612 lumi-

244 637 484 710 πλασίων
519 637 642 691 ἐστί
669 656 684 706 ;
735 637 832 692 καὶ
862 636 971 708 γὰρ
998 638 1048 691 εί
1082 637 1158 711 μὴ
1190 638 1352 692 τοῦτο
1377 640 1694 710 ἐτύγχανεν,
1721 643 1822 695 οὐκ

243 730 310 784 ἂν
341 731 681 801 ὑπερφανεὶς
730 729 826 784 τοῦ
867 730 1147 802 ὁρίζοντος
1190 732 1258 802 τῇ
1291 731 1472 802 οἰκείᾳ
1512 731 1818 803 τηνικαῦτα

240 822 464 895 δυνάμει
497 822 940 897 συμπεριείληφε
969 821 1282 895 ξύμπαντα.

306 1093 469 1162 Μέγα
504 1091 624 1162 μὲν,
676 1089 755 1155 ὣς
799 1091 1122 1164 προείρηται
1150 1133 1164 1156 ,
1195 1093 1291 1147 καὶ
1337 1091 1398 1148 τὸ
1447 1094 1544 1165 τῆς
1583 1096 1816 1168 σελήνης

240 1185 422 1254 σῶμα,
460 1184 555 1236 καὶ
587 1182 883 1251 φανότατόν
933 1199 998 1251 γε
1051 1183 1193 1253 μετὰ
1238 1184 1329 1238 τὸν
1383 1186 1557 1256 ῆλιον.
1594 1187 1660 1241 Ei
1703 1187 1814 1258 γὰρ

240 1277 332 1330 καὶ
370 1274 449 1348 μὴ
496 1274 674 1329 διόλου
707 1276 768 1328 τὸ
804 1275 918 1344 φῶς
963 1276 1136 1346 αὐτῆς
1183 1276 1586 1348 ἀμετακίνητον
1636 1280 1814 1349 μένει,

237 1367 373 1422 ἀλλὰ
423 1367 518 1420 καὶ
563 1364 725 1420 τοῦτο
773 1367 1017 1438 ἀρρήτου
1059 1368 1256 1438 σοφίας
1315 1369 1411 1423 τοῦ
1474 1371 1823 1442 δημιουργοῦ

238 1465 482 1528 πάντων,
523 1461 664 1516 ὥστε
708 1462 786 1533 τῷ
817 1461 959 1516 κατὰ
1006 1462 1106 1535 τὴν
1154 1461 1385 1533 σελήνην
1426 1463 1662 1534 θεάματι
1691 1481 1818 1518 παι-

236 1553 494 1608 δεύεσθαι
528 1554 681 1624 ἡμᾶς
709 1555 778 1608 τὰ
806 1555 1053 1624 ἡμέτερα
1089 1553 1148 1607 δὲ
1196 1556 1292 1610 καὶ
1322 1555 1421 1626 τῆς
1447 1555 1676 1626 ταχείας
1703 1555 1812 1611 τῶν

237 1645 600 1717 ἀνθρωπίνων
639 1643 979 1715 περιτροπῆς
1025 1644 1276 1698 ἐντεῦθεν
1335 1646 1416 1710 είς
1463 1645 1675 1701 ἔννοιαν
1716 1646 1813 1718 ἐρ-

239 1737 453 1807 χεσθαι.
497 1733 665 1806 Οῐμαι
701 1736 760 1790 δὲ
805 1737 898 1789 καὶ
945 1737 1011 1806 τῇ
1037 1736 1147 1790 τῶν
1177 1737 1332 1800 ζώων
1372 1741 1688 1810 κατασκευῇ
1719 1740 1815 1793 καὶ

237 1831 350 1892 τοῖς
411 1829 621 1892 λοιποῖς
671 1828 785 1892 τοῖς
822 1827 930 1881 ἀπὸ
982 1828 1087 1898 γῆς
1152 1830 1447 1899 φυομένοις
1495 1831 1570 1900 μὴ
1605 1831 1812 1903 μικρὰν

241 1920 514 1992 ὑπάρχειν
561 1919 624 1973 ἐκ
657 1918 757 1988 τῆς
795 1921 938 1975 κατὰ
973 1920 1072 1992 τὴν
1109 1919 1340 1992 σελήνην
1377 1922 1687 1992 μεταϐολῆς
1716 1924 1816 1995 τὴν
1844 1912 1894 1974 Β

239 2013 570 2068 συντέλειαν·
600 2013 774 2078 ἄλλως
805 2013 914 2084 γὰρ
949 2014 1247 2070 διατίθεται
1283 2017 1613 2087 μειουμένης
1644 2016 1819 2090 αὐτῆς

241 2107 334 2159 καὶ
362 2103 538 2168 ἄλλως
566 2104 870 2176 αὐξομένης
913 2105 981 2160 τὰ
1028 2107 1285 2174 σώματα,
1325 2107 1420 2160 νῦν
1465 2107 1566 2178 μὲν
1617 2107 1817 2180 ληγού-

247 2215 344 2268 σης
381 2196 552 2268 ἀραιὰ
582 2196 844 2267 γινόμενα
873 2197 968 2250 καὶ
992 2196 1146 2261 κενὰ,
1171 2197 1265 2251 νῦν
1296 2199 1352 2252 δὲ
1381 2198 1687 2269 αὐξομένης
1723 2201 1817 2255 καὶ

247 2288 377 2359 πρὸς
406 2287 470 2342 τὸ
513 2289 722 2360 πλῆρες
754 2288 1101 2360 ὲπαγομένης
1150 2290 1248 2343 καὶ
1279 2290 1421 2346 αὐτὰ
1470 2290 1636 2346 πάλιν
1681 2293 1814 2347 ἁνα-

246 2381 620 2455 πληρούμενα,
649 2382 788 2437 διότι
819 2381 1098 2454 ὑγρότητά
1126 2399 1249 2437 τινα
1277 2383 1578 2456 θερμότητι
1611 2401 1819 2459 κεκρα-

250 2477 411 2546 μένην
459 2476 552 2528 sui
601 2475 661 2530 τδ
711 2473 873 2545 βάθος
935 2474 1215 2543 φθάνουσα
1258 2473 1564 2545 λεληθότως
1615 2476 1815 2548 ἐνίησι.

253 2567 473 2636 Δηλοῦσι
501 2566 557 2620 δὲ
584 2565 744 2620 τοῦτο
783 2566 875 2620 καὶ
901 2566 952 2620 οι
991 2566 1346 2631 καθεύδοντες
1373 2567 1474 2638 τῆς
1521 2566 1628 2622 ὑπὸ
1662 2568 1817 2640 σελήο

251 2678 338 2732 νης
366 2661 666 2732 ὑγρότητος
703 2659 972 2730 περισσῆς
1001 2660 1102 2724 τὰς
1149 2661 1250 2728 τῆς
1292 2660 1534 2730 κεφαλῆς
1568 2659 1815 2731 εὐρυχω-

257 2756 368 2823 ρίας
421 2751 814 2824 πληρούμενοι,
847 2750 927 2804 ἔτι
973 2751 1031 2804 δὲ
1073 2751 1143 2805 τὰ
1180 2750 1461 2822 νεοσφαγῆ
1487 2751 1600 2805 τῶν
1636 2752 1818 2822 κρεῶν

252 2845 313 2915 τῇ
347 2843 618 2913 προσϐολῇ
663 2842 762 2912 τῆς
793 2843 1021 2914 σελήνης
1053 2841 1264 2912 ταχέως
1292 2843 1627 2914 τρεπόμενα.
1655 2843 1814 2897 Κατὰ

256 2935 406 2988 τοῦτο
435 2934 532 2988 καὶ
575 2935 662 3004 ἐφ’
690 2933 936 3004 ἅρματος
970 2934 1138 3005 αὐτὴν
1166 2935 1262 2988 καὶ
1289 2935 1384 2989 δύο
1409 2936 1632 3006 ταύρων
1660 2935 1815 2990 καθί-

254 3026 429 3089 ζουσιν
469 3027 543 3091 ὡς
577 3027 886 3082 κυκλοῦσαν
931 3028 1022 3082 τὸν
1074 3025 1281 3095 κόσμον
1327 3027 1423 3081 καὶ
1468 3028 1812 3099 ἀροτριῶσαν

253 3120 340 3171 καὶ
368 3119 714 3190 σπείρουσαν,
763 3119 1134 3191 ὑγραίνουσάν
1162 3136 1223 3173 τε
1255 3121 1352 3176 καὶ
1383 3123 1809 3192 θερμαίνουσαν.

254 3211 430 3266 Ταῦτα
455 3211 512 3265 δὲ
536 3213 716 3267 πάντα
740 3213 841 3266 οὐκ
875 3212 940 3266 ἂν
970 3211 1062 3281 ἰξή
1073 3227 1236 3281 ρκεσε
1263 3214 1328 3282 τῇ
1361 3213 1564 3283 ἑαυτῆς
1588 3211 1816 3267 ἀλλοιώ-

255 3319 330 3356 σει
359 3304 754 3376 συμμεθιστᾷν,
783 3305 830 3357 εἰ
875 3304 948 3376 μή
995 3320 1058 3372 γε
1113 3304 1255 3356 κατὰ
1301 3303 1408 3374 τὴν
1444 3303 1547 3375 τῆς
1588 3295 1815 3376 Γραφῆς

257 3393 551 3463 μαρτυρίαν
586 3393 873 3465 ὑπερφυής
915 3410 996 3456 τις
1043 3392 1312 3463 ἐτύγχανε
1359 3396 1427 3465 τῇ
1475 3394 1726 3464 δυνάμειη
1755 3412 1817 3449 τε

254 3483 604 3554 ὑπερέχουσα.
629 3485 786 3540 οὕτω
811 3489 908 3556 μὲν
936 3485 1028 3540 οὖν
1054 3487 1119 3539 ὲκ
1150 3487 1249 3555 τῆς
1279 3485 1457 3550 αἰτίας
1485 3486 1687 3557 ταύτης
1720 3487 1817 3541 καὶ

254 3575 316 3630 τὰ
345 3579 484 3631 κατὰ
513 3577 604 3631 τὸν
641 3578 784 3649 ἀέρα
813 3578 960 3649 πάθη
986 3577 1356 3644 συνίστανται,
1387 3578 1464 3643 ὡς
1502 3576 1817 3651 μαρτυροῦ-

254 3684 332 3720 σιν
360 3669 490 3740 ἡμῖν
538 3670 598 3724 αί
643 3672 781 3724 κατὰ
806 3671 905 3740 τὴν
943 3671 1245 3741 νουμηνίαν
1282 3670 1549 3735 πολλάκις
1577 3671 1688 3726 ἀπὸ
1717 3689 1817 3742 γα-

252 3760 414 3832 λήνης
455 3762 550 3815 καὶ
592 3762 853 3834 νηνεμίας
905 3763 1158 3832 αίφνίδιοι
1206 3763 1446 3835 ταραχαὶ
1476 3763 1584 3817 τῶν
1630 3763 1810 3833 νεφῶν

252 3853 618 3924 κλονουμένων
659 3857 756 3910 καὶ
803 3855 1229 3925 συμπιπτόντων
1258 3853 1534 3924 ἀλλήλοις,
1583 3853 1641 3906 αἱ
1678 3855 1810 3924 περὶ

251 3945 370 4009 τοὺς
417 3947 673 4016 εὐρίπους
704 3963 765 4000 τε
797 3947 1138 4018 παλίρροιαι,
1168 3946 1264 4001 καὶ
1305 3948 1337 4017 ή
1372 3947 1500 4016 περὶ
1528 3945 1620 4000 τὸν
1658 3946 1812 4014 λεγό-

1837 3262 1886 3329 C

1934 644 2086 696 naria
2119 659 2334 716 magna.
2371 643 2437 700 Et
2465 660 2573 715 quo
2600 655 2761 714 pacto
2786 647 2867 702 sol
2895 662 3005 702 non
3038 663 3268 720 magnus
3305 651 3396 717 sit,
3462 652 3508 705 si

1931 733 2158 802 quidem
2216 750 2342 789 eum
2405 736 2593 792 multis
2659 747 2807 793 terra
2865 738 3116 807 partibus
3164 755 3287 796 esse
3345 742 3517 812 majo-

1933 835 2050 875 rem
2092 823 2346 878 constat?
2400 839 2526 878 nam
2563 824 2774 896 absque
2807 827 2901 882 illo
2956 826 3122 897 foret,
3186 845 3296 885 non
3348 846 3515 901 supra

1930 914 2202 970 circulum
2241 916 2518 973 ﬁnitorem
2544 927 2877 988 conspectus
2905 920 2959 976 vi
2989 935 3086 977 sua
3125 929 3324 979 cuncta
3359 938 3516 980 com-

1931 1007 2295 1077 plecteretur.

2001 1097 2197 1155 itidem
2227 1110 2286 1157 ut
2317 1103 2482 1158 modo
2521 1104 2928 1172 iudicabamus,
2959 1106 3104 1162 luna:
3136 1123 3360 1178 quoque
3389 1122 3516 1164 cor-

1930 1208 2035 1262 pus
2073 1193 2266 1265 ingens
2297 1207 2381 1253 est
2411 1212 2475 1254 ac
2510 1184 2819 1254 secundum
2858 1200 3032 1256 solem
3075 1200 3512 1257 lucidissimum.

1925 1284 2064 1341 Nam
2093 1287 2242 1357 quod
2270 1289 2366 1343 lux
2398 1290 2520 1361 ejus
2557 1305 2666 1346 non
2701 1307 2932 1362 prorsus
2985 1294 3286 1350 immobilis
3317 1303 3420 1355 est,
3456 1293 3511 1348 id

1927 1393 2061 1434 vero
2087 1377 2159 1435 ad
2183 1382 2511 1451 sapientiam
2535 1383 2685 1439 illam
2715 1401 2898 1440 rerum
2923 1385 3140 1456 opiﬁcis
3173 1387 3510 1442 ineffabilem

1925 1470 2121 1528 referri
2157 1472 2344 1530 debet.
2376 1474 2642 1547 Adeoque
2675 1478 2873 1532 lunam
2924 1477 3296 1548 inspectantes
3321 1478 3394 1533 de
3426 1493 3516 1534 re-

1928 1577 2050 1618 rum
2074 1574 2386 1621 nostrarum
2413 1575 2558 1623 statu
2588 1578 2645 1625 et
2674 1570 2993 1625 conditione
3027 1585 3129 1627 nos
3151 1571 3362 1627 erudiri
3394 1573 3509 1626 sci-

1924 1667 2104 1722 smus,
2131 1665 2192 1710 ut
2219 1656 2351 1713 hinc
2375 1659 2576 1714 moniti
2606 1660 2675 1716 de
2705 1661 2880 1716 celeri
2909 1677 3096 1717 rerum
3135 1662 3508 1718 humanarum

1925 1747 2221 1802 eversione
2252 1749 2582 1821 cogitemus.
2616 1753 2941 1824 Quanquam
2977 1766 3241 1826 praeterea
3269 1773 3379 1810 non
3413 1771 3512 1828 pa-

1923 1852 2047 1892 rum
2072 1841 2336 1910 prodesSe
2361 1844 2721 1900 mutationem
2746 1845 2899 1902 illam
2925 1848 3069 1903 lunae
3093 1857 3200 1904 tam
3231 1850 3370 1920 ipsis
3387 1851 3511 1904 ani-

1923 1929 2211 1985 mantibus
2236 1947 2401 2001 quam
2431 1935 2649 1990 caeteris
2680 1950 2711 1990 e
2755 1945 2903 1992 terra
2953 1940 3312 1995 nascentibus
3343 1942 3509 1996 rebus

1925 2019 2184 2089 equidem
2216 2022 2480 2080 arbitror.
2507 2025 2642 2081 Nam
2673 2027 2837 2084 aliter
2883 2030 3097 2089 adiecta
3125 2041 3255 2088 sunt
3274 2049 3508 2104 corpora

1928 2110 2054 2166 luna
2093 2111 2379 2169 deminuta
2413 2131 2580 2186 quam
2635 2133 2762 2174 esse
2815 2122 3033 2178 soleant
3083 2123 3280 2180 eadem
3343 2142 3508 2198 auge-

1924 2209 2138 2256 scente.
2172 2201 2384 2274 Quippe
2426 2221 2553 2260 cum
2605 2207 2794 2264 deﬁcit
2837 2225 2902 2267 ac
2951 2212 3326 2280 imminuitur,
3382 2217 3504 2271 laxa

1923 2300 2248 2364 suntatque
2280 2311 2452 2353 vacua
2490 2315 2505 2354 :
2542 2313 2669 2355 cum
2699 2303 2949 2373 augescit
2990 2313 3048 2360 et
3093 2307 3161 2360 ad
3210 2308 3513 2378 plenitudi-

1921 2397 2050 2438 nem
2081 2399 2234 2440 suam
2265 2399 2550 2459 properat,
2595 2406 2828 2464 corpora
2873 2409 3097 2466 quoque
3148 2414 3372 2455 rursum
3419 2417 3506 2458 re-

1919 2475 2064 2546 pleri
2091 2477 2386 2549 videmus;
2443 2482 2614 2554 idque
2644 2497 2948 2558 propterea
3000 2491 3150 2561 quod
3209 2493 3501 2552 humorem

1919 2570 2216 2638 quemdam
2241 2585 2368 2627 cum
2399 2575 2584 2632 calore
2612 2587 2984 2649 temperatum
3007 2591 3063 2638 et
3093 2583 3161 2638 ad
3191 2584 3301 2641 ima
3325 2602 3502 2659 usque

1919 2661 2288 2730 pertinentem
2357 2668 2520 2736 quasi
2598 2670 2766 2726 tacite
2820 2676 3152 2745 corporibus
3217 2679 3501 2736 immittat.

1918 2752 2301 2812 Animadverti
2327 2756 2434 2814 hoc
2478 2759 2547 2816 de
2579 2761 2649 2817 iis
2677 2778 2901 2835 quoque
2931 2776 3132 2834 potest,
3176 2772 3272 2841 qui
3319 2775 3385 2828 ad
3414 2775 3503 2829 lu-

1921 2858 2050 2898 nam
2079 2844 2422 2904 dormientes
2449 2851 2732 2920 superﬂuo
2785 2855 3020 2914 humore
3046 2861 3243 2931 capitis
3286 2867 3507 2935 capaci—

1922 2949 2089 2995 tatem
2114 2955 2332 2996 omnem
2369 2944 2569 3014 repleri
2606 2949 2875 3005 sentiunt.
2911 2952 3109 3008 itidem
3162 2971 3359 3013 carnes
3411 2978 3502 3016 re-

1919 3045 2053 3087 cens
2081 3042 2450 3089 mactatorum
2477 3037 2807 3094 animalium
2841 3041 2906 3095 ad
2935 3043 3120 3100 lunam
3159 3051 3424 3118 exposita:
3445 3065 3504 3107 et

1920 3120 1991 3175 ab
2019 3121 2140 3192 ejus
2169 3121 2340 3179 radiis
2368 3132 2589 3180 attactm
2611 3127 2724 3184 cito
2750 3139 3039 3186 mutantur
3057 3149 3122 3190 ac
3151 3146 3502 3205 putrescunt.

1918 3208 1996 3268 Ea
2027 3212 2095 3269 de
2124 3227 2292 3292 causa
2322 3215 2510 3271 lunam
2534 3217 2588 3272 in
2618 3233 2808 3285 curru,
2845 3221 3064 3280 duobus
3100 3227 3273 3283 tauris
3301 3229 3503 3301 adjuno

1917 3302 2042 3369 etis,
2077 3304 2373 3370 collocant,
2425 3317 2692 3378 tanquam
2739 3313 3009 3369 mundum
3051 3316 3204 3373 hunc
3253 3321 3508 3378 ambien-

1917 3400 2053 3460 tem,
2085 3407 2352 3464 arantem,
2389 3410 2694 3456 sementem
2731 3404 2786 3458 in
2818 3419 2887 3461 eo
2927 3406 3244 3477 facientem,
3306 3412 3505 3470 hume-

1917 3495 2158 3542 ctantem
2188 3497 2354 3558 atque
2392 3491 2828 3551 calefacientem.
2869 3498 2995 3556 Hzec
3026 3503 3209 3558 omnia
3244 3520 3377 3562 vero
3405 3524 3503 3581 per
3533 3572 3535 3575 ι

1917 3576 2358 3636 immutationem
2406 3583 2556 3638 illam
2604 3589 2859 3658 corporis
2912 3593 2996 3648 sui
3073 3595 3345 3664 perﬁcere
3406 3576 3503 3657 ne-

1915 3679 2190 3740 qanuam
2220 3682 2433 3742 posset,
2473 3676 2519 3730 si
2545 3692 2656 3732 non
2710 3681 2928 3738 eximiae
2960 3686 3249 3756 cujusdam
3284 3696 3502 3763 magni-

1921 3763 2145 3818 tudinis
2179 3765 2447 3836 singulari
2478 3785 2606 3825 cum
2640 3771 2696 3827 vi
2717 3782 2776 3828 et
2808 3773 3132 3834 eﬂicacitate
3164 3785 3498 3854 conjunctae,

1917 3855 2381 3924 quemadmodum
2415 3869 2470 3916 et
2495 3859 2720 3918 Litterae
2775 3880 2948 3922 sacrae
2980 3877 3272 3942 testantur,
3327 3890 3496 3935 esset.

1915 3944 2098 4018 Atque
2130 3947 2233 4005 hac
2260 3965 2394 4006 sane
2429 3951 2498 4034 de
2529 3969 2694 4010 causa
2725 3958 2984 4016 videmus
3019 3973 3074 4018 et
3107 3967 3254 4021 aeris
3282 3968 3499 4026 affecti-

257 4053 409 4107 μενον
451 4037 703 4092 Ὠκεανὸν
754 4039 1046 4109 ἄμπωτις,
1098 4038 1165 4110 ἦν
1211 4040 1332 4102 ταῖς
1385 4038 1657 4109 περιόδοις
1712 4040 1812 4111 τῆς

1923 4052 2050 4094 ones
2102 4051 2284 4097 certas
2351 4046 2645 4111 exsistere,
2702 4055 3167 4119 quemadmodum
3214 4059 3498 4118 declarant

254 4130 479 4200 σελήνης
508 4131 857 4201 τεταγμένως
903 4130 1178 4202 ἑπομένην
1227 4129 1450 4202 ἰξεῦρον
1482 4129 1532 4184 οί
1577 4149 1810 4201 προσοι-

1923 4139 2119 4186 exorta;
2145 4147 2532 4204 saepenumero
2562 4141 2833 4197 novilunii
2875 4153 3128 4217 tempore
3180 4153 3248 4207 de
3278 4170 3498 4209 summa

254 4221 487 4284 κοῦντες.
522 4221 708 4276 Ταίτα
743 4221 845 4294 μὲν
896 4221 988 4278 οὖν
1027 4221 1126 4277 καὶ
1170 4225 1200 4278 ό
1243 4219 1809 4314 μέγαςδιαλαμύάνει

1923 4225 2338 4292 tranquillitate,
2376 4238 2668 4287 ventorum
2701 4237 2948 4292 omnium
2981 4254 3228 4314 experte,
3273 4258 3494 4314 pertur—

255 4310 543 4377 Βασίλειος,
577 4313 856 4378 ἀποδεῖξαι
889 4311 1060 4368 θέλων
1104 4311 1214 4366 τῶν
1257 4311 1568 4383 φωστήρων
1596 4311 1808 4365 τούτων

1923 4316 2159 4371 nationes
2183 4321 2328 4375 aeris
2361 4325 2686 4394 repentium,
2726 4312 3141 4389 nu-bibus'inter
3191 4351 3248 4390 sc
3283 4340 3490 4395 collisis

256 4402 306 4455 τὸ
344 4403 588 4472 μέγεθος.
1906 4409 2176 4480 quasique
2200 4413 2650 4485 conﬂigentibus,
2679 4421 2960 4477 declarant
3022 4435 3077 4480 ct
3101 4427 3278 4484 ﬂuxus
3307 4448 3369 4486 ac
3401 4450 3490 4487 re.

253 4496 418 4554 ﬂuxus
447 4513 708 4569 aquarum
743 4498 800 4554 in
827 4496 1054 4568 euripis,
1105 4495 1308 4566 illaque
1356 4496 1473 4568 ipsa
1503 4511 1626 4568 qua!
1691 4496 1752 4552 ﬂt
1816 4498 1873 4552 in
1905 4499 2124 4558 Oceano
2165 4504 2350 4576 (quem
2387 4510 2606 4580 vocant)
2667 4514 2837 4568 maris
2884 4517 3269 4587 reciprocatio,
3324 4541 3489 4594 quam

253 4593 462 4659 quidem
519 4593 770 4648 homines
823 4591 1106 4650 littoribus
1162 4591 1390 4648 marinis
1443 4592 1664 4648 ﬁnitimi
1712 4609 1815 4679 per
1849 4604 2022 4652 statas
2056 4601 2209 4655 vices
2243 4601 2388 4658 luna:
2417 4605 2688 4663 circuitus
2748 4610 2854 4681 23
2918 4615 3074 4682 sequi
3108 4591 3494 4688 deprchende-

1712 4673 1718 4679 .
2748 4665 2853 4681 -ν
2958 4665 3073 4682 -πν
3113 4665 3462 4688 _-,--..-..-..

240 4665 391 4741 runt.
442 4684 716 4743 Hactenus
768 4702 892 4758 quae
945 4687 1015 4742 de
1062 4687 1152 4743 bis
1216 4702 1448 4759 magnus
1483 4686 1574 4744 ille
1638 4687 1874 4747 Basilius
1914 4693 2233 4765 complexus
2279 4705 2386 4766 est,
2427 4700 2559 4756 dum
2617 4703 2816 4762 horum
2867 4707 3223 4766 luminarium
3282 4715 3496 4786 magni.

253 4781 486 4838 tudinem
521 4782 894 4838 demonstrare
922 4782 1138 4839 nititur.
1557 4819 1559 4823 ι
1786 4780 1790 4784 “

317 4879 386 4932 Σὺ
415 4877 492 4942 δὲ,
529 4877 804 4948 ἁγαπητὲ,
856 4879 994 4949 πρὸς
1037 4882 1150 4943 τοῖς
1191 4881 1504 4952 εἰρημένοις
1541 4882 1701 4936 τοῦτο
1729 4883 1813 4952 γί-

1989 4881 2166 4940 Debes
2196 4895 2403 4952 autem,
2435 4889 2635 4945 dilecte
2685 4891 2785 4960 ﬂii,
2837 4907 3038 4968 praeter
3085 4901 3196 4973 jam
3253 4905 3494 4969 indicata

248 4987 415 5023 νωσκε
437 4970 519 5023 ὅτι
542 4971 744 5032 πάντες
775 4970 873 5041 μὲν
909 4972 960 5024 oi.
992 4971 1172 5027 λοιποὶ
1202 4974 1434 5044 ἀστέρες
1471 4976 1598 5029 ίδιον
1625 4976 1810 5046 έχουσι

1923 4973 2046 5028 illud
2078 4976 2244 5031 etiam
2266 4979 2731 5050 animadvertere,
2754 4993 2951 5041 caetera
2978 4970 3202 5059 quidem
3233 4997 3491 5056 universa

250 5062 376 5128 φῶς,
409 5063 586 5115 ἐκεῖνο
623 5061 826 5132 δηλαδὴ
879 5064 941 5116 τὸ
987 5064 1222 5134 πρώτως
1264 5067 1672 5140 καταμερισθέν
1713 5068 1811 5122 καὶ

1923 5068 2095 5122 sidera
2130 5086 2292 5124 suum
2323 5086 2386 5126 ac
2421 5073 2698 5142 peculiare
2730 5078 3006 5147 quoddam
3038 5083 3245 5144 habere
3282 5090 3492 5159 lumen,

249 5155 391 5208 δοθὲν
415 5155 620 5220 αὐτοῖς,
657 5156 791 5224 μόνη
826 5154 884 5208 δὲ
933 5156 967 5228 ἡ
1011 5155 1213 5227 σελήνη
1267 5159 1380 5226 φῶς
1431 5159 1492 5211 ού
1541 5159 1806 5230 κέκτηται

1923 5159 1978 5213 ιι)
2011 5160 2170 5215 initio
2203 5163 2414 5217 scilicet
2442 5165 2524 5220 eis
2548 5167 2910 5225 distributum
2947 5182 3113 5246 atque
3141 5179 3329 5237 datum
3356 5227 3372 5251 ,
3411 5154 3499 5241 lu;

251 5247 392 5302 ἴδιον.
438 5247 500 5325 El
534 5247 642 5318 γὰρ
672 5247 769 5299 καὶ
807 5247 1026 5317 λέγουσι
1073 5265 1219 5312 τινες
1247 5249 1489 5322 ἀμυδρὸν
1536 5255 1630 5306 καὶ
1674 5253 1808 5306 ταύ-

1923 5265 2032 5304 iam
2068 5247 2213 5305 vero
2239 5252 2448 5310 lumine
2470 5259 2693 5327 prOprio
2716 5260 2961 5318 destitui.
2992 5265 3316 5340 Quanquam
3341 5247 3487 5329 enim

246 5354 337 5407 την
363 5335 664 5406 κεκτῆσθαι
704 5334 844 5405 φῶς,
893 5335 1006 5390 ἀλλ’
1051 5337 1106 5390 αἱ
1153 5337 1549 5407 αὐξομειώσεις
1589 5339 1807 5402 πάντως

1923 5344 2169 5398 nonnulli
2203 5346 2424 5401 tradant
2456 5349 2631 5418 ipsam
2680 5368 2902 5424 quoque
2945 5356 3131 5414 lumen
3169 5334 3490 5419 -obscurum

245 5431 428 5497 αὐτῆς,
469 5430 526 5480 ὲν
556 5423 642 5491 αἶς
669 5427 955 5499 μηνοειδὴς
1000 5431 1192 5500 ὁρᾶται
1224 5433 1316 5483 καὶ
1362 5431 1677 5502 πλησιφαὴς
1709 5433 1806 5486 καὶ

245 5523 604 5590 ἀμφίκυρτος,
642 5522 699 5584 ἐξ
735 5521 886 5592 ήλίου
922 5520 1092 5592 ταύτῃ
1122 5524 1508 5593 προσγίνονται
1535 5529 1677 5580 κατὰ
1713 5528 1814 5600 τὴν

244 5621 396 5667 ποιὰν
449 5614 628 5666 αὐτῶν
687 5613 1004 5684 συμπλοκὴν
1057 5617 1151 5668 καὶ
1193 5616 1500 5672 διάστασιν.
1558 5620 1813 5674 Μάνυλνε

242 5707 325 5759 οὖν
354 5710 442 5760 ὅτι
474 5706 588 5775 φῶς
618 5705 894 5774 ἀλλότριον
924 5707 958 5776 ἡ
991 5710 1189 5778 σελήνη
1223 5709 1488 5775 ἐνδύεται,
1514 5713 1608 5764 καὶ
1638 5715 1718 5765 ὅτι
1755 5716 1816 5766 τὺ

245 5804 401 5869 μέρος
452 5802 630 5852 ἐκεῖνο
680 5798 810 5868 παρ’
855 5799 1004 5868 ἡλίου
1057 5802 1350 5868 φωτίζεται
1397 5803 1424 5854 ὃ
1486 5806 1616 5872 προς
1649 5808 1812 5860 αὑτζν

169 5879 479 5958 Χνένευκε,
514 5891 760 5960 δηλονότι
788 5889 882 5942 τὸν
912 5891 1087 5961 ἥλιον.
1138 5895 1244 5945 Καὶ
1293 5891 1455 5965 δῆλον
1483 5896 1544 5947 ἐκ
1575 5898 1668 5966 τῆς
1706 5901 1807 5969 ἐμ-

568 5984 846 6044 ΡΑτιιοι.
877 5985 991 6046 Gn.
1030 5983 1294 6052 (ILl'ill.

1921 5434 2147 5497 habere,
2191 5447 2370 5493 tamen
2404 5444 2857 5501 exsistimanilum
2924 5460 3011 5505 est
3073 5455 3297 5509 omnino
3355 5457 3497 5511 lucis

1914 5528 2279 5595 incrementa,
2309 5536 2511 5604 quibus
2545 5538 2603 5592 iit
2646 5549 2705 5596 ut
2743 5543 2830 5597 vel
2863 5548 2912 5596 in
2946 5561 3153 5601 cornua
3181 5549 3374 5601 falcata
3408 5551 3490 5603 vel

1917 5623 2079 5690 pleno
2109 5626 2468 5694 respicndens
2498 5630 2707 5685 lumine
2732 5634 2818 5688 vel
2848 5634 3135 5690 dimidiata
3169 5638 3341 5707 major
3364 5653 3497 5693 con-

1915 5717 2205 5784 spiciatur,
2240 5718 2294 5772 in
2325 5735 2388 5773 ea
2435 5736 2536 5791 per
2595 5725 2766 5778 solem
2796 5725 2961 5789 eﬂici,
3013 5737 3176 5797 prout
3207 5729 3380 5791 ,inter
3436 5747 3496 5786 se

1914 5811 2350 5879 congrediuntur
2381 5826 2476 5868 aut
2505 5815 2921 5887 disjunguntur.
2973 5819 3184 5874 Lunam
3220 5821 3386 5893 igitur
3408 5825 3499 5879 lu-

1914 5917 2032 5955 ςι-ιιι
2063 5903 2297 5958 alienam
2343 5909 2492 5961 velut
2521 5909 2752 5965 induere
2782 5913 2946 5977 scias,
2997 5929 3230 5982 eamque
3275 5928 3494 5985 partem

3052 6009 3089 6066 3
