4008 6456
540 429 618 493 B7
1828 424 2250 491 MICHAELIS
2287 432 2549 494 GLYC.’E
3091 472 3101 481 -
3713 443 3773 506 f8

546 544 721 611 ipsius
749 555 776 593 a
812 541 924 594 sole
956 538 1265 593 collustrari
1295 554 1414 609 qua:
1454 541 1556 595 soli
1590 540 1825 596 obversa
1858 550 1962 597 est.
1994 539 2108 597 Pot-

2224 542 2533 611 πιπτούσης
2577 543 2713 612 ἡμῖν
2762 542 3000 613 ἡλιακῆς
3030 543 3270 608 ἀκτῖνος.
3318 544 3515 599 Ἕνίοτε
3544 548 3645 619 γὰρ
3674 552 3775 604 ἐτέ-

531 643 624 688 ‘est
646 633 751 686 hoc
776 646 841 683 ex
877 631 1010 698 ipsis
1037 629 1102 683 ad
1129 646 1226 682 nos
1251 630 1640 686 dciabentibus
1665 631 1832 685 radiis
1853 632 1985 685 solis
2006 631 2124 684 ani-

541 720 836 776 madverti.
866 720 1000 774 Nam
1036 720 1197 774 aliter
1226 730 1391 790 atque
1425 722 1582 775 aliter
1613 737 1712 792 pro
1756 722 1978 775 diverso
2013 734 2119 775 tum

540 816 649 869 situ
675 829 839 884 quam
870 822 1021 869 metu
1056 814 1190 868 solis
1220 812 1286 866 ab
1326 816 1409 868 eis
1447 830 1548 868 nos
1583 829 1802 884 quoque
1832 815 2122 869 collustra-

470 966 478 984 δ
539 924 684 961 mur.
717 907 927 974 Quodsi
960 908 1195 961 maxime
1217 908 1269 960 in
1304 908 1499 963 horum
1552 909 1798 964 siderum
1830 912 1978 965 coitu
2028 925 2123 965 no-

540 1002 624 1055 bis
650 1003 880 1057 obversa
908 1002 1159 1072 corporis
1188 1002 1404 1055 lunaris
1439 1018 1564 1071 pars
1593 1004 1821 1058 omnino
1857 1003 1998 1058 lucis
2026 1018 2122 1058 ex-

538 1108 665 1162 pers
702 1093 1073 1161 conspicitur,
1114 1092 1476 1147 nihilominus
1515 1093 1763 1162 ejusdem
1796 1108 1922 1164 pars
1952 1109 2119 1164 supe-

536 1185 654 1238 rior
687 1184 974 1253 solemque
1011 1192 1268 1253 spectans
1326 1184 1431 1237 hoc
1486 1184 1605 1254 ipso
1635 1195 1883 1253 tempore
1929 1185 2115 1239 lumen

538 1275 686 1327 illius
711 1274 930 1344 recipit,
969 1290 1077 1343 qua
1107 1273 1209 1329 soli
1243 1275 1459 1329 scilicet
1523 1286 1610 1329 est
1639 1274 1895 1329 obversa.
1964 1275 2118 1330 Licet

534 1368 645 1421 hoc
677 1376 733 1420 ct
762 1367 815 1420 in
850 1367 1171 1436 pleniluniis
1204 1367 1657 1435 deprehendere;
1690 1367 1896 1436 quippe
1931 1366 2112 1419 lunam

536 1459 592 1512 id
628 1459 896 1528 temporis
928 1467 1042 1513 toto
1080 1473 1315 1527 corpore
1371 1473 1470 1539 suo
1531 1459 1804 1513 lucentem
1841 1458 2119 1525 conspici-

538 1567 682 1609 mus.
709 1551 789 1604 uti
828 1566 950 1620 ηυδε
977 1565 1045 1604 ex
1074 1550 1313 1605 adverso
1349 1548 1605 1604 collocati
1629 1548 1762 1605 solis
1788 1548 1975 1602 radios
2020 1564 2113 1603 ex-

534 1642 711 1710 cipit;
754 1657 859 1710 qua
888 1642 955 1696 de
988 1656 1153 1696 causa
1185 1656 1312 1711 pars
1373 1640 1523 1710 globi
1550 1639 1673 1709 ejus
1713 1640 1949 1708 reliqua,
2007 1639 2112 1693 sub

534 1735 856 1803 adspeetum
893 1742 1146 1788 nostrum
1182 1733 1326 1787 haud
1371 1732 1596 1797 cadens,
1637 1732 1899 1787 nimirum
1934 1740 2115 1800 poste-

537 1825 670 1888 rior,
702 1840 825 1880 esse
856 1824 998 1878 lucis
1023 1839 1221 1894 expers
1253 1824 1603 1894 intelligitur.

603 1939 730 1994 llaec
762 1939 833 1993 ita
862 1953 921 1993 se
953 1938 1175 2002 habere,
1214 1937 1508 2005 lunamque
1540 1938 1676 1991 adeo
1720 1937 1899 1991 lucem
1936 1952 1963 1991 a
1996 1936 2113 1992 sole

530 2034 690 2103 quasi
721 2030 1069 2086 eommodalo
1104 2044 1323 2099 capere,
1364 2029 1431 2084 de
1463 2031 1595 2099 ipsis
1631 2030 1772 2085 lunae
1803 2030 2115 2085 deiectibus

530 2125 966 2180 animadvertere
987 2123 1110 2193 quis
1137 2132 1333 2192 potest.
1360 2122 1415 2176 ld
1438 2135 1618 2176 autem
1649 2122 1741 2192 qui
1771 2122 1881 2188 ﬁat,
1901 2121 2111 2189 accipe.

531 2213 673 2270 Sunt
714 2213 767 2268 id
810 2212 1076 2282 temporis
1121 2212 1238 2265 haec
1277 2211 1570 2266 luminaria
1615 2212 1716 2265 sibi
1765 2227 1834 2266 ex
1880 2204 2113 2265 adverso

533 2318 741 2363 rectam
775 2308 843 2361 ad
877 2306 1075 2360 lineam
1122 2306 1395 2375 opposita,
1423 2314 1690 2373 terrmque
1734 2320 1936 2374 corpus
1969 2305 2114 2359 inter

531 2412 597 2452 ea
644 2397 827 2452 medio
856 2396 1011 2468 quasi
1061 2397 1184 2450 loco
1227 2396 1450 2465 pendet.
1493 2396 1680 2466 Itaque
1722 2396 1861 2451 radii
1909 2396 2115 2451 solares

531 2507 633 2560 pro
667 2504 817 2543 more
859 2504 960 2543 suo
1011 2498 1301 2557 penetrare
1338 2490 1558 2557 quidem
1597 2488 1675 2543 illi
1721 2496 1993 2544 conantur
2025 2488 2111 2543 lu-

535 2597 729 2652 nzeque
759 2580 922 2651 globo
969 2580 1320 2650 splendorem
1362 2581 1630 2651 impertiri
1663 2598 1677 2635 :
1714 2580 1908 2637 verum
1951 2580 2113 2636 mini-

531 2689 620 2729 me
641 2673 705 2726 ad
734 2673 886 2726 illum
909 2672 1222 2742 pertingere
1246 2682 1476 2741 possunt
1501 2680 1725 2742 propter
1742 2672 2108 2742 interiectum,

532 2779 631 2818 (του
663 2762 923 2825 diximus,
949 2773 1106 2817 terra:
1129 2776 1352 2831 corpus,
1384 2762 1529 2831 quod
1556 2763 1663 2816 iter
1693 2762 1828 2832 ipsis
1852 2761 2107 2817 obstruit.

530 2854 642 2909 Nec
670 2853 915 2924 objieere
938 2851 1099 2907 nobis
1121 2851 1226 2906 hoc
1250 2852 1374 2906 loco
1401 2851 1590 2915 debes,
1617 2853 1973 2922 quamobrem
1999 2869 2111 2907 non

531 2948 648 3011 ﬁat,
673 2947 947 3016 siquidem
982 2946 1055 2999 ita
1093 2960 1179 2999 res
1210 2956 1526 3013 comparata
1561 2945 1654 3010 sit,
1683 2946 1829 3001 lunae
1858 2946 2113 3002 defectus

529 3039 587 3093 in
612 3040 861 3108 qualibet
883 3039 950 3093 ad
985 3048 1187 3092 rectam
1216 3037 1417 3093 lineam
1449 3039 1816 3108 oppositione.
1844 3042 1981 3097 Nam
2009 3043 2112 3097 hoc

531 3130 655 3184 loco
706 3146 815 3183 non
871 3130 1007 3184 satis
1060 3129 1257 3183 idonee
1305 3124 1629 3201 respbnderi
1678 3131 1744 3186 ad
1799 3133 1855 3187 id
1909 3143 2107 3203 potest,

2229 646 2340 698 ρως
2373 632 2470 684 καὶ
2501 631 2695 686 ἄλλοτε
2729 633 2906 697 ἄλλως
2936 635 3030 687 ὑπ’
3052 635 3226 704 αὐτῆς
3257 634 3624 707 αὐγαζόμεθα,
3651 642 3774 694 κατὰ

2223 722 2324 789 τὴν
2378 722 2472 775 τοῦ
2518 724 2669 793 ἡλίου
2729 727 2954 789 πάντως
3004 726 3156 780 θέσιν
3195 728 3291 782 καὶ
3325 729 3555 801 κίνησιν.
3591 732 3649 785 Et
3678 735 3775 804 γᾶρ

2223 810 2317 862 καὶ
2345 814 2485 865 κατὰ
2511 813 2602 867 τὸν
2632 813 2733 884 τῆς
2775 816 3000 869 συνόδου
3054 818 3246 889 καιρὸν
3270 818 3329 872 τδ
3372 820 3504 889 πρὸς
3531 822 3671 892 ἡμᾶς
3692 823 3773 878 τοῦ

2226 902 2511 971 σεληναίου
2565 906 2817 987 σώματος
2852 907 3018 978 μέρος
3064 910 3240 979 πάντη
3302 910 3598 983 καθορᾶται
3639 915 3776 981 ἀφώ-

2221 1008 2424 1058 τιστον,
2459 994 2591 1046 ἀλλὰ
2640 996 2700 1048 τὸ
2754 997 3028 1067 ἀνώτερον
3086 999 3264 1053 ἐκεῖνο
3320 1004 3414 1054 καὶ
3458 1002 3608 1057 νεῦον
3653 1007 3776 1074 πρὸς

2220 1083 2370 1155 ἥλιον
2396 1088 2455 1137 ἐν
2479 1087 2555 1156 τῷ
2580 1089 2677 1155 τῆς
2718 1090 2935 1142 συνόδου
2966 1092 3144 1161 καιρῷ
3173 1093 3295 1145 κατ’
3328 1095 3504 1148 ἐκεῖνο
3538 1095 3598 1148 τὸ
3629 1097 3775 1165 μέρος

2218 1181 2434 1249 δέχεται
2476 1182 2569 1233 καὶ
2599 1182 2657 1233 τὸ
2687 1181 2800 1249 φῶς
2826 1181 2947 1234 καθ’
2986 1181 3015 1234 ὃ
3060 1183 3198 1251 πρὸς
3226 1174 3378 1254 ἥλιον
3409 1184 3608 1255 ἀφορᾷ.
3635 1186 3777 1239 Οὕτω

2223 1272 2324 1340 μὲν
2374 1268 2469 1326 οὖν
2518 1273 2613 1324 καὶ
2660 1276 2717 1325 ὲν
2772 1275 2890 1336 ταῖς
2926 1274 3289 1343 πανσελήνοις
3326 1277 3473 1330 ἔστιν
3509 1277 3650 1331 ίδείν⁶
3675 1278 3777 1330 ὁλο-

2216 1363 2409 1433 λαμπῆ
2447 1365 2556 1434 γὰρ
2581 1365 2697 1434 -τὴν
2728 1365 2960 1434 σελήνην
2988 1368 3289 1434 τηνικαῦτα
3314 1369 3536 1438 ὁρῶμεν
3570 1370 3659 1419 ire
3686 1368 3775 1430 τὰς

2217 1456 2450 1527 ήλιακὰς
2498 1457 2562 1508 ἐκ
2601 1456 2896 1527 διαμέτρου
2929 1458 3226 1528 δεχομένην
3253 1459 3449 1525 αὐγὰς,
3482 1459 3556 1521 ὼς
3604 1459 3772 1514 ἐντεῦ-

2218 1549 2309 1601 θεν
2338 1550 2398 1602 τὸ
2431 1548 2617 1602 λοιπὸν
2647 1550 2812 1618 μέρος
2840 1549 2934 1602 τοῦ
2978 1551 3191 1617 δίσκου,
3224 1552 3284 1605 τὸ
3312 1553 3515 1620 ἀφανὲς
3557 1552 3776 1621 δηλονότι

2216 1641 2311 1695 καὶ⁵
2348 1639 2595 1717 ὄπισθεν,
2650 1643 3034 1696 κατανοεῖσθαι
3088 1642 3416 1713 ἀφώτιστον.

2293 1935 2414 1988 Ὀτι
2440 1935 2500 1989 δὲ
2527 1934 2699 1990 ταῦτα
2724 1933 2896 1998 οὕτως
2924 1933 3060 2004 ἔχει,
3088 1934 3182 1990 καὶ
3213 1935 3295 1989 ὅτι
3322 1935 3381 2001 ἐξ
3411 1935 3559 2007 ἡλίου
3592 1935 3648 1988 rb
3675 1933 3777 2003 φῶς

2217 2029 2251 2099 ὴ
2289 2028 2488 2098 σελήνη
2526 2028 2854 2094 δανείζεται,
2890 2028 3079 2098 σαφῶς
3106 2029 3213 2100 ἄρα
3241 2028 3402 2083 τοῦτο
3434 2029 3579 2101 μάθῃ
3616 2046 3691 2090 τις
3720 2029 3776 2081 ἂν

2218 2119 2279 2185 ἐξ
2332 2120 2510 2172 αὐτῶν
2563 2119 2673 2174 τῶν
2716 2121 2816 2189 τῆς
2851 2119 3083 2192 σελήνης
3137 2122 3457 2189 ἆκλείψεων.
3503 2123 3608 2175 Καὶ
3645 2120 3772 2184 πῶς,

2217 2212 2406 2267 ἄκουε.
2438 2210 2597 2265 Κατὰ
2631 2210 2924 2280 διάμετρον
2959 2212 3010 2265 οἱ
3043 2211 3333 2282 φωστῆρες
3383 2214 3658 2281 ἑστήκασι,
3695 2226 3777 2280 με·

2216 2304 2351 2369 ταξὺ
2376 2303 2434 2357 δὲ
2465 2306 2675 2357 τούτων
2704 2304 2839 2357 αὐτὸ
2862 2306 2925 2357 τὸ
2967 2304 3129 2374 σῶμα
3156 2304 3259 2376 τῆς
3305 2306 3412 2375 γῆς
3439 2304 3771 2376 ἁπηὼρηται.

2216 2399 2285 2451 At
2314 2397 2541 2467 ήλιακςι.)⁵
2584 2395 2765 2450 τοίνυν
2796 2398 3021 2460 ἀκτῖνες
3045 2396 3258 2469 ὁρμῶσι
3295 2399 3398 2469 μὲν
3428 2400 3504 2462 ὡς
3535 2397 3648 2459 rec;
3680 2394 3779 2447 διαυ

2216 2487 2544 2557 σισασθῆναι
2596 2489 2692 2542 καὶ
2727 2486 2806 2558 τῷ
2842 2488 3113 2560 σεληναίῳ
3145 2487 3327 2561 ’δίσκῳ
3364 2489 3666 2562 χορηγῆσαι
3690 2486 3777 2556 τὴν

2216 2581 2509 2651 ελλαμψιν,
2562 2581 2623 2633 οὐ
2681 2578 2947 2648 φθάνουσι
2977 2580 3034 2633 δὲ
3076 2581 3228 2652 ὅμως
3256 2584 3440 2636 ἐκεῖσε
3470 2578 3777 2636 καταλασείν

2216 2673 2313 2727 ἅτε
2339 2673 2404 2743 δὴ
2443 2672 2870 2742 μεσολαϐοῦντὸς
2909 2689 3027 2736 πως
3064 2674 3160 2727 καὶ
3202 2674 3662 2744 ἀντιφράττοντος
3688 2670 3773 2724 τοῦ

2214 2765 2313 2832 τῆς
2345 2763 2472 2832 γῆς,
2499 2763 2576 2827 ὡς
2609 2765 2861 2834 εἴπομεν,
2895 2762 3166 2834 σώματος.
3212 2765 3323 2818 Καὶ
3359 2766 3432 2837 μή
3464 2782 3554 2835 μοι
3573 2764 3689 2831 λέγε
3710 2760 3776 2822 ὡς

2215 2856 2331 2920 εἴγε
2357 2854 2532 2908 ταῦτα
2562 2854 2753 2908 τοῦτον
2805 2854 2921 2926 ἔχει
2951 2856 3041 2909 τὸν
3071 2856 3295 2926 τρόπον,
3340 2858 3430 2911 ἶνα
3475 2857 3527 2910 τί
3562 2857 3634 2926 μὴ
3665 2852 3776 2909 καθ’

2214 2947 2445 2999 ἕκαστον
2470 2946 2762 3017 διάμετρον
2804 2948 2836 3017 ή
2876 2948 2978 3017 τῆς
3008 2947 3239 3020 σελήνης
3268 2948 3516 3020 ἔκλειψις
3542 2948 3773 3017 γίνεται;

2213 3039 2335 3092 οὐδὲ
2361 3039 2468 3108 γὰρ
2496 3038 2819 3109 ἐπιτηδείως
2852 3039 2963 3110 ἔχω
2992 3042 3123 3111 περὶ
3145 3042 3340 3094 τούτου
3379 3042 3523 3097 κατὰ
3553 3040 3612 3094 τὸ
3646 3053 3776 3106 mp-

2213 3132 2272 3184 ὸν
2320 3132 2715 3201 ἀποκρίνεσθαί
2772 3148 2878 3185 σοι’
2916 3135 3012 3185 καὶ
3052 3132 3246 3186 τούτου
3278 3134 3472 3188 ἕνεκεν
3501 3126 3773 3200 σύγγνωθι.

532 3222 679 3292 quod
725 3225 904 3292 ipsum
936 3222 1075 3291 aequi
1112 3222 1353 3291 bonique
1388 3223 1575 3278 facies.
1611 3224 1829 3279 Etenim
1862 3227 2108 3282 homines

2218 3224 2279 3277 Oi
2318 3223 2427 3292 γὰρ
2474 3226 2602 3295 περὶ
2656 3223 2727 3277 τὰ
2766 3223 2994 3277 τοιαῦτα
3046 3224 3424 3295 ἠσχολημένοι
3465 3223 3775 3288 συνδέσμους

532 3317 588 3370 in
622 3315 773 3369 hisee
804 3315 1108 3383 disciplinis
1138 3316 1423 3371 exercitati
1472 3316 1690 3372 tradunt
1728 3317 1904 3373 nodos
1944 3333 2111 3388 quos-

531 3409 656 3461 dam
682 3408 965 3477 ecliplieos
991 3406 1091 3477 (sic
1113 3410 1259 3461 enim
1285 3409 1581 3477 appellant)
1612 3409 1663 3463 in
1695 3412 2107 3481 congressibus,

462 3558 479 3569 π
531 3499 626 3567 qui
674 3499 961 3569 pleuilunti
999 3509 1243 3567 tempore
1282 3500 1440 3562 ﬁunt,
1479 3517 1876 3571 nonnunquam
1909 3506 2113 3571 permi-

531 3587 695 3650 sceri,
726 3601 902 3654 eoque
941 3586 1102 3639 modo
1135 3587 1266 3640 solis
1288 3603 1351 3641 ac
1390 3589 1533 3643 lunae
1568 3590 1816 3645 defectus
1852 3609 2110 3647 necessa-

532 3679 614 3731 rio
661 3677 934 3732 accidere.
974 3678 1085 3732 Nec
1132 3679 1279 3733 enim
1331 3682 1505 3735 solum
1558 3699 1759 3752 corpus
1812 3686 1927 3739 sive
1976 3688 2109 3741 solis

527 3770 644 3824 sive
669 3770 815 3824 luna:
843 3769 1246 3839 0pp0sitionem
1279 3771 1421 3827 hanc
1441 3773 1657 3830 etlieere
1692 3786 1893 3845 potest,
1921 3780 1965 3832 si
1996 3793 2105 3832 non

529 3862 732 3918 ibidem
763 3879 983 3932 quoque
1018 3864 1198 3918 nodus
1224 3864 1334 3937 24
1365 3867 1589 3937 quidam
1625 3869 1915 3941 ecliptieus
1946 3887 2107 3942 repe-

525 3956 725 4020 riatur,
759 3957 836 4009 uti
865 3956 978 4025 jam
1009 3956 1398 4013 indicavimus.

597 4068 666 4122 Et
693 4069 915 4137 proprie
949 4068 1077 4123 luna
1110 4070 1345 4125 deﬁcere
1376 4071 1621 4127 dicitur:
1658 4089 1764 4144 qua
1801 4074 1947 4130 enim
1980 4075 2104 4134 luce

524 4158 687 4213 80131⁸1
715 4161 911 4214 vestita
939 4169 1044 4221 εει.
1069 4176 1131 4215 ea
1159 4161 1228 4217 de
1258 4178 1421 4217 causa
1452 4174 1883 4221 commemorata
1910 4182 2105 4223 rursus

523 4252 751 4305 exuitur
783 4261 948 4322 atque
978 4253 1268 4322 Spoliatur.
1306 4253 1361 4306 In
1397 4253 1512 4307 sole
1543 4270 1651 4309 non
1681 4255 1980 4324 defectum,
2006 4258 2103 4314 sed

523 4344 969 4400 obscurationem
1012 4346 1289 4414 appellare
1329 4345 1645 4402 didicimus.
1677 4347 1789 4403 Nec
1824 4346 1972 4402 enim
2010 4350 2104 4404 lux

521 4436 721 4491 solaris
754 4452 991 4506 unquam
1025 4436 1243 4502 deﬁcit;
1284 4436 1379 4491 sed
1417 4438 1545 4507 quia
1578 4439 1756 4493 coitus
1790 4423 1989 4493 horum
2029 4441 2103 4496 si-

521 4529 714 4581 derum
747 4537 994 4598 tempore
1021 4529 1210 4582 lunare
1238 4544 1463 4598 corpus,
1499 4530 1645 4600 quod
1680 4539 1838 4584 terra:
1864 4530 2100 4587 vicinius
2132 4565 2176 4620 ι)

518 4629 623 4679 est.
677 4620 857 4674 medio
903 4635 963 4675 se
1006 4619 1272 4689 iuterjicit
1318 4619 1440 4673 loco
1494 4621 1771 4690 radiisque
1821 4622 2097 4679 solaribns

518 4709 707 4771 oliieit,
734 4725 829 4764 aer
865 4711 954 4764 ille
989 4726 1153 4780 supra
1190 4726 1288 4763 nos
1328 4710 1560 4781 caligine
1590 4712 1826 4780 quadam
1863 4714 2097 4769 involvi-

522 4816 632 4865 tur,
669 4820 775 4856 non
801 4803 1057 4856 demissis
1081 4802 1148 4855 ad
1173 4817 1272 4855 nos
1306 4802 1430 4856 ullis
1453 4802 1641 4867 radiis,
1668 4803 1760 4872 qui
1787 4812 1944 4859 terra:
1975 4822 2099 4875 pro-

519 4894 664 4947 xima
694 4894 815 4948 luce
845 4909 942 4948 sua
971 4893 1378 4946 collustrarent.

521 5141 525 5145 ~
592 5110 797 5178 Quodsi
834 5111 1002 5165 etiam
1033 5125 1366 5180 cognoscere
1410 5115 1568 5183 cupis
1627 5116 1772 5172 inter
1822 5119 1949 5184 alia,
1998 5120 2091 5189 qui

521 5204 612 5257 iiat
640 5213 700 5255 ut
724 5205 854 5256 luna
879 5203 991 5256 sola
1019 5204 1195 5271 primo
1225 5204 1277 5257 in
1308 5221 1489 5260 rerum
1512 5211 1738 5263 exordio
1769 5211 1942 5265 lucem
1971 5215 2095 5268 nul-

517 5295 626 5350 lam
675 5294 954 5362 propriam
1005 5308 1298 5350 consecuta
1348 5302 1696 5355 (ommuduto
1740 5318 1861 5357 eam
1911 5320 1939 5357 a
1978 5307 2092 5361 sole

516 5385 719 5455 capiat,
758 5386 899 5440 scire
941 5386 1110 5443 debes
1140 5403 1248 5442 non
1286 5390 1386 5445 laoe
1417 5403 1705 5461 pr0pterea
1746 5412 1886 5451 noro
1934 5398 2090 5467 quasi

516 5477 756 5546 quodam
810 5491 960 5533 more
1007 5477 1209 5534 factum
1261 5480 1559 5550 divinitus,
1608 5488 1755 5555 quod
1805 5489 1987 5557 opifex
2036 5498 2092 5543 et

515 5575 732 5620 creator
765 5566 851 5621 ille
880 5571 1250 5625 universitatis
1278 5572 1439 5638 hujus
1470 5575 1631 5629 aliam
1667 5576 1843 5631 lucem
1881 5579 2088 5632 nullam

513 5656 762 5721 haberet,
809 5659 907 5713 sed
943 5669 1054 5715 tum
1100 5663 1175 5716 uti
1208 5665 1554 5719 concinnitas
1599 5676 1653 5721 et
1696 5668 1832 5722 ordo
1865 5668 2088 5737 quidam

513 5747 715 5803 creatis
742 5748 1045 5815 inderetur,
1081 5754 1542 5823 qucmudnmdnm
1587 5756 1959 5811 Damasccnus
1994 5759 2087 5813 iile

510 5837 749 5896 Joannes
779 5843 875 5910 ait,
908 5847 999 5916 qui
1035 5849 1171 5901 ordo
1204 5848 1346 5901 inter
1377 5848 1721 5933 superiorem
1749 5858 1800 5903 et
1856 5848 2086 5903 infcrio-

2210 3317 2363 3379 τινὰς
2426 3316 2806 3379 ὲκλειπτικοὺς
2866 3315 3011 3370 οὕτω
3092 3315 3470 3385 καλουμένους
3523 3316 3579 3366 ἐν
3668 3310 3775 3369 ταῖς

2214 3407 2762 3477 συνοδοπανσελήνοις
2803 3406 2864 3472 ἐξ
2908 3407 3154 3478 ἀνάγκης
3186 3407 3604 3476 προσγίνεαθαι.
3654 3400 3776 3458 Οᾶδὲ

2212 3500 2319 3567 γὰρ
2369 3501 2430 3551 τὸ
2483 3499 2642 3568 σῶμα
2699 3499 2861 3568 μόνον
2914 3499 3025 3551 εἴτε
3056 3500 3152 3569 τῆς
3185 3499 3441 3570 σελήνης,
3478 3500 3550 3563 ὡς
3578 3499 3662 3550 ἐπὶ
3694 3492 3775 3546 τοῦ

2212 3588 2390 3660 ήλίου,
2418 3586 2532 3641 εἴτε
2559 3588 2661 3658 τῆς
2691 3589 2816 3659 γῆς,
2860 3589 2936 3651 ὡς
2968 3590 3062 3641 ἐπὶ
3095 3589 3192 3659 τῆς
3224 3588 3486 3660 σελήνης,
3523 3586 3775 3653 ἀντίφρα-

2213 3678 2293 3745 ξιν
2326 3680 2553 3748 ποιῆσαι
2600 3679 2860 3744 δύναται,
2894 3680 2943 3733 εί
2979 3682 3052 3750 μή
3090 3697 3193 3733 που
3237 3682 3334 3734 καὶ
3389 3680 3677 3750 σύνδεσμός
3701 3689 3776 3734 τις

2211 3770 2557 3833 ἐκλειπτικὺς
2587 3770 2771 3823 ἐκεῖσε
2822 3770 3099 3842 εὑρεθείη,
3130 3771 3206 3836 ὡς
3252 3772 3511 3842 ἄγονται.

2281 4061 2392 4116 Καὶ
2419 4061 2627 4132 κυρίως
2660 4059 2905 4131 ἔκλειψις
2953 4062 3043 4117 ἐπ’
3098 4062 3273 4134 αὐτῆς
3320 4064 3392 4119 ἂν
3440 4067 3652 4134 λέγοιτο
3683 4061 3773 4131 τῆς

2210 4152 2463 4225 σελήνης·
2494 4154 2578 4207 ὃτι
2624 4154 2734 4222 γὰρ
2784 4154 2899 4221 φῶς
2941 4156 3169 4225 ήλιακδν
3202 4155 3600 4225 ἀμφιέννυται,
3629 4154 3776 4210 τοῦτο

2206 4247 2372 4300 πάλιν
2398 4243 2466 4297 δι’
2489 4244 2555 4315 ἢν
2578 4244 2756 4297 αἰτίαν
2779 4245 3029 4314 εἴπομεν,
3060 4239 3423 4302 ἀπεκδύεταί.
3462 4247 3585 4301 Ἐπὶ
3612 4247 3664 4299 δὲ
3689 4241 3774 4295 τοῦ

2205 4338 2356 4408 ήλίου
2394 4338 2496 4391 οὐκ
2526 4336 2791 4407 ἔκλειψιν,
2839 4335 2955 4391 ἀλλ’
3007 4337 3373 4392 ὲπισκότωσιν
3414 4339 3599 4409 λέγειν
3651 4333 3777 4406 ἐμά·

2205 4431 2394 4500 θομεν.
2454 4430 2586 4483 Οὐδὲ
2637 4429 2749 4500 γὰρ
2803 4430 2866 4481 τὸ
2913 4429 3139 4499 ἡλιακὸν
3187 4430 3434 4500 ἐκλείψει
3486 4430 3614 4485 ποτὲ
3645 4426 3772 4497 φῶς

2204 4520 2319 4574 ἀλλ’
2360 4521 2754 4591 ὑποτρέχοντος
2807 4520 2866 4572 ὲν
2925 4519 3000 4590 τῷ
3049 4519 3148 4589 τῆς
3214 4521 3441 4576 συνόδου
3479 4520 3656 4591 καιρῷ
3687 4513 3773 4570 τοῦ

2207 4611 2457 4682 σώματος
2492 4612 2586 4665 τοῦ
2637 4612 2922 4682 σεληναίου
2971 4605 3062 4665 οἷα
3117 4614 3532 4684 περιγειοτέρου
3582 4609 3775 4678 τυγχά-

2199 4684 2403 4767 νοντος,
2452 4706 2548 4758 καὶ
2595 4704 2741 4758 οὕτω
2797 4706 2919 4766 ταῖς
2975 4703 3234 4774 ἡλιακαῖς
3266 4705 3484 4761 ἀκτῖσιν
3512 4707 3769 4772 ἐπιπροσ-

2199 4797 2442 4862 θοῦντος,
2476 4798 2505 4849 ὁ
2539 4797 2679 4865 ὑπὲρ
2714 4795 2959 4865 κεφαλῆς
2999 4795 3156 4866 ήμῶν
3185 4797 3296 4867 ἀήρ
3329 4796 3433 4865 ζόφ
3455 4822 3481 4864 ε)
3514 4790 3769 4866 τηνικαῦ-

2196 4906 2265 4942 τα
2300 4888 2772 4942 καθυποδὰλλεται
2796 4927 2813 4953 ,
2866 4886 2964 4940 ἆτε
3001 4887 3065 4956 δὴ
3105 4888 3180 4961 μὴ
3221 4888 3575 4959 βαλλομένων
3598 4886 3771 4940 αὐτῶν

2197 4978 2443 5033 κάτωθεν
2473 4982 2570 5032 καὶ
2589 4962 2957 5047 ’φωτιζουσῶν
2992 4984 3051 5031 τὸ
3078 4978 3381 5047 περίγειον.

2270 5117 2334 5170 Εἰ
2374 5116 2431 5170 δὲ
2475 5116 2569 5168 καὶ
2597 5115 2755 5167 τοῦτο
2790 5116 2971 5184 ζητεῖς
3007 5113 3145 5183 μετὰ
3187 5114 3297 5168 τῶν
3338 5114 3516 5168 ἄλλων
3560 5109 3767 5181 μαθεῖν,

2197 5208 2373 5278 ττῶςή
2410 5208 2608 5276 σελήνη
2644 5206 2775 5276 μόνη
2830 5208 2923 5260 καὶ
2953 5207 3055 5259 τίνι
3086 5207 3275 5277 τρόπῳ
3308 5205 3383 5276 μὴ
3418 5203 3623 5273 σχοῦσα
3660 5200 3767 5269 φῶς

2196 5300 2440 5369 ἀρχῆθεν
2494 5302 2623 5352 ἴδιον
2683 5300 2740 5363 ἐξ
2779 5299 2931 5367 ἡλίου
2988 5300 3145 5353 τοῦτο
3188 5300 3519 5362 δανείζεται,
3580 5295 3766 5348 εἰδέναι

2196 5390 2439 5458 ὀφείλεις
2464 5390 2538 5450 ὡς
2577 5391 2678 5442 οὐκ
2713 5390 2932 5459 ἀπορῶν
2964 5393 3152 5460 ἑτέρου
3187 5393 3366 5459 φωτὸς
3387 5392 3415 5442 ὁ
3442 5382 3765 5458 δημιουργὸς

2196 5484 2290 5537 καὶ
2339 5483 2568 5551 κτίστης
2622 5484 2843 5537 πάντων
2873 5483 3005 5547 Θεὸς
3047 5484 3146 5555 τὴν
3182 5481 3539 5552 καινοτομίαν
3569 5478 3765 5543 ταύτην

2195 5577 2548 5642 εξςήνεγκεν,
2586 5577 2699 5629 ἀλλ’
2738 5575 2823 5629 ἵνα
2873 5575 3075 5645 ῥυθμὸς
3129 5577 3222 5629 καὶ
3261 5575 3416 5638 τάξις
3470 5571 3658 5641 ἐντεθῇ
3701 5567 3761 5633 τῇ

2193 5664 2393 5728 κτίσει,
2449 5668 2591 5719 κατά
2625 5681 2688 5731 γε
2727 5667 2819 5719 τὸν
2856 5669 3221 5737 Δαμασκηνὸν
3260 5667 3540 5734 Ἰωάννην,
3579 5663 3765 5732 ἄρκτον-

2192 5775 2283 5819 τος
2318 5759 2413 5810 καὶ
2444 5760 2773 5829 ἀρχομένου,
2805 5760 2898 5811 καὶ
2928 5760 3014 5812 ἵνα
3052 5761 3433 5829 παιδευθὼμεν
3469 5760 3533 5810 ὲκ
3580 5755 3762 5807 τούτο)

2195 5858 2288 5904 καὶ
2325 5854 2479 5919 ἡμεῖς
2513 5855 2791 5905 κοινωνεῖν
2830 5853 3081 5919 ἀλλήὶοις
3115 5856 3207 5907 καὶ
3243 5852 3615 5919 μεταδιδόναι,
3648 5852 3768 5902 ἀνα-ι
