4008 6464
499 403 566 473 zu
1775 398 2196 468 MlCIIAELIS
2232 406 2492 470 Gchm
3673 417 3746 479 τε

557 528 719 582 ’(ἶιιιιι
753 533 933 579 autent
968 521 1074 579 dici
1113 520 1268 577 audis
1297 538 1309 576 :
1359 540 1377 574 ι
1412 519 1712 577 Constituit
1739 535 1803 576 ea
1839 519 1892 575 in
1927 521 2080 591 signa
2106 521 2158 579 Α

506 630 563 672 et
594 629 864 688 tempora,
901 634 918 666 ›
961 614 1126 670 simul
1160 613 1389 668 adverte
1429 613 1559 683 quid
1591 628 1620 668 a
1656 612 1857 668 Basilio
1887 613 2074 668 trada-

507 723 618 767 tur.
671 711 807 766 Nam
866 711 921 763 in
975 708 1242 764 concione
1290 709 1360 762 de
1412 721 1506 760 sex
1553 705 1768 760 dierum
1819 705 2079 776 operibus

506 819 742 858 numero
777 811 926 857 sexta
971 797 1286 871 hujusmodi
1316 797 1563 869 quazdam
1591 797 1660 852 de
1691 797 1934 852 siderum
1979 796 2078 852 ob-

506 894 818 951 servationc
867 890 1094 962 profert.
1127 889 1555 947 Observationes
1603 888 1956 944 luminarium
2005 886 2072 942 ad

504 988 670 1041 vitam
706 985 1002 1040 humanam
1053 991 1181 1038 sunt
1228 980 1575 1046 necessariae,
1616 980 1721 1034 nisi
1773 979 1899 1049 quis
1932 978 2074 1034 ultra

504 1079 730 1134 modum
781 1088 837 1132 et
887 1070 1162 1132 curio'sius
1207 1088 1368 1144 quam
1411 1089 1510 1144 par
1562 1073 1633 1128 sit
1681 1087 1874 1128 eorum
1924 1073 2078 1144 signa

497 1169 803 1240 ‘perquirat.
831 1167 967 1222 Nam
993 1167 1167 1222 multa
1193 1166 1259 1221 de
1287 1164 1708 1235 tempestatibus
1731 1163 1927 1233 pluviis
1950 1163 2077 1218 hinc

503 1274 836 1333 cognoscere
861 1259 1013 1322 licet,
1045 1256 1215 1310 multa
1242 1255 1309 1310 de
1340 1255 1648 1310 siccitatum
1677 1259 2079 1323 ventorumque

503 1352 901 1416 concitatione,
935 1349 1021 1405 vel
1057 1347 1471 1419 particularium
1514 1345 1602 1402 vel
1651 1344 2076 1411 universalium,

496 1450 587 1506 vel
618 1446 1034 1504 vehementiam
1067 1445 1154 1500 vel
1183 1444 1416 1499 lenium.
1447 1440 1715 1497 Nimirum
1755 1426 1821 1496 ex
1857 1439 1924 1495 iis
1954 1455 2078 1511 qua:

503 1542 585 1598 sol
631 1539 926 1596 ostendere
970 1536 1282 1602 consuevit,
1333 1550 1506 1590 unum
1545 1533 1614 1589 ab
1670 1533 1793 1604 lpso
1841 1533 2075 1587 Domino

2259 519 2454 572 Ἕθετο
2512 516 2688 576 ταῦτα
2727 519 2805 586 είς
2845 521 3049 592 σημεῖα
3107 520 3202 576 καὶ
3253 521 3334 588 είς
3383 525 3628 596 καιρούς.
3668 526 3750 598 Τῷ

2189 612 2411 683 μεγάλῳ
2450 612 2714 683 Βασιλείῳ
2778 613 3055 669 κάνταῦθα
3124 615 3417 688 προσέχειν
3473 635 3533 671 σε
3590 619 3747 684 ἀξιον,

2200 703 2292 756 Ἐν
2321 701 2430 773 γάρ
2469 704 2536 774 τῇ
2588 705 2668 766 είς
2702 704 3162 783 τὴνΈξαήμερον
3180 708 3340 782 οέκτῃ
3369 710 3534 764 αὐτοῦ
3575 713 3750 784 ὁμιλίᾳ

2183 792 2314 860 περὶ
2344 791 2443 861 τῆς
2471 793 2581 845 τῶν
2624 794 2871 864 ἀστέρων
2904 801 3344 870 παρατηρήσεως
3369 801 3465 874 καλ
3496 801 3621 857 τάδε
3659 820 3751 874 φη.

2183 883 2292 936 σίν.
2329 879 2633 952 ’Δναγκαία
2681 884 2820 955 πρὸς
2850 886 2942 957 τὸν
2981 887 3325 960 ἀνθρώπινον
3353 891 3470 962 βίον
3508 893 3616 946 ἀπὸ
3651 894 3755 948 τῶν

2181 975 2488 1045 φωστήρων
2553 977 3036 1046 παρασημείωσις,
3089 979 3184 1034 ἐὰν
3231 982 3305 1053 μή
3351 999 3438 1046 τις
3491 983 3635 1054 πέρα
3663 983 3753 1038 τοῦ

2185 1065 2388 1137 μέτρου
2421 1066 2480 1132 ἐξ
2505 1068 2685 1122 αὐτῶν
2716 1073 2922 1140 σημεῖα
2945 1072 3414 1146 περιεργάζηται.
3449 1075 3629 1131 Πολλά
3659 1079 3755 1148 μὲν

2179 1159 2287 1230 γάρ
2340 1162 2469 1230 περὶ
2521 1161 2831 1233 ἐπομϐρίας
2870 1161 2987 1217 ἐστι
3029 1165 3246 1234 μαθεῖν,
3297 1167 3469 1222 πολλά
3515 1168 3574 1224 δὲ
3623 1170 3750 1239 περὶ

2178 1250 2408 1320 αὐχμῶν
2440 1251 2539 1304 καὶ
2575 1253 2913 1322 πνευμάτων
2957 1257 3231 1328 κινήσεως
3258 1257 3292 1324 ἢ
3325 1261 3564 1330 μερικῶν
3590 1261 3622 1322 ἢ
3660 1279 3754 1316 καο

2179 1343 2360 1408 θόλου,
2406 1343 2600 1414 βιαίων
2639 1347 2966 1417 ἀνειμένων.
3015 1350 3113 1404 Ἐν
3144 1351 3255 1422 γάρ
3289 1366 3342 1405 τι
3387 1353 3496 1407 τῶν
3523 1353 3632 1408 ἀπὸ
3661 1353 3752 1408 τοῦ

2177 1436 2330 1507 ἡλίου
2375 1437 2900 1510 παραδεικνυμένων
2949 1441 3046 1496 καὶ
3093 1443 3122 1496 6
3176 1441 3383 1510 Κύριος
3439 1445 3752 1516 παρέδωκεν

2175 1529 2360 1599 ἡμῶν,
2393 1527 2568 1583 εἰπὼν
2593 1530 2676 1584 ὅτι
2709 1528 2918 1599 χειμὼν
2949 1531 3126 1586 ἔσται’
3161 1535 3452 1602 στυγνάζει
3474 1537 3584 1607 γάρ
3619 1536 3752 1608 πυρι

504 1632 760 1696 traditur,
798 1647 922 1687 cum
973 1631 1094 1686 ait:
1137 1647 1156 1681 ι
1189 1621 1510 1697 Tempestas
1559 1625 1688 1691 erit,
1736 1624 1865 1694 quia
1919 1623 2072 1680 triste

2177 1621 2360 1692 ράζων
2405 1623 2433 1676 6
2481 1623 2735 1690 οὐρανός.
2780 1623 3037 1678 Ἐπειδὰν
3066 1625 3174 1696 γάρ
3199 1624 3269 1679 δι’
3302 1625 3502 1697 ἀχλύος
3549 1628 3582 1697 ἠ
3625 1629 3752 1682 ἀνα-

501 1726 666 1781 rubet
695 1724 895 1780 caelum
917 1722 984 1775 ’⁸.
1019 1739 1039 1774 ›
1075 1719 1221 1776 Cum
1246 1717 1394 1774 enim
1425 1715 1805 1774 exbalationes
1832 1714 2072 1786 quadam

2175 1714 2319 1785 φορά
2358 1717 2630 1786 γένηται,
2688 1715 3076 1786 άμαυροῦνται
3129 1717 3231 1788 μὲν
3274 1718 3334 1770 αί
3382 1721 3606 1784 ἀκτῖνες
3662 1716 3750 1774 τοῦ

498 1834 626 1873 cum
671 1816 905 1887 caligine
947 1828 1163 1870 sursum
1202 1811 1455 1877 tendunt,
1507 1808 1879 1864 obscurantur
1931 1805 2070 1862 radii

2175 1807 2351 1877 ἡλ¹ου,
2384 1807 2740 1878 ἀνθρακώδης
2770 1807 2828 1862 δὲ
2863 1809 2959 1861 καὶ
3005 1806 3248 1879 ὕφαιμος
3282 1809 3382 1882 τὴν
3411 1809 3583 1881 χρόαν
3625 1811 3751 1882 ὁρᾶ-

498 1907 650 1973 solis,
687 1924 752 1964 ac
780 1876 861 1962 sol
894 1907 1009 1978 ipse
1037 1903 1296 1960 carbonis
1322 1876 1497 1958 instar
1527 1901 1762 1957 rutilans
1791 1900 2072 1972 sanguini-

2175 1876 2283 1968 ται,
2337 1876 2650 1972 παχύτητος
2686 1876 2781 1955 τοῦ
2828 1902 2996 1973 ἀέρος
3044 1876 3254 1974 ταύτην
3285 1876 3624 1974 ἐμποιούσης
3656 1876 3750 1975 τὴν

495 2019 602 2072 que
631 1999 936 2057 consimilis
964 2004 1208 2068 apparet,
1233 1994 1472 2066 speciem
1501 1994 1644 2049 hanc
1673 1994 1728 2048 in
1763 1993 1938 2048 oculis
1961 1992 2072 2047 etil-

2177 1994 2480 2062 φαντασίαν
2513 1995 2633 2058 ταῖς
2665 1993 2875 2064 ὄψεσιν.
2917 1994 3079 2051 Ἀλλά
3109 1999 3207 2051 καὶ
3247 1998 3466 2053 ἐπειδάν
3494 2001 3530 2070 ἡ
3562 1999 3751 2072 σελήνη

495 2097 678 2152 ciente
725 2093 870 2149 aeris
914 2089 1188 2147 crassitie.
1225 2087 1314 2144 Sic
1347 2086 1566 2158 quoties
1597 2086 1728 2140 luna
1761 2085 2072 2156 caliginosis

2183 2085 2684 2156 περιλιμνάζηται,
2718 2087 2752 2158 ἢ
2789 2086 2982 2151 ὕδατος
3021 2089 3213 2160 ἀερίου
3256 2089 3462 2160 πλῆθος
3602 2094 3747 2147 νότου

499 2189 568 2244 ab
590 2185 915 2241 humoribus
935 2182 1333 2247 circumdatur,
1348 2180 1436 2236 “vel
1461 2193 1616 2249 aqua:
1639 2173 1839 2248 pluvias
1857 2179 2071 2248 copiam

497 2280 554 2334 in
587 2293 716 2334 aere
745 2277 832 2331 vel
877 2274 1046 2330 austri
1094 2272 1521 2329 commotionem
1557 2271 1939 2327 vehementem
1970 2269 2074 2324 mi-

501 2377 684 2423 natur.
725 2366 908 2422 Solem
959 2379 1082 2419 cum
1131 2377 1273 2418 area:
1318 2364 1478 2432 (quas
1521 2361 1744 2432 vocant)
1797 2359 2070 2425 ambiunt,

2185 2177 2369 2250 βιαίαν
2402 2179 2615 2250 κίνησιν
2659 2180 3080 2249 ἐπαγγέλλεται.
3122 2182 3232 2235 Kal.
3258 2181 3337 2254 τῷ
3367 2183 3508 2256 ἡλίῳ
3534 2185 3590 2239 δὲ
3623 2185 3746 2240 ὅταν

2175 2269 2230 2321 αἱ
2277 2266 2576 2339 λεγόμεναι
2615 2267 2729 2339 ἅλῳ
2761 2271 3207 2342 περιγραφῶσιν,
3238 2273 3271 2344 ἢ
3309 2274 3406 2327 καὶ
3428 2273 3528 2339 οὓς
3558 2275 3750 2345 όνομά·

2174 2359 2360 2424 ζουσιν
2411 2360 2751 2429 ἀνθηλίους,
2803 2363 2936 2417 ὅταν
2993 2366 3479 2436 συμπεριτρέχωσι
3536 2371 3602 2441 τῇ
3657 2364 3745 2423 τοῦ

498 2461 868 2515 accidentium
899 2455 1242 2527 quorundam
1272 2455 1420 2510 aeris
1448 2453 1600 2524 signa
1637 2452 1928 2508 exsistunt.
1964 2451 2072 2522 26

2175 2451 2329 2521 ἡλίου
2370 2453 2534 2522 φορᾷ,
2601 2455 3030 2525 συμπτωμάτων
3083 2456 3247 2510 τινῶν
3292 2458 3485 2528 καίρια
3555 2462 3748 2530 σημεῖα
3799 2506 3826 2532 ς

494 2551 692 2608 Itidem
735 2550 898 2620 virgae
928 2564 1050 2619 qua:
1080 2546 1238 2601 Iridis
1269 2547 1511 2601 colorem
1559 2543 1841 2599 imitantes
1872 2541 1927 2597 in
1970 2559 2072 2596 nu-

2175 2543 2409 2611 γίνεται,
2471 2542 2666 2616 ὥσπερ
2724 2543 2818 2600 οὖν
2865 2547 2962 2601 καὶ
3021 2547 3080 2600 αί
3119 2547 3309 2618 ῥάϐδοι
3357 2549 3414 2601 αί
3459 2553 3608 2606 κατά
3657 2552 3750 2622 τὴν

494 2646 662 2700 hibus
695 2652 860 2698 recta:
895 2640 1335 2711 conspiciuntur,
1374 2637 1581 2693 imbres
1615 2652 1679 2692 ac
1715 2643 2070 2705 tempestates

2175 2633 2345 2702 χρόαν
2393 2634 2492 2703 τῆς
2533 2633 2702 2705 ἴριδος
2750 2637 2830 2699 εἰς
2885 2635 3048 2708 ὀρθὸν
3095 2639 3208 2700 τοῖς
3237 2638 3458 2708 νέφεσιν
3499 2641 3754 2712 ἐμφαινό-

496 2739 792 2792 immensas
815 2734 899 2789 vel
933 2732 1159 2787 omnino
1184 2729 1543 2785 mutationem
1569 2729 1714 2783 acris
1744 2727 2068 2783 diuturnum

2175 2743 2335 2795 μεναι
2365 2725 2607 2798 δμόρους
2639 2726 2734 2780 καὶ
2763 2727 3039 2798 χειμῶνας
3093 2727 3369 2794 ἐξαισίους
3401 2730 3433 2801 ἦ
3481 2732 3622 2794 ὅλως
3658 2735 3750 2804 τὴν

496 2827 856 2900 portendunt.
887 2825 1052 2880 Multa
1093 2831 1294 2894 przrter
1337 2821 1452 2875 haec
1497 2819 1550 2874 in
1603 2828 1936 2890 augescente
1983 2818 2069 2873 vel

2175 2819 2265 2870 ἑπὶ
2325 2818 2579 2871 πλεῖστον
2643 2818 2953 2891 μεταϐολὴν
3011 2820 3106 2874 τοῦ
3168 2821 3333 2892 ἀέρος
3394 2823 3748 2882 ἐνδείκνυται.

495 2923 849 2977 decrescente
891 2918 1021 2972 luna
1071 2916 1439 2971 observarunt
1487 2913 1682 2968 harum
1720 2926 1904 2966 rerum
1948 2920 2068 2966 stu-

2175 2907 2353 2964 Πολλά
2373 2909 2431 2962 δὲ
2458 2910 2550 2962 καὶ
2575 2910 2706 2980 περὶ
2743 2910 2979 2982 σελήνην
3000 2913 3382 2984 αὐξανομένην
3423 2914 3456 2984 ἢ
3484 2916 3750 2986 λήγουσαν

493 3012 655 3074 diosi.
693 3011 761 3066 de
811 3010 1014 3080 quibus
1061 3000 1244 3076 colligi
1287 3005 1532 3075 quaedam
1579 3004 1777 3058 indicia
1817 3010 2067 3072 possunt,

2175 3001 2220 3055 οἱ
2267 3000 2478 3064 τούτοις
2526 3001 2882 3073 ὲσχολακότες
2943 3005 3296 3074 τετηρήκασι’
3336 3008 3638 3078 σημειώδη,
3679 3011 3749 3072 ὡς

496 3103 641 3173 quod
670 3117 793 3158 cum
819 3101 939 3172 ejus
968 3099 1168 3154 sideris
1197 3097 1388 3152 formis
1427 3111 1522 3150 aer
1549 3109 1770 3165 quoque
1795 3106 1956 3150 terra:
1985 3097 2069 3149 vi-

2175 3093 2263 3147 τοῦ
2295 3095 2423 3166 περὶ
2455 3095 2558 3165 γῆν
2601 3096 2766 3167 ἀέρος
2787 3098 3100 3168 ἀναγκαίοις
3136 3103 3250 3165 τοῖς
3290 3107 3572 3176 σχήμασιν
3589 3109 3746 3178 αὐτῆς

495 3199 654 3251 cinus
689 3201 1082 3250 committetur.
1120 3190 1256 3244 Nam
1289 3190 1332 3244 si
1369 3189 1551 3244 tennis
1583 3201 1829 3257 puraque
1879 3187 1950 3242 sit
1981 3187 2068 3243 die

2175 3188 2779 3281 συμμεταϐαλλομένουο
2815 3189 2988 3264 λεπτὴ
3043 3194 3145 3264 μὲν
3193 3196 3302 3267 γὰρ
3328 3198 3466 3253 οὐσα
3493 3203 3625 3273 περὶ
3656 3202 3747 3272 τὴν

496 3286 682 3350 tertio,
708 3284 1059 3339 serenitatem
1093 3281 1398 3335 durabilem
1446 3279 1780 3350 pollicetur:
1821 3280 1904 3333 sin
1939 3294 2066 3334 ver-

493 3395 587 3432 sus
609 3375 986 3431 extremitates
1010 3389 1190 3428 crassa
1213 3380 1269 3426 et
1298 3372 1722 3435 subrubesccns,
1752 3371 1832 3424 vel
1865 3387 2062 3441 aquam

493 3487 525 3524 c
555 3468 797 3523 nubibus
827 3467 1105 3536 copiosam
1131 3465 1212 3520 vel
1244 3463 1413 3519 austri
1435 3463 1848 3518 concitatiorem
1876 3457 2064 3518 [latum

493 3563 755 3616 minatur.
796 3559 1015 3629 Ignorat
1044 3566 1226 3612 autem
1259 3573 1418 3612 nemo
1444 3565 1710 3626 quantum
1750 3556 1942 3610 harum
1973 3569 2063 3609 re-

486 3668 614 3707 rum
647 3651 907 3707 iudicatio
942 3649 1064 3704 vita:
1109 3648 1360 3702 humanm
1391 3647 1644 3702 utilitatis
1677 3644 1890 3698 all'erat.
1926 3644 2062 3699 Nam

486 3760 544 3802 et
578 3746 614 3801 ii
645 3745 738 3816 qui
781 3744 1058 3814 navigant,
1107 3741 1176 3795 ad
1213 3741 1394 3794 sidera
1437 3740 1798 3810 respicientes
1848 3751 2060 3793 rectum

489 3838 594 3890 iter
631 3834 945 3896 instituunt,
982 3847 1284 3902 eorumque
1321 3831 1460 3886 situs
1493 3830 1762 3885 rationem
1797 3830 2063 3884 habentes

483 3927 767 3998 navigium
816 3925 1082 3994 dirigunt.
1126 3922 1269 3978 Cum
1318 3923 1467 3977 enim
1512 3923 1592 3976 sic
1637 3931 1950 3991 comparata
1991 3921 2063 3975 sit

489 4006 756 4086 aquarum
789 4025 1008 4081 natura,
1057 4015 1207 4068 nulla
1261 4021 1466 4068 restent
1493 4022 1552 4066 ut
1597 4013 1650 4066 in
1702 4014 1786 4067 eis
1833 4011 2062 4080 vestigia

488 4111 692 4178 quibus
733 4107 1130 4161 animadversis
1175 4105 1372 4160 itinera
1420 4103 1552 4156 mari
1605 4102 1870 4157 facientes
1920 4102 2058 4155 citra

487 4199 891 4255 dubitationem
936 4191 1380 4268 progrediantur,
1428 4203 1717 4264 propterea
1765 4193 1909 4248 Deus
1951 4191 2063 4246 Illis

487 4294 580 4362 qui
605 4292 786 4360 ampla
817 4291 1094 4361 trajiciunt
1128 4289 1296 4343 maria
1332 4289 1496 4342 situm
1531 4297 1805 4362 astrorum
1836 4299 2064 4339 conces-

485 4389 560 4443 sit
591 4396 850 4456 tanquatn
883 4386 1218 4439 marinarum
1245 4382 1568 4437 semitarum
1601 4360 1853 4449 vestigia.
1883 4379 1960 4431 Ac
1993 4377 2061 4432 de

484 4483 572 4536 his
600 4480 823 4551 quidem
862 4479 979 4534 hac
1010 4487 1324 4532 sanctorum
1360 4475 1582 4529 Patrum
1633 4481 1720 4526 est
1764 4470 2057 4525 sententia.

556 4575 755 4629 Verum
786 4571 877 4626 alii
902 4570 1126 4641 quidam
1153 4569 1360 4621 dictum
1395 4565 1524 4619 illud
1562 4563 1878 4628 Mosaicum,
1911 4562 2058 4632 quod
2091 4552 2140 4612 Β

483 4663 786 4718 indicatum
805 4678 833 4716 a
851 4662 1008 4717 nobis
1021 4672 1125 4722 est,
1151 4675 1252 4714 cna
1262 4667 1475 4711 rrantes
1491 4671 1587 4726 per
1599 4657 1836 4710 siderum
1849 4653 2074 4710 commi-

480 4758 718 4811 sdonem
755 4767 918 4825 atque
936 4753 1253 4808 distantiam
1274 4751 1559 4804 universas
1577 4763 1664 4801 res
1690 4747 1959 4801 humanas
1974 4745 2073 4800 ad-

482 4849 787 4903 ministrari
824 4849 1047 4918 regique
1079 4844 1322 4908 tradunt,
1363 4839 2074 4910 prosperitatemetadver-

479 4955 596 4996 sam
629 4939 906 4992 fortunam
939 4935 1179 4990 indidem
1202 4931 1557 4996 deducentes,
1585 4929 1831 4999 adeoque
1863 4927 2072 4998 simpli-

477 5035 619 5087 citer
642 5031 823 5086 omnia
845 5043 1188 5100 quaecunque
1218 5023 1460 5095 singulos
1478 5024 1534 5078 in
1565 5022 1683 5077 dies
1713 5023 1834 5075 vitm
1857 5030 2059 5074 morta-

475 5126 612 5179 lium
639 5122 916 5177 accidunt.
941 5124 1010 5174 At
1035 5119 1145 5174 nuli
1176 5127 1230 5173 tu
1257 5115 1620 5180 committere,
1653 5114 1849 5170 dilecte
1878 5112 1975 5178 ﬁli,
2000 5121 2061 5166 ut

478 5213 791 5288 hujusmodi
821 5210 1247 5284 cogitationibus
1281 5209 1442 5264 [idem
1489 5209 1715 5270 habeas,
1771 5207 1875 5261 nisi
1925 5206 2057 5260 velis

2169 3278 2356 3349 τρίτην
2396 3279 2610 3352 ἡμέραν
2653 3282 2748 3336 καὶ
2803 3283 3019 3355 καθαρὰ
3064 3287 3340 3359 σταθηράν
3391 3291 3578 3346 εὐδίαν
3632 3311 3749 3348 κατ-

2171 3370 2590 3438 επαγγέλλεται,
2607 3375 2807 3443 παχεῖα
2825 3373 2880 3427 δὲ
2904 3377 3022 3439 ταῖς
3049 3379 3300 3448 κεραίαις
3332 3383 3427 3436 καὶ
3448 3384 3748 3455 ὑπέρυθρος

2169 3462 2468 3533 φαινομένη
2497 3462 2529 3532 ἢ
2561 3461 2705 3534 ὕδωρ
2731 3465 2932 3536 λάόρον
2959 3469 3065 3521 ἀπὸ
3110 3487 3288 3542 νεφων
3318 3474 3351 3545 ἢ
3389 3480 3548 3530 νότου
3579 3478 3748 3548 βιαίαν

2167 3553 2381 3623 κίνησιν
2414 3554 2649 3610 ἀπειλεῖ.
2694 3557 2808 3626 Τὴν
2845 3557 2902 3610 δὲ
2955 3560 3019 3612 ὲκ
3049 3561 3255 3616 τούτων
3293 3567 3598 3636 σημείωσιν
3633 3569 3746 3622 ὅσον

2167 3644 2244 3714 τῷ
2285 3644 2384 3714 βίῳ
2416 3646 2719 3716 παρέχεται
2763 3648 2825 3701 τὸ
2871 3649 3144 3724 ὠφέλιμον
3174 3656 3352 3720 οἰδεὶς
3382 3659 3586 3727 ἀγνοεῖ.
3614 3661 3747 3731 Ὀρα

2166 3743 2274 3808 γὰρ
2306 3740 2387 3792 ὅτι
2421 3743 2515 3791 καὶ
2554 3739 2602 3791 οἱ
2635 3741 3042 3812 ναυτιλλόμενοι
3090 3747 3228 3816 πρός
3275 3765 3336 3816 γε
3364 3750 3488 3814 τοὺς
3521 3754 3746 3821 ἀστέρας

2165 3834 2394 3904 ὁρῶντες
2445 3832 2544 3903 τὴν
2581 3834 2785 3906 ἀκριϐῆ
2829 3837 3014 3906 τρίϐον
3039 3839 3284 3894 ὁδεύουσι
3320 3847 3414 3896 καὶ
3446 3849 3511 3914 τῇ
3548 3852 3745 3900 τούτων

2167 3927 2318 3980 θέσει
2358 3926 2716 3997 προσέχοντες
2747 3927 2807 3980 τὸ
2846 3929 3054 3998 σκάφος
3095 3932 3387 3988 ίθύνουσιν·
3423 3939 3615 4009 ἐπειδὴ
3646 3941 3746 4009 γὰρ

2166 4019 2229 4070 οὐ
2257 4018 2472 4088 δέχεται
2511 4019 2619 4073 τῶν
2661 4020 2870 4074 ὑδάτων
2901 4023 2934 4092 ἡ
2967 4024 3130 4092 φύσις
3178 4027 3332 4098 ἴχνη,
3367 4024 3449 4094 οἷς
3500 4035 3554 4086 οἱ
3588 4034 3746 4088 ὁδῖται

2167 4110 2523 4177 προσέχοντες
2558 4108 2942 4176 νάναμφίσολον
2991 4113 3086 4181 τὴν
3135 4117 3364 4184 πορείαν
3423 4118 3744 4182 ποιοῦνται,

2165 4199 2396 4250 δέδωκεν
2423 4200 2450 4250 6
2486 4197 2620 4261 Θεὸς
2661 4201 2774 4261 τοῖς
2812 4203 3002 4271 μακρὰ
3034 4203 3342 4273 διαπερῶσι
3389 4185 3606 4281 πελάγη
3639 4203 3747 4263 οἷον

2166 4292 2286 4360 ίχνη
2337 4289 2448 4342 τῶν
2502 4287 2803 4343 θαλαττίων
2851 4294 3074 4362 τρίϐων,
3107 4295 3216 4350 τῶν
3252 4299 3500 4369 ἀστέρων
3536 4301 3635 4374 τὴν
3667 4299 3749 4354 θέ-

2167 4399 2273 4436 σιν.
2327 4381 2440 4435 Kal
2478 4378 2624 4432 οὕτω
2680 4379 2780 4450 μὲν
2831 4387 2959 4454 περὶ⁹
3005 4384 3212 4440 τούτων
3249 4389 3360 4452 τοῖς
3405 4390 3585 4460 ἁγίοις
3640 4393 3748 4446 [Ια-

2163 4474 2321 4545 τράσι
2345 4473 2514 4528 δοκεῖ.
2708 4487 2712 4490 '

2241 4565 2459 4636 Ἔτεροι
2488 4568 2544 4622 δὲ
2573 4570 2632 4622 τὸ
2663 4571 2956 4641 διαληφθὲν
2982 4571 3498 4643 παρερμηνεύοντες
3527 4575 3752 4628 Μωσαῖ-

2172 4660 2267 4711 κδν
2302 4662 2495 4731 ῥητὸν,
2531 4665 2595 4715 ὲκ
2628 4665 2728 4734 τῆς
2759 4665 2868 4718 τῶν
2901 4666 3144 4735 ἀστέρων
3178 4667 3535 4737 συγκράσεὼς
3568 4686 3626 4722 τε
3660 4671 3748 4721 καὶ

2169 4751 2501 4817 διαστάσεως
2537 4755 2755 4824 λέγουσι
2787 4756 2858 4810 τὰ
2890 4755 3012 4810 καθ’
3039 4759 3188 4827 ἡμᾶς
3221 4760 3399 4814 πάντα
3431 4760 3746 4815 διοικεῖσθαι

2169 4844 2262 4895 καὶ
2291 4844 2655 4912 διεξάγεσθαι,
2688 4848 2994 4918 εὐπραγίαν
3023 4867 3082 4902 τε
3114 4851 3208 4904 καὶ
3237 4851 3580 4923 δυσπραγίαν
3609 4855 3749 4906 ἐκεῖ·

2169 4933 2260 4988 θεν
2289 4937 2621 5006 κατάγουσι,
2653 4941 2749 4993 καὶ
2776 4940 2959 5003 ἀπλῶς
2989 4942 3090 4996 ὅσα
3119 4942 3197 5012 τῷ
3233 4941 3333 5014 βίῳ
3364 4945 3488 4998 καθ’
3513 4946 3747 5015 ἑκάστην

2167 5026 2584 5098 ἀπροσδοκήτως
2613 5029 3038 5098 συμπίπτουσιν.
3071 5032 3230 5085 Ἀλλὰ
3259 5034 3334 5105 μὴ
3363 5036 3426 5087 σύ
3453 5051 3538 5103 γε,
3562 5038 3748 5088 τέκνον

2165 5113 2555 5186 ἠγαπημένον,
2587 5119 2845 5183 τοιούτοις
2874 5121 3010 5185 ὅλως
3039 5122 3249 5196 ἀνάσχῃ
3283 5124 3567 5180 πείθεσθαι
3597 5125 3746 5194 λογι-

2166 5209 2355 5276 σμοῖς.
2391 5208 2439 5259 εί
2483 5207 2558 5277 μὴ
2598 5207 2779 5278 βούλει
2811 5211 2935 5274 τούς
2973 5213 3210 5282 ἀστέρας
3248 5214 3500 5268 ἐντεῦθεν
3533 5215 3747 5274 ἀδίκους

474 5307 544 5360 ob
571 5320 690 5359 eam
723 5319 944 5359 causam
973 5302 1158 5370 iniqua
1188 5298 1524 5371 deprehendi
1549 5299 1750 5364 sidera,
1781 5297 2054 5368 siquidem

2175 5298 2534 5367 εὑρίσκεσθαι,
2564 5301 2618 5353 εί
2644 5317 2705 5368 γε
2737 5302 2861 5364 τοὺς
2892 5302 2993 5372 μὲν
3019 5306 3235 5360 ποιοῦσι
3265 5307 3519 5377 πόρνους,
3543 5305 3664 5368 τοὺς
3689 5305 3744 5358 δὲ

473 5397 613 5451 alios
645 5403 978 5448 scortatores
999 5391 1262 5455 eﬂieiunt,
1293 5389 1430 5445 alios
1465 5387 1763 5452 adulteros,
1790 5389 1929 5442 alios
1954 5388 2054 5442 bo-

2175 5391 2418 5460 ιοιχοὺς,
2473 5393 2566 5445 καὶ
2617 5392 2812 5457 ἄλλους
2859 5396 3022 5450 πάλιν
3072 5400 3272 5466 φονέας
3321 5399 3417 5453 καὶ
3466 5400 3742 5471 ἅρπαγας.

475 5487 705 5542 micidas
742 5495 798 5540 et
824 5485 1130 5555 praedones.
1168 5484 1312 5550 Quin
1341 5477 1525 5539 etiam'
1557 5492 1682 5538 ante
1719 5483 1835 5554 ipsa
1877 5483 2058 5538 sidera

2175 5482 2331 5535 Ἀλλὰ
2364 5484 2455 5535 καὶ
2489 5484 2595 5554 πρὸ
2626 5485 2736 5538 τῶν
2765 5487 3014 5558 ἀστέρων
3043 5489 3208 5554 αὐτὸς
3237 5490 3304 5545 ἂν
3331 5493 3359 5545 6
3387 5490 3616 5561 ποιητὴς
3647 5491 3746 5542 αὐ-

475 5581 622 5635 Deus
648 5591 842 5631 eorum
879 5574 1060 5646 cpifex
1119 5573 1343 5644 iniquus
1395 5575 1756 5644 reperiretur,
1818 5574 1912 5644 qui
1966 5591 2057 5644 ge-

2175 5575 2262 5628 τῶν
2289 5576 2420 5638 θεὸς
2451 5575 2638 5642 ἄδικος
2669 5579 2945 5652 εὑρεθείη,
2971 5581 3200 5650 γέενναν
3231 5583 3404 5655 πυρὸς
3426 5586 3536 5646 τοῖς
3569 5584 3747 5652 ἀμαρ-

474 5670 712 5722 hcnnam
750 5666 888 5736 ignis
921 5676 975 5722 ct
1029 5666 1286 5721 tenebras
1345 5676 1618 5721 extremas
1673 5667 2058 5736 peccatoribus

2175 5667 2346 5733 τωλοίς
2379 5668 2622 5728 ἀπειλῶν
2652 5673 2746 5728 καὶ
2780 5673 2970 5737 σκότος
3001 5673 3292 5745 ἐξώτερον.
3330 5677 3470 5732 Ἀλλ’
3493 5676 3594 5730 οὐκ
3628 5676 3744 5729 ἐστι

543 5841 586 5871 εὶ
618 5837 806 5891 Matth.
842 5855 950 5904 ενι,
995 5840 1048 5893 ὖ.
