4008 6468
248 382 313 446 73
1521 362 1931 440 ANNALIUM
1959 352 2167 441 rans
2210 381 2255 440 ι.
3438 384 3510 448 τι

248 496 402 552 τοῦτο
421 540 434 560 ,
463 497 565 552 οὐκ
596 496 744 551 ἐστιν
768 515 782 529 ·
817 495 1161 564 αὑτεξούσιος
1194 497 1301 569 γὰρ
1330 495 1405 551 ὣν
1433 497 1464 550 6
1496 495 1617 550 κατ’
1640 496 1827 551 εἰκόνα

1946 495 2194 552 ninatur.
2273 495 2390 551 Non
2443 506 2531 554 est
2569 507 2750 553 autem
2813 499 2917 553 hoc
2989 513 3203 564 verum,
3259 513 3368 551 non
3409 510 3516 553 est.

250 589 381 644 Θεοῦ
418 590 787 660 γεγενημένος
823 589 1108 661 ἄνθρωπος
1142 589 1450 662 εἱμαρμένῃ
1490 590 1584 645 καὶ
1621 589 1823 662 ἄστρα-

253 699 333 737 σιν
360 682 459 752 οὐχ
488 681 796 736 ὑπόκειται.
831 682 896 735 Είῖ
920 682 1029 753 γὰρ
1055 682 1213 736 τοῦτο
1241 679 1308 754 ἦν
1327 722 1342 748 ,
1376 683 1477 738 οὐκ
1506 683 1573 738 ἂν
1605 686 1718 746 τοῖς
1751 683 1824 754 μὴ

255 774 390 828 κατὰ
431 771 658 844 γνώμην
691 774 1066 846 ἁμαρτάνουσι
1110 774 1221 845 πῦρ
1261 777 1288 830 ὁ
1324 774 1457 840 Θεὸς
1498 773 1594 829 καὶ
1635 775 1826 840 σκότος

252 865 565 934 ἠπείλησενι
590 865 714 918 Ὅτι
747 864 804 919 δὲ
840 863 1158 936 βλασφημία
1188 865 1334 920 ἐστὶν
1369 866 1449 927 είς
1484 865 1617 920 Θεὸν
1644 866 1705 919 τὸ
1737 883 1826 920 νο-

255 955 432 1026 μίζειν
457 957 519 1022 ἐξ
548 957 793 1025 ἀστέρων
823 956 1070 1026 γίνεσθαι
1095 959 1219 1020 τοὺς
1252 957 1353 1028 μὲν
1382 957 1493 1012 τῶν
1522 958 1826 1029 ἀνθρώπων

251 1052 477 1120 φονέας,
501 1051 626 1112 τοὺς
655 1051 712 1104 δὲ
744 1050 903 1105 πάλιν
930 1036 1209 1124 ἅρπαγας,
1232 1053 1260 1104 ὁ
1291 1054 1587 1124 κορυφαῖος
1619 1051 1827 1123 Πέτρος

250 1141 520 1213 ἀριδηλως
559 1143 716 1197 τοῦτο
752 1143 949 1211 διδάξει
992 1162 1050 1198 σε
1091 1146 1228 1216 πρὸς
1265 1145 1528 1201 Φαῦστον.
1569 1147 1677 1200 Καὶ
1717 1146 1826 1216 γὰρ

250 1238 377 1304 περὶ
411 1236 680 1303 γενέσεως
712 1236 1087 1307 διαλεγόμενος
1121 1239 1217 1292 καὶ
1250 1240 1376 1294 τάδε
1410 1239 1550 1310 πρὸς
1583 1240 1694 1302 τοῖς
1728 1239 1826 1294 ἄλο

248 1325 358 1389 λοις
395 1327 583 1396 ἔλεγεν
607 1344 621 1359 ο
663 1347 682 1380 ι
723 1327 862 1397 Ἐγὼ
898 1329 997 1399 μὲν
1026 1330 1387 1400 ἀστρολογίας
1422 1328 1687 1401 ἔμπειρος
1724 1329 1826 1385 οὐκ

250 1419 398 1485 εἰμὶ,
434 1419 575 1472 ὥστε
606 1419 703 1490 τὴν
738 1420 949 1488 γένεσιν
979 1421 1074 1476 ἀπ’
1101 1421 1273 1494 αὐτῆς
1305 1422 1406 1490 τῆς
1440 1423 1584 1477 κατὰ
1612 1421 1828 1492 γένεσιν

251 1509 562 1580 ἐπιστήμης
600 1511 1018 1576 ἀνασκευάζειν.
1045 1514 1227 1584 Ἄλλῳ
1268 1515 1324 1569 δέ
1363 1515 1551 1588 τρόπῳ
1591 1517 1828 1587 δύναμαι

250 1600 629 1655 ἀποδεικνύειν
654 1605 737 1657 ὅτι
769 1603 907 1658 κατὰ
943 1605 1200 1678 πρόνοιαν
1229 1605 1516 1663 διοικεῖται
1547 1609 1614 1663 τὰ
1647 1609 1829 1680 πράγ-

253 1710 401 1762 ματα
427 1708 443 1721 ·
475 1695 701 1761 ἕκαστος
742 1696 849 1767 γὰρ
887 1697 1024 1768 πρὸς
1060 1696 1096 1751 ἃ
1137 1699 1371 1769 πράττει
1399 1700 1568 1771 τιμῆς
1606 1702 1701 1754 καὶ
1739 1719 1828 1754 κο-

251 1786 460 1850 λάσεως
503 1787 775 1854 τεύξεται.
831 1807 850 1842 ι
895 1788 1329 1862 ’Δμαρτάνουσιν
1373 1787 1467 1846 οὖν
1513 1794 1562 1846 οἱ
1612 1794 1845 1862 γένεσιν.

1929 586 2141 659 Quippe
2161 588 2229 643 ad
2259 587 2549 660 imaginem
2585 589 2678 645 Dei
2707 589 2965 644 conditus
3001 589 3187 652 homo,
3245 605 3371 643 eum
3404 589 3518 645 sui-

1926 690 2039 734 met
2077 679 2250 750 ipsius
2281 680 2355 736 sit
2387 695 2630 750 compos.
2664 696 2766 737 nec
2789 680 2899 736 fato
2929 695 3032 735 nec
3063 679 3344 735 sideribus
3396 695 3519 734 esse

1927 771 2210 842 subjectus
2237 772 2453 842 potest;
2481 772 2627 843 quod
2657 773 2703 828 si
2731 773 2912 828 locum
2947 773 3195 837 haberet,
3228 787 3337 826 non
3373 771 3518 826 Deus

1926 872 2124 932 przeler
2152 863 2323 918 animi
2345 863 2677 919 sententiam
2727 865 3081 934 peccantibus
3139 863 3321 933 ignem
3354 873 3521 932 atque

1927 954 2185 1010 tenebras
2211 955 2455 1010 minatus
2481 956 2700 1011 fuisset.
2753 956 2820 1010 Et
2843 954 2963 1010 ﬁeri
3016 971 3148 1012 sane
3205 955 3518 1011 convicium

1927 1044 2061 1110 Deo,
2088 1061 2214 1102 cum
2244 1047 2370 1116 quis
2400 1048 2683 1103 existimat
2734 1063 2832 1118 per
2863 1049 3047 1104 sidera
3082 1047 3352 1118 quosdam
3415 1048 3519 1102 ho-

1927 1135 2158 1192 micidas
2183 1135 2350 1204 effici,
2386 1137 2652 1210 quosdam
2686 1149 2960 1208 raptores,
2996 1154 3259 1210 .summus
3299 1140 3388 1194 ille
3423 1139 3524 1194 Pe-

1927 1237 2048 1284 trus
2074 1228 2142 1284 ad
2173 1230 2436 1285 Faustum
2469 1231 2722 1288 scribens
2752 1241 2802 1288 te
2834 1232 3076 1289 docebit.
3110 1231 3246 1287 Nam
3270 1232 3338 1286 de
3369 1241 3525 1286 nata.

1930 1319 2053 1375 litio
2087 1320 2273 1376 sidere
2297 1321 2581 1377 disserens
2619 1323 2735 1378 lucc
2761 1325 2903 1379 inter
2932 1324 3037 1379 alia
3068 1323 3307 1394 profert:
3333 1323 3525 1392 «Equi-

1926 1410 2053 1466 dem
2090 1413 2403 1484 astrologiae
2431 1429 2542 1470 non
2580 1430 2700 1470 sum
2733 1416 2964 1486 peritus,
2999 1426 3058 1471 ut
3081 1417 3424 1471 nativitatem
3456 1431 3528 1470 (ιε

1926 1501 2044 1572 ipsa
2079 1503 2148 1559 de
2172 1505 2426 1560 natalitin
2459 1506 2644 1563 sidere
2694 1507 2927 1563 scientia
2978 1509 3234 1564 refellere
3267 1508 3468 1578 possim
3506 1525 3517 1558 :

1927 1608 2120 1649 verum
2153 1595 2260 1666 27
2284 1596 2395 1652 alio
2419 1598 2658 1667 quodam
2689 1599 2854 1654 modo
2877 1615 3108 1670 possum.
3139 1599 3526 1654 demonstrare

1928 1702 2019 1743 res
2057 1687 2328 1743 humanas
2355 1705 2384 1744 a
2408 1690 2767 1746 Providentia
2807 1691 3131 1762 gubernari.
3195 1692 3332 1746 Nam
3369 1692 3527 1761 quis-

1927 1795 2036 1849 que
2070 1795 2168 1850 pro
2210 1796 2402 1835 eorum
2450 1797 2574 1852 quae
2603 1782 2716 1852 agit
2743 1784 2958 1840 ratione
2991 1784 3077 1839 vel
3114 1783 3386 1839 honorem
3441 1784 3527 1838 vel

250 1877 591 1946 εἰσάγοντες,
641 1878 804 1934 αὑτὸν
842 1879 910 1932 τὰ
938 1881 1114 1936 πάντα
1161 1881 1647 1955 δημιουργήσαντα
1694 1885 1827 1938 Θεὸν

1946 1886 2151 1939 arenam
2183 1885 2580 1943 consequetur.
2614 1873 2986 1942 Quamobrem
3017 1887 3208 1931 errant
3249 1876 3343 1947 qui
3375 1885 3534 1931 nata-

244 1969 727 2040 βλασφημοῦντες.
767 1973 891 2026 Ἐπὶ
924 1973 1137 2038 τούτοις
1176 1975 1286 2047 γὰρ
1320 1974 1413 2029 τοῦ
1455 1977 1713 2048 γέροντος
1754 1981 1830 2032 εί-

251 2062 446 2126 πόντος
482 2063 563 2119 ὅτι
600 2064 946 2136 βλασφημεῖν
976 2070 1093 2124 ἐστι
1124 2068 1188 2122 τὸ
1223 2069 1403 2140 λέγειν
1436 2072 1517 2126 ὄτι
1551 2074 1620 2127 τὰ
1655 2075 1830 2128 πάντα

253 2155 467 2224 γενέσει
511 2157 825 2226 ὑπόκειται,
870 2160 968 2214 καὶ
1010 2163 1158 2217 πάνυ.
1194 2163 1222 2216 ὁ
1261 2163 1470 2235 Πέτρος
1513 2164 1724 2234 ἔλεγεν.
1769 2167 1832 2221 Et

256 2247 363 2317 γὰρ
399 2251 575 2304 πᾶσαι
608 2251 665 2304 αί
697 2251 806 2305 τῶν
839 2253 1144 2324 ἀνθρώπων
1177 2255 1450 2326 ἁμαρτίαι
1488 2257 1548 2323 ἐξ
1582 2261 1834 2330 ἀστέρων

258 2335 496 2404 γίνονται
516 2377 534 2403 ,
568 2339 616 2392 οί
647 2338 704 2392 δὲ
735 2343 964 2411 ἀστέρες
993 2342 1098 2397 ὑπὸ
1124 2343 1261 2398 Θεοῦ
1295 2344 1469 2400 ταῦτα
1503 2351 1677 2404 ποιεῖν
1707 2351 1836 2404 ἐτάο

260 2426 464 2497 χθησαν
487 2467 504 2492 ,
540 2427 627 2481 ἵνα
667 2428 885 2482 πάντων
915 2431 1172 2500 χαλεπῶν
1204 2433 1702 2506 ἀποτελεσματικοὶ
1738 2438 1835 2506 γέ-

263 2535 492 2585 νωνται,
524 2519 779 2577 ἁπάντων
804 2523 988 2578 λοιπὸν
1019 2527 1072 2579 αἱ
1104 2526 1372 2597 ἁμαρτίαι
1402 2528 1482 2591 είς
1511 2527 1674 2582 αὑτὸν
1702 2528 1834 2582 ἀνα-

267 2613 515 2682 φέρονται
547 2615 637 2668 τὸν
666 2616 763 2690 τὴν
797 2619 1007 2687 γένεσιν
1043 2620 1258 2675 ἐνδόντα
1291 2624 1406 2686 τοῖς
1439 2621 1697 2694 ἄστρασι.
1729 2624 1841 2677 Καὶ

266 2714 327 2759 τὰ
359 2707 457 2777 μὲν
487 2710 581 2761 τοῦ
615 2711 911 2780 κορυφαίου
941 2713 1170 2769 τοιαῦτα
1194 2731 1209 2746 ο
1242 2715 1346 2786 ὅρα
1375 2714 1432 2768 δὲ
1463 2716 1559 2770 καὶ
1587 2715 1638 2769 τί
1673 2733 1839 2785 φησιν

267 2796 293 2847 ὁ
323 2798 492 2865 μέγας
531 2797 801 2863 Βασίλειος
833 2802 889 2856 ἐν
917 2803 994 2872 τῷ
1024 2805 1152 2876 περὶ
1185 2806 1492 2877 φωστήρων
1521 2807 1666 2876 ἕκτῳ
1696 2807 1842 2880 λόγῳ

269 2887 450 2943 αὑτοῦ.
482 2889 595 2960 Τὴν
625 2892 735 2961 γὰρ
763 2894 1158 2966 ἀστρολογικὴν
1185 2895 1383 2968 τέχνην
1411 2898 1504 2952 ἐπὶ
1536 2900 1702 2968 μέσου
1737 2918 1842 2954 πα-

273 2979 483 3047 ράγων,
520 2983 615 3035 καὶ
648 2982 795 3048 ὅπως
832 2983 944 3055 ἔχει
984 2986 1208 3055 μεθόδου
1249 2987 1664 3055 κατεξετάζων,
1699 2991 1843 3046 οὕτω

270 3071 408 3124 κατὰ
431 3073 495 3142 ρῆ
505 3089 580 3142 μα
602 3073 854 3142 διέξεισιν
875 3093 890 3108 ·
923 3094 941 3128 ι
979 3078 1069 3132 Ἐν
1094 3077 1158 3150 δὴ
1186 3080 1400 3145 τούτοις
1423 3085 1538 3147 τοῖς
1561 3080 1841 3152 λογισμοῖς

1934 1963 2116 2018 litium
2149 1965 2306 2020 sidus
2365 1966 2748 2035 introducunt,
2791 1969 2971 2038 ipsum
3029 1969 3284 2040 opiﬁcem
3341 1985 3527 2024 rerum

1933 2056 2180 2110 omnium
2245 2055 2418 2112 Deum
2488 2060 2741 2114 convicio
2791 2061 3031 2130 quodam
3099 2059 3461 2119 incessentes.
3503 2080 3522 2113 ›

1936 2146 2148 2213 Quibus
2183 2148 2238 2201 in
2268 2148 2456 2204 verbis
2492 2151 2640 2221 quod
2667 2151 2757 2206 hic
2785 2139 2954 2209 Senex
2998 2153 3096 2220 ait,
3130 2153 3444 2207 convicium
3473 2155 3529 2208 iii

1940 2239 2112 2294 Deum
2148 2255 2268 2296 esse
2298 2241 2483 2297 dicere
2511 2251 2710 2300 cuncta
2738 2232 2993 2300 natalitio
3040 2245 3211 2300 sideri
3242 2260 3364 2301 esse
3393 2247 3531 2302 θυι)-

1938 2331 2107 2402 jecta,
2162 2349 2430 2404 perquam
2494 2336 2716 2406 egregie
2774 2337 3004 2394 dicitur.
3071 2337 3208 2393 Nam
3266 2339 3310 2394 si
3344 2340 3532 2394 omnia

1940 2425 2256 2480 mortalium
2289 2437 2515 2497 peccata
2547 2429 2614 2484 ab
2661 2430 2826 2486 astris
2875 2431 3157 2498 oriuntur,
3211 2441 3361 2486 astra
3397 2447 3530 2486 vero

1941 2514 2210 2575 divinitus
2247 2519 2504 2574 ordinata
2543 2531 2675 2576 sunt
2706 2528 2768 2576 ut
2797 2536 2863 2577 ea
2895 2521 3138 2577 efﬁciant
3187 2531 3244 2577 et
3281 2523 3533 2578 omnium

1941 2608 2211 2664 malorum
2242 2609 2312 2664 ab
2343 2610 2477 2680 ipsis
2532 2611 2689 2681 origo
2731 2611 3136 2682 proﬁciscatur,
3198 2623 3371 2669 restat
3419 2630 3539 2668 om-

1942 2704 2094 2774 nium
2121 2715 2346 2776 peccata
2377 2706 2446 2761 ad
2477 2707 2651 2762 Deum
2695 2706 2889 2762 referri
2919 2708 3147 2773 debere,
3182 2713 3276 2780 qui
3339 2710 3540 2762 natali-

1943 2795 2077 2850 tiam
2104 2797 2251 2853 illam
2282 2799 2392 2852 vim
2426 2798 2706 2856 sideribus
2737 2800 3019 2855 indiderit.
3055 2802 3380 2872 Hujusmodi
3405 2810 3536 2856 sunt

1944 2904 2071 2960 quae
2105 2905 2360 2946 summus
2393 2889 2486 2946 ille
2521 2891 2606 2944 vir
2657 2892 2914 2961 protulit.
2973 2893 3182 2948 Praeter
3231 2893 3348 2947 hzec
3411 2893 3538 2948 vide

1946 2983 2076 3053 quid
2113 2999 2343 3054 magnus
2376 2983 2467 3039 ille
2507 2983 2741 3039 Basilius
2771 2983 2826 3040 in
2874 2987 3126 3042 oratione
3187 2997 3360 3054 sexta,
3415 3004 3541 3058 quae

1947 3082 2032 3129 est
2061 3073 2130 3128 de
2160 3073 2548 3140 luminaribus,
2578 3074 2746 3132 dicat.
2789 3076 2924 3131 Nam
2949 3063 3536 3149 artemIastrologicam

270 3163 402 3214 πολὺ
447 3165 545 3233 μὲν
579 3165 641 3218 τὸ
684 3167 931 3238 ἀνόητον,
978 3169 1379 3225 πολλαπλάσιον
1419 3171 1475 3225 δὲ
1515 3173 1577 3226 τὸ
1621 3174 1838 3241 ἀσεϐές.

1949 3164 2007 3219 in
2038 3165 2282 3221 medium
2333 3165 2643 3235 proferens,
2700 3175 2756 3222 et
2801 3183 2924 3238 quae
2947 3168 3020 3223 sit
3071 3169 3192 3240 ejus
3245 3171 3541 3227 metbodus

275 3253 426 3318 Τίνος
448 3255 635 3311 ἕνεκεν
652 3257 802 3323 ;Ὅτι
829 3260 878 3312 οἱ
907 3261 1191 3315 κακοποιοὶ
1216 3261 1328 3316 τῶν
1353 3263 1600 3335 ἀστέρων
1616 3266 1716 3336 τῆς
1739 3267 1839 3320 αὖ·

273 3345 377 3399 τῶν
411 3349 606 3418 πονηρῖ
614 3365 677 3413 ας
711 3349 804 3402 ἐπὶ
835 3350 926 3404 τὸν
959 3353 1265 3422 ποιήσαντα
1298 3353 1494 3418 αὐτοὺς
1531 3356 1629 3427 τὴν
1666 3355 1845 3410 αἰτίαν

278 3440 674 3508 μετατιθέασιν.
700 3443 934 3499 Ἔπειτα
972 3448 1021 3500 εἰ
1062 3447 1154 3500 καὶ
1192 3447 1302 3500 τῶν
1339 3449 1470 3518 περὶ
1510 3449 1712 3504 κακίαν
1751 3452 1846 3506 καὶ

274 3531 467 3602 ἀρετὴν
505 3535 896 3606 ἐνεργημάτων
934 3538 1034 3592 ούκ
1080 3539 1146 3591 ἐκ
1181 3537 1278 3592 τοῦ
1323 3540 1408 3609 ἐφ’
1433 3542 1566 3612 ἡμῖν
1608 3543 1748 3595 εἰσιν
1789 3543 1847 3596 αί

277 3625 589 3694 ἀρχα),ἀλλ’
611 3629 674 3681 ἐκ
696 3628 794 3698 τῆς
810 3630 1075 3698 γενέσεως
1100 3631 1156 3684 ai
1185 3631 1444 3700 ἀνάγκαι,
1469 3634 1720 3704 περιττοὶ
1749 3639 1847 3705 μὲν

274 3716 324 3768 οι
347 3717 630 3786 νομοθέται
655 3718 726 3773 τὰ
755 3721 1006 3790 πρακτέα
1037 3724 1169 3793 ἡμῖν
1193 3724 1289 3778 καὶ
1315 3724 1383 3780 τὰ
1413 3726 1652 3794 φευκτέα
1680 3727 1847 3798 διορί-

275 3808 476 3875 (av-rec,
505 3814 748 3886 περιττοὶ
779 3815 835 3869 δὲ
865 3816 913 3868 οἱ
944 3815 1432 3891 δικασταὶ.άρετὴν
1457 3821 1723 3891 τιμῶντες
1754 3821 1847 3875 καὶ

276 3905 538 3974 πονηρὴν
577 3905 894 3972 κολάζοντες
919 3923 933 3942 ο
969 3909 1030 3962 ού
1081 3907 1180 3979 μὲν
1216 3910 1329 3978 γὰρ
1367 3908 1464 3964 τοῦ
1509 3912 1745 3965 κλέπτου
1788 3913 1852 3966 τὸ

275 3993 538 4066 ἀδίκημα,
566 3997 685 4050 οὐδὲ
713 3997 811 4051 τοῦ
841 3998 1069 4068 φονέως,
1099 3991 1144 4068 ᾧ
1172 4015 1236 4068 γε
1266 4000 1386 4053 οὐδὲ
1417 3999 1733 4072 βουλομένῳ
1762 4003 1853 4056 δυ-

277 4089 432 4141 νατὸν
462 4084 532 4159 ἦν
563 4091 782 4162 κρατεῖν
815 4090 916 4158 τῆς
953 4092 1156 4163 χειρός.
1198 4091 1340 4146 Ἀλλ’
1367 4093 1470 4148 οὐκ
1507 4093 1624 4148 ἐστι
1658 4095 1850 4160 τοῦτο,

275 4181 372 4232 οὐκ
397 4179 547 4234 ἔστιν
564 4197 579 4213 ο
606 4181 952 4247 αὐτεξούσιος
977 4182 1086 4255 γὰρ
1111 4185 1139 4237 ό
1163 4183 1473 4256 ἄνθρωπος,
1498 4187 1582 4240 ὅτι
1609 4189 1705 4242 καὶ
1729 4187 1854 4242 κατ’

277 4276 459 4328 ε’κόνα
496 4276 750 4346 παρήχθη
790 4275 964 4341 Θεοῦ,
1004 4269 1156 4347 ἐφ’ᾦ
1197 4279 1413 4347 γενέσει
1453 4281 1544 4334 καὶ
1586 4279 1854 4352 ἄστρασιν

279 4370 374 4440 οὐχ
397 4368 708 4427 ὑπόκειται.
739 4387 756 4420 ι
784 4371 908 4435 Τοῖς
937 4371 1122 4441 μέντοι
1150 4372 1585 4443 προσπταίουσιν
1608 4374 1858 4446 ὁπωσδή-

279 4479 404 4538 ποτε
433 4462 552 4516 καθ’
575 4464 936 4535 εἱμαρμένην,
963 4464 1040 4530 ὡς
1064 4464 1304 4535 εἴρηται,
1330 4467 1428 4521 καὶ
1455 4467 1856 4538 συγγινώσκειν

1943 3256 2260 3327 explorans,
2286 3258 2351 3312 ad
2382 3257 2616 3314 verbum
2651 3259 2766 3314 hoc-
2780 3259 2942 3316 modo
2972 3261 3240 3331 loquitur.
3300 3262 3358 3316 In
3391 3265 3543 3320 hisee

1945 3347 2464 3405 ratiocinationibus
2504 3366 2700 3417 magna
2758 3351 2902 3407 inest
2955 3353 3194 3409 stultitia
3248 3362 3306 3410 et
3367 3357 3544 3425 major

1946 3441 2111 3496 etiam
2150 3441 2424 3512 impietas.
2450 3442 2824 3510 Quamobrem
2847 3446 2878 3499 l'
2893 3443 3050 3512 Quod
3079 3447 3322 3502 malefica
3351 3449 3545 3503 noxia-

1947 3549 2056 3602 que
2086 3534 2277 3590 sidera
2295 3536 2584 3606 pravitatis
2602 3553 2718 3592 suae
2741 3553 2962 3594 causam
2985 3539 3041 3593 in
3069 3549 3352 3596 auctorem
3377 3557 3542 3596 suum

1947 3627 2306 3684 transferant.
2343 3628 2550 3684 Deinde
2581 3630 2626 3684 si
2662 3641 2770 3685 tam
2795 3630 2992 3686 virtuti
3019 3647 3186 3702 quam
3217 3633 3372 3688 vitiis
3408 3649 3545 3688 con-

1949 3729 2341 3776 sentanearum
2371 3721 2653 3776 actionum
2699 3722 2972 3793 principia
3006 3739 3117 3777 non
3169 3734 3298 3781 sunt
3331 3725 3382 3778 in
3446 3743 3544 3780 no-

1951 3821 2061 3867 stra
2095 3819 2390 3882 potestate,
2423 3812 2519 3867 sed
2552 3827 2582 3866 a
2615 3812 3044 3869 necessitatibus
3082 3813 3327 3869 siderum
3385 3827 3542 3872 nata-

1950 3903 2200 3960 litiorum
2223 3907 2486 3976 pendent,
2515 3911 2912 3980 supervacanei
2939 3919 3070 3967 sunt
3098 3911 3280 3983 legum
3312 3913 3541 3979 latores,

1952 3998 2054 4068 qui
2079 3998 2290 4070 agenda
2337 3999 2709 4073 fugiendaque
2753 4002 2917 4059 nobis
2967 4003 3261 4059 deﬁniunt.
3307 4005 3534 4060 Nullum

1953 4093 2208 4151 estenim
2262 4095 2348 4150 vel
2407 4095 2550 4152 furis
2586 4098 2850 4152 delictum
2885 4098 2971 4153 vel
3021 4098 3339 4165 homicidae,
3376 4099 3421 4154 si
3478 4117 3547 4154 ne

1957 4188 2150 4245 volens
2176 4189 2402 4259 quidem
2435 4191 2726 4247 continere
2758 4206 2982 4246 manum
3004 4201 3242 4262 poterat.
3282 4192 3387 4247 Sed
3437 4209 3548 4248 non

1954 4289 2040 4336 est
2071 4281 2177 4336 boc
2203 4296 2420 4348 verum,
2483 4297 2594 4336 non
2623 4291 2728 4337 est.
2780 4283 2994 4353 Quippe
3027 4299 3143 4338 suae
3199 4285 3416 4354 spontis
3465 4294 3553 4339 est

1955 4373 2145 4440 homo,
2171 4389 2297 4430 cum
2336 4374 2403 4429 ad
2438 4375 2732 4446 imaginem
2764 4375 2874 4430 Dei
2897 4376 2968 4430 sit
2994 4375 3214 4442 factus;
3262 4391 3374 4446 quo
3406 4375 3463 4430 ﬁt
3489 4387 3551 4431 ut

1958 4481 2138 4536 neque
2170 4465 2443 4521 nativitati
2496 4473 2663 4522 certa:
2697 4481 2880 4537 neque
2944 4467 3225 4522 sideribus
3261 4469 3556 4539 subjectus

279 4536 544 4628 dit-ovﬁv,
577 4557 637 4610 οὐ
669 4556 776 4630 μὴν
804 4559 1093 4630 ἐπιφέρειν
1125 4558 1420 4630 μάστιγας,
1451 4536 1584 4624 ὡςό
1613 4563 1843 4634 χρυσορι

1963 4558 2054 4612 sit.
2083 4557 2224 4625 Quin
2253 4557 2425 4614 etiam
2446 4573 2672 4628 quoquo
2724 4536 2891 4613 modo
2944 4536 3412 4633 delinquentibus
3439 4561 3558 4615 fata

282 4651 470 4721 ρήμων
497 4650 748 4720 Ἰωάννης
773 4652 953 4722 φησίν.
978 4653 1089 4706 Καὶ
1112 4652 1222 4724 γὰρ
1244 4653 1304 4708 ἐν
1325 4646 1405 4717 οἷς
1432 4652 1648 4719 ἐξέθετο
1671 4655 1852 4725 λόγοις

281 4743 413 4812 περὶ
457 4743 797 4814 εἱμαρμένης
845 4744 939 4798 καὶ
979 4744 1104 4798 τάδε
1151 4745 1393 4813 διέξεισι.
1441 4745 1566 4808 Τοῖς
1615 4748 1717 4819 μὲν
1759 4743 1854 4803 οὖν

277 4834 496 4906 eam
545 4835 930 4905 κατεχομένοις
980 4834 1396 4905 συγγινώσκειν
1433 4837 1680 4908 οῖδαμεν.
1735 4838 1855 4894 Κᾶν

279 4928 385 4999 γὰρ
431 4927 537 4981 ὑπὸ
581 4927 832 4998 δαίμονός
872 4943 956 4990 τις
1001 4927 1390 5000 ἐνοχλούμενος
1437 4931 1470 5001 ἢ
1515 4930 1606 4984 τὸν
1649 4931 1857 5001 χιτῶνα

282 5022 545 5095 superae“
571 5023 656 5076 τδν
681 5022 950 5093 ἡμέτερον
973 5025 1006 5096 ﬁ
1034 5023 1249 5095 πληγὰς
1273 5023 1573 5099 ἐπενέγκῃ,
1599 5026 1660 5081 οὐ
1691 5026 1858 5096 μόνον

284 5115 342 5168 οὐ
380 5101 714 5185 κολάζομεν,
749 5113 887 5170 ἀλλὰ
924 5095 1018 5170 καλ
1053 5115 1318 5188 ἐλεοῦμεν
1352 5095 1450 5171 καὶ
1486 5095 1861 5189 συγγινωσκο-

287 5227 403 5280 μεν.
422 5209 489 5263 Τί
523 5209 756 5281 δήποτε;
783 5208 906 5263 Ὅτι
938 5211 1037 5282 οὐχ
1059 5213 1093 5282 ἡ
1115 5212 1521 5284 προαιρέσεως,
1554 5211 1728 5284 ἀλκὴ
1764 5211 1858 5267 τοῦ

283 5304 533 5374 δαίμονος
566 5305 657 5373 βία
681 5304 857 5360 ταῦτα
881 5304 1200 5376 είργὰσατο.
1224 5304 1391 5360 Ὥστε
1422 5307 1470 5360 εί
1501 5307 1595 5360 καὶ
1622 5304 1692 5358 τὰ
1723 5305 1860 5360 ἄλλα

283 5396 662 5470 ἁμαρτήματα
684 5397 794 5452 ἀπὸ
822 5398 922 5469 τῆς
953 5399 1198 5470 ἀνάγκης
1227 5399 1329 5470 τῆς
1360 5397 1506 5454 κατὰ
1534 5399 1634 5469 τὴν
1662 5399 1863 5471 εἱμαρ-

287 5491 456 5562 μένην
494 5491 754 5560 ιγίνοντο,
800 5491 1144 5564 συνέγνωμεν
1184 5491 1250 5547 ἄν
1278 5509 1292 5523 ο
1345 5493 1534 5562 ἐπειδὴ
1578 5492 1738 5565 ίσμεν
1778 5494 1862 5547 ὅτι

285 5581 382 5636 οὐκ
419 5583 572 5636 ἔστιν
608 5583 857 5656 ἀνάγκη,
897 5583 986 5638 διὰ
1021 5583 1182 5638 τοῦτο
1218 5583 1343 5638 οὐδὲ
1385 5585 1860 5656 συγγινώσκομεν.

286 5674 346 5726 El
374 5674 484 5746 γὰρ
514 5673 730 5746 ἀνάγκη
762 5676 825 5729 τὰ
854 5675 1100 5746 ἡμέτερα
1127 5676 1357 5741 ἐδέδετο,
1384 5676 1528 5740 τίνος
1559 5677 1748 5733 ἕνεκεν
1775 5677 1866 5732 τὸν

285 5767 503 5840 οῑκέτην
543 5767 851 5837 κεκλοφότα
897 5767 1219 5838 μαστίζει-ςς
1260 5767 1349 5822 διὰ
1393 5769 1447 5822 τί
1487 5770 1587 5841 τὴν
1629 5772 1867 5838 γυναῖκα

292 5859 675 5931 μοιχευθεῖσαν
717 5860 800 5928 είς
846 5859 1131 5932 κριτήριον
1173 5861 1390 5931 ἒλκεις;
1433 5863 1520 5918 ἵνα
1569 5863 1623 5918 τί
1667 5864 1725 5918 δὲ
1773 5867 1866 5921 καὶ

1961 4650 2224 4721 quodam,
2269 4659 2329 4706 ut
2353 4651 2616 4718 diximus,
2653 4666 2875 4721 aequum
2901 4660 3049 4708 esset
3081 4652 3388 4722 ignoscere,
3441 4669 3550 4708 non

1961 4743 2224 4799 adhibere
2282 4744 2535 4811 verbera,
2593 4743 3059 4814 quemadmodum
3125 4743 3555 4815 Chrysostomus

1962 4836 2060 4894 ait.
2099 4833 2235 4890 Nam
2267 4835 2322 4891 in
2356 4835 2704 4892 orationibus
2719 4852 2856 4906 quas
2879 4836 3075 4892 habuit
3101 4835 3170 4891 de
3201 4834 3333 4892 Fato
3362 4837 3558 4908 hujus-

1964 4928 2113 4984 modi
2149 4928 2400 5000 quedam
2431 4927 2638 4984 tradit:
2680 4928 2751 4984 l’Is
2786 4929 2878 4998 qui
2913 4928 3238 4985 necessitate
3261 4941 3556 5000 coguntur,

1965 5022 2251 5094 ignoscere
2272 5023 2535 5077 solemus.
2588 5021 2804 5077 Etenim
2864 5021 3062 5093 siquis
3125 5037 3155 5078 a
3210 5023 3354 5078 malo
3396 5025 3560 5095 genio

1964 5123 2196 5172 vexatus
2233 5115 2321 5170 vel
2378 5114 2619 5170 tunicam
2658 5121 2901 5169 nostram
2960 5115 3292 5172 laceraverit
3335 5116 3425 5172 vel
3463 5133 3565 5172 nos

1967 5208 2296 5264 verberibus
2331 5206 2601 5272 aﬂecerit,
2628 5222 2741 5263 non
2770 5207 2936 5263 modo
2969 5224 3080 5263 non
3120 5211 3381 5280 punimus
3408 5225 3563 5275 eum.

1969 5302 2065 5359 sed
2096 5303 2261 5358 etiam
2297 5302 2631 5357 miseramur
2664 5303 2999 5373 veniamque
3035 5303 3324 5374 largimur.
3355 5303 3564 5371 Quam-

1970 5400 2161 5454 obrem
2195 5397 2374 5452 istuc?
2411 5396 2560 5463 Quia»
2585 5411 2695 5450 non
2750 5395 3064 5462 electionis,
3100 5397 3197 5451 sed
3255 5397 3380 5450 mali
3417 5394 3563 5465 genii

1973 5491 2054 5546 vis
2083 5505 2149 5546 ea
2176 5483 2505 5560 designavit.
2543 5486 2757 5554 Quoﬁt'
2777 5497 2838 5543 ut
2867 5487 2915 5542 si
2941 5488 3164 5558 quidem
3195 5488 3301 5542 alia
3339 5501 3565 5556 quoque

1972 5581 2172 5638 delicta
2211 5580 2279 5636 de
2324 5581 2654 5636 necessitate
2695 5579 2789 5634 fati
2848 5580 3230 5650 provenirent,
3267 5579 3563 5646 ignoscen-

1974 5675 2106 5732 dum
2137 5675 2220 5730 eis
2246 5673 2478 5728 omnino
2502 5673 2666 5727 foret.
2725 5671 2868 5727 Nam
2906 5673 2951 5727 si
2980 5672 3285 5727 necessitas
3314 5685 3404 5727 res
3467 5686 3567 5726 no-

1975 5777 2118 5824 stras
2147 5766 2476 5822 constrictas
2516 5773 2688 5831 tenet,
2736 5765 3094 5835 quamobrem
3122 5777 3343 5818 servum
3371 5757 3376 5764 ”
3410 5771 3566 5818 tuum

1979 5859 2188 5933 aliquid
2252 5859 2583 5914 suil‘uratum
2637 5857 2938 5914 verberas?
2995 5855 3357 5926 quamobrem
3413 5854 3569 5911 adul-
