4008 6474
518 314 587 387 fi?»
1806 327 2228 388 MlCIlAELlS
2270 329 2530 391 oues
3702 333 3768 397 τε

521 430 639 483 ιιτιιί
680 447 824 484 ream
867 446 1095 487 uxorem
1130 436 1184 487 in
1234 435 1322 506 jus
1356 435 1539 506 rapis?
1593 436 1951 506 quamobrem
1979 449 2082 493 tur-

2204 442 2420 516 πονηρά
2451 443 2707 516 πράττων
2735 442 2997 514 αἰσχύνης
3028 440 3265 512 Εὔδηλον
3295 439 3390 498 οὖν
3420 445 3669 501 ἐντεῦθεν
3693 450 3767 504 ὅτι

519 520 605 588 pia
640 519 940 590 designans
988 523 1201 594 pudore
1252 523 1527 581 afﬁceris?
1577 526 1654 581 De
1724 526 1810 583 his
1860 528 2098 601 perspici

517 613 627 683 28
655 613 815 668 facile
845 621 1026 683 potest
1063 631 1241 686 neque
1273 617 1444 672 fatum
1474 634 1652 688 neque
1689 618 1967 675 fortunam
2000 637 2100 675 ne-

516 718 624 772 que
653 703 991 759 nativitatem
1015 720 1194 775 neque
1218 721 1445 761 cursum
1481 709 1723 765 siderum
1758 726 1846 765 res
1880 722 2100 768 nostras

515 794 841 864 gubernare.
871 795 1009 851 Nam
1043 796 1090 851 si
1124 796 1228 852 hoc
1256 798 1577 870 largiamur,
1611 800 1743 871 quid
1776 817 1943 872 porro
2007 818 2098 859 ne-

515 901 668 940 cesse
708 884 875 941 fuerit
896 887 1168 945 adhibere
1208 890 1429 946 labores
1470 902 1635 962 atque
1666 892 1918 962 sudores,
1980 905 2097 951 uta

516 982 663 1037 vitiis
723 982 998 1040 immunes
1052 986 1271 1041 simus?
1319 986 1603 1057 Siquidem
1656 989 1765 1044 fato
1813 988 2096 1045 decretum

510 1064 596 1133 est
628 1080 744 1134 fore
774 1080 1013 1150 aliquem
1050 1080 1275 1147 malum,
1337 1083 1552 1138 etiamsi
1599 1083 1880 1139 molestias
1911 1083 2097 1139 inﬁni-

513 1183 594 1226 tas
619 1172 908 1242 suscipiat,
963 1173 1141 1228 malus
1193 1175 1318 1229 erit.
1359 1176 1454 1241 Vc]
1509 1175 1695 1246 potius
1746 1176 1857 1232 dici
1919 1176 2097 1234 malus

513 1281 858 1335 nequaquam
891 1265 1075 1330 debet,
1119 1268 1211 1337 qui
1253 1283 1283 1322 a
1331 1267 1660 1324 necessitate
1713 1269 1781 1323 ad
1825 1270 1927 1324 hoc
1990 1270 2096 1324 im-

504 1358 761 1431 pellitur.
808 1357 1012 1426 Quodsi
1042 1359 1205 1414 etiam
1236 1358 1379 1415 bona
1432 1358 1687 1416 valetudo
1717 1368 1882 1429 atque
1916 1360 2093 1416 morbi

513 1469 541 1502 a
574 1451 684 1504 fato
719 1450 982 1519 pendent,
1011 1465 1437 1521 snpervacaneze
1469 1462 1598 1507 sunt
1624 1465 1788 1508 onum
1811 1452 2092 1524 impensat,

512 1556 923 1610 supervacanea
982 1541 1319 1597 medicorum
1354 1544 1618 1607 accessio,
1684 1557 2094 1613 supervacanea

512 1634 749 1704 donique
782 1635 960 1691 victus
992 1635 1153 1701 ratio,
1190 1651 1352 1704 quam
1385 1636 1577 1691 morbo
1610 1636 1795 1706 aliquo
1831 1635 2093 1691 laboran-

514 1740 594 1781 tes
625 1740 880 1783 accurate
911 1738 1156 1782 servant.
1214 1730 1280 1783 At
1318 1745 1444 1785 cum
1501 1731 1621 1785 haec
1679 1742 2091 1798 supervacanea

2200 535 2325 589 οὔτε
2358 535 2670 607 εἱμαρμένη
2704 532 2826 588 οὔτε
2857 533 2994 605 τύχη
3027 533 3151 588 οὔτε
3186 535 3403 603 γένεσις
3436 535 3559 590 οὔτε
3592 538 3770 611 δρόμοι

2200 627 2450 699 ἀστέρων
2484 628 2551 681 τὰ
2594 625 2716 680 καθ’
2743 627 2893 698 ἡμᾶς
2927 629 3142 683 διοικεῖ.
3179 628 3242 681 El
3278 627 3387 697 γὰρ
3419 628 3579 684 τοῦτο
3610 632 3772 688 δώσοο

2203 736 2325 790 μεν,
2364 719 2448 782 τις
2488 719 2647 790 χρεία
2685 718 2873 774 λοιπὸν
2913 719 3093 781 πόνων
3132 720 3227 774 καὶ
3272 720 3512 790 ἱδρώτων
3552 722 3685 789 πρὸς
3716 724 3772 777 ab

2201 808 2503 879 κατορθοῦν
2554 809 2757 881 ἀρετὴν
2810 809 3001 874 ἐσταις
3037 810 3315 880 Εἴμαρταὶ
3362 828 3469 864 τινι
3522 812 3769 880 γενέσθαι

2199 897 2365 961 καλός
2390 914 2404 929 ·
2441 898 2539 951 καὶ
2578 898 2859 952 καθεύδων
2894 899 2921 951 ὁ
2956 897 3198 961 τοιοῦτος
3238 901 3331 954 καὶ
3373 900 3589 973 ῥέγχων
3622 902 3770 957 ἔσται

2198 990 2385 1054 καλός.
2414 990 2633 1045 Μᾶλλον
2663 991 2719 1045 δὲ
2750 991 2811 1045 ού
2842 992 3006 1045 καλὸν
3034 992 3126 1048 τὸν
3154 993 3397 1048 τοιοῦτον
3425 994 3574 1049 ἐστιν
3602 996 3769 1050 εἰπεῖν

2196 1078 2290 1132 τὸν
2319 1078 2378 1145 ἐξ
2408 1080 2656 1150 ἀνάγκης
2686 1083 2764 1145 εἱς
2795 1081 3005 1137 τοιοῦτο
3030 1083 3336 1155 γινόμενον.
3368 1086 3467 1150 Τίς
3493 1087 3654 1157 χρεία
3679 1086 3770 1141 πό-

2199 1189 2303 1225 νων
2333 1170 2409 1245 (8)
2440 1173 2576 1242 πρδς
2603 1172 2663 1225 τὸ
2690 1172 2896 1228 κακίαν
2922 1178 3148 1243 qni-(civ;
3178 1177 3227 1229 εἱ
3258 1175 3534 1248 Εἵμαρταί
3558 1194 3662 1230 τινι
3687 1194 3750 1247 γε

2197 1261 2385 1315 νέσθαι
2420 1262 2625 1329 κακὸς,
2658 1263 2763 1317 κᾶν
2796 1262 2968 1333 μυρία
2998 1265 3321 1335 ταλαιπωρῇ
3343 1302 3359 1327 ,
3395 1264 3566 1328 κακὸς
3597 1264 3769 1322 ἔσται.

2197 1353 2415 1407 Μᾶλλον
2445 1353 2502 1407 δὲ
2533 1353 2594 1407 οὐ
2630 1354 2800 1408 κακὸν
2830 1353 2923 1408 τὸν
2954 1355 3143 1409 τοῦτον
3174 1356 3322 1410 ἔστιν
3354 1358 3532 1412 εἰπεῖν
3559 1357 3652 1411 τὸν
3682 1357 3771 1412 ὑπ’

2196 1448 2446 1518 ἀνάγκης
2493 1447 2632 1517 πρὸς
2671 1446 2834 1501 τούτο
2877 1446 3211 1519 ὠθούμενον.
3254 1449 3427 1519 Είπερ
3448 1450 3635 1527 κὑγεία
3682 1451 3772 1506 καὶ

2196 1538 2350 1602 νόσος
2375 1538 2475 1608 τῆς
2506 1539 2852 1610 εἱμαρμένης
2879 1538 3132 1610 ἤρτηται,
3164 1539 3400 1608 περιττά
3427 1540 3538 1595 τῶν
3562 1542 3775 1613 χρημά-

2194 1646 2304 1683 των
2331 1630 2401 1683 τά
2430 1628 2765 1699 ἀναλώματα
2784 1670 2801 1692 ,
2830 1629 3062 1700 περιττὴ
3092 1629 3203 1684 τῶν
3240 1630 3442 1702 ἰατρῶν
3472 1632 3505 1702 ή
3534 1632 3773 1695 εἴσοδος.

2197 1723 2430 1793 περιττὴ
2468 1722 2525 1777 δὲ
2564 1722 2660 1776 καὶ
2700 1722 2732 1792 ἡ
2764 1721 2874 1775 τῶν
2910 1723 3211 1776 νοσούντων
3244 1723 3458 1795 διαίτης
3495 1724 3773 1796 ἀκρίϐεια.

512 1835 618 1875 nou
658 1818 768 1872 sint
802 1821 934 1888 (quo
969 1819 1114 1873 enim
1146 1829 1305 1889 pacto
1344 1819 1398 1874 id
1439 1819 1546 1872 dici
1575 1818 1790 1889 possit?
1826 1833 1951 1872 cum
1981 1832 2082 1871 ma-

2210 1780 2351 1867 Ἀλλ’
2374 1780 2564 1884 ἐπειδὴ
2608 1813 2685 1883 μὴ
2708 1780 2937 1883 περιττά
2974 1812 3147 1867 ταῦτα
3186 1815 3327 1883 (πῶς
3355 1780 3487 1886 γάρ,
3526 1780 3646 1885 είγε
3678 1780 3777 1870 καὶ

508 1928 666 1979 gnam
702 1927 766 1964 ex
795 1911 878 1964 his
911 1911 1200 1966 utilitatem
1231 1911 1439 1981 percipi
1469 1910 1926 1981 conspiciamus),
1953 1912 2097 1983 jacet

509 2006 625 2057 haec
656 2002 722 2057 de
761 2003 874 2058 fato
906 2003 1113 2068 fabula,
1144 2005 1287 2075 jacet
1318 2008 1500 2059 omnis
1532 2005 1599 2059 de
1629 2003 1884 2058 natalitio
1912 2003 2095 2058 sidere

508 2096 708 2150 oratio.
742 2095 858 2150 Non
894 2096 1040 2150 enim
1081 2096 1338 2150 homines
1367 2096 1462 2151 ulli
1505 2097 1820 2152 necessitali
1865 2095 2096 2165 subjecti

509 2204 723 2254 sumus,
748 2190 842 2243 sed
882 2188 1067 2258 potius
1091 2188 1376 2244 electionis
1400 2188 1653 2245 libertate
1684 2203 1749 2243 ac
1799 2186 2097 2243 voluntatis

507 2281 737 2334 arbitrio
802 2280 1070 2335 divinitus
1130 2280 1330 2335 ornati.
1388 2280 1523 2335 Nam
1584 2279 1631 2337 si
1683 2295 1789 2336 non
1852 2288 1939 2334 est
1985 2293 2098 2334 suae

507 2372 720 2441 spontis
748 2372 1072 2443 alqnejuris
1100 2372 1289 2438 homo,
1344 2382 1517 2426 restat
1574 2386 1700 2427 eum
1760 2387 1829 2427 ne
1879 2372 1946 2427 ad
1996 2371 2094 2426 Dei

506 2465 728 2534 quidem
788 2464 1077 2533 imaginem
1108 2476 1353 2519 creatum
1388 2479 1531 2520 esse.
1596 2465 1712 2531 Quo
1738 2465 1884 2520 enim
1934 2473 2096 2539 pacto

507 2556 866 2609 simulacrum
902 2566 1114 2610 natura:
1156 2556 1302 2611 illius
1330 2556 1700 2635 imperatricis
1730 2572 1852 2613 esse
1899 2558 2094 2627 possit,

505 2648 548 2701 si
584 2647 686 2701 hac
718 2648 771 2701 in
831 2659 988 2717 parte
1046 2648 1321 2718 discrepet
1357 2649 1425 2703 ab
1477 2649 1776 2720 exemplari
1813 2648 2099 2719 principe?

503 2741 715 2810 Quippe
748 2741 1301 2811 conveniebatatque
1330 2758 1427 2812 par
1455 2751 1595 2809 erat,
1632 2752 1692 2797 ut
1728 2743 1782 2797 id
1816 2743 1963 2814 quod
1998 2757 2096 2812 per

502 2836 685 2889 omnia
767 2831 1168 2887 conformatum
1244 2834 1310 2887 ad
1366 2834 1781 2890 similitudinem
1845 2835 2098 2891 Numinis

506 2938 675 2992 esset,
717 2927 1182 2996 quemadmodum
1212 2926 1492 2997 Nyssenus
1516 2928 1743 2983 antistes
1778 2927 1876 2992 ait,
1910 2927 1963 2981 in
1995 2942 2096 2983 na-

502 3028 625 3074 tura
675 3033 771 3073 sua
802 3028 1132 3088 potestatem
1177 3019 1373 3088 agendi
1409 3020 1679 3075 arbitratu
1712 3035 1813 3075 suo
1870 3020 2097 3077 haberet

2199 1904 2404 1973 πολλὴν
2430 1906 2649 1976 ὁρῶμεν
2673 1906 2773 1975 τὴν
2800 1906 3053 1958 ἐντεῦθεν
3078 1905 3407 1976 ὠφέλειαν),
3436 1908 3649 1978 οἴχεται
3680 1907 3778 1978 μὲν

2198 2000 2226 2051 ὁ
2252 1998 2348 2067 τῆς
2379 1995 2724 2069 εἱμαρμένης
2758 1996 2955 2066 μῦθος,
2985 1996 3194 2067 οἴχεται
3224 1997 3281 2051 δὲ
3313 1998 3408 2052 καὶ
3435 2000 3465 2052 ὁ
3490 1999 3595 2069 τῆς
3624 1998 3778 2066 γενέ-

2199 2109 2339 2154 σεως
2363 2092 2541 2158 λόγος.
2570 2090 2816 2162 Οὐδεμιᾷ
2841 2091 2949 2161 γὰρ
2979 2091 3195 2163 ἀνάγκη
3218 2089 3287 2145 τὰ
3317 2090 3439 2145 καθ’
3465 2092 3618 2163 ἡμᾶς
3646 2091 3779 2145 ὑπό-

2197 2203 2410 2249 κειται,
2442 2184 2735 2257 τετίμηται
2767 2185 2823 2237 δὲ
2857 2184 3058 2254 μᾶλλον
3094 2187 3466 2256 προαιρέσεως
3496 2186 3781 2259 ἐλευθερίᾳ

2198 2277 2294 2331 καὶ
2322 2275 2782 2344 αύτεξουσιότητι.
2813 2275 2875 2327 Εἱ
2899 2276 3007 2345 γὰρ
3039 2275 3112 2345 μὴ
3140 2275 3489 2340 αὐτεξούσιος
3514 2279 3542 2331 ὁ
3568 2277 3782 2348 ἄνθρω-

2199 2386 2330 2435 πος,
2370 2366 2494 2420 οὐδὲ
2535 2368 2657 2419 κατ’
2683 2366 2869 2420 εἱκόνα
2906 2365 3054 2439 Θεοῦ,
3088 2367 3347 2437 παρήχθη
3387 2366 3575 2421 λοιπόν
3604 2382 3620 2397 ⁶
3666 2367 3782 2430 πῶς

2196 2466 2292 2516 καὶ
2339 2461 2446 2533 γὰρ
2494 2462 2659 2515 εἱκὼν
2706 2462 2773 2516 ἂν
2817 2461 2902 2531 εἴη
2947 2460 3045 2528 τῆς
3093 2460 3489 2531 βασιλευούσης
3533 2460 3779 2530 φύσεως,

2197 2554 2318 2610 κατ’
2342 2557 2519 2608 ἐκεῖνο
2543 2555 2604 2608 τὸ
2636 2554 2801 2625 μέρος
2830 2554 3125 2624 ἀνισότητα
3152 2554 3335 2624 φέρων
3362 2554 3497 2627 πρὸς
3521 2554 3583 2610 τὸ
3616 2556 3784 2626 ἀρχέ-

2195 2649 2677 2720 τυπον;Ἔπρεπε
2707 2648 2817 2718 γὰρ
2847 2646 2907 2700 τὸ
2947 2646 3037 2700 διὰ
3082 2648 3298 2702 πάντων
3338 2649 3477 2719 πρὸς
3516 2649 3579 2703 τὸ
3629 2649 3782 2703 Θεϊον

2194 2741 2574 2812 ὡμοιωμένον,
2597 2741 2673 2804 ὡς
2696 2742 2724 2792 ὁ
2749 2738 2972 2808 Νύσσης
3000 2740 3195 2807 φησὶν,
3221 2742 3279 2794 ἐν
3302 2743 3368 2811 τῇ
3395 2741 3555 2812 φύσει
3578 2743 3786 2812 κεκτῆ-

2197 2832 2324 2887 σθαι
2347 2833 2409 2886 τὸ
2441 2831 2775 2903 αὐτοκρατὲς
2807 2831 2902 2887 καὶ
2930 2831 3249 2885 ἀδέσποτον.
3283 2830 3559 2886 Δέδεικται
3589 2831 3692 2886 οὖν
3719 2834 3783 2883 ὲκ

2198 2922 2408 2979 πολλῶν
2432 2924 2515 2977 ὅτι
2541 2922 2808 2992 γενέσεως
2837 2923 3052 2992 ἀνάγκη
3082 2923 3222 2976 κατά
3248 2922 3348 2992 τὴν
3371 2921 3479 2977 τῶν
3506 2923 3781 2976 πλειόνων

2199 3017 2469 3088 ὑπόληψιν
2496 3017 2556 3069 οὐ
2585 3015 2852 3085 δεδέμεθα
2872 3031 2887 3046 ⁶
2913 3016 2974 3068 οὐ
3004 3014 3114 3087 γὰρ
3142 3012 3299 3069 τοῦτο
3326 3009 3416 3086 ἦν,
3443 3016 3492 3068 εἱ
3523 3015 3611 3085 μὴ
3641 3015 3783 3069 κατά

502 3105 856 3180 imperioque
892 3111 1138 3166 neminis
1180 3124 1420 3181 pareret.
1453 3111 1642 3183 Itaque
1674 3114 1864 3169 multis
1894 3114 2082 3184 proba-

2196 3111 2424 3181 γνώμην
2454 3112 2589 3182 ἡμῖν
2618 3108 2685 3191 τὰ
2719 3111 3076 3180 πραττόμενα
3105 3106 3442 3179 πράττεταις
3472 3106 3599 3162 κατ’
3629 3108 3784 3162 οὐδὲν

501 3212 616 3259 tum
668 3202 901 3256 minime
960 3217 1062 3258 nos
1108 3203 1344 3273 alicujus
1398 3204 1632 3259 natalitii
1690 3206 1907 3273 sideris,
1966 3222 2088 3277 qua:

500 3294 868 3364 complurium
922 3303 1007 3349 est
1056 3295 1266 3364 opinio,
1322 3296 1651 3351 necessitate
1708 3297 1889 3368 ligari.
1948 3298 2085 3353 Nam

499 3385 798 3456 caeteroqui
834 3386 983 3441 nulla
1012 3402 1068 3441 re
1105 3402 1207 3442 nos
1239 3387 1453 3444 ratione
1478 3390 1656 3444 ornati
1685 3405 1713 3444 a
1758 3390 1938 3447 brutis
1971 3392 2089 3447 ani-

498 3478 738 3534 malibus
764 3479 1143 3546 dilferremus,
1185 3497 1420 3550 quorum
1471 3490 1557 3537 est
1583 3482 1848 3539 arbitratu
1881 3485 2083 3551 alieno,

455 3626 462 3634 ,
497 3586 609 3637 quo
643 3570 817 3624 visum
848 3569 1004 3625 alteri
1036 3570 1226 3635 fuerit,
1258 3570 1407 3637 duci,
1439 3588 1563 3628 cum
1619 3572 1853 3635 rationis
1916 3582 2082 3643 atque

499 3662 700 3718 mentis
730 3662 1007 3733 particeps
1039 3673 1258 3728 natura,
1315 3666 1362 3719 si
1415 3666 1729 3721 libertatem
1785 3667 2083 3723 voluntatis

497 3754 735 3819 amittat,
768 3756 935 3811 etiam
960 3756 1231 3811 beneficio
1261 3756 1536 3812 facultatis
1564 3757 1923 3826 intelligentis
1953 3772 2081 3828 spo-

496 3845 683 3900 lictur.
718 3845 854 3913 Quis
883 3849 1029 3901 enim
1070 3849 1272 3903 mentis
1303 3865 1434 3904 usus
1489 3849 1540 3904 ei
1574 3848 1761 3912 fuerit,
1824 3850 1870 3903 si
1899 3864 1929 3903 a
1983 3849 2079 3906 fati

2186 3206 2252 3258 ἂν
2282 3208 2443 3275 ἡμεῖς
2471 3207 2522 3258 οἱ
2544 3186 2693 3275 λόγῳ
2722 3202 3085 3274 τετιμημένοι
3109 3200 3219 3254 τῶν
3244 3200 3455 3269 ἀλόγων
3482 3199 3647 3267 ζώων
3673 3201 3781 3265 διε-

2185 3299 2495 3371 νηνόχαμεν
2516 3314 2531 3329 '
2557 3297 2669 3352 τῶν
2696 3296 2805 3366 γὰρ
2831 3295 3093 3348 τοιούτων
3120 3294 3236 3347 ἐστὶ
3262 3295 3325 3345 τὸ
3349 3293 3622 3363 ἀλλοτρίῳ
3655 3293 3782 3364 βου-

2184 3393 2389 3464 λήματι
2421 3390 2560 3461 πρὺς
2584 3390 2644 3443 τὸ
2673 3388 2866 3443 δοκοῦν
2894 3388 3276 3458 περιάγεσθαι.
3309 3387 3369 3442 'H
3397 3387 3455 3440 δὲ
3480 3387 3685 3458 λογική
3714 3403 3775 3440 τε

2184 3486 2281 3538 καὶ
2307 3484 2470 3555 νοερὰ
2498 3483 2682 3552 φύσις,
2712 3481 2805 3536 saw
2830 3480 2891 3534 τὸ
2919 3479 3044 3533 κατ’
3066 3479 3317 3546 ἐξουσίαν
3342 3478 3650 3549 ἀπόθηται,
3679 3480 3778 3533 καὶ

2185 3576 2285 3647 τὴν
2316 3576 2479 3647 χάριν
2511 3574 2607 3629 τοῦ
2640 3573 2830 3645 νοεροῦ
2866 3573 3250 3628 συναπώλεσεν
3277 3588 3292 3602 ·
3328 3573 3411 3636 εἱς
3438 3572 3493 3625 τί
3527 3574 3629 3627 καὶ
3663 3572 3778 3642 γὰρ

2182 3670 2444 3739 χρήσεται
2492 3667 2561 3737 τῇ
2614 3665 2845 3738 διανοίᾳ,
2892 3668 2959 3737 τῇ
3007 3667 3107 3736 τῆς
3153 3663 3497 3736 εἱμαρμένης
3550 3666 3780 3735 ἀνάγκη

2181 3757 2556 3831 περιαγομένη
2609 3757 2863 3812 κάκεῖθεν
2911 3758 3004 3809 ἐπὶ
3050 3758 3119 3811 τὰ
3170 3755 3424 3826 πρακτέα
3474 3756 3779 3828 παρωθου·

2184 3851 2357 3921 μένης
2390 3850 2501 3905 Καὶ
2528 3848 2704 3902 ταῦτα
2735 3848 2837 3920 μὲν
2865 3849 2931 3919 δὴ
2961 3852 3019 3911 ἐς
3047 3848 3323 3903 τοσοῦτον.

495 3938 823 3995 necessitate
863 3937 1118 4006 ducatur,
1146 3949 1202 3997 ct
1228 3940 1297 3997 ab
1328 3957 1392 3997 ea
1429 3942 1585 4012 quasi
1640 3945 2001 4012 protrudatur
2062 3953 2121 3999 ct
2154 3943 2472 4015 impellatur
2512 3941 2579 3997 ad
2635 3942 2931 3998 actiones?
2965 3942 3045 3998 Ac
3075 3941 3141 3999 de
3204 3942 3293 3996 his
3349 3941 3579 4014 quidem
3647 3943 3782 3999 hac—

496 4048 674 4094 tenus.

565 4131 649 4185 Tu
684 4145 836 4198 vero,
869 4132 1069 4187 dilecte
1096 4132 1194 4198 fili,
1230 4134 1524 4205 sifquando
1580 4133 1784 4189 videris
1815 4133 2080 4189 infantem

495 4223 748 4281 vitiatum
779 4239 844 4283 ex
874 4224 996 4283 alvo
1029 4224 1218 4280 matris
1279 4226 1465 4295 egredi
1498 4225 1591 4295 qui
1626 4224 1711 4279 Vel
1748 4225 1936 4295 biceps
1998 4227 2078 4280 Vel

491 4317 813 4390 quadrupes
845 4318 937 4383 sit,
974 4318 1441 4388 quemadmodum
1470 4317 1735 4373 Mauricio
1771 4318 2078 4388 imperante

490 4410 712 4474 accidit,
743 4410 854 4467 noli
883 4411 1203 4465 existimare
1234 4426 1341 4465 non
1381 4409 1541 4465 bonis
1599 4410 1843 4464 siderum
1878 4411 2077 4480 adspe-

2254 4131 2326 4183 Σὺ
2358 4129 2447 4199 δὲ,
2477 4130 2758 4200 ἀγαπητὲ,
2788 4129 2842 4183 εἴ
2870 4147 2971 4184 που
3002 4130 3095 4183 καὶ
3128 4129 3330 4200 βρέφος
3359 4131 3480 4201 Mat
3512 4138 3652 4187 ποτε
3686 4153 3780 4189 σε-

2183 4224 2483 4293 σινωμένον
2514 4224 2781 4277 ἐκπίπτον
2809 4224 2908 4293 τῆς
2945 4226 3189 4294 μήτρας,
3219 4226 3266 4276 εἰ
3296 4223 3436 4297 τύχῃ
3468 4224 3780 4296 δικέφαλον

2176 4316 2208 4387 ἢ
2240 4315 2580 4385 τετράπουν,
2610 4316 2686 4380 ὡς
2716 4316 2811 4370 ἐπὶ
2840 4316 3150 4385 Μαυρικίου
3180 4316 3479 4385 βασιλέως,
3513 4320 3594 4387 μὴ
3629 4320 3779 4388 ext-

2176 4425 2345 4476 μασιν
2378 4409 2627 4478 ἀστέρων
2661 4407 2760 4461 οὑκ
2799 4407 3027 4475 ἀγαθοῖς
3048 4402 3129 4461 ’τά
3164 4408 3394 4461 τοιαῦτα
3430 4407 3779 4462 διαπλάττε-

488 4501 670 4557 ctibus
703 4501 975 4572 ejusmodi
1002 4500 1357 4564 conformari,
1394 4500 1854 4569 quemadmodum
1882 4501 2071 4556 existi-

2189 4499 2301 4553 σθαι
2325 4499 2534 4571 νόμιζε,
2558 4501 2808 4570 καθάπερ
2833 4499 2979 4565 ἐδοξέ
3004 4517 3133 4553 ποτε
3156 4501 3251 4553 καὶ⁸
3270 4500 3348 4570 τῷ
3371 4500 3503 4570 παρ’
3528 4500 3777 4571 Ἕλλησι

490 4596 660 4648 mavit
690 4595 821 4649 olim
854 4594 1084 4648 Hermes
1118 4594 1235 4656 ille,
1272 4592 1366 4661 qui
1403 4608 1597 4663 magno
1622 4603 1707 4648 est
1738 4595 1882 4664 apud
1919 4594 2067 4650 Grat-

485 4700 580 4741 cos
602 4684 658 4737 in
692 4684 921 4740 honore.
978 4683 1166 4738 Potius
1198 4698 1394 4753 magno
1421 4682 1722 4738 Athanasio
1782 4692 1838 4738 et
1868 4684 2066 4740 Joanni

486 4774 879 4843 Chrysostomo
904 4772 1227 4840 ueterisque
1260 4772 1516 4827 Patrihus
1549 4772 1710 4827 fidem
1775 4774 1941 4837 habe,
1974 4774 2066 4845 qui

482 4865 548 4918 de
582 4864 803 4920 homine
832 4880 862 4919 a
889 4862 1175 4923 tiativitate
1205 4880 1352 4918 careo
1401 4873 1455 4918 et
1485 4865 1664 4921 altero
1718 4883 1748 4921 a
1783 4867 2068 4925 nativitate

479 4957 674 5011 claudo
702 4956 1060 5020 disserentes,
1089 4970 1308 5010 causam
1340 4957 1534 5011 harum
1585 4974 1765 5015 rerum
1829 4961 1896 5015 ad
1930 4961 2062 5017 ell‘e-o

478 5046 706 5099 ctricczn
736 5045 862 5099 vita:
892 5054 1146 5099 naturam
1176 5047 1349 5116 ipsam
1377 5050 1645 5115 referunt,
1706 5068 1813 5105 non
1843 5064 2063 5106 contra»

481 5154 591 5191 τως
622 5136 887 5205 quosdam
924 5137 1166 5191 siderum
1201 5141 1358 5194 situs.
1389 5140 1457 5196 Et
1489 5158 1610 5198 csse
1646 5154 1897 5198 naturam
1956 5146 2059 5199 ho-

477 5241 599 5276 rum
629 5240 848 5279 causam
877 5227 1228 5294 perspicuum
1253 5240 1337 5285 est
1393 5235 1647 5288 maxime.
1697 5236 1831 5290 Nam
1870 5238 2056 5293 omnia

474 5336 571 5371 sua
602 5320 839 5386 quadam
876 5323 1085 5377 ratione
1112 5323 1290 5380 facere
1319 5330 1624 5394 consuevit,
1688 5332 2052 5400 quemadmo-

475 5410 604 5461 dum
642 5426 871 5480 magnus
899 5412 989 5468 ille
1050 5415 1283 5471 Basilius
1313 5419 1421 5489 29
1449 5421 1573 5489 ait;
1623 5434 1676 5477 ct
1736 5423 1879 5492 apud
1951 5441 2056 5483 nos

472 5503 590 5556 mis
659 5504 984 5560 incubantes
1039 5509 1353 5565 domestice
1407 5514 1620 5580 gallina:
1695 5515 1803 5568 hoc
1873 5516 2050 5584 ipsum

541 5641 618 5707 (8i
665 5640 1114 5718 'lffiditwrxjuir;
1142 5649 1205 5701 τὸ
1247 5668 1413 5715 πατρί
1433 5651 1695 5715 mitra};
1742 5655 1913 5718 κίε-ἀ
1945 5658 2050 5705 m5-

480 5727 637 5777 νων,
706 5713 828 5768 lla'c
861 5733 978 5784 qtne
1008 5713 1400 5774 sialmun-s'mt
1435 5723 1591 5774 nullis
1627 5713 1793 5776 cudi;
1832 5726 2049 5777 Fontis—

480 5786 817 5847 ιζιιηιιίιιιδιδ
901 5792 1135 5851 tte-nubit
1200 5794 1428 5846 aberant
1486 5808 1706 5874 quoque
1768 5812 1795 5846 a
1862 5796 2047 5850 codice

2157 5332 2231 5395 ὣς
2286 5350 2451 5403 φησιν
2502 5334 2530 5383 ὁ
2585 5334 2762 5401 μέγας
2816 5333 3142 5403 Βασίλειος),

2155 5428 2506 5490 ἐπωὰζουσαι
2554 5426 2877 5480 κατοικίδιοι
2922 5425 3135 5496 ὄρνιθες
3180 5423 3527 5496 μαρτυροῦσι
3565 5424 3773 5494 τούτῳ

2174 4593 2473 4664 τιμωμένῳ
2503 4592 2701 4664 Ἐρμῇ.
2727 4591 2923 4645 Πείθου
2944 4592 3001 4644 δὲ
3028 4591 3229 4662 μᾶλλον
3249 4592 3326 4663 τῷ
3350 4592 3574 4661 μεγάλῳ
3607 4594 3782 4647 Ἀθα-
3882 4650 3897 4659 _

2168 4685 2340 4756 νασίῳ
2368 4685 2447 4753 τῷ
2475 4701 2533 4738 τε
2567 4685 2983 4756 χρυσορῥήμονι
3021 4684 3245 4756 Ἰωάννῃ
3278 4685 3371 4738 καὶ
3402 4687 3514 4749 τοῖς
3547 4683 3779 4748 λοιποῖς

2170 4778 2345 4847 ἁγίοις
2392 4768 2672 4848 Πατράσι·
2719 4779 2848 4847 περὶ
2889 4778 2996 4847 γὰρ
3034 4776 3127 4830 τοῦ
3173 4780 3238 4831 ὲκ
3284 4779 3510 4847 γενετῆς
3551 4779 3778 4847 τυφλοῦ

2169 4873 2263 4926 καὶ
2293 4869 2387 4923 τοῦ
2425 4873 2487 4924 ἐκ
2522 4873 2751 4942 γενετῆς
2786 4870 2958 4940 χωλοῦ
2990 4873 3081 4922 τὸν
3110 4870 3267 4938 λόγον
3302 4872 3626 4940 ποιούμενοι
3664 4873 3776 4942 τὴν

2170 4964 2603 5018 διαπλάττουσαν
2649 4965 2711 5017 τὸ
2760 4964 2898 5027 ζῶον
2948 4964 3242 5035 ᾐτιάσαντο
3294 4963 3481 5031 φύσιν,
3528 4963 3592 5015 οὐ
3655 4964 3776 5035 μὴν

2169 5058 2433 5113 ἐναντίων
2476 5048 2719 5128 ἁστέρῶν
2766 5056 3201 5128 σχηματισμούς.
3231 5056 3352 5109 Ὅτι
3398 5056 3455 5109 δὲ
3502 5056 3537 5125 ἡ
3587 5056 3776 5124 φύσις

2162 5152 2271 5204 τιῖιν
2306 5150 2562 5204 τοιούτων
2596 5150 2744 5203 αἰτία
2784 5152 3106 5219 σινωμᾶτων
3144 5150 3259 5203 ἐστὶ
3297 5148 3423 5219 (καὶ
3460 5149 3567 5218 γὰρ
3612 5149 3779 5203 κατὰ

2164 5245 2262 5312 τὴν
2296 5242 2500 5311 ἑαυτῆς
2541 5242 2871 5296 ἁκαὶουθίαν
2906 5240 3064 5295 εἴωθε
3102 5243 3179 5313 (9)
3216 5242 3283 5296 τὰ
3326 5244 3507 5296 πάντα
3548 5244 3778 5309 ποιεῖν,

3194 5333 3291 5386 καὶ
3340 5334 3396 5385 αἱ
3454 5329 3585 5401 παρ’
3621 5334 3776 5401 ἡμῖν

2158 5516 2405 5586 σαφέστα
2444 5536 2496 5572 α.
2536 5516 2789 5589 Ὀρῶμεν
2820 5517 2928 5589 γὰρ
2961 5517 3108 5570 ἐστιν
3138 5518 3225 5570 ὅτε
3259 5519 3323 5569 ἐκ
3351 5515 3459 5568 τῶν
3480 5513 3621 5584 ’ᾠῶν
3658 5516 3770 5568 ὲκ-

2165 5654 2497 5708 Ιιριιηίιῑιιιίὶ.

2234 5728 2307 5794 ιε’)
2347 5726 2463 5789 Τὴν
2491 5725 3007 5780 διαπλάττουσαν.
3048 5766 3060 5781 .

2158 5799 2295 5861 θίξιν
2323 5797 2489 5850 εἴωθε
2516 5838 2527 5850 .
2564 5836 2575 5849 .
2623 5835 2635 5849 .
2677 5834 2688 5849 .
2723 5796 2817 5849 Ex.
2859 5796 2914 5851 Ρ.

3093 5767 3104 5778 -
3136 5765 3148 5781 .
3196 5766 3207 5781 .
3241 5725 3460 5794 ἑαυτῆς
3482 5729 3776 5787 ἀκολου-
