4008 6474
248 320 301 383 77
1518 322 1951 413 ANNALIUM‘
1973 323 2167 383 rans
2208 326 2253 384 Ι.

3446 311 3515 370 78

245 440 495 491 πίπτοντα
527 438 947 508 τετραπτέρυγα
977 437 1188 493 νεόττια
1225 440 1320 491 καὶ
1346 439 1676 511 τετράποδα.
1709 439 1816 495 Καὶ

1952 440 2067 496 lare
2097 449 2391 496 testantur.
2456 439 2716 494 Videmus
2770 438 2919 491 enim
2986 446 3385 501 nonnunquam
3453 445 3519 481 ex

244 531 340 592 τοῖς
381 529 484 597 μὲν
524 526 793 597 ἀγνοοῦσι
826 530 927 601 τὴν
963 530 1145 584 αἰτίαν
1180 529 1446 600 ἔκπληξιν
1483 532 1713 601 ἐμποιεῖ
1749 531 1819 585 τὰ

1950 534 2040 589 μινίε
2075 532 2369 604 provenire
2407 533 2591 603 pullos
2623 548 2748 587 eum
2807 531 2910 585 alis
2966 537 3226 599 quatuor,
3280 524 3525 589 itemque

242 623 455 677 τοιαῦτα
486 622 715 695 πολλὴν,
745 624 942 678 οὔκουν
967 624 1024 679 δὲ
1055 625 1147 678 καὶ
1171 626 1282 690 τοῖς
1310 624 1473 690 λόγου
1506 624 1817 695 μετέχουσι.

240 716 411 783 Τούτῳ
443 714 639 787 μέντοι
666 717 746 787 τῷ
772 716 961 788 τρόπῳ
992 719 1087 771 καὶ
1115 717 1407 787 δικέφαλον
1435 717 1562 788 ὅφιν
1593 718 1696 773 ἴδοι
1728 734 1818 782 τις

235 806 313 868 ἀν,
349 808 443 860 καὶ
485 808 590 861 ὅσα
633 809 862 862 τοιαῦτα
907 810 1092 882 πλήρη
1126 810 1467 881 τυγχάνοντα
1511 809 1814 876 θαύματος.

247 898 401 952 Ἀ),λά
447 900 526 970 μὴ
573 899 638 952 σύ
684 915 749 968 γε
792 899 1156 972 διαταράττου
1196 901 1409 957 τούτων
1449 902 1635 967 ἕνεκα,
1682 899 1821 971 μηδὲ

234 991 542 1047 κακοποιῶν
583 993 835 1065 ἀστέρων
877 995 1260 1060 ἀκτινοϐολίας
1312 995 1405 1050 ἐπὶ
1432 995 1647 1058 τούτοις
1674 1011 1819 1066 παρνν

232 1087 437 1152 εἰσαγε.
460 1085 639 1154 ’Δφες
673 1088 767 1140 ἐπὶ
815 1089 1068 1159 ματαίοις
1094 1089 1423 1158 ματαιάξειν
1443 1087 1666 1153 αὐτούς.
1696 1089 1822 1142 Ἐπὶ

235 1180 361 1233 πᾶσι
402 1178 520 1251 γὰρ
558 1179 774 1245 τούτοις
815 1184 847 1252 ή
890 1182 1042 1236 αίτία
1087 1184 1289 1252 σαφής.
1330 1184 1394 1237 El
1439 1182 1540 1253 μὲν
1573 1183 1676 1237 οὐκ
1714 1182 1824 1237 ἐτί-

231 1260 419 1324 κτοντο
449 1270 633 1343 βρέφη
660 1272 859 1343 δίδυμά
883 1291 943 1327 τε
971 1274 1065 1328 καὶ
1093 1275 1356 1347 τρίδυμα,
1385 1272 1532 1346 εἶχες
1559 1276 1626 1330 ἀν
1648 1294 1702 1330 τι
1730 1277 1826 1329 καὶ

230 1362 408 1432 λέγειν
436 1379 450 1391 ·
490 1365 620 1419 ἐπεὶ
652 1363 711 1418 δὲ
747 1365 872 1419 καθ’
898 1366 1141 1435 ἑκάστην
1174 1365 1403 1422 τοιαῦτα
1433 1369 1568 1437 ὁρᾷς
1591 1406 1607 1433 ,
1640 1368 1826 1422 καινὸν

230 1454 451 1518 πάντως
476 1455 634 1508 οὐδὲν
657 1457 775 1527 εῐγε
805 1458 1149 1531 συγκεκολλη
1157 1458 1296 1529 μένα
1320 1458 1390 1514 τὰ
1415 1458 1616 1530 δίδυμα
1642 1460 1738 1515 καὶ
1764 1460 1825 1515 ού

228 1549 542 1621 διῃρημένα
571 1552 837 1617 πολλάκις
864 1554 963 1623 τῆς
994 1556 1217 1625 μήτρας
1246 1554 1600 1610 ἐκπίπτουσι.

1919 625 2104 696 pullos
2163 623 2575 698 quadrupedes.
2634 623 2765 694 Ejus
2830 622 2909 677 rei
2966 635 3189 675 causam
3248 624 3525 685 quotquot

1920 712 2199 786 ignorant,
2219 714 2588 770 admiratione
2615 715 2852 769 maxime
2881 713 3267 785 percellentur
3295 725 3310 774 ;
3346 706 3525 760 ident—

1921 822 2030 879 que
2064 823 2173 863 non
2209 823 2338 863 raro
2364 808 2534 864 etiam
2564 808 2698 863 viris
2733 823 2763 862 a
2792 808 3011 862 ratione
3063 820 3173 859 non
3238 797 3524 857 destitutis

1930 903 2213 956 usuvenit.
2248 899 2365 955 [loc
2396 899 2561 956 modo
2578 900 2768 955 videre
2799 913 3201 965 nonnunquam
3254 905 3341 950 est
3404 908 3526 949 ser-

1929 1002 2153 1065 pentem
2204 995 2516 1067 bicipitem,
2553 995 2775 1063 aliaque
2829 992 2959 1048 talia
3013 991 3175 1062 plena
3230 998 3364 1044 sane
3429 986 3529 1041 ad-

1930 1089 2284 1153 mirationis;
2334 1103 2573 1158 quorum
2639 1096 2697 1143 tu
2743 1103 2908 1142 causa
2954 1082 3268 1156 perturbari
3327 1081 3524 1135 nolito.

1928 1196 2111 1251 neque
2168 1181 2462 1236 noxiorum
2515 1180 2762 1255 siderum
2820 1180 3008 1234 radios
3070 1177 3163 1232 hic
3223 1175 3526 1244 excogites.

1927 1274 2085 1343 Sine,
2119 1277 2277 1331 vanis
2319 1276 2396 1331 illi
2429 1275 2788 1345 opinionibus
2829 1274 3126 1343 desipiant.
3158 1273 3298 1326 Nam
3326 1271 3528 1324 horum

1923 1371 2173 1425 omnium
2235 1372 2530 1445 perspicua
2576 1379 2882 1426 causaest.
2933 1368 3143 1436 Quodsi
3198 1380 3381 1435 neque
3439 1379 3512 1431 ge

1926 1461 2079 1515 melli
2110 1476 2294 1532 neque
2327 1462 2458 1517 trini
2490 1462 2634 1517 fetus
2663 1477 2774 1517 uno
2805 1468 2967 1531 partu
2999 1460 3165 1516 simul
3198 1459 3527 1519 ederentur,

1927 1554 2038 1611 dici
2091 1556 2298 1625 aliquid
2323 1557 2504 1612 abs—te
2529 1565 2735 1626 posset.
2769 1558 2839 1610 At
2870 1571 2994 1610 cum
3028 1553 3193 1609 modo
3243 1567 3355 1606 non
3396 1563 3533 1619 quo-

231 1644 358 1701 tidie
390 1644 588 1702 videas
623 1647 677 1702 id
714 1647 856 1715 fieri,
900 1649 1038 1704 nihil
1094 1650 1326 1708 omnino
1359 1666 1565 1708 novum
1618 1661 1726 1717 est,
1773 1653 1819 1709 si
1860 1653 2079 1725 gemelli
2143 1655 2509 1725 conglutinati
2543 1658 2608 1710 ac
2674 1669 2784 1709 non
2828 1653 3067 1725 sejuncti
3131 1661 3531 1718 nonnunquam

227 1754 288 1794 ex
320 1739 452 1795 alvo
490 1747 750 1795 materno
780 1742 1080 1810 prodeunt.

296 1833 723 1905 Προγινὼσκειν
751 1834 853 1904 μὲν
880 1834 981 1889 οὖν
1020 1837 1116 1890 καὶ
1146 1836 1413 1909 ἀμυδρῶς
1446 1836 1543 1893 τοῦ
1595 1838 1824 1910 μέλλον-

1999 1842 2274 1898 Caeterum
2328 1841 2536 1912 aliquid
2596 1841 2923 1912 praevidere,
2951 1841 3133 1911 deque
3181 1839 3359 1911 signis
3407 1838 3536 1910 qui-

230 1943 315 1989 to;
352 1926 421 1979 ἔκ
460 1943 629 1979 τινων
671 1928 919 1999 σημείων
954 1931 1491 2003 καταστοχάζεσθαι,
1521 1933 1654 1988 ἄνευ
1683 1934 1835 1988 ἀντι-

228 2019 417 2087 λογίας
469 2020 571 2073 καὶ
613 2021 781 2091 ἡμεῖς
832 2021 992 2076 τοῦτο
1035 2025 1471 2096 κστατιθέμεθα.
1519 2028 1686 2082 Οὐδὲν
1725 2031 1836 2099 γάρ

226 2110 319 2163 ἐπὶ
377 2111 680 2182 προδήλοις
741 2109 887 2168 οὕτω
949 2116 1283 2188 πράγμασιν
1335 2121 1690 2175 ἀντιπίπτειν
1737 2121 1838 2176 ἐπὶ

227 2202 392 2256 πλέον
424 2204 721 2273 ίσχύομεν.
755 2206 817 2260 El
851 2211 963 2278 γὰρ
1007 2209 1106 2263 καὶ
1136 2210 1392 2282 ἥμαρτεν
1427 2214 1487 2265 ἐν
1516 2212 1857 2285 παραδείσῳ·

227 2301 253 2349 ὁ
299 2297 621 2368 ἄνθρωπος,
682 2302 734 2354 εί
796 2301 894 2355 καὶ
953 2302 1015 2355 τὸ
1070 2303 1229 2358 δοθὲν
1286 2304 1437 2376 αύτῷ
1493 2309 1840 2378 προφητικὸν

229 2388 486 2458 χάρισμα
524 2390 772 2458 πάμπαν
802 2391 1113 2459 ἀπώλεσεν,
1133 2392 1255 2447 ἀλλ’
1288 2396 1391 2450 οὐκ
1430 2397 1648 2468 ἀφῆκεν
1673 2398 1840 2453 αὐτὸν

228 2481 254 2530 ὁ
294 2483 728 2554 πανοικτὶρμων
773 2484 907 2547 Θεὸς
935 2489 1050 2550 τοῖς
1082 2488 1337 2558 ἀνοήτοις
1388 2490 1619 2562 κτήνεσι
1652 2492 1840 2547 τέλεον

229 2574 710 2646 παραϐάλλεσθαι.
757 2578 873 2648 Ἐφ’
907 2573 951 2649 ᾧ
989 2580 1087 2634 καὶ
1116 2584 1324 2652 σημεῖά
1354 2599 1480 2638 τινα
1522 2578 1712 2639 δίδωσι
1743 2587 1838 2640 τοῦ

230 2669 481 2739 προορᾷί
512 2668 708 2723 ἕνεκεν
760 2671 908 2725 ἐστιν
956 2673 1046 2726 ὅτε
1096 2674 1163 2728 τὰ
1210 2676 1483 2746 μέλλοντα
1538 2678 1841 2734 κάντεῦθεν

232 2762 412 2833 ἑαυτῷ
447 2764 871 2832 περιποιεῖσθαι
901 2767 1229 2837 ἀσφάλειαν.
1263 2771 1376 2825 Καὶ
1431 2771 1486 2825 τί
1530 2774 1638 2845 χρὴ
1670 2775 1842 2829 πολλά

232 2858 446 2928 λέγειν;
484 2859 549 2911 Oi
592 2859 654 2911 ἐν
704 2859 784 2928 τῷ
842 2859 969 2930 ἀέρι
1030 2863 1352 2933 φαινόμενοι
1408 2865 1652 2937 κομῆται
1696 2868 1844 2940 λόγῳ

237 2954 335 3022 μὲν
373 2950 605 3023 φυσικῷ
652 2953 1032 3021 συνίστανται,
1059 2956 1334 3022 θανάτους
1372 2959 1431 3012 δὲ
1486 2960 1643 3030 ὅμως
1686 2960 1842 3032 βασι⁴
1897 2964 1901 2968 ’

235 3045 372 3099 λέων
406 3046 441 3114 ἢ
488 3048 589 3100 καὶ
635 3048 954 3117 προσώπων
997 3050 1286 3118 ἐπιφανῶν
1345 3053 1842 3123 καταγγέλλουσιν,

236 3139 308 3202 ὡς
334 3143 366 3194 ὁ
397 3140 580 3210 μέγας
614 3139 722 3209 ἔφη
757 3141 855 3195 καὶ
887 3142 1326 3213 ούρανοφάντωρ
1348 3132 1659 3211 Βασίλειος.
1681 3148 1845 3201 Ἀ).λά

232 3233 327 3286 καὶ
363 3232 609 3304 αὐχμῶν
652 3232 807 3287 ἐστιν
845 3234 935 3288 ὅτε
975 3236 1201 3306 ἀνέμων
1246 3237 1301 3291 οί
1330 3239 1566 3293 τοιοῦτοι
1607 3234 1841 3312 δηλωτι-

234 3327 345 3393 κοὶ,
374 3327 427 3381 οἳ
459 3328 559 3381 καὶ
590 3326 817 3383 δοκοῦσι
856 3329 956 3399 μὲν
1000 3321 1145 3384 εἶναι
1174 3330 1431 3402 ἀστέρες,
1467 3332 1569 3386 οὐκ
1608 3333 1719 3386 εἰσὶ
1763 3333 1841 3386 δέ.

239 3423 365 3487 Πῶς
409 3424 509 3476 καὶ
546 3422 692 3494 γάρ;
734 3421 859 3507 effe
912 3424 1265 3478 συνίστανται
1325 3425 1445 3495 μὲν,
1481 3425 1542 3479 ού
1588 3427 1848 3497 παραμέ-

234 3534 387 3571 νουσι
422 3516 522 3571 δέ’
567 3519 671 3585 τῆς
703 3514 816 3589 γὰρ
853 3515 987 3588 ὕλης
1017 3516 1096 3587 τῷ
1128 3519 1267 3586 πυρὶ
1308 3518 1747 3589 δαπανηθείσης,
1777 3521 1846 3574 δι’

236 3603 302 3679 ἧς
348 3611 381 3663 ὁ
433 3609 694 3680 κομήτης
754 3608 1118 3682 συνέστηκεν,
1156 3607 1217 3671 ἐξ
1257 3609 1508 3680 ἀνάγκης
1546 3611 1640 3665 και
1688 3603 1848 3676 οὗτος

236 3702 618 3775 σϐεννύμενος
652 3701 961 3758 διαλύεται.

311 3967 465 4026 Ἀλλ’
490 3969 597 4038 ὅρα
628 3967 728 4021 καὶ
756 3964 861 4036 τὴν
887 3965 1104 4034 γένεσιν
1148 3962 1310 4022 ὁποία
1352 3967 1439 4033 τίς
1470 3970 1711 4024 ἐστικαὶ
1751 3971 1851 4024 πό-

228 4064 351 4134 θεν⁹
370 4062 586 4131 ἔσχηκε
632 4058 737 4129 τὴν
765 4060 968 4130 ἀρχήν.
1011 4056 1109 4112 Ἐκ
1138 4060 1240 4131 τῆς
1271 4062 1593 4130 καπνώδους
1624 4065 1850 4134 καὶνξη-

232 4158 331 4223 ρᾶς
360 4153 805 4222 ἀναθυμιάσεως
830 4153 936 4217 ἕως
968 4151 1141 4222 αὐτῆς
1178 4153 1278 4223 τῆς
1318 4154 1554 4226 σελήνης
1584 4158 1851 4224 ἀνάγεται

229 4250 317 4305 διὰ
373 4246 712 4317 κουφότητα
764 4246 980 4309 καπνὸς
1021 4245 1124 4315 μὲν
1153 4240 1293 4299 οὖσα
1338 4248 1480 4301 κατά
1508 4248 1607 4319 τὴν
1635 4251 1851 4313 οὐσίαν,

230 4342 364 4410 φλὸξ
419 4342 485 4395 δὲ
532 4340 684 4395 κατά
718 4337 822 4411 τὴν
858 4336 1118 4408 δύναμιν.
1164 4339 1283 4409 Ἐφ’
1306 4333 1350 4407 ᾧ
1386 4341 1480 4394 καὶ
1512 4341 1853 4412 ὑπέκκαυμα

227 4435 444 4502 ταύτην
484 4433 517 4485 ὁ
564 4424 961 4500 Ἀριστοτέλης
1004 4427 1259 4492 ἐκάλεσε,
1303 4431 1585 4483 τουτέστιν
1625 4432 1856 4500 ὑφειμέ-

228 4543 322 4579 νον
352 4526 476 4596 πῦρ
503 4539 515 4554 ’
542 4526 572 4578 ὁ
600 4523 715 4593 γάρ
746 4522 959 4590 καπνδς
997 4519 1204 4590 θερμὸς
1243 4523 1342 4591 μέν
1388 4524 1530 4587 ἐστι,
1559 4526 1636 4595 μὴ
1670 4526 1855 4594 μέντοι

229 4637 295 4688 γε
338 4620 458 4690 πῦρ
516 4616 962 4687 αὐτενέργηςον.
1008 4613 1343 4676 Ἐξάπτεται
1400 4619 1469 4686 τῇ
1521 4617 1616 4670 τοῦ
1652 4620 1855 4682 παντὸς

229 4715 523 4786 περιφορᾷ
555 4709 1027 4781 συγκινούμενον.
1075 4707 1220 4761 Ἀλλ’
1264 4709 1481 4778 ἡμέρας
1514 4710 1616 4780 μὲν
1648 4712 1707 4764 οὐ
1737 4713 1862 4780 φαί-

231 4829 388 4865 νεται
414 4810 513 4863 διὰ
541 4808 645 4880 τὴν
672 4804 775 4858 τοῦ
806 4804 967 4876 ἡλίου
1013 4805 1421 4873 μαρμαρυγῆν,
1452 4804 1656 4869 ,νυκτὸς
1696 4804 1753 4858 δὲ
1791 4806 1863 4860 τὰ

231 4905 472 4960 τοιαῦτα
536 4901 776 4971 διάδηλα
828 4898 1064 4967 γίνεται.
1136 4896 1389 4949 Ἐπειδὰν
1429 4895 1525 4950 οὖν
1577 4897 1641 4950 τὸ
1692 4898 1860 4969 μέρος

232 4997 328 5051 τοῦ
368 4996 830 5064 ὑπεκκαύματος
867 4990 959 5045 διὰ
991 4989 1092 5060 τὴν
1125 4988 1348 5060 κίνησιν
1398 4990 1634 5063 ἐξαφθῇ,
1670 4994 1718 5044 εἰ
1760 4993 1859 5062 μὲν

232 5092 334 5145 οὐκ
369 5089 587 5161 mem
617 5088 850 5157 ἑτέραις
882 5084 1101 5144 οὐσίαις
1129 5083 1479 5152 ὲπιτηδείαις
1526 5086 1606 5148 εἰς
1640 5084 1857 5154 ἔξαψιν,

235 5185 437 5241 θᾶττον
483 5178 990 5242 ἑναποσϐἐννυται,
1030 5174 1255 5229 ἐπειδὰν
1283 5174 1342 5228 δὲ
1382 5175 1611 5247 κινηθὲν
1653 5177 1862 5247 παχείᾳ

234 5278 340 5352 ὕλῃ
372 5277 637 5348 ἐγκύρσῃ
669 5273 805 5338 τινὶ,
840 5272 1027 5323 ἐκεῖσε
1054 5268 1368 5339 ἐνίσχεται⁸
1396 5268 1521 5322 ὅθεν
1555 5270 1587 5339 ἡ
1631 5270 1861 5341 τοιαύτη

234 5373 337 5445 ὕλη
387 5372 542 5428 κατὰ
594 5372 713 5424 πᾶν
777 5363 1132 5433 ἐξαπτομένη
1194 5361 1287 5427 αἲξ
1337 5379 1397 5417 τε
1447 5364 1543 5416 καὶ
1604 5365 1860 5433 κομήτης

232 5466 486 5535 λέγεται.
532 5455 1140 5527 Ἀποσπινθηρίζουσα
1179 5453 1288 5524 γὰρ
1328 5453 1480 5508 δοκεῖ
1525 5471 1646 5507 τινα
1676 5454 1860 5524 κόμην

234 5561 385 5630 ἔχειν
418 5557 782 5627 καθειμένην
831 5551 934 5603 καὶ
981 5542 1072 5601 οῗά
1127 5564 1239 5600 τισι
1291 5547 1517 5616 μαλλοῖς
1567 5545 1711 5602 κατά
1765 5548 1865 5608 τὰς

234 5654 401 5725 αἶγας
428 5649 734 5727 βρίθεσθαι
756 5662 773 5677 ⁶
804 5643 991 5713 ταύτῃ
1013 5658 1099 5709 τοι
1128 5641 1228 5695 καὶ
1251 5641 1499 5711 κομήτης
1532 5644 1592 5693 τὸ
1617 5639 1867 5694 τοιοῦτον

237 5750 436 5823 φάσμα
493 5746 863 5817 ὠνόμασται.
933 5731 1104 5798 οὖτο;
1158 5735 1259 5805 μὲν
1308 5736 1335 5787 ὁ
1388 5734 1638 5805 κομήτης
1690 5733 1867 5788 ἐνίοτε

1942 1932 2176 1989 busdam
2204 1934 2260 1989 id
2311 1935 2463 2003 quod
2512 1934 2762 1988 futurum
2797 1935 2870 1989 sit
2910 1933 3342 1988 obscuriuscule
3394 1947 3537 1984 t-on-

1935 2029 2131 2100 jeetari
2188 2044 2296 2084 non
2345 2030 2529 2099 posse,
2565 2029 2704 2086 citra
2751 2027 3251 2084 contradictionem
3308 2040 3530 2080 onmem

1943 2122 2206 2177 fatemur.
2237 2121 2376 2176 Nam
2423 2120 2477 2176 in
2517 2121 2688 2177 rebus
2721 2122 2862 2177 adeo
2913 2120 3221 2175 manifestis
3275 2119 3536 2174 resistere

1940 2214 2039 2269 diu
2083 2224 2217 2270 sane
2268 2224 2632 2279 nequeamus.
2679 2214 3005 2286 Quanquam
3046 2214 3198 2269 enim
3265 2214 3431 2267 homo
3480 2212 3538 2267 in

1942 2309 2208 2381 paradiso
2238 2311 2509 2380 peccavit,
2543 2322 2861 2381 quanquam
2891 2324 3222 2365 concessum
3254 2307 3363 2364 sibi
3394 2309 3541 2363 vati-

1944 2403 2169 2458 ciuandi
2202 2419 2405 2459 munus
2435 2414 2602 2474 atque
2628 2403 2962 2459 beneficium
2996 2405 3317 2465 amisit,non
3354 2412 3540 2457 tamen

1944 2496 2092 2551 Deus
2122 2498 2214 2553 ille
2249 2498 2569 2553 misericors
2596 2514 2722 2553 eum
2762 2513 2994 2568 prorsus
3029 2497 3266 2555 similem
3299 2496 3542 2551 evadere

1946 2588 2127 2644 brutis
2150 2588 2421 2661 iumentis
2453 2591 2733 2660 permisit.
2767 2595 2889 2655 Quo
2919 2592 2977 2644 fit
3013 2600 3071 2643 ut
3100 2590 3255 2660 signa
3286 2590 3541 2659 quaedam

1945 2682 1998 2737 ei
2041 2680 2378 2749 suppeditet,
2414 2682 2483 2734 de
2526 2680 2731 2750 quibus
2773 2680 3053 2736 interdum
3110 2680 3291 2734 futura
3326 2681 3546 2750 prospi-

1947 2776 2082 2837 ciat,
2119 2787 2299 2840 eoque
2353 2780 2520 2841 pacto
2568 2772 2854 2827 securitati
2908 2787 3023 2827 suae
3069 2770 3339 2825 consulat.
3399 2770 3541 2836 Quid

1945 2862 2142 2917 multis
2186 2860 2371 2915 verbis
2400 2875 2543 2930 epus
2572 2860 2697 2915 est?
2724 2859 2826 2927 Qui
2863 2861 3285 2930 COllSpiCillllllll‘
3322 2861 3376 2916 in
3413 2878 3544 2917 acre

1951 2964 2222 3021 cumeue,
2267 2955 2503 3009 naturali
2563 2954 2790 3025 quidem
2848 2954 2925 3009 illi
3001 2957 3213 3010 ratione
3265 2955 3546 3025 modoque

1950 3048 2231 3111 oriuntur,
2266 3048 2363 3102 sed
2398 3048 2622 3102 interim
2670 3048 2753 3102 vel
2793 3028 2985 3117 regum
3019 3047 3102 3100 Vel
3138 3047 3370 3101 aliarum
3418 3048 3550 3102 illu-

1952 3139 2148 3196 striam
2198 3155 2559 3211 personarum
2606 3140 2864 3195 interitus
2892 3140 3242 3199 denuntiant,
3282 3143 3548 3209 qucmal-

1954 3230 2182 3284 modum
2215 3245 2446 3300 magnus
2468 3230 2558 3286 ille
2591 3230 3015 3301 cmlesziumque
3050 3248 3233 3285 rerum
3273 3232 3551 3302 interpres

1960 3324 2198 3380 Basilius
2262 3323 2465 3393 inquit.
2522 3324 2807 3379 Interdum
2868 3325 2952 3378 vel
2994 3337 3165 3380 festus
3216 3327 3300 3380 vel
3352 3337 3549 3380 ventus

1956 3418 2357 3472 subsecuturos
2406 3416 2674 3471 indicant.
2730 3417 2795 3471 Et
2846 3416 3104 3471 videntur
3153 3419 3377 3486 quidem
3427 3433 3550 3471 esse

1957 3511 2161 3576 sidera,
2213 3526 2405 3566 verum
2455 3528 2563 3565 non
2618 3520 2768 3566 sunt.
2823 3509 2924 3575 Qui
2980 3512 3130 3566 enim
3187 3526 3309 3564 esse.
3367 3504 3550 3565 sidera

1959 3603 2210 3675 possint?
2236 3618 2361 3658 cum
2390 3603 2644 3657 oriantur
2673 3605 2923 3673 quidem,
2950 3605 3047 3658 sed
3073 3619 3182 3658 non
3219 3604 3554 3659 durabilitrr

1959 3707 2246 3754 maneant.
2285 3696 2419 3753 Nam
2471 3698 2723 3758 materia.
2760 3699 2827 3753 de
2858 3713 2966 3768 qua
3013 3709 3261 3754 cometes
3303 3699 3552 3765 exstitit,

1957 3807 2061 3864 per
2091 3793 2273 3863 ignem
2303 3791 2620 3861 absumpta,
2662 3791 2977 3847 necessario
3002 3802 3062 3847 et
3093 3791 3210 3862 ipse
3240 3792 3557 3848 exstinctus

1960 3886 2287 3955 dissipatur.
3528 3872 3533 3881 ’

2034 3976 2429 4032 Animadverte
2460 3988 2643 4032 autent
2685 3989 2868 4034 ortum
2919 3976 3189 4047 ipsorum,
3239 3978 3552 4053 cujnsmodi

1960 4068 2034 4125 sit
2077 4079 2136 4124 et
2182 4070 2331 4124 unde
2360 4070 2698 4141 principium
2735 4070 2958 4126 habeat.
2994 4070 3286 4127 Exsistunt
3309 4072 3554 4129 ‘comela:

1961 4165 2030 4219 de
2070 4162 2285 4218 fumosa
2341 4171 2400 4218 et
2452 4164 2600 4220 sicca
2657 4163 3032 4232 exhalatione,
3083 4176 3207 4236 quae
3269 4165 3553 4221 exhalatio

1962 4260 2190 4321 propter
2229 4250 2510 4335 levitatem
2554 4269 2708 4308 suam
2744 4253 2812 4309 ad
2855 4254 3045 4310 lunam
3077 4271 3253 4325 usque
3287 4256 3553 4313 subvehi-

1964 4353 2075 4409 tur,
2110 4353 2164 4399 et
2196 4354 2394 4399 natura
2425 4345 2650 4412 quidem
2686 4345 3041 4416 essentiaque
3081 4361 3179 4402 sua
3222 4347 3409 4402 fumus
3446 4360 3552 4409 est.

1962 4448 2156 4490 verum
2195 4437 2303 4489 vim
2336 4435 2571 4491 ﬂammae
2603 4438 2877 4495 continet.
2906 4437 3027 4503 Quo
3056 4436 3110 4492 fit
3140 4448 3202 4494 ut
3230 4439 3561 4497 Aristoteles

1892 4559 1935 4617 ο
1967 4542 2089 4584 eam
2153 4526 2402 4581 fomitem
2450 4541 2644 4593 vocet,
2696 4527 2802 4583 hoc
2849 4538 2933 4583 est
2988 4527 3168 4598 ignem
3240 4530 3553 4584 remissum.

1966 4626 2182 4695 Quippe
2228 4625 2415 4681 lumus
2442 4635 2529 4680 est
2566 4624 2786 4679 calidus
2809 4622 3034 4695 quidem
3076 4622 3192 4691 ille,
3224 4639 3333 4678 non
3372 4634 3578 4687 tamen,

1965 4718 2108 4790 ignis
2149 4719 2201 4772 vi
2249 4734 2347 4773 sua
2386 4727 2443 4773 et
2489 4716 2789 4773 efﬁcaciter
2851 4732 3041 4788 agens.
3093 4716 3308 4771 Accidit
3371 4725 3574 4779 autem~

1962 4811 2226 4879 dcit-teeps
2260 4820 2319 4862 ut
2350 4809 2551 4879 agitata
2585 4823 2711 4862 cum
2760 4807 2867 4861 hoc
2907 4807 3167 4861 universo
3194 4804 3561 4860 accendatur.

1964 4894 2306 4958 Et'interdiu
2348 4901 2440 4972 qui
2483 4901 2556 4955 ob
2584 4899 2933 4970 splendorem
2972 4899 3105 4953 solis
3132 4896 3281 4953 haud
3328 4898 3556 4968 conspi-

1962 4997 2130 5063 citur,
2162 5004 2362 5052 noctu
2408 5010 2542 5051 vero
2585 5003 2839 5064 apparet.
2894 4994 3263 5062 Posteaquam
3343 4992 3554 5046 fomitis

1964 5089 2112 5143 illius
2137 5102 2264 5158 pars
2286 5088 2470 5157 aliqua
2498 5096 2723 5156 propter
2760 5094 2970 5140 motum
2997 5084 3106 5155 30
3133 5098 3367 5139 accensa
3389 5082 3564 5139 deﬂa-

1965 5180 2228 5251 graverit,
2263 5180 2309 5233 si
2346 5180 2484 5232 alias
2509 5176 2784 5232 essentias
2814 5176 2878 5229 ad
2907 5174 3405 5238 inflammationem
3445 5172 3564 5227 ido-
3643 5194 3649 5200 ·

1968 5290 2100 5330 neas
2146 5288 2255 5326 non
2325 5281 2726 5341 consequatur,
2779 5268 2947 5324 citius
3005 5267 3424 5339 exstinguitur:
3475 5264 3563 5320 sin

1968 5362 2090 5431 ipso
2119 5362 2173 5414 in
2208 5367 2357 5413 motu
2384 5360 2450 5412 ad
2488 5373 2729 5413 crassam
2772 5358 3065 5428 quamdam
3105 5357 3392 5412 materiem
3422 5355 3565 5410 fera-

1970 5461 2085 5517 tur,
2138 5451 2310 5521 magis
2374 5450 2668 5505 invalescit
2723 5460 2778 5505 et
2829 5459 3086 5520 augetur.
3152 5449 3310 5505 Unde
3380 5447 3439 5500 ﬁt
3508 5452 3568 5499 ut

1967 5543 2287 5616 hujusmodi
2336 5544 2599 5600 materies
2651 5558 2882 5597 accensa
2916 5543 3139 5613 penitus
3182 5556 3343 5611 capra
3384 5553 3567 5593 come-

1974 5648 2170 5709 tesque
2223 5646 2475 5692 vocetur.
2528 5637 2747 5706 Quippe
2800 5636 2931 5691 dum
2993 5635 3293 5697 scintillat,
3347 5646 3566 5687 comam

1974 5732 2132 5802 quasi
2163 5730 2460 5802 quamdam
2494 5730 2701 5786 habere
2733 5730 3001 5800 prolixam
3031 5724 3568 5795 videtur,velutique

242 5822 757 5915 καὶπολυήμερός
812 5835 992 5898 ἐστιν,
1027 5828 1312 5902 ἀρκούσης
1346 5828 1447 5898 τῆς
1496 5826 1841 5897 ὑποκειμένη

1970 5822 2115 5881 lanis
2148 5837 2440 5893 caprarum
2488 5823 2543 5878 in
2598 5836 2808 5878 morem
2848 5829 3045 5876 onusta
3082 5833 3240 5885 esse;
3280 5832 3403 5885 qua:
3450 5822 3579 5884 ipsa.
