  <div class='ocr_page' id='page_1' title='image "/cluster/home/n/w/nwhite01/storage/ocr_20150623/158/coo.31924054870633/075.png"; bbox 0 0 4008 6434; ppageno 0'>
   <div class='ocr_carea' id='block_1_1' title="bbox 466 285 2034 366">
    <p class='ocr_par' dir='ltr' id='par_1_1' title="bbox 466 285 2032 366">
     <span class='ocr_line' id='line_1_1' title="bbox 466 285 2032 366; baseline 0.007 -19"><span class='ocrx_word' id='word_1_1' title='bbox 466 285 536 348; x_wconf 84' lang='grc'><strong>79</strong></span> <span class='ocrx_word' id='word_1_2' title='bbox 1739 297 2032 366; x_wconf 82' lang='lat' dir='ltr'><strong>MlCHAE</strong></span> 
     </span>
    </p>
   </div>
   <div class='ocr_carea' id='block_1_2' title="bbox 2139 285 3724 366">
    <p class='ocr_par' dir='ltr' id='par_1_2' title="bbox 2139 297 3724 363">
     <span class='ocr_line' id='line_1_2' title="bbox 2139 297 3724 363; baseline 0 -2"><span class='ocrx_word' id='word_1_3' title='bbox 2139 303 2159 361; x_wconf 78' lang='grc'><strong>5</strong></span> <span class='ocrx_word' id='word_1_4' title='bbox 2197 301 2458 363; x_wconf 71' lang='lat' dir='ltr'><strong>GLYC/E</strong></span> <span class='ocrx_word' id='word_1_5' title='bbox 2503 314 2516 330; x_wconf 86' lang='lat'><strong>’</strong></span> <span class='ocrx_word' id='word_1_6' title='bbox 3637 297 3724 362; x_wconf 86' lang='lat'><strong>80</strong></span> 
     </span>
    </p>
   </div>
   <div class='ocr_carea' id='block_1_3' title="bbox 465 399 2034 486">
    <p class='ocr_par' dir='ltr' id='par_1_3' title="bbox 465 399 2034 470">
     <span class='ocr_line' id='line_1_3' title="bbox 465 399 2034 470; baseline 0.008 -20"><span class='ocrx_word' id='word_1_7' title='bbox 465 399 604 452; x_wconf 90' lang='lat' dir='ltr'><strong>ratio</strong></span> <span class='ocrx_word' id='word_1_8' title='bbox 648 407 735 453; x_wconf 90' lang='lat' dir='ltr'><strong>est</strong></span> <span class='ocrx_word' id='word_1_9' title='bbox 777 401 1136 470; x_wconf 75' lang='lat' dir='ltr'><strong>quamobrem</strong></span> <span class='ocrx_word' id='word_1_10' title='bbox 1181 411 1446 469; x_wconf 91' lang='lat' dir='ltr'><strong>cometes,</strong></span> <span class='ocrx_word' id='word_1_11' title='bbox 1499 403 1603 459; x_wconf 89' lang='lat' dir='ltr'><strong>hoc</strong></span> <span class='ocrx_word' id='word_1_12' title='bbox 1642 413 1727 460; x_wconf 86' lang='lat' dir='ltr'><strong>est</strong></span> <span class='ocrx_word' id='word_1_13' title='bbox 1774 405 2034 463; x_wconf 91' lang='lat' dir='ltr'><strong>crinitum</strong></span> 
     </span>
    </p>
   </div>
   <div class='ocr_carea' id='block_1_4' title="bbox 2139 399 3725 486">
    <p class='ocr_par' dir='ltr' id='par_1_4' title="bbox 2141 409 3725 486">
     <span class='ocr_line' id='line_1_4' title="bbox 2141 409 3725 486; baseline 0 -21"><span class='ocrx_word' id='word_1_14' title='bbox 2141 411 2292 483; x_wconf 86' lang='grc' dir='ltr'><strong>αύτῷ</strong></span> <span class='ocrx_word' id='word_1_15' title='bbox 2326 411 2456 484; x_wconf 81' lang='grc' dir='ltr'>ὕλης</span> <span class='ocrx_word' id='word_1_16' title='bbox 2493 415 2571 478; x_wconf 88' lang='grc' dir='ltr'><strong>είς</strong></span> <span class='ocrx_word' id='word_1_17' title='bbox 2619 415 2838 486; x_wconf 82' lang='grc' dir='ltr'>χρονίαν</span> <span class='ocrx_word' id='word_1_18' title='bbox 2870 411 3082 484; x_wconf 76' lang='grc' dir='ltr'>ἔξαψιν.</span> <span class='ocrx_word' id='word_1_19' title='bbox 3120 409 3404 467; x_wconf 77' lang='grc' dir='ltr'><strong>Ἐντεῦθεν</strong></span> <span class='ocrx_word' id='word_1_20' title='bbox 3435 409 3530 465; x_wconf 86' lang='grc' dir='ltr'><strong>οῦν</strong></span> <span class='ocrx_word' id='word_1_21' title='bbox 3565 411 3725 482; x_wconf 69' lang='lat' dir='ltr'><strong>laxet</strong></span> 
     </span>
    </p>
   </div>
   <div class='ocr_carea' id='block_1_5' title="bbox 462 489 2036 560">
    <p class='ocr_par' dir='ltr' id='par_1_5' title="bbox 462 489 2036 560">
     <span class='ocr_line' id='line_1_5' title="bbox 462 489 2036 560; baseline 0.005 -16"><span class='ocrx_word' id='word_1_22' title='bbox 462 489 616 545; x_wconf 84' lang='lat' dir='ltr'><strong>sidus</strong></span> <span class='ocrx_word' id='word_1_23' title='bbox 657 491 988 560; x_wconf 79' lang='lat' dir='ltr'><strong>appelletur.</strong></span> <span class='ocrx_word' id='word_1_24' title='bbox 1020 493 1088 547; x_wconf 80' lang='lat' dir='ltr'><strong>Et</strong></span> <span class='ocrx_word' id='word_1_25' title='bbox 1125 493 1288 550; x_wconf 90' lang='lat' dir='ltr'><strong>durat</strong></span> <span class='ocrx_word' id='word_1_26' title='bbox 1337 495 1612 551; x_wconf 73' lang='lat' dir='ltr'><strong>interdum</strong></span> <span class='ocrx_word' id='word_1_27' title='bbox 1644 496 1839 554; x_wconf 88' lang='lat' dir='ltr'><strong>diebus</strong></span> <span class='ocrx_word' id='word_1_28' title='bbox 1881 512 2036 554; x_wconf 83' lang='lat' dir='ltr'><strong>com-</strong></span> 
     </span>
    </p>
   </div>
   <div class='ocr_carea' id='block_1_6' title="bbox 459 583 2038 660">
    <p class='ocr_par' dir='ltr' id='par_1_6' title="bbox 459 583 2038 660">
     <span class='ocr_line' id='line_1_6' title="bbox 459 583 2038 660; baseline 0.006 -24"><span class='ocrx_word' id='word_1_29' title='bbox 459 583 732 651; x_wconf 86' lang='lat' dir='ltr'><strong>pluribus,</strong></span> <span class='ocrx_word' id='word_1_30' title='bbox 761 583 1022 638; x_wconf 84' lang='lat' dir='ltr'><strong>nimirum</strong></span> <span class='ocrx_word' id='word_1_31' title='bbox 1074 589 1308 644; x_wconf 84' lang='lat' dir='ltr'><strong>materie</strong></span> <span class='ocrx_word' id='word_1_32' title='bbox 1341 589 1588 660; x_wconf 82' lang='lat' dir='ltr'><strong>subjecta</strong></span> <span class='ocrx_word' id='word_1_33' title='bbox 1621 589 1939 645; x_wconf 88' lang='lat' dir='ltr'><strong>diuturnam</strong></span> <span class='ocrx_word' id='word_1_34' title='bbox 1968 591 2038 646; x_wconf 87' lang='lat' dir='ltr'><strong>ad</strong></span> 
     </span>
    </p>
   </div>
   <div class='ocr_carea' id='block_1_7' title="bbox 460 675 2040 738">
    <p class='ocr_par' dir='ltr' id='par_1_7' title="bbox 460 675 2040 738">
     <span class='ocr_line' id='line_1_7' title="bbox 460 675 2040 738; baseline 0.006 -10"><span class='ocrx_word' id='word_1_35' title='bbox 460 675 952 732; x_wconf 90' lang='lat' dir='ltr'><strong>inﬂammationem</strong></span> <span class='ocrx_word' id='word_1_36' title='bbox 993 677 1322 736; x_wconf 85' lang='lat' dir='ltr'><strong>suﬂicienle.</strong></span> <span class='ocrx_word' id='word_1_37' title='bbox 1378 681 1454 735; x_wconf 90' lang='lat' dir='ltr'><strong>De</strong></span> <span class='ocrx_word' id='word_1_38' title='bbox 1519 695 1685 737; x_wconf 87' lang='lat' dir='ltr'><strong>causa</strong></span> <span class='ocrx_word' id='word_1_39' title='bbox 1733 681 1926 738; x_wconf 87' lang='lat' dir='ltr'><strong>eadem</strong></span> <span class='ocrx_word' id='word_1_40' title='bbox 1981 691 2040 738; x_wconf 91' lang='lat' dir='ltr'><strong>et</strong></span> 
     </span>
    </p>
   </div>
   <div class='ocr_carea' id='block_1_8' title="bbox 460 769 2036 840">
    <p class='ocr_par' dir='ltr' id='par_1_8' title="bbox 460 769 2036 840">
     <span class='ocr_line' id='line_1_8' title="bbox 460 769 2036 840; baseline 0.004 -18"><span class='ocrx_word' id='word_1_41' title='bbox 460 769 604 838; x_wconf 90' lang='lat' dir='ltr'><strong>ignis</strong></span> <span class='ocrx_word' id='word_1_42' title='bbox 649 771 828 823; x_wconf 90' lang='lat' dir='ltr'><strong>oritur</strong></span> <span class='ocrx_word' id='word_1_43' title='bbox 869 770 960 824; x_wconf 89' lang='lat' dir='ltr'><strong>ille</strong></span> <span class='ocrx_word' id='word_1_44' title='bbox 991 771 1086 840; x_wconf 89' lang='lat' dir='ltr'><strong>qui</strong></span> <span class='ocrx_word' id='word_1_45' title='bbox 1134 772 1393 827; x_wconf 87' lang='lat' dir='ltr'><strong>noctibus</strong></span> <span class='ocrx_word' id='word_1_46' title='bbox 1438 774 1704 829; x_wconf 88' lang='lat' dir='ltr'><strong>serenise</strong></span> <span class='ocrx_word' id='word_1_47' title='bbox 1747 773 1887 828; x_wconf 74' lang='lat' dir='ltr'><strong>emlo</strong></span> <span class='ocrx_word' id='word_1_48' title='bbox 1926 773 2036 829; x_wconf 88' lang='lat' dir='ltr'><strong>labi</strong></span> 
     </span>
    </p>
   </div>
   <div class='ocr_carea' id='block_1_9' title="bbox 460 857 2032 930">
    <p class='ocr_par' dir='ltr' id='par_1_9' title="bbox 460 857 2032 930">
     <span class='ocr_line' id='line_1_9' title="bbox 460 857 2032 930; baseline 0.006 -20"><span class='ocrx_word' id='word_1_49' title='bbox 460 857 702 924; x_wconf 77' lang='lat' dir='ltr'><strong>videtur,</strong></span> <span class='ocrx_word' id='word_1_50' title='bbox 742 869 801 915; x_wconf 92' lang='lat' dir='ltr'><strong>et</strong></span> <span class='ocrx_word' id='word_1_51' title='bbox 829 876 992 930; x_wconf 90' lang='lat' dir='ltr'><strong>quem</strong></span> <span class='ocrx_word' id='word_1_52' title='bbox 1040 863 1288 918; x_wconf 92' lang='lat' dir='ltr'><strong>nonnulli</strong></span> <span class='ocrx_word' id='word_1_53' title='bbox 1334 863 1588 920; x_wconf 89' lang='lat' dir='ltr'><strong>rudiores</strong></span> <span class='ocrx_word' id='word_1_54' title='bbox 1638 879 1761 920; x_wconf 89' lang='lat' dir='ltr'><strong>esse</strong></span> <span class='ocrx_word' id='word_1_55' title='bbox 1807 864 2032 921; x_wconf 72' lang='lat' dir='ltr'><strong>caeleste</strong></span> 
     </span>
    </p>
   </div>
   <div class='ocr_carea' id='block_1_10' title="bbox 459 954 2034 1031">
    <p class='ocr_par' dir='ltr' id='par_1_10' title="bbox 459 954 2034 1031">
     <span class='ocr_line' id='line_1_10' title="bbox 459 954 2034 1031; baseline 0.004 -22"><span class='ocrx_word' id='word_1_56' title='bbox 459 954 617 1010; x_wconf 83' lang='lat' dir='ltr'><strong>sidus</strong></span> <span class='ocrx_word' id='word_1_57' title='bbox 644 956 987 1023; x_wconf 68' lang='lat' dir='ltr'><strong>existimant,</strong></span> <span class='ocrx_word' id='word_1_58' title='bbox 1020 974 1146 1014; x_wconf 91' lang='lat' dir='ltr'><strong>cum</strong></span> <span class='ocrx_word' id='word_1_59' title='bbox 1176 959 1430 1015; x_wconf 87' lang='lat' dir='ltr'><strong>homines</strong></span> <span class='ocrx_word' id='word_1_60' title='bbox 1463 961 1520 1016; x_wconf 92' lang='lat' dir='ltr'><strong>in</strong></span> <span class='ocrx_word' id='word_1_61' title='bbox 1545 960 1698 1016; x_wconf 85' lang='lat' dir='ltr'><strong>hisce</strong></span> <span class='ocrx_word' id='word_1_62' title='bbox 1727 959 2034 1031; x_wconf 80' lang='lat' dir='ltr'><strong>disciplinis</strong></span> 
     </span>
    </p>
   </div>
   <div class='ocr_carea' id='block_1_11' title="bbox 455 1048 2037 1124">
    <p class='ocr_par' dir='ltr' id='par_1_11' title="bbox 455 1048 2037 1124">
     <span class='ocr_line' id='line_1_11' title="bbox 455 1048 2037 1124; baseline 0.004 -24"><span class='ocrx_word' id='word_1_63' title='bbox 455 1048 740 1102; x_wconf 78' lang='lat' dir='ltr'><strong>exercitati</strong></span> <span class='ocrx_word' id='word_1_64' title='bbox 782 1050 1024 1118; x_wconf 89' lang='lat' dir='ltr'><strong>speciem</strong></span> <span class='ocrx_word' id='word_1_65' title='bbox 1071 1052 1342 1122; x_wconf 83' lang='lat' dir='ltr'><strong>ejusmodi</strong></span> <span class='ocrx_word' id='word_1_66' title='bbox 1389 1053 1770 1124; x_wconf 83' lang='lat' dir='ltr'><strong>trajectionem</strong></span> <span class='ocrx_word' id='word_1_67' title='bbox 1823 1067 2037 1108; x_wconf 84' lang='lat' dir='ltr'><strong>nuneu-</strong></span> 
     </span>
    </p>
   </div>
   <div class='ocr_carea' id='block_1_12' title="bbox 458 1142 2036 1214">
    <p class='ocr_par' dir='ltr' id='par_1_12' title="bbox 458 1142 2036 1214">
     <span class='ocr_line' id='line_1_12' title="bbox 458 1142 2036 1214; baseline 0.001 -20"><span class='ocrx_word' id='word_1_68' title='bbox 458 1151 610 1206; x_wconf 88' lang='lat' dir='ltr'><strong>pent.</strong></span> <span class='ocrx_word' id='word_1_69' title='bbox 641 1142 777 1196; x_wconf 87' lang='lat' dir='ltr'><strong>Cum</strong></span> <span class='ocrx_word' id='word_1_70' title='bbox 808 1143 957 1198; x_wconf 90' lang='lat' dir='ltr'><strong>enim</strong></span> <span class='ocrx_word' id='word_1_71' title='bbox 997 1143 1131 1199; x_wconf 90' lang='lat' dir='ltr'><strong>illud</strong></span> <span class='ocrx_word' id='word_1_72' title='bbox 1153 1144 1296 1214; x_wconf 91' lang='lat' dir='ltr'><strong>quod</strong></span> <span class='ocrx_word' id='word_1_73' title='bbox 1330 1160 1396 1200; x_wconf 80' lang='lat' dir='ltr'><strong>ex</strong></span> <span class='ocrx_word' id='word_1_74' title='bbox 1430 1153 1582 1200; x_wconf 89' lang='lat' dir='ltr'><strong>motu</strong></span> <span class='ocrx_word' id='word_1_75' title='bbox 1613 1153 1698 1200; x_wconf 86' lang='lat' dir='ltr'><strong>est</strong></span> <span class='ocrx_word' id='word_1_76' title='bbox 1720 1157 2036 1209; x_wconf 88' lang='lat' dir='ltr'><strong>accensum,</strong></span> 
     </span>
    </p>
   </div>
   <div class='ocr_carea' id='block_1_13' title="bbox 459 1231 2038 1305">
    <p class='ocr_par' dir='ltr' id='par_1_13' title="bbox 459 1231 2038 1305">
     <span class='ocr_line' id='line_1_13' title="bbox 459 1231 2038 1305; baseline 0.004 -23"><span class='ocrx_word' id='word_1_77' title='bbox 459 1231 513 1283; x_wconf 93' lang='lat' dir='ltr'><strong>in</strong></span> <span class='ocrx_word' id='word_1_78' title='bbox 558 1233 817 1289; x_wconf 85' lang='lat' dir='ltr'><strong>materies</strong></span> <span class='ocrx_word' id='word_1_79' title='bbox 857 1234 968 1304; x_wconf 87' lang='lat' dir='ltr'><strong>igni</strong></span> <span class='ocrx_word' id='word_1_80' title='bbox 999 1235 1366 1305; x_wconf 89' lang='lat' dir='ltr'><strong>concipiendo</strong></span> <span class='ocrx_word' id='word_1_81' title='bbox 1405 1237 1636 1292; x_wconf 88' lang='lat' dir='ltr'><strong>idoneas</strong></span> <span class='ocrx_word' id='word_1_82' title='bbox 1667 1235 1946 1298; x_wconf 91' lang='lat' dir='ltr'><strong>inciderit,</strong></span> <span class='ocrx_word' id='word_1_83' title='bbox 1981 1245 2038 1289; x_wconf 88' lang='lat' dir='ltr'><strong>et</strong></span> 
     </span>
    </p>
   </div>
   <div class='ocr_carea' id='block_1_14' title="bbox 459 1322 2037 1382">
    <p class='ocr_par' dir='ltr' id='par_1_14' title="bbox 459 1322 2037 1382">
     <span class='ocr_line' id='line_1_14' title="bbox 459 1322 2037 1382; baseline 0.005 -8"><span class='ocrx_word' id='word_1_84' title='bbox 459 1322 660 1377; x_wconf 86' lang='lat' dir='ltr'><strong>deinde</strong></span> <span class='ocrx_word' id='word_1_85' title='bbox 718 1323 936 1380; x_wconf 90' lang='lat' dir='ltr'><strong>ﬂamma</strong></span> <span class='ocrx_word' id='word_1_86' title='bbox 985 1325 1051 1381; x_wconf 92' lang='lat' dir='ltr'><strong>de</strong></span> <span class='ocrx_word' id='word_1_87' title='bbox 1086 1341 1192 1380; x_wconf 91' lang='lat' dir='ltr'><strong>una</strong></span> <span class='ocrx_word' id='word_1_88' title='bbox 1238 1328 1307 1382; x_wconf 91' lang='lat' dir='ltr'><strong>ad</strong></span> <span class='ocrx_word' id='word_1_89' title='bbox 1360 1327 1525 1382; x_wconf 91' lang='lat' dir='ltr'><strong>aliam</strong></span> <span class='ocrx_word' id='word_1_90' title='bbox 1586 1327 1873 1382; x_wconf 85' lang='lat' dir='ltr'><strong>materiem</strong></span> <span class='ocrx_word' id='word_1_91' title='bbox 1928 1326 2037 1382; x_wconf 84' lang='lat' dir='ltr'><strong>lata</strong></span> 
     </span>
    </p>
   </div>
   <div class='ocr_carea' id='block_1_15' title="bbox 458 1413 2036 1488">
    <p class='ocr_par' dir='ltr' id='par_1_15' title="bbox 458 1413 2036 1488">
     <span class='ocr_line' id='line_1_15' title="bbox 458 1413 2036 1488; baseline 0.004 -22"><span class='ocrx_word' id='word_1_92' title='bbox 458 1413 674 1485; x_wconf 78' lang='lat' dir='ltr'><strong>longius</strong></span> <span class='ocrx_word' id='word_1_93' title='bbox 705 1431 828 1471; x_wconf 87' lang='lat' dir='ltr'><strong>sese</strong></span> <span class='ocrx_word' id='word_1_94' title='bbox 859 1416 1065 1473; x_wconf 89' lang='lat' dir='ltr'><strong>diderit</strong></span> <span class='ocrx_word' id='word_1_95' title='bbox 1097 1417 1242 1488; x_wconf 86' lang='lat' dir='ltr'><strong>ignis</strong></span> <span class='ocrx_word' id='word_1_96' title='bbox 1269 1419 1338 1474; x_wconf 90' lang='lat' dir='ltr'><strong>ad</strong></span> <span class='ocrx_word' id='word_1_97' title='bbox 1369 1419 1542 1476; x_wconf 70' lang='lat' dir='ltr'><strong>basta:</strong></span> <span class='ocrx_word' id='word_1_98' title='bbox 1579 1419 1811 1474; x_wconf 85' lang='lat' dir='ltr'><strong>formam</strong></span> <span class='ocrx_word' id='word_1_99' title='bbox 1839 1427 2036 1474; x_wconf 79' lang='lat' dir='ltr'><strong>exten-</strong></span> 
     </span>
    </p>
   </div>
   <div class='ocr_carea' id='block_1_16' title="bbox 2136 500 3728 574">
    <p class='ocr_par' dir='ltr' id='par_1_16' title="bbox 2136 500 3728 574">
     <span class='ocr_line' id='line_1_16' title="bbox 2136 500 3728 574; baseline -0.001 -18"><span class='ocrx_word' id='word_1_100' title='bbox 2136 502 2237 573; x_wconf 87' lang='grc' dir='ltr'><strong>τὴν</strong></span> <span class='ocrx_word' id='word_1_101' title='bbox 2274 503 2489 573; x_wconf 81' lang='grc' dir='ltr'>γένεσιν</span> <span class='ocrx_word' id='word_1_102' title='bbox 2529 504 2624 560; x_wconf 77' lang='grc' dir='ltr'>καὶ</span> <span class='ocrx_word' id='word_1_103' title='bbox 2674 505 2736 560; x_wconf 80' lang='grc' dir='ltr'><strong>τὸ</strong></span> <span class='ocrx_word' id='word_1_104' title='bbox 2779 505 2974 560; x_wconf 80' lang='grc' dir='ltr'>δοκοῦν</span> <span class='ocrx_word' id='word_1_105' title='bbox 3026 503 3092 569; x_wconf 68' lang='grc' dir='ltr'><strong>ἐξ</strong></span> <span class='ocrx_word' id='word_1_106' title='bbox 3137 500 3371 574; x_wconf 84' lang='grc' dir='ltr'>οὐρανοῦ</span> <span class='ocrx_word' id='word_1_107' title='bbox 3422 501 3728 572; x_wconf 80' lang='grc' dir='ltr'><strong>ῥίπτεσθαι</strong></span> 
     </span>
    </p>
   </div>
   <div class='ocr_carea' id='block_1_17' title="bbox 2138 593 3730 670">
    <p class='ocr_par' dir='ltr' id='par_1_17' title="bbox 2138 593 3730 670">
     <span class='ocr_line' id='line_1_17' title="bbox 2138 593 3730 670; baseline -0.001 -20"><span class='ocrx_word' id='word_1_108' title='bbox 2138 595 2251 669; x_wconf 88' lang='grc' dir='ltr'><strong>πῦρ</strong></span> <span class='ocrx_word' id='word_1_109' title='bbox 2272 597 2493 668; x_wconf 87' lang='grc' dir='ltr'>αίθρίας</span> <span class='ocrx_word' id='word_1_110' title='bbox 2523 597 2693 670; x_wconf 79' lang='grc' dir='ltr'>οὔσης</span> <span class='ocrx_word' id='word_1_111' title='bbox 2733 598 2836 670; x_wconf 82' lang='grc' dir='ltr'>τῆς</span> <span class='ocrx_word' id='word_1_112' title='bbox 2881 597 3098 660; x_wconf 75' lang='grc' dir='ltr'>νυκτὸς.</span> <span class='ocrx_word' id='word_1_113' title='bbox 3131 597 3160 651; x_wconf 85' lang='grc' dir='ltr'><strong>δ</strong></span> <span class='ocrx_word' id='word_1_114' title='bbox 3197 595 3261 667; x_wconf 85' lang='grc' dir='ltr'><strong>δὴ</strong></span> <span class='ocrx_word' id='word_1_115' title='bbox 3313 593 3408 649; x_wconf 86' lang='grc' dir='ltr'><strong>καί</strong></span> <span class='ocrx_word' id='word_1_116' title='bbox 3436 611 3580 658; x_wconf 90' lang='grc' dir='ltr'>τινες</span> <span class='ocrx_word' id='word_1_117' title='bbox 3604 594 3730 648; x_wconf 83' lang='grc' dir='ltr'><strong>τῶν</strong></span> 
     </span>
    </p>
   </div>
   <div class='ocr_carea' id='block_1_18' title="bbox 2136 686 3728 761">
    <p class='ocr_par' dir='ltr' id='par_1_18' title="bbox 2136 686 3728 761">
     <span class='ocr_line' id='line_1_18' title="bbox 2136 686 3728 761; baseline -0.001 -19"><span class='ocrx_word' id='word_1_118' title='bbox 2136 688 2543 760; x_wconf 81' lang='grc' dir='ltr'>ἀγροικοτέρων</span> <span class='ocrx_word' id='word_1_119' title='bbox 2593 689 2796 760; x_wconf 69' lang='grc' dir='ltr'>ἄστρον</span> <span class='ocrx_word' id='word_1_120' title='bbox 2863 690 3120 761; x_wconf 71' lang='grc' dir='ltr'>οὐράνιον</span> <span class='ocrx_word' id='word_1_121' title='bbox 3159 688 3424 760; x_wconf 74' lang='grc' dir='ltr'>ἥγηνται.</span> <span class='ocrx_word' id='word_1_122' title='bbox 3468 686 3614 742; x_wconf 77' lang='grc' dir='ltr'>Ἀλλ’</span> <span class='ocrx_word' id='word_1_123' title='bbox 3665 687 3728 740; x_wconf 80' lang='grc' dir='ltr'><strong>οι</strong></span> 
     </span>
    </p>
   </div>
   <div class='ocr_carea' id='block_1_19' title="bbox 2137 779 3730 852">
    <p class='ocr_par' dir='ltr' id='par_1_19' title="bbox 2137 779 3730 852">
     <span class='ocr_line' id='line_1_19' title="bbox 2137 779 3730 852; baseline 0 -21"><span class='ocrx_word' id='word_1_124' title='bbox 2137 779 2265 851; x_wconf 80' lang='grc' dir='ltr'>περὶ</span> <span class='ocrx_word' id='word_1_125' title='bbox 2304 779 2373 834; x_wconf 82' lang='grc' dir='ltr'>τὰ</span> <span class='ocrx_word' id='word_1_126' title='bbox 2417 779 2644 836; x_wconf 87' lang='grc' dir='ltr'>τοιαῦτα</span> <span class='ocrx_word' id='word_1_127' title='bbox 2692 780 3058 852; x_wconf 70' lang='grc' dir='ltr'>ὴσχολημινοι</span> <span class='ocrx_word' id='word_1_128' title='bbox 3112 779 3175 834; x_wconf 79' lang='grc' dir='ltr'>τὸ</span> <span class='ocrx_word' id='word_1_129' title='bbox 3218 779 3463 832; x_wconf 73' lang='grc' dir='ltr'>τοιοῦτον</span> <span class='ocrx_word' id='word_1_130' title='bbox 3520 779 3730 846; x_wconf 76' lang='grc' dir='ltr'>φάσμα</span> 
     </span>
    </p>
   </div>
   <div class='ocr_carea' id='block_1_20' title="bbox 2137 868 3730 942">
    <p class='ocr_par' dir='ltr' id='par_1_20' title="bbox 2137 868 3730 942">
     <span class='ocr_line' id='line_1_20' title="bbox 2137 868 3730 942; baseline -0.002 -18"><span class='ocrx_word' id='word_1_131' title='bbox 2137 869 2422 927; x_wconf 80' lang='grc' dir='ltr'>διάττοντα</span> <span class='ocrx_word' id='word_1_132' title='bbox 2454 870 2937 942; x_wconf 79' lang='grc' dir='ltr'>κατονομάζουσιν.</span> <span class='ocrx_word' id='word_1_133' title='bbox 2975 869 3229 925; x_wconf 85' lang='grc' dir='ltr'><strong>Ἐπειδὰν</strong></span> <span class='ocrx_word' id='word_1_134' title='bbox 3266 869 3376 940; x_wconf 84' lang='grc' dir='ltr'><strong>γὰρ</strong></span> <span class='ocrx_word' id='word_1_135' title='bbox 3401 868 3464 922; x_wconf 76' lang='grc' dir='ltr'>τὸ</span> <span class='ocrx_word' id='word_1_136' title='bbox 3491 869 3582 922; x_wconf 81' lang='grc' dir='ltr'>διὰ</span> <span class='ocrx_word' id='word_1_137' title='bbox 3614 868 3730 938; x_wconf 77' lang='grc' dir='ltr'><strong>τὴν</strong></span> 
     </span>
    </p>
   </div>
   <div class='ocr_carea' id='block_1_21' title="bbox 2141 959 3726 1034">
    <p class='ocr_par' dir='ltr' id='par_1_21' title="bbox 2141 959 3726 1034">
     <span class='ocr_line' id='line_1_21' title="bbox 2141 959 3726 1034; baseline -0.003 -18"><span class='ocrx_word' id='word_1_138' title='bbox 2141 962 2359 1034; x_wconf 89' lang='grc' dir='ltr'>κίνησιν</span> <span class='ocrx_word' id='word_1_139' title='bbox 2408 963 2643 1032; x_wconf 75' lang='grc' dir='ltr'><strong>ἐξαφθὲν</strong></span> <span class='ocrx_word' id='word_1_140' title='bbox 2694 964 2848 1028; x_wconf 80' lang='grc' dir='ltr'>ῦλαις</span> <span class='ocrx_word' id='word_1_141' title='bbox 2882 961 3222 1034; x_wconf 72' lang='grc' dir='ltr'>ἑπιτηδείαις</span> <span class='ocrx_word' id='word_1_142' title='bbox 3271 962 3353 1024; x_wconf 84' lang='grc' dir='ltr'><strong>είς</strong></span> <span class='ocrx_word' id='word_1_143' title='bbox 3389 959 3582 1031; x_wconf 68' lang='grc' dir='ltr'>ἔξαψιν</span> <span class='ocrx_word' id='word_1_144' title='bbox 3622 961 3726 1013; x_wconf 78' lang='grc' dir='ltr'><strong>ὲν-</strong></span> 
     </span>
    </p>
   </div>
   <div class='ocr_carea' id='block_1_22' title="bbox 2137 1053 3729 1128">
    <p class='ocr_par' dir='ltr' id='par_1_22' title="bbox 2137 1053 3729 1128">
     <span class='ocr_line' id='line_1_22' title="bbox 2137 1053 3729 1128; baseline -0.001 -20"><span class='ocrx_word' id='word_1_145' title='bbox 2137 1054 2299 1128; x_wconf 77' lang='grc' dir='ltr'>τύχῃ,</span> <span class='ocrx_word' id='word_1_146' title='bbox 2335 1054 2630 1110; x_wconf 78' lang='grc' dir='ltr'>κάντεῦθεν</span> <span class='ocrx_word' id='word_1_147' title='bbox 2682 1055 2776 1110; x_wconf 80' lang='grc' dir='ltr'><strong>ἀπ’</strong></span> <span class='ocrx_word' id='word_1_148' title='bbox 2823 1056 2994 1128; x_wconf 74' lang='grc' dir='ltr'>ἄλλης</span> <span class='ocrx_word' id='word_1_149' title='bbox 3051 1055 3136 1119; x_wconf 88' lang='grc' dir='ltr'><strong>είς</strong></span> <span class='ocrx_word' id='word_1_150' title='bbox 3181 1054 3352 1126; x_wconf 72' lang='grc' dir='ltr'>ἄλλην</span> <span class='ocrx_word' id='word_1_151' title='bbox 3401 1053 3729 1124; x_wconf 79' lang='grc' dir='ltr'>φερομένης</span> 
     </span>
    </p>
   </div>
   <div class='ocr_carea' id='block_1_23' title="bbox 2135 1138 3728 1216">
    <p class='ocr_par' dir='ltr' id='par_1_23' title="bbox 2135 1138 3728 1216">
     <span class='ocr_line' id='line_1_23' title="bbox 2135 1138 3728 1216; baseline -0.001 -19"><span class='ocrx_word' id='word_1_152' title='bbox 2135 1143 2235 1213; x_wconf 86' lang='grc' dir='ltr'>τῆς</span> <span class='ocrx_word' id='word_1_153' title='bbox 2269 1144 2465 1213; x_wconf 77' lang='grc' dir='ltr'>φλογὸς</span> <span class='ocrx_word' id='word_1_154' title='bbox 2492 1143 2806 1216; x_wconf 86' lang='grc' dir='ltr'>διαδόσιμον</span> <span class='ocrx_word' id='word_1_155' title='bbox 2835 1144 3063 1216; x_wconf 84' lang='grc' dir='ltr'>γένηται</span> <span class='ocrx_word' id='word_1_156' title='bbox 3090 1141 3152 1196; x_wconf 80' lang='grc' dir='ltr'>τὸ</span> <span class='ocrx_word' id='word_1_157' title='bbox 3190 1139 3332 1212; x_wconf 67' lang='grc' dir='ltr'>πῦρ,</span> <span class='ocrx_word' id='word_1_158' title='bbox 3348 1139 3491 1196; x_wconf 82' lang='grc' dir='ltr'>κατὰ</span> <span class='ocrx_word' id='word_1_159' title='bbox 3523 1138 3728 1208; x_wconf 78' lang='grc' dir='ltr'>σχῆμα</span> 
     </span>
    </p>
   </div>
   <div class='ocr_carea' id='block_1_24' title="bbox 2133 1231 3731 1308">
    <p class='ocr_par' dir='ltr' id='par_1_24' title="bbox 2133 1231 3731 1308">
     <span class='ocr_line' id='line_1_24' title="bbox 2133 1231 3731 1308; baseline -0.004 -20"><span class='ocrx_word' id='word_1_160' title='bbox 2133 1235 2230 1288; x_wconf 90' lang='grc' dir='ltr'><strong>τοῦ</strong></span> <span class='ocrx_word' id='word_1_161' title='bbox 2293 1236 2521 1306; x_wconf 75' lang='grc' dir='ltr'>δόρατος</span> <span class='ocrx_word' id='word_1_162' title='bbox 2577 1236 2946 1308; x_wconf 78' lang='grc' dir='ltr'>ἀπομηκυνθῇ</span> <span class='ocrx_word' id='word_1_163' title='bbox 2969 1275 2985 1301; x_wconf 90' lang='grc'><strong>,</strong></span> <span class='ocrx_word' id='word_1_164' title='bbox 3045 1235 3108 1289; x_wconf 83' lang='grc' dir='ltr'><strong>τδ</strong></span> <span class='ocrx_word' id='word_1_165' title='bbox 3169 1231 3416 1288; x_wconf 80' lang='grc' dir='ltr'>τοιοῦτον</span> <span class='ocrx_word' id='word_1_166' title='bbox 3481 1231 3731 1285; x_wconf 66' lang='grc' dir='ltr'>διάττων</span> 
     </span>
    </p>
   </div>
   <div class='ocr_carea' id='block_1_25' title="bbox 2135 1321 3729 1398">
    <p class='ocr_par' dir='ltr' id='par_1_25' title="bbox 2135 1321 3729 1398">
     <span class='ocr_line' id='line_1_25' title="bbox 2135 1321 3729 1398; baseline -0.004 -17"><span class='ocrx_word' id='word_1_167' title='bbox 2135 1327 2454 1397; x_wconf 81' lang='grc' dir='ltr'>ὠνόμασται</span> <span class='ocrx_word' id='word_1_168' title='bbox 2502 1327 2644 1382; x_wconf 86' lang='grc' dir='ltr'>κατά</span> <span class='ocrx_word' id='word_1_169' title='bbox 2693 1329 2764 1383; x_wconf 78' lang='grc' dir='ltr'>τὰ</span> <span class='ocrx_word' id='word_1_170' title='bbox 2817 1328 3122 1398; x_wconf 74' lang='grc' dir='ltr'>φαινόμενα</span> <span class='ocrx_word' id='word_1_171' title='bbox 3161 1327 3444 1397; x_wconf 82' lang='grc' dir='ltr'>σχήματα,</span> <span class='ocrx_word' id='word_1_172' title='bbox 3471 1323 3569 1377; x_wconf 76' lang='grc' dir='ltr'>καὶ</span> <span class='ocrx_word' id='word_1_173' title='bbox 3616 1321 3729 1385; x_wconf 80' lang='grc' dir='ltr'>τὰς</span> 
     </span>
    </p>
   </div>
   <div class='ocr_carea' id='block_1_26' title="bbox 2134 1419 3359 1493">
    <p class='ocr_par' dir='ltr' id='par_1_26' title="bbox 2134 1419 3359 1493">
     <span class='ocr_line' id='line_1_26' title="bbox 2134 1419 3359 1493; baseline 0 -20"><span class='ocrx_word' id='word_1_174' title='bbox 2134 1419 2454 1490; x_wconf 62' lang='grc' dir='ltr'>ἐπωνυμίας</span> <span class='ocrx_word' id='word_1_175' title='bbox 2487 1420 2869 1493; x_wconf 80' lang='grc' dir='ltr'>ἀποπληροῦσι</span> <span class='ocrx_word' id='word_1_176' title='bbox 2900 1423 3015 1486; x_wconf 79' lang='grc' dir='ltr'>τοῖς</span> <span class='ocrx_word' id='word_1_177' title='bbox 3053 1419 3359 1491; x_wconf 76' lang='grc' dir='ltr'>φάσμασιν.</span> 
     </span>
    </p>
   </div>
   <div class='ocr_carea' id='block_1_27' title="bbox 459 1507 3727 1586">
    <p class='ocr_par' dir='ltr' id='par_1_27' title="bbox 459 1507 3727 1586">
     <span class='ocr_line' id='line_1_27' title="bbox 459 1507 3727 1586; baseline 0.001 -26"><span class='ocrx_word' id='word_1_178' title='bbox 459 1521 574 1571; x_wconf 87' lang='lat' dir='ltr'><strong>sus,</strong></span> <span class='ocrx_word' id='word_1_179' title='bbox 618 1507 677 1562; x_wconf 88' lang='lat' dir='ltr'><strong>ﬂt</strong></span> <span class='ocrx_word' id='word_1_180' title='bbox 718 1508 821 1563; x_wconf 90' lang='lat' dir='ltr'><strong>hoc</strong></span> <span class='ocrx_word' id='word_1_181' title='bbox 885 1509 1032 1580; x_wconf 85' lang='lat' dir='ltr'><strong>quod</strong></span> <span class='ocrx_word' id='word_1_182' title='bbox 1081 1511 1460 1583; x_wconf 74' lang='lat' dir='ltr'><strong>traiectionem</strong></span> <span class='ocrx_word' id='word_1_183' title='bbox 1502 1521 1722 1569; x_wconf 82' lang='lat' dir='ltr'><strong>vocant.</strong></span> <span class='ocrx_word' id='word_1_184' title='bbox 1769 1511 2171 1570; x_wconf 86' lang='lat' dir='ltr'><strong>Consuevimus</strong></span> <span class='ocrx_word' id='word_1_185' title='bbox 2210 1513 2356 1570; x_wconf 90' lang='lat' dir='ltr'><strong>enim</strong></span> <span class='ocrx_word' id='word_1_186' title='bbox 2428 1513 2562 1568; x_wconf 79' lang='lat' dir='ltr'><strong>visis</strong></span> <span class='ocrx_word' id='word_1_187' title='bbox 2617 1513 2888 1586; x_wconf 83' lang='lat' dir='ltr'><strong>ejusmodi</strong></span> <span class='ocrx_word' id='word_1_188' title='bbox 2955 1527 3055 1584; x_wconf 90' lang='lat' dir='ltr'><strong>pro</strong></span> <span class='ocrx_word' id='word_1_189' title='bbox 3102 1513 3319 1568; x_wconf 88' lang='lat' dir='ltr'><strong>ratione</strong></span> <span class='ocrx_word' id='word_1_190' title='bbox 3389 1509 3727 1573; x_wconf 90' lang='lat' dir='ltr'><strong>formarum,</strong></span> 
     </span>
    </p>
   </div>
   <div class='ocr_carea' id='block_1_28' title="bbox 459 1599 1821 1673">
    <p class='ocr_par' dir='ltr' id='par_1_28' title="bbox 459 1599 1821 1673">
     <span class='ocr_line' id='line_1_28' title="bbox 459 1599 1821 1673; baseline 0.007 -23"><span class='ocrx_word' id='word_1_191' title='bbox 459 1599 664 1668; x_wconf 85' lang='lat' dir='ltr'><strong>quibus</strong></span> <span class='ocrx_word' id='word_1_192' title='bbox 713 1601 1156 1670; x_wconf 87' lang='lat' dir='ltr'><strong>conspiciuntur,</strong></span> <span class='ocrx_word' id='word_1_193' title='bbox 1186 1602 1581 1673; x_wconf 83' lang='lat' dir='ltr'><strong>appellationes</strong></span> <span class='ocrx_word' id='word_1_194' title='bbox 1608 1604 1821 1660; x_wconf 90' lang='lat' dir='ltr'><strong>indere.</strong></span> 
     </span>
    </p>
   </div>
   <div class='ocr_carea' id='block_1_29' title="bbox 531 1691 2114 1778">
    <p class='ocr_par' dir='ltr' id='par_1_29' title="bbox 531 1691 2114 1778">
     <span class='ocr_line' id='line_1_29' title="bbox 531 1691 2114 1778; baseline 0.005 -32"><span class='ocrx_word' id='word_1_195' title='bbox 531 1691 878 1763; x_wconf 87' lang='lat' dir='ltr'><strong>Quapropter</strong></span> <span class='ocrx_word' id='word_1_196' title='bbox 905 1694 1043 1762; x_wconf 70' lang='lat' dir='ltr'><strong>haec,</strong></span> <span class='ocrx_word' id='word_1_197' title='bbox 1071 1696 1148 1752; x_wconf 84' lang='lat' dir='ltr'><strong>uti</strong></span> <span class='ocrx_word' id='word_1_198' title='bbox 1179 1695 1452 1762; x_wconf 77' lang='lat' dir='ltr'><strong>diximus,</strong></span> <span class='ocrx_word' id='word_1_199' title='bbox 1487 1697 1542 1752; x_wconf 94' lang='lat' dir='ltr'><strong>in</strong></span> <span class='ocrx_word' id='word_1_200' title='bbox 1572 1698 1713 1753; x_wconf 72' lang='lat' dir='ltr'><strong>ctelo</strong></span> <span class='ocrx_word' id='word_1_201' title='bbox 1742 1699 2035 1755; x_wconf 81' lang='lat' dir='ltr'><strong>collocavit</strong></span> <span class='ocrx_word' id='word_1_202' title='bbox 2066 1716 2114 1778; x_wconf 70' lang='grc' dir='ltr'><strong>Β</strong></span> 
     </span>
    </p>
   </div>
   <div class='ocr_carea' id='block_1_30' title="bbox 465 1784 2033 1864">
    <p class='ocr_par' dir='ltr' id='par_1_30' title="bbox 465 1784 2033 1864">
     <span class='ocr_line' id='line_1_30' title="bbox 465 1784 2033 1864; baseline 0.007 -28"><span class='ocrx_word' id='word_1_203' title='bbox 465 1784 628 1850; x_wconf 80' lang='lat' dir='ltr'><strong>Deus,</strong></span> <span class='ocrx_word' id='word_1_204' title='bbox 666 1796 727 1840; x_wconf 94' lang='lat' dir='ltr'><strong>ut</strong></span> <span class='ocrx_word' id='word_1_205' title='bbox 765 1788 917 1858; x_wconf 88' lang='lat' dir='ltr'><strong>signa</strong></span> <span class='ocrx_word' id='word_1_206' title='bbox 961 1790 1123 1845; x_wconf 81' lang='lat' dir='ltr'><strong>nobis</strong></span> <span class='ocrx_word' id='word_1_207' title='bbox 1165 1800 1352 1847; x_wconf 86' lang='lat' dir='ltr'><strong>essent</strong></span> <span class='ocrx_word' id='word_1_208' title='bbox 1396 1791 1464 1849; x_wconf 87' lang='lat' dir='ltr'><strong>de</strong></span> <span class='ocrx_word' id='word_1_209' title='bbox 1494 1790 1696 1864; x_wconf 85' lang='lat' dir='ltr'><strong>quibus</strong></span> <span class='ocrx_word' id='word_1_210' title='bbox 1725 1791 1871 1846; x_wconf 89' lang='lat' dir='ltr'><strong>haud</strong></span> <span class='ocrx_word' id='word_1_211' title='bbox 1909 1791 2033 1847; x_wconf 86' lang='lat' dir='ltr'><strong>vul-</strong></span> 
     </span>
    </p>
   </div>
   <div class='ocr_carea' id='block_1_31' title="bbox 460 1879 2032 1955">
    <p class='ocr_par' dir='ltr' id='par_1_31' title="bbox 460 1879 2032 1955">
     <span class='ocr_line' id='line_1_31' title="bbox 460 1879 2032 1955; baseline 0.006 -25"><span class='ocrx_word' id='word_1_212' title='bbox 460 1893 619 1940; x_wconf 66' lang='lat' dir='ltr'><strong>gares</strong></span> <span class='ocrx_word' id='word_1_213' title='bbox 660 1879 946 1936; x_wconf 88' lang='lat' dir='ltr'><strong>muniendi</strong></span> <span class='ocrx_word' id='word_1_214' title='bbox 981 1881 1152 1936; x_wconf 86' lang='lat' dir='ltr'><strong>nostri</strong></span> <span class='ocrx_word' id='word_1_215' title='bbox 1179 1884 1422 1940; x_wconf 89' lang='lat' dir='ltr'><strong>rationes</strong></span> <span class='ocrx_word' id='word_1_216' title='bbox 1446 1885 1855 1955; x_wconf 84' lang='lat' dir='ltr'><strong>colligeremus.</strong></span> <span class='ocrx_word' id='word_1_217' title='bbox 1893 1883 2032 1939; x_wconf 86' lang='lat' dir='ltr'><strong>Nam</strong></span> 
     </span>
    </p>
   </div>
   <div class='ocr_carea' id='block_1_32' title="bbox 461 1971 2030 2044">
    <p class='ocr_par' dir='ltr' id='par_1_32' title="bbox 461 1971 2030 2044">
     <span class='ocr_line' id='line_1_32' title="bbox 461 1971 2030 2044; baseline 0.007 -22"><span class='ocrx_word' id='word_1_218' title='bbox 461 1971 645 2040; x_wconf 79' lang='lat' dir='ltr'><strong>aspice</strong></span> <span class='ocrx_word' id='word_1_219' title='bbox 699 1971 834 2026; x_wconf 89' lang='lat' dir='ltr'><strong>mihi</strong></span> <span class='ocrx_word' id='word_1_220' title='bbox 876 1974 1076 2039; x_wconf 88' lang='lat' dir='ltr'><strong>nubes,</strong></span> <span class='ocrx_word' id='word_1_221' title='bbox 1105 1990 1228 2044; x_wconf 68' lang='lat' dir='ltr'><strong>quae</strong></span> <span class='ocrx_word' id='word_1_222' title='bbox 1277 1991 1404 2032; x_wconf 91' lang='lat' dir='ltr'><strong>cum</strong></span> <span class='ocrx_word' id='word_1_223' title='bbox 1443 1977 1724 2034; x_wconf 91' lang='lat' dir='ltr'><strong>interdum</strong></span> <span class='ocrx_word' id='word_1_224' title='bbox 1775 1980 2030 2035; x_wconf 85' lang='lat' dir='ltr'><strong>lanarum</strong></span> 
     </span>
    </p>
   </div>
   <div class='ocr_carea' id='block_1_33' title="bbox 461 2052 2033 2142">
    <p class='ocr_par' dir='ltr' id='par_1_33' title="bbox 461 2052 2033 2142">
     <span class='ocr_line' id='line_1_33' title="bbox 461 2052 2033 2142; baseline 0.008 -29"><span class='ocrx_word' id='word_1_225' title='bbox 461 2052 759 2118; x_wconf 79' lang='lat' dir='ltr'><strong>velleribus</strong></span> <span class='ocrx_word' id='word_1_226' title='bbox 801 2064 1114 2121; x_wconf 82' lang='lat' dir='ltr'><strong>consimiles</strong></span> <span class='ocrx_word' id='word_1_227' title='bbox 1151 2077 1483 2135; x_wconf 86' lang='lat' dir='ltr'><strong>cernuntur,</strong></span> <span class='ocrx_word' id='word_1_228' title='bbox 1516 2069 1845 2142; x_wconf 91' lang='lat' dir='ltr'><strong>plerumque</strong></span> <span class='ocrx_word' id='word_1_229' title='bbox 1897 2078 2033 2126; x_wconf 81' lang='lat' dir='ltr'><strong>tem-</strong></span> 
     </span>
    </p>
   </div>
   <div class='ocr_carea' id='block_1_34' title="bbox 461 2156 2032 2234">
    <p class='ocr_par' dir='ltr' id='par_1_34' title="bbox 461 2156 2032 2234">
     <span class='ocr_line' id='line_1_34' title="bbox 461 2156 2032 2234; baseline 0.007 -27"><span class='ocrx_word' id='word_1_230' title='bbox 461 2165 701 2222; x_wconf 82' lang='lat' dir='ltr'><strong>pestates</strong></span> <span class='ocrx_word' id='word_1_231' title='bbox 728 2156 943 2225; x_wconf 89' lang='lat' dir='ltr'><strong>pluvias</strong></span> <span class='ocrx_word' id='word_1_232' title='bbox 969 2158 1316 2215; x_wconf 85' lang='lat' dir='ltr'><strong>denuntiant.</strong></span> <span class='ocrx_word' id='word_1_233' title='bbox 1336 2163 1513 2230; x_wconf 79' lang='lat' dir='ltr'><strong>Atque</strong></span> <span class='ocrx_word' id='word_1_234' title='bbox 1539 2162 1707 2216; x_wconf 88' lang='lat' dir='ltr'><strong>etiam</strong></span> <span class='ocrx_word' id='word_1_235' title='bbox 1735 2161 1855 2234; x_wconf 89' lang='lat' dir='ltr'><strong>iris,</strong></span> <span class='ocrx_word' id='word_1_236' title='bbox 1870 2177 2032 2218; x_wconf 81' lang='lat' dir='ltr'><strong>arcus</strong></span> 
     </span>
    </p>
   </div>
   <div class='ocr_carea' id='block_1_35' title="bbox 460 2235 2032 2322">
    <p class='ocr_par' dir='ltr' id='par_1_35' title="bbox 460 2235 2032 2322">
     <span class='ocr_line' id='line_1_35' title="bbox 460 2235 2032 2322; baseline 0.007 -24"><span class='ocrx_word' id='word_1_237' title='bbox 460 2235 730 2302; x_wconf 85' lang='lat' dir='ltr'><strong>nimirum</strong></span> <span class='ocrx_word' id='word_1_238' title='bbox 755 2247 845 2303; x_wconf 87' lang='lat' dir='ltr'><strong>ille</strong></span> <span class='ocrx_word' id='word_1_239' title='bbox 878 2264 1042 2318; x_wconf 91' lang='lat' dir='ltr'><strong>quem</strong></span> <span class='ocrx_word' id='word_1_240' title='bbox 1076 2251 1130 2304; x_wconf 92' lang='lat' dir='ltr'><strong>in</strong></span> <span class='ocrx_word' id='word_1_241' title='bbox 1156 2251 1296 2306; x_wconf 73' lang='lat' dir='ltr'><strong>cmlo</strong></span> <span class='ocrx_word' id='word_1_242' title='bbox 1330 2251 1722 2322; x_wconf 87' lang='lat' dir='ltr'><strong>conspicimus,</strong></span> <span class='ocrx_word' id='word_1_243' title='bbox 1753 2268 1862 2309; x_wconf 92' lang='lat' dir='ltr'><strong>non</strong></span> <span class='ocrx_word' id='word_1_244' title='bbox 1895 2255 2032 2309; x_wconf 90' lang='lat' dir='ltr'><strong>sim-</strong></span> 
     </span>
    </p>
   </div>
   <div class='ocr_carea' id='block_1_36' title="bbox 460 2338 2028 2412">
    <p class='ocr_par' dir='ltr' id='par_1_36' title="bbox 460 2338 2028 2412">
     <span class='ocr_line' id='line_1_36' title="bbox 460 2338 2028 2412; baseline 0.008 -24"><span class='ocrx_word' id='word_1_245' title='bbox 460 2338 678 2406; x_wconf 86' lang='lat' dir='ltr'><strong>pliciter</strong></span> <span class='ocrx_word' id='word_1_246' title='bbox 716 2355 895 2410; x_wconf 91' lang='lat' dir='ltr'><strong>neque</strong></span> <span class='ocrx_word' id='word_1_247' title='bbox 923 2340 1152 2397; x_wconf 86' lang='lat' dir='ltr'><strong>fortuito</strong></span> <span class='ocrx_word' id='word_1_248' title='bbox 1178 2343 1384 2398; x_wconf 89' lang='lat' dir='ltr'><strong>nostris</strong></span> <span class='ocrx_word' id='word_1_249' title='bbox 1424 2355 1599 2399; x_wconf 88' lang='lat' dir='ltr'><strong>semet</strong></span> <span class='ocrx_word' id='word_1_250' title='bbox 1637 2344 1815 2400; x_wconf 88' lang='lat' dir='ltr'><strong>oculis</strong></span> <span class='ocrx_word' id='word_1_251' title='bbox 1845 2345 2028 2412; x_wconf 83' lang='lat' dir='ltr'><strong>oﬂert,</strong></span> 
     </span>
    </p>
   </div>
   <div class='ocr_carea' id='block_1_37' title="bbox 459 2429 2032 2504">
    <p class='ocr_par' dir='ltr' id='par_1_37' title="bbox 459 2429 2032 2504">
     <span class='ocr_line' id='line_1_37' title="bbox 459 2429 2032 2504; baseline 0.006 -21"><span class='ocrx_word' id='word_1_252' title='bbox 459 2429 556 2484; x_wconf 88' lang='lat' dir='ltr'><strong>sed</strong></span> <span class='ocrx_word' id='word_1_253' title='bbox 597 2430 780 2499; x_wconf 88' lang='lat' dir='ltr'><strong>pluvia</strong></span> <span class='ocrx_word' id='word_1_254' title='bbox 822 2440 1142 2503; x_wconf 83' lang='lat' dir='ltr'><strong>tempestate</strong></span> <span class='ocrx_word' id='word_1_255' title='bbox 1184 2445 1478 2504; x_wconf 87' lang='lat' dir='ltr'><strong>conspecta</strong></span> <span class='ocrx_word' id='word_1_256' title='bbox 1525 2436 1876 2492; x_wconf 89' lang='lat' dir='ltr'><strong>serenitatem</strong></span> <span class='ocrx_word' id='word_1_257' title='bbox 1926 2437 2032 2493; x_wconf 84' lang='lat' dir='ltr'><strong>fert</strong></span> 
     </span>
    </p>
   </div>
   <div class='ocr_carea' id='block_1_38' title="bbox 458 2525 2029 2598">
    <p class='ocr_par' dir='ltr' id='par_1_38' title="bbox 458 2525 2029 2598">
     <span class='ocr_line' id='line_1_38' title="bbox 458 2525 2029 2598; baseline 0.006 -22"><span class='ocrx_word' id='word_1_258' title='bbox 458 2537 668 2589; x_wconf 81' lang='lat' dir='ltr'><strong>secum,</strong></span> <span class='ocrx_word' id='word_1_259' title='bbox 707 2539 928 2591; x_wconf 88' lang='lat' dir='ltr'><strong>serena,</strong></span> <span class='ocrx_word' id='word_1_260' title='bbox 970 2525 1210 2596; x_wconf 84' lang='lat' dir='ltr'><strong>pluviam</strong></span> <span class='ocrx_word' id='word_1_261' title='bbox 1257 2526 1525 2598; x_wconf 77' lang='lat' dir='ltr'><strong>designat.</strong></span> <span class='ocrx_word' id='word_1_262' title='bbox 1556 2529 1682 2583; x_wconf 72' lang='lat' dir='ltr'><strong>Haec</strong></span> <span class='ocrx_word' id='word_1_263' title='bbox 1708 2529 1852 2584; x_wconf 84' lang='lat' dir='ltr'><strong>enim</strong></span> <span class='ocrx_word' id='word_1_264' title='bbox 1886 2528 2029 2585; x_wconf 87' lang='lat' dir='ltr'><strong>Deus</strong></span> 
     </span>
    </p>
   </div>
   <div class='ocr_carea' id='block_1_39' title="bbox 462 2613 1039 2684">
    <p class='ocr_par' dir='ltr' id='par_1_39' title="bbox 462 2613 1039 2684">
     <span class='ocr_line' id='line_1_39' title="bbox 462 2613 1039 2684; baseline 0.01 -18"><span class='ocrx_word' id='word_1_265' title='bbox 462 2613 515 2667; x_wconf 92' lang='lat' dir='ltr'><strong>in</strong></span> <span class='ocrx_word' id='word_1_266' title='bbox 545 2615 700 2684; x_wconf 87' lang='lat' dir='ltr'><strong>signa</strong></span> <span class='ocrx_word' id='word_1_267' title='bbox 729 2617 1039 2672; x_wconf 90' lang='lat' dir='ltr'><strong>constituit.</strong></span> 
     </span>
    </p>
   </div>
   <div class='ocr_carea' id='block_1_40' title="bbox 530 2708 2029 2783">
    <p class='ocr_par' dir='ltr' id='par_1_40' title="bbox 530 2708 2029 2783">
     <span class='ocr_line' id='line_1_40' title="bbox 530 2708 2029 2783; baseline 0.005 -21"><span class='ocrx_word' id='word_1_268' title='bbox 530 2708 595 2762; x_wconf 83' lang='lat' dir='ltr'><strong>Et</strong></span> <span class='ocrx_word' id='word_1_269' title='bbox 625 2719 776 2764; x_wconf 86' lang='lat' dir='ltr'><strong>caret</strong></span> <span class='ocrx_word' id='word_1_270' title='bbox 821 2709 921 2764; x_wconf 89' lang='lat' dir='ltr'><strong>iris</strong></span> <span class='ocrx_word' id='word_1_271' title='bbox 969 2711 1208 2767; x_wconf 85' lang='lat' dir='ltr'><strong>essentia</strong></span> <span class='ocrx_word' id='word_1_272' title='bbox 1264 2711 1529 2782; x_wconf 87' lang='lat' dir='ltr'><strong>peculiari</strong></span> <span class='ocrx_word' id='word_1_273' title='bbox 1568 2727 1689 2780; x_wconf 87' lang='lat' dir='ltr'><strong>sua,</strong></span> <span class='ocrx_word' id='word_1_274' title='bbox 1737 2713 2029 2783; x_wconf 86' lang='lat' dir='ltr'><strong>solumque</strong></span> 
     </span>
    </p>
   </div>
   <div class='ocr_carea' id='block_1_41' title="bbox 457 2799 2030 2874">
    <p class='ocr_par' dir='ltr' id='par_1_41' title="bbox 457 2799 2030 2874">
     <span class='ocr_line' id='line_1_41' title="bbox 457 2799 2030 2874; baseline 0.006 -25"><span class='ocrx_word' id='word_1_275' title='bbox 457 2800 672 2863; x_wconf 76' lang='lat' dir='ltr'><strong>species</strong></span> <span class='ocrx_word' id='word_1_276' title='bbox 725 2799 974 2869; x_wconf 70' lang='lat' dir='ltr'><strong>quaedam</strong></span> <span class='ocrx_word' id='word_1_277' title='bbox 1043 2810 1126 2855; x_wconf 90' lang='lat' dir='ltr'><strong>est</strong></span> <span class='ocrx_word' id='word_1_278' title='bbox 1171 2801 1491 2872; x_wconf 74' lang='lat' dir='ltr'><strong>imaginaria</strong></span> <span class='ocrx_word' id='word_1_279' title='bbox 1537 2803 1816 2858; x_wconf 91' lang='lat' dir='ltr'><strong>cernentis</strong></span> <span class='ocrx_word' id='word_1_280' title='bbox 1871 2819 2030 2874; x_wconf 79' lang='lat' dir='ltr'><strong>aspe-</strong></span> 
     </span>
    </p>
   </div>
   <div class='ocr_carea' id='block_1_42' title="bbox 453 2891 2026 2964">
    <p class='ocr_par' dir='ltr' id='par_1_42' title="bbox 453 2891 2026 2964">
     <span class='ocr_line' id='line_1_42' title="bbox 453 2891 2026 2964; baseline 0.003 -18"><span class='ocrx_word' id='word_1_281' title='bbox 453 2903 604 2951; x_wconf 71' lang='lat' dir='ltr'><strong>C&#39;us,</strong></span> <span class='ocrx_word' id='word_1_282' title='bbox 636 2899 755 2946; x_wconf 87' lang='lat' dir='ltr'><strong>orta</strong></span> <span class='ocrx_word' id='word_1_283' title='bbox 808 2891 875 2946; x_wconf 91' lang='lat' dir='ltr'><strong>de</strong></span> <span class='ocrx_word' id='word_1_284' title='bbox 910 2892 1025 2948; x_wconf 86' lang='lat' dir='ltr'><strong>sole</strong></span> <span class='ocrx_word' id='word_1_285' title='bbox 1076 2892 1130 2948; x_wconf 92' lang='lat' dir='ltr'><strong>in</strong></span> <span class='ocrx_word' id='word_1_286' title='bbox 1189 2893 1366 2948; x_wconf 92' lang='lat' dir='ltr'><strong>nubes</strong></span> <span class='ocrx_word' id='word_1_287' title='bbox 1411 2894 1650 2964; x_wconf 90' lang='lat' dir='ltr'><strong>partium</strong></span> <span class='ocrx_word' id='word_1_288' title='bbox 1679 2893 2026 2951; x_wconf 82' lang='lat' dir='ltr'><strong>diversarum</strong></span> 
     </span>
    </p>
   </div>
   <div class='ocr_carea' id='block_1_43' title="bbox 455 2981 2028 3054">
    <p class='ocr_par' dir='ltr' id='par_1_43' title="bbox 455 2981 2028 3054">
     <span class='ocr_line' id='line_1_43' title="bbox 455 2981 2028 3054; baseline 0.004 -20"><span class='ocrx_word' id='word_1_289' title='bbox 455 2981 752 3037; x_wconf 76' lang='lat' dir='ltr'><strong>incidente.</strong></span> <span class='ocrx_word' id='word_1_290' title='bbox 788 2981 980 3039; x_wconf 89' lang='lat' dir='ltr'><strong>Itidem</strong></span> <span class='ocrx_word' id='word_1_291' title='bbox 1007 2982 1193 3037; x_wconf 90' lang='lat' dir='ltr'><strong>lumen</strong></span> <span class='ocrx_word' id='word_1_292' title='bbox 1217 2983 1468 3039; x_wconf 88' lang='lat' dir='ltr'><strong>ambiens</strong></span> <span class='ocrx_word' id='word_1_293' title='bbox 1494 2999 1623 3040; x_wconf 90' lang='lat' dir='ltr'><strong>area</strong></span> <span class='ocrx_word' id='word_1_294' title='bbox 1650 2985 1836 3054; x_wconf 90' lang='lat' dir='ltr'><strong>specie</strong></span> <span class='ocrx_word' id='word_1_295' title='bbox 1869 2993 2028 3041; x_wconf 91' lang='lat' dir='ltr'><strong>tenus</strong></span> 
     </span>
    </p>
   </div>
   <div class='ocr_carea' id='block_1_44' title="bbox 454 3071 2099 3159">
    <p class='ocr_par' dir='ltr' id='par_1_44' title="bbox 454 3071 2099 3159">
     <span class='ocr_line' id='line_1_44' title="bbox 454 3071 2099 3159; baseline 0.004 -35"><span class='ocrx_word' id='word_1_296' title='bbox 454 3071 704 3134; x_wconf 81' lang='lat' dir='ltr'><strong>exsistit,</strong></span> <span class='ocrx_word' id='word_1_297' title='bbox 732 3087 857 3126; x_wconf 92' lang='lat' dir='ltr'><strong>eum</strong></span> <span class='ocrx_word' id='word_1_298' title='bbox 904 3087 1099 3142; x_wconf 84' lang='lat' dir='ltr'><strong>reapse</strong></span> <span class='ocrx_word' id='word_1_299' title='bbox 1137 3072 1274 3128; x_wconf 87' lang='lat' dir='ltr'><strong>nihil</strong></span> <span class='ocrx_word' id='word_1_300' title='bbox 1315 3073 1389 3129; x_wconf 89' lang='lat' dir='ltr'><strong>sit</strong></span> <span class='ocrx_word' id='word_1_301' title='bbox 1422 3074 1602 3144; x_wconf 90' lang='lat' dir='ltr'><strong>deque</strong></span> <span class='ocrx_word' id='word_1_302' title='bbox 1651 3085 1907 3144; x_wconf 88' lang='lat' dir='ltr'><strong>aspectus</strong></span> <span class='ocrx_word' id='word_1_303' title='bbox 1941 3091 2027 3130; x_wconf 84' lang='lat' dir='ltr'><strong>re-</strong></span> <span class='ocrx_word' id='word_1_304' title='bbox 2054 3098 2099 3159; x_wconf 72' lang='grc' dir='ltr'>ο</span> 
     </span>
    </p>
   </div>
   <div class='ocr_carea' id='block_1_45' title="bbox 455 3162 2029 3236">
    <p class='ocr_par' dir='ltr' id='par_1_45' title="bbox 455 3162 2029 3236">
     <span class='ocr_line' id='line_1_45' title="bbox 455 3162 2029 3236; baseline 0.003 -20"><span class='ocrx_word' id='word_1_305' title='bbox 455 3163 726 3217; x_wconf 89' lang='lat' dir='ltr'><strong>fractione</strong></span> <span class='ocrx_word' id='word_1_306' title='bbox 765 3163 996 3217; x_wconf 87' lang='lat' dir='ltr'><strong>oriatur.</strong></span> <span class='ocrx_word' id='word_1_307' title='bbox 1042 3162 1114 3220; x_wconf 84' lang='lat' dir='ltr'><strong>At</strong></span> <span class='ocrx_word' id='word_1_308' title='bbox 1157 3178 1288 3219; x_wconf 89' lang='lat' dir='ltr'><strong>vero</strong></span> <span class='ocrx_word' id='word_1_309' title='bbox 1322 3163 1559 3236; x_wconf 75' lang='lat' dir='ltr'><strong>fulguris</strong></span> <span class='ocrx_word' id='word_1_310' title='bbox 1602 3167 1744 3235; x_wconf 84' lang='lat' dir='ltr'><strong>ignis</strong></span> <span class='ocrx_word' id='word_1_311' title='bbox 1789 3167 2029 3222; x_wconf 86' lang='lat' dir='ltr'><strong>essentia</strong></span> 
     </span>
    </p>
   </div>
   <div class='ocr_carea' id='block_1_46' title="bbox 455 3256 2029 3324">
    <p class='ocr_par' dir='ltr' id='par_1_46' title="bbox 455 3256 2029 3324">
     <span class='ocr_line' id='line_1_46' title="bbox 455 3256 2029 3324; baseline 0.006 -19"><span class='ocrx_word' id='word_1_312' title='bbox 455 3256 721 3324; x_wconf 75' lang='lat' dir='ltr'><strong>peculiari</strong></span> <span class='ocrx_word' id='word_1_313' title='bbox 777 3271 886 3311; x_wconf 87' lang='lat' dir='ltr'><strong>non</strong></span> <span class='ocrx_word' id='word_1_314' title='bbox 934 3266 1106 3321; x_wconf 88' lang='lat' dir='ltr'><strong>caret,</strong></span> <span class='ocrx_word' id='word_1_315' title='bbox 1155 3258 1372 3314; x_wconf 89' lang='lat' dir='ltr'><strong>tametsi</strong></span> <span class='ocrx_word' id='word_1_316' title='bbox 1409 3257 1514 3313; x_wconf 93' lang='lat' dir='ltr'><strong>vim</strong></span> <span class='ocrx_word' id='word_1_317' title='bbox 1549 3259 1744 3314; x_wconf 91' lang='lat' dir='ltr'><strong>urendi</strong></span> <span class='ocrx_word' id='word_1_318' title='bbox 1775 3274 1882 3314; x_wconf 92' lang='lat' dir='ltr'><strong>non</strong></span> <span class='ocrx_word' id='word_1_319' title='bbox 1932 3260 2029 3315; x_wconf 81' lang='lat' dir='ltr'><strong>lia-</strong></span> 
     </span>
    </p>
   </div>
   <div class='ocr_carea' id='block_1_47' title="bbox 458 3343 2028 3417">
    <p class='ocr_par' dir='ltr' id='par_1_47' title="bbox 458 3343 2028 3417">
     <span class='ocr_line' id='line_1_47' title="bbox 458 3343 2028 3417; baseline 0.004 -20"><span class='ocrx_word' id='word_1_320' title='bbox 458 3349 600 3399; x_wconf 53' lang='lat' dir='ltr'><strong>Iicat.</strong></span> <span class='ocrx_word' id='word_1_321' title='bbox 633 3343 845 3398; x_wconf 87' lang='lat' dir='ltr'><strong>Etenim</strong></span> <span class='ocrx_word' id='word_1_322' title='bbox 881 3347 999 3416; x_wconf 85' lang='lat' dir='ltr'><strong>ejus</strong></span> <span class='ocrx_word' id='word_1_323' title='bbox 1030 3355 1220 3399; x_wconf 83' lang='lat' dir='ltr'><strong>natura</strong></span> <span class='ocrx_word' id='word_1_324' title='bbox 1247 3347 1487 3417; x_wconf 86' lang='lat' dir='ltr'><strong>partium</strong></span> <span class='ocrx_word' id='word_1_325' title='bbox 1516 3356 1602 3403; x_wconf 88' lang='lat' dir='ltr'><strong>est</strong></span> <span class='ocrx_word' id='word_1_326' title='bbox 1637 3348 1943 3413; x_wconf 87' lang='lat' dir='ltr'><strong>subtilium,</strong></span> <span class='ocrx_word' id='word_1_327' title='bbox 1975 3356 2028 3403; x_wconf 85' lang='lat' dir='ltr'><strong>et</strong></span> 
     </span>
    </p>
   </div>
   <div class='ocr_carea' id='block_1_48' title="bbox 455 3436 2030 3508">
    <p class='ocr_par' dir='ltr' id='par_1_48' title="bbox 455 3436 2030 3508">
     <span class='ocr_line' id='line_1_48' title="bbox 455 3436 2030 3508; baseline 0.003 -16"><span class='ocrx_word' id='word_1_328' title='bbox 455 3451 688 3506; x_wconf 88' lang='lat' dir='ltr'><strong>corpora</strong></span> <span class='ocrx_word' id='word_1_329' title='bbox 720 3436 974 3494; x_wconf 74' lang='lat' dir='ltr'><strong>celeriter</strong></span> <span class='ocrx_word' id='word_1_330' title='bbox 1000 3442 1262 3508; x_wconf 81' lang='lat' dir='ltr'><strong>pr.cterit.</strong></span> <span class='ocrx_word' id='word_1_331' title='bbox 1289 3441 1407 3506; x_wconf 87' lang='lat' dir='ltr'><strong>Quo</strong></span> <span class='ocrx_word' id='word_1_332' title='bbox 1450 3438 1509 3493; x_wconf 85' lang='lat' dir='ltr'><strong>fit</strong></span> <span class='ocrx_word' id='word_1_333' title='bbox 1545 3448 1604 3494; x_wconf 93' lang='lat' dir='ltr'><strong>ut</strong></span> <span class='ocrx_word' id='word_1_334' title='bbox 1648 3455 1711 3494; x_wconf 90' lang='lat' dir='ltr'><strong>ea</strong></span> <span class='ocrx_word' id='word_1_335' title='bbox 1763 3455 1862 3496; x_wconf 91' lang='lat' dir='ltr'><strong>nec</strong></span> <span class='ocrx_word' id='word_1_336' title='bbox 1907 3451 2030 3496; x_wconf 90' lang='lat' dir='ltr'><strong>urat</strong></span> 
     </span>
    </p>
   </div>
   <div class='ocr_carea' id='block_1_49' title="bbox 458 3527 2025 3602">
    <p class='ocr_par' dir='ltr' id='par_1_49' title="bbox 458 3527 2025 3602">
     <span class='ocr_line' id='line_1_49' title="bbox 458 3527 2025 3602; baseline 0.001 -19"><span class='ocrx_word' id='word_1_337' title='bbox 458 3542 560 3584; x_wconf 73' lang='lat' dir='ltr'><strong>nec</strong></span> <span class='ocrx_word' id='word_1_338' title='bbox 596 3527 867 3595; x_wconf 84' lang='lat' dir='ltr'><strong>denigret.</strong></span> <span class='ocrx_word' id='word_1_339' title='bbox 896 3528 1220 3600; x_wconf 84' lang='lat' dir='ltr'><strong>Quanquam</strong></span> <span class='ocrx_word' id='word_1_340' title='bbox 1254 3531 1404 3587; x_wconf 87' lang='lat' dir='ltr'><strong>enim</strong></span> <span class='ocrx_word' id='word_1_341' title='bbox 1453 3531 1767 3602; x_wconf 87' lang='lat' dir='ltr'><strong>hujusmodi</strong></span> <span class='ocrx_word' id='word_1_342' title='bbox 1817 3530 2025 3587; x_wconf 86' lang='lat' dir='ltr'><strong>fulmen</strong></span> 
     </span>
    </p>
   </div>
   <div class='ocr_carea' id='block_1_50' title="bbox 457 3621 2026 3696">
    <p class='ocr_par' dir='ltr' id='par_1_50' title="bbox 457 3621 2026 3696">
     <span class='ocr_line' id='line_1_50' title="bbox 457 3621 2026 3696; baseline 0.002 -22"><span class='ocrx_word' id='word_1_343' title='bbox 457 3621 600 3689; x_wconf 82' lang='lat' dir='ltr'><strong>ignis</strong></span> <span class='ocrx_word' id='word_1_344' title='bbox 633 3629 754 3685; x_wconf 86' lang='lat' dir='ltr'><strong>est,</strong></span> <span class='ocrx_word' id='word_1_345' title='bbox 806 3630 860 3676; x_wconf 91' lang='lat' dir='ltr'><strong>et</strong></span> <span class='ocrx_word' id='word_1_346' title='bbox 909 3636 938 3676; x_wconf 91' lang='lat' dir='ltr'><strong>a</strong></span> <span class='ocrx_word' id='word_1_347' title='bbox 994 3632 1192 3680; x_wconf 87' lang='lat' dir='ltr'><strong>natura</strong></span> <span class='ocrx_word' id='word_1_348' title='bbox 1227 3623 1280 3679; x_wconf 91' lang='lat' dir='ltr'><strong>vi</strong></span> <span class='ocrx_word' id='word_1_349' title='bbox 1331 3625 1616 3696; x_wconf 68' lang='lat' dir='ltr'><strong>praeditum</strong></span> <span class='ocrx_word' id='word_1_350' title='bbox 1677 3634 1762 3680; x_wconf 91' lang='lat' dir='ltr'><strong>est</strong></span> <span class='ocrx_word' id='word_1_351' title='bbox 1807 3625 2026 3690; x_wconf 88' lang='lat' dir='ltr'><strong>urendi,</strong></span> 
     </span>
    </p>
   </div>
   <div class='ocr_carea' id='block_1_51' title="bbox 454 3700 2027 3784">
    <p class='ocr_par' dir='ltr' id='par_1_51' title="bbox 454 3700 2027 3784">
     <span class='ocr_line' id='line_1_51' title="bbox 454 3700 2027 3784; baseline 0.006 -21"><span class='ocrx_word' id='word_1_352' title='bbox 454 3721 637 3765; x_wconf 88' lang='lat' dir='ltr'><strong>tamen</strong></span> <span class='ocrx_word' id='word_1_353' title='bbox 669 3700 790 3781; x_wconf 85' lang='lat' dir='ltr'><strong>ejus</strong></span> <span class='ocrx_word' id='word_1_354' title='bbox 833 3711 1107 3768; x_wconf 81' lang='lat' dir='ltr'><strong>subtilitas</strong></span> <span class='ocrx_word' id='word_1_355' title='bbox 1155 3722 1214 3770; x_wconf 91' lang='lat' dir='ltr'><strong>et</strong></span> <span class='ocrx_word' id='word_1_356' title='bbox 1261 3723 1522 3784; x_wconf 84' lang='lat' dir='ltr'><strong>praeterea</strong></span> <span class='ocrx_word' id='word_1_357' title='bbox 1573 3715 1868 3780; x_wconf 77' lang='lat' dir='ltr'><strong>celeritas,</strong></span> <span class='ocrx_word' id='word_1_358' title='bbox 1917 3731 2027 3772; x_wconf 92' lang='lat' dir='ltr'><strong>non</strong></span> 
     </span>
    </p>
   </div>
   <div class='ocr_carea' id='block_1_52' title="bbox 453 3794 2031 3878">
    <p class='ocr_par' dir='ltr' id='par_1_52' title="bbox 453 3794 2031 3878">
     <span class='ocr_line' id='line_1_52' title="bbox 453 3794 2031 3878; baseline 0.004 -22"><span class='ocrx_word' id='word_1_359' title='bbox 453 3801 545 3856; x_wconf 91' lang='lat' dir='ltr'><strong>diu</strong></span> <span class='ocrx_word' id='word_1_360' title='bbox 575 3794 905 3873; x_wconf 86' lang='lat' dir='ltr'><strong>corporibus</strong></span> <span class='ocrx_word' id='word_1_361' title='bbox 950 3804 1248 3872; x_wconf 64' lang='lat' dir='ltr'><strong>inhaerens,</strong></span> <span class='ocrx_word' id='word_1_362' title='bbox 1291 3806 1459 3862; x_wconf 67' lang='lat' dir='ltr'><strong>illaesa</strong></span> <span class='ocrx_word' id='word_1_363' title='bbox 1491 3807 1774 3878; x_wconf 88' lang='lat' dir='ltr'><strong>relinquit.</strong></span> <span class='ocrx_word' id='word_1_364' title='bbox 1808 3806 2031 3863; x_wconf 87' lang='lat' dir='ltr'><strong>Prester</strong></span> 
     </span>
    </p>
   </div>
   <div class='ocr_carea' id='block_1_53' title="bbox 454 3897 2028 3967">
    <p class='ocr_par' dir='ltr' id='par_1_53' title="bbox 454 3897 2028 3967">
     <span class='ocr_line' id='line_1_53' title="bbox 454 3897 2028 3967; baseline 0.004 -21"><span class='ocrx_word' id='word_1_365' title='bbox 454 3910 606 3959; x_wconf 84' lang='lat' dir='ltr'><strong>vero,</strong></span> <span class='ocrx_word' id='word_1_366' title='bbox 638 3897 781 3951; x_wconf 89' lang='lat' dir='ltr'><strong>sicut</strong></span> <span class='ocrx_word' id='word_1_367' title='bbox 830 3897 1006 3967; x_wconf 80' lang='lat' dir='ltr'><strong>ipSum</strong></span> <span class='ocrx_word' id='word_1_368' title='bbox 1038 3897 1202 3951; x_wconf 87' lang='lat' dir='ltr'><strong>etiam</strong></span> <span class='ocrx_word' id='word_1_369' title='bbox 1235 3913 1433 3956; x_wconf 91' lang='lat' dir='ltr'><strong>nomen</strong></span> <span class='ocrx_word' id='word_1_370' title='bbox 1465 3898 1698 3963; x_wconf 90' lang='lat' dir='ltr'><strong>indicat,</strong></span> <span class='ocrx_word' id='word_1_371' title='bbox 1739 3898 1924 3954; x_wconf 90' lang='lat' dir='ltr'><strong>adurit</strong></span> <span class='ocrx_word' id='word_1_372' title='bbox 1965 3914 2028 3953; x_wconf 91' lang='lat' dir='ltr'><strong>ea</strong></span> 
     </span>
    </p>
   </div>
   <div class='ocr_carea' id='block_1_54' title="bbox 453 3981 2027 4059">
    <p class='ocr_par' dir='ltr' id='par_1_54' title="bbox 453 3981 2027 4059">
     <span class='ocr_line' id='line_1_54' title="bbox 453 3981 2027 4059; baseline 0.003 -19"><span class='ocrx_word' id='word_1_373' title='bbox 453 4002 685 4056; x_wconf 90' lang='lat' dir='ltr'><strong>corpora</strong></span> <span class='ocrx_word' id='word_1_374' title='bbox 719 4003 841 4056; x_wconf 72' lang='lat' dir='ltr'><strong>qute</strong></span> <span class='ocrx_word' id='word_1_375' title='bbox 868 3981 1129 4057; x_wconf 74' lang='lat' dir='ltr'><strong>attigerit.</strong></span> <span class='ocrx_word' id='word_1_376' title='bbox 1153 3988 1222 4043; x_wconf 88' lang='lat' dir='ltr'><strong>Et</strong></span> <span class='ocrx_word' id='word_1_377' title='bbox 1241 3990 1424 4044; x_wconf 87' lang='lat' dir='ltr'><strong>adurit</strong></span> <span class='ocrx_word' id='word_1_378' title='bbox 1453 3999 1740 4059; x_wconf 84' lang='lat' dir='ltr'><strong>propterea</strong></span> <span class='ocrx_word' id='word_1_379' title='bbox 1769 3990 1914 4059; x_wconf 89' lang='lat' dir='ltr'><strong>quod</strong></span> <span class='ocrx_word' id='word_1_380' title='bbox 1935 4005 2027 4044; x_wconf 89' lang='lat' dir='ltr'><strong>se-</strong></span> 
     </span>
    </p>
   </div>
   <div class='ocr_carea' id='block_1_55' title="bbox 452 4077 2028 4150">
    <p class='ocr_par' dir='ltr' id='par_1_55' title="bbox 452 4077 2028 4150">
     <span class='ocr_line' id='line_1_55' title="bbox 452 4077 2028 4150; baseline 0.001 -18"><span class='ocrx_word' id='word_1_381' title='bbox 452 4094 576 4133; x_wconf 90' lang='lat' dir='ltr'><strong>cum</strong></span> <span class='ocrx_word' id='word_1_382' title='bbox 611 4077 791 4133; x_wconf 85' lang='lat' dir='ltr'><strong>trahat</strong></span> <span class='ocrx_word' id='word_1_383' title='bbox 824 4091 855 4133; x_wconf 90' lang='lat' dir='ltr'><strong>e</strong></span> <span class='ocrx_word' id='word_1_384' title='bbox 881 4077 1025 4133; x_wconf 90' lang='lat' dir='ltr'><strong>nube</strong></span> <span class='ocrx_word' id='word_1_385' title='bbox 1049 4080 1333 4135; x_wconf 89' lang='lat' dir='ltr'><strong>materiem</strong></span> <span class='ocrx_word' id='word_1_386' title='bbox 1357 4079 1649 4150; x_wconf 88' lang='lat' dir='ltr'><strong>quamdam</strong></span> <span class='ocrx_word' id='word_1_387' title='bbox 1673 4081 2028 4147; x_wconf 88' lang='lat' dir='ltr'><strong>crassiorem,</strong></span> 
     </span>
    </p>
   </div>
   <div class='ocr_carea' id='block_1_56' title="bbox 450 4169 2030 4241">
    <p class='ocr_par' dir='ltr' id='par_1_56' title="bbox 450 4169 2030 4241">
     <span class='ocr_line' id='line_1_56' title="bbox 450 4169 2030 4241; baseline 0.001 -16"><span class='ocrx_word' id='word_1_388' title='bbox 450 4184 684 4240; x_wconf 81' lang='lat' dir='ltr'><strong>eamque</strong></span> <span class='ocrx_word' id='word_1_389' title='bbox 729 4169 1054 4225; x_wconf 89' lang='lat' dir='ltr'><strong>inﬂammet.</strong></span> <span class='ocrx_word' id='word_1_390' title='bbox 1089 4170 1400 4228; x_wconf 80' lang='lat' dir='ltr'><strong>Presterem</strong></span> <span class='ocrx_word' id='word_1_391' title='bbox 1439 4171 1623 4241; x_wconf 89' lang='lat' dir='ltr'><strong>ipsum</strong></span> <span class='ocrx_word' id='word_1_392' title='bbox 1661 4180 1856 4226; x_wconf 90' lang='lat' dir='ltr'><strong>ventus</strong></span> <span class='ocrx_word' id='word_1_393' title='bbox 1890 4187 2030 4241; x_wconf 70' lang='lat' dir='ltr'><strong>prte-</strong></span> 
     </span>
    </p>
   </div>
   <div class='ocr_carea' id='block_1_57' title="bbox 451 4261 2028 4334">
    <p class='ocr_par' dir='ltr' id='par_1_57' title="bbox 451 4261 2028 4334">
     <span class='ocr_line' id='line_1_57' title="bbox 451 4261 2028 4334; baseline 0.001 -18"><span class='ocrx_word' id='word_1_394' title='bbox 451 4262 620 4316; x_wconf 86' lang='lat' dir='ltr'><strong>cedit.</strong></span> <span class='ocrx_word' id='word_1_395' title='bbox 655 4261 812 4319; x_wconf 80' lang='lat' dir='ltr'><strong>Patet</strong></span> <span class='ocrx_word' id='word_1_396' title='bbox 863 4261 969 4318; x_wconf 83' lang='lat' dir='ltr'><strong>hoc</strong></span> <span class='ocrx_word' id='word_1_397' title='bbox 1005 4263 1155 4328; x_wconf 88' lang='lat' dir='ltr'><strong>inde,</strong></span> <span class='ocrx_word' id='word_1_398' title='bbox 1190 4264 1336 4333; x_wconf 90' lang='lat' dir='ltr'><strong>quod</strong></span> <span class='ocrx_word' id='word_1_399' title='bbox 1372 4279 1436 4318; x_wconf 85' lang='lat' dir='ltr'><strong>ea</strong></span> <span class='ocrx_word' id='word_1_400' title='bbox 1471 4278 1591 4332; x_wconf 76' lang='lat' dir='ltr'><strong>qua:</strong></span> <span class='ocrx_word' id='word_1_401' title='bbox 1623 4262 2028 4334; x_wconf 88' lang='lat' dir='ltr'><strong>conﬂagratura</strong></span> 
     </span>
    </p>
   </div>
   <div class='ocr_carea' id='block_1_58' title="bbox 453 4354 2029 4429">
    <p class='ocr_par' dir='ltr' id='par_1_58' title="bbox 453 4354 2029 4429">
     <span class='ocr_line' id='line_1_58' title="bbox 453 4354 2029 4429; baseline 0.003 -22"><span class='ocrx_word' id='word_1_402' title='bbox 453 4362 604 4419; x_wconf 84' lang='lat' dir='ltr'><strong>sunt,</strong></span> <span class='ocrx_word' id='word_1_403' title='bbox 636 4354 789 4424; x_wconf 90' lang='lat' dir='ltr'><strong>prius</strong></span> <span class='ocrx_word' id='word_1_404' title='bbox 819 4369 849 4410; x_wconf 89' lang='lat' dir='ltr'><strong>a</strong></span> <span class='ocrx_word' id='word_1_405' title='bbox 875 4365 1038 4410; x_wconf 88' lang='lat' dir='ltr'><strong>vento</strong></span> <span class='ocrx_word' id='word_1_406' title='bbox 1063 4355 1168 4429; x_wconf 76' lang='lat'><strong>31</strong></span> <span class='ocrx_word' id='word_1_407' title='bbox 1197 4355 1597 4412; x_wconf 86' lang='lat' dir='ltr'><strong>convellantur.</strong></span> <span class='ocrx_word' id='word_1_408' title='bbox 1627 4354 1841 4425; x_wconf 86' lang='lat' dir='ltr'><strong>Quippe</strong></span> <span class='ocrx_word' id='word_1_409' title='bbox 1863 4355 2029 4412; x_wconf 89' lang='lat' dir='ltr'><strong>ﬂatus</strong></span> 
     </span>
    </p>
   </div>
   <div class='ocr_carea' id='block_1_59' title="bbox 2217 1676 3727 1770">
    <p class='ocr_par' dir='ltr' id='par_1_59' title="bbox 2217 1676 3727 1770">
     <span class='ocr_line' id='line_1_59' title="bbox 2217 1676 3727 1770; baseline -0.001 -19"><span class='ocrx_word' id='word_1_410' title='bbox 2217 1695 2414 1752; x_wconf 81' lang='grc' dir='ltr'>Ἐθετο</span> <span class='ocrx_word' id='word_1_411' title='bbox 2462 1695 2562 1768; x_wconf 74' lang='grc' dir='ltr'>μὶν</span> <span class='ocrx_word' id='word_1_412' title='bbox 2601 1691 2696 1752; x_wconf 86' lang='grc' dir='ltr'><strong>οῦν</strong></span> <span class='ocrx_word' id='word_1_413' title='bbox 2729 1698 2810 1762; x_wconf 84' lang='grc' dir='ltr'><strong>είς</strong></span> <span class='ocrx_word' id='word_1_414' title='bbox 2848 1699 3076 1769; x_wconf 72' lang='grc' dir='ltr'>σημεῖα,</span> <span class='ocrx_word' id='word_1_415' title='bbox 3117 1697 3371 1768; x_wconf 79' lang='grc' dir='ltr'>καθάπερ</span> <span class='ocrx_word' id='word_1_416' title='bbox 3413 1697 3657 1770; x_wconf 73' lang='grc' dir='ltr'>εἴρηται,</span> <span class='ocrx_word' id='word_1_417' title='bbox 3691 1676 3727 1728; x_wconf 73' lang='grc' dir='ltr'>δ</span> 
     </span>
    </p>
   </div>
   <div class='ocr_carea' id='block_1_60' title="bbox 2141 1787 3730 1861">
    <p class='ocr_par' dir='ltr' id='par_1_60' title="bbox 2141 1787 3730 1861">
     <span class='ocr_line' id='line_1_60' title="bbox 2141 1787 3730 1861; baseline 0.001 -19"><span class='ocrx_word' id='word_1_418' title='bbox 2141 1788 2274 1852; x_wconf 76' lang='grc' dir='ltr'>Θεὸς</span> <span class='ocrx_word' id='word_1_419' title='bbox 2306 1787 2480 1843; x_wconf 84' lang='grc' dir='ltr'>ταῦτα</span> <span class='ocrx_word' id='word_1_420' title='bbox 2519 1787 2604 1858; x_wconf 84' lang='grc' dir='ltr'><strong>δὴ.</strong></span> <span class='ocrx_word' id='word_1_421' title='bbox 2633 1787 2704 1844; x_wconf 74' lang='grc' dir='ltr'><strong>τὰ</strong></span> <span class='ocrx_word' id='word_1_422' title='bbox 2737 1789 2863 1842; x_wconf 89' lang='grc' dir='ltr'>κατ’</span> <span class='ocrx_word' id='word_1_423' title='bbox 2898 1787 3254 1856; x_wconf 79' lang='grc' dir='ltr'>οὺρανὺν,’ὡς</span> <span class='ocrx_word' id='word_1_424' title='bbox 3302 1788 3556 1844; x_wconf 70' lang='grc' dir='ltr'>εντεῦθεν</span> <span class='ocrx_word' id='word_1_425' title='bbox 3581 1791 3730 1861; x_wconf 72' lang='grc' dir='ltr'>ἡμῖν</span> 
     </span>
    </p>
   </div>
   <div class='ocr_carea' id='block_1_61' title="bbox 2140 1883 3727 1956">
    <p class='ocr_par' dir='ltr' id='par_1_61' title="bbox 2140 1883 3727 1956">
     <span class='ocr_line' id='line_1_61' title="bbox 2140 1883 3727 1956; baseline 0.001 -20"><span class='ocrx_word' id='word_1_426' title='bbox 2140 1883 2445 1953; x_wconf 77' lang='grc' dir='ltr'>ἀσφάλειαν</span> <span class='ocrx_word' id='word_1_427' title='bbox 2491 1884 2552 1938; x_wconf 88' lang='grc' dir='ltr'><strong>ού</strong></span> <span class='ocrx_word' id='word_1_428' title='bbox 2611 1883 2708 1956; x_wconf 85' lang='grc' dir='ltr'><strong>τὴν</strong></span> <span class='ocrx_word' id='word_1_429' title='bbox 2763 1884 3038 1956; x_wconf 77' lang='grc' dir='ltr'>τυχοῦσαν</span> <span class='ocrx_word' id='word_1_430' title='bbox 3104 1885 3520 1954; x_wconf 86' lang='grc' dir='ltr'>προσγίνεσθαι.</span> <span class='ocrx_word' id='word_1_431' title='bbox 3568 1885 3727 1955; x_wconf 79' lang='grc' dir='ltr'>Ὅρα</span> 
     </span>
    </p>
   </div>
   <div class='ocr_carea' id='block_1_62' title="bbox 2141 1975 3727 2048">
    <p class='ocr_par' dir='ltr' id='par_1_62' title="bbox 2141 1975 3727 2048">
     <span class='ocr_line' id='line_1_62' title="bbox 2141 1975 3727 2048; baseline 0.002 -20"><span class='ocrx_word' id='word_1_432' title='bbox 2141 1978 2251 2045; x_wconf 81' lang='grc' dir='ltr'>γὰρ</span> <span class='ocrx_word' id='word_1_433' title='bbox 2285 1975 2364 2028; x_wconf 80' lang='grc' dir='ltr'>ὅτι</span> <span class='ocrx_word' id='word_1_434' title='bbox 2417 1975 2514 2030; x_wconf 77' lang='grc' dir='ltr'>καὶ</span> <span class='ocrx_word' id='word_1_435' title='bbox 2559 1975 2629 2028; x_wconf 72' lang='grc' dir='ltr'>τὰ</span> <span class='ocrx_word' id='word_1_436' title='bbox 2655 1975 2793 2048; x_wconf 75' lang='grc' dir='ltr'>νέφη</span> <span class='ocrx_word' id='word_1_437' title='bbox 2835 1977 3025 2038; x_wconf 79' lang='grc' dir='ltr'>πόκοις</span> <span class='ocrx_word' id='word_1_438' title='bbox 3081 1976 3246 2046; x_wconf 72' lang='grc' dir='ltr'>ιρίων</span> <span class='ocrx_word' id='word_1_439' title='bbox 3300 1975 3542 2046; x_wconf 75' lang='grc' dir='ltr'>φανέντα</span> <span class='ocrx_word' id='word_1_440' title='bbox 3583 1979 3727 2030; x_wconf 76' lang='grc' dir='ltr'>ποτὲ</span> 
     </span>
    </p>
   </div>
   <div class='ocr_carea' id='block_1_63' title="bbox 2140 2066 3729 2138">
    <p class='ocr_par' dir='ltr' id='par_1_63' title="bbox 2140 2066 3729 2138">
     <span class='ocr_line' id='line_1_63' title="bbox 2140 2066 3729 2138; baseline 0.002 -19"><span class='ocrx_word' id='word_1_441' title='bbox 2140 2066 2500 2138; x_wconf 80' lang='grc' dir='ltr'>παραπλήσια</span> <span class='ocrx_word' id='word_1_442' title='bbox 2525 2066 2800 2137; x_wconf 85' lang='grc' dir='ltr'>χειμῶνας</span> <span class='ocrx_word' id='word_1_443' title='bbox 2827 2067 3000 2120; x_wconf 70' lang='grc' dir='ltr'>ἐνίοτε</span> <span class='ocrx_word' id='word_1_444' title='bbox 3024 2068 3514 2138; x_wconf 85' lang='grc' dir='ltr'>προσημαίνουσιν.</span> <span class='ocrx_word' id='word_1_445' title='bbox 3550 2069 3729 2122; x_wconf 73' lang='grc' dir='ltr'>Ἀλλὰ</span> 
     </span>
    </p>
   </div>
   <div class='ocr_carea' id='block_1_64' title="bbox 2139 2155 3729 2230">
    <p class='ocr_par' dir='ltr' id='par_1_64' title="bbox 2139 2155 3729 2230">
     <span class='ocr_line' id='line_1_64' title="bbox 2139 2155 3729 2230; baseline -0.001 -17"><span class='ocrx_word' id='word_1_446' title='bbox 2139 2158 2234 2213; x_wconf 72' lang='grc' dir='ltr'>καὶ</span> <span class='ocrx_word' id='word_1_447' title='bbox 2267 2155 2376 2228; x_wconf 77' lang='grc' dir='ltr'>ἶρις</span> <span class='ocrx_word' id='word_1_448' title='bbox 2426 2156 2587 2228; x_wconf 84' lang='grc' dir='ltr'>αὑτὴ,</span> <span class='ocrx_word' id='word_1_449' title='bbox 2618 2157 2680 2210; x_wconf 79' lang='grc' dir='ltr'><strong>τὸ</strong></span> <span class='ocrx_word' id='word_1_450' title='bbox 2715 2158 2837 2210; x_wconf 82' lang='grc' dir='ltr'>κατ’</span> <span class='ocrx_word' id='word_1_451' title='bbox 2867 2157 3094 2228; x_wconf 81' lang='grc' dir='ltr'>ούρανδν</span> <span class='ocrx_word' id='word_1_452' title='bbox 3142 2157 3347 2230; x_wconf 76' lang='grc' dir='ltr'>δηλαδὴ</span> <span class='ocrx_word' id='word_1_453' title='bbox 3381 2159 3729 2228; x_wconf 82' lang='grc' dir='ltr'>φαινόμενον</span> 
     </span>
    </p>
   </div>
   <div class='ocr_carea' id='block_1_65' title="bbox 2137 2247 3728 2322">
    <p class='ocr_par' dir='ltr' id='par_1_65' title="bbox 2137 2247 3728 2322">
     <span class='ocr_line' id='line_1_65' title="bbox 2137 2247 3728 2322; baseline 0.001 -18"><span class='ocrx_word' id='word_1_454' title='bbox 2137 2248 2314 2319; x_wconf 54' lang='grc' dir='ltr'>τόξάν,</span> <span class='ocrx_word' id='word_1_455' title='bbox 2341 2248 2415 2311; x_wconf 84' lang='grc' dir='ltr'>ὡς</span> <span class='ocrx_word' id='word_1_456' title='bbox 2450 2249 2550 2319; x_wconf 81' lang='grc' dir='ltr'>οὐχ</span> <span class='ocrx_word' id='word_1_457' title='bbox 2588 2247 2775 2313; x_wconf 80' lang='grc' dir='ltr'>ἁπλῶς</span> <span class='ocrx_word' id='word_1_458' title='bbox 2807 2251 2917 2313; x_wconf 84' lang='grc' dir='ltr'>τοῖς</span> <span class='ocrx_word' id='word_1_459' title='bbox 2972 2249 3275 2320; x_wconf 75' lang='grc' dir='ltr'>ὀφθαλμοῖς</span> <span class='ocrx_word' id='word_1_460' title='bbox 3318 2251 3478 2322; x_wconf 76' lang='grc' dir='ltr'>ἡμῶν</span> <span class='ocrx_word' id='word_1_461' title='bbox 3519 2253 3618 2304; x_wconf 73' lang='grc' dir='ltr'>καὶ</span> <span class='ocrx_word' id='word_1_462' title='bbox 3641 2252 3728 2316; x_wconf 70' lang='grc' dir='ltr'><strong>ὡς</strong></span> 
     </span>
    </p>
   </div>
   <div class='ocr_carea' id='block_1_66' title="bbox 2137 2337 3727 2412">
    <p class='ocr_par' dir='ltr' id='par_1_66' title="bbox 2137 2337 3727 2412">
     <span class='ocr_line' id='line_1_66' title="bbox 2137 2337 3727 2412; baseline 0.001 -17"><span class='ocrx_word' id='word_1_463' title='bbox 2137 2343 2295 2412; x_wconf 74' lang='grc' dir='ltr'>ετυχε</span> <span class='ocrx_word' id='word_1_464' title='bbox 2327 2337 2653 2412; x_wconf 76' lang='grc' dir='ltr'>πρόκειται·</span> <span class='ocrx_word' id='word_1_465' title='bbox 2688 2339 2962 2409; x_wconf 84' lang='grc' dir='ltr'>χειμῶνος</span> <span class='ocrx_word' id='word_1_466' title='bbox 3007 2339 3110 2409; x_wconf 71' lang='grc' dir='ltr'>μὲν</span> <span class='ocrx_word' id='word_1_467' title='bbox 3151 2339 3257 2410; x_wconf 81' lang='grc' dir='ltr'>γὰρ</span> <span class='ocrx_word' id='word_1_468' title='bbox 3305 2339 3446 2410; x_wconf 76' lang='grc' dir='ltr'>αὕτη</span> <span class='ocrx_word' id='word_1_469' title='bbox 3482 2343 3727 2411; x_wconf 79' lang='grc' dir='ltr'>φανεῖσα</span> 
     </span>
    </p>
   </div>
   <div class='ocr_carea' id='block_1_67' title="bbox 2141 2429 3728 2507">
    <p class='ocr_par' dir='ltr' id='par_1_67' title="bbox 2141 2429 3728 2507">
     <span class='ocr_line' id='line_1_67' title="bbox 2141 2429 3728 2507; baseline -0.002 -21"><span class='ocrx_word' id='word_1_470' title='bbox 2141 2431 2407 2507; x_wconf 75' lang='grc' dir='ltr'>εὐδιεινὴν</span> <span class='ocrx_word' id='word_1_471' title='bbox 2449 2429 2708 2503; x_wconf 70' lang='grc' dir='ltr'>ἐπιφέρει</span> <span class='ocrx_word' id='word_1_472' title='bbox 2750 2431 3122 2494; x_wconf 81' lang='grc' dir='ltr'>κατάστασιν,</span> <span class='ocrx_word' id='word_1_473' title='bbox 3177 2430 3364 2494; x_wconf 79' lang='grc' dir='ltr'>εὐδίας</span> <span class='ocrx_word' id='word_1_474' title='bbox 3420 2431 3476 2484; x_wconf 82' lang='grc' dir='ltr'>δὲ</span> <span class='ocrx_word' id='word_1_475' title='bbox 3547 2430 3728 2502; x_wconf 77' lang='grc' dir='ltr'>ούσης</span> 
     </span>
    </p>
   </div>
   <div class='ocr_carea' id='block_1_68' title="bbox 2136 2521 3733 2597">
    <p class='ocr_par' dir='ltr' id='par_1_68' title="bbox 2136 2521 3733 2597">
     <span class='ocr_line' id='line_1_68' title="bbox 2136 2521 3733 2597; baseline -0.001 -18"><span class='ocrx_word' id='word_1_476' title='bbox 2136 2525 2250 2594; x_wconf 82' lang='grc' dir='ltr'>εῐγε</span> <span class='ocrx_word' id='word_1_477' title='bbox 2277 2525 2499 2596; x_wconf 80' lang='grc' dir='ltr'>φανείη,</span> <span class='ocrx_word' id='word_1_478' title='bbox 2527 2522 2772 2597; x_wconf 75' lang='grc' dir='ltr'>χειμῶνα</span> <span class='ocrx_word' id='word_1_479' title='bbox 2802 2522 3115 2576; x_wconf 82' lang='grc' dir='ltr'>τούναντίον</span> <span class='ocrx_word' id='word_1_480' title='bbox 3144 2522 3405 2593; x_wconf 68' lang='grc' dir='ltr'>ἐμήνυσε.</span> <span class='ocrx_word' id='word_1_481' title='bbox 3427 2521 3538 2576; x_wconf 78' lang='grc' dir='ltr'><strong>Καὶ</strong></span> <span class='ocrx_word' id='word_1_482' title='bbox 3563 2521 3733 2577; x_wconf 75' lang='grc' dir='ltr'>ἔθετο</span> 
     </span>
    </p>
   </div>
   <div class='ocr_carea' id='block_1_69' title="bbox 2137 2613 3036 2686">
    <p class='ocr_par' dir='ltr' id='par_1_69' title="bbox 2137 2613 3036 2686">
     <span class='ocr_line' id='line_1_69' title="bbox 2137 2613 3036 2686; baseline -0.003 -17"><span class='ocrx_word' id='word_1_483' title='bbox 2137 2616 2269 2685; x_wconf 78' lang='grc' dir='ltr'>γὰρ,</span> <span class='ocrx_word' id='word_1_484' title='bbox 2309 2615 2466 2686; x_wconf 71' lang='grc' dir='ltr'>φησὶ,</span> <span class='ocrx_word' id='word_1_485' title='bbox 2495 2615 2670 2670; x_wconf 83' lang='grc' dir='ltr'>ταῦτα</span> <span class='ocrx_word' id='word_1_486' title='bbox 2697 2613 3036 2682; x_wconf 78' lang='grc' dir='ltr'>είς-σημεῖα.</span> 
     </span>
    </p>
   </div>
   <div class='ocr_carea' id='block_1_70' title="bbox 2224 2704 3729 2782">
    <p class='ocr_par' dir='ltr' id='par_1_70' title="bbox 2224 2704 3729 2782">
     <span class='ocr_line' id='line_1_70' title="bbox 2224 2704 3729 2782; baseline -0.004 -18"><span class='ocrx_word' id='word_1_487' title='bbox 2224 2709 2372 2764; x_wconf 84' lang='grc' dir='ltr'>Ἀλλ’</span> <span class='ocrx_word' id='word_1_488' title='bbox 2407 2711 2441 2782; x_wconf 82' lang='grc' dir='ltr'><strong>ὴ</strong></span> <span class='ocrx_word' id='word_1_489' title='bbox 2490 2711 2590 2781; x_wconf 73' lang='grc' dir='ltr'>μὲν</span> <span class='ocrx_word' id='word_1_490' title='bbox 2617 2705 2731 2782; x_wconf 71' lang='grc' dir='ltr'>ἶρις</span> <span class='ocrx_word' id='word_1_491' title='bbox 2760 2706 3136 2768; x_wconf 77' lang='grc' dir='ltr'>ἀνυπόστατός</span> <span class='ocrx_word' id='word_1_492' title='bbox 3187 2707 3324 2773; x_wconf 70' lang='grc' dir='ltr'>ἐστι,</span> <span class='ocrx_word' id='word_1_493' title='bbox 3362 2704 3632 2776; x_wconf 84' lang='grc' dir='ltr'>φαντασία</span> <span class='ocrx_word' id='word_1_494' title='bbox 3662 2704 3729 2758; x_wconf 74' lang='grc' dir='ltr'>δὲ</span> 
     </span>
    </p>
   </div>
   <div class='ocr_carea' id='block_1_71' title="bbox 2137 2797 3728 2888">
    <p class='ocr_par' dir='ltr' id='par_1_71' title="bbox 2137 2797 3728 2888">
     <span class='ocr_line' id='line_1_71' title="bbox 2137 2797 3728 2888; baseline -0.003 -33"><span class='ocrx_word' id='word_1_495' title='bbox 2137 2801 2301 2888; x_wconf 78' lang='grc' dir='ltr'>μόνον</span> <span class='ocrx_word' id='word_1_496' title='bbox 2331 2801 2428 2871; x_wconf 85' lang='grc' dir='ltr'>τῆς</span> <span class='ocrx_word' id='word_1_497' title='bbox 2458 2802 2674 2872; x_wconf 81' lang='grc' dir='ltr'>δρώσης</span> <span class='ocrx_word' id='word_1_498' title='bbox 2697 2800 2896 2872; x_wconf 75' lang='grc' dir='ltr'>ὅψεως,</span> <span class='ocrx_word' id='word_1_499' title='bbox 2926 2801 2985 2888; x_wconf 72' lang='grc' dir='ltr'><strong>ἐξ</strong></span> <span class='ocrx_word' id='word_1_500' title='bbox 3017 2797 3172 2872; x_wconf 73' lang='grc' dir='ltr'>ἡλίου</span> <span class='ocrx_word' id='word_1_501' title='bbox 3208 2797 3728 2888; x_wconf 12' lang='grc' dir='ltr'>συνισταμένηῄνέξ</span> 
     </span>
    </p>
   </div>
   <div class='ocr_carea' id='block_1_72' title="bbox 2136 2884 3724 2958">
    <p class='ocr_par' dir='ltr' id='par_1_72' title="bbox 2136 2884 3724 2958">
     <span class='ocr_line' id='line_1_72' title="bbox 2136 2884 3724 2958; baseline -0.004 -16"><span class='ocrx_word' id='word_1_502' title='bbox 2136 2884 2292 2958; x_wconf 87' lang='grc' dir='ltr'>φεσιν</span> <span class='ocrx_word' id='word_1_503' title='bbox 2341 2888 2794 2958; x_wconf 81' lang='grc' dir='ltr'>ἀνομοιομερέσιν</span> <span class='ocrx_word' id='word_1_504' title='bbox 2849 2887 3237 2958; x_wconf 70' lang='grc' dir='ltr'>ἐμπίπτοντος.</span> <span class='ocrx_word' id='word_1_505' title='bbox 3309 2884 3473 2938; x_wconf 70' lang='grc' dir='ltr'>Ἀλλὰ</span> <span class='ocrx_word' id='word_1_506' title='bbox 3523 2886 3620 2938; x_wconf 78' lang='grc' dir='ltr'>καὶ</span> <span class='ocrx_word' id='word_1_507' title='bbox 3684 2885 3724 2955; x_wconf 75' lang='grc' dir='ltr'><strong>ὴ</strong></span> 
     </span>
    </p>
   </div>
   <div class='ocr_carea' id='block_1_73' title="bbox 2135 2975 3727 3052">
    <p class='ocr_par' dir='ltr' id='par_1_73' title="bbox 2135 2975 3727 3052">
     <span class='ocr_line' id='line_1_73' title="bbox 2135 2975 3727 3052; baseline -0.006 -16"><span class='ocrx_word' id='word_1_508' title='bbox 2135 2982 2278 3037; x_wconf 77' lang='grc' dir='ltr'>κατὰ</span> <span class='ocrx_word' id='word_1_509' title='bbox 2309 2979 2536 3052; x_wconf 76' lang='grc' dir='ltr'>σελήνην</span> <span class='ocrx_word' id='word_1_510' title='bbox 2565 2979 2711 3044; x_wconf 69' lang='grc' dir='ltr'>ἅλως</span> <span class='ocrx_word' id='word_1_511' title='bbox 2747 2980 2988 3050; x_wconf 68' lang='grc' dir='ltr'>ἔμφασις</span> <span class='ocrx_word' id='word_1_512' title='bbox 3019 2980 3282 3044; x_wconf 83' lang='grc' dir='ltr'>ὡσαύτως</span> <span class='ocrx_word' id='word_1_513' title='bbox 3309 2977 3479 3038; x_wconf 73' lang='grc' dir='ltr'>εστὶν,</span> <span class='ocrx_word' id='word_1_514' title='bbox 3509 2975 3571 3028; x_wconf 81' lang='grc' dir='ltr'>οὐ</span> <span class='ocrx_word' id='word_1_515' title='bbox 3604 2975 3727 3046; x_wconf 81' lang='grc' dir='ltr'><strong>μὴν</strong></span> 
     </span>
    </p>
   </div>
   <div class='ocr_carea' id='block_1_74' title="bbox 2135 3070 3718 3145">
    <p class='ocr_par' dir='ltr' id='par_1_74' title="bbox 2135 3070 3718 3145">
     <span class='ocr_line' id='line_1_74' title="bbox 2135 3070 3718 3145; baseline -0.004 -17"><span class='ocrx_word' id='word_1_516' title='bbox 2135 3073 2454 3139; x_wconf 80' lang='grc' dir='ltr'>ὑπόστασις,</span> <span class='ocrx_word' id='word_1_517' title='bbox 2487 3075 2546 3141; x_wconf 77' lang='grc' dir='ltr'><strong>ἐξ</strong></span> <span class='ocrx_word' id='word_1_518' title='bbox 2580 3073 2928 3138; x_wconf 83' lang='grc' dir='ltr'>ἀνακλάσεως</span> <span class='ocrx_word' id='word_1_519' title='bbox 2959 3075 3056 3145; x_wconf 79' lang='grc' dir='ltr'>τῆς</span> <span class='ocrx_word' id='word_1_520' title='bbox 3085 3074 3284 3144; x_wconf 78' lang='grc' dir='ltr'>ὅψεως.</span> <span class='ocrx_word' id='word_1_521' title='bbox 3309 3073 3383 3126; x_wconf 86' lang='grc' dir='ltr'><strong>Τὸ</strong></span> <span class='ocrx_word' id='word_1_522' title='bbox 3405 3072 3462 3125; x_wconf 76' lang='grc' dir='ltr'>δὲ</span> <span class='ocrx_word' id='word_1_523' title='bbox 3497 3070 3718 3138; x_wconf 68' lang='grc' dir='ltr'>ἀστρα-</span> 
     </span>
    </p>
   </div>
   <div class='ocr_carea' id='block_1_75' title="bbox 2131 3160 3727 3236">
    <p class='ocr_par' dir='ltr' id='par_1_75' title="bbox 2131 3160 3727 3236">
     <span class='ocr_line' id='line_1_75' title="bbox 2131 3160 3727 3236; baseline 0.001 -19"><span class='ocrx_word' id='word_1_524' title='bbox 2131 3167 2292 3221; x_wconf 88' lang='grc' dir='ltr'>παϊον</span> <span class='ocrx_word' id='word_1_525' title='bbox 2345 3164 2458 3235; x_wconf 86' lang='grc' dir='ltr'><strong>πῦρ</strong></span> <span class='ocrx_word' id='word_1_526' title='bbox 2509 3165 2878 3220; x_wconf 72' lang='grc' dir='ltr'>ἑνυπόστατον</span> <span class='ocrx_word' id='word_1_527' title='bbox 2925 3167 3028 3236; x_wconf 77' lang='grc' dir='ltr'>μέν</span> <span class='ocrx_word' id='word_1_528' title='bbox 3084 3164 3379 3230; x_wconf 63' lang='lat' dir='ltr'><strong>tumebit</strong></span> <span class='ocrx_word' id='word_1_529' title='bbox 3424 3163 3536 3234; x_wconf 72' lang='grc' dir='ltr'>ἔχει</span> <span class='ocrx_word' id='word_1_530' title='bbox 3565 3163 3621 3217; x_wconf 79' lang='grc' dir='ltr'>δὲ</span> <span class='ocrx_word' id='word_1_531' title='bbox 3653 3160 3727 3218; x_wconf 85' lang='grc' dir='ltr'>τὸ</span> 
     </span>
    </p>
   </div>
   <div class='ocr_carea' id='block_1_76' title="bbox 2129 3253 3724 3327">
    <p class='ocr_par' dir='ltr' id='par_1_76' title="bbox 2129 3253 3724 3327">
     <span class='ocr_line' id='line_1_76' title="bbox 2129 3253 3724 3327; baseline 0.001 -21"><span class='ocrx_word' id='word_1_532' title='bbox 2129 3254 2362 3322; x_wconf 73' lang='grc' dir='ltr'>φλέγονσ</span> <span class='ocrx_word' id='word_1_533' title='bbox 2404 3254 2747 3327; x_wconf 80' lang='grc' dir='ltr'>λεπτομερὴς</span> <span class='ocrx_word' id='word_1_534' title='bbox 2775 3255 2885 3327; x_wconf 78' lang='grc' dir='ltr'><strong>γὰρ</strong></span> <span class='ocrx_word' id='word_1_535' title='bbox 2918 3255 3136 3326; x_wconf 83' lang='grc' dir='ltr'>ήούσία</span> <span class='ocrx_word' id='word_1_536' title='bbox 3185 3253 3369 3310; x_wconf 82' lang='grc' dir='ltr'>αὐτοῦ.</span> <span class='ocrx_word' id='word_1_537' title='bbox 3412 3254 3574 3309; x_wconf 83' lang='grc' dir='ltr'>Ἀλλὰ</span> <span class='ocrx_word' id='word_1_538' title='bbox 3615 3256 3724 3310; x_wconf 80' lang='grc' dir='ltr'>καὶ</span> 
     </span>
    </p>
   </div>
   <div class='ocr_carea' id='block_1_77' title="bbox 2128 3343 3724 3418">
    <p class='ocr_par' dir='ltr' id='par_1_77' title="bbox 2128 3343 3724 3418">
     <span class='ocr_line' id='line_1_77' title="bbox 2128 3343 3724 3418; baseline 0.001 -21"><span class='ocrx_word' id='word_1_539' title='bbox 2128 3345 2200 3398; x_wconf 80' lang='grc' dir='ltr'><strong>τὰ</strong></span> <span class='ocrx_word' id='word_1_540' title='bbox 2246 3344 2479 3415; x_wconf 84' lang='grc' dir='ltr'>σώματα</span> <span class='ocrx_word' id='word_1_541' title='bbox 2540 3346 2753 3417; x_wconf 81' lang='grc' dir='ltr'>ταχέως</span> <span class='ocrx_word' id='word_1_542' title='bbox 2816 3348 3177 3418; x_wconf 82' lang='grc' dir='ltr'>παρέρχεται,</span> <span class='ocrx_word' id='word_1_543' title='bbox 3229 3345 3355 3400; x_wconf 84' lang='grc' dir='ltr'>ὅθεν</span> <span class='ocrx_word' id='word_1_544' title='bbox 3396 3343 3520 3399; x_wconf 77' lang='grc' dir='ltr'>οὕτε</span> <span class='ocrx_word' id='word_1_545' title='bbox 3567 3345 3724 3400; x_wconf 84' lang='grc' dir='ltr'>καίει</span> 
     </span>
    </p>
   </div>
   <div class='ocr_carea' id='block_1_78' title="bbox 2129 3434 3722 3510">
    <p class='ocr_par' dir='ltr' id='par_1_78' title="bbox 2129 3434 3722 3510">
     <span class='ocr_line' id='line_1_78' title="bbox 2129 3434 3722 3510; baseline 0.003 -20"><span class='ocrx_word' id='word_1_546' title='bbox 2129 3434 2251 3490; x_wconf 76' lang='grc' dir='ltr'>οὔτε</span> <span class='ocrx_word' id='word_1_547' title='bbox 2289 3435 2533 3506; x_wconf 82' lang='grc' dir='ltr'>μελαίνει</span> <span class='ocrx_word' id='word_1_548' title='bbox 2562 3436 2721 3492; x_wconf 77' lang='grc' dir='ltr'>αὐτὰ.</span> <span class='ocrx_word' id='word_1_549' title='bbox 2755 3438 2817 3491; x_wconf 82' lang='grc' dir='ltr'><strong>ΕΙ</strong></span> <span class='ocrx_word' id='word_1_550' title='bbox 2846 3439 2957 3510; x_wconf 79' lang='grc' dir='ltr'><strong>γὰρ</strong></span> <span class='ocrx_word' id='word_1_551' title='bbox 2986 3438 3080 3492; x_wconf 79' lang='grc' dir='ltr'>καὶ</span> <span class='ocrx_word' id='word_1_552' title='bbox 3123 3436 3236 3508; x_wconf 82' lang='grc' dir='ltr'><strong>πῦρ</strong></span> <span class='ocrx_word' id='word_1_553' title='bbox 3267 3437 3296 3490; x_wconf 81' lang='grc' dir='ltr'><strong>ό</strong></span> <span class='ocrx_word' id='word_1_554' title='bbox 3327 3436 3569 3500; x_wconf 76' lang='grc' dir='ltr'>τοιοῦτός</span> <span class='ocrx_word' id='word_1_555' title='bbox 3591 3438 3722 3493; x_wconf 74' lang='grc' dir='ltr'>ἐστι</span> 
     </span>
    </p>
   </div>
   <div class='ocr_carea' id='block_1_79' title="bbox 2129 3528 3724 3603">
    <p class='ocr_par' dir='ltr' id='par_1_79' title="bbox 2129 3528 3724 3603">
     <span class='ocr_line' id='line_1_79' title="bbox 2129 3528 3724 3603; baseline 0.001 -21"><span class='ocrx_word' id='word_1_556' title='bbox 2129 3528 2398 3599; x_wconf 75' lang='grc' dir='ltr'>κεραυνὸς</span> <span class='ocrx_word' id='word_1_557' title='bbox 2422 3530 2515 3583; x_wconf 83' lang='grc' dir='ltr'>καὶ</span> <span class='ocrx_word' id='word_1_558' title='bbox 2546 3529 2708 3598; x_wconf 86' lang='grc' dir='ltr'>φύσει</span> <span class='ocrx_word' id='word_1_559' title='bbox 2742 3529 2858 3603; x_wconf 76' lang='grc' dir='ltr'>εχει</span> <span class='ocrx_word' id='word_1_560' title='bbox 2887 3531 2950 3584; x_wconf 80' lang='grc' dir='ltr'>τὸ</span> <span class='ocrx_word' id='word_1_561' title='bbox 2988 3529 3186 3598; x_wconf 83' lang='grc' dir='ltr'>καίειν,</span> <span class='ocrx_word' id='word_1_562' title='bbox 3227 3528 3345 3584; x_wconf 78' lang='grc' dir='ltr'>ἀλλ’</span> <span class='ocrx_word' id='word_1_563' title='bbox 3379 3531 3412 3602; x_wconf 82' lang='grc' dir='ltr'><strong>ὴ</strong></span> <span class='ocrx_word' id='word_1_564' title='bbox 3443 3531 3724 3597; x_wconf 74' lang='grc' dir='ltr'>λεπτότης</span> 
     </span>
    </p>
   </div>
   <div class='ocr_carea' id='block_1_80' title="bbox 2129 3619 3723 3694">
    <p class='ocr_par' dir='ltr' id='par_1_80' title="bbox 2129 3619 3723 3694">
     <span class='ocr_line' id='line_1_80' title="bbox 2129 3619 3723 3694; baseline 0 -21"><span class='ocrx_word' id='word_1_565' title='bbox 2129 3619 2320 3686; x_wconf 68' lang='grc' dir='ltr'>αὑτοῦ,</span> <span class='ocrx_word' id='word_1_566' title='bbox 2352 3621 2488 3691; x_wconf 82' lang='grc' dir='ltr'>πρὸς</span> <span class='ocrx_word' id='word_1_567' title='bbox 2517 3621 2574 3675; x_wconf 74' lang='grc' dir='ltr'>δὲ</span> <span class='ocrx_word' id='word_1_568' title='bbox 2605 3622 2700 3676; x_wconf 77' lang='grc' dir='ltr'>καὶ</span> <span class='ocrx_word' id='word_1_569' title='bbox 2727 3622 2760 3694; x_wconf 68' lang='grc' dir='ltr'><strong>η</strong></span> <span class='ocrx_word' id='word_1_570' title='bbox 2799 3622 3041 3693; x_wconf 86' lang='grc' dir='ltr'>ταχύτης</span> <span class='ocrx_word' id='word_1_571' title='bbox 3078 3623 3154 3694; x_wconf 83' lang='grc' dir='ltr'><strong>μὴ</strong></span> <span class='ocrx_word' id='word_1_572' title='bbox 3183 3621 3572 3694; x_wconf 69' lang='grc' dir='ltr'>ἂγχρονίζουσα</span> <span class='ocrx_word' id='word_1_573' title='bbox 3596 3624 3723 3687; x_wconf 87' lang='grc' dir='ltr'>τοῖς</span> 
     </span>
    </p>
   </div>
   <div class='ocr_carea' id='block_1_81' title="bbox 2131 3712 3726 3787">
    <p class='ocr_par' dir='ltr' id='par_1_81' title="bbox 2131 3712 3726 3787">
     <span class='ocr_line' id='line_1_81' title="bbox 2131 3712 3726 3787; baseline -0.001 -20"><span class='ocrx_word' id='word_1_574' title='bbox 2131 3712 2401 3783; x_wconf 82' lang='grc' dir='ltr'>σώμασιν,</span> <span class='ocrx_word' id='word_1_575' title='bbox 2454 3713 2707 3769; x_wconf 79' lang='grc' dir='ltr'>ἇκαυστα</span> <span class='ocrx_word' id='word_1_576' title='bbox 2756 3713 2930 3769; x_wconf 89' lang='grc' dir='ltr'>ταῦτα</span> <span class='ocrx_word' id='word_1_577' title='bbox 2960 3715 3047 3787; x_wconf 71' lang='grc' dir='ltr'><strong>ἑᾷ.</strong></span> <span class='ocrx_word' id='word_1_578' title='bbox 3091 3714 3152 3768; x_wconf 88' lang='lat'><strong>&#39;0</strong></span> <span class='ocrx_word' id='word_1_579' title='bbox 3202 3713 3260 3768; x_wconf 71' lang='grc' dir='ltr'>δὲ</span> <span class='ocrx_word' id='word_1_580' title='bbox 3313 3713 3593 3785; x_wconf 87' lang='grc' dir='ltr'>πρηστὴρ,</span> <span class='ocrx_word' id='word_1_581' title='bbox 3637 3713 3726 3779; x_wconf 79' lang='grc' dir='ltr'><strong>ὡς</strong></span> 
     </span>
    </p>
   </div>
   <div class='ocr_carea' id='block_1_82' title="bbox 2130 3803 3718 3878">
    <p class='ocr_par' dir='ltr' id='par_1_82' title="bbox 2130 3803 3718 3878">
     <span class='ocr_line' id='line_1_82' title="bbox 2130 3803 3718 3878; baseline 0.002 -19"><span class='ocrx_word' id='word_1_582' title='bbox 2130 3804 2225 3859; x_wconf 80' lang='grc' dir='ltr'>καὶ</span> <span class='ocrx_word' id='word_1_583' title='bbox 2253 3803 2382 3858; x_wconf 80' lang='grc' dir='ltr'>αὐτὸ</span> <span class='ocrx_word' id='word_1_584' title='bbox 2409 3804 2559 3876; x_wconf 81' lang='grc' dir='ltr'>δηλοῖ</span> <span class='ocrx_word' id='word_1_585' title='bbox 2573 3805 2922 3878; x_wconf 79' lang='grc' dir='ltr'>τοῦνομα,τὰ</span> <span class='ocrx_word' id='word_1_586' title='bbox 2951 3808 3336 3878; x_wconf 83' lang='grc' dir='ltr'>παρατυχόντα</span> <span class='ocrx_word' id='word_1_587' title='bbox 3365 3807 3718 3878; x_wconf 81' lang='grc' dir='ltr'>καταφλέγει</span> 
     </span>
    </p>
   </div>
   <div class='ocr_carea' id='block_1_83' title="bbox 2133 3895 3721 3968">
    <p class='ocr_par' dir='ltr' id='par_1_83' title="bbox 2133 3895 3721 3968">
     <span class='ocr_line' id='line_1_83' title="bbox 2133 3895 3721 3968; baseline 0.002 -18"><span class='ocrx_word' id='word_1_588' title='bbox 2133 3895 2383 3968; x_wconf 81' lang='grc' dir='ltr'>σώματα.</span> <span class='ocrx_word' id='word_1_589' title='bbox 2415 3898 2764 3968; x_wconf 82' lang='grc' dir='ltr'>Καταφλέγει</span> <span class='ocrx_word' id='word_1_590' title='bbox 2813 3898 2870 3953; x_wconf 68' lang='grc' dir='ltr'>δὲ</span> <span class='ocrx_word' id='word_1_591' title='bbox 2897 3899 2984 3952; x_wconf 65' lang='grc' dir='ltr'><strong>διὰ</strong></span> <span class='ocrx_word' id='word_1_592' title='bbox 3014 3901 3076 3953; x_wconf 86' lang='grc' dir='ltr'>τὸ</span> <span class='ocrx_word' id='word_1_593' title='bbox 3108 3898 3555 3954; x_wconf 79' lang='grc' dir='ltr'>συνεπισπᾶσθαι</span> <span class='ocrx_word' id='word_1_594' title='bbox 3587 3899 3721 3968; x_wconf 83' lang='grc' dir='ltr'>μεθ’</span> 
     </span>
    </p>
   </div>
   <div class='ocr_carea' id='block_1_84' title="bbox 2131 3987 3724 4061">
    <p class='ocr_par' dir='ltr' id='par_1_84' title="bbox 2131 3987 3724 4061">
     <span class='ocr_line' id='line_1_84' title="bbox 2131 3987 3724 4061; baseline 0.001 -21"><span class='ocrx_word' id='word_1_595' title='bbox 2131 3987 2324 4042; x_wconf 71' lang='grc' dir='ltr'>ἑαυτοῦ</span> <span class='ocrx_word' id='word_1_596' title='bbox 2381 3989 2872 4061; x_wconf 81' lang='grc' dir='ltr'>παχυμερεστέραν</span> <span class='ocrx_word' id='word_1_597' title='bbox 2919 3989 3055 4059; x_wconf 82' lang='grc' dir='ltr'>ὕλην</span> <span class='ocrx_word' id='word_1_598' title='bbox 3105 3989 3170 4044; x_wconf 65' lang='grc' dir='ltr'>ἐκ</span> <span class='ocrx_word' id='word_1_599' title='bbox 3221 3988 3316 4043; x_wconf 89' lang='grc' dir='ltr'><strong>τοῦ</strong></span> <span class='ocrx_word' id='word_1_600' title='bbox 3369 3990 3591 4059; x_wconf 78' lang='grc' dir='ltr'>νέφους,</span> <span class='ocrx_word' id='word_1_601' title='bbox 3619 3989 3724 4042; x_wconf 80' lang='grc' dir='ltr'>καὶ</span> 
     </span>
    </p>
   </div>
   <div class='ocr_carea' id='block_1_85' title="bbox 2129 4078 3725 4152">
    <p class='ocr_par' dir='ltr' id='par_1_85' title="bbox 2129 4078 3725 4152">
     <span class='ocr_line' id='line_1_85' title="bbox 2129 4078 3725 4152; baseline 0 -20"><span class='ocrx_word' id='word_1_602' title='bbox 2129 4079 2339 4148; x_wconf 87' lang='grc' dir='ltr'>ταύτην</span> <span class='ocrx_word' id='word_1_603' title='bbox 2391 4079 2725 4152; x_wconf 72' lang='grc' dir='ltr'>ἐκπληροῦν.</span> <span class='ocrx_word' id='word_1_604' title='bbox 2756 4079 2962 4135; x_wconf 83' lang='grc' dir='ltr'>Τούτου</span> <span class='ocrx_word' id='word_1_605' title='bbox 3016 4080 3074 4139; x_wconf 69' lang='grc' dir='ltr'>δὲ</span> <span class='ocrx_word' id='word_1_606' title='bbox 3119 4078 3212 4133; x_wconf 86' lang='grc' dir='ltr'><strong>τοῦ</strong></span> <span class='ocrx_word' id='word_1_607' title='bbox 3247 4079 3571 4151; x_wconf 83' lang='grc' dir='ltr'>πρηστῆρος</span> <span class='ocrx_word' id='word_1_608' title='bbox 3619 4080 3725 4132; x_wconf 76' lang='grc' dir='ltr'>καὶ</span> 
     </span>
    </p>
   </div>
   <div class='ocr_carea' id='block_1_86' title="bbox 2132 4173 3722 4246">
    <p class='ocr_par' dir='ltr' id='par_1_86' title="bbox 2132 4173 3722 4246">
     <span class='ocr_line' id='line_1_86' title="bbox 2132 4173 3722 4246; baseline 0 -18"><span class='ocrx_word' id='word_1_609' title='bbox 2132 4176 2458 4245; x_wconf 79' lang='grc' dir='ltr'>προηγεῖται</span> <span class='ocrx_word' id='word_1_610' title='bbox 2487 4174 2726 4246; x_wconf 86' lang='grc' dir='ltr'>πνεῦμα.</span> <span class='ocrx_word' id='word_1_611' title='bbox 2761 4175 2870 4231; x_wconf 71' lang='grc' dir='ltr'><strong>Καὶ</strong></span> <span class='ocrx_word' id='word_1_612' title='bbox 2904 4174 3064 4246; x_wconf 79' lang='grc' dir='ltr'>δῆλον</span> <span class='ocrx_word' id='word_1_613' title='bbox 3099 4175 3164 4228; x_wconf 69' lang='grc' dir='ltr'><strong>εκ</strong></span> <span class='ocrx_word' id='word_1_614' title='bbox 3202 4173 3302 4230; x_wconf 87' lang='grc' dir='ltr'><strong>τοῦ</strong></span> <span class='ocrx_word' id='word_1_615' title='bbox 3335 4174 3406 4229; x_wconf 74' lang='grc' dir='ltr'><strong>τὰ</strong></span> <span class='ocrx_word' id='word_1_616' title='bbox 3443 4173 3722 4244; x_wconf 81' lang='grc' dir='ltr'>μέλλοντα</span> 
     </span>
    </p>
   </div>
   <div class='ocr_carea' id='block_1_87' title="bbox 2139 4263 3722 4337">
    <p class='ocr_par' dir='ltr' id='par_1_87' title="bbox 2139 4263 3722 4337">
     <span class='ocr_line' id='line_1_87' title="bbox 2139 4263 3722 4337; baseline -0.001 -18"><span class='ocrx_word' id='word_1_617' title='bbox 2139 4267 2522 4337; x_wconf 68' lang='grc' dir='ltr'>ἑμπίπρασθαι</span> <span class='ocrx_word' id='word_1_618' title='bbox 2555 4266 2772 4337; x_wconf 82' lang='grc' dir='ltr'>πρῶτον</span> <span class='ocrx_word' id='word_1_619' title='bbox 2798 4267 2903 4319; x_wconf 80' lang='grc' dir='ltr'>ὑπὸ</span> <span class='ocrx_word' id='word_1_620' title='bbox 2936 4265 3247 4337; x_wconf 81' lang='grc' dir='ltr'>πνεύματος</span> <span class='ocrx_word' id='word_1_621' title='bbox 3279 4263 3619 4337; x_wconf 80' lang='grc' dir='ltr'>ῥήγνυσθαι·</span> <span class='ocrx_word' id='word_1_622' title='bbox 3653 4265 3722 4318; x_wconf 83' lang='grc' dir='ltr'><strong>τὺ</strong></span> 
     </span>
    </p>
   </div>
   <div class='ocr_carea' id='block_1_88' title="bbox 2131 4352 3819 4426">
    <p class='ocr_par' dir='ltr' id='par_1_88' title="bbox 2131 4352 3819 4426">
     <span class='ocr_line' id='line_1_88' title="bbox 2131 4352 3819 4426; baseline -0.001 -19"><span class='ocrx_word' id='word_1_623' title='bbox 2131 4356 2240 4426; x_wconf 84' lang='grc' dir='ltr'>γὰρ</span> <span class='ocrx_word' id='word_1_624' title='bbox 2272 4355 2493 4425; x_wconf 86' lang='grc' dir='ltr'>πνεῦμα</span> <span class='ocrx_word' id='word_1_625' title='bbox 2515 4354 2610 4408; x_wconf 90' lang='grc' dir='ltr'><strong>τοῦ</strong></span> <span class='ocrx_word' id='word_1_626' title='bbox 2641 4354 2960 4426; x_wconf 75' lang='grc' dir='ltr'>πρηστῆρος</span> <span class='ocrx_word' id='word_1_627' title='bbox 3005 4353 3224 4417; x_wconf 84' lang='grc' dir='ltr'>θειῶδες</span> <span class='ocrx_word' id='word_1_628' title='bbox 3251 4352 3314 4406; x_wconf 82' lang='grc' dir='ltr'>ὃν</span> <span class='ocrx_word' id='word_1_629' title='bbox 3346 4353 3576 4423; x_wconf 83' lang='grc' dir='ltr'>πλήττει</span> <span class='ocrx_word' id='word_1_630' title='bbox 3617 4353 3721 4406; x_wconf 68' lang='grc' dir='ltr'><strong>καὶ⁵</strong></span> <span class='ocrx_word' id='word_1_631' title='bbox 3809 4370 3819 4379; x_wconf 88' lang='grc'><strong>·</strong></span> 
     </span>
    </p>
   </div>
   <div class='ocr_carea' id='block_1_89' title="bbox 453 4443 2034 4520">
    <p class='ocr_par' dir='ltr' id='par_1_89' title="bbox 453 4443 2030 4516">
     <span class='ocr_line' id='line_1_89' title="bbox 453 4443 2030 4516; baseline 0.001 -18"><span class='ocrx_word' id='word_1_632' title='bbox 453 4445 546 4499; x_wconf 78' lang='lat' dir='ltr'><strong>ille</strong></span> <span class='ocrx_word' id='word_1_633' title='bbox 598 4446 880 4516; x_wconf 85' lang='lat' dir='ltr'><strong>presteris,</strong></span> <span class='ocrx_word' id='word_1_634' title='bbox 918 4460 1042 4504; x_wconf 87' lang='lat' dir='ltr'><strong>eum</strong></span> <span class='ocrx_word' id='word_1_635' title='bbox 1096 4445 1376 4502; x_wconf 89' lang='lat' dir='ltr'><strong>sulfureus</strong></span> <span class='ocrx_word' id='word_1_636' title='bbox 1429 4443 1543 4510; x_wconf 88' lang='lat' dir='ltr'><strong>sit,</strong></span> <span class='ocrx_word' id='word_1_637' title='bbox 1577 4443 1908 4498; x_wconf 88' lang='lat' dir='ltr'><strong>verberandi</strong></span> <span class='ocrx_word' id='word_1_638' title='bbox 1963 4457 2030 4499; x_wconf 86' lang='lat' dir='ltr'><strong>ac</strong></span> 
     </span>
    </p>
   </div>
   <div class='ocr_carea' id='block_1_90' title="bbox 2139 4443 3716 4520">
    <p class='ocr_par' dir='ltr' id='par_1_90' title="bbox 2139 4444 3716 4520">
     <span class='ocr_line' id='line_1_90' title="bbox 2139 4444 3716 4520; baseline -0.003 -18"><span class='ocrx_word' id='word_1_639' title='bbox 2139 4451 2389 4518; x_wconf 75' lang='grc' dir='ltr'>ῥήγνυσι.</span> <span class='ocrx_word' id='word_1_640' title='bbox 2441 4449 2627 4520; x_wconf 79' lang='grc' dir='ltr'>Ταύτῃ</span> <span class='ocrx_word' id='word_1_641' title='bbox 2674 4465 2757 4504; x_wconf 85' lang='grc' dir='ltr'><strong>τοι</strong></span> <span class='ocrx_word' id='word_1_642' title='bbox 2808 4450 2904 4502; x_wconf 73' lang='grc' dir='ltr'>καὶ</span> <span class='ocrx_word' id='word_1_643' title='bbox 2956 4448 3026 4501; x_wconf 75' lang='grc' dir='ltr'><strong>τὰ</strong></span> <span class='ocrx_word' id='word_1_644' title='bbox 3081 4444 3505 4518; x_wconf 80' lang='grc' dir='ltr'>κεραυνωθέντα</span> <span class='ocrx_word' id='word_1_645' title='bbox 3552 4444 3716 4516; x_wconf 72' lang='grc' dir='ltr'>μένει</span> 
     </span>
    </p>
   </div>
   <div class='ocr_carea' id='block_1_91' title="bbox 451 4538 1210 4611">
    <p class='ocr_par' dir='ltr' id='par_1_91' title="bbox 451 4538 1210 4611">
     <span class='ocr_line' id='line_1_91' title="bbox 451 4538 1210 4611; baseline 0.008 -23"><span class='ocrx_word' id='word_1_646' title='bbox 451 4538 849 4611; x_wconf 84' lang='lat' dir='ltr'><strong>perrumpendi</strong></span> <span class='ocrx_word' id='word_1_647' title='bbox 878 4539 987 4597; x_wconf 86' lang='lat' dir='ltr'><strong>vim</strong></span> <span class='ocrx_word' id='word_1_648' title='bbox 1023 4539 1210 4595; x_wconf 83' lang='lat' dir='ltr'><strong>habet.</strong></span> 
     </span>
    </p>
   </div>
   <div class='ocr_carea' id='block_1_92' title="bbox 525 4629 2026 4703">
    <p class='ocr_par' dir='ltr' id='par_1_92' title="bbox 525 4629 2026 4703">
     <span class='ocr_line' id='line_1_92' title="bbox 525 4629 2026 4703; baseline -0.001 -15"><span class='ocrx_word' id='word_1_649' title='bbox 525 4630 714 4700; x_wconf 81' lang='lat' dir='ltr'><strong>Itaque</strong></span> <span class='ocrx_word' id='word_1_650' title='bbox 747 4632 978 4698; x_wconf 84' lang='lat' dir='ltr'><strong>fulmen,</strong></span> <span class='ocrx_word' id='word_1_651' title='bbox 1010 4632 1110 4698; x_wconf 86' lang='lat' dir='ltr'><strong>fili,</strong></span> <span class='ocrx_word' id='word_1_652' title='bbox 1139 4631 1246 4686; x_wconf 87' lang='lat' dir='ltr'><strong>hoc</strong></span> <span class='ocrx_word' id='word_1_653' title='bbox 1271 4641 1359 4687; x_wconf 89' lang='lat' dir='ltr'><strong>est</strong></span> <span class='ocrx_word' id='word_1_654' title='bbox 1390 4630 1567 4702; x_wconf 89' lang='lat' dir='ltr'><strong>ignem</strong></span> <span class='ocrx_word' id='word_1_655' title='bbox 1595 4630 1746 4686; x_wconf 88' lang='lat' dir='ltr'><strong>illum</strong></span> <span class='ocrx_word' id='word_1_656' title='bbox 1774 4629 2026 4703; x_wconf 85' lang='lat' dir='ltr'><strong>fulguris,</strong></span> 
     </span>
    </p>
   </div>
   <div class='ocr_carea' id='block_1_93' title="bbox 452 4721 2030 4794">
    <p class='ocr_par' dir='ltr' id='par_1_93' title="bbox 452 4721 2030 4794">
     <span class='ocr_line' id='line_1_93' title="bbox 452 4721 2030 4794; baseline 0.002 -21"><span class='ocrx_word' id='word_1_657' title='bbox 452 4721 535 4776; x_wconf 88' lang='lat' dir='ltr'><strong>vel</strong></span> <span class='ocrx_word' id='word_1_658' title='bbox 570 4737 669 4791; x_wconf 86' lang='lat' dir='ltr'><strong>per</strong></span> <span class='ocrx_word' id='word_1_659' title='bbox 718 4723 948 4778; x_wconf 92' lang='lat' dir='ltr'><strong>nubium</strong></span> <span class='ocrx_word' id='word_1_660' title='bbox 1001 4722 1346 4778; x_wconf 88' lang='lat' dir='ltr'><strong>collisionem</strong></span> <span class='ocrx_word' id='word_1_661' title='bbox 1402 4721 1519 4778; x_wconf 85' lang='lat' dir='ltr'><strong>fieri</strong></span> <span class='ocrx_word' id='word_1_662' title='bbox 1565 4731 1757 4794; x_wconf 87' lang='lat' dir='ltr'><strong>putato</strong></span> <span class='ocrx_word' id='word_1_663' title='bbox 1794 4723 1880 4778; x_wconf 90' lang='lat' dir='ltr'><strong>vel</strong></span> <span class='ocrx_word' id='word_1_664' title='bbox 1929 4738 2030 4793; x_wconf 90' lang='lat' dir='ltr'><strong>per</strong></span> 
     </span>
    </p>
   </div>
   <div class='ocr_carea' id='block_1_94' title="bbox 453 4811 2029 4884">
    <p class='ocr_par' dir='ltr' id='par_1_94' title="bbox 453 4811 2029 4884">
     <span class='ocr_line' id='line_1_94' title="bbox 453 4811 2029 4884; baseline 0.001 -18"><span class='ocrx_word' id='word_1_665' title='bbox 453 4811 890 4881; x_wconf 76' lang='lat' dir='ltr'><strong>expressionem,</strong></span> <span class='ocrx_word' id='word_1_666' title='bbox 905 4827 1031 4869; x_wconf 90' lang='lat' dir='ltr'><strong>cum</strong></span> <span class='ocrx_word' id='word_1_667' title='bbox 1052 4812 1314 4868; x_wconf 91' lang='lat' dir='ltr'><strong>nimirum</strong></span> <span class='ocrx_word' id='word_1_668' title='bbox 1336 4813 1575 4870; x_wconf 90' lang='lat' dir='ltr'><strong>essentia</strong></span> <span class='ocrx_word' id='word_1_669' title='bbox 1597 4814 1844 4884; x_wconf 67' lang='lat' dir='ltr'><strong>quaedam</strong></span> <span class='ocrx_word' id='word_1_670' title='bbox 1870 4812 2029 4884; x_wconf 86' lang='lat' dir='ltr'><strong>ignea</strong></span> 
     </span>
    </p>
   </div>
   <div class='ocr_carea' id='block_1_95' title="bbox 456 4905 2032 4977">
    <p class='ocr_par' dir='ltr' id='par_1_95' title="bbox 456 4905 2032 4977">
     <span class='ocr_line' id='line_1_95' title="bbox 456 4905 2032 4977; baseline 0.004 -18"><span class='ocrx_word' id='word_1_671' title='bbox 456 4906 512 4959; x_wconf 90' lang='lat' dir='ltr'><strong>in</strong></span> <span class='ocrx_word' id='word_1_672' title='bbox 554 4905 729 4960; x_wconf 88' lang='lat' dir='ltr'><strong>nubes</strong></span> <span class='ocrx_word' id='word_1_673' title='bbox 769 4906 985 4969; x_wconf 87' lang='lat' dir='ltr'><strong>incidit,</strong></span> <span class='ocrx_word' id='word_1_674' title='bbox 1015 4922 1078 4961; x_wconf 90' lang='lat' dir='ltr'><strong>ac</strong></span> <span class='ocrx_word' id='word_1_675' title='bbox 1114 4922 1213 4977; x_wconf 88' lang='lat' dir='ltr'><strong>per</strong></span> <span class='ocrx_word' id='word_1_676' title='bbox 1240 4908 1350 4962; x_wconf 86' lang='lat' dir='ltr'><strong>vim</strong></span> <span class='ocrx_word' id='word_1_677' title='bbox 1390 4907 1520 4966; x_wconf 91' lang='lat' dir='ltr'><strong>inde</strong></span> <span class='ocrx_word' id='word_1_678' title='bbox 1559 4923 1754 4964; x_wconf 88' lang='lat' dir='ltr'><strong>rursus</strong></span> <span class='ocrx_word' id='word_1_679' title='bbox 1782 4911 2032 4965; x_wconf 79' lang='lat' dir='ltr'><strong>excerni-</strong></span> 
     </span>
    </p>
   </div>
   <div class='ocr_carea' id='block_1_96' title="bbox 457 4997 2032 5071">
    <p class='ocr_par' dir='ltr' id='par_1_96' title="bbox 457 4997 2032 5071">
     <span class='ocr_line' id='line_1_96' title="bbox 457 4997 2032 5071; baseline 0.005 -23"><span class='ocrx_word' id='word_1_680' title='bbox 457 5007 569 5060; x_wconf 87' lang='lat' dir='ltr'><strong>tur,</strong></span> <span class='ocrx_word' id='word_1_681' title='bbox 600 4997 868 5067; x_wconf 85' lang='lat' dir='ltr'><strong>quasique</strong></span> <span class='ocrx_word' id='word_1_682' title='bbox 913 4997 983 5052; x_wconf 90' lang='lat' dir='ltr'><strong>ab</strong></span> <span class='ocrx_word' id='word_1_683' title='bbox 1024 4997 1141 5068; x_wconf 89' lang='lat' dir='ltr'><strong>ipsa</strong></span> <span class='ocrx_word' id='word_1_684' title='bbox 1175 4999 1317 5053; x_wconf 91' lang='lat' dir='ltr'><strong>nube</strong></span> <span class='ocrx_word' id='word_1_685' title='bbox 1355 4999 1704 5070; x_wconf 88' lang='lat' dir='ltr'><strong>protruditur</strong></span> <span class='ocrx_word' id='word_1_686' title='bbox 1731 5008 1788 5056; x_wconf 91' lang='lat' dir='ltr'><strong>et</strong></span> <span class='ocrx_word' id='word_1_687' title='bbox 1839 5000 2032 5071; x_wconf 87' lang='lat' dir='ltr'><strong>impel-</strong></span> 
     </span>
    </p>
   </div>
   <div class='ocr_carea' id='block_1_97' title="bbox 457 5085 2034 5163">
    <p class='ocr_par' dir='ltr' id='par_1_97' title="bbox 457 5085 2034 5163">
     <span class='ocr_line' id='line_1_97' title="bbox 457 5085 2034 5163; baseline 0.003 -21"><span class='ocrx_word' id='word_1_688' title='bbox 457 5087 612 5142; x_wconf 91' lang='lat' dir='ltr'><strong>litur.</strong></span> <span class='ocrx_word' id='word_1_689' title='bbox 644 5087 780 5142; x_wconf 85' lang='lat' dir='ltr'><strong>Nam</strong></span> <span class='ocrx_word' id='word_1_690' title='bbox 819 5089 1236 5160; x_wconf 77' lang='lat' dir='ltr'><strong>ecpyrenismus</strong></span> <span class='ocrx_word' id='word_1_691' title='bbox 1264 5100 1350 5148; x_wconf 89' lang='lat' dir='ltr'><strong>est</strong></span> <span class='ocrx_word' id='word_1_692' title='bbox 1378 5091 1625 5162; x_wconf 72' lang='lat' dir='ltr'><strong>quaedam</strong></span> <span class='ocrx_word' id='word_1_693' title='bbox 1661 5085 1817 5162; x_wconf 87' lang='lat' dir='ltr'><strong>quasi</strong></span> <span class='ocrx_word' id='word_1_694' title='bbox 1847 5093 2034 5163; x_wconf 81' lang='lat' dir='ltr'><strong>eiacu-</strong></span> 
     </span>
    </p>
   </div>
   <div class='ocr_carea' id='block_1_98' title="bbox 455 5176 2034 5252">
    <p class='ocr_par' dir='ltr' id='par_1_98' title="bbox 455 5176 2034 5252">
     <span class='ocr_line' id='line_1_98' title="bbox 455 5176 2034 5252; baseline 0.006 -22"><span class='ocrx_word' id='word_1_695' title='bbox 455 5176 589 5230; x_wconf 87' lang='lat' dir='ltr'><strong>latio</strong></span> <span class='ocrx_word' id='word_1_696' title='bbox 619 5193 717 5245; x_wconf 87' lang='lat' dir='ltr'><strong>per</strong></span> <span class='ocrx_word' id='word_1_697' title='bbox 749 5179 1215 5248; x_wconf 89' lang='lat' dir='ltr'><strong>eompressionem</strong></span> <span class='ocrx_word' id='word_1_698' title='bbox 1247 5179 1410 5248; x_wconf 90' lang='lat' dir='ltr'><strong>facta,</strong></span> <span class='ocrx_word' id='word_1_699' title='bbox 1436 5183 1898 5252; x_wconf 88' lang='lat' dir='ltr'><strong>quemadmodum</strong></span> <span class='ocrx_word' id='word_1_700' title='bbox 1931 5197 2034 5239; x_wconf 91' lang='lat' dir='ltr'><strong>nos</strong></span> 
     </span>
    </p>
   </div>
   <div class='ocr_carea' id='block_1_99' title="bbox 458 5272 2034 5346">
    <p class='ocr_par' dir='ltr' id='par_1_99' title="bbox 458 5272 2034 5346">
     <span class='ocr_line' id='line_1_99' title="bbox 458 5272 2034 5346; baseline 0.006 -27"><span class='ocrx_word' id='word_1_701' title='bbox 458 5286 677 5338; x_wconf 79' lang='lat' dir='ltr'><strong>quoque</strong></span> <span class='ocrx_word' id='word_1_702' title='bbox 741 5273 1009 5326; x_wconf 80' lang='lat' dir='ltr'><strong>olivarum</strong></span> <span class='ocrx_word' id='word_1_703' title='bbox 1066 5272 1301 5328; x_wconf 86' lang='lat' dir='ltr'><strong>ossicula</strong></span> <span class='ocrx_word' id='word_1_704' title='bbox 1357 5273 1546 5345; x_wconf 88' lang='lat' dir='ltr'><strong>digitis</strong></span> <span class='ocrx_word' id='word_1_705' title='bbox 1601 5275 2034 5346; x_wconf 85' lang='lat' dir='ltr'><strong>comprimentes</strong></span> 
     </span>
    </p>
   </div>
   <div class='ocr_carea' id='block_1_100' title="bbox 459 5367 2034 5437">
    <p class='ocr_par' dir='ltr' id='par_1_100' title="bbox 459 5367 2034 5437">
     <span class='ocr_line' id='line_1_100' title="bbox 459 5367 2034 5437; baseline 0.003 -20"><span class='ocrx_word' id='word_1_706' title='bbox 459 5380 677 5418; x_wconf 78' lang='lat' dir='ltr'><strong>sursum</strong></span> <span class='ocrx_word' id='word_1_707' title='bbox 708 5367 789 5420; x_wconf 89' lang='lat' dir='ltr'><strong>vel</strong></span> <span class='ocrx_word' id='word_1_708' title='bbox 826 5369 1080 5421; x_wconf 87' lang='lat' dir='ltr'><strong>deorsum</strong></span> <span class='ocrx_word' id='word_1_709' title='bbox 1114 5367 1472 5437; x_wconf 84' lang='lat' dir='ltr'><strong>ejaculamur.</strong></span> <span class='ocrx_word' id='word_1_710' title='bbox 1501 5367 1630 5422; x_wconf 89' lang='lat' dir='ltr'><strong>Tale</strong></span> <span class='ocrx_word' id='word_1_711' title='bbox 1661 5367 1921 5437; x_wconf 89' lang='lat' dir='ltr'><strong>quiddam</strong></span> <span class='ocrx_word' id='word_1_712' title='bbox 1950 5375 2034 5422; x_wconf 86' lang='lat' dir='ltr'><strong>est</strong></span> 
     </span>
    </p>
   </div>
   <div class='ocr_carea' id='block_1_101' title="bbox 460 5456 2036 5531">
    <p class='ocr_par' dir='ltr' id='par_1_101' title="bbox 460 5456 2036 5531">
     <span class='ocr_line' id='line_1_101' title="bbox 460 5456 2036 5531; baseline 0.005 -23"><span class='ocrx_word' id='word_1_713' title='bbox 460 5456 690 5520; x_wconf 68' lang='lat' dir='ltr'><strong>fulmen,</strong></span> <span class='ocrx_word' id='word_1_714' title='bbox 723 5458 869 5525; x_wconf 81' lang='lat' dir='ltr'><strong>quod</strong></span> <span class='ocrx_word' id='word_1_715' title='bbox 922 5475 1018 5528; x_wconf 82' lang='lat' dir='ltr'><strong>per</strong></span> <span class='ocrx_word' id='word_1_716' title='bbox 1051 5461 1488 5531; x_wconf 80' lang='lat' dir='ltr'><strong>ecpyrenismum</strong></span> <span class='ocrx_word' id='word_1_717' title='bbox 1531 5461 1612 5526; x_wconf 83' lang='lat' dir='ltr'><strong>fil,</strong></span> <span class='ocrx_word' id='word_1_718' title='bbox 1647 5476 1772 5516; x_wconf 90' lang='lat' dir='ltr'><strong>cum</strong></span> <span class='ocrx_word' id='word_1_719' title='bbox 1807 5476 2036 5531; x_wconf 68' lang='lat' dir='ltr'><strong>prmser-</strong></span> 
     </span>
    </p>
   </div>
   <div class='ocr_carea' id='block_1_102' title="bbox 465 5547 2035 5622">
    <p class='ocr_par' dir='ltr' id='par_1_102' title="bbox 465 5547 2035 5622">
     <span class='ocr_line' id='line_1_102' title="bbox 465 5547 2035 5622; baseline 0.004 -22"><span class='ocrx_word' id='word_1_720' title='bbox 465 5548 560 5600; x_wconf 89' lang='lat' dir='ltr'><strong>tim</strong></span> <span class='ocrx_word' id='word_1_721' title='bbox 613 5547 841 5602; x_wconf 81' lang='lat' dir='ltr'><strong>inferior</strong></span> <span class='ocrx_word' id='word_1_722' title='bbox 900 5552 1063 5606; x_wconf 85' lang='lat' dir='ltr'><strong>nubis</strong></span> <span class='ocrx_word' id='word_1_723' title='bbox 1116 5552 1398 5608; x_wconf 83' lang='lat' dir='ltr'><strong>crassities</strong></span> <span class='ocrx_word' id='word_1_724' title='bbox 1449 5553 1517 5608; x_wconf 89' lang='lat' dir='ltr'><strong>de</strong></span> <span class='ocrx_word' id='word_1_725' title='bbox 1566 5553 1687 5608; x_wconf 84' lang='lat' dir='ltr'><strong>loco</strong></span> <span class='ocrx_word' id='word_1_726' title='bbox 1747 5553 2035 5622; x_wconf 88' lang='lat' dir='ltr'><strong>superiore</strong></span> 
     </span>
    </p>
   </div>
   <div class='ocr_carea' id='block_1_103' title="bbox 464 5639 2034 5712">
    <p class='ocr_par' dir='ltr' id='par_1_103' title="bbox 464 5639 2034 5712">
     <span class='ocr_line' id='line_1_103' title="bbox 464 5639 2034 5712; baseline 0.005 -22"><span class='ocrx_word' id='word_1_727' title='bbox 464 5639 799 5695; x_wconf 79' lang='lat' dir='ltr'><strong>condensata</strong></span> <span class='ocrx_word' id='word_1_728' title='bbox 847 5640 1146 5697; x_wconf 87' lang='lat' dir='ltr'><strong>irruentem</strong></span> <span class='ocrx_word' id='word_1_729' title='bbox 1179 5645 1232 5697; x_wconf 92' lang='lat' dir='ltr'><strong>in</strong></span> <span class='ocrx_word' id='word_1_730' title='bbox 1265 5659 1324 5700; x_wconf 89' lang='lat' dir='ltr'><strong>se</strong></span> <span class='ocrx_word' id='word_1_731' title='bbox 1351 5644 1713 5699; x_wconf 84' lang='lat' dir='ltr'><strong>substantiam</strong></span> <span class='ocrx_word' id='word_1_732' title='bbox 1745 5657 2034 5712; x_wconf 79' lang='lat' dir='ltr'><strong>penetrare</strong></span> 
     </span>
    </p>
   </div>
   <div class='ocr_carea' id='block_1_104' title="bbox 467 5735 2032 5804">
    <p class='ocr_par' dir='ltr' id='par_1_104' title="bbox 467 5735 2032 5804">
     <span class='ocr_line' id='line_1_104' title="bbox 467 5735 2032 5804; baseline 0.003 -16"><span class='ocrx_word' id='word_1_733' title='bbox 467 5745 740 5804; x_wconf 71' lang='lat' dir='ltr'><strong>suumque</strong></span> <span class='ocrx_word' id='word_1_734' title='bbox 773 5735 840 5791; x_wconf 86' lang='lat' dir='ltr'><strong>ad</strong></span> <span class='ocrx_word' id='word_1_735' title='bbox 877 5735 1059 5793; x_wconf 88' lang='lat' dir='ltr'><strong>locum</strong></span> <span class='ocrx_word' id='word_1_736' title='bbox 1095 5735 1321 5792; x_wconf 88' lang='lat' dir='ltr'><strong>tendere</strong></span> <span class='ocrx_word' id='word_1_737' title='bbox 1354 5753 1466 5793; x_wconf 87' lang='lat' dir='ltr'><strong>non</strong></span> <span class='ocrx_word' id='word_1_738' title='bbox 1512 5736 1664 5792; x_wconf 86' lang='lat' dir='ltr'><strong>sinit.</strong></span> <span class='ocrx_word' id='word_1_739' title='bbox 1702 5737 1855 5794; x_wconf 89' lang='lat' dir='ltr'><strong>&#39;l&#39;unc</strong></span> <span class='ocrx_word' id='word_1_740' title='bbox 1886 5739 2032 5793; x_wconf 68' lang='lat' dir='ltr'><strong>enim</strong></span> 
     </span>
    </p>
   </div>
   <div class='ocr_carea' id='block_1_105' title="bbox 2128 4541 2914 4614">
    <p class='ocr_par' dir='ltr' id='par_1_105' title="bbox 2128 4541 2914 4614">
     <span class='ocr_line' id='line_1_105' title="bbox 2128 4541 2914 4614; baseline 0.005 -20"><span class='ocrx_word' id='word_1_741' title='bbox 2128 4541 2397 4596; x_wconf 84' lang='grc' dir='ltr'>διεστῶτα</span> <span class='ocrx_word' id='word_1_742' title='bbox 2431 4541 2524 4596; x_wconf 61' lang='grc' dir='ltr'><strong>ἐπὶ</strong></span> <span class='ocrx_word' id='word_1_743' title='bbox 2553 4541 2744 4614; x_wconf 79' lang='grc' dir='ltr'>χρόνον</span> <span class='ocrx_word' id='word_1_744' title='bbox 2769 4541 2914 4598; x_wconf 83' lang='grc' dir='ltr'>τινά.</span> 
     </span>
    </p>
   </div>
   <div class='ocr_carea' id='block_1_106' title="bbox 2201 4635 3720 4710">
    <p class='ocr_par' dir='ltr' id='par_1_106' title="bbox 2201 4635 3720 4710">
     <span class='ocr_line' id='line_1_106' title="bbox 2201 4635 3720 4710; baseline 0.004 -24"><span class='ocrx_word' id='word_1_745' title='bbox 2201 4636 2307 4689; x_wconf 84' lang='grc' dir='ltr'><strong>Τὸν</strong></span> <span class='ocrx_word' id='word_1_746' title='bbox 2348 4635 2534 4705; x_wconf 78' lang='grc' dir='ltr'>μέντοι</span> <span class='ocrx_word' id='word_1_747' title='bbox 2579 4637 2866 4706; x_wconf 83' lang='grc' dir='ltr'>κεραυνὸν,</span> <span class='ocrx_word' id='word_1_748' title='bbox 2899 4637 3174 4710; x_wconf 72' lang='grc' dir='ltr'>ἀγαπητὶ,</span> <span class='ocrx_word' id='word_1_749' title='bbox 3203 4636 3350 4692; x_wconf 87' lang='grc' dir='ltr'>τοῦτ’</span> <span class='ocrx_word' id='word_1_750' title='bbox 3399 4637 3550 4690; x_wconf 76' lang='grc' dir='ltr'>ἔστιν</span> <span class='ocrx_word' id='word_1_751' title='bbox 3579 4635 3720 4692; x_wconf 78' lang='grc' dir='ltr'>αὐτὸ</span> 
     </span>
    </p>
   </div>
   <div class='ocr_carea' id='block_1_107' title="bbox 2130 4728 3718 4803">
    <p class='ocr_par' dir='ltr' id='par_1_107' title="bbox 2130 4728 3718 4803">
     <span class='ocr_line' id='line_1_107' title="bbox 2130 4728 3718 4803; baseline 0.002 -22"><span class='ocrx_word' id='word_1_752' title='bbox 2130 4728 2192 4781; x_wconf 79' lang='grc' dir='ltr'>τὸ</span> <span class='ocrx_word' id='word_1_753' title='bbox 2227 4729 2568 4803; x_wconf 75' lang='grc' dir='ltr'>ἀστραπαῖον</span> <span class='ocrx_word' id='word_1_754' title='bbox 2600 4729 2732 4800; x_wconf 86' lang='grc' dir='ltr'>πῦρ,</span> <span class='ocrx_word' id='word_1_755' title='bbox 2763 4730 2797 4801; x_wconf 80' lang='grc' dir='ltr'>ἦ</span> <span class='ocrx_word' id='word_1_756' title='bbox 2827 4732 2971 4785; x_wconf 77' lang='grc' dir='ltr'>κατὰ</span> <span class='ocrx_word' id='word_1_757' title='bbox 3013 4731 3344 4802; x_wconf 85' lang='grc' dir='ltr'>σύγκρουσιν</span> <span class='ocrx_word' id='word_1_758' title='bbox 3389 4729 3499 4784; x_wconf 87' lang='grc' dir='ltr'><strong>τῶν</strong></span> <span class='ocrx_word' id='word_1_759' title='bbox 3530 4729 3718 4798; x_wconf 83' lang='grc' dir='ltr'>νεφῶν</span> 
     </span>
    </p>
   </div>
   <div class='ocr_carea' id='block_1_108' title="bbox 2130 4816 3705 4890">
    <p class='ocr_par' dir='ltr' id='par_1_108' title="bbox 2130 4816 3705 4890">
     <span class='ocr_line' id='line_1_108' title="bbox 2130 4816 3705 4890; baseline 0 -20"><span class='ocrx_word' id='word_1_760' title='bbox 2130 4817 2377 4885; x_wconf 86' lang='grc' dir='ltr'>γίνεσθαι</span> <span class='ocrx_word' id='word_1_761' title='bbox 2400 4816 2587 4888; x_wconf 75' lang='grc' dir='ltr'>νόμιζε</span> <span class='ocrx_word' id='word_1_762' title='bbox 2619 4817 2653 4888; x_wconf 83' lang='grc' dir='ltr'><strong>ἦ</strong></span> <span class='ocrx_word' id='word_1_763' title='bbox 2679 4818 2822 4871; x_wconf 76' lang='grc' dir='ltr'>κατὰ</span> <span class='ocrx_word' id='word_1_764' title='bbox 2851 4819 3284 4890; x_wconf 81' lang='grc' dir='ltr'>ὲκπυρηνισμὸν,</span> <span class='ocrx_word' id='word_1_765' title='bbox 3303 4818 3470 4890; x_wconf 81' lang='grc' dir='ltr'>ὴνίκα</span> <span class='ocrx_word' id='word_1_766' title='bbox 3494 4817 3705 4888; x_wconf 82' lang='grc' dir='ltr'>δηλαδὴ</span> 
     </span>
    </p>
   </div>
   <div class='ocr_carea' id='block_1_109' title="bbox 2132 4907 3716 4981">
    <p class='ocr_par' dir='ltr' id='par_1_109' title="bbox 2132 4907 3716 4981">
     <span class='ocr_line' id='line_1_109' title="bbox 2132 4907 3716 4981; baseline -0.001 -19"><span class='ocrx_word' id='word_1_767' title='bbox 2132 4908 2390 4980; x_wconf 85' lang='grc' dir='ltr'>πυρώδης</span> <span class='ocrx_word' id='word_1_768' title='bbox 2426 4907 2584 4962; x_wconf 83' lang='grc' dir='ltr'>οὐσία</span> <span class='ocrx_word' id='word_1_769' title='bbox 2635 4911 2749 4973; x_wconf 83' lang='grc' dir='ltr'>τοῖς</span> <span class='ocrx_word' id='word_1_770' title='bbox 2795 4911 3013 4980; x_wconf 81' lang='grc' dir='ltr'>νέφεσιν</span> <span class='ocrx_word' id='word_1_771' title='bbox 3047 4909 3364 4981; x_wconf 70' lang='grc' dir='ltr'>ἐμπεσοῦσα</span> <span class='ocrx_word' id='word_1_772' title='bbox 3419 4909 3558 4964; x_wconf 81' lang='grc' dir='ltr'>κατὰ</span> <span class='ocrx_word' id='word_1_773' title='bbox 3587 4907 3716 4978; x_wconf 87' lang='grc' dir='ltr'>βίαν</span> 
     </span>
    </p>
   </div>
   <div class='ocr_carea' id='block_1_110' title="bbox 2130 4994 3714 5069">
    <p class='ocr_par' dir='ltr' id='par_1_110' title="bbox 2130 4994 3714 5069">
     <span class='ocr_line' id='line_1_110' title="bbox 2130 4994 3714 5069; baseline 0.001 -19"><span class='ocrx_word' id='word_1_774' title='bbox 2130 4997 2341 5052; x_wconf 75' lang='grc' dir='ltr'>ἐκεῖθεν</span> <span class='ocrx_word' id='word_1_775' title='bbox 2395 4998 2630 5069; x_wconf 79' lang='grc' dir='ltr'>ἐκραγῇ,</span> <span class='ocrx_word' id='word_1_776' title='bbox 2672 4999 2976 5069; x_wconf 77' lang='grc' dir='ltr'>ῥιπτομένη</span> <span class='ocrx_word' id='word_1_777' title='bbox 3017 4999 3113 5053; x_wconf 70' lang='grc' dir='ltr'>καὶ</span> <span class='ocrx_word' id='word_1_778' title='bbox 3162 4994 3275 5052; x_wconf 79' lang='grc' dir='ltr'>οἷον</span> <span class='ocrx_word' id='word_1_779' title='bbox 3319 4999 3497 5052; x_wconf 77' lang='grc' dir='ltr'>ειπεῐν</span> <span class='ocrx_word' id='word_1_780' title='bbox 3538 4996 3714 5051; x_wconf 79' lang='grc' dir='ltr'>ὠθου-</span> 
     </span>
    </p>
   </div>
   <div class='ocr_carea' id='block_1_111' title="bbox 2136 5088 3713 5162">
    <p class='ocr_par' dir='ltr' id='par_1_111' title="bbox 2136 5088 3713 5162">
     <span class='ocr_line' id='line_1_111' title="bbox 2136 5088 3713 5162; baseline -0.001 -18"><span class='ocrx_word' id='word_1_781' title='bbox 2136 5091 2272 5161; x_wconf 81' lang='grc' dir='ltr'>μὲν-η</span> <span class='ocrx_word' id='word_1_782' title='bbox 2305 5091 2457 5161; x_wconf 77' lang='grc' dir='ltr'>παρὰ</span> <span class='ocrx_word' id='word_1_783' title='bbox 2498 5088 2594 5143; x_wconf 75' lang='grc' dir='ltr'><strong>τοῦ</strong></span> <span class='ocrx_word' id='word_1_784' title='bbox 2628 5089 2822 5157; x_wconf 79' lang='grc' dir='ltr'>νέφους</span> <span class='ocrx_word' id='word_1_785' title='bbox 2866 5089 3054 5144; x_wconf 81' lang='grc' dir='ltr'>αὐτοῦ.</span> <span class='ocrx_word' id='word_1_786' title='bbox 3101 5089 3548 5162; x_wconf 83' lang='grc' dir='ltr'>Ἐκπυρηνισμδς</span> <span class='ocrx_word' id='word_1_787' title='bbox 3595 5091 3713 5162; x_wconf 82' lang='grc' dir='ltr'>γάρ</span> 
     </span>
    </p>
   </div>
   <div class='ocr_carea' id='block_1_112' title="bbox 2133 5181 3712 5253">
    <p class='ocr_par' dir='ltr' id='par_1_112' title="bbox 2133 5181 3712 5253">
     <span class='ocr_line' id='line_1_112' title="bbox 2133 5181 3712 5253; baseline -0.001 -17"><span class='ocrx_word' id='word_1_788' title='bbox 2133 5185 2282 5238; x_wconf 80' lang='grc' dir='ltr'>ἐστιν</span> <span class='ocrx_word' id='word_1_789' title='bbox 2313 5183 2342 5237; x_wconf 80' lang='grc' dir='ltr'><strong>ὁ</strong></span> <span class='ocrx_word' id='word_1_790' title='bbox 2381 5182 2526 5238; x_wconf 78' lang='grc' dir='ltr'>κατὰ</span> <span class='ocrx_word' id='word_1_791' title='bbox 2575 5182 2870 5250; x_wconf 83' lang='grc' dir='ltr'>συμπίεσιν</span> <span class='ocrx_word' id='word_1_792' title='bbox 2889 5196 2905 5214; x_wconf 76' lang='grc' dir='ltr'><strong><em>ο</em></strong></span> <span class='ocrx_word' id='word_1_793' title='bbox 2935 5182 3262 5253; x_wconf 74' lang='grc' dir='ltr'>ἀκοντισμὸς</span> <span class='ocrx_word' id='word_1_794' title='bbox 3289 5183 3400 5253; x_wconf 84' lang='grc' dir='ltr'>γάρ</span> <span class='ocrx_word' id='word_1_795' title='bbox 3426 5182 3597 5246; x_wconf 72' lang='grc' dir='ltr'>ἐστιν,</span> <span class='ocrx_word' id='word_1_796' title='bbox 3631 5181 3712 5245; x_wconf 86' lang='grc' dir='ltr'><strong>ὡς</strong></span> 
     </span>
    </p>
   </div>
   <div class='ocr_carea' id='block_1_113' title="bbox 2133 5272 3712 5344">
    <p class='ocr_par' dir='ltr' id='par_1_113' title="bbox 2133 5272 3712 5344">
     <span class='ocr_line' id='line_1_113' title="bbox 2133 5272 3712 5344; baseline -0.001 -16"><span class='ocrx_word' id='word_1_797' title='bbox 2133 5276 2259 5328; x_wconf 83' lang='grc' dir='ltr'>ὅταν</span> <span class='ocrx_word' id='word_1_798' title='bbox 2289 5274 2384 5328; x_wconf 79' lang='grc' dir='ltr'>καὶ</span> <span class='ocrx_word' id='word_1_799' title='bbox 2409 5275 2572 5344; x_wconf 77' lang='grc' dir='ltr'>ἡμεῖς</span> <span class='ocrx_word' id='word_1_800' title='bbox 2601 5273 2671 5329; x_wconf 80' lang='grc' dir='ltr'>τὰ</span> <span class='ocrx_word' id='word_1_801' title='bbox 2714 5273 2824 5327; x_wconf 85' lang='grc' dir='ltr'>τῶν</span> <span class='ocrx_word' id='word_1_802' title='bbox 2857 5272 3056 5327; x_wconf 70' lang='grc' dir='ltr'>ἐλαιῶν</span> <span class='ocrx_word' id='word_1_803' title='bbox 3085 5274 3221 5342; x_wconf 78' lang='grc' dir='ltr'>ὀστᾶ</span> <span class='ocrx_word' id='word_1_804' title='bbox 3263 5276 3377 5338; x_wconf 83' lang='grc' dir='ltr'>τοῖς</span> <span class='ocrx_word' id='word_1_805' title='bbox 3419 5273 3712 5337; x_wconf 84' lang='grc' dir='ltr'>δακτύλοις</span> 
     </span>
    </p>
   </div>
   <div class='ocr_carea' id='block_1_114' title="bbox 2137 5365 3711 5440">
    <p class='ocr_par' dir='ltr' id='par_1_114' title="bbox 2137 5365 3711 5440">
     <span class='ocr_line' id='line_1_114' title="bbox 2137 5365 3711 5440; baseline 0.001 -20"><span class='ocrx_word' id='word_1_806' title='bbox 2137 5367 2589 5440; x_wconf 74' lang='grc' dir='ltr'>συμπιέζοντεςῆ</span> <span class='ocrx_word' id='word_1_807' title='bbox 2630 5368 2742 5422; x_wconf 75' lang='grc' dir='ltr'>ἄνω</span> <span class='ocrx_word' id='word_1_808' title='bbox 2789 5367 2822 5439; x_wconf 77' lang='grc' dir='ltr'>ἢ</span> <span class='ocrx_word' id='word_1_809' title='bbox 2867 5367 3018 5420; x_wconf 81' lang='grc' dir='ltr'>κάτω</span> <span class='ocrx_word' id='word_1_810' title='bbox 3041 5366 3215 5421; x_wconf 88' lang='grc' dir='ltr'>ταῦτα</span> <span class='ocrx_word' id='word_1_811' title='bbox 3251 5365 3711 5436; x_wconf 77' lang='grc' dir='ltr'>ὲξακοντίζωμεν.</span> 
     </span>
    </p>
   </div>
   <div class='ocr_carea' id='block_1_115' title="bbox 2137 5458 3710 5530">
    <p class='ocr_par' dir='ltr' id='par_1_115' title="bbox 2137 5458 3710 5530">
     <span class='ocr_line' id='line_1_115' title="bbox 2137 5458 3710 5530; baseline -0.001 -17"><span class='ocrx_word' id='word_1_812' title='bbox 2137 5461 2244 5513; x_wconf 76' lang='grc' dir='ltr'><strong>Καὶ</strong></span> <span class='ocrx_word' id='word_1_813' title='bbox 2291 5458 2532 5520; x_wconf 79' lang='grc' dir='ltr'>τοιοῦτος</span> <span class='ocrx_word' id='word_1_814' title='bbox 2573 5458 2674 5528; x_wconf 78' lang='grc' dir='ltr'>μὲν</span> <span class='ocrx_word' id='word_1_815' title='bbox 2718 5459 2748 5511; x_wconf 81' lang='grc' dir='ltr'><strong>ὁ</strong></span> <span class='ocrx_word' id='word_1_816' title='bbox 2787 5459 2926 5512; x_wconf 83' lang='grc' dir='ltr'>κατὰ</span> <span class='ocrx_word' id='word_1_817' title='bbox 2971 5459 3382 5530; x_wconf 72' lang='grc' dir='ltr'>ικπυρηνισμὸν</span> <span class='ocrx_word' id='word_1_818' title='bbox 3417 5459 3710 5528; x_wconf 78' lang='grc' dir='ltr'>κεραυνὸς,</span> 
     </span>
    </p>
   </div>
   <div class='ocr_carea' id='block_1_116' title="bbox 2137 5549 3712 5622">
    <p class='ocr_par' dir='ltr' id='par_1_116' title="bbox 2137 5549 3712 5622">
     <span class='ocr_line' id='line_1_116' title="bbox 2137 5549 3712 5622; baseline 0 -20"><span class='ocrx_word' id='word_1_819' title='bbox 2137 5550 2297 5615; x_wconf 79' lang='grc' dir='ltr'>ἡνίκα</span> <span class='ocrx_word' id='word_1_820' title='bbox 2332 5551 2424 5610; x_wconf 69' lang='grc' dir='ltr'>καὶ</span> <span class='ocrx_word' id='word_1_821' title='bbox 2470 5551 2672 5620; x_wconf 81' lang='grc' dir='ltr'>μᾶλλον</span> <span class='ocrx_word' id='word_1_822' title='bbox 2729 5552 2760 5622; x_wconf 81' lang='grc' dir='ltr'><strong>ἡ</strong></span> <span class='ocrx_word' id='word_1_823' title='bbox 2811 5550 2904 5605; x_wconf 87' lang='grc' dir='ltr'><strong>τοῦ</strong></span> <span class='ocrx_word' id='word_1_824' title='bbox 2960 5551 3155 5621; x_wconf 74' lang='grc' dir='ltr'>νέφους</span> <span class='ocrx_word' id='word_1_825' title='bbox 3197 5549 3448 5621; x_wconf 87' lang='grc' dir='ltr'>παχύτης</span> <span class='ocrx_word' id='word_1_826' title='bbox 3499 5550 3712 5604; x_wconf 80' lang='grc' dir='ltr'>ἄνωθεν</span> 
     </span>
    </p>
   </div>
   <div class='ocr_carea' id='block_1_117' title="bbox 2137 5643 3711 5714">
    <p class='ocr_par' dir='ltr' id='par_1_117' title="bbox 2137 5643 3711 5714">
     <span class='ocr_line' id='line_1_117' title="bbox 2137 5643 3711 5714; baseline -0.001 -18"><span class='ocrx_word' id='word_1_827' title='bbox 2137 5643 2480 5696; x_wconf 78' lang='grc' dir='ltr'>πυκνωθεῖσα</span> <span class='ocrx_word' id='word_1_828' title='bbox 2503 5644 2601 5714; x_wconf 78' lang='grc' dir='ltr'><strong>τὴν</strong></span> <span class='ocrx_word' id='word_1_829' title='bbox 2639 5644 2985 5713; x_wconf 77' lang='grc' dir='ltr'>ἐμπεσοῦσαν</span> <span class='ocrx_word' id='word_1_830' title='bbox 3036 5645 3214 5698; x_wconf 81' lang='grc' dir='ltr'>ἐκεῖσε</span> <span class='ocrx_word' id='word_1_831' title='bbox 3260 5644 3452 5699; x_wconf 84' lang='grc' dir='ltr'>οὐσίαν</span> <span class='ocrx_word' id='word_1_832' title='bbox 3494 5643 3596 5697; x_wconf 71' lang='grc' dir='ltr'>οὐκ</span> <span class='ocrx_word' id='word_1_833' title='bbox 3643 5644 3711 5714; x_wconf 75' lang='grc' dir='ltr'><strong>ἑᾷ</strong></span> 
     </span>
    </p>
   </div>
   <div class='ocr_carea' id='block_1_118' title="bbox 2140 5736 3707 5812">
    <p class='ocr_par' dir='ltr' id='par_1_118' title="bbox 2140 5736 3707 5812">
     <span class='ocr_line' id='line_1_118' title="bbox 2140 5736 3707 5812; baseline -0.001 -20"><span class='ocrx_word' id='word_1_834' title='bbox 2140 5754 2197 5792; x_wconf 84' lang='grc' dir='ltr'><strong>τε</strong></span> <span class='ocrx_word' id='word_1_835' title='bbox 2252 5736 2478 5793; x_wconf 78' lang='grc' dir='ltr'>διελθεῖν</span> <span class='ocrx_word' id='word_1_836' title='bbox 2515 5737 2608 5791; x_wconf 66' lang='grc' dir='ltr'>καὶ</span> <span class='ocrx_word' id='word_1_837' title='bbox 2670 5739 2760 5794; x_wconf 71' lang='grc' dir='ltr'><strong>ἐπὶ</strong></span> <span class='ocrx_word' id='word_1_838' title='bbox 2818 5739 2908 5795; x_wconf 71' lang='grc' dir='ltr'>τὸν</span> <span class='ocrx_word' id='word_1_839' title='bbox 2967 5739 3144 5812; x_wconf 82' lang='grc' dir='ltr'>χῶρον</span> <span class='ocrx_word' id='word_1_840' title='bbox 3205 5738 3377 5810; x_wconf 82' lang='grc' dir='ltr'>αὐτῆς</span> <span class='ocrx_word' id='word_1_841' title='bbox 3423 5736 3707 5792; x_wconf 80' lang='grc' dir='ltr'>ἀνελθεῖν·</span> 
     </span>
    </p>
   </div>
  </div>
