4008 6432
223 323 280 390 31
1479 314 1574 376 AN
1587 311 1884 376 NALIUM
1933 311 2128 376 PARS
2167 306 2212 378 ῐ.
3425 332 3499 396 32

218 437 513 512 τηνικαῦτα
558 438 670 510 γὰρ
723 439 829 492 ὑπὸ
873 436 967 490 τοῦ
1005 433 1222 503 νέφους,
1251 431 1326 496 ὡς
1365 432 1618 502 εἴπομεν,
1663 448 1802 500 συμ-

1909 447 1936 486 a
1963 432 2132 496 nube,
2159 430 2632 503 quemadmodum
2680 427 3071 494 indicavimus,
3103 443 3417 500 compressa
3447 444 3506 487 et

220 534 519 605 πιεζομένη
546 552 605 586 τε
641 533 737 586 καὶ
770 529 1056 600 ὼθουμένη
1090 527 1242 582 κάτω
1277 525 1593 597 ῥιπτεῖσθαι
1633 524 1799 579 πάλιν

1911 521 2154 591 impulsa
2192 522 2455 578 deorsum
2491 538 2722 593 vergere
2785 535 2880 592 per
2919 522 3032 576 vim
3073 521 3314 592 cogitur.
3352 523 3504 578 Alte-

220 627 486 698 βιάζεται.
532 625 594 679 '0
623 625 682 678 δὲ
729 623 916 694 ἕτερος
967 618 1326 674 ἀποτίκτεται
1369 616 1642 687 κεραυνὸς
1692 617 1802 670 τῶν

1912 631 2034 670 rum
2072 629 2204 670 vero
2233 615 2442 670 fulmen
2479 614 2728 687 gignitur
2749 615 2962 672 collisis
2987 614 3136 670 inter
3169 629 3228 669 se
3259 615 3506 670 nubibus

217 721 391 789 νεφῶν
424 717 884 788 συντριϐομένων.
926 714 992 768 Ἦ
1024 711 1122 782 μὲν
1151 710 1260 781 γὰρ
1291 710 1447 782 ῥῆξις
1477 710 1570 764 τὸν
1598 727 1806 778 κεραυ-

215 812 304 866 νὸν
350 808 714 878 ἀπεγέννησε,
752 805 848 859 τοῦ
878 807 1075 874 νέφους
1119 802 1211 875 βίᾳ
1241 802 1614 866 σπασθέντος·
1651 818 1803 871 τηνι-

216 902 390 956 καῦτα
434 901 492 954 δὲ
523 899 760 954 θυλάκου
804 897 992 969 ὥσπερ
1035 897 1424 966 διαῤῥαγέντος
1455 895 1612 957 ὑετὸς
1641 911 1804 947 κατε-

213 996 491 1064 νήνεκται.
530 993 591 1046 ὐ
633 992 691 1046 δέ
741 1007 806 1058 γε
845 990 944 1060 τῆς
987 989 1201 1060 ῥήξεως
1248 983 1385 1060 ἦχος
1431 991 1533 1059 τὴν
1567 985 1802 1059 βροντὴν

214 1087 606 1156 ἀπεγέννησεν.
650 1083 790 1138 Ἀλλ’
818 1085 934 1137 ίκεί
967 1083 1069 1154 μὲν
1095 1082 1178 1137 δεῖ
1223 1080 1442 1150 πρῶτον
1474 1083 1711 1152 ῥαγῆναι
1741 1079 1804 1133 τὸ

216 1182 375 1246 νέφος
425 1178 520 1231 καί
574 1175 717 1230 οὕτω
753 1176 986 1245 φανῆναι
1031 1175 1133 1246 τὴν
1183 1175 1473 1245 ἀστραπήν
1501 1187 1516 1204 ⁸
1552 1175 1710 1242 ήμεῐς
1739 1171 1799 1224 δὲ

216 1269 307 1324 τοῦ
363 1269 540 1338 πυρὸς
590 1266 1070 1338 έπιλαμδανόμεθα
1123 1267 1416 1338 πρότερον.
1486 1264 1694 1318 Τούτου
1745 1263 1803 1318 δὲ

215 1365 385 1418 αἴτιον
413 1363 448 1432 ή
475 1359 583 1414 τῶν
611 1359 792 1415 ὠτίων
823 1361 1046 1416 καὶτῶν
1068 1358 1372 1431 ὀφθαλμῶν
1395 1358 1762 1428 διοργάνωσις
1783 1371 1800 1389 ⁸

213 1459 262 1512 οἱ
298 1459 401 1529 μὲν
434 1457 544 1529 γὰρ
588 1455 862 1527 ὀφθαλμοὶ
895 1453 1053 1526 ἡμῶν
1091 1455 1314 1526 ἀμέσως
1363 1450 1688 1523 ὁμιλοῦντες
1721 1448 1804 1521 τῷ

214 1551 338 1622 ἀέρι
393 1547 494 1602 τοῦ
546 1545 744 1620 όρατοῦ
776 1546 970 1601 θᾶττον
1018 1543 1538 1616 ἀντιλαμϐάνονται,
1586 1543 1614 1597 6
1642 1542 1700 1596 δέ
1738 1557 1803 1609 γε

213 1648 328 1710 τοῖς
374 1645 563 1709 ὠτίοις
612 1642 1064 1716 προϐεϐλημένος
1110 1640 1424 1712 κοχλοειδὴς
1460 1639 1631 1710 πόρος
1663 1637 1802 1709 βρα-

1907 724 2088 778 eaque
2131 707 2200 764 de
2234 724 2401 765 causa
2429 709 2739 780 perruptis.
2785 707 2921 764 Nam
2950 722 3017 765 ea
3065 708 3360 780 perruptio
3401 708 3508 763 ful-

1911 817 2038 856 men
2089 799 2261 857 eﬂicit
2313 801 2464 856 nube
2520 817 2621 873 per
2657 802 2768 856 vim
2825 801 3138 856 convulsa:
3176 800 3344 856 simul
3381 813 3507 857 utre

1905 893 2065 965 quasi
2118 894 2358 965 quodam
2412 902 2600 964 rupto,
2649 893 2834 965 pluvia
2868 893 3167 950 delabitur.
3225 893 3509 964 Strepitus

1907 987 2022 1058 ipse
2055 987 2433 1058 perruptionis
2467 987 2678 1042 tonitru
2717 986 2903 1042 efficit.
2931 986 3000 1041 Et
3039 987 3248 1044 nubem
3276 987 3505 1058 quidem

1907 1081 2194 1152 perrumpi
2231 1093 2460 1136 necesse
2495 1089 2601 1144 est.
2639 1088 2700 1134 ut
2741 1079 2816 1134 ita
2866 1078 3054 1152 fulgur
3084 1080 3503 1149 conspiciatur:

1907 1188 2011 1229 nos
2044 1189 2174 1228 vero
2208 1173 2370 1240 prius‘
2402 1175 2584 1244 ignem
2626 1173 2991 1244 percipimus.
3039 1171 3175 1244 Ejus
3226 1173 3305 1228 rei
3337 1189 3506 1229 causa

1905 1276 1992 1321 est
2053 1265 2276 1321 aurium
2334 1275 2393 1320 et
2443 1265 2733 1320 oculorum
2801 1274 3104 1320 structura.
3159 1264 3298 1320 Nam
3357 1264 3503 1319 oculi

1905 1360 2082 1416 nomri
2119 1361 2262 1416 citra
2307 1358 2554 1414 medium
2587 1359 2763 1412 ullum
2796 1373 2924 1413 cum
2971 1372 3100 1414 aere
3128 1357 3306 1429 juncti
3339 1358 3512 1414 citius

1907 1467 2022 1507 rem
2055 1451 2270 1507 visilem
2311 1449 2688 1520 prehendunt.
2721 1451 2794 1507 At
2838 1459 3054 1506 meatus
3086 1451 3180 1506 ille
3225 1460 3511 1506 tortuosus

1905 1544 2258 1614 cochleaeque
2279 1542 2610 1607 consimilis,
2632 1559 2744 1614 quo
2775 1551 2947 1615 septa:
2973 1552 3106 1600 sunt
3131 1559 3319 1610 aures,
3353 1543 3509 1600 tarde

1905 1650 2106 1690 sonum
2147 1635 2412 1691 admittit.
2447 1636 2517 1692 Et
2551 1636 2736 1707 opifex
2792 1647 2984 1692 noster
3018 1636 3166 1693 Deus
3217 1633 3368 1693 hunc
3419 1638 3509 1708 ip-

213 1739 349 1804 δέως
375 1739 590 1808 είσάγει
626 1739 719 1792 τὸν
750 1738 940 1806 ψόφον.
975 1733 1273 1805 Κοχλοειδῆ
1318 1734 1375 1788 δὲ
1420 1732 1511 1787 τὸν
1551 1730 1802 1785 τοιοῦτον

1909 1748 2027 1789 sum
2083 1733 2258 1787 instar
2306 1733 2548 1788 cochlea:
2605 1741 2916 1789 tortuosum
2981 1733 3235 1790 condidit
3285 1748 3356 1789 ne
3408 1749 3508 1804 per

214 1801 585 1886 κατεσκεύασε
613 1801 778 1902 πόρον
805 1801 846 1884 6-
865 1801 1200 1900 δημιουργὸς
1225 1801 1382 1898 ἡμῶν
1407 1826 1562 1893 Θεὸς,
1592 1825 1682 1878 ἵνα
1723 1825 1802 1894 μὴ

1909 1827 2203 1882 illabentes
2231 1825 2418 1881 subito
2450 1826 2570 1882 sive
2603 1827 2870 1897 strepitus
2913 1829 3032 1884 sive
3081 1827 3345 1898 frigidum
3377 1801 3507 1882 aera

215 1927 277 1978 ἐκ
315 1925 428 1979 τῶν
477 1924 940 1996 παραπιπτόντων
987 1925 1122 1996 ἡμῖν
1171 1922 1408 1994 ἀθρόων,
1455 1920 1564 1974 εἴτε
1621 1918 1799 1989 ψόφου

1909 1920 2200 1974 cerebrum
2247 1927 2499 1974 nostrum
2537 1921 2786 1990 graviter
2818 1921 3139 1977 laederetur.
3168 1921 3290 1977 Jam
3322 1921 3367 1976 si
3400 1921 3510 1976 ful-

215 2017 322 2070 είτε
380 2018 541 2087 ἀέρος
587 2015 822 2089 ψυχροῦ,
866 2017 894 2070 6
935 2014 1240 2085 ἐγκέφαλος
1294 2012 1456 2086 ἡμῶν
1492 2012 1554 2066 οὐ
1586 2011 1802 2083 μικρῶς

1909 2028 2030 2068 men
2065 2028 2096 2068 e
2132 2013 2282 2068 nube
2333 2012 2644 2068 siccissima
2683 2023 2960 2086 erumpat,
3017 2014 3245 2081 punicei
3301 2015 3510 2069 coloris

215 2107 696 2179 κατασλάπτηται.
729 2108 842 2162 Καὶ
885 2107 934 2160 εί
971 2106 1072 2176 μὲν
1111 2104 1219 2159 ἀπὸ
1266 2103 1572 2174 ξηροτάτου
1599 2105 1800 2171 νέφους

1909 2111 1990 2158 est
2022 2111 2079 2159 et
2105 2111 2302 2156 natura
2331 2101 2696 2158 vehementer
2731 2119 2940 2160 urens:
2978 2105 3063 2159 siu
3093 2120 3162 2161 ex
3197 2105 3508 2160 bumidiori

215 2203 242 2255 6
297 2201 565 2272 κεραυνὸς
614 2201 848 2270 ἐκραγῇ,
913 2197 1190 2268 φοινικοῦς
1258 2214 1318 2252 τε
1373 2196 1474 2268 τὴν
1523 2196 1716 2268 χροιὰν
1771 2197 1800 2249 6

1909 2193 2070 2258 nube,
2099 2195 2345 2250 colorem
2385 2193 2574 2248 album
2612 2194 2780 2250 habet
2813 2210 2878 2250 ac
2920 2197 3109 2252 minus
3146 2196 3284 2253 urit.

216 2296 455 2360 τοιοῦτός
500 2294 764 2367 έστιῇκαὶ
805 2294 904 2369 τὴν
936 2293 1126 2349 οὐσίαν
1177 2291 1484 2364 φλογώδης,
1549 2291 1598 2344 εί
1663 2288 1720 2344 δὲ
1770 2287 1862 2359 ἀφ’
1896 2290 2199 2362 ὑγροτέρου
2265 2291 2484 2360 νέφους,
2539 2291 2736 2346 λευκόν
2783 2308 2844 2345 τε
2903 2291 3017 2363 ἔχει
3053 2291 3118 2345 τὸ
3162 2273 3363 2364 χρῶμα
3411 2289 3511 2346 καὶ

219 2389 500 2459 καυσώδης
525 2390 748 2460 ἣκιστα.

283 2487 440 2542 Οῦτω
494 2487 597 2556 μὲν
638 2486 800 2554 οὕτω,
846 2484 1102 2557 καθάπερ
1145 2482 1353 2540 ἄνωθεν
1405 2482 1646 2552 εἴρηται,
1704 2479 1802 2536 καὶ

1975 2479 2071 2537 Sic
2111 2495 2270 2552 ergo,
2307 2480 2782 2552 quemadmodum
2808 2482 3172 2554 exposuimus
3213 2484 3510 2542 hactenus.

229 2576 338 2641 τοὺς
366 2578 607 2648 ἀστέρας
635 2577 760 2640 τοὺς
785 2575 1048 2641 ἀπλανεῖς
1078 2593 1138 2629 τε
1173 2574 1269 2628 καὶ
1291 2572 1688 2643 πλανωμένους
1718 2572 1802 2634 είς

1909 2575 2092 2633 sidera
2148 2592 2261 2631 non
2337 2585 2449 2631 tam
2505 2577 2752 2632 errantia
2795 2593 2961 2648 quam
3011 2580 3250 2634 erratica
3319 2596 3508 2635 rerum

231 2672 416 2739 σημεῖα
459 2668 556 2723 καὶ
585 2671 668 2732 είς
703 2668 930 2738 καιροὺς
973 2669 1002 2720 6
1043 2665 1276 2738 ποιητὴς
1315 2664 1535 2720 πάντων
1570 2666 1662 2720 καὶ
1695 2664 1798 2718 κὺο

1909 2669 2087 2740 opifex
2115 2677 2284 2740 atque
2319 2668 2586 2724 dominus
2611 2671 2666 2723 in
2707 2669 2864 2739 signa
2904 2680 3272 2740 temporaque
3299 2671 3509 2726 consti-

229 2779 328 2833 ριος
358 2761 535 2816 ἔθετο.
564 2758 802 2829 κυρίους
830 2759 888 2813 δὲ
919 2758 1030 2813 τῶν
1065 2758 1150 2828 ἐφ’
1192 2758 1324 2827 ἡμῖν
1358 2757 1562 2829 ἀρετῆς
1593 2775 1654 2811 τε
1697 2756 1798 2810 καὶ

1909 2762 2029 2816 tuit.
2071 2763 2146 2816 Ea
2205 2776 2339 2816 vero
2384 2769 2714 2832 potestatem
2777 2761 3089 2817 absolutam
3145 2763 3202 2817 in
3255 2765 3509 2821 actiones

227 2855 411 2918 κακίας
437 2853 808 2925 παρεκτικοὺς
842 2852 944 2906 οὐκ
985 2851 1052 2906 ἀν
1084 2868 1215 2904 ποτε
1247 2850 1378 2923 εἴπῃ
1413 2867 1499 2914 τις
1528 2847 1795 2920 λογισμοῦ

1909 2864 2129 2912 nostras
2171 2853 2404 2918 habere,
2440 2853 2820 2924 virtutemque
2853 2853 3015 2910 nobis
3053 2865 3152 2911 aut
3182 2855 3379 2912 vitium
3419 2858 3508 2914 in-

230 2947 408 3016 κύριος
448 2945 546 3013 ὢν,
571 2946 625 3000 ετ
658 2962 724 3015 γε
775 2946 872 3000 καὶ
919 2944 1126 3016 μᾶλλον
1159 2943 1364 3013 ἢκουσε
1397 2941 1492 2996 τοῦ
1537 2939 1675 2996 Θεοῦ
1709 2939 1802 2994 διὰ

1909 2951 2065 3015 dere,
2103 2933 2266 3004 nemo
2309 2962 2560 3018 unquam
2609 2948 2845 3003 rationis
2895 2963 3124 3018 compos
3157 2949 3384 3014 dixerit,
3432 2951 3510 3006 si-

232 3039 318 3092 τοῦ
365 3043 645 3111 προφήτου
675 3039 926 3108 λέγοντος
951 3054 966 3071 °
1003 3058 1023 3092 ι
1045 3039 1173 3094 Ἐὰν
1207 3039 1399 3110 θέλητε
1423 3041 1520 3096 καὶ
1547 3035 1802 3090 εἰσακού-

1909 3039 2128 3112 quidem
2154 3038 2330 3095 Deum
2376 3054 2478 3110 per
2504 3049 2689 3096 vatem
2737 3039 2891 3110 loqui
2929 3039 3213 3095 audierit:
3253 3058 3270 3093 t
3309 3041 3366 3098 Si
3413 3057 3511 3097 vo-

232 3135 350 3204 σητέ
382 3152 504 3204 μου,
536 3135 604 3188 τά
651 3134 832 3203 ἀγαθά
876 3136 976 3206 τῆς
1021 3135 1127 3207 γῆς
1183 3135 1446 3204 φάγεσθε.
1485 3149 1505 3184 t
1550 3130 1680 3184 Ἐὰν
1707 3129 1802 3183 θέ-

1909 3133 2124 3192 lueritis
2192 3144 2249 3188 et
2313 3133 2836 3204 obtemperaveritis
2891 3135 3072 3200 mihi,
3125 3134 3289 3190 bonis
3344 3143 3508 3191 terr-.r

231 3224 349 3295 λητε
376 3229 484 3298 γὰρ
513 3227 682 3281 είπὼν
709 3226 874 3293 ἔδειξε
898 3227 1197 3300 προφανῶς
1229 3227 1305 3291 ὼς
1331 3224 1620 3296 ἐλεύθερός
1656 3242 1740 3288 τις
1771 3223 1802 3275 δ

1909 3227 2212 3284 vescemiui
2239 3230 2308 3283 ¹⁹.
2348 3247 2366 3280 ι
2407 3226 2550 3285 Cum
2584 3228 2735 3284 enim
2787 3229 2906 3284 ait:
2945 3246 2964 3280 ι
3021 3227 3080 3284 Si
3125 3229 3441 3298 volueritis,
3483 3251 3503 3285 ι

229 3287 343 3375 καθ’
371 3287 466 3374 ένα
493 3321 670 3391 ἡμῶν,
702 3321 796 3376 καὶ
821 3287 904 3377 ότι
1075 3287 1246 3376 αὐτοῦ
1274 3287 1538 3393 πράξεων.
1565 3287 1800 3382 ἔκαστος

1909 3322 2203 3376 manifesto
2225 3321 2471 3376 declarat
2500 3337 2957 3392 unumquemque
2989 3332 3241 3378 nostrum
3267 3323 3506 3378 liberum

226 3413 657 3486 ὁμολογουμένας
681 3413 894 3487 πέφυκε
925 3413 1136 3487 κύριος.

292 3609 502 3664 Είδέναι
540 3609 649 3683 γάρ
676 3609 834 3667 τοῦτο
884 3610 1022 3683 πρὸς
1071 3611 1186 3676 τοῖς
1227 3609 1550 3684 εἰρημένοις
1585 3609 1799 3667 ἀνωθεν

226 3704 474 3773 ὀφείλεις,
505 3704 780 3774 ἀγαπητδ,
819 3704 902 3757 ὅτι
948 3704 998 3757 of
1047 3703 1140 3758 τὸν
1199 3702 1355 3775 ἥλιον
1405 3703 1662 3773 λέγοντες
1718 3703 1798 3775 μὴ

225 3797 318 3867 τὴν
346 3795 453 3868 γῆν
479 3796 801 3867 ὑποτρέχειν
833 3795 1082 3850 κάτωθεν
1116 3795 1256 3866 μετά
1281 3797 1384 3867 τὴν
1416 3795 1583 3850 αὐτοῦ
1619 3795 1799 3863 δύσιν,

229 3889 332 3943 ἀλλ’
369 3892 435 3943 ὲκ
485 3889 714 3960 πλαγίου
748 3889 848 3958 τὴν
879 3889 1048 3944 αὐτοῦ
1095 3890 1427 3960 ποιούμενον
1460 3888 1634 3943 δίοδον
1664 3889 1801 3958 πρὸς

228 3981 483 4045 ἀνατολὰς
528 3980 870 4053 ἀπέρχεσθαι
923 3980 1184 4037 κάκεῖθεν
1249 3977 1410 4047 αὖθις
1458 3981 1802 4052 ἀπέρχεσθαι

228 4076 312 4129 τοῦ
333 4073 593 4146 φωτίζειν
624 4077 724 4148 τὴν
764 4075 892 4148 γῆν,
917 4075 1019 4130 οὐκ
1061 4074 1450 4148 εὐπαράδεκτα
1478 4075 1690 4146 λέγειν,
1724 4073 1801 4139 ὡς

227 4163 394 4239 οἶμαι,
423 4171 539 4233 τοῖς
585 4167 646 4222 εὖ
695 4167 991 4240 φρονοῦσιν
1040 4167 1421 4240 κριθήσονται,
1455 4167 1506 4222 εί
1552 4169 1632 4239 μή
1689 4183 1794 4220 που

227 4261 359 4315 κατά
389 4259 550 4330 λόγον
587 4260 902 4332 οίκονομίας
945 4260 1177 4316 τοιαῦτα
1207 4261 1393 4331 λέγειν
1439 4261 1802 4332 προάγονται.

230 4352 290 4407 El
346 4357 457 4427 γὰρ
501 4356 657 4411 οὐδὲν
683 4357 874 4429 ἔτερόν
906 4358 1058 4412 ἐστιν
1099 4359 1134 4431 ἡ
1186 4358 1284 4426 νὺξ
1314 4358 1435 4412 ἀλλ’
1483 4359 1518 4431 ἢ
1549 4359 1803 4428 σκίασμα

233 4447 350 4518 γῆς,
381 4449 478 4503 τοῦ
508 4448 662 4519 ἡλίου
709 4452 810 4521 τὴν
850 4449 954 4520 γῆν
987 4450 1402 4522 ὑποτρέχοντος.
1443 4449 1519 4515 ὡς
1552 4451 1582 4505 ό
1613 4452 1805 4521 Δαμα-

235 4541 424 4611 σκηνὸς
488 4541 741 4614 Ἰωάννης
801 4544 956 4614 φησὶ,
1015 4544 1136 4607 πῶς
1203 4543 1390 4598 λοιπὸν
1453 4541 1650 4616 βαθεῖα
1701 4543 1804 4616 τὴν

1914 3429 2061 3480 esse,
2097 3415 2375 3484 simulque
2415 3415 2664 3486 singulos
2702 3429 2826 3470 esse
2854 3415 2936 3470 sic
2975 3429 3004 3469 a
3051 3427 3248 3470 natura
3279 3431 3510 3486 compa-

1907 3515 2080 3573 ratus,
2108 3522 2334 3562 suarum
2369 3515 2425 3561 ut
2455 3507 2740 3562 actionum
2773 3506 2878 3578 ipsi
2912 3505 3026 3561 sint
3055 3506 3290 3564 domini.

1977 3613 2086 3684 32
2127 3612 2337 3669 Praeter
2364 3612 2610 3692 indicata
2646 3628 2802 3677 vero,
2832 3613 3034 3670 dilecte
3067 3614 3166 3679 fili,
3201 3613 3307 3672 hoc
3341 3611 3510 3669 etiam

1905 3707 2050 3762 scire
2073 3704 2263 3770 debes,
2295 3720 2392 3760 eos
2422 3703 2516 3776 qui
2552 3704 2724 3760 solem
2757 3703 2948 3760 dicant
2981 3719 3094 3760 non
3126 3705 3365 3762 inferius
3397 3716 3508 3762 ter-

1907 3812 2026 3852 ram
2055 3807 2180 3868 post
2203 3811 2462 3853 occasum
2494 3811 2656 3852 suum
2682 3795 3130 3863 subtercurrere,
3149 3797 3246 3853 sed
3269 3797 3506 3869 obliquo

1906 3888 2107 3943 itinere
2139 3887 2207 3943 ad
2235 3899 2419 3943 ortum
2446 3887 2737 3959 pervenire
2765 3886 3007 3959 indeque
3028 3903 3248 3942 rursum
3277 3903 3508 3959 pergere

1905 3982 1972 4037 ad
2009 3980 2442 4037 collustrandam
2483 3988 2712 4046 terram,
2769 3996 2890 4036 mea
2943 3980 3168 4051 quidem
3219 3984 3502 4038 sententia

1905 4077 2043 4132 viris
2075 4074 2445 4146 prudentibus
2482 4090 2680 4145 parum
2740 4074 3056 4146 probabilia
3109 4074 3332 4131 tradere
3358 4075 3504 4148 judi-

1906 4169 2117 4225 candos
2141 4184 2285 4235 esse,
2315 4169 2422 4225 nisi
2461 4169 2605 4224 forte
2639 4177 2799 4224 certo
2830 4168 3075 4239 quodam
3107 4169 3346 4226 consilio
3378 4169 3508 4224 talia

1907 4263 2212 4334 proferant.
2241 4263 2378 4318 Nam
2410 4261 2458 4317 si
2505 4261 2645 4317 nihil
2673 4261 2823 4317 aliud
2851 4272 2932 4318 est
2958 4277 3069 4317 nox
3095 4278 3260 4333 quam
3307 4262 3507 4317 umbra

1908 4364 2092 4419 terra,
2139 4369 2262 4419 qua:
2327 4353 2547 4410 exsistit
2590 4353 2710 4411 sole
2763 4365 2968 4409 terram
3020 4356 3505 4420 subtercurrente,

1907 4447 2376 4520 quemadmodum
2428 4446 2674 4504 Joannes
2726 4447 2818 4502 ille
2866 4449 3246 4504 Damascenus
3298 4447 3504 4519 inquit,

1909 4557 2020 4612 quo
2050 4540 2171 4595 fieri
2210 4549 2369 4611 pacto
2410 4541 2622 4612 poterit
2669 4548 2731 4595 ut
2761 4539 2872 4594 alta
2910 4556 3019 4595 nox
3069 4540 3217 4597 diem
3261 4541 3506 4611 excipiat

233 4635 440 4705 ἡμέραν
487 4636 787 4702 διαδέξεται
842 4637 964 4704 νὺξ,
1023 4637 1118 4692 τοῦ
1169 4638 1323 4710 ἡλίου
1383 4637 1508 4692 κατ’
1553 4637 1802 4702 ἐκείνους

1909 4634 2024 4690 sole
2051 4634 2141 4703 (de
2179 4633 2426 4704 ipsorum
2466 4633 2690 4702 quidem
2741 4633 3041 4705 sententia)
3075 4636 3506 4705 quamproxiute

234 4729 504 4796 ἐγγύτατα
566 4729 663 4784 καὶ
721 4730 920 4801 μικροῦ
981 4731 1118 4801 πρὸς
1187 4733 1338 4802 ἡμᾶς
1399 4732 1804 4805 στρεφομένου,

235 4822 520 4876 κάντεῦθεν
562 4823 799 4879 ἀκτίνων
851 4825 985 4896 ἡμῖν
1046 4825 1444 4895 ιμπιπτουσῶν
1492 4826 1590 4881 καὶ
1637 4843 1809 4897 φωτι-

234 4915 436 4980 ζουσῶν
454 4917 516 4971 τὸ
551 4917 867 4988 περίγειον;
923 4920 1031 4973 Καὶ
1065 4922 1115 4973 εἰ
1158 4919 1234 4991 μὴ
1269 4918 1435 4992 πείθῃ
1474 4922 1592 4984 τοῖς
1645 4920 1809 4989 λεγοσ

237 5008 435 5078 μένοις,
467 5010 649 5074 αὐτοῖς
681 5012 792 5074 τοῖς
837 5011 1133 5082 πράγμασι
1183 5011 1470 5081 πείσθητι.
1535 5011 1626 5064 Ἔν
1672 5011 1808 5083 Βρε-

234 5101 386 5174 τανίᾳ
440 5103 506 5174 τῇ
563 5093 713 5175 νήσῳ
773 5103 1303 5175 όκτωκαιδεκάωρος
1367 5103 1467 5175 μὲν
1523 5104 1558 5176 ἠ
1617 5104 1804 5176 ἡμέρα

233 5193 394 5260 ἐστὶν,
439 5195 679 5267 ιξάωρος
718 5195 776 5249 δὲ
827 5197 862 5267 ἡ
909 5195 1027 5265 νύξ.
1068 5195 1178 5252 Καὶ
1228 5194 1290 5250 οὐ
1333 5195 1499 5271 μόνον
1537 5195 1802 5266 ἐξάωρος.

233 5287 359 5342 ἀλλὰ
404 5290 497 5342 καὶ
541 5287 603 5341 τὸ
648 5289 839 5353 σκότος
861 5289 1035 5361 αὐτῆς
1077 5290 1140 5344 οῦ
1177 5291 1319 5344 πάνυ
1352 5290 1516 5361 βαθὺ,
1548 5290 1800 5344 τοιοῦτον

231 5379 280 5433 δὲ
304 5382 482 5435 είπείν
501 5382 688 5435 όποῖόν
715 5383 832 5436 ἐστι
862 5382 924 5436 τδ
967 5385 1100 5454 παρ’
1135 5385 1270 5454 ἡμῖν
1309 5382 1610 5453 λεγόμενον
1642 5381 1807 5435 λυκό-

233 5493 419 5544 φωτον.
452 5477 823 5548 Ἐμπίπτουσι
855 5479 965 5550 γὰρ
989 5479 1173 5543 αὐτοῖς
1211 5479 1268 5532 al
1297 5481 1464 5547 αὐγαὶ
1490 5478 1588 5532 τοῦ
1619 5479 1800 5550 ήλῖου.

236 5568 377 5634 τίνος
424 5571 642 5636 ἓνεκεν;
689 5570 815 5624 Ὀτι
871 5571 974 5623 κάν
1012 5571 1134 5633 ταῖς
1182 5570 1331 5636 νυξὶν
1364 5571 1560 5635 αὐταῖς
1592 5571 1622 5622 6
1651 5571 1807 5641 ἥλιος

233 5658 447 5731 ἔγγιστα
498 5663 934 5735 περιστρέφεται
977 5662 1066 5718 διά
1110 5663 1171 5718 τὸ
1227 5663 1572 5736 βραχύτατον
1635 5664 1808 5720 αὑτοῦ

291 5830 332 5862 ⁸⁸
360 5831 463 5888 lsa.
499 5845 539 5898 t,
581 5827 669 5884 l9.

1906 4745 1937 4784 a
1981 4727 2142 4782 nobis
2174 4741 2297 4781 sese
2339 4737 2733 4793 convcrtente,
2799 4743 3041 4799 quocum
3101 4743 3224 4785 esse
3271 4730 3509 4799 conjun-

1911 4829 2065 4876 etum
2103 4831 2322 4890 oportet
2351 4829 2412 4874 ut
2459 4820 2525 4875 ad
2559 4835 2659 4876 nos
2697 4820 2836 4877 radii
2881 4821 3199 4894 pertingant
3232 4831 3508 4893 terraeque

1905 4913 2118 4968 vicinas
2173 4925 2355 4984 partes
2391 4914 2769 4970 collustrent?
2812 4914 3025 4983 Quodsi
3075 4916 3209 4972 huic
3255 4918 3505 4973 orationi

1906 5006 2070 5061 fidem
2101 5021 2213 5060 non
2251 5006 2442 5072 habes,
2465 5006 2631 5063 rebus
2666 5007 2801 5079 ipsis
2838 5008 3160 5079 persuaderi
3191 5017 3244 5066 te
3275 4997 3507 5080 patitor.

1912 5100 1974 5156 ln
2021 5101 2199 5156 insula
2248 5100 2532 5156 Britannia
2573 5101 2696 5157 dies
2747 5101 3016 5158 horarum
3071 5119 3205 5159 xvm
3263 5105 3506 5176 spatium

1909 5201 2179 5264 continet,
2211 5214 2337 5254 cum
2381 5214 2487 5252 nox
2519 5199 2710 5269 plures
2751 5185 2916 5270 quam
2963 5216 3018 5256 vt
3055 5200 3222 5258 horas
3254 5217 3361 5258 non
3413 5203 3509 5258 ha-

1908 5291 2060 5348 heat.
2092 5291 2285 5361 Neque
2334 5301 2545 5347 tantum
2590 5308 2688 5348 sex
2728 5293 2994 5349 horarum
3037 5297 3142 5363 est,
3192 5294 3289 5352 sed
3337 5296 3506 5352 etiam

1903 5385 2082 5455 caligo
2115 5385 2237 5456 ejus
2269 5400 2378 5439 non
2431 5384 2736 5441 admodum
2767 5396 2856 5442 est
2903 5387 3205 5461 profunda,
3237 5387 3504 5443 nimirum

1905 5478 2175 5550 ejusmodi
2201 5478 2362 5548 quale
2392 5479 2658 5548 quiddam
2687 5495 2789 5536 nos
2816 5482 3213 5552 crepusculum
3239 5480 3499 5536 dicimus.

1907 5571 2042 5626 Nam
2094 5569 2417 5640 pertingunt
2450 5570 2517 5624 ad
2571 5586 2669 5628 eos
2703 5572 2846 5628 radii
2890 5572 3048 5630 solis.
3084 5570 3507 5641 Quamobrem?

1907 5663 2048 5731 Quia
2099 5679 2197 5734 per
2247 5661 2395 5733 ipsas
2443 5664 2610 5719 etiam
2665 5675 2859 5723 noctes
2902 5665 2984 5722 sol
3046 5667 3115 5722 ab
3180 5662 3262 5720 cis
3331 5677 3500 5733 quam

2210 5953 2246 5960 γ-
2267 5957 2270 5960 .
2323 5957 2397 5964 ---.-
2662 5963 2708 5970 ³,,
