4008 6440
507 292 577 349 8ῖί
1783 292 1837 351 Μ
1854 290 2093 350 lClIAEl

2197 294 2204 346 ἱ
2235 293 2498 353 GLYCE
3703 303 3766 368 84

500 408 745 477 proxime
778 407 1198 477 circumagitur,
1229 418 1518 477 propterea
1548 409 1694 479 quod
1731 411 1930 479 exigua
1959 425 2086 479 pars

2197 410 2359 480 μέρος
2383 402 2501 462 ’ὑπὸ
2541 408 2645 481 γῆν
2684 409 3074 467 καταδύεσθαι.
3098 412 3209 466 Καὶ
3248 414 3304 468 οἵ
3339 432 3402 482 γε
3433 416 3541 469 τῶν
3574 417 3765 491 Βρετα-

498 502 616 565 ejus
656 496 759 550 sub
792 507 990 549 terram
1023 497 1394 567 demergatur.
1424 498 1810 551 Britannorum
1854 499 2076 567 quidem

497 589 532 641 ii
561 597 837 658 quotquot
866 587 1153 642 oculorum
1196 588 1451 642 acumine
1498 589 1699 653 valent,
1728 604 1825 657 per
1863 600 2077 644 noctrm

496 690 753 737 accurate
786 690 1022 736 cernunt
1061 697 1124 736 ac
1162 691 1371 735 tantum
1403 697 1512 735 non
1543 684 1728 737 omnia
1761 683 1876 739 suis
1903 683 2082 738 oculis

496 772 998 843 comprehendunt.
1045 773 1120 827 De
1149 790 1259 842 quo
1290 775 1449 826 velint
1497 773 1674 829 discas
1705 773 1851 843 quod
1902 774 1945 828 si
1996 774 2082 831 sol

502 867 557 919 in
609 868 828 921 climate
876 878 1077 921 nostro
1120 882 1230 920 nou
1285 868 1389 921 sub
1438 876 1585 921 terra
1633 881 1859 921 cursum
1917 881 2080 919 suum

502 961 815 1026 perliceret,
860 961 955 1013 sed
990 960 1183 1013 itidem
1222 970 1275 1012 ut
1332 959 1458 1013 istic
1488 964 1907 1028 quamproxinc
1933 959 2081 1029 apud

500 1069 601 1107 nos
631 1054 1189 1118 circumvolveretur,
1227 1069 1333 1109 nox
1381 1070 1574 1123 reapse
1615 1070 1727 1108 non
1758 1070 1864 1108 uox
1916 1052 2079 1117 foret,

494 1160 529 1197 ιι
556 1160 598 1199 ιο
649 1147 773 1213 ejus
824 1149 1066 1201 tenebrae
1097 1147 1393 1201 admodum
1424 1146 1752 1218 profunda.
1797 1146 1892 1201 sed
1931 1146 2081 1213 ejus-

499 1235 647 1288 modi
697 1237 888 1304 quales
937 1237 1051 1305 jam
1120 1246 1249 1291 ante
1313 1236 1767 1306 signiﬁcavimus.
1820 1237 2084 1291 nimirum

500 1337 645 1379 terra
696 1344 829 1382 non‘
860 1328 1133 1384 olliciente
1184 1330 1353 1383 radiis
1397 1329 1671 1383 solaribus
1716 1344 1818 1383 nec
1859 1344 1958 1382 eos
1987 1330 2087 1383 oh-

498 1430 773 1474 strucute.
804 1419 917 1475 Nox
945 1422 1095 1476 enim
1131 1421 1280 1477 aliud
1311 1421 1449 1477 nihil
1480 1431 1586 1485 est,
1616 1421 2083 1492 quemadmodum

494 1524 554 1566 ct
592 1530 822 1581 uiaguus
860 1515 951 1569 ille
992 1515 1231 1572 Basilius
1260 1516 1356 1583 ait,
1392 1532 1554 1586 quam
1594 1528 1754 1572 terra:
1783 1516 2089 1572 obumbra-

500 1605 595 1657 tio.
632 1605 980 1678 Quapropter
1023 1609 1068 1664 si
1110 1608 1190 1663 sol
1223 1616 1427 1663 terram
1468 1624 1577 1662 non
1625 1610 2087 1677 subtercurreret,

504 1698 600 1751 sed
658 1702 909 1767 proxime
944 1702 1151 1758 alicubi
1184 1704 1747 1775 .circumagitaretur,
1780 1704 1944 1760 sicuti
1991 1722 2089 1760 su—

2184 505 2290 557 νών
2339 502 2790 573 ὀξυδερκέστατοι
2825 503 3014 572 σαφῶς
3057 505 3229 576 ὁρῶσι
3264 508 3411 560 κατά
3461 509 3560 579 τὴν
3605 512 3764 567 νύκτα

2184 594 2277 646 καὶ
2318 593 2517 663 μικροῦ
2552 594 2774 658 πάντως
2796 597 2907 658 τοῖς
2936 595 3240 666 ὀφθαλμοῖς
3268 600 3763 671 περιλαμϐάνουσι.

2184 683 2431 738 Μάνθανε
2459 680 2553 740 οὖν
2579 687 2828 741 ἐντεῦθεν
2852 688 2927 750 ὡς
2959 690 3013 742 ετ
3037 705 3099 758 γε
3145 690 3239 743 καί⁵
3270 692 3332 744 ὲν
3367 692 3448 763 τῷ
3481 693 3602 748 καθ’
3628 698 3762 767 ἡμᾶς

2183 777 2407 847 κλίματι
2435 778 2535 847 οὐχ
2565 778 2672 832 ὑπὸ
2700 779 2806 847 γῆν
2851 780 2881 834 ὁ
2926 781 3081 852 ἥλιος
3116 782 3376 838 διοδεύων
3404 781 3496 856 ἦν,
3537 787 3648 840 ἀλλ’
3680 789 3763 858 ἔγ-

2184 867 2348 935 γιστά
2384 884 2483 919 που
2519 864 2810 923 ’κάνταῦθα
2866 872 3323 941 περιεστρέφετο,
3360 875 3393 945 ἡ
3433 874 3530 941 νὺξ
3562 878 3761 947 ἀληθῶς

2184 960 2304 1031 οὐχὶ
2360 960 2477 1026 νὺξ,
2519 961 2641 1014 οὐδὲ
2681 963 2824 1017 πάνυ
2879 962 3019 1032 βαθὺ
3066 964 3129 1018 τὸ
3167 966 3365 1031 σκότος
3418 970 3611 1039 αὐτῆς,
3639 972 3761 1026 ἀλλὰ

2185 1053 2431 1107 τοιοῦτον
2464 1055 2647 1109 ὁποῖον
2680 1057 2708 1109 ὁ
2735 1055 2894 1124 λόγος
2925 1057 3026 1127 ήδη
3076 1056 3295 1126 φθάσας
3323 1060 3644 1132 ἐγνώρισεν,
3675 1064 3763 1117 ἅτε

2187 1145 2452 1216 οὐμενοῦν
2481 1146 2960 1220 ἀντιφραττούσης
2988 1150 3112 1213 ταῖς
3136 1150 3402 1221 ἡλιακαῖς
3430 1153 3615 1208 ἀκτῖσι
3637 1170 3768 1209 παν·

2185 1238 2446 1292 τάπασιν.
2502 1237 2567 1291 Ἦ
2610 1240 2720 1309 γὰρ
2752 1240 2849 1308 νὺξ
2902 1241 3059 1296 οὐδὲν
3102 1242 3235 1298 ἄλλο
3284 1244 3497 1316 ἐστὶνῆ
3534 1247 3765 1318 σκίασμα

2186 1325 2312 1394 γῆς,
2341 1326 2418 1389 ὡς
2478 1329 2507 1379 ό
2552 1328 2726 1397 μέγας
2768 1332 2906 1399 φησὶ
2953 1331 3260 1395 Βασίλειος.
3302 1332 3413 1386 Τοῦ
3461 1334 3595 1404 γοῦν
3621 1335 3764 1407 ἡλίου

2192 1418 2268 1489 μὴ
2316 1418 2416 1488 τὴν
2460 1420 2564 1488 γῆν
2596 1421 3013 1493 ὑποτρέχοντος,
3057 1422 3179 1478 ἀλλ’
3214 1423 3455 1493 ἔγγιστα
3485 1443 3769 1499 περιστρε-

2190 1510 2467 1577 φομένου,
2519 1509 2596 1573 ὡς
2656 1510 2867 1565 ἀνωθεν
2926 1510 3184 1583 εἴρηται,
3242 1511 3475 1582 βαθεῖαν
3533 1511 3767 1580 γίνεσθαι

2190 1602 2363 1655 νύκτα
2391 1602 2607 1665 πάντως
2636 1604 2944 1675 ἀμήχανον.
2976 1606 3086 1660 Καὶ
3116 1606 3169 1659 τί
3199 1607 3367 1677 χρεία
3397 1604 3571 1660 πολλά
3596 1606 3766 1673 λέγειν

2193 1695 2289 1748 καὶ
2320 1693 2667 1765 ἀπαριθμεῖν
2691 1697 2760 1750 τὰ
2790 1696 2915 1750 καθ’
2948 1696 3219 1764 ἕκαστονς
3257 1698 3576 1770 Σφαιρικῆς
3613 1697 3766 1764 οὔσης

500 1791 691 1858 perius
717 1793 1024 1861 aiebamus,
1045 1796 1162 1851 ﬁeri
1194 1812 1544 1867 nequaquam
1574 1805 1760 1866 posset
1789 1806 2086 1854 utnoctem

2197 1785 2292 1857 τῆς
2338 1790 2443 1858 γῆς
2483 1789 2577 1843 καὶ
2634 1788 2693 1842 ἐν
2748 1788 2905 1859 μέσῳ
2951 1787 3047 1842 τοῦ
3078 1790 3285 1853 παντὸς
3340 1790 3766 1862 ἀπῃωρημένης,

500 1880 830 1948 profundam
882 1883 1237 1943 haberemus.
1295 1887 1365 1942 Et
1422 1901 1557 1942 vero
1620 1887 1757 1957 quid
1809 1903 1951 1959 opus
2000 1899 2087 1944 est

502 1972 672 2025 multa
709 1987 1147 2033 commemorare
1185 1978 1514 2050 singulaque
1565 1980 1903 2037 recensere?
1945 1979 2086 2037 Cum

496 2061 721 2127 globosa
775 2066 847 2119 sit
888 2077 1033 2122 terra
1066 2079 1123 2124 et
1156 2068 1210 2124 in
1242 2071 1487 2127 universi
1528 2072 1710 2128 medio
1757 2074 1917 2144 quasi
1965 2089 2086 2130 sus.

501 2170 672 2223 pensa
709 2156 934 2224 Intereat,
967 2161 1112 2230 apud
1158 2162 1297 2217 alios
1325 2164 1488 2219 aliter
1514 2165 1596 2219 sol
1635 2164 1816 2220 oritur
1846 2176 1901 2222 et
1935 2166 2089 2222 occi-

499 2248 599 2297 dit.
625 2245 826 2301 Eadem
849 2249 916 2303 de
935 2265 1100 2305 causa
1124 2253 1406 2307 nonnullis
1428 2255 1662 2323 aequalia
1682 2255 1894 2309 dierum
1923 2264 2088 2324 atque

500 2337 744 2391 noctium
784 2338 954 2393 eiiirit
999 2344 1194 2409 spatia,
1240 2345 1520 2399 nonnullis
1544 2346 1856 2414 inazqualia.
1900 2345 2089 2415 Neque

502 2429 702 2482 mirum
739 2429 834 2484 tibi
881 2433 951 2486 sit
982 2436 1125 2502 apud
1164 2435 1459 2492 Britannos
1514 2447 1731 2492 noctem
1790 2452 1884 2491 sex
1924 2437 2092 2490 hora-

506 2536 624 2572 rum
657 2537 801 2587 esse,
836 2524 1058 2591 quando
1081 2526 1225 2594 apud
1255 2527 1411 2594 alios,
1445 2527 1647 2597 quibus
1673 2544 1791 2583 eam
1826 2526 1893 2582 ad
1923 2528 2096 2582 subli-

502 2613 745 2667 mitatem
791 2618 873 2669 vel
926 2619 1187 2675 australis
1244 2620 1330 2673 vel
1387 2621 1716 2690 aquilonalis
1783 2620 1945 2688 polus
2008 2629 2096 2674 est

498 2708 746 2761 elevatus
796 2720 856 2764 ut
894 2710 1133 2766 alterum
1184 2713 1413 2768 omnino
1456 2729 1624 2785 supra
1681 2714 1944 2769 verticem
1998 2714 2095 2766 lia.

499 2799 684 2864 beant,
742 2807 886 2871 apud
945 2805 1047 2859 hos
1096 2821 1231 2875 ergo
1273 2817 1502 2876 propter
1537 2806 1671 2860 solis
1706 2805 1761 2859 iu
1819 2804 2109 2881 circulum

2189 1881 2323 1950 παρ’
2370 1881 2559 1948 ἄλλοις
2600 1881 2782 1941 ἄλλως
2819 1880 3103 1937 ἀνατέλλει
3135 1899 3196 1936 τε
3240 1883 3340 1937 καὶ
3368 1883 3518 1939 δύνει
3546 1886 3574 1938 ὁ
3604 1883 3765 1953 ἥλιος,

2189 1973 2493 2028 κάντεῦθεν
2529 1977 2643 2037 τοῖς
2683 1973 2785 2043 μὲν
2818 1972 2911 2028 ῐσα
2940 1972 3090 2028 τελεῖ
3113 1975 3182 2029 τὰ
3208 1976 3560 2049 νυχθήμερα,
3588 1978 3694 2039 τοῖς
3718 1974 3771 2029 δδ

2189 2065 2355 2119 πάλιν
2414 2065 2597 2120 ἄνισα.
2635 2066 2727 2137 Μὴ
2774 2064 3040 2135 θαύμαζε
3102 2067 3222 2136 ιῐγε
3282 2068 3441 2141 παρά
3494 2068 3768 2140 Βρετανοῖς

2188 2156 2426 2226 ἑξάωρός
2461 2158 2611 2210 ἐστιν
2654 2159 2689 2224 ἡ
2732 2155 2853 2224 νὺξ,
2881 2159 3018 2212 ὅπου
3044 2175 3109 2227 γε
3141 2159 3278 2239 παρ’
3330 2160 3565 2231 ἑτέροις,
3587 2155 3662 2220 οἷς
3690 2174 3769 2211 το·

2197 2249 2387 2302 σοῦ-εον
2437 2251 2466 2302 ὁ
2518 2249 2685 2313 πόλος
2727 2248 2958 2321 ἐξῆρται
2984 2250 3013 2302 ό
3054 2250 3270 2321 βόρειος
3303 2252 3335 2323 ἢ
3369 2254 3398 2305 ὁ
3440 2252 3613 2315 νότιος
3639 2250 3766 2304 ὥστε

2198 2342 2346 2401 κατὰ
2373 2344 2623 2414 κορυφὴν
2654 2342 2802 2413 ἔχειν
2843 2343 2938 2398 τὸν
2970 2345 3159 2415 ἕτερόν
3215 2362 3284 2415 γε
3329 2346 3545 2409 πάντως
3578 2342 3767 2403 αὐτῶν.

2197 2435 2410 2497 τούτοις
2451 2435 2539 2488 eis
2593 2434 2690 2505 τὴν
2720 2434 2883 2507 πέριξ
2943 2436 3036 2490 τοῦ
3111 2437 3268 2509 ἡλίου
3331 2436 3663 2510 περιδρομὴν
3713 2433 3768 2485 τὸ

2194 2527 2523 2596 οἰκούμενον
2568 2526 2719 2582 ἆπαν
2760 2529 3072 2599 ἑσκίασται,
3110 2532 3139 2585 ὅ
3176 2548 3237 2584 τε
3268 2530 3549 2593 ἐνιαύσιος
3594 2525 3765 2588 αὐτοῖς

2194 2618 2398 2684 κύκλος
2426 2620 2618 2692 ἡμέρᾳ
2667 2621 2765 2691 μιᾷ
2792 2622 2890 2675 καὶ
2931 2624 3089 2675 νυκτὶ
3113 2622 3385 2688 ὡσαύτως
3426 2619 3762 2692 μεμέρισται.

2192 2712 2270 2775 ὼς
2293 2707 2435 2766 εἶναι
2476 2711 2687 2775 τούτοις
2735 2712 2926 2766 λοιπὸν
2974 2713 3076 2784 τὴν
3116 2714 3340 2785 ἡμέραν
3378 2713 3647 2782 ἑξάμηνον
3676 2708 3759 2759 καὶ

2195 2805 2295 2875 τὴν
2337 2803 2512 2859 νύκτα
2538 2804 2852 2875 ἰσάριθμον.
2881 2805 2993 2859 Καὶ
3022 2805 3230 2859 τούτων
3264 2805 3468 2871 οὕτως.

501 2900 925 2955 cmtversionem
963 2910 1072 2956 tota
1113 2904 1262 2971 regio
1299 2902 1556 2956 tenebras
1582 2908 1881 2971 perpetuas
1909 2900 2099 2967 habet,
2131 2899 2239 2971 33
2266 2908 2323 2956 et
2349 2902 2767 2958 anniversarius
2797 2900 2948 2956 orbis
2975 2902 3065 2957 ille
3096 2901 3465 2959 consimiliter
3525 2901 3577 2958 in
3635 2898 3763 2954 diem

502 3007 832 3065 noctemque
898 2995 979 3051 sic
1032 2997 1324 3060 dividitur,
1375 3003 1437 3050 ut
1496 2994 1643 3050 diem
1694 2994 1918 3064 quidem
1973 2995 2382 3067 sex_mensium
2427 2994 2769 3067 totidemque
2825 2996 3101 3051 mensium
3157 3006 3381 3053 noctem
3430 2995 3679 3051 habeant.
3699 2990 3767 3045 Ac

500 3091 567 3142 de
600 3091 685 3145 his
719 3090 943 3171 quidem
978 3091 1082 3147 hoc
1110 3091 1277 3147 modo
1303 3092 1515 3147 dictqu
1542 3102 1684 3147 esto.

575 3190 696 3244 Non
743 3189 933 3260 ignoro
981 3198 1187 3257 autem,
1217 3189 1419 3245 dilecte
1450 3189 1550 3257 fili,
1585 3199 1638 3246 te
1678 3190 1746 3245 de
1788 3191 1894 3246 hoc
1926 3190 2093 3247 etiam

501 3293 702 3352 ιιΐὲιέιὲτ
746 3285 852 3338 alia
895 3284 1133 3340 sollicite
1178 3286 1638 3355 perquisiturum.
1693 3286 2088 3355 Quamobrem,

504 3377 748 3445 inquies,
789 3386 905 3432 toto
954 3377 1141 3433 triduo
1195 3379 1420 3448 quidem
1459 3379 1657 3435 diﬂ‘usa
1703 3381 1793 3435 lux
1848 3390 1966 3436 erat
2002 3381 2094 3437 illa

504 3470 853 3547 primigenia,
885 3480 1087 3540 quarto
1132 3481 1320 3527 autem
1360 3471 1454 3528 die
1489 3472 1665 3527 divisa
1710 3482 1789 3528 est
1828 3473 1884 3528 in
1925 3473 2094 3528 lumi-

504 3563 684 3623 naria.
704 3563 969 3618 nimirum
1002 3564 1422 3632 sulem,luuam,
1452 3567 1659 3637 reliqua
1688 3566 2092 3622 sidera?Nolim

507 3655 765 3724 equidem
827 3655 993 3712 nimis
1047 3666 1100 3713 te
1152 3656 1376 3714 curiose
1422 3674 1705 3714 sacrarum
1754 3659 2093 3714 Litterarum

504 3749 672 3803 \erba
710 3750 1047 3815 examinare,
1088 3751 1310 3820 quando
1359 3750 1463 3806 hac
1496 3752 1549 3805 in
1594 3767 1752 3821 parte
1792 3752 1978 3807 studio
2011 3753 2097 3806 tli-

504 3842 691 3896 scrndi
726 3851 819 3896 tuo
856 3858 1079 3911 prorsus
1096 3843 1414 3899 satisfacere
1450 3842 1558 3898 non
1587 3860 1907 3912 possumus.
1939 3842 2094 3900 Scito

507 3945 691 3988 tamen
725 3934 1038 3990 condidisse
1076 3934 1301 4004 quidem
1335 3936 1498 3991 initio
1528 3935 1700 3990 Deum
1736 3935 1919 3990 lucem
1942 3936 2094 3991 illam

508 4044 703 4096 puram
753 4037 810 4082 et
859 4037 1142 4097 expertem
1196 4029 1452 4085 materiei
1488 4040 1714 4094 crassae,
1746 4044 1940 4084 verum
1985 4044 2098 4083 non

509 4120 689 4188 ipsum
733 4122 971 4185 discum,
1000 4130 1062 4177 ut
1108 4121 1239 4177 inde
1276 4122 1558 4176 discamus
1587 4136 1825 4192 quorum
1866 4135 2095 4189 operum

513 4214 632 4283 ipse
671 4213 743 4269 sit
773 4213 1028 4281 effector,
1067 4229 1244 4284 eoque
1280 4224 1545 4285 percepto
1581 4213 2096 4285 praestantissimum

512 4308 670 4361 illum
720 4308 987 4363 artilicem
1043 4316 1197 4363 tanto
1244 4308 1417 4378 magis
1468 4308 1851 4362 admiremur:
1893 4322 2018 4360 nam
2067 4321 2097 4360 a

518 4398 896 4467 magnitudine
943 4399 1426 4471 pulcritudineque
1476 4409 1789 4454 creaturam
1847 4406 1960 4452 tum
2014 4413 2100 4453 sa-

517 4491 726 4571 pientia
776 4501 889 4547 tum
937 4502 1184 4563 potestas
1214 4492 1432 4564 opiﬁcis
1474 4493 1804 4563 perspicitur
1836 4493 1905 4546 ³ο.
1938 4492 2099 4563 Ejus—

515 4586 663 4641 modi
701 4602 831 4641 vero
871 4586 1053 4641 lucem
1099 4586 1364 4655 deinceps
1396 4585 1450 4639 in
1506 4584 1692 4640 discos
1737 4586 1993 4652 collocat,
2037 4595 2100 4641 ut

2275 3188 2407 3247 Οἶδα
2436 3192 2513 3261 δὲ,
2546 3191 2825 3264 ἀγαπητδ,
2854 3192 2938 3247 ὅτι
2968 3193 3065 3248 καὶ
3097 3191 3258 3247 τοῦτο
3294 3193 3436 3265 πρὸς
3463 3193 3574 3255 τοῖς
3602 3186 3766 3246 ἄλλοις

2200 3286 2568 3359 περιιργάζῃ,
2596 3284 2664 3338 Τί
2696 3285 2758 3356 δὴ
2794 3303 2949 3351 ποτε,
2984 3285 3180 3355 λέγων,
3216 3284 3314 3339 ἐπὶ
3346 3285 3527 3356 τρισὶν
3555 3280 3767 3353 ἡμέραις

2202 3381 2613 3451 ἀνακειχυμένον
2660 3375 2728 3450 ἦν
2772 3380 2945 3433 ἐκεῖνο
2990 3378 3051 3433 τὸ
3085 3377 3441 3448 πρωτόγονον
3473 3377 3605 3447 φῶς,
3639 3375 3691 3427 ὲν
3716 3369 3766 3422 δὲ

2202 3476 2267 3544 τῇ
2296 3476 2534 3545 τετάρτῃ
2567 3473 2754 3543 ἡμέρᾳ
2788 3474 2900 3536 τοῖς
2933 3472 3224 3542 φωστῆρσι
3258 3467 3658 3543 κατεμερίσθη,
3695 3462 3765 3532 τῷ

2201 3582 2261 3619 τε
2299 3565 2434 3636 ἡλίῳ
2471 3565 2698 3634 δηλαδὴ,
2735 3568 2801 3635 τῇ
2836 3564 3037 3638 σελὴνῃ
3068 3567 3166 3618 καὶ
3193 3564 3312 3629 τοῖς
3342 3563 3551 3626 λοιποῖς
3582 3560 3768 3627 ἀστρα-

2206 3674 2330 3723 σιν;
2379 3658 2540 3712 ’Δλλὰ
2582 3657 2659 3727 μὴ
2704 3659 2798 3711 ἐπὶ
2848 3656 3013 3710 πλέον
3047 3657 3115 3711 τὰ
3164 3655 3286 3710 θεῖα
3340 3649 3769 3724 πολυπραγμόνει

2206 3748 2368 3818 ῥητὰ,
2411 3749 2494 3801 ὅτι
2546 3748 2684 3818 μηδὲ
2743 3747 3079 3819 θεραπεύειν
3125 3746 3222 3800 ἐπὶ
3272 3748 3492 3809 τούτοις
3530 3740 3769 3812 ίσχύομεν

2202 3840 2302 3910 τὴν
2332 3840 2429 3911 σὴν
2464 3840 2851 3909 φιλομάθειαν.
2888 3840 3031 3893 Ἴσθι
3077 3838 3379 3910 τοιγαροῦν
3414 3838 3495 3892 ὅτι
3549 3831 3769 3903 παράγει

2209 3934 2308 4003 μὲν
2338 3936 2366 3985 ὁ
2400 3934 2534 3998 Θεὸς
2580 3933 2641 3985 τὸ
2683 3931 2925 4004 καθαρὸν
2971 3932 3151 3985 ἐκεῖνο
3184 3932 3278 3984 καὶ
3308 3932 3475 3992 ἄῦλον
3509 3926 3639 3995 φῶς.
3664 3917 3770 3987 οὐχὶ

2204 4025 2261 4078 δὲ
2315 4027 2408 4079 καὶ
2463 4025 2555 4079 τὸν
2606 4024 2793 4078 δίσκον
2851 4023 3039 4091 αὐτὸν,
3072 4023 3162 4076 ἵνα
3219 4023 3489 4093 μάθωμεν
3540 4011 3768 4071 ὲντεῦθεν

2205 4117 2411 4169 ὁποίων
2447 4115 2627 4189 ἔργων
2661 4117 2813 4169 ἐστὶν
2865 4114 3195 4186 αὐτουργὸς,
3228 4117 3330 4168 καὶ
3383 4113 3473 4168 ἴνα
3525 4106 3768 4181 μαθόντες

2207 4210 2296 4263 τὸν
2344 4209 2737 4279 ἀριστοτέχνην
2765 4207 2901 4261 Θεὸν
2946 4207 3040 4260 ἐπὶ
3086 4206 3249 4259 πλέον
3282 4202 3686 4275 θαυμάζωμεν·
3713 4192 3777 4245 ὲκι

2210 4301 2476 4370 μεγέθους
2530 4300 2640 4370 γὰρ
2676 4302 2769 4354 καὶ
2825 4297 3091 4367 καλλονῆς
3124 4298 3449 4367 κτισμάτων
3492 4294 3525 4364 ἡ
3569 4289 3658 4344 τοῦ
3683 4283 3770 4352 δη·

2211 4395 2474 4465 μιουργοῦ
2529 4394 2831 4462 καθορᾶται
2870 4392 3032 4457 σοφία
3071 4393 3168 4446 καὶ
3224 4392 3479 4461 δύναμις.
3513 4384 3686 4450 Δίσκῳ
3721 4373 3771 4428 δὲ

2206 4490 2268 4543 τὸ
2309 4489 2554 4543 τοιοῦτον
2598 4486 2960 4555 ἐναποτίθησι
2992 4487 3133 4555 μετά
3173 4484 3350 4539 ταῦτα
3396 4484 3531 4554 φῶς,
3562 4478 3644 4531 ἵνα
3681 4470 3771 4539 τὴν

2207 4582 2534 4652 ἐκπηδῶσαν
2565 4580 2780 4634 ἐκεῖθεν
2824 4579 3022 4631 ἀκτῖνα
3056 4578 3144 4631 διὰ
3183 4577 3276 4630 τοῦ
3318 4577 3508 4630 δίσκου
3548 4576 3765 4623 συσκιαο

516 4689 908 4748 promanautes
957 4679 1087 4734 inde
1159 4678 1347 4733 radios
1398 4694 1498 4748 per
1568 4678 1785 4733 discum
1842 4681 2093 4735 nonnihil

2210 4676 2445 4749 ζομὲνην
2512 4674 2817 4743 ἐργάσηται
2886 4670 3245 4740 σύμμετρονο
3308 4662 3622 4762 όφθαλμοὺξ

518 4773 668 4825 velut
716 4772 1045 4824 obscuratos
1087 4768 1212 4823 usui
1259 4776 1456 4823 nostro
1505 4767 1735 4823 idoneos
1770 4780 1937 4840 atque
1970 4786 2101 4824 con-

521 4863 807 4917 teuientes
834 4862 1111 4916 redderet.
1142 4861 1276 4916 Nam
1312 4861 1378 4917 de
1427 4862 1766 4918 Theodoreti
1804 4866 2103 4931 sententia,

518 4969 643 5007 eum
673 4955 849 5008 oculis
874 4952 1104 5022 praedita
1138 4953 1251 5007 sint
1276 4954 1561 5020 animalia,
1587 4955 1767 5010 lucem
1803 4955 1951 5010 illam
1980 4955 2110 5008 alte—

522 5059 636 5097 ram
673 5046 817 5099 l'erre
859 5061 968 5101 non
1007 5048 1337 5115 potuissent.
1373 5046 1556 5103 llahrs
1594 5049 1995 5118 expositionem
2038 5049 2108 5104 de

522 5140 640 5209 ipsa
663 5127 902 5208 petitam
937 5140 1190 5195 historia.

594 5232 800 5299 Quodsi
832 5234 999 5288 verba
1027 5236 1260 5290 Mosaica
1282 5235 1576 5293 sublimius
1611 5235 1776 5290 etiam
1798 5235 2107 5306 intelligere

524 5328 633 5392 vis,
680 5337 741 5382 ut
782 5328 963 5384 discas
994 5330 1354 5398 quamobrem
1400 5332 1492 5385 lux
1543 5330 1632 5386 illa
1671 5328 1855 5384 triduo
1901 5329 2104 5384 diﬂusa

524 5422 694 5476 fuerit
728 5423 932 5491 ubique
968 5439 1031 5477 ac.
1066 5423 1327 5492 deinceps
1373 5424 1428 5478 in
1481 5421 1778 5477 luminaria
1814 5422 1974 5492 quasi
2025 5437 2109 5475 rc-

527 5517 775 5579 condita,
804 5516 1053 5571 divinum
1093 5516 1244 5570 illum
1278 5517 1629 5572 Anastasium
1663 5515 1856 5575 babes.
1885 5514 1977 5584 qui
2012 5529 2109 5583 per

529 5610 823 5680 allegorias
859 5609 977 5665 hcce
1015 5610 1070 5663 in
1121 5610 1271 5664 hunc
1308 5610 1534 5665 modum
1567 5608 1829 5663 declarat.
1867 5606 1981 5659 Lux
2020 5606 2108 5660 illa

535 5705 963 5777 prmcedeutium
996 5706 1159 5761 trium
1201 5705 1439 5772 dierum,
1464 5703 1531 5760 de
1564 5718 1667 5772 qua
1696 5701 1912 5756 Littera:
1944 5714 2112 5755 saeta:

611 5800 653 5830 ³⁰
686 5798 817 5871 Sap.
859 5818 971 5871 xm,

2206 4768 2400 4838 ἔχοντα
2432 4765 2546 4829 ζῶα
2598 4764 2699 4817 οὐκ
2736 4760 3088 4830 ἂνλῆνεγκεν,
3127 4759 3202 4821 ὥς
3259 4759 3364 4811 πού
3409 4769 3540 4824 φησι
3585 4738 3770 4838 6605p?-

2211 4834 2395 4933 (έῆτος-
2470 4858 2628 4914 Ἀλλὰ
2688 4855 2867 4910 ταῦτα
2926 4854 3037 4925 μὲν,
3077 4854 3107 4907 ὁ
3159 4849 3345 4923 λόγος’
3379 4844 3499 4903 καθ’
3548 4834 3769 4906 ἱστορίαν

2206 4954 2411 5027 ἐπῆλθέ
2440 4970 2546 5007 σοι.

2292 5230 2353 5284 Et
2421 5225 2601 5298 βούλει
2662 5222 2720 5278 δὲ
2779 5223 2875 5277 και
2939 5219 3278 5292 ὑψηλότερον
3348 5202 3665 5304 ὲκλαῦἑσθαξ

2208 5296 2486 5378 Μωσαῖκά
2533 5318 2627 5373 καὶ
2670 5316 2790 5372 θεῖα
2837 5316 3002 5388 ῥητὰ,
3034 5312 3177 5369 ὥστε
3233 5310 3424 5382 μαθεῖν
3465 5306 3528 5359 ὲκ
3578 5296 3766 5388 τούτων

2207 5419 2350 5479 τίνος
2395 5415 2584 5469 ἕνεκεν
2627 5408 3039 5482 ἁνακεχυμένον
3088 5403 3157 5479 ἦν
3192 5406 3287 5459 ἐπὶ
3328 5398 3503 5473 τρισὶν
3545 5384 3763 5482 illm”?

2209 5514 2388 5565 ἐκεῖνο
2443 5508 2503 5561 τὸ
2557 5506 2674 5576 φῶς
2729 5501 3069 5574 ἁπανταχοῦ,
3135 5498 3275 5570 μετά
3324 5496 3381 5551 δὲ
3446 5483 3762 5587 “Mauri.

2212 5602 2536 5674 φωστῆρσιν
2576 5595 2954 5660 ὲναπετίθετο,
2984 5593 3077 5648 τὸν
3121 5592 3399 5647 θειότατον
3449 5566 3767 5677 Exi-“fui:

2216 5695 2435 5749 στάσιον
2481 5689 2895 5764 ἀλληγοροῦντα
2929 5688 2997 5742 τὰ
3032 5684 3282 5741 τοιαῦτα.
3315 5680 3392 5736 Τὸ
3437 5673 3532 5746 μὲν
3558 5658 3645 5721 οὖν
3672 5658 3768 5708 των
