  <div class='ocr_page' id='page_1' title='image "/cluster/home/n/w/nwhite01/storage/ocr_20150623/158/coo.31924054870633/079.png"; bbox 0 0 4008 6480; ppageno 0'>
   <div class='ocr_carea' id='block_1_1' title="bbox 430 371 3738 447">
    <p class='ocr_par' dir='ltr' id='par_1_1' title="bbox 430 371 3738 447">
     <span class='ocr_line' id='line_1_1' title="bbox 430 371 3738 447; baseline 0.005 -15"><span class='ocrx_word' id='word_1_1' title='bbox 430 371 502 434; x_wconf 85' lang='grc'><strong>87</strong></span> <span class='ocrx_word' id='word_1_2' title='bbox 1558 374 1560 376; x_wconf 66' lang='grc'>’</span> <span class='ocrx_word' id='word_1_3' title='bbox 1696 373 2115 434; x_wconf 76' lang='lat' dir='ltr'><strong>MICIIAELIS</strong></span> <span class='ocrx_word' id='word_1_4' title='bbox 2153 377 2413 439; x_wconf 67' lang='grc' dir='ltr'><strong>(ΠΛὈέ</strong></span> <span class='ocrx_word' id='word_1_5' title='bbox 3656 382 3738 447; x_wconf 78' lang='grc'><strong>88</strong></span> 
     </span>
    </p>
   </div>
   <div class='ocr_carea' id='block_1_2' title="bbox 431 483 2040 566">
    <p class='ocr_par' dir='ltr' id='par_1_2' title="bbox 431 483 2018 558">
     <span class='ocr_line' id='line_1_2' title="bbox 431 483 2018 558; baseline -0.003 -14"><span class='ocrx_word' id='word_1_6' title='bbox 431 494 725 544; x_wconf 90' lang='lat' dir='ltr'><strong>strantem.</strong></span> <span class='ocrx_word' id='word_1_7' title='bbox 761 483 1074 552; x_wconf 82' lang='lat' dir='ltr'><strong>Abibimus,</strong></span> <span class='ocrx_word' id='word_1_8' title='bbox 1108 483 1290 551; x_wconf 88' lang='lat' dir='ltr'><strong>aiunt,</strong></span> <span class='ocrx_word' id='word_1_9' title='bbox 1327 485 1394 541; x_wconf 86' lang='lat' dir='ltr'><strong>ad</strong></span> <span class='ocrx_word' id='word_1_10' title='bbox 1455 501 1603 542; x_wconf 88' lang='lat' dir='ltr'><strong>mare</strong></span> <span class='ocrx_word' id='word_1_11' title='bbox 1637 488 1772 542; x_wconf 90' lang='lat' dir='ltr'><strong>illud</strong></span> <span class='ocrx_word' id='word_1_12' title='bbox 1809 490 2018 558; x_wconf 88' lang='lat' dir='ltr'><strong>aquilo-</strong></span> 
     </span>
    </p>
   </div>
   <div class='ocr_carea' id='block_1_3' title="bbox 2148 483 3739 566">
    <p class='ocr_par' dir='ltr' id='par_1_3' title="bbox 2148 491 3739 566">
     <span class='ocr_line' id='line_1_3' title="bbox 2148 491 3739 566; baseline 0.008 -28"><span class='ocrx_word' id='word_1_13' title='bbox 2148 491 2542 549; x_wconf 82' lang='grc' dir='ltr'><strong>ιποδεικνύντα.</strong></span> <span class='ocrx_word' id='word_1_14' title='bbox 2575 493 2914 566; x_wconf 80' lang='grc' dir='ltr'><strong>Βαδίσωμεν,</strong></span> <span class='ocrx_word' id='word_1_15' title='bbox 2952 495 3165 564; x_wconf 37' lang='grc' dir='ltr'><strong>φασιν.</strong></span> <span class='ocrx_word' id='word_1_16' title='bbox 3197 493 3292 549; x_wconf 77' lang='grc' dir='ltr'><strong>ἐπὶ</strong></span> <span class='ocrx_word' id='word_1_17' title='bbox 3361 494 3419 550; x_wconf 79' lang='grc' dir='ltr'><strong>τὸ</strong></span> <span class='ocrx_word' id='word_1_18' title='bbox 3486 493 3739 566; x_wconf 70' lang='grc' dir='ltr'><strong>βῦρειον</strong></span> 
     </span>
    </p>
   </div>
   <div class='ocr_carea' id='block_1_4' title="bbox 429 576 2012 649">
    <p class='ocr_par' dir='ltr' id='par_1_4' title="bbox 429 576 2012 649">
     <span class='ocr_line' id='line_1_4' title="bbox 429 576 2012 649; baseline -0.001 -15"><span class='ocrx_word' id='word_1_19' title='bbox 429 594 590 639; x_wconf 87' lang='lat' dir='ltr'><strong>nare,</strong></span> <span class='ocrx_word' id='word_1_20' title='bbox 631 579 795 649; x_wconf 86' lang='lat' dir='ltr'><strong>cujus</strong></span> <span class='ocrx_word' id='word_1_21' title='bbox 821 591 963 646; x_wconf 85' lang='lat' dir='ltr'><strong>aqua</strong></span> <span class='ocrx_word' id='word_1_22' title='bbox 993 576 1209 646; x_wconf 87' lang='lat' dir='ltr'><strong>reliquo</strong></span> <span class='ocrx_word' id='word_1_23' title='bbox 1244 578 1383 632; x_wconf 90' lang='lat' dir='ltr'><strong>mari</strong></span> <span class='ocrx_word' id='word_1_24' title='bbox 1419 578 1632 634; x_wconf 85' lang='lat' dir='ltr'><strong>dulcior</strong></span> <span class='ocrx_word' id='word_1_25' title='bbox 1661 587 1764 634; x_wconf 89' lang='lat' dir='ltr'><strong>est.</strong></span> <span class='ocrx_word' id='word_1_26' title='bbox 1796 578 2012 648; x_wconf 77' lang='lat' dir='ltr'><strong>Quippe</strong></span> 
     </span>
    </p>
   </div>
   <div class='ocr_carea' id='block_1_5' title="bbox 433 665 2012 739">
    <p class='ocr_par' dir='ltr' id='par_1_5' title="bbox 433 665 2012 739">
     <span class='ocr_line' id='line_1_5' title="bbox 433 665 2012 739; baseline -0.002 -16"><span class='ocrx_word' id='word_1_27' title='bbox 433 669 514 724; x_wconf 90' lang='lat' dir='ltr'><strong>sol</strong></span> <span class='ocrx_word' id='word_1_28' title='bbox 548 669 808 739; x_wconf 76' lang='lat' dir='ltr'><strong>exiguum</strong></span> <span class='ocrx_word' id='word_1_29' title='bbox 848 667 916 720; x_wconf 91' lang='lat' dir='ltr'><strong>ad</strong></span> <span class='ocrx_word' id='word_1_30' title='bbox 950 675 1171 736; x_wconf 98' lang='lat' dir='ltr'><strong>tempus</strong></span> <span class='ocrx_word' id='word_1_31' title='bbox 1217 665 1271 720; x_wconf 92' lang='lat' dir='ltr'><strong>in</strong></span> <span class='ocrx_word' id='word_1_32' title='bbox 1304 681 1370 721; x_wconf 93' lang='lat' dir='ltr'><strong>eo</strong></span> <span class='ocrx_word' id='word_1_33' title='bbox 1415 681 1762 721; x_wconf 86' lang='lat' dir='ltr'><strong>commorans</strong></span> <span class='ocrx_word' id='word_1_34' title='bbox 1790 683 2012 721; x_wconf 87' lang='lat' dir='ltr'><strong>onmem</strong></span> 
     </span>
    </p>
   </div>
   <div class='ocr_carea' id='block_1_6' title="bbox 432 758 2015 829">
    <p class='ocr_par' dir='ltr' id='par_1_6' title="bbox 432 758 2015 829">
     <span class='ocr_line' id='line_1_6' title="bbox 432 758 2015 829; baseline -0.001 -15"><span class='ocrx_word' id='word_1_35' title='bbox 432 775 630 829; x_wconf 86' lang='lat' dir='ltr'><strong>aquam</strong></span> <span class='ocrx_word' id='word_1_36' title='bbox 691 758 992 829; x_wconf 78' lang='lat' dir='ltr'><strong>pombilem</strong></span> <span class='ocrx_word' id='word_1_37' title='bbox 1045 774 1155 812; x_wconf 90' lang='lat' dir='ltr'><strong>non</strong></span> <span class='ocrx_word' id='word_1_38' title='bbox 1215 759 1493 812; x_wconf 80' lang='lat' dir='ltr'><strong>exhaurit.</strong></span> <span class='ocrx_word' id='word_1_39' title='bbox 1549 760 1615 814; x_wconf 88' lang='lat' dir='ltr'><strong>Et</strong></span> <span class='ocrx_word' id='word_1_40' title='bbox 1668 759 2015 815; x_wconf 90' lang='lat' dir='ltr'><strong>delectantur</strong></span> 
     </span>
    </p>
   </div>
   <div class='ocr_carea' id='block_1_7' title="bbox 431 850 2017 923">
    <p class='ocr_par' dir='ltr' id='par_1_7' title="bbox 431 850 2017 923">
     <span class='ocr_line' id='line_1_7' title="bbox 431 850 2017 923; baseline -0.001 -15"><span class='ocrx_word' id='word_1_41' title='bbox 431 854 602 908; x_wconf 86' lang='lat' dir='ltr'><strong>etiam</strong></span> <span class='ocrx_word' id='word_1_42' title='bbox 633 853 843 906; x_wconf 87' lang='lat' dir='ltr'><strong>marina</strong></span> <span class='ocrx_word' id='word_1_43' title='bbox 870 850 1153 916; x_wconf 80' lang='lat' dir='ltr'><strong>dulcibus,</strong></span> <span class='ocrx_word' id='word_1_44' title='bbox 1181 866 1291 922; x_wconf 92' lang='lat' dir='ltr'><strong>quo</strong></span> <span class='ocrx_word' id='word_1_45' title='bbox 1323 851 1385 905; x_wconf 75' lang='lat' dir='ltr'><strong>fit</strong></span> <span class='ocrx_word' id='word_1_46' title='bbox 1418 865 1474 906; x_wconf 88' lang='lat' dir='ltr'><strong>ut</strong></span> <span class='ocrx_word' id='word_1_47' title='bbox 1503 867 1884 923; x_wconf 77' lang='lat' dir='ltr'><strong>saepenumero</strong></span> <span class='ocrx_word' id='word_1_48' title='bbox 1917 853 2017 907; x_wconf 83' lang='lat' dir='ltr'><strong>ilu-</strong></span> 
     </span>
    </p>
   </div>
   <div class='ocr_carea' id='block_1_8' title="bbox 435 943 2017 1014">
    <p class='ocr_par' dir='ltr' id='par_1_8' title="bbox 435 943 2017 1014">
     <span class='ocr_line' id='line_1_8' title="bbox 435 943 2017 1014; baseline -0.001 -15"><span class='ocrx_word' id='word_1_49' title='bbox 435 946 556 1000; x_wconf 82' lang='lat' dir='ltr'><strong>vios</strong></span> <span class='ocrx_word' id='word_1_50' title='bbox 587 944 829 1000; x_wconf 89' lang='lat' dir='ltr'><strong>natando</strong></span> <span class='ocrx_word' id='word_1_51' title='bbox 860 943 1240 1000; x_wconf 85' lang='lat' dir='ltr'><strong>conscendant</strong></span> <span class='ocrx_word' id='word_1_52' title='bbox 1289 943 1561 1014; x_wconf 80' lang='lat' dir='ltr'><strong>longoque</strong></span> <span class='ocrx_word' id='word_1_53' title='bbox 1595 960 1625 997; x_wconf 88' lang='lat' dir='ltr'><strong>a</strong></span> <span class='ocrx_word' id='word_1_54' title='bbox 1669 944 1806 999; x_wconf 90' lang='lat' dir='ltr'><strong>mari</strong></span> <span class='ocrx_word' id='word_1_55' title='bbox 1837 945 2017 1014; x_wconf 86' lang='lat' dir='ltr'><strong>spatio</strong></span> 
     </span>
    </p>
   </div>
   <div class='ocr_carea' id='block_1_9' title="bbox 435 1037 2016 1109">
    <p class='ocr_par' dir='ltr' id='par_1_9' title="bbox 435 1037 2016 1109">
     <span class='ocr_line' id='line_1_9' title="bbox 435 1037 2016 1109; baseline 0.001 -16"><span class='ocrx_word' id='word_1_56' title='bbox 435 1038 838 1109; x_wconf 90' lang='lat' dir='ltr'><strong>provehantur.</strong></span> <span class='ocrx_word' id='word_1_57' title='bbox 861 1038 1104 1108; x_wconf 85' lang='lat' dir='ltr'><strong>Ideoque</strong></span> <span class='ocrx_word' id='word_1_58' title='bbox 1133 1038 1341 1092; x_wconf 81' lang='lat' dir='ltr'><strong>Pontus</strong></span> <span class='ocrx_word' id='word_1_59' title='bbox 1364 1037 1499 1107; x_wconf 82' lang='lat' dir='ltr'><strong>ipsis</strong></span> <span class='ocrx_word' id='word_1_60' title='bbox 1523 1045 1609 1092; x_wconf 91' lang='lat' dir='ltr'><strong>est</strong></span> <span class='ocrx_word' id='word_1_61' title='bbox 1631 1039 1838 1108; x_wconf 78' lang='lat' dir='ltr'><strong>gratior</strong></span> <span class='ocrx_word' id='word_1_62' title='bbox 1860 1039 2016 1108; x_wconf 88' lang='lat' dir='ltr'><strong>quasi</strong></span> 
     </span>
    </p>
   </div>
   <div class='ocr_carea' id='block_1_10' title="bbox 435 1128 2018 1206">
    <p class='ocr_par' dir='ltr' id='par_1_10' title="bbox 435 1128 2018 1206">
     <span class='ocr_line' id='line_1_10' title="bbox 435 1128 2018 1206; baseline 0.002 -21"><span class='ocrx_word' id='word_1_63' title='bbox 435 1131 660 1202; x_wconf 90' lang='lat' dir='ltr'><strong>quidam</strong></span> <span class='ocrx_word' id='word_1_64' title='bbox 681 1131 854 1206; x_wconf 63' lang='lat' dir='ltr'><strong>sinus</strong></span> <span class='ocrx_word' id='word_1_65' title='bbox 893 1129 960 1184; x_wconf 89' lang='lat' dir='ltr'><strong>ad</strong></span> <span class='ocrx_word' id='word_1_66' title='bbox 997 1128 1359 1199; x_wconf 88' lang='lat' dir='ltr'><strong>proferendos</strong></span> <span class='ocrx_word' id='word_1_67' title='bbox 1400 1129 1833 1202; x_wconf 87' lang='lat' dir='ltr'><strong>educandosque</strong></span> <span class='ocrx_word' id='word_1_68' title='bbox 1871 1130 2018 1189; x_wconf 86' lang='lat' dir='ltr'><strong>fetus</strong></span> 
     </span>
    </p>
   </div>
   <div class='ocr_carea' id='block_1_11' title="bbox 438 1223 1009 1294">
    <p class='ocr_par' dir='ltr' id='par_1_11' title="bbox 438 1223 1009 1294">
     <span class='ocr_line' id='line_1_11' title="bbox 438 1223 1009 1294; baseline 0 -16"><span class='ocrx_word' id='word_1_69' title='bbox 438 1223 494 1280; x_wconf 92' lang='lat' dir='ltr'><strong>in</strong></span> <span class='ocrx_word' id='word_1_70' title='bbox 525 1223 720 1294; x_wconf 89' lang='lat' dir='ltr'><strong>primis</strong></span> <span class='ocrx_word' id='word_1_71' title='bbox 754 1223 1009 1280; x_wconf 88' lang='lat' dir='ltr'><strong>idoneus.</strong></span> 
     </span>
    </p>
   </div>
   <div class='ocr_carea' id='block_1_12' title="bbox 512 1401 2018 1474">
    <p class='ocr_par' dir='ltr' id='par_1_12' title="bbox 512 1401 2018 1474">
     <span class='ocr_line' id='line_1_12' title="bbox 512 1401 2018 1474; baseline 0.003 -17"><span class='ocrx_word' id='word_1_72' title='bbox 512 1401 631 1459; x_wconf 84' lang='lat' dir='ltr'><strong>Hoc</strong></span> <span class='ocrx_word' id='word_1_73' title='bbox 659 1403 827 1459; x_wconf 88' lang='lat' dir='ltr'><strong>etiam</strong></span> <span class='ocrx_word' id='word_1_74' title='bbox 861 1402 1008 1459; x_wconf 86' lang='lat' dir='ltr'><strong>inter</strong></span> <span class='ocrx_word' id='word_1_75' title='bbox 1043 1402 1147 1459; x_wconf 85' lang='lat' dir='ltr'><strong>alia</strong></span> <span class='ocrx_word' id='word_1_76' title='bbox 1179 1418 1410 1474; x_wconf 81' lang='lat' dir='ltr'><strong>magnus</strong></span> <span class='ocrx_word' id='word_1_77' title='bbox 1441 1403 1530 1460; x_wconf 89' lang='lat' dir='ltr'><strong>ille</strong></span> <span class='ocrx_word' id='word_1_78' title='bbox 1556 1403 1793 1460; x_wconf 79' lang='lat' dir='ltr'><strong>Basilius</strong></span> <span class='ocrx_word' id='word_1_79' title='bbox 1827 1405 2018 1462; x_wconf 84' lang='lat' dir='ltr'><strong>tradit.</strong></span> 
     </span>
    </p>
   </div>
   <div class='ocr_carea' id='block_1_13' title="bbox 443 1495 2020 1568">
    <p class='ocr_par' dir='ltr' id='par_1_13' title="bbox 443 1495 2020 1568">
     <span class='ocr_line' id='line_1_13' title="bbox 443 1495 2020 1568; baseline 0.002 -18"><span class='ocrx_word' id='word_1_80' title='bbox 443 1496 520 1550; x_wconf 75' lang='lat' dir='ltr'><strong>Ex</strong></span> <span class='ocrx_word' id='word_1_81' title='bbox 581 1496 862 1565; x_wconf 86' lang='lat' dir='ltr'><strong>quodam,</strong></span> <span class='ocrx_word' id='word_1_82' title='bbox 908 1496 1112 1566; x_wconf 82' lang='lat' dir='ltr'><strong>inquit,</strong></span> <span class='ocrx_word' id='word_1_83' title='bbox 1161 1495 1390 1552; x_wconf 90' lang='lat' dir='ltr'><strong>homine</strong></span> <span class='ocrx_word' id='word_1_84' title='bbox 1448 1496 1728 1553; x_wconf 88' lang='lat' dir='ltr'><strong>maritimo</strong></span> <span class='ocrx_word' id='word_1_85' title='bbox 1787 1497 2020 1568; x_wconf 76' lang='lat' dir='ltr'><strong>cognovi</strong></span> 
     </span>
    </p>
   </div>
   <div class='ocr_carea' id='block_1_14' title="bbox 442 1587 2022 1658">
    <p class='ocr_par' dir='ltr' id='par_1_14' title="bbox 442 1587 2022 1658">
     <span class='ocr_line' id='line_1_14' title="bbox 442 1587 2022 1658; baseline 0.001 -14"><span class='ocrx_word' id='word_1_86' title='bbox 442 1588 704 1644; x_wconf 88' lang='lat' dir='ltr'><strong>echinum</strong></span> <span class='ocrx_word' id='word_1_87' title='bbox 733 1587 1055 1656; x_wconf 90' lang='lat' dir='ltr'><strong>aquatilem,</strong></span> <span class='ocrx_word' id='word_1_88' title='bbox 1085 1587 1444 1658; x_wconf 81' lang='lat' dir='ltr'><strong>perexiguum</strong></span> <span class='ocrx_word' id='word_1_89' title='bbox 1471 1602 1536 1642; x_wconf 82' lang='lat' dir='ltr'><strong>ac.</strong></span> <span class='ocrx_word' id='word_1_90' title='bbox 1561 1587 1768 1644; x_wconf 86' lang='lat' dir='ltr'><strong>nullius</strong></span> <span class='ocrx_word' id='word_1_91' title='bbox 1796 1588 2022 1645; x_wconf 86' lang='lat' dir='ltr'><strong>omnino</strong></span> 
     </span>
    </p>
   </div>
   <div class='ocr_carea' id='block_1_15' title="bbox 446 1678 2024 1751">
    <p class='ocr_par' dir='ltr' id='par_1_15' title="bbox 446 1678 2024 1751">
     <span class='ocr_line' id='line_1_15' title="bbox 446 1678 2024 1751; baseline 0.001 -17"><span class='ocrx_word' id='word_1_92' title='bbox 446 1680 716 1735; x_wconf 80' lang='lat' dir='ltr'><strong>momenti</strong></span> <span class='ocrx_word' id='word_1_93' title='bbox 751 1679 858 1751; x_wconf 80' lang='lat'><strong>35</strong></span> <span class='ocrx_word' id='word_1_94' title='bbox 893 1678 1119 1747; x_wconf 89' lang='lat' dir='ltr'><strong>animal,</strong></span> <span class='ocrx_word' id='word_1_95' title='bbox 1153 1694 1536 1750; x_wconf 82' lang='lat' dir='ltr'><strong>saepenumero</strong></span> <span class='ocrx_word' id='word_1_96' title='bbox 1587 1681 1908 1751; x_wconf 83' lang='lat' dir='ltr'><strong>navigantes</strong></span> <span class='ocrx_word' id='word_1_97' title='bbox 1954 1679 2024 1736; x_wconf 89' lang='lat' dir='ltr'><strong>de</strong></span> 
     </span>
    </p>
   </div>
   <div class='ocr_carea' id='block_1_16' title="bbox 2117 583 3737 660">
    <p class='ocr_par' dir='ltr' id='par_1_16' title="bbox 2117 583 3737 660">
     <span class='ocr_line' id='line_1_16' title="bbox 2117 583 3737 660; baseline 0.011 -26"><span class='ocrx_word' id='word_1_98' title='bbox 2117 583 2396 651; x_wconf 75' lang='grc' dir='ltr'><strong>πέλαγοςο</strong></span> <span class='ocrx_word' id='word_1_99' title='bbox 2449 585 2788 654; x_wconf 71' lang='grc' dir='ltr'><strong>γλυκύτερον</strong></span> <span class='ocrx_word' id='word_1_100' title='bbox 2835 588 2946 658; x_wconf 76' lang='grc' dir='ltr'><strong>γὰρ</strong></span> <span class='ocrx_word' id='word_1_101' title='bbox 2996 591 3098 660; x_wconf 82' lang='grc' dir='ltr'><strong>τῆς</strong></span> <span class='ocrx_word' id='word_1_102' title='bbox 3149 587 3347 658; x_wconf 73' lang='grc' dir='ltr'><strong>λοιπῆς</strong></span> <span class='ocrx_word' id='word_1_103' title='bbox 3409 589 3737 659; x_wconf 74' lang='grc' dir='ltr'><strong>θαλάσσης</strong></span> 
     </span>
    </p>
   </div>
   <div class='ocr_carea' id='block_1_17' title="bbox 2117 663 3736 752">
    <p class='ocr_par' dir='ltr' id='par_1_17' title="bbox 2117 663 3736 752">
     <span class='ocr_line' id='line_1_17' title="bbox 2117 663 3736 752; baseline 0.004 -24"><span class='ocrx_word' id='word_1_104' title='bbox 2117 677 2297 729; x_wconf 74' lang='grc' dir='ltr'><strong>ἐκεῖνο</strong></span> <span class='ocrx_word' id='word_1_105' title='bbox 2335 676 2395 729; x_wconf 80' lang='grc' dir='ltr'><strong>τὸ</strong></span> <span class='ocrx_word' id='word_1_106' title='bbox 2436 675 2604 748; x_wconf 79' lang='grc' dir='ltr'><strong>ὕδωρ,</strong></span> <span class='ocrx_word' id='word_1_107' title='bbox 2656 679 2794 733; x_wconf 81' lang='grc' dir='ltr'><strong>διότι</strong></span> <span class='ocrx_word' id='word_1_108' title='bbox 2823 681 2912 732; x_wconf 75' lang='grc' dir='ltr'><strong>ἐπ’</strong></span> <span class='ocrx_word' id='word_1_109' title='bbox 2951 663 3136 749; x_wconf 71' lang='grc' dir='ltr'><strong>ὀλίγον</strong></span> <span class='ocrx_word' id='word_1_110' title='bbox 3164 682 3304 752; x_wconf 78' lang='grc' dir='ltr'><strong>αὐτῇ</strong></span> <span class='ocrx_word' id='word_1_111' title='bbox 3339 681 3736 751; x_wconf 86' lang='grc' dir='ltr'><strong>προσδιατρί-</strong></span> 
     </span>
    </p>
   </div>
   <div class='ocr_carea' id='block_1_18' title="bbox 2118 767 3736 844">
    <p class='ocr_par' dir='ltr' id='par_1_18' title="bbox 2118 767 3736 844">
     <span class='ocr_line' id='line_1_18' title="bbox 2118 767 3736 844; baseline 0.002 -24"><span class='ocrx_word' id='word_1_112' title='bbox 2118 767 2231 824; x_wconf 91' lang='grc' dir='ltr'><strong>ϐων</strong></span> <span class='ocrx_word' id='word_1_113' title='bbox 2258 771 2283 822; x_wconf 88' lang='grc' dir='ltr'>ὁ</span> <span class='ocrx_word' id='word_1_114' title='bbox 2315 769 2467 841; x_wconf 79' lang='grc' dir='ltr'><strong>ἥλιος</strong></span> <span class='ocrx_word' id='word_1_115' title='bbox 2495 771 2595 824; x_wconf 85' lang='grc' dir='ltr'><strong>ούκ</strong></span> <span class='ocrx_word' id='word_1_116' title='bbox 2619 771 2804 840; x_wconf 78' lang='grc' dir='ltr'><strong>ἐξάγει</strong></span> <span class='ocrx_word' id='word_1_117' title='bbox 2848 772 3022 841; x_wconf 80' lang='grc' dir='ltr'><strong>αὐτῆς</strong></span> <span class='ocrx_word' id='word_1_118' title='bbox 3053 773 3176 827; x_wconf 84' lang='grc' dir='ltr'><strong>ὅλον</strong></span> <span class='ocrx_word' id='word_1_119' title='bbox 3205 772 3293 826; x_wconf 83' lang='grc' dir='ltr'><strong>διά</strong></span> <span class='ocrx_word' id='word_1_120' title='bbox 3338 772 3439 844; x_wconf 82' lang='grc' dir='ltr'><strong>τῆς</strong></span> <span class='ocrx_word' id='word_1_121' title='bbox 3478 773 3736 836; x_wconf 78' lang='grc' dir='ltr'><strong>ἀκτῖνος</strong></span> 
     </span>
    </p>
   </div>
   <div class='ocr_carea' id='block_1_19' title="bbox 2117 860 3742 933">
    <p class='ocr_par' dir='ltr' id='par_1_19' title="bbox 2117 860 3742 933">
     <span class='ocr_line' id='line_1_19' title="bbox 2117 860 3742 933; baseline 0.003 -20"><span class='ocrx_word' id='word_1_122' title='bbox 2117 860 2178 914; x_wconf 76' lang='grc' dir='ltr'><strong>τὸ</strong></span> <span class='ocrx_word' id='word_1_123' title='bbox 2206 861 2464 931; x_wconf 76' lang='grc' dir='ltr'><strong>πότιμον.</strong></span> <span class='ocrx_word' id='word_1_124' title='bbox 2502 862 2700 933; x_wconf 83' lang='grc' dir='ltr'><strong>Χαίρει</strong></span> <span class='ocrx_word' id='word_1_125' title='bbox 2727 863 2786 917; x_wconf 84' lang='grc' dir='ltr'><strong>δὲ</strong></span> <span class='ocrx_word' id='word_1_126' title='bbox 2820 865 2933 926; x_wconf 79' lang='grc' dir='ltr'><strong>τοῖς</strong></span> <span class='ocrx_word' id='word_1_127' title='bbox 2973 863 3204 933; x_wconf 80' lang='grc' dir='ltr'><strong>γλυκέσι</strong></span> <span class='ocrx_word' id='word_1_128' title='bbox 3261 865 3360 918; x_wconf 78' lang='grc' dir='ltr'><strong>καὶ</strong></span> <span class='ocrx_word' id='word_1_129' title='bbox 3405 864 3482 917; x_wconf 81' lang='grc' dir='ltr'><strong>τὰ</strong></span> <span class='ocrx_word' id='word_1_130' title='bbox 3514 864 3742 918; x_wconf 84' lang='grc' dir='ltr'><strong>θαλάτ-</strong></span> 
     </span>
    </p>
   </div>
   <div class='ocr_carea' id='block_1_20' title="bbox 2119 952 3740 1027">
    <p class='ocr_par' dir='ltr' id='par_1_20' title="bbox 2119 952 3740 1027">
     <span class='ocr_line' id='line_1_20' title="bbox 2119 952 3740 1027; baseline 0.001 -21"><span class='ocrx_word' id='word_1_131' title='bbox 2119 970 2231 1008; x_wconf 86' lang='grc' dir='ltr'><strong>τια.</strong></span> <span class='ocrx_word' id='word_1_132' title='bbox 2264 952 2430 1006; x_wconf 87' lang='grc' dir='ltr'><strong>Ὅθεν</strong></span> <span class='ocrx_word' id='word_1_133' title='bbox 2461 953 2556 1006; x_wconf 78' lang='grc' dir='ltr'><strong>καὶ</strong></span> <span class='ocrx_word' id='word_1_134' title='bbox 2592 955 2688 1009; x_wconf 77' lang='grc' dir='ltr'><strong>ἐπὶ</strong></span> <span class='ocrx_word' id='word_1_135' title='bbox 2716 955 2844 1018; x_wconf 75' lang='grc' dir='ltr'><strong>τοὺς</strong></span> <span class='ocrx_word' id='word_1_136' title='bbox 2895 954 3176 1026; x_wconf 77' lang='grc' dir='ltr'><strong>ποταμοὺς</strong></span> <span class='ocrx_word' id='word_1_137' title='bbox 3201 955 3555 1027; x_wconf 80' lang='grc' dir='ltr'><strong>άνανήχεται</strong></span> <span class='ocrx_word' id='word_1_138' title='bbox 3593 955 3740 1008; x_wconf 80' lang='grc' dir='ltr'><strong>πολ-</strong></span> 
     </span>
    </p>
   </div>
   <div class='ocr_carea' id='block_1_21' title="bbox 2118 1045 3738 1119">
    <p class='ocr_par' dir='ltr' id='par_1_21' title="bbox 2118 1045 3738 1119">
     <span class='ocr_line' id='line_1_21' title="bbox 2118 1045 3738 1119; baseline 0.001 -21"><span class='ocrx_word' id='word_1_139' title='bbox 2118 1045 2279 1108; x_wconf 86' lang='grc' dir='ltr'><strong>λάκις</strong></span> <span class='ocrx_word' id='word_1_140' title='bbox 2310 1048 2405 1100; x_wconf 76' lang='grc' dir='ltr'><strong>καὶ</strong></span> <span class='ocrx_word' id='word_1_141' title='bbox 2461 1047 2651 1119; x_wconf 75' lang='grc' dir='ltr'><strong>πόρρω</strong></span> <span class='ocrx_word' id='word_1_142' title='bbox 2700 1047 2977 1116; x_wconf 73' lang='grc' dir='ltr'><strong>Θαλάσσης</strong></span> <span class='ocrx_word' id='word_1_143' title='bbox 3027 1046 3277 1118; x_wconf 82' lang='grc' dir='ltr'><strong>φέρεται.</strong></span> <span class='ocrx_word' id='word_1_144' title='bbox 3349 1046 3447 1102; x_wconf 84' lang='grc' dir='ltr'><strong>Ἐκ</strong></span> <span class='ocrx_word' id='word_1_145' title='bbox 3515 1046 3738 1101; x_wconf 83' lang='grc' dir='ltr'><strong>τούτου</strong></span> 
     </span>
    </p>
   </div>
   <div class='ocr_carea' id='block_1_22' title="bbox 2121 1139 3737 1211">
    <p class='ocr_par' dir='ltr' id='par_1_22' title="bbox 2121 1139 3737 1211">
     <span class='ocr_line' id='line_1_22' title="bbox 2121 1139 3737 1211; baseline 0.001 -18"><span class='ocrx_word' id='word_1_146' title='bbox 2121 1140 2523 1211; x_wconf 84' lang='grc' dir='ltr'><strong>προτιμότερος</strong></span> <span class='ocrx_word' id='word_1_147' title='bbox 2575 1140 2760 1205; x_wconf 80' lang='grc' dir='ltr'><strong>αὐτοῖς</strong></span> <span class='ocrx_word' id='word_1_148' title='bbox 2813 1141 2840 1193; x_wconf 83' lang='grc' dir='ltr'>ὁ</span> <span class='ocrx_word' id='word_1_149' title='bbox 2889 1139 3092 1204; x_wconf 86' lang='grc' dir='ltr'><strong>Πόντος</strong></span> <span class='ocrx_word' id='word_1_150' title='bbox 3147 1140 3256 1194; x_wconf 85' lang='grc' dir='ltr'><strong>τῶν</strong></span> <span class='ocrx_word' id='word_1_151' title='bbox 3313 1139 3536 1194; x_wconf 82' lang='grc' dir='ltr'>λοιπῶν</span> <span class='ocrx_word' id='word_1_152' title='bbox 3602 1141 3737 1195; x_wconf 75' lang='grc' dir='ltr'><strong>ἐστι</strong></span> 
     </span>
    </p>
   </div>
   <div class='ocr_carea' id='block_1_23' title="bbox 2123 1230 3740 1304">
    <p class='ocr_par' dir='ltr' id='par_1_23' title="bbox 2123 1230 3740 1304">
     <span class='ocr_line' id='line_1_23' title="bbox 2123 1230 3740 1304; baseline 0 -18"><span class='ocrx_word' id='word_1_153' title='bbox 2123 1230 2360 1296; x_wconf 81' lang='grc' dir='ltr'><strong>κόλπων,</strong></span> <span class='ocrx_word' id='word_1_154' title='bbox 2388 1231 2464 1296; x_wconf 86' lang='grc' dir='ltr'><strong>ὡς</strong></span> <span class='ocrx_word' id='word_1_155' title='bbox 2483 1231 2792 1302; x_wconf 83' lang='grc' dir='ltr'><strong>ἐπιτήδειος</strong></span> <span class='ocrx_word' id='word_1_156' title='bbox 2815 1231 3194 1304; x_wconf 78' lang='grc' dir='ltr'><strong>ὲναποκυῆσαι</strong></span> <span class='ocrx_word' id='word_1_157' title='bbox 3229 1232 3324 1286; x_wconf 83' lang='grc' dir='ltr'><strong>καὶ</strong></span> <span class='ocrx_word' id='word_1_158' title='bbox 3341 1231 3641 1302; x_wconf 69' lang='grc' dir='ltr'><strong>ἐκθρέψαι</strong></span> <span class='ocrx_word' id='word_1_159' title='bbox 3660 1233 3740 1286; x_wconf 76' lang='grc' dir='ltr'><strong>τὰ</strong></span> 
     </span>
    </p>
   </div>
   <div class='ocr_carea' id='block_1_24' title="bbox 2121 1322 2343 1392">
    <p class='ocr_par' dir='ltr' id='par_1_24' title="bbox 2121 1322 2343 1392">
     <span class='ocr_line' id='line_1_24' title="bbox 2121 1322 2343 1392; baseline 0.009 -16"><span class='ocrx_word' id='word_1_160' title='bbox 2121 1322 2343 1392; x_wconf 70' lang='grc' dir='ltr'><strong>ἔκγονα.</strong></span> 
     </span>
    </p>
   </div>
   <div class='ocr_carea' id='block_1_25' title="bbox 2193 1415 3739 1492">
    <p class='ocr_par' dir='ltr' id='par_1_25' title="bbox 2193 1415 3739 1492">
     <span class='ocr_line' id='line_1_25' title="bbox 2193 1415 3739 1492; baseline 0.001 -20"><span class='ocrx_word' id='word_1_161' title='bbox 2193 1417 2306 1472; x_wconf 76' lang='grc' dir='ltr'><strong>Καὶ</strong></span> <span class='ocrx_word' id='word_1_162' title='bbox 2354 1415 2514 1471; x_wconf 76' lang='grc' dir='ltr'><strong>τοῦτο</strong></span> <span class='ocrx_word' id='word_1_163' title='bbox 2547 1416 2607 1472; x_wconf 71' lang='lat' dir='ltr'><strong>at</strong></span> <span class='ocrx_word' id='word_1_164' title='bbox 2669 1417 2812 1488; x_wconf 77' lang='grc' dir='ltr'><strong>πρὸς</strong></span> <span class='ocrx_word' id='word_1_165' title='bbox 2869 1419 2989 1484; x_wconf 81' lang='grc' dir='ltr'><strong>τοῖς</strong></span> <span class='ocrx_word' id='word_1_166' title='bbox 3041 1418 3228 1484; x_wconf 79' lang='grc' dir='ltr'><strong>ἄλλοις</strong></span> <span class='ocrx_word' id='word_1_167' title='bbox 3254 1420 3284 1474; x_wconf 85' lang='grc' dir='ltr'><strong>δ</strong></span> <span class='ocrx_word' id='word_1_168' title='bbox 3330 1419 3518 1489; x_wconf 79' lang='grc' dir='ltr'><strong>μέγας</strong></span> <span class='ocrx_word' id='word_1_169' title='bbox 3585 1419 3739 1492; x_wconf 75' lang='grc' dir='ltr'><strong>φησὶ</strong></span> 
     </span>
    </p>
   </div>
   <div class='ocr_carea' id='block_1_26' title="bbox 2123 1509 3736 1582">
    <p class='ocr_par' dir='ltr' id='par_1_26' title="bbox 2123 1509 3736 1582">
     <span class='ocr_line' id='line_1_26' title="bbox 2123 1509 3736 1582; baseline 0.001 -19"><span class='ocrx_word' id='word_1_170' title='bbox 2123 1509 2426 1574; x_wconf 84' lang='grc' dir='ltr'><strong>Βασίλειος.</strong></span> <span class='ocrx_word' id='word_1_171' title='bbox 2465 1511 2715 1564; x_wconf 81' lang='grc' dir='ltr'><strong>Ἤκουσα</strong></span> <span class='ocrx_word' id='word_1_172' title='bbox 2732 1510 2844 1580; x_wconf 70' lang='grc' dir='ltr'><strong>ἐγώ</strong></span> <span class='ocrx_word' id='word_1_173' title='bbox 2877 1527 3022 1575; x_wconf 86' lang='grc' dir='ltr'><strong>τινος</strong></span> <span class='ocrx_word' id='word_1_174' title='bbox 3075 1511 3185 1566; x_wconf 84' lang='grc' dir='ltr'><strong>τῶν</strong></span> <span class='ocrx_word' id='word_1_175' title='bbox 3216 1512 3513 1582; x_wconf 84' lang='grc' dir='ltr'><strong>παραλίων</strong></span> <span class='ocrx_word' id='word_1_176' title='bbox 3566 1513 3662 1566; x_wconf 83' lang='grc' dir='ltr'><strong>ὅτι</strong></span> <span class='ocrx_word' id='word_1_177' title='bbox 3703 1512 3736 1565; x_wconf 82' lang='grc' dir='ltr'>ό</span> 
     </span>
    </p>
   </div>
   <div class='ocr_carea' id='block_1_27' title="bbox 2125 1597 3739 1674">
    <p class='ocr_par' dir='ltr' id='par_1_27' title="bbox 2125 1597 3739 1674">
     <span class='ocr_line' id='line_1_27' title="bbox 2125 1597 3739 1674; baseline 0.003 -21"><span class='ocrx_word' id='word_1_178' title='bbox 2125 1597 2418 1663; x_wconf 80' lang='grc' dir='ltr'><strong>θαλάσσιος</strong></span> <span class='ocrx_word' id='word_1_179' title='bbox 2446 1601 2644 1672; x_wconf 73' lang='grc' dir='ltr'><strong>ἐχῖνος,</strong></span> <span class='ocrx_word' id='word_1_180' title='bbox 2674 1601 2736 1656; x_wconf 79' lang='grc' dir='ltr'><strong>τὸ</strong></span> <span class='ocrx_word' id='word_1_181' title='bbox 2771 1602 2973 1674; x_wconf 73' lang='grc' dir='ltr'><strong>μικρὸν</strong></span> <span class='ocrx_word' id='word_1_182' title='bbox 3027 1601 3314 1668; x_wconf 83' lang='grc' dir='ltr'><strong>παντελῶς</strong></span> <span class='ocrx_word' id='word_1_183' title='bbox 3342 1604 3439 1658; x_wconf 78' lang='grc' dir='ltr'><strong>καὶ</strong></span> <span class='ocrx_word' id='word_1_184' title='bbox 3465 1605 3739 1659; x_wconf 84' lang='grc' dir='ltr'><strong>εὐκατα-</strong></span> 
     </span>
    </p>
   </div>
   <div class='ocr_carea' id='block_1_28' title="bbox 2126 1692 3736 1766">
    <p class='ocr_par' dir='ltr' id='par_1_28' title="bbox 2126 1692 3736 1766">
     <span class='ocr_line' id='line_1_28' title="bbox 2126 1692 3736 1766; baseline 0.004 -21"><span class='ocrx_word' id='word_1_185' title='bbox 2126 1692 2399 1762; x_wconf 85' lang='grc' dir='ltr'><strong>φρόνητον</strong></span> <span class='ocrx_word' id='word_1_186' title='bbox 2429 1692 2592 1760; x_wconf 78' lang='grc' dir='ltr'><strong>ζῶον,</strong></span> <span class='ocrx_word' id='word_1_187' title='bbox 2625 1693 2953 1758; x_wconf 88' lang='grc' dir='ltr'><strong>διδάσκαλος</strong></span> <span class='ocrx_word' id='word_1_188' title='bbox 3005 1693 3275 1758; x_wconf 77' lang='grc' dir='ltr'><strong>πολλάκις</strong></span> <span class='ocrx_word' id='word_1_189' title='bbox 3325 1694 3594 1766; x_wconf 82' lang='grc' dir='ltr'><strong>γαλήνης</strong></span> <span class='ocrx_word' id='word_1_190' title='bbox 3634 1697 3736 1750; x_wconf 82' lang='grc' dir='ltr'><strong>καὶ</strong></span> 
     </span>
    </p>
   </div>
   <div class='ocr_carea' id='block_1_29' title="bbox 449 1771 2040 1858">
    <p class='ocr_par' dir='ltr' id='par_1_29' title="bbox 449 1771 2022 1842">
     <span class='ocr_line' id='line_1_29' title="bbox 449 1771 2022 1842; baseline 0.001 -18"><span class='ocrx_word' id='word_1_191' title='bbox 449 1772 845 1842; x_wconf 72' lang='lat' dir='ltr'><strong>tranquillitate</strong></span> <span class='ocrx_word' id='word_1_192' title='bbox 863 1771 948 1826; x_wconf 87' lang='lat' dir='ltr'><strong>vel</strong></span> <span class='ocrx_word' id='word_1_193' title='bbox 983 1780 1310 1842; x_wconf 77' lang='lat' dir='ltr'><strong>tempestate</strong></span> <span class='ocrx_word' id='word_1_194' title='bbox 1335 1780 1591 1826; x_wconf 89' lang='lat' dir='ltr'><strong>secutura</strong></span> <span class='ocrx_word' id='word_1_195' title='bbox 1623 1771 2022 1828; x_wconf 78' lang='lat' dir='ltr'><strong>monere.Nam</strong></span> 
     </span>
    </p>
   </div>
   <div class='ocr_carea' id='block_1_30' title="bbox 2148 1771 3737 1858">
    <p class='ocr_par' dir='ltr' id='par_1_30' title="bbox 2148 1779 3737 1858">
     <span class='ocr_line' id='line_1_30' title="bbox 2148 1779 3737 1858; baseline 0.005 -27"><span class='ocrx_word' id='word_1_196' title='bbox 2148 1779 2403 1844; x_wconf 88' lang='grc' dir='ltr'><strong>ιλύδωνος</strong></span> <span class='ocrx_word' id='word_1_197' title='bbox 2433 1782 2546 1844; x_wconf 80' lang='grc' dir='ltr'><strong>τοῖς</strong></span> <span class='ocrx_word' id='word_1_198' title='bbox 2571 1780 2797 1836; x_wconf 88' lang='grc' dir='ltr'><strong>πλέουσι</strong></span> <span class='ocrx_word' id='word_1_199' title='bbox 2840 1783 3054 1850; x_wconf 89' lang='grc' dir='ltr'><strong>γίνεται</strong></span> <span class='ocrx_word' id='word_1_200' title='bbox 3076 1799 3092 1814; x_wconf 87' lang='grc'><strong>·</strong></span> <span class='ocrx_word' id='word_1_201' title='bbox 3115 1783 3175 1848; x_wconf 78' lang='grc' dir='ltr'><strong>ὃς</strong></span> <span class='ocrx_word' id='word_1_202' title='bbox 3211 1783 3343 1839; x_wconf 84' lang='grc' dir='ltr'><strong>δταν</strong></span> <span class='ocrx_word' id='word_1_203' title='bbox 3368 1785 3585 1858; x_wconf 81' lang='grc' dir='ltr'><strong>προῖδῃ</strong></span> <span class='ocrx_word' id='word_1_204' title='bbox 3626 1804 3737 1839; x_wconf 82' lang='grc' dir='ltr'><strong>τα-</strong></span> 
     </span>
    </p>
   </div>
   <div class='ocr_carea' id='block_1_31' title="bbox 448 1846 2040 1945">
    <p class='ocr_par' dir='ltr' id='par_1_31' title="bbox 448 1862 2027 1934">
     <span class='ocr_line' id='line_1_31' title="bbox 448 1862 2027 1934; baseline 0.003 -19"><span class='ocrx_word' id='word_1_205' title='bbox 448 1877 571 1916; x_wconf 89' lang='lat' dir='ltr'><strong>eum</strong></span> <span class='ocrx_word' id='word_1_206' title='bbox 599 1862 895 1933; x_wconf 88' lang='lat' dir='ltr'><strong>procellam</strong></span> <span class='ocrx_word' id='word_1_207' title='bbox 931 1877 961 1916; x_wconf 89' lang='lat' dir='ltr'><strong>a</strong></span> <span class='ocrx_word' id='word_1_208' title='bbox 997 1872 1165 1918; x_wconf 89' lang='lat' dir='ltr'><strong>vento</strong></span> <span class='ocrx_word' id='word_1_209' title='bbox 1198 1863 1491 1919; x_wconf 87' lang='lat' dir='ltr'><strong>imminere</strong></span> <span class='ocrx_word' id='word_1_210' title='bbox 1537 1864 1833 1934; x_wconf 84' lang='lat' dir='ltr'><strong>prospicit,</strong></span> <span class='ocrx_word' id='word_1_211' title='bbox 1867 1864 2027 1934; x_wconf 85' lang='lat' dir='ltr'><strong>lapil-</strong></span> 
     </span>
    </p>
   </div>
   <div class='ocr_carea' id='block_1_32' title="bbox 2148 1846 3738 1945">
    <p class='ocr_par' dir='ltr' id='par_1_32' title="bbox 2148 1846 3738 1945">
     <span class='ocr_line' id='line_1_32' title="bbox 2148 1846 3738 1945; baseline 0.007 -26"><span class='ocrx_word' id='word_1_212' title='bbox 2148 1865 2308 1938; x_wconf 68' lang='grc' dir='ltr'><strong>ιαχὴν</strong></span> <span class='ocrx_word' id='word_1_213' title='bbox 2337 1867 2398 1932; x_wconf 76' lang='grc' dir='ltr'>ἐξ</span> <span class='ocrx_word' id='word_1_214' title='bbox 2430 1869 2668 1940; x_wconf 84' lang='grc' dir='ltr'><strong>ἀνέμων,</strong></span> <span class='ocrx_word' id='word_1_215' title='bbox 2723 1846 2932 1942; x_wconf 72' lang='grc' dir='ltr'><strong>ψηφίδά</strong></span> <span class='ocrx_word' id='word_1_216' title='bbox 2961 1889 3084 1927; x_wconf 89' lang='grc' dir='ltr'><strong>τινα</strong></span> <span class='ocrx_word' id='word_1_217' title='bbox 3139 1846 3389 1931; x_wconf 78' lang='grc' dir='ltr'><strong>ύπελθὼν</strong></span> <span class='ocrx_word' id='word_1_218' title='bbox 3415 1846 3429 1856; x_wconf 54' lang='grc'><em>’</em></span> <span class='ocrx_word' id='word_1_219' title='bbox 3448 1846 3738 1945; x_wconf 56' lang='grc' dir='ltr'><strong>γενναίαν</strong></span> 
     </span>
    </p>
   </div>
   <div class='ocr_carea' id='block_1_33' title="bbox 448 1956 2040 2032">
    <p class='ocr_par' dir='ltr' id='par_1_33' title="bbox 448 1957 2028 2031">
     <span class='ocr_line' id='line_1_33' title="bbox 448 1957 2028 2031; baseline 0.002 -19"><span class='ocrx_word' id='word_1_220' title='bbox 448 1957 558 2012; x_wconf 90' lang='lat' dir='ltr'><strong>lum</strong></span> <span class='ocrx_word' id='word_1_221' title='bbox 573 1957 731 2012; x_wconf 76' lang='lat' dir='ltr'><strong>subit</strong></span> <span class='ocrx_word' id='word_1_222' title='bbox 755 1970 810 2014; x_wconf 91' lang='lat' dir='ltr'><strong>et</strong></span> <span class='ocrx_word' id='word_1_223' title='bbox 836 1973 962 2013; x_wconf 90' lang='lat' dir='ltr'><strong>cum</strong></span> <span class='ocrx_word' id='word_1_224' title='bbox 991 1974 1058 2014; x_wconf 90' lang='lat' dir='ltr'><strong>eo</strong></span> <span class='ocrx_word' id='word_1_225' title='bbox 1090 1969 1350 2029; x_wconf 89' lang='lat' dir='ltr'><strong>tanquam</strong></span> <span class='ocrx_word' id='word_1_226' title='bbox 1383 1975 1585 2017; x_wconf 88' lang='lat' dir='ltr'><strong>ancora</strong></span> <span class='ocrx_word' id='word_1_227' title='bbox 1608 1961 1843 2031; x_wconf 88' lang='lat' dir='ltr'><strong>quadam</strong></span> <span class='ocrx_word' id='word_1_228' title='bbox 1871 1961 2028 2016; x_wconf 83' lang='lat' dir='ltr'><strong>ilrma</strong></span> 
     </span>
    </p>
   </div>
   <div class='ocr_carea' id='block_1_34' title="bbox 2148 1956 3733 2032">
    <p class='ocr_par' dir='ltr' id='par_1_34' title="bbox 2148 1956 3733 2032">
     <span class='ocr_line' id='line_1_34' title="bbox 2148 1956 3733 2032; baseline 0.004 -22"><span class='ocrx_word' id='word_1_229' title='bbox 2148 1956 2221 2010; x_wconf 76' lang='grc' dir='ltr'><strong>ιπ’</strong></span> <span class='ocrx_word' id='word_1_230' title='bbox 2271 1959 2444 2028; x_wconf 84' lang='grc' dir='ltr'><strong>αὐτῆς</strong></span> <span class='ocrx_word' id='word_1_231' title='bbox 2495 1958 2687 2030; x_wconf 85' lang='grc' dir='ltr'><strong>ὥσπερ</strong></span> <span class='ocrx_word' id='word_1_232' title='bbox 2731 1959 2820 2014; x_wconf 67' lang='grc' dir='ltr'><strong>ἐπ’</strong></span> <span class='ocrx_word' id='word_1_233' title='bbox 2874 1960 3122 2031; x_wconf 76' lang='grc' dir='ltr'><strong>ἀγκύρας</strong></span> <span class='ocrx_word' id='word_1_234' title='bbox 3173 1961 3408 2032; x_wconf 79' lang='grc' dir='ltr'><strong>βεϐαίως</strong></span> <span class='ocrx_word' id='word_1_235' title='bbox 3463 1963 3733 2029; x_wconf 59' lang='grc' dir='ltr'><strong>σαλεύει,</strong></span> 
     </span>
    </p>
   </div>
   <div class='ocr_carea' id='block_1_35' title="bbox 450 2047 2028 2121">
    <p class='ocr_par' dir='ltr' id='par_1_35' title="bbox 450 2047 2028 2121">
     <span class='ocr_line' id='line_1_35' title="bbox 450 2047 2028 2121; baseline 0.004 -21"><span class='ocrx_word' id='word_1_236' title='bbox 450 2047 717 2112; x_wconf 85' lang='lat' dir='ltr'><strong>fluctuat,</strong></span> <span class='ocrx_word' id='word_1_237' title='bbox 778 2051 1052 2105; x_wconf 81' lang='lat' dir='ltr'><strong>subnixus</strong></span> <span class='ocrx_word' id='word_1_238' title='bbox 1107 2051 1230 2120; x_wconf 79' lang='lat' dir='ltr'><strong>ejus</strong></span> <span class='ocrx_word' id='word_1_239' title='bbox 1288 2053 1576 2121; x_wconf 81' lang='lat' dir='ltr'><strong>pondere,</strong></span> <span class='ocrx_word' id='word_1_240' title='bbox 1641 2067 1714 2109; x_wconf 88' lang='lat' dir='ltr'><strong>ne</strong></span> <span class='ocrx_word' id='word_1_241' title='bbox 1783 2051 1946 2107; x_wconf 77' lang='lat' dir='ltr'><strong>facile</strong></span> <span class='ocrx_word' id='word_1_242' title='bbox 1996 2066 2028 2106; x_wconf 88' lang='lat' dir='ltr'><strong>a</strong></span> 
     </span>
    </p>
   </div>
   <div class='ocr_carea' id='block_1_36' title="bbox 450 2141 2031 2215">
    <p class='ocr_par' dir='ltr' id='par_1_36' title="bbox 450 2141 2031 2215">
     <span class='ocr_line' id='line_1_36' title="bbox 450 2141 2031 2215; baseline 0.001 -19"><span class='ocrx_word' id='word_1_243' title='bbox 450 2141 708 2198; x_wconf 82' lang='lat' dir='ltr'><strong>ﬂuctibus</strong></span> <span class='ocrx_word' id='word_1_244' title='bbox 754 2144 1080 2213; x_wconf 80' lang='lat' dir='ltr'><strong>abripiatur.</strong></span> <span class='ocrx_word' id='word_1_245' title='bbox 1117 2143 1231 2198; x_wconf 89' lang='lat' dir='ltr'><strong>lloc</strong></span> <span class='ocrx_word' id='word_1_246' title='bbox 1285 2143 1444 2215; x_wconf 81' lang='lat' dir='ltr'><strong>signo</strong></span> <span class='ocrx_word' id='word_1_247' title='bbox 1494 2152 1793 2214; x_wconf 90' lang='lat' dir='ltr'><strong>conspecto</strong></span> <span class='ocrx_word' id='word_1_248' title='bbox 1845 2150 2031 2197; x_wconf 72' lang='lat' dir='ltr'><strong>nauta:</strong></span> 
     </span>
    </p>
   </div>
   <div class='ocr_carea' id='block_1_37' title="bbox 452 2233 2029 2306">
    <p class='ocr_par' dir='ltr' id='par_1_37' title="bbox 452 2233 2029 2306">
     <span class='ocr_line' id='line_1_37' title="bbox 452 2233 2029 2306; baseline 0 -18"><span class='ocrx_word' id='word_1_249' title='bbox 452 2235 886 2306; x_wconf 77' lang='lat' dir='ltr'><strong>exspectandum</strong></span> <span class='ocrx_word' id='word_1_250' title='bbox 945 2235 1130 2290; x_wconf 89' lang='lat' dir='ltr'><strong>sciunt</strong></span> <span class='ocrx_word' id='word_1_251' title='bbox 1163 2234 1548 2291; x_wconf 83' lang='lat' dir='ltr'><strong>vehementem</strong></span> <span class='ocrx_word' id='word_1_252' title='bbox 1584 2244 1877 2291; x_wconf 75' lang='lat' dir='ltr'><strong>ventorum</strong></span> <span class='ocrx_word' id='word_1_253' title='bbox 1925 2233 2029 2289; x_wconf 84' lang='lat' dir='ltr'><strong>im-</strong></span> 
     </span>
    </p>
   </div>
   <div class='ocr_carea' id='block_1_38' title="bbox 454 2336 666 2398">
    <p class='ocr_par' dir='ltr' id='par_1_38' title="bbox 454 2336 666 2398">
     <span class='ocr_line' id='line_1_38' title="bbox 454 2336 666 2398; baseline 0.019 -20"><span class='ocrx_word' id='word_1_254' title='bbox 454 2336 666 2398; x_wconf 80' lang='lat' dir='ltr'><strong>petum.</strong></span> 
     </span>
    </p>
   </div>
   <div class='ocr_carea' id='block_1_39' title="bbox 527 2420 2035 2494">
    <p class='ocr_par' dir='ltr' id='par_1_39' title="bbox 527 2420 2035 2494">
     <span class='ocr_line' id='line_1_39' title="bbox 527 2420 2035 2494; baseline 0.004 -20"><span class='ocrx_word' id='word_1_255' title='bbox 527 2420 720 2475; x_wconf 89' lang='lat' dir='ltr'><strong>Itidem</strong></span> <span class='ocrx_word' id='word_1_256' title='bbox 751 2421 794 2475; x_wconf 84' lang='lat' dir='ltr'><strong>si</strong></span> <span class='ocrx_word' id='word_1_257' title='bbox 827 2420 994 2492; x_wconf 82' lang='lat' dir='ltr'><strong>loligo</strong></span> <span class='ocrx_word' id='word_1_258' title='bbox 1023 2420 1139 2476; x_wconf 84' lang='lat' dir='ltr'><strong>sive</strong></span> <span class='ocrx_word' id='word_1_259' title='bbox 1180 2420 1393 2478; x_wconf 90' lang='lat' dir='ltr'><strong>teuthis</strong></span> <span class='ocrx_word' id='word_1_260' title='bbox 1420 2429 1704 2494; x_wconf 87' lang='lat' dir='ltr'><strong>appareat,</strong></span> <span class='ocrx_word' id='word_1_261' title='bbox 1738 2431 2035 2494; x_wconf 87' lang='lat' dir='ltr'><strong>tempesta-</strong></span> 
     </span>
    </p>
   </div>
   <div class='ocr_carea' id='block_1_40' title="bbox 458 2512 2035 2588">
    <p class='ocr_par' dir='ltr' id='par_1_40' title="bbox 458 2512 2035 2588">
     <span class='ocr_line' id='line_1_40' title="bbox 458 2512 2035 2588; baseline 0.005 -22"><span class='ocrx_word' id='word_1_262' title='bbox 458 2512 532 2567; x_wconf 88' lang='lat' dir='ltr'><strong>tis</strong></span> <span class='ocrx_word' id='word_1_263' title='bbox 562 2521 647 2568; x_wconf 92' lang='lat' dir='ltr'><strong>est</strong></span> <span class='ocrx_word' id='word_1_264' title='bbox 680 2513 968 2569; x_wconf 91' lang='lat' dir='ltr'><strong>indicium.</strong></span> <span class='ocrx_word' id='word_1_265' title='bbox 1002 2515 1216 2569; x_wconf 85' lang='lat' dir='ltr'><strong>Etenim</strong></span> <span class='ocrx_word' id='word_1_266' title='bbox 1251 2515 1417 2586; x_wconf 82' lang='lat' dir='ltr'><strong>piscis</strong></span> <span class='ocrx_word' id='word_1_267' title='bbox 1443 2526 1528 2570; x_wconf 86' lang='lat' dir='ltr'><strong>est</strong></span> <span class='ocrx_word' id='word_1_268' title='bbox 1555 2515 1789 2588; x_wconf 80' lang='lat' dir='ltr'><strong>exiguus</strong></span> <span class='ocrx_word' id='word_1_269' title='bbox 1824 2517 2035 2574; x_wconf 84' lang='lat' dir='ltr'><strong>habens</strong></span> 
     </span>
    </p>
   </div>
   <div class='ocr_carea' id='block_1_41' title="bbox 457 2605 2031 2678">
    <p class='ocr_par' dir='ltr' id='par_1_41' title="bbox 457 2605 2031 2678">
     <span class='ocr_line' id='line_1_41' title="bbox 457 2605 2031 2678; baseline 0.004 -19"><span class='ocrx_word' id='word_1_270' title='bbox 457 2605 648 2660; x_wconf 73' lang='lat' dir='ltr'><strong>lmvem</strong></span> <span class='ocrx_word' id='word_1_271' title='bbox 680 2607 866 2661; x_wconf 91' lang='lat' dir='ltr'><strong>carnis</strong></span> <span class='ocrx_word' id='word_1_272' title='bbox 895 2607 1266 2678; x_wconf 87' lang='lat' dir='ltr'><strong>superliciem,</strong></span> <span class='ocrx_word' id='word_1_273' title='bbox 1301 2624 1407 2678; x_wconf 92' lang='lat' dir='ltr'><strong>qua</strong></span> <span class='ocrx_word' id='word_1_274' title='bbox 1433 2606 1504 2664; x_wconf 89' lang='lat' dir='ltr'><strong>de</strong></span> <span class='ocrx_word' id='word_1_275' title='bbox 1542 2623 1706 2664; x_wconf 86' lang='lat' dir='ltr'><strong>causa</strong></span> <span class='ocrx_word' id='word_1_276' title='bbox 1737 2611 2031 2666; x_wconf 90' lang='lat' dir='ltr'><strong>malacium</strong></span> 
     </span>
    </p>
   </div>
   <div class='ocr_carea' id='block_1_42' title="bbox 457 2695 2036 2769">
    <p class='ocr_par' dir='ltr' id='par_1_42' title="bbox 457 2695 2036 2769">
     <span class='ocr_line' id='line_1_42' title="bbox 457 2695 2036 2769; baseline 0.006 -22"><span class='ocrx_word' id='word_1_277' title='bbox 457 2711 681 2765; x_wconf 89' lang='lat' dir='ltr'><strong>quoque</strong></span> <span class='ocrx_word' id='word_1_278' title='bbox 728 2711 758 2750; x_wconf 88' lang='lat' dir='ltr'><strong>a</strong></span> <span class='ocrx_word' id='word_1_279' title='bbox 821 2695 1058 2751; x_wconf 90' lang='lat' dir='ltr'><strong>mollitie</strong></span> <span class='ocrx_word' id='word_1_280' title='bbox 1108 2707 1490 2768; x_wconf 82' lang='lat' dir='ltr'><strong>nuncupatur.</strong></span> <span class='ocrx_word' id='word_1_281' title='bbox 1545 2699 1797 2769; x_wconf 86' lang='lat' dir='ltr'><strong>Cumque</strong></span> <span class='ocrx_word' id='word_1_282' title='bbox 1850 2702 2036 2758; x_wconf 90' lang='lat' dir='ltr'><strong>nudus</strong></span> 
     </span>
    </p>
   </div>
   <div class='ocr_carea' id='block_1_43' title="bbox 458 2785 2036 2863">
    <p class='ocr_par' dir='ltr' id='par_1_43' title="bbox 458 2785 2036 2863">
     <span class='ocr_line' id='line_1_43' title="bbox 458 2785 2036 2863; baseline 0.008 -24"><span class='ocrx_word' id='word_1_283' title='bbox 458 2785 690 2842; x_wconf 87' lang='lat' dir='ltr'><strong>omnino</strong></span> <span class='ocrx_word' id='word_1_284' title='bbox 742 2787 813 2842; x_wconf 91' lang='lat' dir='ltr'><strong>sit</strong></span> <span class='ocrx_word' id='word_1_285' title='bbox 863 2795 922 2843; x_wconf 90' lang='lat' dir='ltr'><strong>et</strong></span> <span class='ocrx_word' id='word_1_286' title='bbox 951 2805 980 2843; x_wconf 93' lang='lat' dir='ltr'><strong>a</strong></span> <span class='ocrx_word' id='word_1_287' title='bbox 1023 2805 1084 2845; x_wconf 86' lang='lat' dir='ltr'><strong>re</strong></span> <span class='ocrx_word' id='word_1_288' title='bbox 1137 2791 1286 2846; x_wconf 89' lang='lat' dir='ltr'><strong>nulla</strong></span> <span class='ocrx_word' id='word_1_289' title='bbox 1322 2800 1557 2863; x_wconf 77' lang='lat' dir='ltr'><strong>tegatur,</strong></span> <span class='ocrx_word' id='word_1_290' title='bbox 1597 2809 1706 2848; x_wconf 93' lang='lat' dir='ltr'><strong>non</strong></span> <span class='ocrx_word' id='word_1_291' title='bbox 1749 2802 1888 2850; x_wconf 84' lang='lat' dir='ltr'><strong>testa</strong></span> <span class='ocrx_word' id='word_1_292' title='bbox 1930 2811 2036 2852; x_wconf 89' lang='lat' dir='ltr'><strong>nec</strong></span> 
     </span>
    </p>
   </div>
   <div class='ocr_carea' id='block_1_44' title="bbox 458 2883 2037 2956">
    <p class='ocr_par' dir='ltr' id='par_1_44' title="bbox 458 2883 2037 2956">
     <span class='ocr_line' id='line_1_44' title="bbox 458 2883 2037 2956; baseline 0.006 -23"><span class='ocrx_word' id='word_1_293' title='bbox 458 2888 608 2945; x_wconf 86' lang='lat' dir='ltr'><strong>cute,</strong></span> <span class='ocrx_word' id='word_1_294' title='bbox 641 2888 1026 2950; x_wconf 86' lang='lat' dir='ltr'><strong>tempestatem</strong></span> <span class='ocrx_word' id='word_1_295' title='bbox 1058 2897 1126 2937; x_wconf 91' lang='lat' dir='ltr'><strong>eo</strong></span> <span class='ocrx_word' id='word_1_296' title='bbox 1150 2883 1314 2939; x_wconf 85' lang='lat' dir='ltr'><strong>citius</strong></span> <span class='ocrx_word' id='word_1_297' title='bbox 1345 2885 1734 2954; x_wconf 68' lang='lat' dir='ltr'><strong>praesentiscit,</strong></span> <span class='ocrx_word' id='word_1_298' title='bbox 1765 2901 1876 2956; x_wconf 93' lang='lat' dir='ltr'><strong>quo</strong></span> <span class='ocrx_word' id='word_1_299' title='bbox 1899 2885 2037 2942; x_wconf 88' lang='lat' dir='ltr'><strong>faci-</strong></span> 
     </span>
    </p>
   </div>
   <div class='ocr_carea' id='block_1_45' title="bbox 461 2970 2039 3049">
    <p class='ocr_par' dir='ltr' id='par_1_45' title="bbox 461 2970 2039 3049">
     <span class='ocr_line' id='line_1_45' title="bbox 461 2970 2039 3049; baseline 0.005 -25"><span class='ocrx_word' id='word_1_300' title='bbox 461 2970 566 3026; x_wconf 90' lang='lat' dir='ltr'><strong>lius</strong></span> <span class='ocrx_word' id='word_1_301' title='bbox 600 2970 855 3030; x_wconf 83' lang='lat' dir='ltr'><strong>aiIlcitur.</strong></span> <span class='ocrx_word' id='word_1_302' title='bbox 890 2973 1080 3043; x_wconf 89' lang='lat' dir='ltr'><strong>Itaque</strong></span> <span class='ocrx_word' id='word_1_303' title='bbox 1110 2975 1408 3038; x_wconf 90' lang='lat' dir='ltr'><strong>subsultat,</strong></span> <span class='ocrx_word' id='word_1_304' title='bbox 1446 2990 1626 3045; x_wconf 85' lang='lat' dir='ltr'><strong>eoque</strong></span> <span class='ocrx_word' id='word_1_305' title='bbox 1657 2986 1820 3045; x_wconf 88' lang='lat' dir='ltr'><strong>pacto</strong></span> <span class='ocrx_word' id='word_1_306' title='bbox 1866 2976 2039 3049; x_wconf 79' lang='lat' dir='ltr'><strong>frigus</strong></span> 
     </span>
    </p>
   </div>
   <div class='ocr_carea' id='block_1_46' title="bbox 460 3064 2040 3136">
    <p class='ocr_par' dir='ltr' id='par_1_46' title="bbox 460 3064 2040 3136">
     <span class='ocr_line' id='line_1_46' title="bbox 460 3064 2040 3136; baseline 0.004 -20"><span class='ocrx_word' id='word_1_307' title='bbox 460 3071 518 3116; x_wconf 84' lang='lat' dir='ltr'><strong>et</strong></span> <span class='ocrx_word' id='word_1_308' title='bbox 545 3064 716 3117; x_wconf 87' lang='lat' dir='ltr'><strong>maris</strong></span> <span class='ocrx_word' id='word_1_309' title='bbox 762 3064 818 3118; x_wconf 91' lang='lat' dir='ltr'><strong>in</strong></span> <span class='ocrx_word' id='word_1_310' title='bbox 851 3064 962 3118; x_wconf 91' lang='lat' dir='ltr'><strong>imo</strong></span> <span class='ocrx_word' id='word_1_311' title='bbox 997 3065 1471 3134; x_wconf 86' lang='lat' dir='ltr'><strong>perturbationem</strong></span> <span class='ocrx_word' id='word_1_312' title='bbox 1503 3065 1660 3119; x_wconf 89' lang='lat' dir='ltr'><strong>vitat.</strong></span> <span class='ocrx_word' id='word_1_313' title='bbox 1689 3065 2040 3136; x_wconf 81' lang='lat' dir='ltr'><strong>Quapropter</strong></span> 
     </span>
    </p>
   </div>
   <div class='ocr_carea' id='block_1_47' title="bbox 2131 2051 3736 2128">
    <p class='ocr_par' dir='ltr' id='par_1_47' title="bbox 2131 2051 3736 2128">
     <span class='ocr_line' id='line_1_47' title="bbox 2131 2051 3736 2128; baseline 0.005 -24"><span class='ocrx_word' id='word_1_314' title='bbox 2131 2051 2499 2122; x_wconf 84' lang='grc' dir='ltr'><strong>κατεχόμενος</strong></span> <span class='ocrx_word' id='word_1_315' title='bbox 2526 2052 2604 2124; x_wconf 83' lang='grc' dir='ltr'><strong>τῷ</strong></span> <span class='ocrx_word' id='word_1_316' title='bbox 2628 2052 2786 2125; x_wconf 82' lang='grc' dir='ltr'><strong>βάρει</strong></span> <span class='ocrx_word' id='word_1_317' title='bbox 2819 2052 2958 2124; x_wconf 75' lang='grc' dir='ltr'><strong>πρὸς</strong></span> <span class='ocrx_word' id='word_1_318' title='bbox 2999 2054 3060 2108; x_wconf 84' lang='grc' dir='ltr'><strong>τὸ</strong></span> <span class='ocrx_word' id='word_1_319' title='bbox 3093 2054 3170 2126; x_wconf 79' lang='grc' dir='ltr'><strong>μὴ</strong></span> <span class='ocrx_word' id='word_1_320' title='bbox 3215 2055 3416 2128; x_wconf 79' lang='grc' dir='ltr'><strong>ῥᾳδίως</strong></span> <span class='ocrx_word' id='word_1_321' title='bbox 3443 2059 3572 2120; x_wconf 74' lang='grc' dir='ltr'><strong>τοῖς</strong></span> <span class='ocrx_word' id='word_1_322' title='bbox 3633 2061 3736 2112; x_wconf 87' lang='grc' dir='ltr'><strong>κύ-</strong></span> 
     </span>
    </p>
   </div>
   <div class='ocr_carea' id='block_1_48' title="bbox 2135 2144 3735 2213">
    <p class='ocr_par' dir='ltr' id='par_1_48' title="bbox 2135 2144 3735 2213">
     <span class='ocr_line' id='line_1_48' title="bbox 2135 2144 3735 2213; baseline 0.006 -17"><span class='ocrx_word' id='word_1_323' title='bbox 2135 2159 2304 2212; x_wconf 81' lang='grc' dir='ltr'><strong>μασιν</strong></span> <span class='ocrx_word' id='word_1_324' title='bbox 2333 2144 2733 2213; x_wconf 85' lang='grc' dir='ltr'><strong>άποσύρεσθαι.</strong></span> <span class='ocrx_word' id='word_1_325' title='bbox 2760 2144 2931 2199; x_wconf 80' lang='grc' dir='ltr'><strong>Τοῦτο</strong></span> <span class='ocrx_word' id='word_1_326' title='bbox 2969 2145 3060 2200; x_wconf 79' lang='grc' dir='ltr'><strong>οὖν</strong></span> <span class='ocrx_word' id='word_1_327' title='bbox 3087 2147 3219 2202; x_wconf 82' lang='grc' dir='ltr'><strong>ὅταν</strong></span> <span class='ocrx_word' id='word_1_328' title='bbox 3267 2148 3458 2203; x_wconf 84' lang='grc' dir='ltr'><strong>ῐδωσιν</strong></span> <span class='ocrx_word' id='word_1_329' title='bbox 3506 2151 3563 2205; x_wconf 76' lang='grc' dir='ltr'><strong>οἱ</strong></span> <span class='ocrx_word' id='word_1_330' title='bbox 3597 2171 3735 2206; x_wconf 83' lang='grc' dir='ltr'><strong>ναυ-</strong></span> 
     </span>
    </p>
   </div>
   <div class='ocr_carea' id='block_1_49' title="bbox 2132 2231 3734 2312">
    <p class='ocr_par' dir='ltr' id='par_1_49' title="bbox 2132 2231 3734 2312">
     <span class='ocr_line' id='line_1_49' title="bbox 2132 2231 3734 2312; baseline 0.006 -27"><span class='ocrx_word' id='word_1_331' title='bbox 2132 2231 2438 2304; x_wconf 80' lang='grc' dir='ltr'><strong>τιλλόμενοι</strong></span> <span class='ocrx_word' id='word_1_332' title='bbox 2469 2232 2531 2288; x_wconf 79' lang='grc' dir='ltr'><strong>τὸ</strong></span> <span class='ocrx_word' id='word_1_333' title='bbox 2573 2236 2821 2306; x_wconf 79' lang='grc' dir='ltr'><strong>σημεῖον,</strong></span> <span class='ocrx_word' id='word_1_334' title='bbox 2885 2236 3034 2292; x_wconf 69' lang='lat' dir='ltr'><strong>iactor</strong></span> <span class='ocrx_word' id='word_1_335' title='bbox 3089 2236 3189 2312; x_wconf 77' lang='grc' dir='ltr'><strong>τὴν</strong></span> <span class='ocrx_word' id='word_1_336' title='bbox 3241 2239 3734 2312; x_wconf 69' lang='grc' dir='ltr'><strong>προσδοκωμένην</strong></span> 
     </span>
    </p>
   </div>
   <div class='ocr_carea' id='block_1_50' title="bbox 2135 2322 2982 2400">
    <p class='ocr_par' dir='ltr' id='par_1_50' title="bbox 2135 2322 2982 2400">
     <span class='ocr_line' id='line_1_50' title="bbox 2135 2322 2982 2400; baseline 0.007 -20"><span class='ocrx_word' id='word_1_337' title='bbox 2135 2322 2320 2396; x_wconf 78' lang='grc' dir='ltr'><strong>βιαίαν</strong></span> <span class='ocrx_word' id='word_1_338' title='bbox 2349 2326 2567 2398; x_wconf 87' lang='grc' dir='ltr'><strong>κίνησιν</strong></span> <span class='ocrx_word' id='word_1_339' title='bbox 2598 2328 2708 2382; x_wconf 84' lang='grc' dir='ltr'><strong>τῶν</strong></span> <span class='ocrx_word' id='word_1_340' title='bbox 2740 2330 2982 2400; x_wconf 80' lang='grc' dir='ltr'><strong>ἀνέμων.</strong></span> 
     </span>
    </p>
   </div>
   <div class='ocr_carea' id='block_1_51' title="bbox 2219 2414 3775 2501">
    <p class='ocr_par' dir='ltr' id='par_1_51' title="bbox 2219 2414 3775 2501">
     <span class='ocr_line' id='line_1_51' title="bbox 2219 2414 3775 2501; baseline 0.007 -29"><span class='ocrx_word' id='word_1_341' title='bbox 2219 2414 2381 2472; x_wconf 80' lang='grc' dir='ltr'><strong>Ἀλλά</strong></span> <span class='ocrx_word' id='word_1_342' title='bbox 2409 2418 2557 2489; x_wconf 78' lang='grc' dir='ltr'><strong>καὶὴ</strong></span> <span class='ocrx_word' id='word_1_343' title='bbox 2592 2420 2778 2484; x_wconf 79' lang='grc' dir='ltr'><strong>τευθὶς</strong></span> <span class='ocrx_word' id='word_1_344' title='bbox 2805 2423 3106 2495; x_wconf 72' lang='grc' dir='ltr'><strong>φαινομένη</strong></span> <span class='ocrx_word' id='word_1_345' title='bbox 3154 2426 3382 2495; x_wconf 78' lang='grc' dir='ltr'><strong>σημεῖον</strong></span> <span class='ocrx_word' id='word_1_346' title='bbox 3435 2427 3735 2498; x_wconf 82' lang='grc' dir='ltr'><strong>χειμῶνός</strong></span> <span class='ocrx_word' id='word_1_347' title='bbox 3772 2498 3775 2501; x_wconf 94' lang='lat'><em>_</em></span> 
     </span>
    </p>
   </div>
   <div class='ocr_carea' id='block_1_52' title="bbox 2137 2505 3742 2588">
    <p class='ocr_par' dir='ltr' id='par_1_52' title="bbox 2137 2505 3742 2588">
     <span class='ocr_line' id='line_1_52' title="bbox 2137 2505 3742 2588; baseline 0.009 -29"><span class='ocrx_word' id='word_1_348' title='bbox 2137 2505 2308 2560; x_wconf 66' lang='grc' dir='ltr'><strong>ἔστιν.</strong></span> <span class='ocrx_word' id='word_1_349' title='bbox 2351 2507 2415 2561; x_wconf 86' lang='grc' dir='ltr'><strong>Ἦ</strong></span> <span class='ocrx_word' id='word_1_350' title='bbox 2438 2509 2548 2580; x_wconf 78' lang='grc' dir='ltr'><strong>γάρ</strong></span> <span class='ocrx_word' id='word_1_351' title='bbox 2576 2510 2762 2574; x_wconf 78' lang='grc' dir='ltr'><strong>τευθὶς</strong></span> <span class='ocrx_word' id='word_1_352' title='bbox 2809 2512 3047 2583; x_wconf 84' lang='grc' dir='ltr'><strong>ίχθύδιόν</strong></span> <span class='ocrx_word' id='word_1_353' title='bbox 3070 2515 3187 2568; x_wconf 75' lang='grc' dir='ltr'><strong>ἐστι</strong></span> <span class='ocrx_word' id='word_1_354' title='bbox 3213 2514 3356 2569; x_wconf 77' lang='grc' dir='ltr'><strong>λεῖον</strong></span> <span class='ocrx_word' id='word_1_355' title='bbox 3388 2516 3496 2588; x_wconf 79' lang='grc' dir='ltr'><strong>τὴν</strong></span> <span class='ocrx_word' id='word_1_356' title='bbox 3522 2521 3742 2588; x_wconf 72' lang='grc' dir='ltr'><strong>ἐπιφά-</strong></span> 
     </span>
    </p>
   </div>
   <div class='ocr_carea' id='block_1_53' title="bbox 2137 2599 3729 2675">
    <p class='ocr_par' dir='ltr' id='par_1_53' title="bbox 2137 2599 3729 2675">
     <span class='ocr_line' id='line_1_53' title="bbox 2137 2599 3729 2675; baseline 0.009 -24"><span class='ocrx_word' id='word_1_357' title='bbox 2137 2614 2290 2652; x_wconf 83' lang='grc' dir='ltr'><strong>νειαν</strong></span> <span class='ocrx_word' id='word_1_358' title='bbox 2311 2599 2412 2669; x_wconf 84' lang='grc' dir='ltr'><strong>τῆς</strong></span> <span class='ocrx_word' id='word_1_359' title='bbox 2439 2601 2665 2671; x_wconf 82' lang='grc' dir='ltr'><strong>σαρκὸς,</strong></span> <span class='ocrx_word' id='word_1_360' title='bbox 2723 2601 2850 2657; x_wconf 80' lang='grc' dir='ltr'><strong>ὅθεν</strong></span> <span class='ocrx_word' id='word_1_361' title='bbox 2901 2605 2997 2658; x_wconf 78' lang='grc' dir='ltr'><strong>καὶ</strong></span> <span class='ocrx_word' id='word_1_362' title='bbox 3053 2606 3325 2675; x_wconf 88' lang='grc' dir='ltr'><strong>μαλάκιον</strong></span> <span class='ocrx_word' id='word_1_363' title='bbox 3357 2609 3729 2674; x_wconf 78' lang='grc' dir='ltr'><strong>ὀνομάζεται.</strong></span> 
     </span>
    </p>
   </div>
   <div class='ocr_carea' id='block_1_54' title="bbox 2137 2687 3729 2773">
    <p class='ocr_par' dir='ltr' id='par_1_54' title="bbox 2137 2687 3729 2773">
     <span class='ocr_line' id='line_1_54' title="bbox 2137 2687 3729 2773; baseline 0.01 -32"><span class='ocrx_word' id='word_1_364' title='bbox 2137 2687 2350 2758; x_wconf 79' lang='grc' dir='ltr'><strong>Γυμνδν</strong></span> <span class='ocrx_word' id='word_1_365' title='bbox 2380 2687 2476 2746; x_wconf 81' lang='grc' dir='ltr'><strong>οὖν</strong></span> <span class='ocrx_word' id='word_1_366' title='bbox 2504 2693 2681 2765; x_wconf 82' lang='grc' dir='ltr'><strong>πάντη</strong></span> <span class='ocrx_word' id='word_1_367' title='bbox 2718 2695 2814 2748; x_wconf 80' lang='grc' dir='ltr'><strong>καὶ</strong></span> <span class='ocrx_word' id='word_1_368' title='bbox 2850 2695 3093 2760; x_wconf 84' lang='grc' dir='ltr'><strong>άσκεπὲς</strong></span> <span class='ocrx_word' id='word_1_369' title='bbox 3117 2697 3175 2752; x_wconf 79' lang='grc' dir='ltr'><strong>ὃν</strong></span> <span class='ocrx_word' id='word_1_370' title='bbox 3214 2698 3356 2769; x_wconf 81' lang='grc' dir='ltr'><strong>(οὐδὲ</strong></span> <span class='ocrx_word' id='word_1_371' title='bbox 3381 2703 3499 2772; x_wconf 84' lang='grc' dir='ltr'><strong>γὰρ</strong></span> <span class='ocrx_word' id='word_1_372' title='bbox 3523 2703 3729 2773; x_wconf 84' lang='grc' dir='ltr'><strong>ὀστρά-</strong></span> 
     </span>
    </p>
   </div>
   <div class='ocr_carea' id='block_1_55' title="bbox 2139 2781 3731 2860">
    <p class='ocr_par' dir='ltr' id='par_1_55' title="bbox 2139 2781 3731 2860">
     <span class='ocr_line' id='line_1_55' title="bbox 2139 2781 3731 2860; baseline 0.01 -27"><span class='ocrx_word' id='word_1_373' title='bbox 2139 2796 2221 2852; x_wconf 88' lang='grc' dir='ltr'><strong>κῳ</strong></span> <span class='ocrx_word' id='word_1_374' title='bbox 2257 2781 2289 2852; x_wconf 78' lang='grc' dir='ltr'>ἢ</span> <span class='ocrx_word' id='word_1_375' title='bbox 2323 2781 2554 2854; x_wconf 75' lang='grc' dir='ltr'><strong>δέρματι</strong></span> <span class='ocrx_word' id='word_1_376' title='bbox 2582 2786 2928 2860; x_wconf 84' lang='grc' dir='ltr'><strong>περιέχεται)</strong></span> <span class='ocrx_word' id='word_1_377' title='bbox 2958 2791 3384 2856; x_wconf 79' lang='grc' dir='ltr'><strong>προαισθάνεται</strong></span> <span class='ocrx_word' id='word_1_378' title='bbox 3412 2793 3486 2846; x_wconf 83' lang='grc' dir='ltr'><strong>δι’</strong></span> <span class='ocrx_word' id='word_1_379' title='bbox 3550 2795 3731 2849; x_wconf 83' lang='grc' dir='ltr'><strong>εὐπά-</strong></span> 
     </span>
    </p>
   </div>
   <div class='ocr_carea' id='block_1_56' title="bbox 2141 2872 3730 2954">
    <p class='ocr_par' dir='ltr' id='par_1_56' title="bbox 2141 2872 3730 2954">
     <span class='ocr_line' id='line_1_56' title="bbox 2141 2872 3730 2954; baseline 0.008 -28"><span class='ocrx_word' id='word_1_380' title='bbox 2141 2872 2294 2928; x_wconf 87' lang='grc' dir='ltr'><strong>θειαν</strong></span> <span class='ocrx_word' id='word_1_381' title='bbox 2318 2874 2413 2928; x_wconf 79' lang='grc' dir='ltr'><strong>τοῦ</strong></span> <span class='ocrx_word' id='word_1_382' title='bbox 2444 2876 2734 2948; x_wconf 76' lang='grc' dir='ltr'><strong>χειμῶνος,</strong></span> <span class='ocrx_word' id='word_1_383' title='bbox 2797 2878 2921 2933; x_wconf 83' lang='grc' dir='ltr'><strong>ὅθεν</strong></span> <span class='ocrx_word' id='word_1_384' title='bbox 2978 2879 3258 2944; x_wconf 73' lang='grc' dir='ltr'><strong>ἐξάλλεται</strong></span> <span class='ocrx_word' id='word_1_385' title='bbox 3311 2881 3619 2954; x_wconf 80' lang='grc' dir='ltr'><strong>φεύγουσα</strong></span> <span class='ocrx_word' id='word_1_386' title='bbox 3667 2886 3730 2939; x_wconf 82' lang='grc' dir='ltr'><strong>τὺ</strong></span> 
     </span>
    </p>
   </div>
   <div class='ocr_carea' id='block_1_57' title="bbox 2139 2963 3725 3048">
    <p class='ocr_par' dir='ltr' id='par_1_57' title="bbox 2139 2963 3725 3048">
     <span class='ocr_line' id='line_1_57' title="bbox 2139 2963 3725 3048; baseline 0.01 -32"><span class='ocrx_word' id='word_1_387' title='bbox 2139 2963 2312 3034; x_wconf 79' lang='grc' dir='ltr'><strong>ψῦχος</strong></span> <span class='ocrx_word' id='word_1_388' title='bbox 2348 2967 2443 3020; x_wconf 74' lang='grc' dir='ltr'><strong>καὶ</strong></span> <span class='ocrx_word' id='word_1_389' title='bbox 2476 2967 2573 3038; x_wconf 81' lang='grc' dir='ltr'><strong>τὴν</strong></span> <span class='ocrx_word' id='word_1_390' title='bbox 2597 2969 2658 3021; x_wconf 74' lang='grc' dir='ltr'><strong>ἐν</strong></span> <span class='ocrx_word' id='word_1_391' title='bbox 2713 2968 2869 3039; x_wconf 85' lang='grc' dir='ltr'><strong>βάθει</strong></span> <span class='ocrx_word' id='word_1_392' title='bbox 2937 2973 3184 3044; x_wconf 81' lang='grc' dir='ltr'><strong>ταραχὴν</strong></span> <span class='ocrx_word' id='word_1_393' title='bbox 3239 2974 3339 3045; x_wconf 83' lang='grc' dir='ltr'><strong>τῆς</strong></span> <span class='ocrx_word' id='word_1_394' title='bbox 3409 2975 3725 3048; x_wconf 81' lang='grc' dir='ltr'><strong>θαλάσσης.</strong></span> 
     </span>
    </p>
   </div>
   <div class='ocr_carea' id='block_1_58' title="bbox 2142 3054 3728 3138">
    <p class='ocr_par' dir='ltr' id='par_1_58' title="bbox 2142 3054 3728 3138">
     <span class='ocr_line' id='line_1_58' title="bbox 2142 3054 3728 3138; baseline 0.005 -28"><span class='ocrx_word' id='word_1_395' title='bbox 2142 3054 2316 3110; x_wconf 89' lang='grc' dir='ltr'><strong>Ὀταν</strong></span> <span class='ocrx_word' id='word_1_396' title='bbox 2363 3055 2458 3110; x_wconf 81' lang='grc' dir='ltr'><strong>οὖν</strong></span> <span class='ocrx_word' id='word_1_397' title='bbox 2509 3057 2661 3112; x_wconf 75' lang='grc' dir='ltr'><strong>ἴδωσι</strong></span> <span class='ocrx_word' id='word_1_398' title='bbox 2713 3059 2776 3112; x_wconf 83' lang='grc' dir='ltr'><strong>τὸ</strong></span> <span class='ocrx_word' id='word_1_399' title='bbox 2827 3060 3063 3131; x_wconf 81' lang='grc' dir='ltr'><strong>ίχθύδιον</strong></span> <span class='ocrx_word' id='word_1_400' title='bbox 3102 3064 3259 3118; x_wconf 75' lang='grc' dir='ltr'><strong>τοῦτο</strong></span> <span class='ocrx_word' id='word_1_401' title='bbox 3314 3065 3728 3138; x_wconf 79' lang='grc' dir='ltr'><strong>ὲπινηχόμενον</strong></span> 
     </span>
    </p>
   </div>
   <div class='ocr_carea' id='block_1_59' title="bbox 463 3141 2040 3229">
    <p class='ocr_par' dir='ltr' id='par_1_59' title="bbox 463 3157 2040 3226">
     <span class='ocr_line' id='line_1_59' title="bbox 463 3157 2040 3226; baseline 0.003 -18"><span class='ocrx_word' id='word_1_402' title='bbox 463 3165 643 3210; x_wconf 72' lang='lat' dir='ltr'><strong>nauta:</strong></span> <span class='ocrx_word' id='word_1_403' title='bbox 677 3157 1008 3225; x_wconf 79' lang='lat' dir='ltr'><strong>pisciculum</strong></span> <span class='ocrx_word' id='word_1_404' title='bbox 1050 3157 1199 3211; x_wconf 89' lang='lat' dir='ltr'><strong>hunc</strong></span> <span class='ocrx_word' id='word_1_405' title='bbox 1249 3157 1592 3212; x_wconf 87' lang='lat' dir='ltr'><strong>innatantem</strong></span> <span class='ocrx_word' id='word_1_406' title='bbox 1630 3157 1770 3211; x_wconf 87' lang='lat' dir='ltr'><strong>mari</strong></span> <span class='ocrx_word' id='word_1_407' title='bbox 1820 3157 2040 3226; x_wconf 86' lang='lat' dir='ltr'><strong>conspi-</strong></span> 
     </span>
    </p>
   </div>
   <div class='ocr_carea' id='block_1_60' title="bbox 2148 3141 3730 3229">
    <p class='ocr_par' dir='ltr' id='par_1_60' title="bbox 2148 3141 3730 3227">
     <span class='ocr_line' id='line_1_60' title="bbox 2148 3141 3730 3227; baseline 0.011 -34"><span class='ocrx_word' id='word_1_408' title='bbox 2148 3145 2212 3214; x_wconf 78' lang='grc' dir='ltr'><strong>τῇ</strong></span> <span class='ocrx_word' id='word_1_409' title='bbox 2241 3141 2510 3215; x_wconf 81' lang='grc' dir='ltr'><strong>θαλάσσῃ,</strong></span> <span class='ocrx_word' id='word_1_410' title='bbox 2560 3147 2808 3218; x_wconf 87' lang='grc' dir='ltr'><strong>χειμῶνα</strong></span> <span class='ocrx_word' id='word_1_411' title='bbox 2862 3150 3278 3221; x_wconf 81' lang='grc' dir='ltr'><strong>τεκμαίρονται,</strong></span> <span class='ocrx_word' id='word_1_412' title='bbox 3350 3151 3554 3227; x_wconf 82' lang='grc' dir='ltr'><strong>ὥσπερ</strong></span> <span class='ocrx_word' id='word_1_413' title='bbox 3597 3157 3730 3210; x_wconf 82' lang='grc' dir='ltr'><strong>ὅταν</strong></span> 
     </span>
    </p>
   </div>
   <div class='ocr_carea' id='block_1_61' title="bbox 463 3247 2044 3320">
    <p class='ocr_par' dir='ltr' id='par_1_61' title="bbox 463 3247 2044 3320">
     <span class='ocr_line' id='line_1_61' title="bbox 463 3247 2044 3320; baseline 0.001 -18"><span class='ocrx_word' id='word_1_414' title='bbox 463 3247 680 3304; x_wconf 85' lang='lat' dir='ltr'><strong>cientes</strong></span> <span class='ocrx_word' id='word_1_415' title='bbox 721 3258 1098 3320; x_wconf 87' lang='lat' dir='ltr'><strong>tempestatem</strong></span> <span class='ocrx_word' id='word_1_416' title='bbox 1149 3250 1402 3319; x_wconf 87' lang='lat' dir='ltr'><strong>portendi</strong></span> <span class='ocrx_word' id='word_1_417' title='bbox 1449 3249 1915 3310; x_wconf 83' lang='lat' dir='ltr'><strong>animadvertunt.</strong></span> <span class='ocrx_word' id='word_1_418' title='bbox 1950 3250 2044 3307; x_wconf 87' lang='lat' dir='ltr'><strong>lti-</strong></span> 
     </span>
    </p>
   </div>
   <div class='ocr_carea' id='block_1_62' title="bbox 466 3341 2040 3415">
    <p class='ocr_par' dir='ltr' id='par_1_62' title="bbox 466 3341 2040 3415">
     <span class='ocr_line' id='line_1_62' title="bbox 466 3341 2040 3415; baseline 0.003 -19"><span class='ocrx_word' id='word_1_419' title='bbox 466 3341 588 3396; x_wconf 90' lang='lat' dir='ltr'><strong>dem</strong></span> <span class='ocrx_word' id='word_1_420' title='bbox 643 3343 689 3396; x_wconf 93' lang='lat' dir='ltr'><strong>si</strong></span> <span class='ocrx_word' id='word_1_421' title='bbox 753 3344 1013 3415; x_wconf 88' lang='lat' dir='ltr'><strong>polypum</strong></span> <span class='ocrx_word' id='word_1_422' title='bbox 1064 3342 1287 3398; x_wconf 88' lang='lat' dir='ltr'><strong>videant</strong></span> <span class='ocrx_word' id='word_1_423' title='bbox 1336 3357 1470 3397; x_wconf 78' lang='lat' dir='ltr'><strong>saxo</strong></span> <span class='ocrx_word' id='word_1_424' title='bbox 1519 3343 1921 3407; x_wconf 68' lang='lat' dir='ltr'><strong>adhaerescere,</strong></span> <span class='ocrx_word' id='word_1_425' title='bbox 1971 3344 2040 3400; x_wconf 86' lang='lat' dir='ltr'><strong>de</strong></span> 
     </span>
    </p>
   </div>
   <div class='ocr_carea' id='block_1_63' title="bbox 466 3433 2044 3504">
    <p class='ocr_par' dir='ltr' id='par_1_63' title="bbox 466 3433 2044 3504">
     <span class='ocr_line' id='line_1_63' title="bbox 466 3433 2044 3504; baseline 0.004 -22"><span class='ocrx_word' id='word_1_426' title='bbox 466 3435 759 3487; x_wconf 78' lang='lat' dir='ltr'><strong>ventorum</strong></span> <span class='ocrx_word' id='word_1_427' title='bbox 793 3444 944 3488; x_wconf 93' lang='lat' dir='ltr'><strong>motu</strong></span> <span class='ocrx_word' id='word_1_428' title='bbox 994 3434 1324 3504; x_wconf 65' lang='lat' dir='ltr'><strong>praesagium</strong></span> <span class='ocrx_word' id='word_1_429' title='bbox 1377 3433 1660 3503; x_wconf 83' lang='lat' dir='ltr'><strong>colligunt.</strong></span> <span class='ocrx_word' id='word_1_430' title='bbox 1713 3433 1848 3488; x_wconf 85' lang='lat' dir='ltr'><strong>Nam</strong></span> <span class='ocrx_word' id='word_1_431' title='bbox 1901 3434 2044 3489; x_wconf 87' lang='lat' dir='ltr'><strong>Deus</strong></span> 
     </span>
    </p>
   </div>
   <div class='ocr_carea' id='block_1_64' title="bbox 468 3524 2044 3598">
    <p class='ocr_par' dir='ltr' id='par_1_64' title="bbox 468 3524 2044 3598">
     <span class='ocr_line' id='line_1_64' title="bbox 468 3524 2044 3598; baseline 0.001 -19"><span class='ocrx_word' id='word_1_432' title='bbox 468 3524 762 3581; x_wconf 79' lang='lat' dir='ltr'><strong>facultates</strong></span> <span class='ocrx_word' id='word_1_433' title='bbox 792 3527 1059 3598; x_wconf 84' lang='lat' dir='ltr'><strong>quasdam</strong></span> <span class='ocrx_word' id='word_1_434' title='bbox 1092 3528 1280 3584; x_wconf 81' lang='lat' dir='ltr'><strong>futura</strong></span> <span class='ocrx_word' id='word_1_435' title='bbox 1312 3526 1685 3598; x_wconf 89' lang='lat' dir='ltr'><strong>prospiciendi</strong></span> <span class='ocrx_word' id='word_1_436' title='bbox 1710 3525 2044 3581; x_wconf 86' lang='lat' dir='ltr'><strong>animalibus</strong></span> 
     </span>
    </p>
   </div>
   <div class='ocr_carea' id='block_1_65' title="bbox 470 3615 2045 3688">
    <p class='ocr_par' dir='ltr' id='par_1_65' title="bbox 470 3615 2045 3688">
     <span class='ocr_line' id='line_1_65' title="bbox 470 3615 2045 3688; baseline 0.003 -20"><span class='ocrx_word' id='word_1_437' title='bbox 470 3615 538 3670; x_wconf 88' lang='lat' dir='ltr'><strong>ad</strong></span> <span class='ocrx_word' id='word_1_438' title='bbox 589 3617 717 3670; x_wconf 77' lang='lat' dir='ltr'><strong>vita:</strong></span> <span class='ocrx_word' id='word_1_439' title='bbox 784 3617 1031 3688; x_wconf 89' lang='lat' dir='ltr'><strong>ipsorum</strong></span> <span class='ocrx_word' id='word_1_440' title='bbox 1085 3618 1567 3675; x_wconf 87' lang='lat' dir='ltr'><strong>conservationem</strong></span> <span class='ocrx_word' id='word_1_441' title='bbox 1619 3619 1839 3675; x_wconf 87' lang='lat' dir='ltr'><strong>insevit.</strong></span> <span class='ocrx_word' id='word_1_442' title='bbox 1903 3618 2045 3673; x_wconf 90' lang='lat' dir='ltr'><strong>Sunt</strong></span> 
     </span>
    </p>
   </div>
   <div class='ocr_carea' id='block_1_66' title="bbox 467 3708 2044 3781">
    <p class='ocr_par' dir='ltr' id='par_1_66' title="bbox 467 3708 2044 3781">
     <span class='ocr_line' id='line_1_66' title="bbox 467 3708 2044 3781; baseline 0.003 -22"><span class='ocrx_word' id='word_1_443' title='bbox 467 3708 634 3761; x_wconf 91' lang='lat' dir='ltr'><strong>etiam</strong></span> <span class='ocrx_word' id='word_1_444' title='bbox 681 3709 828 3764; x_wconf 89' lang='lat' dir='ltr'><strong>inter</strong></span> <span class='ocrx_word' id='word_1_445' title='bbox 873 3712 1118 3765; x_wconf 90' lang='lat' dir='ltr'><strong>marinas</strong></span> <span class='ocrx_word' id='word_1_446' title='bbox 1170 3709 1378 3766; x_wconf 90' lang='lat' dir='ltr'><strong>bestias</strong></span> <span class='ocrx_word' id='word_1_447' title='bbox 1407 3711 1658 3781; x_wconf 74' lang='lat' dir='ltr'><strong>quaedam</strong></span> <span class='ocrx_word' id='word_1_448' title='bbox 1710 3711 2044 3775; x_wconf 59' lang='lat' dir='ltr'><strong>metuendae,</strong></span> 
     </span>
    </p>
   </div>
   <div class='ocr_carea' id='block_1_67' title="bbox 469 3802 2049 3872">
    <p class='ocr_par' dir='ltr' id='par_1_67' title="bbox 469 3802 2049 3872">
     <span class='ocr_line' id='line_1_67' title="bbox 469 3802 2049 3872; baseline 0.003 -19"><span class='ocrx_word' id='word_1_449' title='bbox 469 3802 775 3870; x_wconf 50' lang='lat' dir='ltr'><strong>praesertim</strong></span> <span class='ocrx_word' id='word_1_450' title='bbox 809 3804 1104 3872; x_wconf 60' lang='lat' dir='ltr'><strong>pastinaca</strong></span> <span class='ocrx_word' id='word_1_451' title='bbox 1133 3804 1358 3857; x_wconf 66' lang='lat' dir='ltr'><strong>marinae</strong></span> <span class='ocrx_word' id='word_1_452' title='bbox 1388 3803 1666 3866; x_wconf 89' lang='lat' dir='ltr'><strong>stimulus,</strong></span> <span class='ocrx_word' id='word_1_453' title='bbox 1695 3804 1862 3858; x_wconf 90' lang='lat' dir='ltr'><strong>etiam</strong></span> <span class='ocrx_word' id='word_1_454' title='bbox 1898 3818 2049 3858; x_wconf 91' lang='lat' dir='ltr'><strong>mor-</strong></span> 
     </span>
    </p>
   </div>
   <div class='ocr_carea' id='block_1_68' title="bbox 473 3892 2046 3963">
    <p class='ocr_par' dir='ltr' id='par_1_68' title="bbox 473 3892 2046 3963">
     <span class='ocr_line' id='line_1_68' title="bbox 473 3892 2046 3963; baseline 0.005 -20"><span class='ocrx_word' id='word_1_455' title='bbox 473 3899 599 3956; x_wconf 63' lang='lat' dir='ltr'><strong>tum,</strong></span> <span class='ocrx_word' id='word_1_456' title='bbox 622 3892 766 3947; x_wconf 89' lang='lat' dir='ltr'><strong>sicut</strong></span> <span class='ocrx_word' id='word_1_457' title='bbox 789 3904 848 3947; x_wconf 71' lang='grc' dir='ltr'><strong>ιιι</strong></span> <span class='ocrx_word' id='word_1_458' title='bbox 873 3894 1032 3963; x_wconf 87' lang='lat' dir='ltr'><strong>lepus</strong></span> <span class='ocrx_word' id='word_1_459' title='bbox 1065 3895 1313 3951; x_wconf 90' lang='lat' dir='ltr'><strong>marinus</strong></span> <span class='ocrx_word' id='word_1_460' title='bbox 1338 3895 1573 3950; x_wconf 88' lang='lat' dir='ltr'><strong>celerem</strong></span> <span class='ocrx_word' id='word_1_461' title='bbox 1605 3893 1817 3950; x_wconf 85' lang='lat' dir='ltr'><strong>homini</strong></span> <span class='ocrx_word' id='word_1_462' title='bbox 1843 3903 1899 3950; x_wconf 91' lang='lat' dir='ltr'><strong>et</strong></span> <span class='ocrx_word' id='word_1_463' title='bbox 1921 3895 2046 3951; x_wconf 81' lang='lat' dir='ltr'><strong>ine-</strong></span> 
     </span>
    </p>
   </div>
   <div class='ocr_carea' id='block_1_69' title="bbox 470 3984 1305 4045">
    <p class='ocr_par' dir='ltr' id='par_1_69' title="bbox 470 3984 1305 4045">
     <span class='ocr_line' id='line_1_69' title="bbox 470 3984 1305 4045; baseline 0.007 -9"><span class='ocrx_word' id='word_1_464' title='bbox 470 3984 755 4040; x_wconf 87' lang='lat' dir='ltr'><strong>vitabilem</strong></span> <span class='ocrx_word' id='word_1_465' title='bbox 786 3985 1071 4045; x_wconf 81' lang='lat' dir='ltr'><strong>interitum</strong></span> <span class='ocrx_word' id='word_1_466' title='bbox 1103 3986 1305 4042; x_wconf 84' lang='lat' dir='ltr'><strong>adfert.</strong></span> 
     </span>
    </p>
   </div>
   <div class='ocr_carea' id='block_1_70' title="bbox 544 4077 2045 4147">
    <p class='ocr_par' dir='ltr' id='par_1_70' title="bbox 544 4077 2045 4147">
     <span class='ocr_line' id='line_1_70' title="bbox 544 4077 2045 4147; baseline 0.002 -16"><span class='ocrx_word' id='word_1_467' title='bbox 544 4077 814 4132; x_wconf 78' lang='lat' dir='ltr'><strong>Praeterea</strong></span> <span class='ocrx_word' id='word_1_468' title='bbox 839 4079 1084 4147; x_wconf 88' lang='lat' dir='ltr'><strong>piscibus</strong></span> <span class='ocrx_word' id='word_1_469' title='bbox 1107 4079 1444 4134; x_wconf 86' lang='lat' dir='ltr'><strong>salacitatem</strong></span> <span class='ocrx_word' id='word_1_470' title='bbox 1477 4077 1648 4134; x_wconf 83' lang='lat' dir='ltr'><strong>tribui</strong></span> <span class='ocrx_word' id='word_1_471' title='bbox 1673 4078 1817 4135; x_wconf 85' lang='lat' dir='ltr'><strong>seire</strong></span> <span class='ocrx_word' id='word_1_472' title='bbox 1843 4077 2045 4145; x_wconf 86' lang='lat' dir='ltr'><strong>debes;</strong></span> 
     </span>
    </p>
   </div>
   <div class='ocr_carea' id='block_1_71' title="bbox 473 4147 2050 4239">
    <p class='ocr_par' dir='ltr' id='par_1_71' title="bbox 473 4147 2050 4239">
     <span class='ocr_line' id='line_1_71' title="bbox 473 4147 2050 4239; baseline 0.003 -20"><span class='ocrx_word' id='word_1_473' title='bbox 473 4165 608 4220; x_wconf 83' lang='lat' dir='ltr'><strong>Nam</strong></span> <span class='ocrx_word' id='word_1_474' title='bbox 633 4167 897 4237; x_wconf 89' lang='lat' dir='ltr'><strong>cephalus</strong></span> <span class='ocrx_word' id='word_1_475' title='bbox 925 4167 1128 4222; x_wconf 88' lang='lat' dir='ltr'><strong>femina</strong></span> <span class='ocrx_word' id='word_1_476' title='bbox 1156 4168 1334 4223; x_wconf 88' lang='lat' dir='ltr'><strong>littori</strong></span> <span class='ocrx_word' id='word_1_477' title='bbox 1358 4168 1576 4239; x_wconf 74' lang='lat' dir='ltr'><strong>alligata</strong></span> <span class='ocrx_word' id='word_1_478' title='bbox 1605 4147 1838 4229; x_wconf 47' lang='lat' dir='ltr'><strong>facit..ut</strong></span> <span class='ocrx_word' id='word_1_479' title='bbox 1865 4183 2050 4224; x_wconf 90' lang='lat' dir='ltr'><strong>mares</strong></span> 
     </span>
    </p>
   </div>
   <div class='ocr_carea' id='block_1_72' title="bbox 471 4260 2048 4331">
    <p class='ocr_par' dir='ltr' id='par_1_72' title="bbox 471 4260 2048 4331">
     <span class='ocr_line' id='line_1_72' title="bbox 471 4260 2048 4331; baseline 0 -18"><span class='ocrx_word' id='word_1_480' title='bbox 471 4268 772 4314; x_wconf 65' lang='lat' dir='ltr'><strong>aestuantes</strong></span> <span class='ocrx_word' id='word_1_481' title='bbox 819 4274 886 4315; x_wconf 91' lang='lat' dir='ltr'><strong>eo</strong></span> <span class='ocrx_word' id='word_1_482' title='bbox 929 4268 1128 4315; x_wconf 86' lang='lat' dir='ltr'><strong>coeant</strong></span> <span class='ocrx_word' id='word_1_483' title='bbox 1180 4260 1506 4331; x_wconf 67' lang='lat' dir='ltr'><strong>feminaeque</strong></span> <span class='ocrx_word' id='word_1_484' title='bbox 1554 4261 1705 4317; x_wconf 89' lang='lat' dir='ltr'><strong>velut</strong></span> <span class='ocrx_word' id='word_1_485' title='bbox 1748 4260 2048 4316; x_wconf 80' lang='lat' dir='ltr'><strong>adsultent.</strong></span> 
     </span>
    </p>
   </div>
   <div class='ocr_carea' id='block_1_73' title="bbox 470 4349 2053 4424">
    <p class='ocr_par' dir='ltr' id='par_1_73' title="bbox 470 4349 2053 4424">
     <span class='ocr_line' id='line_1_73' title="bbox 470 4349 2053 4424; baseline 0.001 -20"><span class='ocrx_word' id='word_1_486' title='bbox 470 4349 638 4404; x_wconf 87' lang='lat' dir='ltr'><strong>Canis</strong></span> <span class='ocrx_word' id='word_1_487' title='bbox 676 4359 860 4405; x_wconf 89' lang='lat' dir='ltr'><strong>autem</strong></span> <span class='ocrx_word' id='word_1_488' title='bbox 893 4352 1139 4406; x_wconf 89' lang='lat' dir='ltr'><strong>marinus</strong></span> <span class='ocrx_word' id='word_1_489' title='bbox 1169 4353 1215 4407; x_wconf 90' lang='lat' dir='ltr'><strong>si</strong></span> <span class='ocrx_word' id='word_1_490' title='bbox 1257 4353 1552 4424; x_wconf 90' lang='lat' dir='ltr'><strong>strepitum</strong></span> <span class='ocrx_word' id='word_1_491' title='bbox 1593 4354 1884 4423; x_wconf 87' lang='lat' dir='ltr'><strong>quemdam</strong></span> <span class='ocrx_word' id='word_1_492' title='bbox 1929 4366 2053 4406; x_wconf 61' lang='lat' dir='ltr'><strong>seno</strong></span> 
     </span>
    </p>
   </div>
   <div class='ocr_carea' id='block_1_74' title="bbox 474 4441 2051 4514">
    <p class='ocr_par' dir='ltr' id='par_1_74' title="bbox 474 4441 2051 4514">
     <span class='ocr_line' id='line_1_74' title="bbox 474 4441 2051 4514; baseline 0.003 -21"><span class='ocrx_word' id='word_1_493' title='bbox 474 4441 595 4503; x_wconf 79' lang='lat' dir='ltr'><strong>tiat,</strong></span> <span class='ocrx_word' id='word_1_494' title='bbox 653 4443 876 4498; x_wconf 85' lang='lat' dir='ltr'><strong>catellos</strong></span> <span class='ocrx_word' id='word_1_495' title='bbox 928 4459 1061 4499; x_wconf 85' lang='lat' dir='ltr'><strong>suos</strong></span> <span class='ocrx_word' id='word_1_496' title='bbox 1115 4445 1168 4498; x_wconf 90' lang='lat' dir='ltr'><strong>in</strong></span> <span class='ocrx_word' id='word_1_497' title='bbox 1223 4445 1348 4499; x_wconf 85' lang='lat' dir='ltr'><strong>sinu</strong></span> <span class='ocrx_word' id='word_1_498' title='bbox 1401 4445 1646 4500; x_wconf 88' lang='lat' dir='ltr'><strong>occultat</strong></span> <span class='ocrx_word' id='word_1_499' title='bbox 1700 4443 1949 4514; x_wconf 86' lang='lat' dir='ltr'><strong>proprio,</strong></span> <span class='ocrx_word' id='word_1_500' title='bbox 1986 4457 2051 4498; x_wconf 82' lang='lat' dir='ltr'><strong>ac</strong></span> 
     </span>
    </p>
   </div>
   <div class='ocr_carea' id='block_1_75' title="bbox 2147 3232 3728 3316">
    <p class='ocr_par' dir='ltr' id='par_1_75' title="bbox 2147 3232 3728 3316">
     <span class='ocr_line' id='line_1_75' title="bbox 2147 3232 3728 3316; baseline 0.009 -31"><span class='ocrx_word' id='word_1_501' title='bbox 2147 3232 2298 3287; x_wconf 84' lang='grc' dir='ltr'><strong>ῐδωσι</strong></span> <span class='ocrx_word' id='word_1_502' title='bbox 2329 3235 2420 3289; x_wconf 80' lang='grc' dir='ltr'><strong>τὸν</strong></span> <span class='ocrx_word' id='word_1_503' title='bbox 2454 3235 2732 3291; x_wconf 85' lang='grc' dir='ltr'><strong>πολύποδα</strong></span> <span class='ocrx_word' id='word_1_504' title='bbox 2769 3239 2878 3310; x_wconf 88' lang='grc' dir='ltr'><strong>τῆς</strong></span> <span class='ocrx_word' id='word_1_505' title='bbox 2911 3241 3118 3313; x_wconf 85' lang='grc' dir='ltr'><strong>πέτρας</strong></span> <span class='ocrx_word' id='word_1_506' title='bbox 3152 3245 3581 3316; x_wconf 85' lang='grc' dir='ltr'><strong>περιεχόμενον,</strong></span> <span class='ocrx_word' id='word_1_507' title='bbox 3607 3249 3728 3302; x_wconf 82' lang='grc' dir='ltr'><strong>ἀνέ-</strong></span> 
     </span>
    </p>
   </div>
   <div class='ocr_carea' id='block_1_76' title="bbox 2147 3328 3730 3412">
    <p class='ocr_par' dir='ltr' id='par_1_76' title="bbox 2147 3328 3730 3412">
     <span class='ocr_line' id='line_1_76' title="bbox 2147 3328 3730 3412; baseline 0.01 -35"><span class='ocrx_word' id='word_1_508' title='bbox 2147 3342 2266 3394; x_wconf 89' lang='grc' dir='ltr'><strong>μων</strong></span> <span class='ocrx_word' id='word_1_509' title='bbox 2325 3328 2681 3396; x_wconf 84' lang='grc' dir='ltr'><strong>σημειοῦνται</strong></span> <span class='ocrx_word' id='word_1_510' title='bbox 2728 3331 2928 3402; x_wconf 88' lang='grc' dir='ltr'><strong>φοράν.</strong></span> <span class='ocrx_word' id='word_1_511' title='bbox 2970 3334 3401 3409; x_wconf 82' lang='grc' dir='ltr'><strong>Ἐγκατέσπειρε</strong></span> <span class='ocrx_word' id='word_1_512' title='bbox 3453 3341 3572 3412; x_wconf 86' lang='grc' dir='ltr'><strong>γὰρ</strong></span> <span class='ocrx_word' id='word_1_513' title='bbox 3617 3342 3730 3402; x_wconf 84' lang='grc' dir='ltr'><strong>τοῖς</strong></span> 
     </span>
    </p>
   </div>
   <div class='ocr_carea' id='block_1_77' title="bbox 2145 3417 3730 3501">
    <p class='ocr_par' dir='ltr' id='par_1_77' title="bbox 2145 3417 3730 3501">
     <span class='ocr_line' id='line_1_77' title="bbox 2145 3417 3730 3501; baseline 0.008 -31"><span class='ocrx_word' id='word_1_514' title='bbox 2145 3417 2309 3482; x_wconf 79' lang='grc' dir='ltr'><strong>ζώοις</strong></span> <span class='ocrx_word' id='word_1_515' title='bbox 2358 3421 2387 3472; x_wconf 83' lang='grc' dir='ltr'><strong>δ</strong></span> <span class='ocrx_word' id='word_1_516' title='bbox 2448 3420 2582 3485; x_wconf 84' lang='grc' dir='ltr'><strong>Θεὸς</strong></span> <span class='ocrx_word' id='word_1_517' title='bbox 2631 3421 2900 3495; x_wconf 86' lang='grc' dir='ltr'><strong>δυνάμεις</strong></span> <span class='ocrx_word' id='word_1_518' title='bbox 2954 3431 3374 3498; x_wconf 86' lang='grc' dir='ltr'><strong>προγνωστικὰς</strong></span> <span class='ocrx_word' id='word_1_519' title='bbox 3431 3433 3580 3498; x_wconf 70' lang='grc' dir='ltr'><strong>πρὸς</strong></span> <span class='ocrx_word' id='word_1_520' title='bbox 3631 3432 3730 3501; x_wconf 78' lang='grc' dir='ltr'><strong>τὴν</strong></span> 
     </span>
    </p>
   </div>
   <div class='ocr_carea' id='block_1_78' title="bbox 2143 3513 3729 3596">
    <p class='ocr_par' dir='ltr' id='par_1_78' title="bbox 2143 3513 3729 3596">
     <span class='ocr_line' id='line_1_78' title="bbox 2143 3513 3729 3596; baseline 0.014 -32"><span class='ocrx_word' id='word_1_521' title='bbox 2143 3513 2242 3582; x_wconf 82' lang='grc' dir='ltr'><strong>τῆς</strong></span> <span class='ocrx_word' id='word_1_522' title='bbox 2272 3513 2423 3586; x_wconf 82' lang='grc' dir='ltr'><strong>ζωῆς</strong></span> <span class='ocrx_word' id='word_1_523' title='bbox 2452 3515 2634 3571; x_wconf 75' lang='grc' dir='ltr'><strong>αὐτῶν</strong></span> <span class='ocrx_word' id='word_1_524' title='bbox 2688 3518 2973 3575; x_wconf 88' lang='grc' dir='ltr'><strong>σύστασιν.</strong></span> <span class='ocrx_word' id='word_1_525' title='bbox 3030 3522 3140 3577; x_wconf 77' lang='grc' dir='ltr'><strong>Καὶ</strong></span> <span class='ocrx_word' id='word_1_526' title='bbox 3183 3522 3320 3577; x_wconf 77' lang='grc' dir='ltr'><strong>ἄλλα</strong></span> <span class='ocrx_word' id='word_1_527' title='bbox 3375 3524 3475 3596; x_wconf 73' lang='grc' dir='ltr'><strong>μὲν</strong></span> <span class='ocrx_word' id='word_1_528' title='bbox 3519 3529 3590 3581; x_wconf 69' lang='grc' dir='ltr'><strong>τὰ</strong></span> <span class='ocrx_word' id='word_1_529' title='bbox 3630 3525 3729 3593; x_wconf 70' lang='grc' dir='ltr'><strong>τῆς</strong></span> 
     </span>
    </p>
   </div>
   <div class='ocr_carea' id='block_1_79' title="bbox 2147 3603 3728 3691">
    <p class='ocr_par' dir='ltr' id='par_1_79' title="bbox 2147 3603 3728 3691">
     <span class='ocr_line' id='line_1_79' title="bbox 2147 3603 3728 3691; baseline 0.009 -34"><span class='ocrx_word' id='word_1_530' title='bbox 2147 3603 2419 3676; x_wconf 85' lang='grc' dir='ltr'><strong>θαλάττης</strong></span> <span class='ocrx_word' id='word_1_531' title='bbox 2475 3609 2599 3662; x_wconf 82' lang='grc' dir='ltr'><strong>τινὰ</strong></span> <span class='ocrx_word' id='word_1_532' title='bbox 2670 3611 2930 3682; x_wconf 85' lang='grc' dir='ltr'><strong>τυγχάνει</strong></span> <span class='ocrx_word' id='word_1_533' title='bbox 2992 3615 3222 3686; x_wconf 81' lang='grc' dir='ltr'><strong>φοϐερά.</strong></span> <span class='ocrx_word' id='word_1_534' title='bbox 3274 3617 3388 3688; x_wconf 84' lang='grc' dir='ltr'><strong>Οὐχ</strong></span> <span class='ocrx_word' id='word_1_535' title='bbox 3440 3613 3612 3691; x_wconf 80' lang='grc' dir='ltr'><strong>ἦττον</strong></span> <span class='ocrx_word' id='word_1_536' title='bbox 3671 3619 3728 3672; x_wconf 81' lang='grc' dir='ltr'><strong>δὲ</strong></span> 
     </span>
    </p>
   </div>
   <div class='ocr_carea' id='block_1_80' title="bbox 2145 3697 3731 3776">
    <p class='ocr_par' dir='ltr' id='par_1_80' title="bbox 2145 3697 3731 3776">
     <span class='ocr_line' id='line_1_80' title="bbox 2145 3697 3731 3776; baseline 0.01 -27"><span class='ocrx_word' id='word_1_537' title='bbox 2145 3697 2243 3750; x_wconf 85' lang='grc' dir='ltr'><strong>καὶ</strong></span> <span class='ocrx_word' id='word_1_538' title='bbox 2300 3699 2574 3773; x_wconf 30' lang='grc' dir='ltr'><strong>τρυγόνος,</strong></span> <span class='ocrx_word' id='word_1_539' title='bbox 2632 3701 2861 3774; x_wconf 78' lang='grc' dir='ltr'><strong>κέντρον</strong></span> <span class='ocrx_word' id='word_1_540' title='bbox 2921 3705 3022 3774; x_wconf 82' lang='grc' dir='ltr'><strong>τῆς</strong></span> <span class='ocrx_word' id='word_1_541' title='bbox 3075 3706 3388 3776; x_wconf 83' lang='grc' dir='ltr'><strong>θαλαττίας,</strong></span> <span class='ocrx_word' id='word_1_542' title='bbox 3451 3713 3557 3766; x_wconf 80' lang='grc' dir='ltr'><strong>καὶ</strong></span> <span class='ocrx_word' id='word_1_543' title='bbox 3600 3711 3731 3765; x_wconf 83' lang='grc' dir='ltr'><strong>ταύ·</strong></span> 
     </span>
    </p>
   </div>
   <div class='ocr_carea' id='block_1_81' title="bbox 2146 3791 3732 3874">
    <p class='ocr_par' dir='ltr' id='par_1_81' title="bbox 2146 3791 3732 3874">
     <span class='ocr_line' id='line_1_81' title="bbox 2146 3791 3732 3874; baseline 0.013 -36"><span class='ocrx_word' id='word_1_544' title='bbox 2146 3801 2249 3857; x_wconf 89' lang='grc' dir='ltr'><strong>της</strong></span> <span class='ocrx_word' id='word_1_545' title='bbox 2304 3791 2531 3860; x_wconf 75' lang='grc' dir='ltr'><strong>νεκρᾶς,</strong></span> <span class='ocrx_word' id='word_1_546' title='bbox 2580 3791 2677 3848; x_wconf 75' lang='grc' dir='ltr'><strong>καὶ</strong></span> <span class='ocrx_word' id='word_1_547' title='bbox 2721 3791 2750 3844; x_wconf 84' lang='grc' dir='ltr'><strong>δ</strong></span> <span class='ocrx_word' id='word_1_548' title='bbox 2818 3793 3029 3862; x_wconf 82' lang='grc' dir='ltr'><strong>λαγωδς</strong></span> <span class='ocrx_word' id='word_1_549' title='bbox 3083 3798 3112 3849; x_wconf 86' lang='grc' dir='ltr'>ὁ</span> <span class='ocrx_word' id='word_1_550' title='bbox 3157 3797 3448 3864; x_wconf 74' lang='grc' dir='ltr'><strong>θαλάσσιος</strong></span> <span class='ocrx_word' id='word_1_551' title='bbox 3501 3803 3732 3874; x_wconf 73' lang='grc' dir='ltr'><strong>ταχεῖαν</strong></span> 
     </span>
    </p>
   </div>
   <div class='ocr_carea' id='block_1_82' title="bbox 2148 3881 3442 3962">
    <p class='ocr_par' dir='ltr' id='par_1_82' title="bbox 2148 3881 3442 3962">
     <span class='ocr_line' id='line_1_82' title="bbox 2148 3881 3442 3962; baseline 0.01 -28"><span class='ocrx_word' id='word_1_552' title='bbox 2148 3881 2248 3937; x_wconf 77' lang='grc' dir='ltr'><strong>καὶ</strong></span> <span class='ocrx_word' id='word_1_553' title='bbox 2280 3881 2657 3954; x_wconf 82' lang='grc' dir='ltr'><strong>ἀπαραίτητον</strong></span> <span class='ocrx_word' id='word_1_554' title='bbox 2685 3884 2789 3958; x_wconf 76' lang='grc' dir='ltr'><strong>τὴν</strong></span> <span class='ocrx_word' id='word_1_555' title='bbox 2818 3885 3026 3958; x_wconf 78' lang='grc' dir='ltr'><strong>φθορὰν</strong></span> <span class='ocrx_word' id='word_1_556' title='bbox 3062 3889 3442 3962; x_wconf 75' lang='grc' dir='ltr'><strong>ἐπιφέρονται.</strong></span> 
     </span>
    </p>
   </div>
   <div class='ocr_carea' id='block_1_83' title="bbox 2221 4063 3730 4141">
    <p class='ocr_par' dir='ltr' id='par_1_83' title="bbox 2221 4063 3730 4141">
     <span class='ocr_line' id='line_1_83' title="bbox 2221 4063 3730 4141; baseline 0.007 -24"><span class='ocrx_word' id='word_1_557' title='bbox 2221 4063 2464 4119; x_wconf 79' lang='grc' dir='ltr'><strong>Γίνωσκε</strong></span> <span class='ocrx_word' id='word_1_558' title='bbox 2487 4064 2545 4118; x_wconf 78' lang='grc' dir='ltr'><strong>δὲ</strong></span> <span class='ocrx_word' id='word_1_559' title='bbox 2589 4065 2674 4121; x_wconf 84' lang='grc' dir='ltr'><strong>ὅτι</strong></span> <span class='ocrx_word' id='word_1_560' title='bbox 2706 4067 2859 4136; x_wconf 73' lang='grc' dir='ltr'><strong>παρὰ</strong></span> <span class='ocrx_word' id='word_1_561' title='bbox 2901 4072 3016 4133; x_wconf 79' lang='grc' dir='ltr'><strong>τοῖς</strong></span> <span class='ocrx_word' id='word_1_562' title='bbox 3047 4068 3259 4138; x_wconf 78' lang='grc' dir='ltr'><strong>ἰχθύσιν</strong></span> <span class='ocrx_word' id='word_1_563' title='bbox 3288 4071 3554 4141; x_wconf 79' lang='grc' dir='ltr'><strong>λαγνείαν</strong></span> <span class='ocrx_word' id='word_1_564' title='bbox 3569 4069 3730 4128; x_wconf 74' lang='grc' dir='ltr'><strong>εἶναι.</strong></span> 
     </span>
    </p>
   </div>
   <div class='ocr_carea' id='block_1_84' title="bbox 2149 4154 3734 4236">
    <p class='ocr_par' dir='ltr' id='par_1_84' title="bbox 2149 4154 3734 4236">
     <span class='ocr_line' id='line_1_84' title="bbox 2149 4154 3734 4236; baseline 0.004 -26"><span class='ocrx_word' id='word_1_565' title='bbox 2149 4154 2399 4226; x_wconf 82' lang='grc' dir='ltr'><strong>Κέφαλος</strong></span> <span class='ocrx_word' id='word_1_566' title='bbox 2432 4157 2544 4228; x_wconf 81' lang='grc' dir='ltr'><strong>γάρ</strong></span> <span class='ocrx_word' id='word_1_567' title='bbox 2583 4157 2754 4228; x_wconf 80' lang='grc' dir='ltr'><strong>θῆλυς</strong></span> <span class='ocrx_word' id='word_1_568' title='bbox 2785 4160 2940 4232; x_wconf 80' lang='grc' dir='ltr'><strong>παρὰ</strong></span> <span class='ocrx_word' id='word_1_569' title='bbox 2992 4161 3072 4234; x_wconf 80' lang='grc' dir='ltr'><strong>τῷ</strong></span> <span class='ocrx_word' id='word_1_570' title='bbox 3130 4163 3369 4234; x_wconf 81' lang='grc' dir='ltr'><strong>αἰγιαλῷ</strong></span> <span class='ocrx_word' id='word_1_571' title='bbox 3407 4167 3734 4236; x_wconf 84' lang='grc' dir='ltr'><strong>προσδεθεὶς</strong></span> 
     </span>
    </p>
   </div>
   <div class='ocr_carea' id='block_1_85' title="bbox 2150 4248 3734 4324">
    <p class='ocr_par' dir='ltr' id='par_1_85' title="bbox 2150 4248 3734 4324">
     <span class='ocr_line' id='line_1_85' title="bbox 2150 4248 3734 4324; baseline 0.004 -24"><span class='ocrx_word' id='word_1_572' title='bbox 2150 4249 2299 4301; x_wconf 86' lang='grc' dir='ltr'><strong>ποιεῖ</strong></span> <span class='ocrx_word' id='word_1_573' title='bbox 2321 4248 2450 4312; x_wconf 81' lang='grc' dir='ltr'><strong>τοὺς</strong></span> <span class='ocrx_word' id='word_1_574' title='bbox 2475 4249 2716 4321; x_wconf 63' lang='grc' dir='ltr'><strong>ἄρρενας</strong></span> <span class='ocrx_word' id='word_1_575' title='bbox 2748 4251 3147 4322; x_wconf 76' lang='grc' dir='ltr'><strong>πελαγίξοντας</strong></span> <span class='ocrx_word' id='word_1_576' title='bbox 3179 4255 3508 4324; x_wconf 79' lang='grc' dir='ltr'><strong>πλησιάζειν</strong></span> <span class='ocrx_word' id='word_1_577' title='bbox 3553 4259 3734 4311; x_wconf 72' lang='grc' dir='ltr'><strong>ἐκεῖσε</strong></span> 
     </span>
    </p>
   </div>
   <div class='ocr_carea' id='block_1_86' title="bbox 2151 4339 3736 4422">
    <p class='ocr_par' dir='ltr' id='par_1_86' title="bbox 2151 4339 3736 4422">
     <span class='ocr_line' id='line_1_86' title="bbox 2151 4339 3736 4422; baseline 0.003 -26"><span class='ocrx_word' id='word_1_578' title='bbox 2151 4340 2248 4396; x_wconf 77' lang='grc' dir='ltr'><strong>καὶ</strong></span> <span class='ocrx_word' id='word_1_579' title='bbox 2301 4339 2416 4396; x_wconf 72' lang='grc' dir='ltr'><strong>οἷον</strong></span> <span class='ocrx_word' id='word_1_580' title='bbox 2453 4345 2519 4414; x_wconf 82' lang='grc' dir='ltr'><strong>τῇ</strong></span> <span class='ocrx_word' id='word_1_581' title='bbox 2579 4343 2772 4417; x_wconf 79' lang='grc' dir='ltr'><strong>θηλείᾳ</strong></span> <span class='ocrx_word' id='word_1_582' title='bbox 2828 4347 3230 4418; x_wconf 84' lang='grc' dir='ltr'><strong>περισκαίρειν.</strong></span> <span class='ocrx_word' id='word_1_583' title='bbox 3269 4349 3329 4403; x_wconf 88' lang='grc' dir='ltr'><strong>Ὃ</strong></span> <span class='ocrx_word' id='word_1_584' title='bbox 3382 4353 3530 4405; x_wconf 89' lang='grc' dir='ltr'><strong>κύων</strong></span> <span class='ocrx_word' id='word_1_585' title='bbox 3585 4350 3736 4422; x_wconf 80' lang='grc' dir='ltr'><strong>ίχοὺς</strong></span> 
     </span>
    </p>
   </div>
   <div class='ocr_carea' id='block_1_87' title="bbox 2152 4433 3733 4508">
    <p class='ocr_par' dir='ltr' id='par_1_87' title="bbox 2152 4433 3733 4508">
     <span class='ocr_line' id='line_1_87' title="bbox 2152 4433 3733 4508; baseline 0.003 -20"><span class='ocrx_word' id='word_1_586' title='bbox 2152 4433 2319 4505; x_wconf 76' lang='grc' dir='ltr'><strong>ἡνίκα</strong></span> <span class='ocrx_word' id='word_1_587' title='bbox 2361 4435 2537 4504; x_wconf 72' lang='grc' dir='ltr'><strong>ψόφου</strong></span> <span class='ocrx_word' id='word_1_588' title='bbox 2599 4436 2748 4500; x_wconf 81' lang='grc' dir='ltr'><strong>τινὸς</strong></span> <span class='ocrx_word' id='word_1_589' title='bbox 2783 4436 3066 4508; x_wconf 79' lang='grc' dir='ltr'><strong>αῐσθηται,</strong></span> <span class='ocrx_word' id='word_1_590' title='bbox 3108 4439 3177 4492; x_wconf 83' lang='grc' dir='ltr'><strong>τὰ</strong></span> <span class='ocrx_word' id='word_1_591' title='bbox 3232 4442 3505 4496; x_wconf 83' lang='grc' dir='ltr'><strong>σκυλάκια</strong></span> <span class='ocrx_word' id='word_1_592' title='bbox 3567 4439 3733 4496; x_wconf 81' lang='grc' dir='ltr'><strong>αὑτοῦ</strong></span> 
     </span>
    </p>
   </div>
   <div class='ocr_carea' id='block_1_88' title="bbox 475 4517 2040 4605">
    <p class='ocr_par' dir='ltr' id='par_1_88' title="bbox 475 4521 2040 4605">
     <span class='ocr_line' id='line_1_88' title="bbox 475 4521 2040 4605; baseline 0.003 -21"><span class='ocrx_word' id='word_1_593' title='bbox 475 4529 737 4602; x_wconf 80' lang='lat' dir='ltr'><strong>deinceps</strong></span> <span class='ocrx_word' id='word_1_594' title='bbox 763 4521 860 4588; x_wconf 71' lang='lat' dir='ltr'><strong>eos</strong></span> <span class='ocrx_word' id='word_1_595' title='bbox 889 4533 1132 4588; x_wconf 90' lang='lat' dir='ltr'><strong>vicissim</strong></span> <span class='ocrx_word' id='word_1_596' title='bbox 1180 4535 1392 4591; x_wconf 89' lang='lat' dir='ltr'><strong>educit.</strong></span> <span class='ocrx_word' id='word_1_597' title='bbox 1430 4534 1630 4605; x_wconf 86' lang='lat' dir='ltr'><strong>Aspice</strong></span> <span class='ocrx_word' id='word_1_598' title='bbox 1659 4545 1845 4589; x_wconf 89' lang='lat' dir='ltr'><strong>autem</strong></span> <span class='ocrx_word' id='word_1_599' title='bbox 1889 4533 2040 4601; x_wconf 79' lang='lat' dir='ltr'><strong>mihi,</strong></span> 
     </span>
    </p>
   </div>
   <div class='ocr_carea' id='block_1_89' title="bbox 2148 4517 3732 4605">
    <p class='ocr_par' dir='ltr' id='par_1_89' title="bbox 2155 4517 3732 4602">
     <span class='ocr_line' id='line_1_89' title="bbox 2155 4517 3732 4602; baseline 0.003 -22"><span class='ocrx_word' id='word_1_600' title='bbox 2155 4517 2306 4598; x_wconf 80' lang='grc' dir='ltr'><strong>παρά</strong></span> <span class='ocrx_word' id='word_1_601' title='bbox 2333 4528 2412 4601; x_wconf 83' lang='grc' dir='ltr'><strong>τῷ</strong></span> <span class='ocrx_word' id='word_1_602' title='bbox 2443 4527 2630 4601; x_wconf 77' lang='grc' dir='ltr'><strong>οἰκείῳ</strong></span> <span class='ocrx_word' id='word_1_603' title='bbox 2668 4529 2903 4601; x_wconf 82' lang='grc' dir='ltr'><strong>κρύπτει</strong></span> <span class='ocrx_word' id='word_1_604' title='bbox 2949 4532 3138 4602; x_wconf 86' lang='grc' dir='ltr'><strong>κόλπῳ</strong></span> <span class='ocrx_word' id='word_1_605' title='bbox 3191 4535 3286 4587; x_wconf 79' lang='grc' dir='ltr'><strong>καὶ</strong></span> <span class='ocrx_word' id='word_1_606' title='bbox 3334 4533 3492 4598; x_wconf 82' lang='grc' dir='ltr'><strong>αὖθις</strong></span> <span class='ocrx_word' id='word_1_607' title='bbox 3526 4535 3732 4602; x_wconf 64' lang='grc' dir='ltr'><strong>ἐξάγει.</strong></span> 
     </span>
    </p>
   </div>
   <div class='ocr_carea' id='block_1_90' title="bbox 479 4623 2053 4696">
    <p class='ocr_par' dir='ltr' id='par_1_90' title="bbox 479 4623 2053 4696">
     <span class='ocr_line' id='line_1_90' title="bbox 479 4623 2053 4696; baseline 0.003 -20"><span class='ocrx_word' id='word_1_608' title='bbox 479 4640 684 4694; x_wconf 68' lang='lat' dir='ltr'><strong>quaeso.</strong></span> <span class='ocrx_word' id='word_1_609' title='bbox 711 4625 891 4696; x_wconf 88' lang='lat' dir='ltr'><strong>pusilli</strong></span> <span class='ocrx_word' id='word_1_610' title='bbox 920 4639 983 4680; x_wconf 89' lang='lat' dir='ltr'><strong>ac</strong></span> <span class='ocrx_word' id='word_1_611' title='bbox 1011 4623 1212 4681; x_wconf 91' lang='lat' dir='ltr'><strong>debilis</strong></span> <span class='ocrx_word' id='word_1_612' title='bbox 1242 4625 1497 4681; x_wconf 88' lang='lat' dir='ltr'><strong>animalis</strong></span> <span class='ocrx_word' id='word_1_613' title='bbox 1523 4625 1853 4696; x_wconf 88' lang='lat' dir='ltr'><strong>sapientiam</strong></span> <span class='ocrx_word' id='word_1_614' title='bbox 1886 4633 2053 4696; x_wconf 89' lang='lat' dir='ltr'><strong>atque</strong></span> 
     </span>
    </p>
   </div>
   <div class='ocr_carea' id='block_1_91' title="bbox 477 4717 2054 4789">
    <p class='ocr_par' dir='ltr' id='par_1_91' title="bbox 477 4717 2054 4789">
     <span class='ocr_line' id='line_1_91' title="bbox 477 4717 2054 4789; baseline 0.002 -20"><span class='ocrx_word' id='word_1_615' title='bbox 477 4718 802 4772; x_wconf 80' lang='lat' dir='ltr'><strong>versutiam.</strong></span> <span class='ocrx_word' id='word_1_616' title='bbox 832 4717 1046 4774; x_wconf 89' lang='lat' dir='ltr'><strong>Cancer</strong></span> <span class='ocrx_word' id='word_1_617' title='bbox 1076 4719 1246 4774; x_wconf 92' lang='lat' dir='ltr'><strong>ostrei</strong></span> <span class='ocrx_word' id='word_1_618' title='bbox 1277 4733 1502 4773; x_wconf 90' lang='lat' dir='ltr'><strong>carnem</strong></span> <span class='ocrx_word' id='word_1_619' title='bbox 1539 4719 1768 4789; x_wconf 87' lang='lat' dir='ltr'><strong>appetit,</strong></span> <span class='ocrx_word' id='word_1_620' title='bbox 1805 4719 1901 4774; x_wconf 87' lang='lat' dir='ltr'><strong>sed</strong></span> <span class='ocrx_word' id='word_1_621' title='bbox 1936 4720 2054 4789; x_wconf 88' lang='lat' dir='ltr'><strong>ipsa</strong></span> 
     </span>
    </p>
   </div>
   <div class='ocr_carea' id='block_1_92' title="bbox 477 4809 2055 4883">
    <p class='ocr_par' dir='ltr' id='par_1_92' title="bbox 477 4809 2055 4883">
     <span class='ocr_line' id='line_1_92' title="bbox 477 4809 2055 4883; baseline 0.004 -20"><span class='ocrx_word' id='word_1_622' title='bbox 477 4809 660 4879; x_wconf 66' lang='lat' dir='ltr'><strong>praeda</strong></span> <span class='ocrx_word' id='word_1_623' title='bbox 699 4811 867 4880; x_wconf 90' lang='lat' dir='ltr'><strong>potiri</strong></span> <span class='ocrx_word' id='word_1_624' title='bbox 893 4821 1118 4883; x_wconf 89' lang='lat' dir='ltr'><strong>propter</strong></span> <span class='ocrx_word' id='word_1_625' title='bbox 1158 4811 1543 4867; x_wconf 90' lang='lat' dir='ltr'><strong>indumentum</strong></span> <span class='ocrx_word' id='word_1_626' title='bbox 1579 4822 1730 4868; x_wconf 69' lang='lat' dir='ltr'><strong>testae</strong></span> <span class='ocrx_word' id='word_1_627' title='bbox 1761 4812 2055 4870; x_wconf 82' lang='lat' dir='ltr'><strong>diﬂiculter</strong></span> 
     </span>
    </p>
   </div>
   <div class='ocr_carea' id='block_1_93' title="bbox 477 4906 2054 4978">
    <p class='ocr_par' dir='ltr' id='par_1_93' title="bbox 477 4906 2054 4978">
     <span class='ocr_line' id='line_1_93' title="bbox 477 4906 2054 4978; baseline 0.004 -22"><span class='ocrx_word' id='word_1_628' title='bbox 477 4911 688 4973; x_wconf 81' lang='lat' dir='ltr'><strong>potest;</strong></span> <span class='ocrx_word' id='word_1_629' title='bbox 723 4921 846 4958; x_wconf 85' lang='lat' dir='ltr'><strong>nam</strong></span> <span class='ocrx_word' id='word_1_630' title='bbox 896 4914 1140 4961; x_wconf 89' lang='lat' dir='ltr'><strong>teneram</strong></span> <span class='ocrx_word' id='word_1_631' title='bbox 1173 4921 1394 4961; x_wconf 89' lang='lat' dir='ltr'><strong>carnem</strong></span> <span class='ocrx_word' id='word_1_632' title='bbox 1425 4906 1665 4977; x_wconf 89' lang='lat' dir='ltr'><strong>quodam</strong></span> <span class='ocrx_word' id='word_1_633' title='bbox 1699 4907 1855 4977; x_wconf 90' lang='lat' dir='ltr'><strong>quasi</strong></span> <span class='ocrx_word' id='word_1_634' title='bbox 1898 4916 2054 4978; x_wconf 91' lang='lat' dir='ltr'><strong>septo</strong></span> 
     </span>
    </p>
   </div>
   <div class='ocr_carea' id='block_1_94' title="bbox 480 4996 2055 5069">
    <p class='ocr_par' dir='ltr' id='par_1_94' title="bbox 480 4996 2055 5069">
     <span class='ocr_line' id='line_1_94' title="bbox 480 4996 2055 5069; baseline 0.003 -21"><span class='ocrx_word' id='word_1_635' title='bbox 480 5006 677 5050; x_wconf 86' lang='lat' dir='ltr'><strong>natura</strong></span> <span class='ocrx_word' id='word_1_636' title='bbox 709 5011 818 5051; x_wconf 92' lang='lat' dir='ltr'><strong>non</strong></span> <span class='ocrx_word' id='word_1_637' title='bbox 847 4996 1008 5052; x_wconf 86' lang='lat' dir='ltr'><strong>facile</strong></span> <span class='ocrx_word' id='word_1_638' title='bbox 1043 4997 1347 5068; x_wconf 57' lang='lat' dir='ltr'><strong>“augendo</strong></span> <span class='ocrx_word' id='word_1_639' title='bbox 1378 4998 1620 5064; x_wconf 88' lang='lat' dir='ltr'><strong>muniit;</strong></span> <span class='ocrx_word' id='word_1_640' title='bbox 1651 4997 1884 5069; x_wconf 88' lang='lat' dir='ltr'><strong>ideoque</strong></span> <span class='ocrx_word' id='word_1_641' title='bbox 1907 4997 2055 5053; x_wconf 81' lang='lat' dir='ltr'><strong>sole-</strong></span> 
     </span>
    </p>
   </div>
   <div class='ocr_carea' id='block_1_95' title="bbox 481 5088 2055 5161">
    <p class='ocr_par' dir='ltr' id='par_1_95' title="bbox 481 5088 2055 5161">
     <span class='ocr_line' id='line_1_95' title="bbox 481 5088 2055 5161; baseline 0.003 -20"><span class='ocrx_word' id='word_1_642' title='bbox 481 5103 605 5161; x_wconf 76' lang='lat' dir='ltr'><strong>nius</strong></span> <span class='ocrx_word' id='word_1_643' title='bbox 654 5088 760 5145; x_wconf 90' lang='lat' dir='ltr'><strong>hoc</strong></span> <span class='ocrx_word' id='word_1_644' title='bbox 807 5089 1010 5145; x_wconf 91' lang='lat' dir='ltr'><strong>animal</strong></span> <span class='ocrx_word' id='word_1_645' title='bbox 1061 5090 1558 5155; x_wconf 87' lang='lat' dir='ltr'><strong>ostracodermum,</strong></span> <span class='ocrx_word' id='word_1_646' title='bbox 1608 5089 1767 5161; x_wconf 88' lang='lat' dir='ltr'><strong>quasi</strong></span> <span class='ocrx_word' id='word_1_647' title='bbox 1818 5099 2055 5147; x_wconf 86' lang='lat' dir='ltr'><strong>testacea</strong></span> 
     </span>
    </p>
   </div>
   <div class='ocr_carea' id='block_1_96' title="bbox 479 5183 2058 5256">
    <p class='ocr_par' dir='ltr' id='par_1_96' title="bbox 479 5183 2058 5256">
     <span class='ocr_line' id='line_1_96' title="bbox 479 5183 2058 5256; baseline 0 -16"><span class='ocrx_word' id='word_1_648' title='bbox 479 5193 606 5240; x_wconf 91' lang='lat' dir='ltr'><strong>cute</strong></span> <span class='ocrx_word' id='word_1_649' title='bbox 641 5183 956 5254; x_wconf 61' lang='lat' dir='ltr'><strong>praeditum,</strong></span> <span class='ocrx_word' id='word_1_650' title='bbox 999 5185 1299 5256; x_wconf 87' lang='lat' dir='ltr'><strong>appellare.</strong></span> <span class='ocrx_word' id='word_1_651' title='bbox 1337 5184 1587 5256; x_wconf 89' lang='lat' dir='ltr'><strong>Cumque</strong></span> <span class='ocrx_word' id='word_1_652' title='bbox 1636 5185 1758 5240; x_wconf 73' lang='lat' dir='ltr'><strong>dua:</strong></span> <span class='ocrx_word' id='word_1_653' title='bbox 1800 5185 2058 5242; x_wconf 90' lang='lat' dir='ltr'><strong>concavi-</strong></span> 
     </span>
    </p>
   </div>
   <div class='ocr_carea' id='block_1_97' title="bbox 481 5273 2055 5343">
    <p class='ocr_par' dir='ltr' id='par_1_97' title="bbox 481 5273 2055 5343">
     <span class='ocr_line' id='line_1_97' title="bbox 481 5273 2055 5343; baseline 0.001 -17"><span class='ocrx_word' id='word_1_654' title='bbox 481 5281 622 5343; x_wconf 77' lang='lat' dir='ltr'><strong>tates</strong></span> <span class='ocrx_word' id='word_1_655' title='bbox 649 5282 907 5328; x_wconf 88' lang='lat' dir='ltr'><strong>accurate</strong></span> <span class='ocrx_word' id='word_1_656' title='bbox 952 5273 1057 5329; x_wconf 89' lang='lat' dir='ltr'><strong>sibi</strong></span> <span class='ocrx_word' id='word_1_657' title='bbox 1103 5274 1336 5328; x_wconf 90' lang='lat' dir='ltr'><strong>invicem</strong></span> <span class='ocrx_word' id='word_1_658' title='bbox 1367 5274 1571 5342; x_wconf 77' lang='lat' dir='ltr'><strong>juncur</strong></span> <span class='ocrx_word' id='word_1_659' title='bbox 1597 5282 1842 5328; x_wconf 89' lang='lat' dir='ltr'><strong>ostreum</strong></span> <span class='ocrx_word' id='word_1_660' title='bbox 1876 5274 2055 5342; x_wconf 88' lang='lat' dir='ltr'><strong>ipsum</strong></span> 
     </span>
    </p>
   </div>
   <div class='ocr_carea' id='block_1_98' title="bbox 480 5364 2054 5434">
    <p class='ocr_par' dir='ltr' id='par_1_98' title="bbox 480 5364 2054 5434">
     <span class='ocr_line' id='line_1_98' title="bbox 480 5364 2054 5434; baseline 0.001 -15"><span class='ocrx_word' id='word_1_661' title='bbox 480 5365 942 5434; x_wconf 86' lang='lat' dir='ltr'><strong>complectantur,</strong></span> <span class='ocrx_word' id='word_1_662' title='bbox 982 5367 1299 5422; x_wconf 81' lang='lat' dir='ltr'><strong>necessario</strong></span> <span class='ocrx_word' id='word_1_663' title='bbox 1329 5366 1498 5420; x_wconf 62' lang='lat' dir='ltr'><strong>chelae</strong></span> <span class='ocrx_word' id='word_1_664' title='bbox 1530 5366 1716 5421; x_wconf 89' lang='lat' dir='ltr'><strong>cancri</strong></span> <span class='ocrx_word' id='word_1_665' title='bbox 1769 5364 1906 5420; x_wconf 82' lang='lat' dir='ltr'><strong>nihil</strong></span> <span class='ocrx_word' id='word_1_666' title='bbox 1939 5365 2054 5420; x_wconf 55' lang='lat' dir='ltr'><strong>eiii.</strong></span> 
     </span>
    </p>
   </div>
   <div class='ocr_carea' id='block_1_99' title="bbox 480 5457 2057 5529">
    <p class='ocr_par' dir='ltr' id='par_1_99' title="bbox 480 5457 2057 5529">
     <span class='ocr_line' id='line_1_99' title="bbox 480 5457 2057 5529; baseline 0.001 -17"><span class='ocrx_word' id='word_1_667' title='bbox 480 5474 606 5512; x_wconf 85' lang='lat' dir='ltr'><strong>cere</strong></span> <span class='ocrx_word' id='word_1_668' title='bbox 641 5470 891 5529; x_wconf 77' lang='lat' dir='ltr'><strong>possunt.</strong></span> <span class='ocrx_word' id='word_1_669' title='bbox 920 5457 1061 5525; x_wconf 85' lang='lat' dir='ltr'><strong>Quid</strong></span> <span class='ocrx_word' id='word_1_670' title='bbox 1095 5474 1225 5529; x_wconf 83' lang='lat' dir='ltr'><strong>ergo</strong></span> <span class='ocrx_word' id='word_1_671' title='bbox 1261 5458 1532 5514; x_wconf 90' lang='lat' dir='ltr'><strong>molitur?</strong></span> <span class='ocrx_word' id='word_1_672' title='bbox 1559 5457 1696 5514; x_wconf 88' lang='lat' dir='ltr'><strong>Cum</strong></span> <span class='ocrx_word' id='word_1_673' title='bbox 1729 5468 1969 5514; x_wconf 90' lang='lat' dir='ltr'><strong>ostreum</strong></span> <span class='ocrx_word' id='word_1_674' title='bbox 2001 5459 2057 5514; x_wconf 89' lang='lat' dir='ltr'><strong>iu</strong></span> 
     </span>
    </p>
   </div>
   <div class='ocr_carea' id='block_1_100' title="bbox 481 5546 2063 5620">
    <p class='ocr_par' dir='ltr' id='par_1_100' title="bbox 481 5546 2063 5620">
     <span class='ocr_line' id='line_1_100' title="bbox 481 5546 2063 5620; baseline 0.004 -20"><span class='ocrx_word' id='word_1_675' title='bbox 481 5546 623 5601; x_wconf 87' lang='lat' dir='ltr'><strong>locis</strong></span> <span class='ocrx_word' id='word_1_676' title='bbox 669 5559 832 5602; x_wconf 78' lang='lat' dir='ltr'><strong>vento</strong></span> <span class='ocrx_word' id='word_1_677' title='bbox 869 5565 978 5603; x_wconf 89' lang='lat' dir='ltr'><strong>non</strong></span> <span class='ocrx_word' id='word_1_678' title='bbox 1025 5549 1293 5620; x_wconf 80' lang='lat' dir='ltr'><strong>expositis</strong></span> <span class='ocrx_word' id='word_1_679' title='bbox 1339 5564 1466 5604; x_wconf 90' lang='lat' dir='ltr'><strong>cum</strong></span> <span class='ocrx_word' id='word_1_680' title='bbox 1508 5548 1788 5619; x_wconf 82' lang='lat' dir='ltr'><strong>voluptate</strong></span> <span class='ocrx_word' id='word_1_681' title='bbox 1816 5551 2063 5620; x_wconf 83' lang='lat' dir='ltr'><strong>percale-</strong></span> 
     </span>
    </p>
   </div>
   <div class='ocr_carea' id='block_1_101' title="bbox 483 5641 2060 5714">
    <p class='ocr_par' dir='ltr' id='par_1_101' title="bbox 483 5641 2060 5714">
     <span class='ocr_line' id='line_1_101' title="bbox 483 5641 2060 5714; baseline 0.001 -17"><span class='ocrx_word' id='word_1_682' title='bbox 483 5657 640 5697; x_wconf 69' lang='lat' dir='ltr'><strong>set-re</strong></span> <span class='ocrx_word' id='word_1_683' title='bbox 669 5658 905 5713; x_wconf 87' lang='lat' dir='ltr'><strong>suasque</strong></span> <span class='ocrx_word' id='word_1_684' title='bbox 943 5643 1114 5713; x_wconf 88' lang='lat' dir='ltr'><strong>plicas</strong></span> <span class='ocrx_word' id='word_1_685' title='bbox 1147 5643 1213 5697; x_wconf 91' lang='lat' dir='ltr'><strong>ad</strong></span> <span class='ocrx_word' id='word_1_686' title='bbox 1247 5643 1431 5699; x_wconf 86' lang='lat' dir='ltr'><strong>radios</strong></span> <span class='ocrx_word' id='word_1_687' title='bbox 1462 5641 1596 5698; x_wconf 88' lang='lat' dir='ltr'><strong>solis</strong></span> <span class='ocrx_word' id='word_1_688' title='bbox 1641 5644 1858 5714; x_wconf 89' lang='lat' dir='ltr'><strong>aperire</strong></span> <span class='ocrx_word' id='word_1_689' title='bbox 1885 5643 2060 5711; x_wconf 79' lang='lat' dir='ltr'><strong>videt,</strong></span> 
     </span>
    </p>
   </div>
   <div class='ocr_carea' id='block_1_102' title="bbox 487 5737 2065 5809">
    <p class='ocr_par' dir='ltr' id='par_1_102' title="bbox 487 5737 2065 5809">
     <span class='ocr_line' id='line_1_102' title="bbox 487 5737 2065 5809; baseline 0.003 -21"><span class='ocrx_word' id='word_1_690' title='bbox 487 5748 603 5788; x_wconf 88' lang='lat' dir='ltr'><strong>tum</strong></span> <span class='ocrx_word' id='word_1_691' title='bbox 637 5753 770 5791; x_wconf 78' lang='lat' dir='ltr'><strong>vero</strong></span> <span class='ocrx_word' id='word_1_692' title='bbox 796 5738 1104 5792; x_wconf 81' lang='lat' dir='ltr'><strong>clanculum</strong></span> <span class='ocrx_word' id='word_1_693' title='bbox 1145 5737 1348 5809; x_wconf 85' lang='lat' dir='ltr'><strong>injecto</strong></span> <span class='ocrx_word' id='word_1_694' title='bbox 1378 5737 1612 5805; x_wconf 86' lang='lat' dir='ltr'><strong>calculo,</strong></span> <span class='ocrx_word' id='word_1_695' title='bbox 1649 5739 1946 5807; x_wconf 90' lang='lat' dir='ltr'><strong>quominus</strong></span> <span class='ocrx_word' id='word_1_696' title='bbox 1969 5753 2065 5792; x_wconf 86' lang='lat' dir='ltr'><strong>eas</strong></span> 
     </span>
    </p>
   </div>
   <div class='ocr_carea' id='block_1_103' title="bbox 490 5830 2067 5916">
    <p class='ocr_par' dir='ltr' id='par_1_103' title="bbox 490 5830 2067 5916">
     <span class='ocr_line' id='line_1_103' title="bbox 490 5830 2067 5916; baseline 0 -34"><span class='ocrx_word' id='word_1_697' title='bbox 490 5841 708 5884; x_wconf 85' lang='lat' dir='ltr'><strong>rursum</strong></span> <span class='ocrx_word' id='word_1_698' title='bbox 745 5830 991 5898; x_wconf 73' lang='lat' dir='ltr'><strong>claudat,</strong></span> <span class='ocrx_word' id='word_1_699' title='bbox 1025 5831 1284 5896; x_wconf 82' lang='lat' dir='ltr'><strong>impedit;</strong></span> <span class='ocrx_word' id='word_1_700' title='bbox 1323 5831 1582 5897; x_wconf 78' lang='lat' dir='ltr'><strong>quodque</strong></span> <span class='ocrx_word' id='word_1_701' title='bbox 1614 5831 2067 5916; x_wconf 48' lang='lat' dir='ltr'><strong>viribus&#39;gequit.</strong></span> 
     </span>
    </p>
   </div>
   <div class='ocr_carea' id='block_1_104' title="bbox 2160 4618 3736 4696">
    <p class='ocr_par' dir='ltr' id='par_1_104' title="bbox 2160 4618 3736 4696">
     <span class='ocr_line' id='line_1_104' title="bbox 2160 4618 3736 4696; baseline 0.002 -24"><span class='ocrx_word' id='word_1_702' title='bbox 2160 4618 2305 4691; x_wconf 80' lang='grc' dir='ltr'><strong>Ὅρα</strong></span> <span class='ocrx_word' id='word_1_703' title='bbox 2335 4619 2392 4672; x_wconf 74' lang='grc' dir='ltr'><strong>δὲ</strong></span> <span class='ocrx_word' id='word_1_704' title='bbox 2425 4623 2619 4692; x_wconf 86' lang='grc' dir='ltr'><strong>σοφίαν</strong></span> <span class='ocrx_word' id='word_1_705' title='bbox 2647 4623 2743 4676; x_wconf 78' lang='grc' dir='ltr'><strong>καὶ</strong></span> <span class='ocrx_word' id='word_1_706' title='bbox 2765 4623 3035 4693; x_wconf 80' lang='grc' dir='ltr'><strong>πονηρίαν</strong></span> <span class='ocrx_word' id='word_1_707' title='bbox 3062 4624 3260 4696; x_wconf 80' lang='grc' dir='ltr'><strong>μικροῦ</strong></span> <span class='ocrx_word' id='word_1_708' title='bbox 3285 4625 3428 4689; x_wconf 81' lang='grc' dir='ltr'><strong>ζώου</strong></span> <span class='ocrx_word' id='word_1_709' title='bbox 3450 4629 3548 4681; x_wconf 77' lang='grc' dir='ltr'><strong>καὶ</strong></span> <span class='ocrx_word' id='word_1_710' title='bbox 3574 4624 3736 4679; x_wconf 75' lang='grc' dir='ltr'><strong>ἀσθε-</strong></span> 
     </span>
    </p>
   </div>
   <div class='ocr_carea' id='block_1_105' title="bbox 2160 4709 3732 4788">
    <p class='ocr_par' dir='ltr' id='par_1_105' title="bbox 2160 4709 3732 4788">
     <span class='ocr_line' id='line_1_105' title="bbox 2160 4709 3732 4788; baseline 0.002 -23"><span class='ocrx_word' id='word_1_711' title='bbox 2160 4709 2306 4773; x_wconf 83' lang='grc' dir='ltr'><strong>νοῦς.</strong></span> <span class='ocrx_word' id='word_1_712' title='bbox 2341 4709 2402 4764; x_wconf 89' lang='grc' dir='ltr'>Ὅ</span> <span class='ocrx_word' id='word_1_713' title='bbox 2427 4713 2687 4784; x_wconf 87' lang='grc' dir='ltr'><strong>καρκίνος</strong></span> <span class='ocrx_word' id='word_1_714' title='bbox 2711 4715 2810 4784; x_wconf 83' lang='grc' dir='ltr'><strong>τῆς</strong></span> <span class='ocrx_word' id='word_1_715' title='bbox 2843 4714 3046 4785; x_wconf 84' lang='grc' dir='ltr'><strong>σαρκὸς</strong></span> <span class='ocrx_word' id='word_1_716' title='bbox 3078 4715 3339 4782; x_wconf 76' lang='grc' dir='ltr'><strong>ἐπιθυμεῖ</strong></span> <span class='ocrx_word' id='word_1_717' title='bbox 3366 4717 3462 4770; x_wconf 82' lang='grc' dir='ltr'><strong>τοῦ</strong></span> <span class='ocrx_word' id='word_1_718' title='bbox 3486 4717 3732 4788; x_wconf 83' lang='grc' dir='ltr'><strong>ὀστρέου.</strong></span> 
     </span>
    </p>
   </div>
   <div class='ocr_carea' id='block_1_106' title="bbox 2173 4805 3732 4881">
    <p class='ocr_par' dir='ltr' id='par_1_106' title="bbox 2173 4805 3732 4881">
     <span class='ocr_line' id='line_1_106' title="bbox 2173 4805 3732 4881; baseline 0.001 -22"><span class='ocrx_word' id='word_1_719' title='bbox 2173 4805 2336 4861; x_wconf 83' lang='grc' dir='ltr'><strong>Ἀλλὰ</strong></span> <span class='ocrx_word' id='word_1_720' title='bbox 2365 4810 2460 4862; x_wconf 71' lang='grc' dir='ltr'><strong>καὶ</strong></span> <span class='ocrx_word' id='word_1_721' title='bbox 2490 4809 2794 4872; x_wconf 81' lang='grc' dir='ltr'><strong>δυσάλωτος</strong></span> <span class='ocrx_word' id='word_1_722' title='bbox 2823 4809 3021 4880; x_wconf 76' lang='grc' dir='ltr'><strong>ἡάγρα</strong></span> <span class='ocrx_word' id='word_1_723' title='bbox 3045 4809 3195 4881; x_wconf 82' lang='grc' dir='ltr'><strong>αὑτῷ</strong></span> <span class='ocrx_word' id='word_1_724' title='bbox 3212 4811 3299 4865; x_wconf 84' lang='grc' dir='ltr'><strong>διὰ</strong></span> <span class='ocrx_word' id='word_1_725' title='bbox 3321 4810 3421 4880; x_wconf 83' lang='grc' dir='ltr'><strong>τὴν</strong></span> <span class='ocrx_word' id='word_1_726' title='bbox 3441 4809 3732 4881; x_wconf 82' lang='grc' dir='ltr'><strong>περιϐολὴν</strong></span> 
     </span>
    </p>
   </div>
   <div class='ocr_carea' id='block_1_107' title="bbox 2161 4899 3736 4975">
    <p class='ocr_par' dir='ltr' id='par_1_107' title="bbox 2161 4899 3736 4975">
     <span class='ocr_line' id='line_1_107' title="bbox 2161 4899 3736 4975; baseline -0.004 -21"><span class='ocrx_word' id='word_1_727' title='bbox 2161 4899 2256 4955; x_wconf 80' lang='grc' dir='ltr'><strong>τοῦ</strong></span> <span class='ocrx_word' id='word_1_728' title='bbox 2277 4900 2552 4971; x_wconf 86' lang='grc' dir='ltr'><strong>ὀστράκου</strong></span> <span class='ocrx_word' id='word_1_729' title='bbox 2579 4905 2790 4972; x_wconf 88' lang='grc' dir='ltr'><strong>γίνεται</strong></span> <span class='ocrx_word' id='word_1_730' title='bbox 2809 4917 2825 4934; x_wconf 80' lang='grc'><strong><em>⁸</em></strong></span> <span class='ocrx_word' id='word_1_731' title='bbox 2853 4904 3088 4974; x_wconf 77' lang='grc' dir='ltr'><strong>ἀρῤαγετ</strong></span> <span class='ocrx_word' id='word_1_732' title='bbox 3117 4904 3226 4975; x_wconf 80' lang='grc' dir='ltr'><strong>γὰρ</strong></span> <span class='ocrx_word' id='word_1_733' title='bbox 3251 4903 3422 4975; x_wconf 80' lang='grc' dir='ltr'><strong>ἑρκὶῳ</strong></span> <span class='ocrx_word' id='word_1_734' title='bbox 3450 4904 3509 4957; x_wconf 83' lang='grc' dir='ltr'><strong>τὸ</strong></span> <span class='ocrx_word' id='word_1_735' title='bbox 3530 4901 3666 4958; x_wconf 76' lang='grc' dir='ltr'><strong>άπα)</strong></span> <span class='ocrx_word' id='word_1_736' title='bbox 3679 4899 3736 4951; x_wconf 83' lang='grc' dir='ltr'><strong>ὸν</strong></span> 
     </span>
    </p>
   </div>
   <div class='ocr_carea' id='block_1_108' title="bbox 2161 4989 3735 5067">
    <p class='ocr_par' dir='ltr' id='par_1_108' title="bbox 2161 4989 3735 5067">
     <span class='ocr_line' id='line_1_108' title="bbox 2161 4989 3735 5067; baseline -0.015 -4"><span class='ocrx_word' id='word_1_737' title='bbox 2161 4995 2260 5064; x_wconf 74' lang='grc' dir='ltr'><strong>τῆς</strong></span> <span class='ocrx_word' id='word_1_738' title='bbox 2279 4997 2480 5066; x_wconf 79' lang='grc' dir='ltr'><strong>σαρκὸς</strong></span> <span class='ocrx_word' id='word_1_739' title='bbox 2504 4997 2538 5067; x_wconf 75' lang='grc' dir='ltr'>ἡ</span> <span class='ocrx_word' id='word_1_740' title='bbox 2568 4996 2729 5066; x_wconf 86' lang='grc' dir='ltr'><strong>φύσις</strong></span> <span class='ocrx_word' id='word_1_741' title='bbox 2750 4996 3219 5066; x_wconf 84' lang='grc' dir='ltr'><strong>κατησφαλίσατο,</strong></span> <span class='ocrx_word' id='word_1_742' title='bbox 3256 4996 3335 5051; x_wconf 76' lang='grc' dir='ltr'><strong>διδ</strong></span> <span class='ocrx_word' id='word_1_743' title='bbox 3361 4998 3456 5050; x_wconf 76' lang='grc' dir='ltr'><strong>καὶ</strong></span> <span class='ocrx_word' id='word_1_744' title='bbox 3479 4989 3735 5064; x_wconf 74' lang='grc' dir='ltr'><strong>ὀστρακό·</strong></span> 
     </span>
    </p>
   </div>
   <div class='ocr_carea' id='block_1_109' title="bbox 2162 5083 3735 5162">
    <p class='ocr_par' dir='ltr' id='par_1_109' title="bbox 2162 5083 3735 5162">
     <span class='ocr_line' id='line_1_109' title="bbox 2162 5083 3735 5162; baseline -0.004 -19"><span class='ocrx_word' id='word_1_745' title='bbox 2162 5089 2366 5162; x_wconf 90' lang='grc' dir='ltr'><strong>δερμον</strong></span> <span class='ocrx_word' id='word_1_746' title='bbox 2417 5089 2475 5144; x_wconf 70' lang='grc' dir='ltr'><strong>τὸ</strong></span> <span class='ocrx_word' id='word_1_747' title='bbox 2506 5089 2647 5158; x_wconf 79' lang='grc' dir='ltr'>ζῶον</span> <span class='ocrx_word' id='word_1_748' title='bbox 2699 5089 3200 5161; x_wconf 85' lang='grc' dir='ltr'><strong>προσαγορεύεται.</strong></span> <span class='ocrx_word' id='word_1_749' title='bbox 3257 5090 3370 5144; x_wconf 76' lang='grc' dir='ltr'><strong>Καὶ</strong></span> <span class='ocrx_word' id='word_1_750' title='bbox 3427 5087 3615 5157; x_wconf 75' lang='grc' dir='ltr'><strong>ἐπειδὴ</strong></span> <span class='ocrx_word' id='word_1_751' title='bbox 3646 5083 3735 5137; x_wconf 86' lang='grc' dir='ltr'><strong>δύο</strong></span> 
     </span>
    </p>
   </div>
   <div class='ocr_carea' id='block_1_110' title="bbox 2165 5169 3734 5250">
    <p class='ocr_par' dir='ltr' id='par_1_110' title="bbox 2165 5169 3734 5250">
     <span class='ocr_line' id='line_1_110' title="bbox 2165 5169 3734 5250; baseline -0.008 -16"><span class='ocrx_word' id='word_1_752' title='bbox 2165 5181 2480 5250; x_wconf 82' lang='grc' dir='ltr'><strong>κοιλότητες</strong></span> <span class='ocrx_word' id='word_1_753' title='bbox 2531 5179 2776 5250; x_wconf 84' lang='grc' dir='ltr'><strong>ἀκριϐῶς</strong></span> <span class='ocrx_word' id='word_1_754' title='bbox 2829 5177 3089 5249; x_wconf 70' lang='grc' dir='ltr'><strong>ἀλλήλαις</strong></span> <span class='ocrx_word' id='word_1_755' title='bbox 3141 5177 3634 5249; x_wconf 69' lang='grc' dir='ltr'><strong>προσηρμοσμέναι</strong></span> <span class='ocrx_word' id='word_1_756' title='bbox 3677 5169 3734 5222; x_wconf 83' lang='grc' dir='ltr'><strong>τὸ</strong></span> 
     </span>
    </p>
   </div>
   <div class='ocr_carea' id='block_1_111' title="bbox 2163 5262 3735 5337">
    <p class='ocr_par' dir='ltr' id='par_1_111' title="bbox 2163 5262 3735 5337">
     <span class='ocr_line' id='line_1_111' title="bbox 2163 5262 3735 5337; baseline -0.005 -16"><span class='ocrx_word' id='word_1_757' title='bbox 2163 5269 2386 5337; x_wconf 71' lang='grc' dir='ltr'><strong>ὄστρεον</strong></span> <span class='ocrx_word' id='word_1_758' title='bbox 2414 5267 2900 5336; x_wconf 88' lang='grc' dir='ltr'><strong>περιπτύσσονται,</strong></span> <span class='ocrx_word' id='word_1_759' title='bbox 2935 5267 3251 5335; x_wconf 72' lang='grc' dir='ltr'><strong>ἀναγκαίως</strong></span> <span class='ocrx_word' id='word_1_760' title='bbox 3302 5264 3572 5333; x_wconf 84' lang='grc' dir='ltr'><strong>ἄπρακτοι</strong></span> <span class='ocrx_word' id='word_1_761' title='bbox 3603 5262 3735 5312; x_wconf 71' lang='lat' dir='ltr'><strong>sitm</strong></span> 
     </span>
    </p>
   </div>
   <div class='ocr_carea' id='block_1_112' title="bbox 2167 5347 3735 5430">
    <p class='ocr_par' dir='ltr' id='par_1_112' title="bbox 2167 5347 3735 5430">
     <span class='ocr_line' id='line_1_112' title="bbox 2167 5347 3735 5430; baseline -0.008 -15"><span class='ocrx_word' id='word_1_762' title='bbox 2167 5362 2224 5415; x_wconf 79' lang='lat' dir='ltr'><strong>al</strong></span> <span class='ocrx_word' id='word_1_763' title='bbox 2273 5358 2439 5430; x_wconf 83' lang='grc' dir='ltr'><strong>χηλαὶ</strong></span> <span class='ocrx_word' id='word_1_764' title='bbox 2470 5358 2565 5411; x_wconf 84' lang='grc' dir='ltr'><strong>τοῦ</strong></span> <span class='ocrx_word' id='word_1_765' title='bbox 2609 5359 2896 5429; x_wconf 71' lang='grc' dir='ltr'><strong>καρκίνον.</strong></span> <span class='ocrx_word' id='word_1_766' title='bbox 2931 5357 2996 5410; x_wconf 83' lang='grc' dir='ltr'><strong>Τί</strong></span> <span class='ocrx_word' id='word_1_767' title='bbox 3028 5355 3121 5410; x_wconf 80' lang='grc' dir='ltr'><strong>οὖν</strong></span> <span class='ocrx_word' id='word_1_768' title='bbox 3155 5360 3332 5422; x_wconf 76' lang='grc' dir='ltr'><strong>ποιεῖς</strong></span> <span class='ocrx_word' id='word_1_769' title='bbox 3365 5355 3536 5409; x_wconf 87' lang='grc' dir='ltr'><strong>Ὅταν</strong></span> <span class='ocrx_word' id='word_1_770' title='bbox 3567 5351 3649 5420; x_wconf 72' lang='grc' dir='ltr'><strong>ἴδῃ</strong></span> <span class='ocrx_word' id='word_1_771' title='bbox 3679 5347 3735 5397; x_wconf 74' lang='grc' dir='ltr'><strong>ἐν</strong></span> 
     </span>
    </p>
   </div>
   <div class='ocr_carea' id='block_1_113' title="bbox 2168 5440 3734 5523">
    <p class='ocr_par' dir='ltr' id='par_1_113' title="bbox 2168 5440 3734 5523">
     <span class='ocr_line' id='line_1_113' title="bbox 2168 5440 3734 5523; baseline -0.008 -14"><span class='ocrx_word' id='word_1_772' title='bbox 2168 5454 2477 5523; x_wconf 82' lang='grc' dir='ltr'><strong>ἀπηνέμοις</strong></span> <span class='ocrx_word' id='word_1_773' title='bbox 2508 5451 2630 5523; x_wconf 83' lang='grc' dir='ltr'><strong>μεθ’</strong></span> <span class='ocrx_word' id='word_1_774' title='bbox 2663 5451 2859 5522; x_wconf 78' lang='grc' dir='ltr'><strong>ἡδονῆς</strong></span> <span class='ocrx_word' id='word_1_775' title='bbox 2891 5445 3328 5516; x_wconf 68' lang='grc' dir='ltr'><strong>διαθαλπόμενονΔ</strong></span> <span class='ocrx_word' id='word_1_776' title='bbox 3352 5448 3449 5501; x_wconf 77' lang='grc' dir='ltr'><strong>καὶ</strong></span> <span class='ocrx_word' id='word_1_777' title='bbox 3483 5445 3618 5516; x_wconf 81' lang='grc' dir='ltr'><strong>πρὸς</strong></span> <span class='ocrx_word' id='word_1_778' title='bbox 3640 5440 3734 5498; x_wconf 73' lang='grc' dir='ltr'><strong>τὰς</strong></span> 
     </span>
    </p>
   </div>
   <div class='ocr_carea' id='block_1_114' title="bbox 2169 5537 3730 5618">
    <p class='ocr_par' dir='ltr' id='par_1_114' title="bbox 2169 5537 3730 5618">
     <span class='ocr_line' id='line_1_114' title="bbox 2169 5537 3730 5618; baseline -0.006 -17"><span class='ocrx_word' id='word_1_779' title='bbox 2169 5549 2400 5610; x_wconf 82' lang='grc' dir='ltr'><strong>ἀκτῖνας</strong></span> <span class='ocrx_word' id='word_1_780' title='bbox 2431 5544 2526 5600; x_wconf 83' lang='grc' dir='ltr'><strong>τοῦ</strong></span> <span class='ocrx_word' id='word_1_781' title='bbox 2562 5545 2716 5618; x_wconf 80' lang='grc' dir='ltr'><strong>ἡλίου</strong></span> <span class='ocrx_word' id='word_1_782' title='bbox 2748 5544 2846 5607; x_wconf 79' lang='grc' dir='ltr'><strong>τάς</strong></span> <span class='ocrx_word' id='word_1_783' title='bbox 2878 5543 3088 5614; x_wconf 85' lang='grc' dir='ltr'><strong>πτύχας</strong></span> <span class='ocrx_word' id='word_1_784' title='bbox 3124 5539 3292 5596; x_wconf 80' lang='grc' dir='ltr'><strong>αὑτοῦ</strong></span> <span class='ocrx_word' id='word_1_785' title='bbox 3336 5537 3730 5595; x_wconf 73' lang='grc' dir='ltr'><strong>διαπλώσαντας</strong></span> 
     </span>
    </p>
   </div>
   <div class='ocr_carea' id='block_1_115' title="bbox 2169 5622 3734 5712">
    <p class='ocr_par' dir='ltr' id='par_1_115' title="bbox 2169 5622 3734 5712">
     <span class='ocr_line' id='line_1_115' title="bbox 2169 5622 3734 5712; baseline -0.007 -19"><span class='ocrx_word' id='word_1_786' title='bbox 2169 5641 2295 5694; x_wconf 84' lang='grc' dir='ltr'><strong>τότε</strong></span> <span class='ocrx_word' id='word_1_787' title='bbox 2322 5639 2388 5712; x_wconf 81' lang='grc' dir='ltr'><strong>δὴ</strong></span> <span class='ocrx_word' id='word_1_788' title='bbox 2430 5639 2606 5710; x_wconf 83' lang='grc' dir='ltr'><strong>λάθρα</strong></span> <span class='ocrx_word' id='word_1_789' title='bbox 2634 5637 2874 5710; x_wconf 77' lang='grc' dir='ltr'><strong>ψηφῖδας</strong></span> <span class='ocrx_word' id='word_1_790' title='bbox 2916 5633 3292 5706; x_wconf 78' lang='grc' dir='ltr'><strong>παρεμϐαλὼν</strong></span> <span class='ocrx_word' id='word_1_791' title='bbox 3316 5629 3606 5687; x_wconf 81' lang='grc' dir='ltr'><strong>διακωλύει</strong></span> <span class='ocrx_word' id='word_1_792' title='bbox 3641 5622 3734 5689; x_wconf 70' lang='grc' dir='ltr'><strong>τὴν</strong></span> 
     </span>
    </p>
   </div>
   <div class='ocr_carea' id='block_1_116' title="bbox 2174 5715 3732 5806">
    <p class='ocr_par' dir='ltr' id='par_1_116' title="bbox 2174 5715 3732 5806">
     <span class='ocr_line' id='line_1_116' title="bbox 2174 5715 3732 5806; baseline -0.009 -17"><span class='ocrx_word' id='word_1_793' title='bbox 2174 5734 2506 5806; x_wconf 77' lang='grc' dir='ltr'><strong>σύμπτυξιν,</strong></span> <span class='ocrx_word' id='word_1_794' title='bbox 2555 5733 2650 5787; x_wconf 72' lang='grc' dir='ltr'><strong>καὶ</strong></span> <span class='ocrx_word' id='word_1_795' title='bbox 2695 5732 3013 5803; x_wconf 76' lang='grc' dir='ltr'><strong>εὑρίσκεται</strong></span> <span class='ocrx_word' id='word_1_796' title='bbox 3048 5731 3111 5786; x_wconf 81' lang='grc' dir='ltr'><strong>τὸ</strong></span> <span class='ocrx_word' id='word_1_797' title='bbox 3148 5729 3396 5783; x_wconf 74' lang='grc' dir='ltr'><strong>ἐλλεῖπον</strong></span> <span class='ocrx_word' id='word_1_798' title='bbox 3447 5726 3604 5798; x_wconf 72' lang='grc' dir='ltr'><strong>μέρος</strong></span> <span class='ocrx_word' id='word_1_799' title='bbox 3639 5715 3732 5780; x_wconf 78' lang='grc' dir='ltr'><strong>τῆς</strong></span> 
     </span>
    </p>
   </div>
   <div class='ocr_carea' id='block_1_117' title="bbox 2173 5810 3734 5900">
    <p class='ocr_par' dir='ltr' id='par_1_117' title="bbox 2173 5810 3734 5900">
     <span class='ocr_line' id='line_1_117' title="bbox 2173 5810 3734 5900; baseline -0.006 -17"><span class='ocrx_word' id='word_1_800' title='bbox 2173 5829 2457 5900; x_wconf 57' lang='grc' dir='ltr'><strong>δανάμεω;</strong></span> <span class='ocrx_word' id='word_1_801' title='bbox 2508 5827 2596 5882; x_wconf 82' lang='grc' dir='ltr'><strong>διὰ</strong></span> <span class='ocrx_word' id='word_1_802' title='bbox 2654 5825 2753 5897; x_wconf 73' lang='grc' dir='ltr'><strong>τῆς</strong></span> <span class='ocrx_word' id='word_1_803' title='bbox 2816 5824 3058 5888; x_wconf 73' lang='grc' dir='ltr'><strong>ἐπινοίας</strong></span> <span class='ocrx_word' id='word_1_804' title='bbox 3125 5823 3532 5894; x_wconf 68' lang='grc' dir='ltr'><strong>περιεχόμενος.</strong></span> <span class='ocrx_word' id='word_1_805' title='bbox 3593 5810 3734 5874; x_wconf 71' lang='grc' dir='ltr'><strong>Αὕτη</strong></span> 
     </span>
    </p>
   </div>
  </div>
