4008 6440
474 399 538 461 εῖι
1745 395 2165 456 MICIIAELIS
2196 395 2461 456 GLYCE
3664 400 3752 463 92

475 510 613 565 mari
648 509 913 580 piscando
948 510 1155 570 victum
1181 521 1456 582 quzerunt,
1492 511 1538 567 si
1573 513 1793 582 quando
1825 513 2040 569 funicu-

2153 530 2395 584 σχονσιν,
2431 515 2634 569 εἴποτε
2672 513 2869 585 κύρτον
2904 511 3054 577 ἐντὸς
3105 512 3312 583 νάρκην
3345 513 3573 583 ἔχουσαν
3610 520 3753 580 τοῖς

475 602 545 657 lis
593 618 688 658 vas
734 602 1095 673 piscatorium
1126 604 1417 659 attrahunt
1444 619 1556 674 quo
1610 606 1838 676 torpedo
1869 608 2047 663 conti-

478 693 717 746 neatur?
745 693 875 747 Eam
910 694 1137 747 sortitus
1164 703 1247 748 est
1270 710 1363 749 aer
1391 704 1643 749 naturam
1671 696 2043 766 peculiariter,

477 782 557 837 uti
591 799 753 852 quam
790 785 1043 839 facillime
1073 784 1364 839 adiciatur.
1394 785 1529 840 Nam
1562 794 1617 841 et
1651 786 1803 841 sonis
1828 788 2049 856 pervius

484 883 565 929 est
602 884 659 930 et
703 876 1037 943 pellucidus,
1065 887 1123 930 et
1157 876 1388 930 odoratu
1425 886 1764 946 penetratur,
1798 879 1945 971 nulla
1989 894 2048 934 re

473 965 799 1019 intermedia
833 966 1135 1036 quidquam
1169 968 1551 1035 impedimenti
1583 965 1900 1038 obiiciente.
1928 970 2048 1037 Quo

475 1054 535 1110 ﬁt
563 1066 619 1111 ut
642 1058 935 1112 multarum
966 1068 1073 1112 tam
1115 1058 1473 1114 aﬂcctienum
1501 1076 1665 1128 quant
1692 1061 2046 1117 eﬂ'eetionum

472 1164 636 1203 causa
660 1150 752 1203 sit.
788 1152 867 1203 An
896 1166 1007 1205 non
1036 1152 1182 1206 enim
1216 1152 1501 1207 oculorum
1535 1153 1641 1222 37
1678 1156 1871 1210 morbo
1898 1156 2049 1211 labo-

473 1248 663 1293 rantes
714 1240 1039 1310 plerumque
1089 1257 1148 1295 se
1202 1243 1480 1297 intuentes
1523 1243 1698 1297 morbi
1751 1244 2049 1313 participes

476 1331 761 1387 reddunt?
792 1331 1133 1403 Quaprople
1166 1343 1221 1388 et
1259 1334 1486 1403 torpedo
1532 1350 1649 1403 per.
1679 1351 1828 1401 aera,
1881 1351 2045 1405 quem

477 1422 617 1476 intra
651 1438 707 1477 sc
726 1424 1221 1489 eontinet,aﬂ1eere
1247 1434 1428 1494 potest
1447 1427 1770 1481 accedentes
1800 1428 2045 1496 propius,

472 1509 607 1564 licet
642 1526 759 1565 eam
811 1528 920 1567 non
970 1522 1285 1569 attreetent.
1323 1514 1431 1569 Nec
1486 1515 1685 1569 mirum
1735 1516 1839 1570 hoc
1870 1516 2046 1571 videri

473 1600 675 1668 debet;
720 1619 844 1656 nam
908 1604 1146 1674 Magnes.
1197 1622 1359 1675 quem
1425 1607 1660 1675 lapidem
1717 1607 2044 1663 llerculenm

472 1703 691 1757 vocant,
740 1697 949 1748 etiamsi
998 1695 1236 1764 quodam
1292 1698 1579 1751 intervallo
1611 1699 1754 1752 absit
1796 1713 1829 1752 a
1879 1698 2043 1767 ferro,

473 1793 657 1839 tamen
687 1786 935 1842 videmus
962 1787 1341 1843 eﬂicacitatem
1390 1789 1587 1858 lapidis
1625 1807 1723 1859 per
1753 1791 1933 1859 ipsum
1961 1792 2045 1845 in-

2154 608 2438 670 καλωδίοις
2484 608 2845 675 ὲφέλκουσιν;
2906 606 3336 679 Εὐπαθεστάτην
3381 610 3410 661 6
3467 609 3573 679 ἀὴρ
3623 608 3751 678 τὴν

2152 698 2317 767 φύσιν
2343 699 2704 768 κληρωτικῶς
2727 698 3066 768 ἀπενείματο
3091 715 3105 730 ’
3136 698 3332 770 διηχὴς
3362 698 3472 768 γὰρ
3497 703 3591 755 καὶ
3609 700 3755 753 διας

2152 791 2328 859 φανὴς
2391 790 2491 860 ἔφυ
2546 791 2640 844 καὶ
2702 789 2946 861 δίοσμος,
3000 791 3327 863 μεταιχμίου
3379 791 3519 860 μηδέ
3580 809 3750 853 τινος

2151 880 2615 950 ὲπιπροσθοῦντος
2653 879 2822 950 αὐτῷ.
2890 881 3111 935 Πολλῶν
3142 881 3327 934 τοίνυν
3376 881 3571 935 παθῶν
3630 883 3749 934 καὶ

2153 974 2442 1043 ἐνεργειῶν
2474 972 2647 1035 αἴτιος
2671 987 2685 1003 ·
2730 972 2850 1036 πῶς
2883 974 2993 1043 γάρ
3026 973 3075 1025 οἱ
3126 972 3406 1042 ruehl/st;
3438 971 3750 1035 νοσοῦντες

2148 1066 2276 1127 τοὺς
2309 1064 2550 1135 ὁρῶντας
2588 1066 2732 1132 σφᾶς
2782 1065 3043 1127 πολλάκις
3065 1065 3159 1118 τοῦ
3192 1065 3401 1127 πάθους
3428 1066 3747 1131 κοινωνοὺς

2152 1158 2517 1222 ὲποιήσαντο;
2579 1157 2789 1209 Οὐκοῦν
2839 1156 2928 1209 διὰ
2977 1155 3072 1209 τοῦ
3128 1158 3342 1220 ἐνόντος
3393 1157 3559 1225 ἀέρος
3631 1154 3749 1208 καὶ

2150 1250 2326 1319 νάρκη
2360 1250 2532 1302 ποιεῖν
2559 1265 2611 1300 τι
2648 1247 2822 1311 πάθος
2885 1249 3175 1302 ἐπίσταται
3229 1251 3341 1313 τοῖς
3399 1249 3536 1318 αὐτῇ
3590 1247 3750 1317 πλη-

2152 1340 2450 1403 σιάζουσιν,
2485 1340 2533 1393 εί
2568 1344 2662 1395 καὶ
2694 1341 2769 1409 μὴ
2798 1340 3002 1409 ταύτης
3041 1340 3349 1409 ἔφάψοιντο.
3376 1340 3488 1393 Καὶ
3515 1339 3753 1407 θαυμά-

2153 1434 2265 1498 ζειν
2300 1435 2358 1486 οὐ
2387 1433 2494 1503 χρή
2521 1450 2536 1464 ο
2572 1435 2605 1503 ἡ
2636 1433 2927 1502 Μαγνῆτις
2968 1433 3099 1503 γὰρ,
3135 1436 3202 1503 ἢν
3259 1433 3353 1484 καὶ
3394 1431 3751 1499 Ἡρακλείαν

2151 1524 2298 1577 λίθον
2332 1527 2486 1591 φασὶ,
2517 1525 2613 1579 τοῦ
2650 1525 2874 1595 σιδήρου
2920 1524 3198 1595 διέστηκε,
3244 1526 3342 1579 καὶ
3377 1524 3527 1594 ὅμως
3584 1522 3752 1591 ὀρῶ-

2153 1631 2257 1684 μεν
2284 1614 2370 1667 διὰ
2405 1616 2570 1685 μέσου
2598 1615 2694 1667 τοῦ
2726 1615 2892 1687 ἀέρος
2924 1616 3025 1687 τὴν
3050 1617 3339 1684 ἐνέργειαν
3384 1614 3750 1685 προσδαλλο-
3802 1606 3809 1631 ³

2155 1708 2327 1779 μένην
2359 1711 2422 1779 τῇ
2450 1707 2603 1778 λίθῳ.
2633 1710 2711 1763 Τὸ
2732 1709 2789 1762 δὲ
2819 1710 2916 1762 καὶ
2947 1711 3075 1780 περὶ
3103 1710 3197 1763 τὸν
3227 1708 3446 1777 φοίνικα
3474 1708 3535 1759 τὺ
3558 1708 3749 1776 φυτὸν

2153 1798 2417 1867 ἐρωτικὸν
2444 1800 2735 1869 γενόμενον
2769 1801 2962 1864 πάθος,
2997 1801 3093 1854 καὶ
3126 1800 3276 1863 ὅπως
3310 1802 3342 1868 ἡ
3376 1797 3587 1870 θήλεια,
3619 1799 3749 1851 κᾶν

475 1876 808 1945 termedium
842 1893 968 1933 aera
1006 1895 1129 1933 sese
1164 1884 1475 1950 porrigere.
1518 1882 1659 1946 Quin
1698 1885 1860 1938 etiam
1893 1899 2040 1938 ama-

2154 1891 2249 1943 xal.
2294 1888 2588 1956 διίσταται,
2623 1891 2751 1957 τοὺς
2802 1891 3033 1953 κλάδους
3077 1892 3248 1961 αὐτῆς
3299 1891 3584 1944 ὐποκλίνει
3646 1890 3746 1960 τῷ

475 1968 617 2021 toria
642 1968 835 2032 palma:
864 1971 1075 2025 arboris
1107 1971 1348 2033 affectio,
1378 1974 1524 2042 quod
1554 1975 1812 2028 nimirum
1843 1974 2044 2032 femina

467 2059 648 2128 spatio
693 2060 930 2128 quodam
975 2062 1083 2115 loci
1122 2063 1397 2129 disiuncta
1456 2065 1814 2119 nihilominus
1864 2082 2046 2123 ramos

467 2165 602 2206 suos
646 2153 783 2205 mari
818 2153 1150 2215 summittat,
1207 2154 1517 2224 deindeque
1570 2172 1789 2211 rursum
1840 2168 2044 2214 rectam

469 2243 539 2296 ad
591 2243 822 2298 formam
876 2246 1064 2300 redeat
1118 2247 1273 2318 quasi
1349 2250 1520 2316 potita
1571 2247 1753 2303 fructu
1803 2251 2037 2321 coniun-

464 2337 689 2402 Ctionis,
717 2337 877 2407 cujus
915 2352 1078 2393 aures
1108 2338 1474 2394 admiratione
1518 2355 1627 2394 non
1673 2341 1894 2410 replet?
1927 2342 2044 2398 Non

468 2429 643 2497 igitur
706 2428 1006 2484 absurdum
1088 2430 1255 2484 etiam
1330 2430 1672 2500 torpedinem
1745 2432 2048 2502 piscatores

466 2520 688 2578 laedere.

536 2611 642 2677 Qui
688 2621 950 2681 praeterea
997 2611 1055 2666 ﬁt
1088 2623 1146 2667 ut
1181 2614 1275 2669 alii
1309 2613 1532 2681 quidem
1569 2615 1745 2684 pisres
1774 2615 1828 2669 in
1871 2617 2045 2674 Ponto

468 2703 667 2775 degere
716 2707 1108 2761 consueverint
1168 2706 1514 2776 aliquandiu,
1568 2708 1802 2778 polypus
1860 2717 2042 2766 autem

468 2797 654 2851 sinum
711 2797 865 2852 illum
920 2799 1291 2866 aquilonalem
1336 2799 1614 2868 refugiat?
1658 2799 1817 2866 Quod
1864 2802 2045 2871 pisces

471 2890 722 2945 nonnulli
750 2889 1168 2961 refrigeratione
1195 2891 1505 2968 indigeant,
1531 2903 1805 2964 quotquot
1831 2896 2045 2951 scilicet

472 2982 743 3051 potabilcs
774 2995 951 3051 aquas
977 2989 1196 3050 petunt,
1221 2983 1472 3037 nonnulli
1514 2985 1753 3039 calorem
1785 2995 2044 3061 expetant

464 3083 517 3127 et
550 3074 617 3127 ad
666 3088 820 3127 mare
862 3072 1203 3142 confugiant.
1241 3074 1358 3131 Hoc
1415 3076 1562 3130 enim
1615 3078 1829 3133 caeteris
1886 3078 2043 3148 aquis

466 3172 555 3219 est
605 3164 856 3219 calidius.
893 3163 1081 3232 Itaque
1110 3163 1341 3235 polypus
1367 3167 1501 3220 mari
1528 3168 1758 3223 Pontico
1791 3166 2042 3222 infensus

2147 1980 2365 2052 ἄρρενι,
2446 1986 2542 2037 καὶ
2598 1982 2747 2045 ὅπως
2814 1983 2982 2036 πάλιν
3072 1983 3213 2054 πρὸς
3265 1982 3450 2054 δρθιον
3499 1982 3746 2052 ἔρχεται

2148 2072 2334 2142 σχῆμα
2387 2073 2487 2142 τῆς
2543 2074 2842 2142 συναφείας
2900 2069 3013 2126 οἷον
3068 2072 3512 2139 ἑναπολαύσασα,
3560 2072 3744 2125 ποίαν

2145 2164 2320 2235 ἀκοὴν
2344 2164 2445 2218 οὐκ
2487 2165 2802 2234 ἐμπίπλησι
2858 2164 3181 2233 θαύματος;
3248 2165 3486 2219 Ἀτοπον
3536 2163 3737 2217 τοίνυν

2148 2254 2304 2307 οὐδὲν
2335 2255 2429 2307 καὶ
2454 2253 2514 2306 τδ
2539 2253 2640 2326 τὴν
2659 2254 2869 2324 νάρκην
2907 2257 3103 2310 ποιεῖν’
3123 2256 3241 2319 τοῖς
3268 2253 3564 2327 θηρεύουσι
3617 2256 3746 2309 πάο

2147 2344 2260 2409 οος.

2219 2606 2331 2660 Καὶ
2369 2605 2460 2660 διὰ
2493 2607 2547 2659 τί
2594 2607 2647 2660 οἱ
2682 2607 2782 2678 μὶν
2819 2607 2972 2663 ἄλλοι
3004 2607 3190 2679 ἰχθύες
3227 2607 3358 2677 περὶ
3384 2607 3478 2660 τὸν
3519 2606 3742 2660 Πόντον

2147 2697 2498 2767 ἑνδημοῦσιν,
2530 2702 2561 2754 6
2587 2699 2644 2753 δὲ
2677 2699 2955 2765 πολύπους
2987 2701 3080 2753 τὸν
3111 2700 3324 2772 βόρειον
3374 2699 3741 2767 ἀποστρέφε-

2146 2803 2238 2839 ται
2269 2786 2467 2841 κόλπον
2495 2806 2510 2853 ;
2539 2787 2688 2855 Διότι
2741 2788 2809 2842 τὰ
2852 2788 2952 2858 μὲν
2999 2788 3109 2844 τῶν
3143 2788 3343 2859 ἰχθύων
3369 2787 3586 2859 ψύξεως
3614 2790 3743 2844 δεῖ⁸

2145 2895 2258 2937 ται,
2292 2878 2393 2929 ὅσα
2424 2894 2528 2930 που
2557 2877 2651 2930 καὶ
2693 2878 2765 2931 τὰ
2823 2878 3033 2950 πότιμα
3077 2880 3431 2934 ἐπιδιώκουσι
3477 2881 3740 2952 νάματα,

2146 2969 2212 3023 τά
2244 2968 2300 3022 δὲ
2332 2969 2672 3041 θερμότητος
2704 2973 2806 3043 ἐρᾷ
2837 2973 2933 3026 καὶ
2983 2973 3123 3044 πρὸς
3152 2973 3254 3045 τὴν
3286 2973 3566 3029 θάλασσαν
3587 2976 3737 3029 ἀνα-

2147 3061 2438 3131 στρέφεται
2469 3080 2484 3095 ο
2517 3062 2827 3137 θερμοτέρα
2853 3067 2962 3135 γὰρ
2989 3066 3128 3137 αὕτη
3158 3066 3266 3120 τῶν
3298 3067 3478 3121 ἄλλων
3506 3067 3735 3120 ὑδάτων

2145 3154 2508 3219 καθέστηκεν.
2547 3155 2607 3208 ’0
2638 3155 2770 3223 γοῦν
2793 3157 3074 3219 πολύπους
3099 3159 3167 3229 τῇ
3201 3159 3438 3228 Ποντικῇ
3471 3157 3733 3231 θαλάσσῃ

374 3273 382 3285 κ
470 3265 574 3310 est.
608 3254 820 3324 Quippe
863 3222 1128 3324 frigidius.
1155 3222 1257 3311 est
1295 3271 1443 3313 mare
1492 3257 1639 3313 istud
1694 3259 2040 3328 aquilonare,

2146 3245 2514 3315 ἀπεχθάνεται
2539 3261 2555 3278 ·
2578 3246 2918 3319 ψυχρότερον
2970 3250 3081 3320 γὰρ
3245 3222 3455 3319 βόρειονν
3500 3222 3730 3317 πέφυκε

466 3346 812 3416 reliquisque
841 3349 1013 3402 multo
1043 3348 1285 3415 dulcius,
1319 3350 1396 3403 uti
1423 3350 1571 3419 quod
1602 3367 1631 3404 a
1660 3350 1846 3405 multis
1876 3359 2042 3419 atque

470 3438 683 3508 magnis
710 3440 966 3493 amnibus
992 3439 1331 3496 irruentibus
1355 3441 1618 3496 diluatur.
1646 3441 1837 3512 Frigus
1859 3450 2041 3497 autem

462 3546 531 3585 ac
563 3531 794 3585 dulcedo
842 3546 996 3600 aqua:
1048 3533 1245 3602 polypo
1298 3541 1430 3587 sunt
1479 3532 1714 3602 ingrata.
1756 3533 1909 3598 Quod
1959 3533 2039 3588 uti

467 3621 1067 3702 probem,argumento
1100 3623 1303 3678 idoneo
1333 3625 1467 3679 satis
1507 3632 1649 3677 utar.
1695 3623 1799 3679 Ubi
1849 3639 2038 3678 saxum

463 3716 687 3782 aliquod
724 3718 1043 3787 complexus
1074 3726 1157 3772 est
1188 3718 1443 3789 polypus,
1476 3718 1553 3773 sie
1597 3716 1672 3783 illi
1702 3717 1946 3771 adhaeret
1980 3725 2041 3772 ut

460 3808 623 3862 avelli
673 3817 933 3877 nequeat.
987 3808 1196 3864 idcirco
1247 3811 1552 3879 piscatores
1614 3809 1772 3879 periti
1819 3808 2038 3864 dulcem

461 3916 657 3970 aquam
695 3900 990 3959 all'nndunt
1027 3915 1178 3967 saxo,
1211 3916 1324 3971 quo
1364 3900 1508 3955 facto
1537 3900 1683 3971 quod
1710 3901 2040 3971 expetebant

460 4001 908 4061 consequuntur,
926 4002 982 4046 et
1004 3991 1234 4062 polypus
1258 3993 1341 4046 vel
1368 3992 1571 4047 invitus
1595 4001 1849 4071 naturam
1882 4007 2038 4047 suam

467 4080 755 4148 relinquit.
789 4079 935 4132 Idem
968 4078 1203 4149 polypus
1230 4077 1486 4134 esuriens
1525 4077 1753 4148 capillos
1785 4093 1914 4132 suos
1945 4076 2042 4132 de-

461 4178 639 4236 vorat,
672 4184 908 4241 quorum
946 4169 1068 4225 loco
1093 4153 1186 4224 alii
1216 4177 1537 4226 nascuntur.

533 4353 651 4407 Hoc
691 4350 858 4406 etiam
900 4350 1043 4406 scire
1080 4349 1281 4410 debes.
1311 4349 1568 4418 loligines
1598 4360 1765 4421 atque
1807 4334 2043 4425 polypos

460 4451 832 4499 atramentum
880 4441 1109 4506 habere,
1140 4456 1354 4504 verum,
1393 4450 1453 4495 ut
1485 4441 1811 4499 Aristoteles
1854 4444 1952 4509 ait,
1979 4444 2035 4501 in

2143 3338 2409 3407 πέλαγος.
2453 3339 2742 3409 Ἀλλάικαὶ
2769 3342 2869 3413 τῆς
2899 3343 3096 3413 λοιπῆς
3119 3341 3399 3412 θαλάσσης
3451 3334 3733 3410 γλυκύτε-

2147 3446 2238 3500 ρον
2264 3444 2282 3464 ο
2314 3429 2420 3484 ὑπὸ
2444 3432 2660 3486 πολλῶν
2684 3434 2794 3503 γὰρ
2829 3435 2924 3487 καὶ
2959 3435 3213 3504 μεγάλων
3244 3433 3502 3505 ποταμῶν
3557 3434 3734 3503 επιρο

2144 3522 2339 3591 ρεἶται.
2383 3523 2631 3578 Ἐναντία
2653 3524 2711 3577 δὲ
2742 3524 2816 3595 τῷ
2839 3524 3103 3579 πολύποδι
3150 3526 3213 3579 τό
3241 3542 3301 3577 τε
3357 3525 3563 3595 ψυχρὸν
3622 3530 3737 3579 καὶ

2140 3613 2202 3665 τὸ
2234 3613 2432 3680 γλυκύ.
2472 3614 2679 3671 Ἱκανὸν
2706 3615 2765 3669 δὲ
2816 3618 2928 3686 ἐρῶ
2989 3635 3074 3671 σοι
3119 3619 3171 3670 τί
3217 3619 3354 3689 πρὸς
3406 3618 3726 3682 ἀπόδειξιν.

2141 3707 2327 3777 Πέτρα
2358 3709 2706 3779 συμπλακεὶς
2736 3711 2764 3764 6
2788 3710 3071 3774 πολύπους
3097 3711 3568 3773 δυσαποσπάστως
3594 3711 3727 3782 ἕχε-

2138 3817 2230 3854 ται
2252 3814 2266 3826 ⁶
2295 3799 2377 3853 διὸ
2408 3802 2582 3868 γλυκὺ
2617 3801 2762 3873 ὕδωρ
2807 3803 3092 3872 ἐπιχέουσι
3143 3807 3209 3874 τῇ
3267 3784 3445 3875 πέτρᾷ
3491 3805 3540 3856 οἱ
3575 3805 3729 3874 πρὸς

2140 3893 2320 3963 ἄγραν
2348 3893 2536 3956 δεινοὶ,
2572 3895 2666 3949 καὶ
2691 3896 2742 3948 οί
2774 3895 2874 3965 μὲν
2898 3896 3083 3965 έχουσι
3122 3894 3186 3948 τὸ
3237 3894 3577 3966 ζητούμενον
3612 3896 3725 3966 θή-

2141 4002 2320 4055 ραμα,
2358 3987 2387 4039 ὁ
2415 3986 2472 4040 δὲ
2497 3988 2600 4058 τῆς
2646 3985 2843 4041 ἑαυτοῦ
2892 3987 2989 4040 καὶ
3042 3987 3192 4042 ἄκων
3223 3988 3569 4052 ἐξανίσταται
3593 3990 3723 4057 φύ-

2141 4094 2300 4142 σεως.
2344 4076 2403 4130 Ὀ
2427 4077 2707 4142 πολύπους
2734 4074 2891 4142 οὗτος
2921 4079 3141 4147 λέγεται
3179 4079 3279 4149 μὲν
3324 4080 3489 4149 ἡνίκα
3521 4083 3726 4136 πεινά.

2141 4186 2246 4235 σει,
2309 4170 2595 4241 πλόκαμον
2652 4170 2852 4226 ἑαυτοῦ
2927 4170 3155 4239 ἐσθίειν,
3212 4171 3403 4244 ἔτερον
3452 4172 3511 4227 δὲ
3577 4172 3721 4229 ἀνα-

2139 4277 2318 4330 φύειν.

2209 4355 2449 4409 Γίνωσκε
2476 4355 2536 4410 δὲ
2558 4356 2661 4410 καὶ
2677 4354 2859 4423 τοῦτο,
2883 4356 2966 4412 ὅτι
3008 4354 3251 4419 τευθῖδες
3322 4355 3422 4427 μὲν
3458 4355 3555 4410 καὶ
3611 4371 3723 4409 πο-

2139 4445 2364 4511 λύποδες
2394 4447 2582 4519 έχουσι
2603 4448 2858 4516 θόλωσιν,
2911 4449 3052 4503 ἀλλὰ
3102 4447 3226 4503 καθῗ
3254 4449 3292 4504 ἆ
3337 4464 3504 4517 φησιν
3560 4448 3722 4518 ’Δρι-

466 4549 624 4596 naso,
659 4549 783 4589 cum
817 4533 885 4588 ad
917 4542 1168 4589 ventrem
1193 4533 1346 4602 sepia
1384 4532 1645 4602 majorem
1677 4534 1796 4603 ejus
1824 4536 2035 4606 copiam

2146 4541 2400 4609 στοτέλης
2431 4540 2527 4594 ἐπὶ
2571 4544 2637 4611 τῇ
2679 4540 2885 4612 μύτιδι,
2917 4540 3093 4612 σηπία
3131 4540 3190 4594 δδ
3241 4539 3386 4594 κατά
3443 4541 3543 4608 τὴν
3598 4555 3720 4593 κοι-

461 4626 680 4680 habent.
714 4624 824 4679 Nec
844 4624 992 4679 enim
1019 4622 1323 4693 quidquam
1359 4623 1480 4691 opis
1502 4621 1733 4677 alterius
1765 4623 1948 4687 habet,
1978 4637 2039 4679 ut

460 4717 692 4788 polypus
724 4716 1083 4770 mutationem
1111 4713 1335 4769 coloris.
1360 4713 1494 4768 Nam
1522 4712 1568 4769 is
1596 4728 1701 4768 una
1726 4729 1850 4770 cum
1882 4729 2035 4779 saxo,

459 4808 528 4860 ad
560 4805 707 4876 quod
737 4804 964 4874 capillos
1012 4803 1272 4874 applicat,
1328 4803 1570 4861 colorem
1611 4819 1831 4875 quoque
1860 4813 2037 4858 mutat

458 4914 658 4963 suum,
691 4903 923 4968 excepto
959 4897 1143 4952 colore
1191 4895 1335 4951 albo.
1391 4896 1532 4951 Sunt
1585 4896 1732 4951 enim
1772 4896 1887 4952 haec
1917 4897 2037 4951 ani-

459 4989 626 5044 malia
675 4988 958 5059 sanguinis
997 4988 1266 5059 expertia,
1308 5004 1413 5058 qua
1448 4986 1517 5044 de
1569 5004 1737 5044 causa
1785 4989 2035 5059 sequitur

458 5098 584 5137 esse
617 5081 814 5152 frigida
847 5081 1270 5151 formidinisque
1301 5081 1486 5151 plena.
1514 5082 1649 5136 Nam
1681 5082 1762 5137 uti
1791 5084 2033 5138 nonnul-

458 5175 529 5228 lis
584 5183 734 5229 metu
788 5172 1059 5244 perculsis
1091 5173 1246 5227 alvus
1282 5173 1490 5227 turbari
1537 5174 1701 5239 solet,
1754 5175 2033 5230 nonnullis

460 5265 658 5320 vesicae
701 5275 1116 5320 excrementum
1148 5263 1344 5329 efﬂuit,
1392 5266 1472 5319 sic
1507 5275 1564 5320 et
1591 5266 1675 5320 his
1705 5266 1905 5320 accidit
1933 5282 2031 5320 ne-

456 5359 700 5415 cessario
732 5366 957 5429 pmpter
988 5368 1195 5411 metum
1243 5366 1303 5411 ut
1332 5368 1702 5412 atramentum
1752 5360 2027 5414 emittant.

456 5452 573 5515 Qua
622 5451 845 5519 quidem
893 5450 946 5502 in
982 5463 1036 5502 ιο
1069 5460 1262 5503 natura
1289 5459 1641 5505 excremento
1685 5451 1845 5505 simul
1874 5462 1930 5506 et
1960 5451 2029 5506 ad

455 5543 684 5595 salutem
718 5540 968 5594 animalis
1009 5552 1062 5594 et
1096 5540 1162 5594 ad
1196 5557 1355 5610 opem
1408 5544 1603 5597 utitur.
1654 5545 1794 5597 Sunt
1845 5551 2029 5597 autem

461 5635 648 5686 ortmia
699 5633 981 5702 sanguinis
1011 5636 1252 5704 rxpt-rtia
1303 5649 1561 5703 perquam
1607 5637 1802 5705 exiguo
1853 5639 2030 5689 nutri-

459 5734 644 5776 mento
691 5734 965 5785 contenta,
1020 5741 1127 5777 non
1163 5734 1268 5778 tam
1311 5727 1438 5794 quin
1486 5740 1651 5793 parva
1689 5733 1815 5778 sunt
1862 5740 2024 5793 quant

456 5815 582 5881 quia
612 5813 828 5879 frigida.
868 5815 1004 5867 Nam
1043 5815 1193 5868 calor
1218 5828 1268 5867 ct
1303 5813 1596 5887 concoquit
1651 5814 1806 5867 facile
1852 5816 2029 5868 nutri-

2141 4630 2284 4695 λίαν,
2342 4629 2483 4684 ἀλλὰ
2535 4632 2635 4684 καὶ
2696 4630 2941 4686 πλείονα.
3009 4629 3150 4684 Οὐδὲ
3196 4627 3309 4699 γὰρ
3364 4628 3534 4699 ἄλλην
3585 4631 3720 4682 τινὰ

2140 4718 2393 4789 βοήθειαν
2418 4717 2557 4789 ἔχει,
2608 4717 2862 4789 καθάπερ
2883 4720 2912 4773 6
2933 4719 3209 4782 πολύπους
3230 4719 3332 4788 τὴν
3357 4717 3452 4771 τοῦ
3474 4717 3716 4788 χρώμα-

2137 4826 2227 4874 τος
2257 4808 2562 4879 μεταϐολήν
2586 4825 2602 4841 ⁶
2637 4811 2775 4879 πρὸς
2806 4808 2919 4880 γὰρ
2941 4809 3042 4880 τὴν
3070 4790 3278 4880 πέτραν
3305 4801 3339 4880 ᾖ
3391 4806 3715 4878 προσ-ἀράσ-

2139 4918 2221 4955 σει
2256 4901 2381 4958 τοὺς
2411 4900 2616 4956 ἑαυτοῦ
2652 4901 2970 4972 πλοκάμους
2989 4901 3212 4973 ἀμείϐει
3240 4902 3336 4955 καὶ
3363 4902 3465 4971 τὴν
3490 4902 3710 4971 χροιὰν,

2137 4993 2265 5046 ἄνευ
2326 4993 2511 5061 μέντοι
2558 4992 2654 5047 τοῦ
2683 4992 2882 5046 λευκοῦ
2937 4998 3255 5063 χρώματος.
3314 4993 3551 5062 Ἀναιμα
3597 4995 3711 5062 γὰρ

2138 5084 2329 5149 ταῦτα,
2363 5084 2456 5137 καὶ
2482 5084 2573 5139 διὰ
2603 5083 2758 5137 τοῦτο
2814 5084 3210 5153 κατεψυγμένα
3270 5083 3364 5137 καὶ
3405 5083 3708 5153 φοσητικά.

2138 5176 2353 5246 Ὠσπερ
2378 5175 2539 5239 ἐνίοις
2566 5176 2884 5246 φοϐηθεῖσιν
2915 5178 2948 5245 ἠ
2972 5175 3154 5231 κοιλία
3201 5177 3557 5246 ταράττεται,
3589 5176 3710 5227 ἑτέ-

2138 5264 2250 5337 ροις
2285 5269 2342 5321 δὲ
2372 5269 2704 5340 περίττωσις
2731 5270 2764 5338 ἡ
2793 5270 2903 5322 ἀπὸ
2931 5269 3034 5338 τῆς
3101 5270 3347 5331 κύστεως
3401 5269 3507 5338 ῥεῖ,
3558 5265 3710 5318 οὕτω

2135 5361 2228 5412 καὶ
2283 5360 2492 5422 τούτοις
2555 5360 2842 5429 συμόαίνει
2908 5359 2969 5424 ἐξ
3046 5361 3295 5427 ἀνάγκης
3343 5359 3564 5428 ἀφιέναι
3613 5361 3708 5410 τὸν

2135 5448 2289 5500 θόλον
2319 5447 2406 5500 διὰ
2434 5447 2657 5509 δειλίας.
2722 5447 2781 5499 'li
2813 5447 2871 5500 δὲ
2919 5447 3083 5515 φύσις
3133 5449 3253 5515 ἅμα
3298 5445 3375 5516 τῷ
3429 5446 3707 5515 περιττώ-

2136 5555 2265 5607 ματι
2327 5539 2826 5609 παρακαταχρῆται
2888 5540 2983 5591 καὶ
3059 5537 3196 5609 πρὸς
3268 5536 3547 5608 σωτηρίαν
3607 5539 3704 5590 καὶ

2134 5630 2393 5699 βοήθειαν
2420 5630 2589 5701 αὐτῷ.
2621 5634 2805 5685 ιιάντα
2836 5630 2893 5683 δὲ
2922 5630 2992 5683 τὰ
3032 5631 3239 5698 ἄναιμα
3263 5629 3373 5681 τῶν
3407 5628 3562 5694 ζώων
3583 5629 3698 5681 ὀλιο

2133 5724 2378 5792 γότρο’ρά
2433 5724 2593 5785 εἰσιν,
2636 5724 2735 5792 οὐχ
2788 5722 2929 5775 οὕτω
2978 5721 3066 5773 διὰ
3128 5723 3431 5791 μικρότητα
3478 5720 3556 5782 ὡς
3611 5722 3703 5772 διὰ

2133 5813 2489 5883 ψυχρότητα
2548 5815 2608 5866 τὸ
2666 5820 2775 5884 γὰρ
2843 5814 3048 5883 θερμὴν
3109 5813 3454 5865 καταπέπτει
3500 5811 3702 5883 ῥᾳδίως
