4008 6458
501 395 574 459 95

1769 387 2190 452 MICIIAELIS
2226 389 2485 452 GLYCE

3733 397 3798 461 96

497 508 884 564 iutcllcctilem
913 507 1076 564 sibilo
1109 505 1349 579 quodam
1381 515 1438 563 ct
1473 503 1837 570 inescationc,
1867 503 2065 571 proba:-

2186 501 2421 574 Εῦδηλον
2453 502 2550 558 οὖν
2578 502 2834 560 ἐντεῦθεν
2854 505 2935 561 ὅτι
2968 507 3062 562 καὶ
3095 505 3124 562 ὁ
3156 507 3373 580 νοητὸς
3421 507 3553 577 ὄφις
3598 525 3789 580 συριγ-

493 618 602 670 que
655 602 856 656 indolis
876 611 934 658 et
971 603 1102 658 boni
1131 600 1352 656 consilii
1407 597 1764 654 simulatione
1813 596 2074 651 mortales

493 693 737 759 allicere,
781 710 992 765 proque
1042 693 1311 749 arbitratu
1337 699 1396 745 et
1431 689 1662 745 libidine
1709 704 1806 744 sua
1831 703 1958 742 eum
1992 687 2074 743 eis

492 788 1046 856 (-misuescere,prius
1078 801 1248 858 opera
1272 785 1394 840 data
1425 792 1486 839 ut
1506 798 1707 854 aquam
1731 793 1790 838 et
1812 782 2072 852 spiritum

493 881 860 950 relinquant;
888 896 1014 935 nam
1059 880 1220 934 aliter
1258 892 1446 934 semen
1477 892 1640 932 suum
1677 877 1732 931 in
1767 890 1863 931 eos
1893 885 2072 930 trans.

489 972 725 1027 {irridere
762 975 978 1040 nequit,
1016 971 1123 1026 nisi
1159 969 1309 1024 omni
1362 969 1496 1024 luue
1536 978 1688 1023 m0t0
1715 969 1784 1025 ab
1823 967 1908 1022 liis
1936 967 2074 1023 duo-

492 1065 596 1118 bus
646 1063 796 1132 ipsos
828 1061 1049 1115 avellat.
1098 1061 1242 1126 Quid
1273 1067 1459 1114 autem
1492 1058 1678 1114 multis
1714 1057 1904 1114 verbis
1931 1073 2073 1129 opus

489 1156 621 1211 est?
667 1154 781 1210 Cur
812 1154 1031 1224 singula
1064 1167 1504 1208 commemorare
1525 1151 1802 1207 velimus?
1836 1150 1977 1206 Sunt
2013 1151 2069 1206 in

489 1249 650 1316 aquis
691 1245 907 1317 reptilia
933 1287 948 1313 ,
979 1243 1129 1316 quod
1192 1244 1266 1299 ita
1323 1243 1584 1299 nimirum
1621 1243 2081 1315 progrediantury

491 1355 596 1394 nec
639 1349 818 1394 tamen
851 1339 957 1394 sub
1011 1353 1304 1393 numerum
1330 1336 1558 1400 cadunt,
1595 1352 1664 1392 ne
1697 1337 1907 1392 scilicet
1938 1353 2072 1407 pan-

491 1432 644 1487 latim
670 1431 964 1502 absumpta
990 1430 1312 1486 deficerent.
1341 1429 1477 1484 Nam
1501 1428 1604 1484 nisi
1632 1445 1863 1485 numero
1891 1429 2070 1498 pisces

391 1523 397 1528 ’
493 1525 692 1579 iutiniti
741 1535 946 1588 essent,
983 1539 1094 1578 non
1135 1531 1382 1594 possent.
1409 1522 1477 1577 ad
1525 1538 1688 1577 usum
1747 1522 1859 1577 ullo
1903 1522 2068 1578 modo

491 1615 771 1674 sullicere.
807 1629 930 1668 cum
967 1613 1177 1684 pariter
1207 1621 1264 1666 et
1286 1627 1317 1666 a
1341 1627 1400 1668 se
1433 1611 1668 1668 invicem
1701 1621 1757 1668 et
1785 1612 1855 1668 ab
1886 1611 2067 1668 homi-

491 1709 659 1762 nibus
703 1707 1084 1763 absumantur.
1122 1704 1336 1776 Quippe
1389 1705 1605 1761 tametsi
1644 1705 1854 1760 viribus
1905 1719 2069 1777 supe-

2175 596 2263 666 μῷ
2297 597 2391 650 καὶ
2432 597 2770 670 δελεάσματι
2819 599 2916 653 καὶ
2939 600 3247 672 ὑποκρίσει
3309 599 3492 670 ἤθους
3547 606 3787 672 χρηστοῦ

2174 689 2269 741 καὶ
2296 689 2608 760 συμϐουλῆς
2660 691 2872 762 ἀγαθῆς
2911 695 3037 756 τοὺς
3083 691 3434 762 ἀνθρώπους
3494 693 3786 764 ἐφέλκεται

2175 780 2273 832 καὶ
2293 781 2437 834 κατὰ
2471 783 2533 834 τὸ
2555 783 2816 854 βουλητὸν
2856 783 3007 855 αὖτῷ
3037 784 3262 849 τούτοις
3297 785 3666 855 συγγίνεται,
3691 787 3786 841 τοῦ

2175 870 2371 936 ὕδατος
2403 875 2497 927 καὶ
2534 875 2850 946 πνεύματος
2885 875 3152 948 πρότερον
3221 877 3447 939 αὐτοὺς
3516 878 3781 942 ἑξιστῶΨ

2172 962 2234 1015 οὐ
2263 963 2372 1034 γὰρ
2411 964 2478 1017 ἂν
2507 963 2682 1028 ἄλλως
2735 964 3066 1036 μεταδοῦναι
3127 965 3362 1031 τούτοις
3431 967 3532 1021 τοῦ
3578 968 3781 1022 οἰκείου

2170 1053 2396 1107 δύναται
2427 1054 2653 1125 σπόρου,
2685 1059 2732 1108 εί
2769 1054 2846 1127 μὴ
2883 1057 3064 1113 πάντα
3112 1057 3309 1114 κάλων
3345 1060 3603 1129 κινήσας
3645 1059 3782 1114 £st-

2174 1144 2266 1200 θεν
2286 1146 2484 1210 αὐτοὺς
2540 1149 2906 1204 ἁποσπάσειε.
2971 1151 3084 1206 Kal
3111 1149 3164 1203 τί
3196 1149 3315 1221 χρὴ
3354 1149 3542 1204 πολλὰ
3602 1151 3780 1219 λέγειν

2172 1237 2268 1290 καὶ
2299 1235 2636 1307 ἀπαριθμεῖν
2666 1239 2734 1292 τὰ
2762 1239 2889 1293 καθ’
2945 1240 3202 1307 ἕκαστον,
3263 1243 3400 1296 ἐπεὶ
3435 1243 3652 1313 ἑρπετά
3705 1235 3778 1297 ὧν

2169 1329 2270 1380 οὐκ
2297 1327 2446 1383 ἐστιν
2472 1330 2743 1400 ἀριθμός;
2791 1332 2902 1386 Kal
2934 1332 3145 1404 ἑρπετὰ
3189 1333 3324 1403 μὲν,
3357 1335 3450 1389 ὅτι
3481 1336 3650 1406 ἕρπει
3702 1335 3778 1405 τῷ

2171 1418 2326 1473 ὕδατι
2359 1423 2454 1475 καὶ
2509 1421 2657 1475 οὕτω
2715 1421 2815 1493 τὴν
2877 1423 3094 1478 ἑαυτῶν
3151 1425 3402 1496 πορείαν
3468 1425 3778 1491 ποιοῦνται,

2168 1511 2390 1583 ἀριθμῷ
2423 1512 2479 1565 δὲ
2549 1515 2646 1581 οὺχ
2707 1513 3111 1570 ὑποπίπτουσιν
3167 1517 3321 1572 ὥστε
3391 1516 3474 1588 μὴ
3530 1516 3776 1584 salsi-{vat

2169 1607 2313 1660 κατὰ
2338 1609 2536 1679 μικρὸν
2565 1609 2953 1682 δαπανώμενα.
3019 1609 3330 1667 Βόσκονται
3360 1611 3479 1683 γὰρ
3513 1614 3566 1673 οἱ
3622 1612 3778 1665 δυναι

2168 1698 2397 1768 τὼτεροι
2427 1701 2552 1760 τοὺς
2585 1702 3077 1773 καταδεεστέρους,
3141 1703 3244 1757 καὶ
3297 1703 3408 1758 οὐκ
3441 1702 3769 1775 ἠνὰλωσαν·

488 1800 666 1854 riores
689 1797 1023 1854 devorandis
1050 1795 1506 1852 imbecillioribus
1533 1811 1656 1852 sese
1687 1803 1935 1866 pascant,
1955 1811 2065 1850 non

2171 1791 2298 1861 νικᾷ
2329 1790 2438 1862 7&9
2470 1792 2572 1864 τὴν
2602 1793 2848 1866 δαπάνην
2874 1794 2908 1866 ὴ
2946 1794 3234 1865 πρόσοδος.

491 1899 673 1946 tamen
706 1891 933 1946 omnino
959 1898 1389 1953 consumuntur,
1408 1887 1631 1959 quando
1666 1889 1842 1960 majus
1872 1903 2064 1944 eorum

483 1993 572 2036 est
601 1984 1001 2038 incrementum
1028 1996 1192 2050 quam
1235 1990 1296 2034 ut
1342 1981 1554 2036 absumi
1583 1980 1818 2050 possint.

558 2071 626 2126 Et
653 2070 946 2127 considera
975 2070 1083 2126 hoc
1117 2070 1254 2125 mihi
1301 2070 1426 2126 loco
1455 2070 1552 2126 Dei
1586 2087 1802 2138 vocem,
1841 2071 1926 2128 vel
1963 2087 2065 2144 po-

485 2162 600 2217 tius
632 2178 743 2218 non
793 2179 987 2219 vocem
1027 2163 1146 2230 Dei,
1185 2164 1280 2219 sed
1316 2164 1658 2219 voluntatem
1712 2162 1909 2230 solam,
1944 2179 2068 2235 qua

485 2251 668 2306 omnis
695 2252 917 2322 generis
949 2253 1185 2322 piscium
1223 2253 1441 2321 species
1468 2270 1538 2309 es
1593 2253 1756 2325 aquis
1782 2254 2064 2326 produxit.

486 2341 628 2398 Nam
683 2343 790 2399 hoc
841 2345 1023 2414 ipsum
1076 2345 1170 2399 Dei
1219 2345 1359 2401 velle
1395 2355 1652 2401 naturam
1706 2362 1863 2402 suam
1907 2347 2069 2418 aquis

491 2435 708 2498 tribuit,
734 2451 856 2505 quae
893 2437 1014 2506 ipso
1042 2452 1071 2491 a
1096 2437 1365 2508 principio
1394 2437 1614 2493 vitalem
1642 2438 1934 2510 quamdam
1958 2440 2066 2496 vim

487 2535 618 2581 sunt
649 2538 988 2582 consecutae.
1033 2527 1256 2598 Absque
1285 2542 1397 2598 quo
1427 2526 1590 2594 foret,
1623 2544 1734 2584 non
1765 2529 1820 2584 in
1851 2530 1934 2586 eis
1970 2530 2066 2587 Del

488 2619 721 2688 spiritus
750 2618 897 2675 latus
922 2619 1144 2686 fuisset,
1180 2636 1286 2690 qua
1321 2619 1629 2678 motatione
1663 2621 1772 2676 vim
1801 2620 1948 2678 illam
1981 2624 2067 2680 vi-

489 2711 652 2766 talem
684 2712 843 2782 aquis
871 2712 1797 2785 impertiebatur,quemadmodum
1829 2715 2067 2787 Chryso-

484 2814 698 2860 stomus
724 2805 996 2875 loquitur,
1015 2813 1076 2858 ut
1105 2820 1214 2860 non
1244 2805 1418 2860 multo
1449 2815 1572 2875 post
1597 2820 1666 2862 ex
1692 2804 1774 2861 eis
1801 2805 2065 2861 animalia

400 2951 402 2954 ,
483 2897 870 2964 provenirent.
928 2895 1122 2951 Tradit
1194 2896 1345 2951 enim
1420 2895 1849 2967 Chrysostomus
1911 2895 2064 2952 hisce

481 2988 669 3042 verbis
710 2987 934 3043 vitalem
969 2986 1268 3057 quamdam
1297 2985 1679 3043 eﬁicacitatem
1743 2987 2062 3058 signiﬁcari.

483 3077 718 3133 Basilius
742 3089 928 3134 autem
966 3077 1132 3134 latius
1170 3078 1238 3133 de
1266 3077 1349 3132 eis
1381 3081 1437 3132 in
1464 3077 1582 3133 haec
1609 3078 1777 3133 verba
1814 3078 2060 3134 disserit.

483 3171 614 3226 Sive
639 3169 709 3225 de
742 3170 892 3227 aeris
923 3169 1221 3225 dili‘usioue
1256 3169 1435 3225 Moses
1465 3170 1736 3240 loquitur,
1775 3171 2064 3242 iutelligito
2091 3207 2134 3266 ο

483 3269 738 3316 riostrum
792 3262 944 3318 bunc
989 3262 1315 3332 scriptorem
1368 3263 1612 3318 historiae
1654 3262 1842 3317 mundi
1877 3273 2063 3334 partes

483 3369 844 3418 enumerare,
871 3354 1186 3409 condidisse
1212 3353 1471 3410 videlicet
1501 3353 1676 3409 Deum
1698 3354 1921 3421 ccelum,
1953 3362 2059 3411 ter-

483 3460 865 3514 ram,aquam,
886 3460 1036 3513 aera,
1057 3445 1152 3514 qui
1188 3446 1410 3516 quidem
1437 3447 1550 3518 jam
1586 3454 1700 3501 tum
1732 3445 2064 3502 diffundere-

487 3549 578 3590 tur
613 3547 779 3606 atque
831 3537 1048 3594 ﬂueret.
1096 3537 1226 3593 Sive
1279 3538 1426 3608 quod
1473 3539 1656 3594 verius
1693 3547 1778 3594 est
1804 3548 1858 3594 et
1883 3540 1951 3596 ab
1993 3540 2062 3596 iis

481 3630 576 3697 qui
610 3642 738 3683 ante
775 3644 876 3684 nos
895 3630 1051 3684 fuere
1087 3629 1377 3697 traditum,
1399 3629 1468 3684 de
1495 3630 1702 3700 Spiritu
1733 3631 1832 3685 Dei
1866 3639 2061 3687 sancto

485 3722 602 3775 lucc
635 3721 742 3776 dici
777 3731 989 3792 putato.
1017 3722 1154 3776 Nam
1183 3722 1356 3776 sacris
1377 3722 1432 3776 in
1457 3722 1683 3778 Litteris
1713 3723 1902 3778 nullus
1921 3723 2062 3778 alius

485 3814 580 3867 Dei
619 3815 846 3883 Spiritus
889 3815 1202 3884 appellatur
1239 3825 1396 3870 extra
1436 3813 1703 3883 Spiritum
1751 3816 1903 3871 illurn
1934 3832 2062 3870 san-

499 3918 637 3972 tum,
670 3907 765 3976 qui
797 3907 1038 3962 divinam
1081 3905 1407 3976 beatamque
1455 3905 1788 3962 Trinitatem
1823 3907 2059 3964 absolvit

480 4010 538 4053 et
571 3999 1013 4067 complet.Quam
1057 4000 1386 4054 sententiam
1419 3998 1466 4055 si
1496 4000 1755 4070 amplecti
1788 4000 2055 4065 volueris,

451 4090 753 4161 .majorem
798 4105 866 4144 ex
897 4106 960 4144 ea
1001 4089 1239 4146 fructum
1272 4092 1565 4163 percipies.
1599 4093 1735 4149 Nam
1779 4091 2060 4148 ferebatur

487 4180 546 4234 in
574 4181 655 4235 eis
683 4181 915 4248 spiritus
959 4180 1070 4246 hic,
1110 4183 1190 4238 uti
1243 4182 1412 4255 Syrus
1435 4183 1683 4254 quidam,
1716 4181 2060 4239 admirabilis

485 4270 753 4326 doctrinae
791 4271 895 4339 vir,
927 4273 1114 4328 dicere
1158 4273 1390 4341 solebat,
1444 4274 1549 4331 hoc
1589 4282 1677 4329 est
1722 4273 1948 4329 fovebat
1995 4289 2060 4328 ac

484 4362 788 4418 letiﬁcandi
821 4364 929 4418 vim
961 4365 1298 4436 largiebatur
1326 4381 1596 4437 aquarum
1621 4375 1856 4431 naturae,
1888 4367 2063 4422 instar

482 4455 701 4526 gallince
735 4457 1022 4528 cujusdam
1073 4460 1195 4514 ovis
1247 4459 1562 4515 incubantis
1611 4475 1677 4522 ac
1728 4459 1856 4514 lotis
1895 4459 1965 4514 ab
2000 4473 2058 4514 se

2252 2066 2396 2121 Ἀλλ’
2422 2067 2526 2140 δρα
2565 2068 2752 2140 φωνὴν
2778 2067 2941 2134 Θεοῦ,
3014 2062 3221 2139 μᾶλλον
3289 2065 3353 2123 δὲ
3406 2063 3537 2122 οὐδὲ
3589 2064 3766 2138 φωνὴν

2168 2159 2326 2228 Θεοῦ,
2361 2159 2502 2214 ἀλλὰ
2533 2159 2756 2231 θέλησιν
2786 2160 2966 2231 μόνον,
2994 2161 3116 2232 ἥτις
3150 2159 3219 2214 τὰ
3251 2161 3595 2214 παντοδαπὰ
3639 2159 3765 2228 γένη

2167 2251 2278 2305 τῶν
2318 2251 2519 2321 ξχθύων
2569 2253 2634 2305 ὲκ
2686 2251 2796 2306 τῶν
2848 2236 3059 2307 ῦδάτων
3115 2254 3482 2325 παρήγαγεν.
3539 2253 3609 2306 Ἥ
3660 2252 3764 2321 γὰρ

2168 2341 2393 2413 θέλησις
2416 2343 2560 2414 αὕτη
2613 2343 2779 2413 φύσις
2807 2345 3053 2414 ἔγεγόνει
3084 2347 3198 2406 τοῖς
3227 2344 3422 2399 ὕδασι.
3455 2344 3646 2398 Ταῦτα
3667 2343 3760 2413 μὲν

2167 2431 2238 2486 τὰ
2275 2430 2444 2485 ὕδατα
2469 2430 2565 2486 καὶ
2591 2429 2653 2497 ἐξ
2685 2431 2862 2503 ἀρχῆς
2888 2431 3066 2502 αὐτῆς
3099 2432 3353 2504 ζωτικὴν
3385 2433 3642 2504 ἐδέχοντο
3669 2429 3755 2486 δύο

2169 2539 2354 2592 ναμιν.
2388 2522 2452 2578 E!
2481 2522 2557 2594 μὴ
2583 2523 2690 2594 γὰρ
2719 2521 2878 2576 τοῦτο
2909 2518 3000 2594 ἦν,
3032 2520 3139 2577 οὐκ
3169 2521 3236 2577 ἂν
3303 2524 3506 2586 αὐτοῖς
3548 2521 3757 2591 πνεῦμα

2168 2610 2306 2666 Θεοῦ
2333 2611 2660 2683 ἐπεφέρετο.
2719 2611 3026 2684 Φερόμενον
3057 2612 3114 2668 δὲ
3152 2611 3410 2683 ζωτικὴν
3438 2614 3615 2667 ὲδὶδου
3649 2615 3756 2675 τοῖς

2168 2705 2325 2762 ὕδασι
2377 2707 2480 2778 τὴν
2535 2706 2790 2778 δύναμιν,
2840 2707 2918 2772 ὡς
2954 2708 2984 2762 ὁ
3037 2707 3429 2778 χρυσόστομος
3506 2706 3754 2775 Ἰωάννης

2166 2799 2326 2871 φησὶ,
2377 2799 2473 2854 καὶ
2501 2799 2582 2854 ὅτι
2610 2798 2752 2870 μετὰ
2787 2799 2984 2871 μικρὸν
3005 2797 3122 2864 ζῶα
3165 2797 3228 2864 ἐξ
3256 2799 3450 2854 αὐτῶν
3485 2797 3753 2868 παρακοὴ-

2168 2909 2375 2946 σονται.
2411 2892 2518 2945 Kal
2550 2892 2578 2945 ὀ
2603 2891 2705 2962 μὲν
2739 2892 3170 2963 χρυσοῤῥήμων,
3209 2891 3474 2962 καθάπερ
3519 2893 3748 2962 εἴρηται,

2167 2983 2408 3052 ζωτικὴν
2467 2983 2718 3038 ἐντεῦθεν
2758 2985 3045 3054 ἐνέργειαν
3092 2984 3620 3054 κατασημαίνεσθαι
3664 2981 3748 3034 λέ·

2166 3093 2292 3145 γει·
2329 3078 2356 3129 ὁ
2385 3074 2444 3128 δὲ
2480 3077 2655 3146 μέγας
2690 3075 2972 3140 Βασίλειος
3015 3078 3110 3129 καὶ
3141 3075 3493 3148 πλατύτερον
3523 3074 3592 3128 τὰ
3629 3072 3749 3142 περὶ

2167 3167 2374 3222 τούτων
2399 3168 2649 3234 διέξεισι,
2687 3172 2780 3222 καὶ
2812 3168 2956 3222 οὕτω
2988 3169 3176 3238 φησίν.
3213 3185 3236 3220 ι
3275 3169 3412 3223 Ern
3471 3166 3630 3222 τοῦτο
3662 3165 3746 3218 λέ-

2167 3278 2256 3330 γει
2305 3260 2371 3314 τὸ
2410 3260 2630 3332 πνεῦμα
2691 3260 2791 3331 τὴν
2851 3260 2945 3314 τοῦ
2997 3260 3160 3330 ἀέρος
3211 3259 3403 3331 χύσιν,
3453 3259 3604 3327 δέεαι
3659 3257 3746 3310 τὸν

2169 3353 2499 3422 συγγραφέα
2528 3355 2598 3408 τὰ
2637 3354 2779 3424 μέρη
2810 3352 2905 3407 τοῦ
2925 3353 3137 3423 κόσμου
3155 3352 3618 3425 καταριθμοῦντά
3642 3367 3740 3413 σοι,

2164 3445 2250 3500 ὅτι
2281 3447 2542 3518 εποίησεν
2567 3447 2597 3500 δ
2643 3447 2776 3512 Θεὸς
2800 3447 3059 3517 οὐρανὸν,
3093 3447 3218 3516 γῆν,
3251 3446 3430 3519 ὕδωρ,
3460 3446 3623 3515 ἀέρα,
3656 3441 3744 3496 καὶ

2168 3539 2361 3593 τοῦτον
2397 3541 2661 3610 χεόμενον
2691 3541 2792 3612 ἠδη
2812 3543 2906 3594 καὶ
2948 3541 3161 3611 ῥέοντα.
3213 3541 3367 3607 Είτε,
3401 3541 3430 3594 δ
3461 3541 3558 3596 καὶ
3614 3534 3744 3606 p.51-

2165 3632 2257 3686 λον
2276 3631 2644 3704 ἀληθέστερόν
2667 3634 2785 3686 ἔστι
2814 3634 2910 3688 καὶ
2934 3636 3050 3698 τοῖς
3101 3636 3210 3706 πρὸ
3243 3637 3414 3706 ἡμῶν
3469 3631 3738 3703 ἐκκριθὲν,

2165 3725 2387 3796 πνεῦμα
2446 3725 2586 3779 Θεοῦ
2643 3726 2707 3779 τὸ
2752 3727 2908 3796 ἅγιον
2961 3727 3203 3797 είρηται,
3262 3727 3414 3797 (οὐδὲ
3463 3727 3574 3796 γὰρ
3619 3721 3740 3777 ἄλλο

2163 3820 2316 3890 παρὰ
2347 3821 2416 3889 τῇ
2445 3819 2634 3890 Γραφῇ
2663 3817 2890 3887 Πνεῦμα
2907 3819 3043 3873 Θεοῦ
3073 3818 3411 3886 ὀνομάζεται
3440 3818 3472 3889 ἢ
3499 3817 3560 3869 τὸ
3592 3814 3738 3881 ἅγιον

2161 3913 2224 3966 τὸ
2251 3912 2352 3983 τῆς
2407 3912 2559 3976 θείας
2605 3911 2699 3966 καὶ
2762 3912 3038 3982 μακαρίας
3069 3911 3303 3982 Τριάδος
3350 3911 3738 3981 συμπληρωτι-

2163 4003 2305 4071 κὸν),
2337 4002 2432 4056 καὶ
2457 4001 2663 4071 ταύτην
2678 4000 3142 4072 -ηπροσδεξὰμενος
3201 3999 3301 4070 τὴν
3343 4002 3587 4055 διάνοιαν
3619 3993 3730 4062 pel-

2163 4095 2294 4156 ζονα
2317 4093 2416 4163 τὴν
2440 4092 2537 4146 ἀπ’
2569 4094 2738 4162 αὐτῆς
2771 4092 3041 4159 ὠφέλειαν
3075 4093 3358 4163 εὑρήσεις.
3408 4089 3731 4158 Ἐπεφέρετο

2163 4184 2272 4255 γὰρ
2318 4185 2378 4238 τὸ
2407 4184 2648 4256 πνεῦμα,
2681 4185 2935 4255 καθάπερ
2977 4184 3149 4254 Σύρος
3177 4201 3263 4248 τις
3309 4186 3496 4254 ἔλεγε,
3527 4183 3732 4247 θαυμα-

2163 4283 2290 4344 στὸς
2364 4280 2524 4351 ἀνὴρ,
2581 4283 2704 4336 ἀντὶ
2777 4281 2897 4344 τοῦ,
2954 4280 3231 4333 ἑπέθαλπε
3306 4283 3406 4336 καὶ
3453 4277 3732 4344 ἐζωογόνει

2160 4374 2262 4443 τὴν
2335 4373 2444 4426 τῶν
2504 4373 2714 4426 ὑδάτων
2782 4373 2946 4442 φύσιν
3016 4378 3161 4426 κατά
3219 4372 3320 4442 τὴν
3381 4372 3570 4426 εἰκόνα
3636 4367 3730 4432 τῆς

2162 4464 2526 4536 έπωαζούσης
2591 4466 2802 4536 δρνιθν)ς
2870 4466 2964 4520 καὶ
3034 4463 3276 4534 ζωτικήν
3332 4479 3454 4518 τινα
3509 4459 3728 4523 δύναμιν

485 4552 593 4603 vim
648 4551 951 4620 quamdam
999 4552 1218 4607 vitalem
1249 4551 1515 4606 indentis.
1549 4551 1669 4618 Quo
1715 4551 1839 4621 ipso
1887 4551 2054 4605 etiam

2167 4555 2410 4624 ὲνιούσης
2455 4559 2569 4618 τοῖς
2631 4556 3124 4622 ὑποθλλπομένοις,
3183 4555 3261 4616 ὡς
3327 4552 3579 4607 ἐντεῦθεν
3635 4563 3726 4598 σει·

488 4641 783 4708 perspicue
826 4648 1296 4695 commonstratur
1341 4638 1604 4708 Spiritum
1643 4647 1893 4702 sanctum
1925 4654 1994 4694 ne
2024 4655 2055 4693 a

483 4747 664 4785 rerum
697 4733 924 4803 quidem
961 4731 1374 4788 condendarum
1399 4730 1659 4786 facultate
1687 4730 1936 4786 destitui.

553 4910 614 4965 Et
670 4921 882 4967 tantum
931 4910 1156 4983 quidem
1203 4911 1273 4968 de
1330 4909 1597 4981 piscibus.
1649 4908 1805 4966 Nunc
1868 4924 2054 4966 rerum

482 5005 590 5076 40
633 5006 769 5060 ordo
818 5006 1000 5076 poscit
1054 5015 1116 5061 ut
1175 5005 1244 5060 de
1299 5002 1614 5059 volucribus
1652 5001 1818 5058 etiam
1880 5017 2056 5074 pauca

377 5167 388 5173 ,Δ
481 5112 1005 5162 counuemoremus,
1027 5112 1150 5166 quae
1177 5107 1234 5152 et
1256 5097 1375 5168 ipse
1401 5111 1559 5150 suum
1591 5105 1770 5152 ortum
1803 5112 1870 5152 ex
1898 5096 2057 5167 aquis

482 5188 815 5241 habuerunt.
874 5187 1244 5253 Quamobrem
1277 5180 1280 5187 ί
1313 5196 1369 5244 et
1439 5189 1764 5259 cognatione
1819 5191 2056 5260 quadam

483 5278 794 5346 ttutntiliuut
827 5287 1109 5334 tenentur.
1142 5278 1355 5350 Quippe
1383 5281 1848 5350 quemadmodum
1877 5281 2059 5352 pisces

483 5371 536 5424 in
567 5371 725 5440 aquis
751 5372 1022 5443 degentes
1036 5387 1340 5443 pennarum
1367 5373 1664 5444 agitatione
1698 5377 2061 5446 progrediun-

485 5471 594 5523 tur,
645 5471 702 5516 et
747 5462 984 5518 diversis
1028 5465 1218 5519 caudae
1267 5467 1510 5520 motibus
1557 5476 1671 5521 tum
1733 5468 2058 5523 inﬂexiones

485 5563 600 5605 tum
648 5553 888 5609 directos
933 5571 1130 5611 cursus
1181 5559 1561 5621 moderantur,
1592 5559 1671 5614 sic
1719 5568 1773 5613 et
1804 5561 2056 5616 volucres

487 5643 675 5698 videre
709 5655 793 5699 est.
836 5647 1112 5718 consimili
1148 5650 1386 5719 quodam
1417 5649 1582 5705 modo
1613 5650 1736 5705 suis
1774 5651 1876 5706 alis
1927 5667 2056 5706 aera

486 5737 793 5803 pervolare.
851 5737 916 5792 Et
961 5741 1202 5810 gaudent
1259 5741 1422 5812 aquis
1469 5742 1724 5798 volucres
1765 5757 2056 5814 pmptcrea

485 5825 632 5895 quod
663 5844 728 5884 ex
770 5830 928 5900 aquis
962 5840 1096 5889 ortae
1125 5834 1256 5889 sint.
1295 5835 1408 5892 lioc
1443 5835 1560 5890 solo
1589 5835 1849 5890 ditiorum
1887 5855 1914 5889 a
1949 5840 2055 5909 pis-

2160 4647 2278 4716 φῶς
2358 4647 2781 4701 ἀποδείκνυσθαι
2869 4648 2952 4700 ὅτι
3027 4646 3149 4699 οὐδὲ
3217 4645 3319 4715 τῆς
3403 4647 3720 4713 δημιουργι-

2158 4735 2265 4806 κῆς
2335 4738 2620 4810 ἐνεργείας
2679 4740 2741 4791 τὸ
2801 4738 3026 4808 Πνεῦμα
3099 4740 3160 4792 τὸ
3215 4739 3375 4807 ἅγιον
3437 4735 3723 4790 ἀπνιλείπε·

2156 4843 2268 4882 ται.
2326 4847 2344 4879 ι

2231 4922 2341 4975 Kal
2375 4920 2614 4975 τοσαῦτα
2678 4922 2779 4992 μὲν
2812 4921 2944 4989 περὶ
2977 4923 3086 4975 τῶν
3141 4922 3360 4994 ἰχθύων.
3409 4917 3714 4978 ’Δκόλουθον

2159 5012 2206 5068 δ’
2235 5013 2301 5067 ἃν
2335 5015 2420 5083 είη
2455 5013 2549 5066 καὶ
2585 5015 2715 5084 περὶ
2755 5013 2867 5066 τῶν
2921 5013 3186 5068 πετεινῶν
3222 5015 3383 5084 όλίγα
3414 5010 3714 5080 διεξελθεῖν,

2158 5107 2245 5160 ὅτι
2280 5106 2570 5160 καὶταῦτα
2594 5105 2653 5174 ἐξ
2704 5105 2916 5160 ὑδάτων
2961 5107 3062 5178 τὴν
3096 5108 3310 5175 γένεσιν
3349 5107 3572 5178 ἔσχηκε.
3620 5099 3711 5153 Διά

2159 5196 2268 5266 γὰρ
2296 5195 2454 5248 τοῦτο
2476 5197 2572 5249 καὶ
2601 5195 2896 5264 συγγένειά
2929 5213 3015 5261 τις
3061 5197 3325 5267 πρόσεστι
3355 5197 3558 5256 τούτοις
3585 5189 3712 5260 πρὸς

2159 5290 2230 5341 τὰ
2255 5289 2454 5357 νηκτὰ.
2483 5288 2593 5342 Kal
2615 5291 2725 5359 7&9
2759 5288 2953 5361 ὥσπερ
3001 5289 3053 5342 οἱ
3102 5288 3284 5360 ἰχθύες
3336 5289 3396 5342 τδ
3453 5286 3594 5354 ὕδωρ
3633 5279 3713 5332 τέ·

2164 5393 2381 5447 μνουσι,
2411 5378 2477 5446 τῇ
2513 5375 2615 5445 μὲν
2637 5376 2855 5447 κινήσει
2889 5377 2998 5431 τῶν
3024 5376 3315 5446 πτερύγων
3346 5377 3424 5437 είς
3445 5372 3506 5427 τὸ
3537 5367 3712 5437 πρόσω

2161 5469 2491 5541 χωροῦντες,
2526 5472 2591 5539 τῇ
2618 5469 2674 5522 δὲ
2706 5469 2800 5523 τοῦ
2827 5469 3052 5541 οὐραίου
3089 5471 3362 5542 μεταϐολῇ
3396 5468 3492 5528 τὰς
3518 5481 3575 5516 τε
3621 5473 3711 5510 πε-

2164 5563 2463 5634 ριστροφὰς
2495 5564 2590 5616 καὶ
2619 5563 2718 5626 τὰς
2746 5563 2961 5627 εὐθείας
2995 5563 3172 5633 ὁρμὰς
3201 5563 3414 5626 ἑαυτοῖς
3452 5551 3708 5614 οίακίξονο

2161 5672 2271 5716 τες,
2304 5654 2448 5707 οὕτω
2476 5655 2570 5709 καὶ
2594 5655 2689 5709 ἐπὶ
2735 5657 2841 5709 τῶν
2872 5655 3093 5724 πτηνῶν
3126 5655 3274 5708 ἐστιν
3305 5654 3433 5708 ίδετν
3479 5650 3710 5710 διανηκ⁰’

2166 5749 2342 5816 μένων
2374 5748 2467 5799 τὸν
2484 5748 2618 5817 ἀέρα
2646 5751 2754 5810 τοῖς
2784 5750 3002 5818 πτεροῖς
3021 5749 3164 5802 κατὰ
3178 5748 3270 5802 τὸν
3296 5749 3479 5818 ὅμοιον
3501 5736 3706 5808 τρόπον’

2164 5843 2288 5894 Ὅτι
2319 5841 2372 5894 δὲ
2406 5841 2464 5907 ἐξ
2496 5842 2702 5896 ὑδάτων
2769 5845 2879 5905 τοῖς
2941 5845 3210 5906 πετεινοῖς
3273 5845 3305 5914 ἡ
3368 5839 3596 5912 γένεσιῶ
3630 5822 3707 5878 διὰ
