4008 6432
229 389 292 453 9'7
605 382 612 385 ’
1498 378 1807 442 ANNALH

1943 378 2136 440 PARS
2171 377 2224 442 Ῑ.
3418 383 3486 446 93
3526 441 3532 450 ,

228 504 382 561 τοῦτο
414 502 512 558 καὶ
541 498 718 556 ταῦτα
753 498 926 555 πάντα
961 498 1076 564 τοῖς
1113 497 1270 553 ὕδασι
1320 497 1612 570 χαίρουσι·
1654 496 1797 566 πλήν

1913 495 2110 562 scibus,
2130 496 2276 568 quod
2308 495 2454 552 nulla
2486 495 2720 568 pedibus
2748 505 2951 565 careat,
2987 500 3208 570 quando
3237 501 3307 557 de
3341 512 3486 558 terra

229 618 292 671 γε
318 602 402 654 ὅτι
431 597 588 650 οὐδὲν
621 595 731 648 τῶν
761 593 982 665 πτηνῶν
1025 593 1199 648 ἄπουν
1249 593 1340 646 διὰ
1398 593 1461 646 τὸ
1504 591 1641 646 πᾶσι
1699 589 1822 658 τὴν

226 693 436 746 δίαιταν
461 689 572 745 ἀπὸ
603 688 704 760 τῆς
758 687 861 757 γῆς
917 685 1210 757 ὑπάρχειν.
1261 684 1372 738 Καὶ
1404 683 1585 737 πάντα
1628 682 1801 749 ἀναγ-

226 785 426 848 καίωςο
466 785 578 847 τοῖς
617 782 716 852 μὲν
759 786 868 850 γὰρ
899 779 1265 850 άρπακτικοίς
1294 777 1434 847 πρὸς⁵
1470 776 1569 846 τὴν
1620 775 1800 844 ἄγραν

224 877 282 932 at
308 875 416 929 τῶν
440 873 651 944 ὀνύχων
665 870 866 942 ἀκμαί,
893 873 1009 933 τοῖς
1061 869 1120 923 δὲ
1168 869 1376 933 λοιποῖς
1431 864 1798 943 [ἀναγκαίως]

224 968 362 1039 πρὸς
389 967 490 1036 τὴν
522 964 616 1018 τοῦ
649 963 764 1035 βίου
795 962 1138 1032 διεξαγωγὴν
1174 962 1207 1033 ἠ
1269 961 1378 1015 τῶν
1427 961 1606 1016 ποδῶν
1659 963 1802 1030 ὑπτι-

224 1059 384 1132 ρεσία
414 1057 739 1129 δεδώρηται.
773 1054 974 1122 Ὀλίγοι
1001 1054 1058 1108 δὲ
1090 1055 1200 1107 τῶν
1227 1053 1462 1125 ὀρνίθων
1497 1052 1803 1116 κακόπδὲς

225 1156 386 1219 είσιν,
421 1150 548 1205 οὔτε
581 1151 822 1222 βαδίζειν
857 1149 986 1203 οὔτε
1017 1149 1275 1222 ἀγρεύειν
1317 1148 1431 1210 τοῖς
1465 1149 1624 1200 ποσὶν
1677 1148 1800 1200 ἐπι-

224 1249 452 1319 τήδειοι,
477 1247 555 1310 ὡς
579 1245 640 1300 αι
667 1244 936 1314 χελιδόνες
981 1243 1078 1296 καὶ
1108 1245 1166 1296 at
1201 1242 1526 1312 δρεπανίδες
1572 1241 1802 1310 λεγόμε-

222 1356 331 1404 ναι,
365 1334 505 1408 οἷςή
539 1337 715 1408 τροφὴ
742 1335 852 1391 ἀπὸ
893 1335 1003 1389 τῶν
1048 1337 1106 1389 ἐν
1138 1334 1215 1406 τῷ
1243 1332 1371 1404 ἀέρι
1403 1333 1802 1404 ἐμφερομένων

224 1429 600 1497 ἐπινενόηται.

298 1520 547 1589 Πρόσεχε
585 1518 790 1573 λοιπόν.
826 1515 994 1586 Ἀλλη
1045 1515 1142 1570 καὶ
1183 1517 1292 1590 γὰρ
1331 1515 1649 1588 κατασκευὴ
1683 1518 1801 1580 τοῖς

225 1610 623 1680 σπερμολόγοις
647 1610 858 1679 ὄρνισι,
913 1609 1008 1662 καὶ
1069 1608 1206 1675 ἄλλη
1245 1612 1358 1671 τοῖς
1404 1609 1802 1680 σαρκοϐόροις,

223 1702 301 1769 τῷ
358 1701 546 1772 τρόπῳ
591 1702 690 1770 τῆς
747 1701 956 1770 διαίτης
1008 1701 1192 1754 αὐτῶν
1235 1703 1548 1772 πρέπουσα,
1597 1701 1806 1772 ὀνύχων

221 1793 403 1860 ἁκμαὶ
449 1793 544 1844 καὶ
595 1791 772 1862 χεῖλος
832 1791 1070 1858 ἀγκύλον
1123 1792 1222 1845 καῖ
1270 1792 1470 1862 πτερὸν
1505 1791 1628 1856 ὀξὺ,
1661 1791 1802 1844 ῶστε

224 1857 322 1936 καῖ
363 1857 740 1953 συλληφθηναι
769 1882 968 1954 ῥᾳδίως
995 1882 1054 1935 τὸ
1089 1883 1338 1953 θήραμα.
1372 1857 1612 1954 Διὰ-γὰρ
1645 1881 1806 1938 τοῦτο
1837 1857 1878 1912 Β

221 1979 318 2032 καὶ
351 1976 706 2046 σκληρότεροι
749 1975 860 2029 τῶν
889 1975 1045 2039 ζώων
1084 1977 1132 2030 oi
1171 1975 1363 2046 ὄνυχες
1391 1976 1424 2047 ἢ
1455 1976 1550 2030 τοῦ
1598 1974 1809 2047 ἀνθρώ-

223 2086 326 2123 που
359 2085 376 2102 °
439 2067 859 2139 μαλθακώτεροι
931 2069 1027 2122 καὶ
1096 2070 1204 2138 γὰρ
1255 2063 1404 2122 οὗτοι
1467 2068 1546 2139 τῷ
1597 2067 1809 2140 ἀνθρὼ-

228 2181 313 2233 πῳ
357 2161 910 2230 κατεσκευάσθησαν,
942 2160 1025 2214 ὅτι
1054 2176 1115 2212 τε
1155 2161 1249 2214 καὶ
1300 2162 1358 2214 τὸ
1402 2161 1580 2231 δέρμα
1617 2161 1807 2213 τούτου

232 2254 675 2325 μαλθακώτερον,
722 2253 816 2322 ἀφ’
864 2248 926 2307 οὗ
979 2255 1076 2308 καὶ
1127 2256 1176 2308 οί
1227 2253 1417 2324 ὄνυχες
1455 2254 1554 2324 τὴν
1591 2253 1806 2322 γένεσιν

230 2348 431 2416 ἔχουσι,
477 2346 574 2400 καὶ
612 2347 694 2399 ὅτι
727 2347 865 2415 πρὸς
894 2346 996 2416 τὴν
1041 2348 1236 2417 χρῆσιν
1264 2347 1482 2418 ἑκάστῳ
1510 2346 1616 2400 τῶν
1648 2345 1806 2410 ζώων

231 2441 264 2508 ἡ
302 2456 362 2492 τε
411 2437 716 2508 σκληρότης
753 2438 861 2491 τῶν
893 2438 1103 2508 ὀνύχων
1153 2439 1247 2492 καὶ
1279 2440 1314 2510 ή
1350 2439 1699 2510 μαλθακότης
1722 2438 1806 2492 δε-

233 2531 497 2604 δώρηται.
535 2529 699 2583 Ἀλλὰ
744 2532 839 2584 καὶ
884 2529 993 2582 τῶν
1025 2530 1264 2600 ’πτηνῶν
1311 2531 1381 2584 τὰ
1440 2531 1540 2601 μὲν
1595 2530 1807 2601 ἄναρχά

240 2625 338 2676 εἱσι
372 2623 466 2676 καὶ
485 2617 597 2676 οἷον
625 2622 919 2691 αὐτόνομα,
951 2624 1017 2676 τὰ
1055 2622 1113 2676 δὲ
1160 2622 1249 2690 ὑφ’
1279 2623 1510 2692 ἡγεμόνι
1544 2621 1805 2691 τετάχθαι

238 2713 656 2784 καταδεχόμενα,
685 2714 762 2776 ὡς
798 2713 848 2765 οί
883 2714 1126 2784 γέρανοι.
1152 2712 1308 2767 Ἀλλὰ
1336 2714 1430 2766 καὶ
1460 2713 1518 2766 αἱ
1552 2712 1805 2784 μέλισσαι

241 2805 335 2857 ὑπὸ
371 2804 582 2874 βασιλεῖ
628 2805 725 2860 καὶ
762 2806 1044 2876 ταξιάρχῳ
1099 2808 1209 2860 τινὶ
1246 2805 1356 2860 τῶν
1389 2805 1570 2875 ἔργων
1603 2806 1808 2860 ἆπτον-

241 2911 342 2960 ται,
379 2894 440 2947 οὐ
473 2895 738 2966 πρότερον
777 2894 870 2948 ἐπὶ
907 2897 1031 2958 τοὺς
1062 2892 1338 2963 λειμῶνας
1375 2892 1551 2946 ἐλθεῖν
1581 2891 1808 2945 καταδε-

243 2986 480 3056 χόμεναι,
545 2986 677 3052 πρὶν
734 2985 803 3039 ἂν
837 2984 988 3038 ἴδωσι
1046 2984 1139 3036 τὸν
1167 2983 1403 3054 βασιλέα
1458 2982 1810 3054 κατάρξαντα·

245 3078 333 3146 τῆς
371 3079 641 3149 πτήσεως.
677 3077 753 3132 Οὐ
793 3077 1172 3148 χειροτονητὸς
1234 3076 1293 3130 δὲ
1346 3071 1500 3141 οὗτος
1526 3115 1543 3142 ,
1595 3076 1714 3130 ἀλλ’
1741 3078 1807 3130 ἐκ

247 3167 452 3234 φύσεως
491 3169 630 3238 ἔχων
669 3170 731 3222 τὸ
774 3171 916 3224 κατὰ
964 3168 1183 3223 πάντων
1229 3171 1520 3239 πρωτεῖον,
1577 3171 1672 3224 καὶ
1707 3187 1805 3240 μευ
1830 3197 1875 3260 C

245 3260 383 3327 γέθει
427 3261 698 3331 διαφέρων
756 3262 848 3315 καὶ
905 3262 1148 3332 σχήματι
1203 3263 1300 3318 καὶ
1356 3264 1421 3333 τῇ
1479 3261 1574 3315 τοῦ
1631 3261 1798 3334 ἤθους

245 3353 520 3421 πραότητι.
559 3353 716 3407 Ἐστι
756 3351 856 3422 μέν
905 3353 1012 3423 γὰρ
1050 3353 1277 3423 κέντρον
1305 3353 1384 3423 τῷ
1416 3353 1646 3423 βασιλεῖ,
1685 3355 1806 3408 ἀλλ’.

244 3447 298 3497 οὺ
325 3447 519 3517 χρῆται
549 3445 723 3515 τούτῳ
783 3445 918 3517 πρὸς
967 3445 1206 3517 ἄμυναν.
1254 3447 1432 3518 Νόμοι
1469 3447 1615 3511 τινές
1663 3449 1802 3501 εἰσιν

245 3529 380 3590 οὗτοι
409 3539 506 3607 τῆς
534 3537 749 3607 φύσεως
794 3539 1068 3608 ἄγραφοι,
1121 3538 1326 3609 ἀργοὺς
1373 3533 1516 3592 εἶναι
1558 3538 1692 3608 πρὸς
1718 3557 1802 3592 τις·

248 3629 446 3698 μωρίαν
470 3631 594 3692 τοὺς
609 3629 717 3684 τῶν
743 3629 1016 3700 μεγίστων
1039 3627 1368 3684 δυναστειῶν
1394 3627 1800 3692 ἐπιὸαίνοντας.

245 3718 392 3774 οὕτω
423 3720 522 3787 μὲν
563 3721 619 3774 al
657 3719 738 3788 τῷ
761 3719 856 3773 τοῦ
880 3718 1140 3790 βασιλέως
1174 3719 1536 3789 ὑποδείγματι
1562 3718 1640 3790 μὴ
1671 3720 1804 3773 άκο·

242 3810 524 3865 λουθοῦσαι
553 3814 621 3881 τῇ
652 3809 748 3865 τοῦ
781 3813 1010 3882 κέντρου
1045 3811 1231 3882 πληγῇ
1281 3810 1800 3878 ἐναποθνήσκουσιν,

241 3903 357 3968 ἄξια
386 3903 483 3974 τῆς
513 3904 725 3958 ἑαυτῶν
749 3903 1029 3974 ὠμότητος
1056 3905 1412 3972 εύρίσκουσαι
1434 3902 1503 3956 τὰ
1524 3904 1800 3974 ἐπίχειρα.

317 3997 475 4050 Ἀλλὰ
531 3999 624 4050 καὶ
653 3994 810 4050 τοῦτο
840 3995 1144 4066 θαυμάζειν
1173 3995 1344 4062 ἄξιον,
1382 3995 1500 4059 πῶς
1530 3994 1585 4050 αί
1634 3995 1800 4066 γέρα-

244 4104 315 4139 νοι
338 4088 434 4151 τὰς
458 4089 518 4140 ἐν
559 4089 808 4158 τῇινυκτὶ
835 4088 1192 4157 προφυλακὰς
1227 4091 1290 4141 ἐκ
1323 4089 1628 4159 περιτομῆς
1659 4088 1804 4140 ὑπο-

240 4175 502 4246 δέχονται,
535 4177 628 4229 καὶ
659 4177 714 4229 αί
754 4175 854 4246 μὲν
881 4176 1261 4243 καθεύδουσιν,
1294 4178 1350 4231 αί
1395 4177 1453 4232 δὲ
1490 4175 1675 4246 κύκλῳ
1709 4191 1806 4228 πε-

246 4269 469 4336 ριιοῦσαι
504 4270 692 4322 πᾶσαν
722 4269 914 4333 αὑταῖς
950 4271 1009 4324 ἐν
1041 4269 1118 4340 τῷ
1165 4269 1318 4340 ὕπνῳ
1365 4271 1670 4340 παρέχουσι
1703 4270 1803 4340 τὴν

243 4361 562 4429 ἀσφάλειαν.
608 4357 740 4414 Εἶτα
787 4361 882 4414 τοῦ
915 4362 1115 4434 καιροῦ
1149 4364 1248 4432 τῆς
1278 4364 1530 4432 φυλακῆς
1559 4365 1803 4432 πληρου-

244 4452 426 4518 μένου,
457 4455 490 4522 ἡ
528 4453 628 4521 μὲν
657 4452 902 4524 βοήσασα
931 4455 1068 4523 πρὸς
1092 4453 1260 4509 ὕπνον
1287 4456 1524 4526 ἐτράπη,
1554 4456 1588 4526 ἡ
1617 4455 1675 4508 δὲ
1705 4455 1804 4524 τὴν

1906 588 2114 643 victum
2155 595 2347 658 petere
2383 600 2678 660 coguntur,
2709 599 2766 646 et
2815 606 3010 647 omnes
3043 595 3356 650 necessario
3387 613 3482 668 pe-

1903 679 2036 735 dum
2069 680 2433 736 adminiculis
2479 681 2753 753 indigent.
2802 683 2936 738 Nam
2971 686 3264 754 rapacibus
3297 687 3364 742 ad
3397 703 3500 743 (ια--

1903 770 2161 841 piendam
2189 770 2430 840 praedam
2464 787 2678 844 ungues
2709 774 3111 829 accommodati
3138 786 3292 842 sunt,
3325 787 3488 834 caztc-

1904 859 1981 913 ris
2007 860 2076 914 ad
2110 861 2506 916 sustinendam
2557 866 2855 934 caateroqui
2889 867 3053 920 vitam
3091 868 3295 938 pedum
3353 883 3488 925 usus

1901 962 1988 1008 est
2017 968 2338 1010 concessus.
2376 955 2676 1026 Perpaucis
2719 958 2894 1028 pedes
2940 959 3082 1015 male
3132 972 3263 1017 sunt
3301 964 3488 1018 allecti

1902 1055 2070 1117 atque
2103 1047 2343 1115 debiles,
2405 1049 2480 1104 ita
2518 1057 2577 1104 ut
2624 1065 2727 1106 nec
2799 1051 3065 1109 incedere
3132 1070 3234 1110 nec
3297 1058 3485 1112 venari

1903 1138 2208 1208 quidquam
2257 1139 2495 1210 pedibus
2543 1144 2778 1211 possint,
2832 1142 2889 1197 in
2952 1159 3065 1214 quo
3114 1161 3316 1216 genere
3359 1160 3490 1203 sunt

1904 1231 2236 1288 hirundines
2273 1242 2330 1287 et
2376 1249 2500 1302 quae
2532 1234 2748 1288 lalculte
2794 1236 2914 1290 sive
2947 1237 3168 1306 ripariae
3200 1238 3486 1304 dicuntur,

1903 1339 2026 1394 quae
2087 1338 2191 1393 pro
2248 1324 2511 1380 alimento
2569 1336 2869 1380 vescuntur
2932 1327 3158 1384 insectis
3209 1346 3311 1398 per
3358 1346 3487 1387 acra

1903 1417 2240 1472 volantibus.

1973 1510 2361 1565 Animadverte
2433 1525 2600 1581 porro
2643 1521 2980 1568 structuram
3050 1513 3214 1568 aliam
3267 1513 3488 1570 illarum

1905 1603 2086 1656 avium
2128 1618 2274 1665 esse,
2303 1618 2429 1672 quae
2461 1603 2674 1659 semina
2705 1605 2916 1675 legunt,
2973 1606 3138 1660 aliam
3169 1609 3492 1664 earuivora-

1907 1710 2051 1760 rum,
2081 1695 2252 1749 victui
2285 1695 2499 1751 scilicet
2529 1708 2720 1750 earum
2744 1699 3244 1755 accommodatam.
3276 1700 3492 1756 [labent

1905 1787 2054 1841 enim
2088 1797 2385 1857 peracutos
2417 1802 2646 1858 ungues,
2677 1801 2918 1844 rostrum
2938 1790 3240 1856 aduncum,
3275 1794 3492 1849 celeres

1910 1878 2044 1942 alas,
2073 1890 2132 1932 ut
2162 1879 2396 1947 pmdam
2452 1882 2735 1950 corripere
2791 1882 3050 1936 celeriter
3089 1883 3323 1952 possint.
3370 1885 3489 1951 Qua

1910 1970 2131 2040 quidem
2164 1971 2281 2040 ipsa
2306 1971 2375 2026 de
2403 1986 2570 2027 causa
2601 1971 2858 2027 duriores
2915 1973 3251 2030 animalibus
3281 1990 3493 2046 ungues

1911 2073 2044 2117 sunt
2074 2079 2236 2133 quam
2263 2063 2497 2126 homini,
2545 2065 2634 2120 cui
2678 2077 2807 2120 sunt
2838 2066 3063 2122 omnino
3095 2067 3396 2125 molliores.
3425 2067 3494 2122 Et

1909 2164 2126 2210 constat
2151 2165 2302 2210 certe
2326 2165 2508 2210 cutem
2542 2155 2788 2225 ejusdem
2811 2156 3174 2212 consimiliter
3203 2171 3324 2213 esse
3355 2159 3494 2212 mol-

1910 2249 2126 2315 liorem,
2165 2248 2234 2304 de
2271 2265 2378 2320 qua
2413 2265 2624 2322 ungues
2658 2250 2939 2316 oriuntur,
2971 2250 3211 2322 itemque
3257 2259 3364 2306 tam
3398 2251 3493 2307 du-

1912 2342 2095 2397 ritiem
2149 2357 2314 2412 quam
2377 2343 2666 2398 mollitiem
2724 2343 2992 2415 unguium
3042 2343 3378 2401 animalibus
3425 2361 3493 2401 ex

1913 2432 2158 2501 ipsorum
2195 2447 2300 2487 usu
2331 2432 2537 2488 datam.
2571 2433 2840 2488 Praeterea
2867 2434 3152 2488 volucrum
3185 2434 3306 2490 alia:
3339 2435 3493 2490 nullo

1913 2531 2177 2578 tenentur
2204 2523 2460 2593 imperio,
2496 2523 2861 2593 libertateque
2905 2524 3072 2579 veluti
3108 2524 3342 2595 quadam
3377 2525 3494 2580 fru-

1912 2624 2118 2682 untur;
2151 2616 2270 2670 alia:
2296 2615 2454 2670 ducis
2484 2616 2718 2686 imperio
2754 2616 3016 2686 subjectae
3038 2625 3188 2682 sunt,
3222 2626 3283 2672 ut
3305 2634 3492 2689 grues.

1910 2710 2057 2778 Apes
2087 2709 2252 2763 etiam
2287 2708 2390 2763 sub
2428 2724 2574 2778 rege,
2597 2723 2662 2763 ac
2692 2709 2950 2778 praefecto
2990 2709 3255 2779 quodam,
3293 2725 3493 2779 operas

1911 2815 2044 2855 suas
2079 2799 2400 2864 absolvunt,
2452 2814 2558 2854 nec
2584 2799 2739 2870 prius
2765 2800 2833 2853 ad
2866 2809 3025 2871 prata
3067 2802 3360 2856 convolare
3391 2816 3489 2857 so-

1910 2892 2026 2948 lent
2055 2909 2221 2963 quam
2255 2905 2437 2965 regem
2469 2893 2689 2948 initium
2724 2894 2981 2949 avolandi
3008 2893 3207 2950 fecisse
3261 2910 3493 2964 conspe-

1909 2985 2110 3040 xerint.
2163 2985 2356 3056 Neque
2411 3000 2596 3058 regem
2647 2985 2797 3040 hunc
2829 2985 3108 3055 sull'ragiis
3146 2987 3304 3052 quasi
3337 2987 3492 3042 delc-

1911 3087 2062 3132 ctum
2099 3077 2330 3143 habent,
2355 3080 2450 3132 sed
2486 3092 2513 3131 a
2539 3085 2737 3131 natura
2772 3075 2827 3131 in
2863 3079 3126 3132 omnibus
3154 3079 3488 3150 principem,

1909 3169 2267 3225 excellentem
2295 3177 2522 3224 caeteros
2552 3168 2948 3238 magnitudine,
2977 3168 3173 3232 forma,
3200 3178 3256 3224 et
3290 3170 3492 3228 indolis

1913 3271 2078 3330 atque
2108 3273 2323 3314 morum
2359 3259 2810 3314 mansuetudine.
2836 3259 2972 3313 Nam
3007 3260 3236 3314 stimulo
3267 3261 3492 3331 quidem

1912 3366 2007 3406 rex
2031 3350 2294 3421 praeditus
2314 3360 2421 3414 est,
2445 3364 2639 3405 verum
2657 3351 2723 3405 ad
2748 3350 3044 3405 vindictam
3061 3366 3129 3406 eo
3158 3368 3266 3407 non
3297 3353 3493 3412 utitur.

1915 3444 2060 3499 Sunt
2091 3444 2171 3498 ha:
2205 3444 2354 3514 leges
2382 3443 2632 3512 (praedam
2685 3457 2794 3497 non
2827 3443 3065 3512 scriptae,
3116 3447 3210 3500 sed
3256 3445 3328 3501 ab
3375 3448 3494 3518 ipsa

1912 3535 2172 3607 prolectat
2202 3546 2420 3598 natura,
2456 3543 2516 3588 ut
2543 3536 2639 3604 qui
2669 3537 2922 3591 maximis
2977 3535 3226 3608 imperiis
3268 3543 3494 3610 potiun-

1913 3642 2025 3695 tur,
2055 3629 2123 3684 ad
2158 3627 2500 3698 puniendum
2539 3627 2677 3681 tardi
2710 3628 2840 3682 sint.
2900 3630 2966 3684 Et
2998 3631 3224 3698 quidem
3273 3633 3318 3687 si
3366 3649 3492 3702 qua:

1913 3736 2046 3791 apes
2081 3715 2397 3788 exemplum
2449 3719 2592 3788 regis
2633 3717 2719 3772 sui
2769 3734 2880 3773 non
2934 3719 3246 3784 imitantur.
3311 3723 3493 3782 deum

1912 3813 2138 3869 stimulo
2164 3811 2327 3866 simul
2353 3811 2706 3865 emoriuntur
2731 3809 3005 3880 dignaque
3037 3810 3368 3868 crudelitate
3389 3829 3489 3870 sua

1914 3904 2138 3975 praemia
2172 3910 2615 3971 consequuntur.

1989 3997 2104 4051 Hoc
2137 3994 2301 4050 etiam
2331 4009 2434 4048 nos
2457 3993 2716 4050 admirari
2748 4009 2846 4064 par
2864 4005 2971 4059 est,
3001 4012 3112 4066 quo
3141 4009 3300 4069 pacto
3329 4017 3494 4072 grues

1916 4097 2216 4143 nocturnas
2245 4087 2510 4142 excubias
2559 4101 2654 4157 per
2685 4088 2837 4143 vices
2891 4087 3119 4154 obeant,
3179 4092 3310 4148 dum
3370 4096 3494 4151 alia:

1914 4181 2138 4251 quidem
2167 4180 2470 4246 dormiunt,
2497 4179 2624 4234 aliee
2668 4180 3067 4238 circumeundo
3115 4195 3398 4254 praestant,
3430 4197 3495 4243 ut

1917 4289 2109 4328 omnes
2133 4273 2202 4327 ab
2235 4273 2386 4328 onmi
2420 4273 2667 4344 periculo
2729 4289 2828 4343 per
2875 4276 3119 4343 quietem
3178 4289 3309 4334 tuue
3355 4281 3490 4337 sint.

1914 4366 2019 4438 41
2051 4365 2152 4421 Ubi
2187 4365 2382 4421 deinde
2417 4374 2634 4435 tempus
2665 4367 2931 4424 excubiis
2965 4371 3129 4425 unius
3157 4371 3493 4430 destinatum

1914 4459 2200 4531 praeteriit,
2249 4459 2493 4514 clamore
2542 4459 2632 4514 illa
2663 4461 2878 4514 sublato
2925 4477 2984 4516 se
3017 4465 3188 4533 quieti
3220 4466 3314 4522 dat
3351 4484 3365 4520 :
3419 4469 3492 4522 ibi

242 4545 484 4617 διαδοχὴν
519 4545 814 4617 δεξαμένη,
847 4543 915 4619 ἦς
946 4547 1138 4618 ἔτυχεν
1169 4548 1494 4617 ἀσφαλείας,
1523 4549 1620 4602 καὶ
1651 4548 1807 4601 ἀντέ-

1917 4561 2034 4605 tum
2065 4551 2236 4605 altera
2266 4550 2571 4605 succedens
2626 4551 2680 4604 in
2709 4551 2828 4622 ejus
2856 4552 3061 4620 locum,
3126 4571 3289 4624 quam
3343 4557 3494 4614 illius

240 4634 372 4689 δωκε
399 4639 521 4708 ταῖς
547 4636 784 4699 λοιπαῖς.
817 4636 972 4692 Οὕτω
1005 4641 1103 4707 μὲν
1134 4637 1228 4691 οὖν
1253 4643 1348 4693 καὶ
1368 4643 1428 4692 τὸ
1456 4640 1562 4693 τῶν
1595 4640 1804 4710 πελαρ-

240 4729 345 4795 γῶν
382 4730 463 4792 εἰς
511 4727 770 4800 ἔκπληξιν
823 4729 948 4797 ἄγει
986 4730 1196 4792 πάντας
1251 4730 1358 4784 τῶν
1401 4729 1805 4800 διαληφθέντων

243 4822 335 4874 οὐκ
384 4820 632 4876 ἔλασσον.
662 4821 891 4874 Ἐκεῖνοι
923 4824 1031 4892 γὰρ
1065 4822 1156 4875 τὸν
1189 4821 1398 4892 πατέρα
1434 4823 1538 4876 ὑπὸ
1577 4821 1668 4875 τοῦ
1701 4823 1804 4892 γή-

246 4929 362 4979 ρους
404 4913 894 4984 πτερορῥυήσαντα
939 4916 1294 4984 περιστάντες
1349 4918 1406 4968 ἐν
1459 4916 1645 4986 κύκλῳ
1690 4918 1804 4978 τοῖς

243 5001 456 5064 ιίκείοις
486 5004 706 5070 πτεροῖς
735 5002 1114 5064 διαθάλπουσι,
1147 5006 1244 5058 καὶ
1272 5005 1371 5068 τὰς
1401 5005 1606 5076 τροφὰς
1635 5004 1804 5075 ἀφθό-

244 5109 336 5155 νως
371 5094 914 5162 παρασκευάζοντες,
941 5095 1190 5165 βοήθειαν
1221 5095 1371 5165 αὐτῷ
1406 5096 1546 5150 κατά
1600 5112 1662 5163 γε
1706 5096 1807 5164 τὴν

246 5185 436 5253 πτῆσιν
479 5187 828 5256 παρέχουσιν,
869 5188 1052 5258 ἠρέμα
1091 5188 1170 5256 τῷ
1213 5188 1400 5258 πτερῷ
1451 5187 1805 5258 κουφίζοντες

247 5276 599 5345 ἑκατέρωθεν.
634 5279 742 5333 Καὶ
773 5279 942 5344 οὕτως
973 5283 1110 5334 πᾶσι
1133 5281 1292 5334 τοῦτο
1323 5282 1699 5352 διαϐεϐόηται,
1731 5281 1806 5346 ὼς

245 5368 483 5420 ἐντεῦθεν
523 5370 615 5422 κιί
665 5387 818 5434 τινας
863 5371 965 5440 τὴν
1017 5373 1128 5425 τῶν
1161 5369 1623 5444 εὐεργετημάτων
1657 5375 1806 5428 ἀντί-

243 5459 382 5512 ὼσιν
421 5459 714 5528 ὀνομάζειν
755 5465 1260 5536 ἀντιπελὰργωσιν.
1310 5467 1518 5536 Μηδεὶς
1574 5465 1666 5520 οὖν
1721 5468 1806 5519 διὰ

247 5558 430 5607 πενίαν
457 5555 554 5624 τὴν
583 5555 749 5608 αὑτοῦ
788 5559 1222 5624 ἁπογινωσκέτω
1249 5558 1417 5629 ζωήν.

308 5814 383 5866 Ti:
417 5815 473 5867 δὲ
519 5815 614 5883 τῆς
668 5819 934 5886 χελιδόνος
980 5807 1292 5892 εὐμήχανον
1326 5826 1442 5891 πῶς
1492 5829 1593 5884 οὐκ
1635 5830 1697 5886 ἄν
1725 5849 1808 5897 τις

486 5912 747 5970 Partum.
783 5915 897 5972 (in.
938 5913 1196 5978 CLVIII.

1915 4643 2184 4698 benelicio
2221 4651 2520 4696 consecuta
2548 4654 2654 4705 est,
2690 4645 2934 4713 quietem
2962 4647 3203 4702 vicissim
3263 4652 3492 4720 reliquis

1917 4744 2092 4789 tutam
2126 4744 2368 4804 praestat.
2392 4735 2678 4790 Consimili
2705 4738 2869 4791 modo
2903 4738 3242 4796 ciconiarum
3269 4759 3492 4816 quoque
3545 4777 3556 4782 α

1915 4828 2066 4882 natio
2098 4836 2330 4883 cunctos
2357 4829 2410 4882 in
2451 4827 2872 4884 admirationem
2907 4831 3071 4901 rapit,
3099 4833 3209 4900 jam
3239 4835 3495 4894 iudicatis

1916 4918 2060 4973 haud
2092 4917 2315 4973 cedens.
2348 4918 2480 4972 Nam
2515 4929 2751 4988 patrem,
2793 4922 2888 4990 qui
2935 4937 3046 4990 prae
3093 4927 3250 4981 senio
3285 4945 3494 4998 pennas

1914 5011 2122 5074 amisit,
2161 5010 2403 5079 undique
2426 5011 2852 5066 circumstantes
2884 5015 2988 5068 alis
3016 5017 3252 5086 propriis
3282 5019 3492 5089 fovent,

1914 5103 2238 5156 alimentum
2274 5103 2350 5155 illi
2380 5101 2605 5156 abunde
2641 5103 3019 5172 suppeditant,
3045 5117 3210 5179 atque
3237 5113 3402 5168 etiam
3437 5115 3490 5169 in

1917 5192 2102 5245 volatu
2129 5192 2344 5262 juvant,
2378 5191 2580 5246 leniter
2618 5207 2745 5245 cum
2779 5194 2849 5248 ab
2881 5207 3114 5267 utraque
3152 5213 3310 5268 parte
3361 5205 3494 5260 sub-

1915 5285 2183 5338 levantes.
2227 5282 2382 5348 Quod
2415 5283 2638 5353 quidcm
2688 5301 2865 5356 usque
2925 5290 3064 5344 adeo
3103 5293 3305 5360 passim
3343 5297 3491 5366 apud

1917 5389 2111 5430 omnes
2141 5375 2521 5445 pervulgatum
2547 5385 2654 5446 est,
2688 5388 2747 5432 ut
2781 5379 2886 5434 hac
2934 5380 3002 5437 de
3036 5396 3200 5440 causa
3243 5388 3491 5444 nonnulli

1919 5466 2432 5538 compensationem
2485 5470 2881 5530 beneﬁciorum
2939 5476 3216 5544 appellare
3249 5488 3493 5535 mutuam

1921 5555 2260 5614 cicohiarum
2322 5561 2583 5630 pietatem
2622 5564 3036 5620 consueverint.
3095 5566 3212 5631 Quo
3245 5570 3495 5638 exemplo

1921 5651 2136 5704 moneri
2179 5665 2282 5704 nos
2319 5651 2579 5706 convenit
2613 5669 2680 5708 ne
2712 5654 2834 5723 quis
2882 5655 2952 5708 ob
2999 5639 3378 5724 paupertatem
3427 5660 3495 5713 de

1921 5745 2030 5798 vita
2066 5743 2345 5812 desperet.

1991 5838 2066 5900 Et,
2086 5836 2212 5906 quis
2252 5852 2361 5892 non
2399 5838 2719 5896 hirundinis
2778 5840 3054 5896 solertiam
3111 5841 3488 5915 maximopere

3131 5935 3167 5994 lt
