4008 6436
525 407 594 469 99
1796 389 2208 451 MiCllAELlS
2244 387 2500 448 eum:

3657 389 3768 454 110‘

523 512 865 574 admiretur?
895 509 969 564 Ea
992 522 1114 565 cum
1143 504 1326 560 nidum
1373 501 1614 567 conﬁcit,
1673 501 1908 556 festucas
1966 499 2087 569 qui-

2211 497 2608 567 5περαγάσαιτο
2637 513 2653 562 ;
2684 495 2902 567 Ἐκείνη
2931 497 3039 566 γὰρ
3078 495 3175 566 τὴν
3211 496 3406 551 καλιὰν
3439 502 3740 572 πηγνυμένη

526 616 644 666 dem
673 607 931 667 collectas
957 616 1052 656 ore
1085 599 1299 670 profert
1332 615 1346 652 :
1380 601 1474 651 sed
1525 609 1652 649 cum
1691 593 1881 649 tollere
1908 593 2088 647 lutum

526 702 760 772 pedibus
788 702 1045 766 nequeat,
1078 705 1214 763 quos
1242 689 1309 744 ad
1337 687 1561 758 quasvis
1609 700 1804 756 operas
1863 699 2091 756 prorsus

525 793 742 861 ineptos
778 789 962 851 habet,
988 782 1250 839 extremis
1285 780 1496 834 alarum
1529 777 1780 848 partibus
1806 776 1861 830 in
1894 787 2089 845 aquam

526 884 734 948 tinctis,
771 895 834 935 ac
857 875 1058 933 deinde
1090 871 1520 929 minutissimum
1554 872 1610 924 in
1639 869 1924 938 pulverem
1959 879 2091 936 pro-

526 976 733 1038 voluta,
764 971 1036 1026 rationem
1068 963 1372 1036 usurpandi
1443 961 1542 1016 luti
1603 960 1900 1027 excogitat.
1956 956 2090 1011 Nam

523 1065 791 1138 paulatim
823 1059 1052 1116 festucis
1106 1058 1226 1112 luto
1273 1064 1532 1124 tanquam
1586 1051 1798 1122 glutino
1856 1046 2093 1119 quodam

523 1135 794 1229 colligatis
817 1153 1007 1209 nidum
1040 1147 1294 1214 exstruit,
1326 1153 1385 1200 et
1405 1143 1578 1214 pullos
1602 1143 1656 1196 in
1693 1155 1760 1196 eo
1808 1153 1937 1194 suos
1958 1135 2096 1192 edu-

526 1262 634 1308 cat.
662 1249 908 1316 Quorum
941 1245 987 1300 si
1015 1242 1140 1313 quis
1170 1238 1362 1293 oculos
1391 1233 1628 1298 amittat,
1660 1245 1822 1301 opem
1848 1243 1878 1282 a
1900 1233 2094 1282 natura

526 1342 796 1397 medicam
825 1336 1012 1400 habet,
1040 1347 1146 1400 qua
1178 1344 1274 1385 eos
1305 1325 1438 1382 fetui
1467 1339 1569 1378 suo
1597 1320 1861 1377 restituit.

601 1521 807 1576 Marina
836 1515 1085 1588 quaedam
1112 1509 1320 1565 avicula
1349 1515 1437 1560 est
1493 1499 1744 1558 halcedo.
1789 1498 1865 1551 Ea
1887 1497 2096 1552 brumas

533 1627 776 1684 tempore
806 1586 1031 1680 propter
1092 1605 1274 1658 littora
1328 1597 1596 1653 fetiticare
1631 1589 1938 1650 consuevit,
1977 1586 2097 1640 ovis

506 1711 585 1762 vin
621 1720 786 1759 arena
807 1678 1117 1759 collocatis,
1153 1707 1277 1748 cum
1309 1688 1499 1744 multis
1527 1699 1592 1740 ac
1614 1678 2038 1743 vehementibus
2064 1690 2096 1730 a

529 1798 713 1854 ventis
743 1807 896 1848 mare
928 1790 993 1844 ad
1027 1797 1226 1842 terram
1260 1780 1527 1836 alliditur.
1551 1776 1753 1831 Verum
1815 1784 1941 1825 mox
1980 1782 2098 1822 om-

532 1909 631 1949 nes
660 1889 806 1945 venti
839 1885 1124 1956 sapiuntur
1153 1889 1209 1934 et
1230 1877 1433 1932 fluctus
1451 1871 1649 1927 marini
1679 1866 2097 1938 conquiescunt.
2131 1838 2173 1894 Β

518 1985 666 2039 Τιιιη
697 1955 924 2035 halcedo
960 1983 1102 2029 totos
1130 1977 1339 2038 septem
1362 1965 1480 2020 dies
1537 1961 1655 2016 ovis
1703 1959 1822 2014 suis
1853 1955 2097 2017 incubat,

506 2089 766 2144 cumque
795 2067 1062 2138 temporis
1084 2060 1290 2132 aliquid
1343 2058 1409 2112 ad
1465 2053 1850 2111 educationem
1881 2061 2099 2118 quoque

532 2169 603 2222 sit
628 2136 998 2220 necessarium
1027 2199 1041 2222 ,
1079 2155 1198 2210 dies
1231 2151 1368 2206 alios
1419 2155 1652 2216 septem,
1707 2142 1907 2212 quibus
1965 2136 2100 2208 pulli

533 2254 787 2314 nonnihil
845 2257 1138 2309 crescant,
1211 2242 1394 2297 divina
1444 2237 1669 2306 largitas
1714 2233 1763 2287 ei
1823 2227 2098 2285 concedit.

531 2350 664 2416 Quae
696 2359 787 2400 res
818 2341 1052 2396 nautica
1083 2334 1160 2391 rei
1197 2332 1386 2404 peritis
1414 2335 1542 2383 nota
1581 2333 1680 2384 est.
1709 2321 1801 2392 qui
1836 2321 1955 2376 dies
1980 2319 2102 2372 illos

522 2435 869 2496 -llalcedonia
898 2437 1118 2486 vocant.

604 2615 854 2671 Tradunt
869 2619 1207 2666 etturturem
1230 2618 1258 2658 a
1283 2599 1523 2670 compari
1546 2597 1847 2668 seiunctam
1876 2592 1946 2647 ob
1970 2605 2100 2646 con-

530 2707 676 2782 jugis
708 2703 908 2776 prioris
943 2695 1262 2753 memoriam
1298 2692 1508 2746 nullius
1533 2687 1756 2743 alterius
1783 2684 2100 2740 societatem

534 2773 846 2854 admittere.
884 2792 1097 2847 Dictum
1127 2788 1231 2841 hoc
1261 2781 1588 2838 mulieribus
1615 2787 1756 2841 esto,
1789 2776 1916 2831 vita:
1944 2773 2104 2827 nimi-

533 2907 658 2948 rum
686 2888 862 2943 viduae
889 2884 1188 2956 puritatem
1226 2878 1299 2932 ab
1330 2875 1466 2946 ipsis
1532 2872 1700 2928 etiam
1755 2867 1937 2924 brutis
1977 2865 2100 2920 ani—

535 2981 812 3037 mentibus
842 2954 1111 3030 indecora:
1136 2968 1380 3040 plurium
1427 2965 1742 3034 nuptiarum
1777 2954 2101 3029 appetitioni

537 3071 805 3146 praeferri.

609 3166 795 3230 Longe
829 3155 1182 3229 iniustissima
1207 3159 1294 3206 est
1326 3150 1381 3204 in
1404 3145 1729 3204 educatione
1762 3158 1874 3199 sua:
1899 3140 2104 3198 sobolis
2132 3175 2174 3231 ο

536 3255 740 3326 aquila.
775 3252 906 3308 Nam
939 3263 1061 3302 cum
1103 3245 1282 3316 pullos
1312 3241 1452 3297 duos
1477 3238 1754 3310 produxit,
1787 3235 2020 3290 alterum
2045 3233 2096 3286 in

543 3324 744 3401 terram
811 3341 1002 3412 dejicit
1053 3338 1263 3391 alarum
1295 3332 1620 3388 verberibus
1649 3336 1993 3399 protrusum,
2037 3324 2108 3378 ob

537 3435 883 3492 educationis
910 3430 1119 3486 scilicet
1143 3439 1416 3482 aerumnas
1436 3434 1600 3493 atque
1628 3418 1908 3475 molestias
1938 3417 2106 3471 fetum

541 3532 613 3585 ab
641 3544 701 3584 se
727 3534 1077 3596 procreatum
1109 3531 1418 3574 removens.
1448 3514 1555 3570 Sed
1604 3513 1874 3584 abiectum
1907 3509 2106 3578 phene,

543 3637 711 3695 quam
749 3617 1070 3686 ossifragam
1099 3613 1311 3676 dicunt,
1383 3607 1564 3678 perire
1614 3621 1724 3660 non
1770 3602 1904 3658 sinit
1939 3613 2107 3654 :nam

542 3691 822 3768 sublatum
881 3705 996 3760 suis
1058 3716 1182 3757 cum
1213 3699 1379 3770 pullis
1424 3696 1642 3752 educat.
1698 3691 1871 3760 Quem
1925 3698 2110 3744 autem

543 3805 750 3876 pullum
775 3802 888 3871 ipsa
918 3797 1026 3870 42
1062 3795 1160 3850 alit
1195 3791 1402 3863 aquila,
1461 3803 1652 3845 secum
1692 3783 1891 3840 deinde
1919 3780 2110 3844 sumit,

543 3874 601 3953 et
630 3898 772 3951 inter
800 3890 1093 3948 volandum
1145 3901 1271 3940 cum
1325 3899 1417 3948 eo,
1465 3881 1511 3936 si
1570 3879 1796 3949 quidem
1847 3874 2110 3929 audacter

545 4005 672 4045 aera
701 3992 979 4042 secantem
1005 3979 1192 4034 videat
1235 3992 1299 4031 ac
1358 3974 1491 4030 solis
1527 3959 1875 4042 splendorem
1939 3964 2115 4018 acutis

549 4084 902 4134 contuentem
945 4071 1142 4133 oculis,
1177 4079 1238 4124 ut
1270 4080 1430 4123 suum
1461 4063 1663 4118 retinet
1715 4067 1880 4128 atque
1909 4061 2113 4118 servat,

551 4171 632 4227 sin
667 4176 871 4232 autem,
905 4179 1006 4219 ceu
1039 4161 1288 4233 spurium
1325 4156 1536 4228 abiicit.

622 4261 667 4315 Ε
695 4257 975 4317 contrario
1004 4252 1250 4310 cornicis
1281 4264 1437 4306 amor
1465 4247 1521 4302 in
1555 4241 1799 4301 sobolem
1829 4235 2118 4310 praedicari

544 4361 817 4413 meretur,
841 4363 962 4418 quae
996 4345 1174 4416 pullos
1200 4343 1312 4414 jam
1336 4338 1587 4395 volantes
1614 4329 1980 4387 nihilominus
2019 4339 2117 4380 eos

549 4451 923 4506 consectatur,
965 4437 1160 4509 pascit,
1193 4445 1250 4490 et
1312 4439 1534 4501 longum
1589 4425 1722 4482 satis
1774 4422 1844 4477 ad
1897 4428 2115 4488 tempus

2194 588 2260 642 τὰ
2292 589 2392 658 μὲν
2426 587 2614 657 κάρφη
2645 587 2725 658 τῷ
2755 588 2980 656 στόματι
3009 588 3337 657 διακομίζει,
3366 587 3536 658 πηλὸν
3563 591 3616 643 δὲ
3643 595 3745 650 τοῖς

2198 680 2356 732 ποσὶν
2405 673 2536 747 ἆραι
2591 677 2666 748 μὴ
2724 677 2998 748 δυναμένη
3034 678 3424 749 (ἀνεπιτήδειοι
3469 679 3576 750 γάρ
3610 674 3744 735 οὗτοι

2195 769 2336 842 πρὸς
2362 769 2545 822 πᾶσαν
2575 768 2928 838 ὑπηρεσίαν),
2951 769 3018 822 τὰ
3041 768 3185 838 ἄκρα
3217 769 3325 824 τῶν
3364 787 3578 839 πτερων
3607 771 3746 826 ὕδατι

2195 862 2604 934 καταϐρέξασα,
2641 857 2762 915 εἶτα
2807 864 2875 932 τῇ
2922 861 3230 935 λεπτοτάτῃ
3264 861 3414 915 κόνει
3464 863 3745 934 ἐνειληοεῖ-

2200 972 2290 1017 σα,
2319 954 2496 1018 οὔτως
2525 956 2734 1009 ἐπινοεῖ
2761 951 2853 1008 τοῦ
2900 952 3075 1023 πηλοῦ
3105 953 3205 1025 τὴν
3253 954 3470 1025 χρείαή
3503 956 3596 1009 καὶ
3621 955 3751 1008 κατὰ

2197 1044 2394 1116 μικρὸν
2426 1043 2680 1113 ἀλλήλοις
2711 1043 2780 1096 τὰ
2805 1044 2991 1114 κάρφη
3021 1038 3132 1095 οἷον
3163 1043 3334 1113 κόλλῃ
3361 1043 3471 1096 τινὶ
3505 1043 3579 1110 τῷ
3608 1043 3752 1112 πηλῷ

2197 1135 2507 1204 συνδήσασα
2553 1135 2612 1188 έν
2664 1135 2802 1204 αὐτῇ
2843 1134 2970 1196 τοὺς
3031 1134 3306 1196 νεοττοὺς·
3340 1134 3614 1203 ἐκτρέφει.
3661 1128 3752 1187 ⁷ον

2195 1228 2293 1281 ἐάν
2321 1242 2407 1289 τις
2446 1225 2758 1296 ἐκκεντήσῃ
2794 1226 2864 1277 τὰ
2903 1225 3151 1294 ὕμματα,
3187 1224 3305 1294 ἔχει
3342 1225 3466 1279 τινὰ
3495 1226 3640 1295 παρὰ
3663 1225 3754 1294 τῆς

2197 1319 2413 1388 φύσεως
2442 1318 2698 1387 βοήθειαν
2735 1316 3006 1388 ἰατρικὴν,
3035 1316 3104 1370 δι’
3138 1313 3205 1388 ἧς
3241 1316 3379 1387 πρὸς
3412 1317 3601 1386 ὑγείαν
3627 1318 3752 1370 ἑπα-

2197 1411 2354 1480 νάγει
2393 1411 2501 1464 τῶν
2546 1409 2786 1478 ἐγγόνων
2815 1408 2913 1472 τὰς
2957 1408 3134 1476 ϐψεις.

2280 1503 2346 1557 Ἦ
2379 1503 2437 1556 δὲ
2473 1502 2686 1556 ἁλκυὼν
2715 1500 3002 1556 θαλάττιόν
3027 1501 3178 1554 ἐστιν
3209 1500 3422 1570 όρνεον.
3457 1499 3600 1568 Αὕτη
3635 1499 3752 1568 παρ’

2200 1595 2399 1656 αὐτοὺς
2433 1593 2563 1656 τοὺς
2611 1593 2892 1661 αἰγιαλοὺς
2924 1591 3207 1646 νοσσεύειν
3233 1592 3478 1660 πέφυκεν
3502 1593 3561 1644 έν
3593 1589 3756 1660 καιρῷ

2197 1684 2492 1765 χειμῶνος,
2532 1685 2620 1738 ἐπ’
2650 1684 2820 1754 αὐτῆς
2872 1683 2941 1736 τὰ
2990 1683 3073 1737 ὠὰ
3123 1683 3326 1754 θεμένη
3366 1686 3465 1754 τῆς
3514 1683 3750 1752 ψάμμου,

2199 1779 2289 1830 ὅτε
2324 1777 2540 1838 πολλοῖς
2572 1778 2664 1847 καὶ
2705 1775 2902 1845 βιαίοις
2950 1775 3173 1846 ἀνέμοις
3220 1777 3254 1846 ἠ
3289 1775 3535 1828 θάλασσα
3570 1777 3633 1846 τῇ
3686 1775 3751 1843 γῇ

2202 1871 2673 1942 προσαράσσεται.
2715 1868 2857 1924 Ἀλλ’
2883 1870 3035 1939 ὅμως
3090 1867 3434 1937 κοιμίςονται
3476 1867 3672 1930 πάντες
3710 1869 3753 1918 ot

2201 1965 2416 2033 ἄνεμοι,
2453 1961 2721 2033 ἡσυχάζει
2770 1961 2828 2014 δὲ
2866 1961 3017 2030 κῦμα
3068 1959 3385 2027 θαλάσσιον,
3424 1963 3511 2015 ὅτε
3554 1960 3755 2016 ἁλκυὼν

2204 2054 2469 2121 ὲπωάζει,
2500 2056 2598 2118 τὰς
2645 2053 2788 2107 ἑπτὰ
2823 2052 3070 2123 δηλονότι
3115 2054 3351 2124 ἡμέρας.
3388 2053 3541 2106 Ἐπεὶ
3586 2053 3641 2106 δι
3669 2053 3752 2106 καὶ

2202 2151 2410 2221 τροφῆς
2442 2149 2626 2210 αὑτοῖς
2665 2147 2846 2218 χρεία,
2883 2147 3049 2210 ἄλλας
3103 2145 3244 2200 ἑπτὰ
3273 2145 3487 2216 ἡμέρας
3513 2145 3644 2216 πρὸς
3665 2143 3754 2211 τὴν

2203 2241 2313 2294 τῶν
2340 2239 2572 2293 νεοττῶν
2621 2238 2850 2309 αὕξησιν
2885 2239 2913 2290 ὁ
2949 2234 3331 2308 μεγαλόδωρος
3358 2237 3494 2306 αὐτῇ
3520 2235 3751 2306 «παρέσχε

2203 2331 2357 2395 Θεός.
2391 2331 2556 2383 Ὥστε
2593 2330 2687 2382 καὶ
2731 2329 2988 2382 ναυτικοὶ
3022 2329 3225 2390 πάντες
3281 2329 3427 2380 ίσασι
3458 2325 3630 2389 τοῦτο,
3669 2326 3753 2378 καὶ

2205 2423 2578 2485 ἁλκυονίτιδας
2629 2420 2726 2484 τὰς
2781 2421 2994 2490 ἡμέρας
3055 2418 3272 2482 ὲκείνας
3335 2415 3755 2490 προσαγορεύου-

2206 2533 2313 2570 σιν.

2285 2607 2449 2662 Ἀλλὰ
2475 2606 2566 2660 καὶ
2598 2605 2696 2676 τὴν
2725 2605 2964 2675 τρυγόνα
3019 2603 3152 2674 φασὶ
3205 2599 3614 2673 διαζευχθεῖσάν
3641 2614 3754 2652 ποτε

2205 2701 2297 2754 τοῦ
2321 2700 2598 2771 ὁμόζυγος
2631 2699 2829 2769 μηκέτι
2860 2699 2999 2767 πρὸς
3027 2697 3216 2766 ἕτερον
3237 2692 3628 2764 καταδέχεσθαι
3655 2707 3755 2744 κοι-

2205 2793 2424 2857 νωνίαν,
2480 2796 2673 2864 μνήμῃ
2702 2791 2796 2846 τοῦ
2845 2790 2975 2845 ποτὲ
3013 2788 3430 2858 συζευχθέντος.
3471 2783 3753 2840 ’Δκουέτω-

2213 2901 2314 2938 σαν
2362 2885 2418 2938 αἱ
2454 2886 2715 2948 γυναῖκες
2770 2885 2918 2944 ὅπως
2967 2883 3030 2935 τὸ
3063 2880 3266 2949 σεμνὸν
3301 2879 3400 2950 τῆς
3427 2875 3645 2949 χηρείας
3670 2871 3754 2926 καὶ

2209 2977 2369 3048 παρὰ
2418 2980 2529 3039 τοῖς
2583 2978 2797 3045 ἀλόγοις
2833 2974 2927 3028 τοῦ
2961 2976 3018 3027 έν
3048 2976 3170 3037 ταῖς
3209 2971 3573 3041 πολυγαμίαις
3604 2968 3756 3034 ἀπρε·

2211 3045 2346 3130 ποῦς
2385 3069 2806 3138 προτιμότερον.
3711 3045 3721 3052 ”

2280 3158 2643 3222 Ἀδικὼτατος
2704 3158 2834 3227 περὶΙ
2891 3158 2991 3229 τὴν
3032 3157 3141 3211 τῶν
3194 3157 3440 3226 ἐγγόνων
3495 3151 3689 3224 τροφὴν
3732 3147 3756 3198 6

2212 3255 2390 3317 ἀετός.
2422 3253 2528 3306 Δύο
2575 3252 2685 3322 γὰρ
2717 3249 3004 3319 ἐξαγαγὼν
3041 3249 3321 3315 νεοσσοὺς,
3345 3249 3436 3303 τὸν
3467 3247 3646 3314 ἕτερον
3671 3241 3758 3294 αὑ-

2209 3347 2320 3399 τῶν
2354 3347 2436 3409 εις
2468 3345 2571 3414 γῆν
2616 3345 3038 3415 καταρρήγνυσι
3073 3343 3194 3405 ταῖς
3228 3330 3471 3410 πληγαῖς
3512 3341 3615 3392 τῶν
3645 3349 3757 3387 πτε-

2217 3438 2326 3507 ρῶν
2376 3437 2785 3506 ἀπωθούμενος,
2817 3435 2905 3488 διὰ
2949 3436 3010 3487 τὸ
3057 3436 3156 3501 τῆς
3185 3434 3398 3505 τροφῆς
3437 3434 3679 3484 ἐπίπονον
3705 3422 3757 3476 ὃν

2213 3530 2506 3598 ἐγέννησεν
2551 3525 3011 3595 ἀποποιοῦμενος.
3074 3523 3215 3577 Ἀλλ’
3257 3527 3362 3578 οὐκ
3412 3524 3474 3593 ἑᾷ
3519 3511 3759 3587 τοῦτονή

2213 3623 2356 3692 φήνη
2411 3619 2819 3689 διαφθαρῆναι,
2867 3618 2986 3671 ἀλλ’
3035 3617 3393 3671 ὑπολαϐοῦσα
3459 3611 3619 3666 αὑτὸν
3662 3604 3758 3663 τοῖς

2212 3711 2436 3775 οἰκείοις
2467 3711 2605 3780 αὐτὴ
2636 3710 2878 3772 νεοσσοῖς
2919 3707 3311 3779 συνεκτρέφει.
3350 3708 3446 3763 Ὃν
3481 3705 3535 3757 δὲ
3575 3697 3763 3771 κρατή·

2217 3821 2318 3868 σας
2352 3803 2647 3873 ὲκθρέψειν
2678 3800 2895 3856 νεοττὸν
2936 3803 2965 3855 ὁ
2997 3801 3180 3867 ἀετὸς,
3222 3800 3496 3868 λαμϐάνει
3531 3795 3619 3848 καὶ
3651 3807 3761 3843 συν·

2219 3897 2438 3952 ίπταται
2467 3894 2638 3965 αὐτῷ,
2661 3895 2757 3948 καὶ
2791 3894 2888 3948 ἐὰν
2915 3894 3004 3968 ῐδῃ
3046 3894 3211 3948 αὑτὸν
3257 3894 3534 3963 εὐτόλμως
3565 3887 3658 3959 μὲν
3683 3880 3761 3935 τδν

2215 3989 2356 4058 ἀέρα
2389 3986 2710 4056 νηχόμενον,
2743 3984 3096 4050 ὀξυωποῦντα
3118 3984 3176 4038 δὲ
3199 3985 3341 4054 πρὸς
3372 3984 3470 4051 τὴν
3503 3979 3592 4034 τοῦ
3625 3974 3760 4045 ἡλίου

2217 4079 2599 4149 λαμπρότητα,
2625 4077 2701 4141 ὡς
2729 4077 2934 4130 οἰκεῖον
2987 4078 3383 4146 περιποιεῖταις
3417 4075 3465 4127 ει
3486 4072 3541 4125 δὲ
3581 4069 3649 4139 μή
3683 4079 3756 4131 γε,

2216 4169 2290 4234 ὡς
2319 4169 2475 4223 νόθον
2506 4169 2828 4224 ἀποϐάλλει.

2303 4255 2444 4311 Ἀλλ’
2474 4257 2760 4310 ἐπαινετὸν
2783 4257 2845 4310 τὸ
2868 4257 2967 4326 τῆς
2991 4255 3240 4328 κορώνης
3270 4256 3596 4324 φιλότεκνον,
3625 4245 3654 4312 ἢ
3684 4237 3766 4293 καὶ

2221 4349 2542 4419 πετομένοις
2577 4349 2677 4419 ῆδη
2711 4351 2826 4412 τοῖς
2873 4349 3110 4408 νεοττοῖς
3155 4348 3467 4416 παρέπεται
3513 4335 3765 4398 σιτίξευυσει

2225 4441 2427 4506 αὐτοὺς
2477 4442 2576 4495 καὶ
2609 4441 2952 4511 ἐκτρέφουσα
2988 4439 3152 4509 μέχρι
3183 4435 3406 4491 πολλοῦ.
3440 4431 3572 4501 Περὶ
3602 4425 3766 4495 μέντοι

539 4539 768 4595 educat.
801 4535 875 4590 De
914 4508 1001 4588 his
1031 4543 1262 4599 magnus
1291 4525 1380 4579 ille
1406 4521 1642 4577 Basilius
1694 4517 1811 4572 haec
1845 4513 2012 4569 etiam
2064 4511 2109 4564 in

2227 4533 2335 4587 τῶν
2363 4531 2624 4603 κορωνῶν
2657 4508 2750 4583 καὶ
2775 4508 2900 4582 τάδε
2931 4508 3097 4598 φησὶν
3137 4530 3166 4581 ὁ
3217 4527 3391 4596 μέγας
3426 4519 3690 4575 Βασίλειος
3717 4508 3767 4556 έν

536 4629 798 4685 oratione
829 4640 928 4681 sua
979 4622 1053 4677 De
1080 4615 1427 4691 providentia
1486 4610 1674 4666 tradit.
1723 4607 1890 4670 «Res,
1920 4603 2120 4673 inquit,

551 4732 637 4777 est
660 4720 820 4783 mira,
849 4731 976 4774 cum
1005 4710 1236 4769 ciconiis
1268 4705 1519 4763 cornices
1574 4698 1881 4761 discedere,
1941 4693 2125 4764 quasi-

554 4827 663 4883 que
693 4808 959 4864 satellites
987 4814 1178 4860 earum
1214 4806 1271 4852 et
1301 4793 1516 4850 itineris
1545 4789 1776 4846 comites
1806 4799 1948 4842 esse.
1980 4783 2122 4849 Quin

538 4875 742 4966 etiam,
774 4913 895 4954 mea
923 4893 1149 4966 quidem
1181 4884 1482 4950 sententia,
1533 4881 1720 4937 ferunt
1749 4879 1832 4933 eis
1857 4875 2124 4931 adversus

551 5008 680 5049 aves
712 4988 979 5061 quasdam
1010 4981 1245 5038 hostiles
1269 4975 1556 5033 auxilium.
1587 4969 1746 5038 Quod
1777 4981 1898 5024 esse
1927 4980 2122 5022 verum

542 5086 792 5158 primum
815 5097 882 5136 eo
915 5079 1074 5148 signo
1107 5073 1408 5141 colligitur,
1443 5065 1590 5137 quod
1627 5078 1695 5118 eo
1724 5073 1970 5130 tempore
1991 5071 2122 5112 nus-

554 5151 720 5248 quam
750 5173 860 5228 ulla
895 5169 1088 5226 cornix
1119 5164 1517 5234 conspiciatur,
1567 5155 1768 5212 deinde
1815 5151 1962 5223 quod
1997 5165 2123 5206 cum

555 5241 884 5323 vulneribus
911 5265 1254 5315 revertentes
1285 5253 1539 5326 praestita:
1586 5245 1872 5306 societatis
1897 5241 2123 5298 eviden-

543 5370 639 5416 .-tes
667 5363 826 5412 notas
854 5366 1041 5408 secum
1076 5350 1308 5404 ferant.»

623 5450 745 5506 .lam
775 5444 924 5516 quod
953 5443 1119 5498 rebus
1149 5438 1362 5495 caeteris
1391 5437 1565 5508 magis
1590 5435 1760 5491 etiam
1778 5430 1848 5486 ab
1864 5428 2124 5500 opinione

555 5541 844 5600 numinum
877 5537 1162 5600 abhorret,
1195 5532 1444 5588 vultures
1466 5530 1620 5585 aiunt
1645 5529 1852 5596 absque
1880 5524 2048 5578 maris
2070 5529 2126 5576 et

545 5634 773 5688 .temiuae
807 5627 1199 5700 conjunctione
1226 5623 1470 5695 gignere,
1498 5629 1718 5678 senecta
1743 5618 1907 5674 etiam
1949 5616 2124 5670 in-ex-

554 5737 726 5780 trema
746 5741 761 5780 :
784 5737 911 5778 nam
931 5722 1000 5776 ad
1030 5720 1293 5775 centesim
1312 5731 1406 5771 um
1429 5729 1634 5769 annum
1652 5709 1887 5768 vivendo
1913 5721 2100 5780 perve-

549 5811 1304 5884 niunt.Quamobrem§istuc?
1320 5808 1580 5864 nimirum
1605 5820 1672 5862 ne
1689 5803 1783 5877 qui
1801 5800 2127 5872 mysterium

2224 4621 2301 4692 τῷ
2342 4596 2476 4691 Περι
2507 4620 2766 4691 προνοίας
2815 4618 2958 4688 λόγῳ
2994 4596 3184 4670 αὐτοῦ’
3221 4634 3242 4669 ο
3271 4614 3469 4684 Θαῦμα
3496 4609 3632 4677 μέγα
3667 4596 3766 4654 πῶς

2225 4714 2282 4765 αι
2333 4711 2574 4784 κορῶναι
2613 4712 2727 4774 τοῖς
2770 4709 3067 4778 πελαργοῖς
3103 4706 3538 4776 συναπαίρουσαι
3565 4698 3769 4760 δορυφο·

2230 4773 2418 4875 ροῦσιν
2448 4805 2634 4865 αὐτοῖς
2665 4773 2761 4855 καὶ
2810 4773 3312 4871 παραπέμπουσιν,
3346 4773 3472 4864 ἐμοὶ
3499 4783 3660 4846 δοκεῖ,
3683 4773 3766 4875 ξαῖ

2227 4866 2550 4966 συμμαχίαν
2599 4893 2784 4955 αὐτοῖς
2833 4866 2958 4945 τινα
3017 4866 3326 4960 παρέχουσι
3375 4882 3510 4955 πρὸς
3566 4866 3766 4966 δρνιῗας

2227 4953 2543 5053 πολεμίόυς.
2594 4953 2830 5052 Σημεῖον
2879 4979 2938 5032 δὲ
2981 4953 3203 5050 πρῶτον
3249 4976 3351 5044 μὲν
3399 4953 3474 5044 μὴ
3504 4953 3764 5036 φαίνεσθαι

2227 5072 2333 5124 ὑπὸ
2361 5073 2454 5125 τὸν
2485 5070 2676 5141 καιρὸν
2703 5070 2912 5122 ἐκεῖνον
2937 5049 3184 5136 κορώνην
3213 5063 3577 5117 παντάπασιν·
3599 5049 3767 5099 ἔπειτα

2231 5163 2369 5234 μετὰ
2429 5128 2761 5233 τραυμάτων
2833 5128 3270 5226 ἐπανερχόμεναι
3327 5151 3426 5221 τῆς
3483 5128 3767 5210 συμμαχίας

2227 5254 2435 5326 ἐναργῆ
2466 5255 2672 5323 σημεῖα
2715 5252 3030 5322 κομίζουσι.
3070 5268 3088 5300 ι

2299 5431 2374 5486 Τδ
2407 5430 2465 5484 δέ
2511 5446 2576 5499 γε
2621 5429 2788 5484 πλέον
2825 5426 2935 5480 τῶν
2965 5424 3143 5479 ἄλλων
3176 5416 3628 5494 παραδοξότερον.
3657 5390 3766 5447 τοὺς

2226 5524 2406 5594 γῦπας
2428 5539 2595 5585 φασιν
2612 5520 2993 5581 ὰσυνδυάστως
3017 5516 3246 5581 τίκτειν,
3274 5515 3366 5567 καὶ
3388 5504 3556 5561 ταῦτα
3579 5495 3765 5594 μαξρῖ

2231 5570 2538 5678 ϐιωτάτους
2560 5613 2738 5680 όντας,
2771 5570 2872 5666 καὶ*
2893 5570 3090 5680 μέᾶίρις
3129 5570 3323 5660 ἑκατὸν
3350 5597 3485 5654 ἑτῶν
3513 5590 3605 5680 τὴγ
3641 5570 3765 5680 cf”,

2229 5708 2411 5762 αὐτῶν
2439 5668 2918 5778 παρεκτείνεσθαι..
2945 5668 3084 5773 διὰ-
3110 5700 3162 5753 τί
3190 5700 3246 5754 δὲ
3287 5695 3470 5755 τοῦτο,
3527 5677 3616 5735 καὶ
3641 5668 3766 5778 τίνξξ

2228 5803 2447 5867 ἕνεκενς
2483 5754 2570 5853 ivra.
2609 5799 2718 5867 γὰρ
2768 5799 2844 5868 μή
2878 5754 3022 5859 τινες
3079 5793 3376 5863 ὲπιγελῶσι
3417 5780 3491 5850 τῷ
3520 5754 3768 5846 μυστηρίῳ
