4008 6428
213 387 294 452 ltil

1474 379 1883 444 ANNALIUM
1923 380 2114 441 PARS
2161 381 2210 440 ι.

3368 377 3472 442 10?.

209 503 374 576 ἡμῶν,
405 502 480 566 ὼς
511 501 772 556 ἀδύνατον
802 500 1067 572 παρθένον
1103 501 1286 554 τεκεῖν
1330 504 1425 553 καὶ⁵
1467 498 1624 562 αὖθις
1658 501 1777 569 μεῖ-

1919 504 2128 550 nstrum
2158 497 2470 561 irridercnt,
2505 489 2658 566 quasi
2723 494 2841 550 fieri
2911 503 3150 566 nequeat
3207 505 3268 552 ut
3295 507 3465 567 pariat

215 614 286 649 λιιι
319 595 636 666 παρθένον,
702 594 902 666 μυρίας
961 594 1028 646 ἑκ
1085 593 1185 663 τῆς
1241 591 1460 660 φύσεως
1517 591 1774 661 ἀφορμὰς

209 685 333 753 πρὸς
376 685 477 756 τὴν
509 683 697 737 πίστιν
728 683 840 736 τῶν
869 681 1192 752 παραδόξων
1222 681 1510 752 προλαϐὼν
1543 680 1778 735 κατεϐά-

208 776 342 828 λετο.
399 775 511 829 Καὶ
556 774 704 829 οὕτω
746 776 846 846 μὲν
895 777 1028 846 περὶ
1065 775 1273 830 τούτων
1327 776 1356 829 ό
1406 774 1581 843 μέγας
1614 773 1780 834 Baci-

206 867 381 930 λειοςο
413 869 463 920 oi.
489 866 546 920 δέ
577 884 642 936 γε
671 868 769 932 τὰς
799 869 991 937 φύσεις
1019 867 1131 922 τῶν
1161 867 1319 931 ζώων
1343 864 1778 936 διασκεψάμενοι

207 962 386 1030 τριετῆ
415 961 606 1030 χρόνον
629 959 758 1024 τοὺς
793 961 973 1030 γῦπας
1004 961 1336 1032 ἑγκυμονεῖν
1365 958 1776 1030 τερατεύονται.

209 1054 311 1105 Καὶ
344 1052 461 1115 τῶς
500 1051 688 1107 ἄκουε.
713 1053 826 1107 Οὐκ
855 1053 1003 1107 ἔστιν
1027 1055 1237 1124 ἇρῥενα
1266 1053 1421 1122 γῦπα
1452 1048 1776 1104 θεάσασθαι’

212 1145 600 1208 ἁσυνδυάστως
654 1145 766 1216 γὰρ
828 1145 1025 1210 αύτοὺς
1082 1145 1292 1199 τίκτειν
1345 1145 1502 1214 νόμοι
1563 1141 1780 1212 φύσεως

212 1235 704 1306 παρακελεύονται,
741 1239 874 1293 ὅθεν
923 1239 1020 1292 καὶ
1075 1239 1186 1292 πᾶν
1217 1238 1280 1290 τὺ
1322 1237 1480 1307 γένος
1530 1235 1715 1289 αὐτῶν
1745 1236 1779 1306 ὴ

211 1327 297 1377 τοῦ
350 1325 546 1396 θήλεος
607 1326 770 1394 φύσις
828 1327 1130 1398 ἠνέγκατο.
1179 1327 1362 1396 Ὅπερ
1419 1325 1782 1395 ἐπιστάμενοι

215 1417 386 1485 γῦπες
417 1418 514 1470 καὶ
563 1418 663 1488 τὴν
710 1419 950 1490 ἐρημίαν
1001 1419 1238 1482 δεδιότες
1273 1419 1384 1473 τῶν
1431 1419 1660 1482 τέκνων,
1699 1417 1782 1480 είς

213 1512 467 1580 ἐπιγονὴν
503 1511 650 1566 ἅπαν
692 1513 754 1567 τὸ
803 1514 958 1582 γένος
991 1513 1374 1585 στρατεύεται,
1404 1513 1500 1566 καὶ
1528 1513 1698 1585 δρῶσί
1731 1529 1782 1566 τι

214 1601 453 1671 σόφισμα
488 1601 736 1672 ἄριστον.
786 1603 877 1674 Τῷ
928 1603 1068 1674 νότῳ
1136 1605 1234 1658 καὶ
1277 1605 1387 1673 γὰρ
1444 1605 1782 1674 ἀντίπρωροι

215 1691 492 1748 πέτανται.
536 1690 599 1744 Εἰ
651 1691 707 1744 δὲ
743 1693 817 1763 μὴ
865 1693 1018 1758 νότος
1058 1695 1168 1762 εἴη,
1224 1693 1304 1764 τῷ
1335 1697 1594 1762 συγγενεῖ
1639 1693 1786 1764 εὔρῳ

217 1783 448 1836 άπλοῦσι
513 1785 615 1848 τὰς
674 1787 988 1855 πτέρυγας,
1044 1783 1167 1841 εἶτα
1225 1788 1491 1857 κεχήνασι
1543 1787 1640 1840 καὶ
1689 1785 1783 1840 τοῦ

1887 589 2042 659 virgo
2069 598 2124 644 et
2153 587 2520 644 nihilominus
2553 589 2706 659 virgo
2738 597 2984 651 maneat,
3018 603 3085 644 ex
3129 588 3249 659 ipsa
3277 599 3469 644 natura

1888 679 2034 736 Deus
2060 680 2223 737 nobis
2253 690 2466 736 tantum
2490 697 2601 737 non
2629 681 2874 738 infinitas
2906 682 3278 754 suppeditavit
3312 699 3472 740 occa-

1887 777 2076 830 siones
2111 767 2352 830 faciundi
2382 774 2546 829 ﬂdem
2588 775 2758 829 rebus
2812 774 3150 844 cmteroquin
3211 775 3473 832 absurdis

1888 877 1946 922 et
1976 875 2182 922 nostra:
2209 866 2462 938 Opinioni
2500 881 2608 920 non
2643 865 3126 937 rvspondentibus.
3163 867 3278 924 Hoc
3311 867 3473 925 modo

1891 958 1959 1014 de
1993 959 2078 1014 his
2103 959 2341 1015 Basilius
2376 959 2623 1014 disserit.
2655 958 2854 1014 Czeteri
2909 974 3064 1025 vero,
3111 961 3206 1030 qui
3249 973 3477 1017 naturas

1889 1051 2210 1106 animalium
2245 1063 2567 1122 perspectas
2596 1051 2826 1115 habent,
2847 1052 3113 1107 vultures
3145 1060 3260 1108 toto
3299 1053 3475 1109 trien-

1891 1145 1988 1197 nio
2018 1154 2239 1214 gestare
2282 1153 2505 1198 uterum
2555 1143 2874 1214 prodigiose
2935 1142 3184 1200 tradunt.
3241 1145 3475 1212 Quinam

1894 1235 2074 1291 istuc?
2103 1235 2269 1290 Audi.
2306 1235 2505 1291 γυιων
2535 1250 2655 1290 mas
2699 1235 2885 1290 nullus
2915 1236 3279 1305 conspicitur.
3342 1237 3480 1293 Nam

1894 1326 2102 1398 absque
2127 1327 2298 1382 duum
2329 1328 2723 1398 conjunctione
2753 1327 2982 1398 gignere
3032 1327 3102 1382 dc
3157 1327 3484 1398 praescripto

1893 1427 2104 1472 natura:
2137 1417 2340 1474 solent.
2381 1416 2504 1484 Quo
2558 1417 2620 1471 ﬁt
2678 1427 2740 1472 ut
2767 1432 2964 1472 eorum
3026 1418 3284 1474 universa
3333 1419 3486 1475 natio

1893 1509 2161 1564 consistat
2189 1509 2246 1564 in
2275 1507 2520 1564 feminis.
2551 1508 2668 1564 Hoc
2699 1524 2825 1564 cum
2857 1525 2970 1563 non
3013 1509 3275 1580 ignorent
3307 1511 3488 1566 ruitu-

1897 1617 2005 1669 res,
2037 1601 2298 1658 orbitatis
2332 1610 2484 1656 metu
2512 1601 2678 1656 simul
2719 1601 2966 1657 universi
2993 1602 3060 1656 ad
3097 1602 3475 1658 t'etiﬂcandum

1899 1694 2196 1765 quamdam
2259 1693 2412 1748 velut
2461 1692 2869 1762 expeditionem
2905 1694 3244 1760 suscipiunt.
3293 1695 3395 1750 Hic
3423 1695 3470 1750 si

1898 1785 2088 1840 nullus
2112 1787 2194 1840 eis
2222 1799 2345 1839 sese
2380 1783 2583 1838 Auster
2613 1782 2830 1848 oﬂ‘erat,
2848 1783 2915 1838 ad
2947 1796 3239 1855 cognatum
3273 1786 3484 1841 Eurum

220 1873 533 1943 πνεύματος
594 1873 961 1945 ἐμφοροῦνται
1019 1875 1356 1943 εξσρέοντος,
1395 1875 1489 1928 καὶ
1540 1877 1790 1930 τίκτουσι

1917 1880 2010 1934 llas
2037 1877 2381 1947 expandunt.
2448 1876 2582 1931 Inde
2637 1891 2737 1945 per
2764 1876 2880 1932 oris
2907 1876 3121 1932 hiatum
3180 1888 3346 1931 vento
3401 1877 3492 1932 in-

218 1967 351 2031 ζῶα,
387 1967 462 2036 μή
491 1966 673 2036 μέντοι
705 1984 768 2034 γε
801 1967 887 2020 ea
917 1967 1220 2038 ὑπηνέμια.
1261 1968 1354 2021 Διὸ
1382 1968 1636 2023 πλείστου
1668 1970 1796 2040 χρό-

218 2077 306 2113 νου
327 2061 502 2114 δεῖται
534 2061 567 2130 ἡ
608 2059 772 2128 φύσις
819 2061 958 2132 πρὸς
995 2060 1140 2125 ζώου
1168 2061 1603 2132 τελεσιουργίαν·
1639 2061 1798 2132 χαλε-

219 2154 316 2206 πὸν
367 2152 478 2225 γὰρ
539 2155 634 2207 καὶ
701 2153 822 2208 λίαν
869 2153 1112 2223 ἐργῶδες
1156 2157 1223 2225 τῇ
1259 2153 1422 2221 φύσει
1448 2155 1711 2207 οὐσιῶσαι
1737 2152 1798 2206 τὸ

221 2245 434 2314 πνεῦμα
466 2247 561 2300 καὶ
593 2247 731 2317 πρὸς
785 2244 927 2309 ζῶον
981 2245 1392 2318 πλαστουργεῖν
1426 2245 1487 2299 τὺ
1531 2245 1798 2299 λεπτότα-

221 2357 327 2395 τον.
393 2340 650 2394 Ἐπειδὰν
705 2340 886 2393 τοίνυν
938 2340 1163 2401 ἀκούεις
1227 2341 1322 2394 καὶ
1383 2341 1449 2393 σὺ
1499 2339 1800 2408 συναφείας

221 2429 346 2480 ἄνευ
401 2428 778 2496 έγκυμονῆσαι
821 2429 920 2498 τὴν
981 2428 1310 2498 Πάναγνονν
1351 2431 1621 2500 πρότερον
1659 2431 1799 2502 αὐτῇ

223 2515 537 2587 Πνεύματος
600 2518 758 2585 ἁγίου
821 2519 1252 2582 ἑπισκιάσαντος
1311 2523 1406 2572 καὶ
1460 2521 1554 2572 τοῦ
1594 2521 1801 2590 Κυρίου

224 2610 360 2664 κατὰ
393 2610 488 2664 τὸν
542 2613 836 2682 προφήτην
887 2612 995 2666 ἀπὸ
1053 2613 1273 2684 Θαιμάν
1343 2615 1579 2685 ἥξαντος
1607 2654 1620 2678 ,
1675 2613 1804 2684 μηδ’

228 2705 356 2767 ὅλως
387 2703 609 2758 ἀπίστει
638 2704 714 2775 τῷ
747 2705 1064 2776 πράγματι,
1090 2705 1195 2760 κᾶν
1233 2706 1378 2776 μέγα
1402 2707 1480 2777 τῷ
1510 2707 1624 2760 δντι
1657 2707 1807 2759 δοκεῖ

230 2800 320 2851 καὶ
347 2797 680 2868 παράδοξον·
717 2797 810 2850 ἐπὶ
844 2797 952 2866 γὰρ
983 2796 1166 2869 τούτῳ
1195 2798 1294 2852 καὶ⁵
1349 2799 1383 2868 ἠ
1435 2797 1588 2868 παρὰ
1637 2795 1805 2866 φύσιν

230 2892 330 2944 τῶν
357 2891 549 2960 γυπῶν
577 2891 846 2960 κυοφορία
868 2889 1196 2961 θαυμασίως
1217 2889 1362 2945 οὕτω
1381 2890 1461 2962 τῷ
1490 2890 1612 2960 θεῷ
1641 2906 1808 2961 προη-

233 2985 539 3054 τοίμασται.
574 2986 812 3053 Λέγεται
861 2986 973 3056 γὰρ
1029 2985 1112 3038 ὅτι
1168 2983 1468 3055 γενόμενος
1531 2983 1732 3053 ἔγκυος
1776 2985 1805 3036 ό

232 3080 335 3146 γὺψ
356 3079 655 3150 πορεύεται
684 3081 765 3143 είς
795 3079 896 3148 τὴν
931 3077 1192 3150 Ἰνδικὴν,
1219 3079 1313 3132 καὶ
1343 3077 1527 3131 λαῦὼν
1566 3076 1718 3130 λίθον
1747 3075 1810 3129 τὸ

235 3171 566 3242 καλούμενον
599 3171 848 3225 εὐτόκιον
894 3172 1080 3225 ὲπάνω
1119 3169 1287 3226 αὑτοῦ
1319 3168 1556 3241 κάθηται
1583 3169 1808 3238 συνεχό·

1899 1970 2105 2026 ﬂuente
2139 1971 2443 2041 replentur,
2476 1979 2532 2026 et
2554 1970 2835 2036 animalia,
2868 1984 2977 2024 non
3031 1984 3134 2025 ova
3188 1970 3494 2026 subventa-

1900 2079 2001 2120 nea
2031 2062 2286 2135 gignunt.
2333 2063 2467 2130 Qum
2495 2077 2663 2120 causa
2722 2070 2807 2118 est
2836 2062 3196 2134 quamobrem
3253 2063 3496 2118 maximo

1901 2158 2174 2226 temporis
2205 2155 2383 2225 spatio
2415 2166 2615 2211 natura
2653 2155 2825 2227 hujus
2859 2155 2928 2210 ad
2985 2155 3246 2212 animalis
3275 2155 3499 2212 absolu-

1903 2249 2114 2304 tionem
2151 2248 2416 2320 indigeat.
2462 2249 2598 2304 Nam
2632 2248 2854 2304 ditlicilc
2880 2257 2937 2304 et
2957 2264 3256 2321 operosum
3283 2260 3370 2308 est
3398 2267 3502 2306 na-

1905 2350 2041 2397 turae
2071 2343 2140 2397 de
2169 2350 2337 2397 vento
2363 2342 2662 2412 quamdam
2695 2343 3000 2398 essentiam
3047 2343 3269 2401 eﬂicere
3320 2344 3502 2416 deque

1905 2448 1967 2488 re
1996 2433 2158 2503 longe
2190 2433 2552 2490 subtilissima
2581 2441 2638 2489 et
2691 2437 2820 2491 exili
2887 2452 3113 2506 prorsus
3168 2437 3370 2494 animal
3404 2437 3505 2492 lin-

1905 2539 2058 2594 gere.
2086 2523 2226 2580 Cum
2259 2525 2434 2596 igitur
2484 2526 2680 2582 audies
2717 2526 3000 2600 Virginem
3059 2528 3210 2584 illam
3267 2529 3507 2600 purissi-

1907 2632 2053 2671 mam
2083 2617 2296 2686 absque
2325 2618 2441 2673 ullo
2480 2619 2583 2673 viri
2638 2621 2983 2677 commercio
3015 2621 3299 2692 gravidam
3332 2621 3505 2677 fuisse

1908 2709 2134 2774 factam,
2177 2724 2305 2764 cum
2340 2709 2496 2780 prius
2526 2725 2648 2765 eam
2673 2720 2900 2768 sanctus
2924 2713 3016 2768 ille
3049 2712 3300 2783 Spiritus
3324 2714 3508 2768 inum-

1910 2801 2132 2856 brasset
2163 2816 2228 2855 ac
2253 2801 2552 2868 Dominus,
2614 2805 2695 2858 uti
2735 2813 2888 2860 vates
2920 2805 3191 2874 loquitur,
3245 2805 3316 2861 de
3350 2805 3510 2862 Tha:-

1912 2909 2072 2948 mane
2096 2893 2359 2956 venisset,
2403 2909 2582 2964 nequa
2605 2910 2752 2962 mam
2798 2896 2931 2952 huic
2967 2897 3068 2951 .rei
3121 2895 3288 2952 ﬁdem
3341 2897 3510 2952 dero-

1913 2992 2063 3055 gato,
2130 2984 2356 3039 tametsi
2408 3000 2608 3055 reapse
2646 3001 2843 3058 magna
2897 2987 3154 3043 videatur
3217 2997 3276 3043 et
3301 2987 3409 3061 53
3441 2990 3511 3043 ab

1913 3076 2178 3147 Opinione
2215 3077 2504 3132 hominum
2540 3080 2876 3136 abhorrens.
2936 3081 3074 3136 Nam
3130 3097 3197 3137 ea
3240 3082 3309 3137 de
3341 3097 3512 3137 causa

1916 3169 2198 3225 vulturum
2247 3186 2472 3241 quoque
2530 3174 2818 3242 conceptio
2871 3183 2981 3229 tam
3038 3174 3447 3232 admirabiliter
3480 3191 3510 3230 a

197 3302 200 3304 ν
238 3281 390 3332 μενος
428 3265 603 3329 ὠδῖσι,
628 3263 722 3317 καὶ
762 3262 937 3327 οὕτως
974 3262 1287 3317 ἀποτίκτει.
1333 3261 1394 3313 ’0
1435 3261 1623 3329 μέντοι
1656 3259 1803 3323 λίθος

1917 3264 2033 3318 Deo
2067 3273 2150 3320 est
2179 3263 2454 3321 instituta.
2489 3264 2756 3321 Traditur
2783 3275 2967 3322 autem
3017 3269 3398 3324 monumentis
3423 3268 3514 3322 lit-

236 3355 533 3428 περιφερὴς
563 3357 637 3420 ὼς
689 3355 918 3424 κάρυον,
950 3356 1046 3408 καὶ
1083 3353 1407 3424 κινούμενος
1433 3349 1570 3424 ἦχον
1598 3355 1810 3423 ἐκπέμ-

234 3466 320 3504 πει
377 3450 455 3513 ὡς
507 3450 725 3512 κὼδὼν,
768 3447 981 3502 ἔνδοθεν
1039 3447 1232 3518 ἑτέρου
1268 3446 1420 3519 λίθου
1458 3447 1805 3516 κινουμένου.

233 3542 362 3594 Φασὶ
402 3543 462 3596 δὲ
513 3542 608 3597 καὶ
653 3541 810 3596 τοῦτο
845 3540 977 3610 περὶ
1024 3540 1223 3610 γυπὸς,
1277 3538 1360 3593 ὅτι
1414 3537 1572 3610 μύρῳ
1614 3537 1809 3608 ῥοδίνῳ

233 3633 468 3704 χρισθεὶς
505 3632 863 3703 ἀποθνήσκει.

1916 3365 2163 3411 terarum
2195 3357 2502 3423 vulturem,
2547 3366 2911 3428 posteaquam
2940 3360 3284 3430 conceperit,
3330 3361 3390 3414 in
3424 3356 3516 3414 ln-

1921 3448 2072 3502 diam
2109 3463 2232 3504 sese
2267 3449 2549 3515 conferre,
2592 3460 2932 3522 nactumque
2985 3453 3250 3524 lapidem,
3288 3469 3456 3525 quem
3490 3467 3519 3505 a

1920 3536 2194 3596 facilitate
2223 3548 2419 3610 partus
2449 3557 2614 3611 quem
2649 3541 2880 3616 adjuvat
2942 3545 3242 3601 Eutocium
3295 3555 3520 3610 vocant,

1918 3632 1973 3686 in
1999 3647 2068 3687 eo
2098 3647 2156 3687 se
2188 3633 2525 3703 parturigine
2573 3643 2831 3689 vexatum
2862 3636 3172 3703 collocare,
3213 3649 3384 3708 atque
3427 3637 3523 3692 illo

232 3729 395 3783 modo
417 3742 634 3800 parere.
688 3726 853 3797 Lapis
927 3725 1051 3794 ipse
1107 3722 1382 3780 rotundus
1428 3732 1535 3788 est,
1589 3722 1851 3778 avellanae
1889 3726 2052 3779 nucis
2085 3725 2282 3789 instar,
2355 3734 2411 3779 et
2456 3741 2752 3782 succussus
2812 3728 2867 3781 in
2921 3743 3132 3784 morem
3165 3731 3523 3788 tintinnabuli

231 3841 419 3881 sonum
451 3825 588 3889 edit,
620 3833 770 3878 moto
800 3824 950 3878 intus
972 3823 1083 3877 alio
1106 3821 1312 3892 lapide.
1338 3821 1672 3878 Perhibetur
1697 3821 1805 3875 hoc
1841 3821 2009 3876 etiam
2059 3822 2130 3877 de
2161 3823 2406 3890 vulture,
2461 3823 2612 3894 quod
2691 3833 2979 3894 unguento
3045 3841 3275 3882 rosaceo
3315 3822 3526 3897 perim-

229 3934 350 3980 ctus
385 3923 674 3978 moriatur.

306 4017 626 4088 Θαυμάσειε
673 4013 717 4065 δ⁹
752 4012 816 4066 ἄν
863 4029 949 4075 τις
995 4014 1092 4090 καὶ
1147 4011 1208 4063 τὸ
1255 4010 1368 4064 τῶν
1417 4011 1675 4082 κοράκων
1705 4009 1816 4063 τῶν

231 4107 640 4178 διαληφθέντων
691 4105 790 4156 οὐκ
845 4104 1099 4156 ἔλασσον.
1157 4101 1473 4158 Πεπόνθασί
1526 4119 1578 4156 τι
1643 4100 1818 4164 πάθος

233 4201 351 4271 ὥρᾳ
381 4198 572 4268 θέρους
603 4195 652 4248 οἱ
678 4195 941 4264 κόρακες,
982 4193 1046 4247 τὸ
1074 4193 1134 4246 δὲ
1161 4192 1335 4256 πάθος
1368 4192 1489 4246 ἐστὶ
1521 4192 1678 4264 ῥύσις
1711 4207 1816 4260 γα-

237 4293 417 4363 στρός.
476 4286 761 4343 Ἐντεῦθεν
808 4287 1047 4355 ποταμοὶ
1104 4287 1202 4342 καὶ
1256 4286 1432 4354 πηγαὶ
1484 4287 1581 4340 καὶ
1629 4284 1821 4356 λίμναι

235 4381 388 4434 οὐδέν
418 4396 472 4431 τι
503 4377 695 4448 χρῆμα
737 4377 879 4432 κατά
898 4393 964 4446 γε
1002 4377 1064 4428 τὸ
1108 4375 1268 4448 θέρος
1305 4379 1419 4440 τοῖς
1453 4375 1704 4447 κόραξιν,
1731 4375 1824 4430 ῐνα

248 4474 321 4543 μὴ
355 4470 435 4543 τῷ
471 4469 624 4540 ύγρῷ
652 4470 688 4540 ἡ
731 4468 832 4538 τῆς
884 4468 1125 4539 γαστρὸς
1159 4469 1319 4539 ῥύσις
1363 4469 1521 4540 σχοίη
1548 4471 1826 4523 ἐπίτασιν.

2000 4007 2074 4062 De
2098 4005 2281 4062 corvis
2308 4021 2534 4078 quoque
2567 4024 2678 4064 non
2707 4009 2810 4064 abs
2840 4025 2898 4064 re
2927 4009 3057 4080 quis
3093 4011 3343 4079 miretur,
3376 4016 3526 4084 quod

1932 4100 2206 4154 hactenus
2231 4098 2490 4156 indicatis
2521 4115 2630 4155 non
2663 4111 2751 4158 est
2801 4100 3064 4157 inferius.
3135 4101 3350 4161 Estivo
3384 4113 3526 4162 tem-

1930 4205 2067 4259 pore
2097 4189 2256 4244 corvi
2317 4191 2560 4259 quodam
2615 4193 2812 4248 morbo
2850 4193 3135 4249 laborant.
3188 4194 3238 4249 Is
3297 4197 3527 4255 morbus

1931 4281 2146 4337 ventris
2207 4291 2294 4337 est
2329 4283 2683 4353 proﬂuvium.
2713 4284 3086 4351 Quamobrem
3123 4284 3298 4351 ﬂuvii,
3325 4287 3530 4358 fontes,

1938 4382 2130 4444 stagna
2153 4389 2252 4444 per
2277 4385 2523 4430 :estatcm
2563 4377 2702 4431 nulli
2735 4387 2867 4431 sunt
2901 4379 3088 4433 corvis
3122 4381 3269 4444 usui,
3333 4395 3404 4434 ne
3433 4396 3532 4449 per

1937 4465 2230 4522 humorem
2269 4468 2480 4523 ventris
2511 4469 2603 4524 illa
2640 4467 2810 4524 ﬂuxio
2839 4471 3013 4540 magis
3029 4471 3204 4526 etiam
3245 4471 3528 4543 adaugea-

242 4568 422 4620 Ἱσασι
453 4566 632 4617 τοίνυν
669 4561 764 4615 καὶ
813 4561 1025 4634 διαίτης
1055 4561 1256 4632 τέχνην
1292 4563 1340 4614 οῑ
1371 4562 1632 4632 κόρακες,
1661 4560 1720 4615 οὐ
1755 4561 1806 4614 τε

1939 4568 2052 4612 tur.
2087 4559 2164 4612 De
2187 4574 2297 4629 quo
2324 4561 2538 4616 scilicet
2562 4559 2896 4630 intelligitur
2926 4561 3100 4615 etiam
3129 4562 3308 4617 diretze
3354 4564 3530 4618 ratio-

254 4656 659 4727 Ἱπποκράτους
695 4655 1100 4718 παιδευθέντες,
1127 4655 1189 4708 ού
1232 4656 1300 4711 τὰ
1335 4638 1636 4727 Χείρωνος,
1673 4654 1736 4707 ού
1763 4654 1832 4708 τὰ

241 4748 532 4818 Μαχάονος
579 4745 872 4816 φάρμακα,
919 4744 1221 4800 κάντεῦθεν
1287 4745 1390 4816 μὲν
1446 4745 1616 4815 όρῶσι
1665 4761 1835 4798 ποτα-

245 4839 401 4909 μοὺς,
443 4836 560 4892 ἀλλ’
595 4837 747 4908 ὅμως
788 4835 970 4888 πίνειν
1008 4835 1253 4898 ἐκείνοις
1287 4836 1395 4888 οὐκ
1432 4835 1680 4897 ἔνεστιν,
1719 4832 1835 4888 ἀλλ’

242 4925 326 4985 οἷα
358 4929 631 4984 Τάνταλοι
684 4927 1044 4998 κολαζόμενοι
1088 4927 1428 4998 δριμυτέραν
1461 4927 1622 4998 δίκην
1653 4926 1833 4982 ταῦτα

250 5021 688 5092 εἰσπράττονται.

293 5194 634 5267 -Θαυμάζειν
676 5213 736 5248 σε
767 5194 917 5260 ἄξιον
949 5196 1042 5250 καὶ
1069 5196 1161 5249 διὰ
1187 5195 1240 5249 τί
1279 5199 1378 5266 τῆς
1403 5195 1550 5268 ᾠδῆς
1575 5198 1626 5250 οἱ
1657 5197 1832 5251 τέττι-

261 5310 341 5360 γες
385 5296 443 5347 ἑν
477 5293 629 5362 μέσῳ
673 5291 826 5361 θέρει
872 5291 1242 5362 ἀπάρχονται.
1299 5291 1514 5364 Ψυχροί
1543 5309 1691 5356 τ.νες
1734 5293 1834 5362 τὴν

257 5389 417 5454 φύσιν
469 5387 522 5440 οἱ
568 5386 836 5454 τέττιγες,
881 5384 962 5437 διὸ
1009 5386 1106 5438 καὶ
1155 5385 1296 5455 μετὰ
1351 5384 1572 5455 θερινάς
1625 5386 1837 5458 τροπὰς

259 5481 599 5552 ειπάρχονται
643 5478 744 5548 τῆς
784 5478 955 5548 ᾠδῆς,
1005 5481 1097 5533 καὶ
1136 5478 1288 5548 ἡλίου
1332 5480 1722 5550 ἁπαρχομένου
1747 5480 1839 5534 τὸν

255 5575 464 5628 ἑαυτῶν
513 5572 735 5644 μετίασι
778 5572 1026 5627 κέλαδον.
1075 5572 1193 5640 Ἐφ’
1222 5565 1267 5638 ᾧ
1323 5573 1418 5624 καὶ⁵
1479 5573 1836 5644 μεσημϐρίας

253 5667 388 5719 εἰσὶν
425 5661 788 5734 ᾠδικώτεροι.
829 5661 894 5714 'H
939 5666 1122 5733 μέντοι
1183 5663 1374 5734 θήλεια
1446 5663 1631 5728 τέττιξ
1693 5666 1830 5717 πολὺ

196 5788 208 5803 .
256 5757 570 5825 ψυχροτέρα
596 5753 692 5806 τοῦ
735 5753 962 5822 apparo;
989 5751 1124 5808 οὖσα
1161 5752 1425 5806 σιωπῶσα
1452 5754 1703 5822 ὲφιζάνει
1729 5756 1840 5816 τοῖς

262 5847 637 5920 ἱένδρεσι,,τὰ
681 5845 1002 5917 Πυθαγόρου
1058 5846 1250 5919 ὥσπερ
1301 5845 1614 5917 διδαχθεῖσα
1660 5846 1842 5912 διδάγ-

1938 4665 2062 4704 nem
2089 4650 2194 4705 sibi
2227 4652 2652 4708 convenientem
2689 4667 2887 4708 corvos
2910 4667 3020 4707 non
3047 4651 3329 4723 ignorare,
3355 4669 3535 4724 quan-

1937 4757 2106 4812 quam
2149 4745 2255 4798 néc
2289 4743 2648 4814 Hippocratis
2698 4760 2803 4800 nec
2841 4743 3108 4799 Chironis
3137 4759 3242 4800 nec
3278 4743 3534 4801 Machao-

1939 4836 2024 4890 nis
2084 4836 2334 4906 remedia
2385 4836 2653 4893 discendo
2695 4849 2952 4910 percepta
3020 4846 3268 4894 teneant.
3320 4837 3536 4894 Idcirco

1939 4925 2140 4982 ﬂuvios
2167 4927 2393 4997 quidem
2428 4928 2742 4994 intuentur,
2801 4929 2897 4984 scd
2934 4927 3164 4984 haurire
3221 4928 3291 4984 de
3325 4930 3395 4986 iis
3434 4947 3536 4986 nec

1939 5025 2176 5082 queunt,
2204 5029 2542 5086 gravemque
2572 5017 2713 5070 hanc
2743 5016 2884 5072 adeo
2911 5033 3130 5088 penam
3162 5019 3348 5088 luunt,
3366 5023 3533 5093 quasi

1943 5105 2160 5159 Tantali
2195 5107 2421 5176 quidam
2461 5109 2700 5163 multati.

2014 5195 2259 5250 Meretur
2303 5196 2496 5251 ethoc
2543 5197 3000 5265 admirationem,
3058 5202 3426 5270 quamobrem
3451 5204 3535 5258 ci-

1939 5289 2090 5342 cada:
2113 5299 2336 5342 cantum
2363 5303 2528 5346 suum
2555 5298 2744 5346 aestate
2767 5291 2948 5347 media
2975 5292 3220 5364 primum
3247 5295 3533 5365 incipiant.
3645 5294 3651 5299 ’

1943 5381 2217 5435 Nimirum
2249 5387 2448 5435 natura
2499 5382 2712 5455 frigida:
2745 5393 2898 5447 sunt.
2961 5401 3071 5456 qua
3114 5385 3185 5443 de
3213 5401 3379 5442 causa
3411 5394 3535 5456 post

1943 5474 2198 5530 aestivum
2232 5474 2532 5529 solstitium
2566 5477 2806 5533 canendi
2866 5477 3078 5536 faciunt
3123 5481 3376 5546 initium;
3433 5495 3535 5534 nec

1946 5567 2054 5622 nisi
2077 5577 2274 5622 exorto
2299 5569 2416 5624 sole
2448 5577 2726 5642 strepunt,
2766 5571 3002 5642 ipsoque
3037 5573 3272 5628 meridie
3296 5572 3532 5626 maxime

1947 5671 2074 5714 sunt
2101 5675 2341 5715 canorae.
2392 5661 2462 5718 Et
2491 5663 2715 5731 quidem
2776 5662 2995 5719 fcmella
3053 5679 3180 5719 cum
3242 5664 3406 5732 longe
3461 5662 3533 5718 sit

1952 5767 2106 5807 mare
2133 5749 2411 5823 frigidior,
2451 5754 2756 5810 arboribus
2785 5755 3062 5809 taciturna
3094 5753 3323 5818 insidet,
3373 5756 3530 5824 quasi
3631 5742 3645 5753 ’

1951 5849 1995 5901 si
2032 5847 2356 5919 Pythagora:
2425 5849 2736 5922 disciplinis
2767 5860 2914 5908 esset
2963 5848 3195 5904 imbuta.
3225 5851 3327 5918 Qui
3374 5850 3433 5907 fit
3470 5860 3528 5907 ut
