4008 6438
531 368 653 432 ’103

1809 355 2230 419 MICHAELIS
2266 356 2528 418 (ΠΧΩ.)ιί

3580 355 3588 367 ’
3688 358 3779 428 104

539 477 858 548 aquilarum
890 485 1084 544 penna:
1109 483 1234 526 cum
1253 468 1497 524 aliarum
1526 465 1708 522 avium
1736 467 1935 537 pennis
1971 479 2107 520 com

2230 481 2398 534 ματα.
2432 464 2555 526 Πῶς
2603 462 2658 518 δὲ
2694 463 2788 519 καὶ
2823 465 3102 535 φθαρτικὰ
3137 465 3364 538 πτερῶν
3395 468 3592 540 ἐτέρων
3621 472 3776 526 ἀετῶν

551 570 728 624 ιηὶειω
758 567 879 621 illas
907 566 1056 636 ipsas
1103 560 1446 616 absumant?
1493 575 1616 614 nam
1642 558 1895 613 celeriter
1929 557 2123 612 admo-

546 661 680 714 dum
704 665 963 730 pereunt.
991 654 1359 723 Quamobrem
1412 650 1762 715 charadrius,
1818 649 1863 703 si
1896 647 2122 717 quando

549 764 714 819 quem
741 745 936 802 morbo
982 746 1131 815 regio
1186 740 1532 796 laborantem
1579 736 1878 806 conspicit,
1931 733 2124 788 oculos

543 839 798 898 claudit?
854 836 976 892 Non
1031 834 1082 889 id
1120 831 1366 904 profecto
1400 837 1711 900 propterea,
1771 824 2125 897 quemadmo-

546 935 676 989 dum
705 931 879 1000 aliqui
914 927 1128 993 volunt,
1177 923 1559 994 quod-aegroto
1608 919 1877 983 invideat,
1923 917 2124 972 livore-

546 1041 667 1096 (μη
684 1016 1393 1094 ρταιροιιίοωι-.,ιιυοιιιίιιιιε
1433 1026 1559 1066 eum
1594 1018 1758 1064 rectae
1803 1007 2118 1064 valetudini

549 1117 827 1171 restituat.
859 1112 979 1166 Non
1006 1109 1154 1164 enim
1189 1108 1353 1162 bruta
1399 1103 1671 1159 laborant
1726 1100 1958 1166 invidia,
2016 1111 2123 1155 nec

546 1206 912 1262 Prometheus
937 1201 1083 1272 apud
1117 1201 1234 1270 ipsa
1261 1198 1509 1269 punitur,
1527 1193 1676 1265 quod
1706 1193 1888 1264 ignem
1915 1192 2119 1247 bonum

547 1315 674 1356 cum
705 1296 1034 1353 mortalibus
1063 1290 1586 1349 communicaverit.
1644 1288 1765 1343 Sed.
1799 1287 1996 1342 oculos
2044 1285 2121 1340 id-

545 1395 697 1448 circo
729 1389 976 1450 claudit,
1025 1385 1176 1457 quod
1227 1383 1459 1438 morbus
1511 1381 1604 1435 hic
1635 1379 1704 1434 de
1752 1393 1866 1434 uno
1920 1377 1991 1433 ad
2041 1377 2121 1432 al-

547 1495 726 1541 terum
753 1491 1033 1546 transeat;
1062 1478 1310 1548 adeoque
1336 1489 1462 1531 mox
1500 1471 1774 1528 aviculam
1802 1469 1946 1526 hanc
1970 1484 2120 1526 mor-

548 1580 654 1635 bus
677 1586 934 1646 occupat.

621 1672 733 1726 Nec
765 1670 898 1726 illud
927 1667 1296 1724 admiratione
1327 1673 1501 1733 caret,
1531 1663 1678 1736 quod
1709 1659 1948 1717 luscinia
1974 1657 2118 1728 vigi-

2229 556 2493 627 τυγχάνει
2520 558 2734 630 πτεράς
2769 558 3176 629 σηπεδονῶδους
3219 561 3396 614 ταῦτα
3442 563 3778 635 μετειλήφασι

2228 647 2463 714 φύσεως.
2501 649 2618 702 Οὐκ
2669 648 2738 702 ἂν
2779 649 2978 722 σωθείη
3029 651 3194 720 ἔτερα
3245 653 3317 706 τά
3369 654 3544 725 πτερά
3578 656 3776 720 τούτοις

2230 744 2773 810 συναναμιγνύμεναο
2805 742 3001 796 θάττον
3033 743 3142 813 γὰρ
3166 744 3418 798 ἐντεῦθεν
3439 745 3778 806 ἀπόλλυνται.

2226 831 2326 885 Διά
2357 831 2412 885 τί
2451 832 2507 884 δὲ
2547 833 2640 886 καὶ
2686 835 2714 885 ὁ
2763 834 3055 904 χαραδριὸς
3111 837 3168 888 εί
3191 853 3322 889 ποτε
3372 838 3677 909 ἀντιϐλέψει
3713 843 3781 911 τῷ

2229 921 2578 992 ίκτεριῶντι,
2618 922 2747 993 μύει
2793 925 2921 989 τοὺς
2977 926 3329 998 ὀφθαλμούς;
3379 927 3480 1001 ούχ
3535 929 3608 995 ῶς
3651 935 3780 997 τινάς

2225 1030 2383 1084 φασι,
2413 1013 2491 1086 τῷ
2532 1015 2775 1069 νοσοῦντι
2802 1015 3116 1087 βασκαίνων
3145 1024 3240 1074 καὶ
3272 1023 3334 1074 τὸ
3377 1025 3630 1095 φρόνημα
3659 1028 3782 1096 πρὸς

2228 1108 2417 1172 ὑγείας
2453 1110 2741 1179 μετάδοσιν
2771 1110 2910 1182 ἔχων
2935 1111 3252 1181 ὲπίφθονονυ
3281 1115 3344 1168 ού
3385 1115 3497 1188 γὰρ
3525 1120 3636 1182 τοῖς
3671 1119 3782 1172 ἀλόο

2223 1216 2343 1269 γοις
2373 1200 2646 1272 βασκανία
2677 1218 2762 1265 τις
2809 1205 3084 1273 μέτεστιν,
3126 1204 3250 1258 οὐδὲ
3301 1206 3631 1276 Προμηθεὺς
3660 1209 3777 1278 παρ’

2222 1292 2453 1356 ἰκτίνοις
2493 1291 2802 1358 κολάζεται,
2831 1293 3042 1361 ἀγαθοῦ
3087 1309 3240 1358 τινος
3287 1295 3384 1350 τοῦ
3433 1297 3603 1367 πυρὸς
3631 1314 3781 1366 μετα-

2220 1385 2345 1449 δοὺς
2374 1389 2488 1450 τοῖς
2519 1386 2851 1453 ἀνθρώποις.
2897 1385 3211 1457 Ὀφθαλμὸν
3241 1387 3298 1442 δὲ
3327 1388 3455 1459 μύει
3483 1391 3774 1460 χαραδριὺς,

2220 1478 2348 1531 imi.
2384 1477 2445 1530 τὸ
2477 1478 2652 1538 πάθος
2683 1477 2970 1550 ἀμείϐεται
3009 1480 3101 1533 καὶ
3125 1480 3228 1551 τὴν
3257 1480 3412 1550 ὄρνιν
3447 1481 3606 1547 εὐθὺς
3635 1484 3666 1552 ἡ
3700 1483 3778 1539 νό-

2224 1587 2315 1636 σος
2345 1571 2694 1641 μετέρχεται.

2308 1661 2450 1716 ’Λλλ’
2481 1664 2603 1718 οὐδὲ
2630 1663 2790 1718 τοῦτο
2818 1663 3020 1731 ἔξωθεν
3055 1664 3358 1736 θαύματος,
3402 1667 3479 1730 ὡς
3518 1667 3776 1739 ἄγρυπνος

537 1765 687 1828 dans,
721 1779 847 1820 cum
879 1763 1263 1827 ovisineubat,
1309 1770 1525 1816 noctem
1588 1760 1854 1829 integram
1911 1767 2107 1809 cauere

2221 1758 2255 1826 ἡ
2291 1757 2472 1827 ἀηδὼν
2505 1756 2638 1810 ὅταν
2679 1757 2941 1822 ὲπωάζει,
2985 1758 3075 1812 διὰ
3117 1759 3303 1828 πάσης
3339 1759 3530 1824 νυκτὸς
3567 1761 3658 1830 τῆς
3689 1778 3776 1830 με⁹

545 1873 655 1912 non
695 1857 929 1911 desinat.
956 1853 1061 1921 Qui
1097 1853 1419 1923 vespertilio
1445 1850 1654 1921 pariter
1709 1858 1765 1904 et
1796 1845 2107 1917 quadrupes

2218 1847 2414 1919 λῳδίας
2445 1849 2522 1918 μὴ
2553 1848 2932 1918 άπολήγουσα.
2958 1850 3092 1914 Πῶς
3114 1853 3426 1919 τετράπουν
3455 1853 3516 1907 τὸ
3541 1852 3666 1906 αὐτὸ
3694 1854 3775 1906 καὶ

537 1957 625 2004 est
655 1957 711 2004 et
745 1946 1031 2002 volucris?
1064 1949 1159 2016 qui
1187 1946 1371 1999 avium
1405 1943 1523 1998 haec
1552 1940 1670 1996 sola
1692 1939 1886 1995 dentes
1913 1935 2107 1991 habet?

2218 1941 2424 2010 πτηνὸν
2461 1943 2495 2012 ή
2534 1943 2827 2012 νυκτερίς;
2860 1941 2982 2006 πῶς
3014 1943 3149 2014 μόνη
3199 1944 3312 1998 τῶν
3354 1944 3583 2015 ὀρνίθων
3613 1943 3774 1997 ὀδοῦσι

526 2040 654 2114 ἠῶ,
678 2042 756 2095 Ac
782 2040 1010 2094 fetiﬁcat
1044 2037 1270 2106 quidem
1301 2037 1477 2091 instar
1507 2029 1958 2105 quadrupedum,
1989 2039 2115 2081 aera

539 2151 674 2192 vero
696 2135 892 2190 leviter
935 2142 1206 2204 permeat,
1269 2143 1380 2184 non
1410 2129 1513 2184 alis
1543 2127 1638 2182 sed
1691 2122 1946 2195 pellicula
1981 2135 2118 2190 qua-

520 2229 667 2282 --dam
697 2227 936 2280 sublata.
985 2224 1090 2290 Qui
1124 2223 1204 2305 ,ῆι
1235 2229 1295 2275 ut
1321 2233 1546 2275 anseres
1571 2214 1864 2286 pervigiles
1919 2211 2031 2266 sint
2061 2217 2117 2264 et

537 2321 608 2376 ad
639 2318 985 2374 sentiendum
1003 2303 1240 2370 obscura
1258 2313 1593 2380 latentiaque
1615 2311 1773 2378 longe
1824 2303 2116 2361 acerrimi?

537 2411 634 2481 qui
669 2408 892 2479 quidem
951 2407 1080 2460 olim
1131 2405 1297 2462 etiam
1351 2404 1550 2458 urbem
1607 2401 1760 2457 orbis
1812 2399 2113 2469 principem

538 2505 959 2560 eonservaruut,
993 2510 1118 2550 cum
1155 2493 1345 2549 hostes
1379 2491 1646 2562 quosdam
1695 2488 1965 2553 occultos,
2018 2488 2112 2555 qui

515 2606 639 2661 per
674 2590 889 2659 ignotos
909 2585 1249 2653 abdi-tesque
1282 2581 1572 2636 cuniculos
1597 2595 1778 2634 arcem
1810 2579 2111 2635 Romanam

535 2681 855 2751 occupaturi
884 2688 1064 2745 erant,
1093 2674 1298 2731 indicio
1329 2689 1430 2729 suo
1457 2671 1852 2743 prodidissent.

606 2775 742 2840 Quis
765 2771 1050 2826 hominum
1083 2768 1282 2825 caedem
1309 2766 1620 2821 vulturibus
1647 2762 1957 2826 denuntiat,
1983 2777 2108 2818 cum

527 2865 921 2936 expeditiones
947 2861 1215 2917 adversus
1272 2873 1331 2914 se
1363 2858 1601 2912 invicem
1632 2854 1984 2924 suscipiunt?
2023 2852 2106 2908 Vi-

529 2955 668 3010 deas
689 2953 836 3008 enim
864 2959 1078 3006 tantum
1113 2961 1224 3002 non
1285 2946 1501 3000 inﬁnita
1558 2943 1842 2997 vulturum
1889 2940 2108 3011 agmina

534 3054 716 3103 castra
745 3044 927 3112 sequi,
953 3042 1022 3096 de
1051 3052 1332 3094 armorum
1352 3043 1618 3106 apparatu
1644 3041 1878 3087 eventus
1905 3030 2107 3086 indicia

507 3135 933 3207 -eolligentium,
990 3130 1136 3202 quod
1174 3131 1352 3199 ipsum
1386 3144 1417 3183 a
1456 3123 1971 3182 ratiocinationibus
1997 3123 2103 3177 hu-
2131 3169 2174 3228 Ο

505 3271 514 3274 -
533 3229 712 3286 manis
739 3242 929 3298 parum
960 3225 1143 3280 abest.

649 3319 740 3374 liis
767 3321 934 3372 etiam
968 3317 1034 3372 de
1077 3314 1261 3370 causis
1309 3313 1364 3368 in
1398 3309 1819 3368 admirationem
1853 3307 2103 3380 quaedam

502 3445 506 3451 -
533 3412 790 3476 veniunt,
817 3410 863 3465 si
896 3410 1022 3479 quis
1053 3407 1300 3462 animum
1357 3404 1640 3460 advertat.
1669 3391 1926 3479 Quzedam
1955 3403 2101 3456 enim

524 3504 784 3558 volucres
798 3500 865 3557 de
878 3478 1833 3570 priusexsistentiumpropagatioue
1853 3478 2102 3556 veniunt,

531 3595 780 3667 quaedam
816 3593 1090 3662 hodieque
1119 3590 1188 3644 de
1217 3598 1362 3644 terra
1388 3589 1666 3642 oriuntur.
1696 3584 1816 3638 Non
1847 3585 1995 3637 enim
2027 3583 2104 3636 ci-

538 3690 689 3746 cada:
725 3697 940 3742 tantum
984 3701 1028 3739 e.
1050 3683 1250 3754 pluviis
1303 3680 1658 3751 proveniunt,
1703 3679 1921 3747 aliaque
1984 3676 2104 3746 plu-

533 3785 670 3838 rima
699 3797 820 3852 qua:
851 3781 1058 3834 iuaerc
1088 3777 1292 3840 volant,
1325 3775 1588 3845 pleraque
1631 3771 1950 3826 nominibus
1979 3785 2103 3839 pro-

527 3876 665 3945 priis
699 3875 770 3928 ob
801 3886 997 3928 eorum
1042 3869 1400 3938 exiguitatem
1445 3865 1747 3919 .earentia:
1781 3862 1877 3918 sed
1935 3863 2100 3915 etiam

488 4007 495 4014 .
533 3982 721 4022 Inures
767 3975 935 4033 atque
968 3974 1114 4015 ranze
1168 3959 1236 4014 de
1289 3957 1482 4012 eadem
1547 3955 1842 4024 prodeunt,
1883 3953 2102 4022 quando

515 4055 676 4124 apud
729 4052 945 4107 Thebas
977 4047 1286 4118 Egyptias,
1343 4044 1390 4098 si
1441 4043 1799 4096 vehementes
1857 4040 1912 4092 in
1954 4046 2099 4093 aestu

497 4147 726 4217 .pluviaa
773 4142 993 4205 cadant,
1057 4153 1183 4192 uno;
1246 4136 1479 4190 terrenis
1531 4133 1782 4186 muribus
1847 4132 2098 4184 universa

531 4240 680 4310 regio
713 4236 1047 4306 completur.
1107 4230 1218 4285 Nec
1271 4225 1543 4298 anguillas
1573 4223 1795 4277 aliunde
1823 4221 2101 4276 cernimus

497 4373 500 4380 .
525 4332 663 4387 oriri
690 4345 851 4400 quam
883 4328 951 4382 de
979 4326 1133 4380 limo.
1161 4322 1376 4391 Quippe
1406 4333 1510 4374 nec
1551 4317 1670 4371 ovis
1697 4331 1800 4370 nec
1828 4317 1936 4370 alio
1956 4331 2100 4385 quo-

526 4431 672 4499 piam
704 4424 866 4482 modo
894 4425 1287 4492 propagantur,
1325 4412 1422 4468 sed
1454 4419 1636 4465 ortum
1657 4424 1688 4464 e
1715 4419 1856 4464 terra
1885 4417 2096 4464 tantum

512 4522 748 4577 habent.

589 4611 858 4667 .Erodium
887 4603 1049 4668 mihi,
1071 4614 1284 4670 quaeso,
1307 4595 1616 4654 considera.
1641 4593 1864 4664 Species
1881 4593 1997 4648 avis
2011 4603 2095 4647 est

506 4719 692 4772 -6upra
724 4697 950 4770 quosvis
985 4706 1236 4764 passeres
1267 4687 1625 4754 nidiﬁcantis,
1676 4685 1960 4740 altissimis
2015 4684 2099 4737 ni.

527 4797 727 4848 mirum
779 4793 835 4845 in
870 4785 1199 4850 arboribus,
1231 4780 1532 4852 praesertim
1583 4777 1879 4832 abietibus.
1942 4775 2098 4831 Unde

522 4885 716 4954 Aquila
747 4880 946 4938 Psalmi
973 4876 1180 4931 dictum
1204 4886 1451 4929 vertens:
1480 4872 1731 4936 «Erodio,
1766 4869 1966 4940 inquit,
1997 4869 2102 4924 do-

503 4979 791 5034 .micilium
825 4982 953 5029 sunt
984 4969 1307 5024 abietes’m
1352 4965 1529 5035 Supra
1564 4979 1756 5020 omnes
1776 4964 1920 5018 alias
1945 4971 2094 5016 certe

524 5072 778 5124 volucres
811 5063 1076 5118 nidilicat.
1116 5059 1323 5112 Idcirco
1349 5056 1580 5109 Davides
1609 5054 1686 5108 ait
1722 5071 1740 5104 ι
1774 5051 1961 5106 Erodii
1997 5050 2095 5104 do-

523 5158 786 5212 micilium
813 5162 1038 5223 superat
1068 5163 1184 5204 eos.
1215 5169 1233 5198 ι
1274 5146 1430 5201 llunc
1486 5146 1742 5212 erodium
1783 5151 2096 5210 tantaprae-

497 5253 695 5307 nditum
728 5263 848 5304 esse
882 5243 1206 5300 castimonia
1239 5240 1486 5301 tradunt,
1553 5247 1614 5292 ut
1645 5251 1770 5290 cum
1823 5235 1890 5288 ad
1925 5235 2100 5289 Vene-

502 5361 640 5400 rem
667 5353 998 5398 accessurus
1046 5345 1149 5403 est,
1197 5336 1316 5390 dies
1369 5331 1732 5404 quadraginta
1798 5329 2097 5384 continuos

523 5441 726 5508 lugeat,
761 5445 816 5488 et
849 5441 969 5504 post
992 5429 1442 5501 eorujunctionem
1495 5425 1634 5477 alios
1669 5422 1898 5476 tOIidem
1949 5420 2090 5474 dies.

517 5533 684 5602 Aigre
713 5529 860 5583 enim
897 5527 1024 5590 fert,
1054 5524 1100 5576 si
1135 5521 1354 5590 quando
1379 5516 1704 5571 necessitate
1728 5513 1809 5567 sic
1839 5512 2092 5581 exigente

589 5673 633 5702 ³⁸
671 5669 814 5724 I’sal.
854 5681 970 5726 cm,
1014 5663 1100 5717 17.

583 5811 701 5879 (il)
753 5807 946 5856 ’⁸οπου
995 5818 1105 5868 γε.
1148 5837 1162 5852 .
1197 5837 1209 5852 .
1253 5836 1263 5848 .
1303 5835 1315 5847 .

2217 2033 2520 2102 κέχρηται;
2553 2034 2824 2100 Ζωογονεῖ
2864 2033 2968 2102 μὲν
2995 2032 3071 2096 ὡς
3102 2034 3440 2103 τετράποδα,
3472 2035 3772 2098 ἐπιπολάζει

2215 2124 2273 2178 δὲ
2300 2123 2376 2194 τῷ
2401 2123 2549 2193 ἀέρι,
2565 2123 2686 2194 οὐχὶ
2721 2123 2908 2194 πτερῷ
2939 2124 3342 2195 κουφιζομένη,
3364 2125 3479 2179 ἀλλ’
3503 2126 3654 2196 ὑμένι
3681 2125 3772 2179 τινὶ

2219 2213 2553 2284 δερματίνῳ.
2591 2213 2715 2275 Πῶς
2761 2213 2818 2266 δὲ
2855 2215 3082 2268 καὶτῶν
3111 2216 3300 2284 ,χηνῶν
3341 2217 3492 2282 γένος
3521 2218 3773 2285 ἄγρυπνον

2219 2307 2313 2358 καὶ
2357 2305 2496 2376 πρὸς
2523 2305 2624 2373 τὴν
2666 2305 2774 2358 τῶν
2803 2304 3177 2360 λανθανόντων
3205 2307 3469 2376 αἴσθησιν
3501 2287 3767 2373 ὀξύτατον;

2219 2396 2338 2464 οἵγε
2395 2397 2527 2449 ποτὲ
2583 2395 2679 2448 καὶ
2711 2397 2809 2465 τὴν
2848 2395 3095 2464 βασιλίδα
3148 2397 3310 2450 πόλιν
3358 2397 3766 2470 περιεσώσαντο,

2217 2483 2514 2553 πολεμίους
2558 2485 2713 2548 τινὰς
2743 2486 2970 2553 ἀφανεῖς
3017 2484 3086 2538 δι’
3135 2486 3431 2559 ὑπονόμων
3478 2490 3686 2558 ἀφανῶν
3712 2487 3767 2557 δὴ

2218 2577 2512 2646 μέλλοντας
2551 2576 2652 2647 τὴν
2697 2577 2878 2649 ἄκραν
2928 2580 3029 2648 τῆς
3074 2576 3304 2651 Ῥώμης
3353 2580 3766 2652 καταλαμϐάνειν

2217 2669 2580 2741 μηνύσαντες.

2287 2761 2380 2826 Τίς
2406 2761 2435 2813 ὁ
2467 2764 2582 2825 τοῖς
2623 2762 2758 2832 γυψὶ
2792 2763 3186 2834 προαγγέλλων
3221 2766 3342 2820 τῶν
3371 2764 3662 2838 ἀνθρώπων
3686 2764 3764 2817 τὸν

2215 2854 2487 2917 θάνατον,
2545 2856 2676 2908 ὅταν
2741 2855 2864 2908 κατ’
2929 2856 3178 2926 ἀλλήλων
3241 2857 3759 2929 ὲπιστρατεύσωσιν;

2216 2943 2374 3007 ἰδοις
2400 2947 2508 3016 γὰρ
2553 2944 2620 2998 ἂν
2653 2944 2856 3016 μυρίας
2901 2945 3104 3016 ἀγέλας
3134 2949 3335 3016 γυπῶν
3361 2927 3472 3013 τοῖς
3502 2927 3763 3018 στρατοπέ-

2213 3036 2325 3100 δοις
2358 3037 2771 3108 παρεπομένας,
2827 3037 2889 3088 ὲκ
2937 3037 3038 3107 τῆς
3067 3041 3180 3094 τῶν
3213 3042 3402 3097 ὃπλων
3434 3036 3760 3112 παρασκευῆς

2209 3128 2652 3198 τεκμαιρομένας
2708 3131 2808 3200 τὴν
2859 3127 3107 3198 ἔκϐασιν,
3139 3133 3281 3204 ὅπερ
3321 3134 3380 3188 ού
3411 3131 3622 3204 μακράν
3661 3129 3758 3182 ἐστι

2207 3223 2488 3292 λογισμῶν
2517 3224 2894 3292 ἀνθρωπίνων.
3013 3221 3015 3223 ’
3619 3285 3624 3292 ,

2277 3315 2387 3368 Καὶ
2429 3315 2596 3378 ἄλλας
2634 3317 2691 3369 δὲ
2731 3317 3038 3388 θαυμάζειν
3071 3317 3250 3374 ἔπεισι
3313 3321 3391 3392 τῷ
3441 3317 3751 3391 προσέχοντι.

2207 3409 2287 3464 Τὰ
2319 3408 2418 3478 μὲν
2469 3411 2577 3480 γὰρ
2612 3411 2678 3464 ἐκ
2735 3411 2834 3480 τῆς
2882 3411 3134 3482 διαδοχῆς
3163 3415 3272 3467 τῶν
3321 3411 3754 3486 προϋπαρχόντων

2205 3503 2539 3572 παράγεται,
2577 3504 2644 3556 τά
2695 3503 2752 3556 δὲ
2804 3505 2885 3558 ἔτι
2941 3506 3036 3562 καὶ
3070 3505 3162 3559 νῦν
3200 3508 3262 3574 ἐξ
3320 3508 3490 3577 αὐτῆς
3528 3507 3618 3574 τῆς
3665 3498 3754 3570 γῆς

2211 3594 2632 3666 ζωογονούμενα
2674 3597 2974 3651 δείκνυται.
3002 3599 3079 3652 Ού
3113 3600 3220 3670 γὰρ
3251 3607 3420 3671 μόνον
3453 3600 3678 3665 τέττιγες
3705 3592 3756 3642 ἐν

2207 3685 2540 3756 ὲπομϐρίαις
2572 3688 2812 3753 ἀνίασιν,
2845 3689 2968 3742 οὐδὲ
3013 3689 3146 3744 ἄλλα
3184 3693 3364 3762 μυρία
3389 3691 3518 3761 γένη
3546 3686 3646 3741 τῶν
3672 3684 3755 3751 ἔμ’

2205 3781 2533 3850 φερομένων
2563 3779 2641 3849 τῷ
2669 3781 2795 3851 ἀέρι
2836 3782 3081 3851 πτηνῶν,
3113 3773 3190 3834 ὧν
3223 3761 3754 3850 ἀκατονυόμαρτάὲστι

2203 3872 2274 3924 τὰ
2309 3869 2538 3928 πλεῖστα
2581 3870 2672 3924 διὰ
2728 3870 3033 3940 λεπτότητα
3058 3888 3072 3902 ο
3129 3872 3244 3925 ἀλλ’
3279 3873 3386 3946 ἤδη
3417 3872 3510 3926 καὶ
3551 3865 3650 3936 μῦς
3675 3860 3753 3916 καὶ

2209 3962 2517 4034 βατράχους
2540 3962 2600 4026 ἐξ
2629 3961 2796 4016 αὑτοῦ
2835 3962 3202 4028 ἀναδίδοσθαι,
3231 3963 3369 4018 ὅπου
3409 3979 3470 4032 γε
3501 3963 3626 4030 περὶ
3659 3953 3752 4021 θή-

2206 4058 2307 4120 ϐας
2360 4056 2459 4120 τὰς
2492 4055 2819 4123 Αἰγυπτίας,
2871 4055 3092 4109 ἐπειδὰν
3139 4054 3242 4126 ὕσῃ
3293 4056 3506 4126 λάϐρως
3548 4053 3602 4104 ἑν
3637 4045 3749 4101 καύ·

2211 4165 2402 4219 μασιν,
2444 4147 2604 4211 εὐθὺς
2645 4146 2959 4219 ἀρουραίων
2998 4148 3156 4216 μυῶν
3206 4151 3250 4221 ἡ.
3294 4151 3448 4221 χώρα
3497 4138 3750 4205 καταπλη-

2206 4215 2395 4312 ροῦται
2431 4241 2572 4311 (ιι).
2614 4215 2726 4304 Tal;
2775 4215 2832 4294 δι
2883 4215 3108 4308 mea»;
3159 4215 3264 4294 οὐᾷ
3294 4215 3472 4303 άλλως
3499 4226 3750 4306 ὁρῶμενῆ

2204 4337 2268 4387 ὲκ
2315 4334 2413 4403 τῆς
2466 4332 2608 4395 ἰλύος
2653 4331 3076 4401 συνισταμένας,
3119 4326 3192 4386 ὧν
3228 4335 3354 4387 οῦτε
3403 4331 3509 4384 ὠὸν
3538 4324 3654 4380 οὔτε
3679 4336 3752 4380 τις

2203 4426 2365 4489 ἄλλος
2395 4425 2595 4494 τρόπος
2635 4425 2734 4495 τὴν
2783 4426 3036 4497 διαδοχὴν
3067 4425 3406 4496 συνίστησιν,
3436 4420 3550 4476 ἀλλ’
3575 4421 3637 4471 ὲκ
3667 4413 3751 4480 τῆς

2129 4507 2178 4564 D
2206 4517 2309 4586 γῆς
2341 4518 2510 4586 αὐτῆς
2543 4520 2704 4571 ,ἐστιν
2743 4519 2778 4588 ἡ
2812 4521 3052 4586 γένεσις.

2278 4609 2418 4675 Ὅρα
2447 4610 2503 4662 δὲ
2538 4611 2632 4662 καὶ
2657 4609 2748 4662 τὸν
2775 4610 3022 4674 ὲρωδιόν.
3069 4609 3130 4663 ’4)
3160 4608 3382 4679 ὲρωδιδς
3412 4603 3548 4664 εἶδος
3578 4594 3749 4668 ὀρνέου

2204 4701 2323 4752 tm
2367 4700 2673 4768 πηγνύντος
2718 4701 2818 4768 τὴν
2852 4700 3049 4752 καλιάν
3083 4699 3264 4756 ,αὑτοῦ
3319 4697 3537 4750 πάντων
3565 4682 3752 4741 ἄνωθεν

2203 4793 2312 4844 τῶν
2341 4767 2638 4860 στρουθῶν,
2670 4790 2838 4861 ἤγουν
2877 4792 2935 4842 ἐν
2983 4792 3098 4852 τοῖς
3129 4788 3487 4856 ὑψηλοτάτοις
3519 4776 3621 4830 τῶν
3649 4767 3751 4823 δέν-

2203 4879 2366 4946 δρων,
2426 4877 2520 4931 καὶ
2581 4879 2816 4946 μάλιστα
2881 4881 3000 4940 ταῖς
3056 4877 3298 4939 ἐλάταις.
3335 4871 3497 4929 Καὶὸ
3539 4859 3748 4917 Ἀκύλας

2209 4987 2229 5020 ι
2255 4969 2494 5040 Ἐρωδιῷ
2532 4970 2720 5023 ἐλάται
2749 4970 2886 5039 οἴκῳ
2914 4971 3102 5023 αὑτοῦ.
3146 4989 3165 5020 ι
3205 4971 3422 5023 Πάντων
3445 4957 3536 5015 οὖν
3564 4949 3747 5008 ἀνωθεν

2202 5063 2311 5114 τῶν
2343 5063 2624 5132 στρουθῶν
2652 5063 2892 5131 πήγνυσι
2924 5065 3024 5132 τὴν
3049 5061 3264 5117 καλιάν.
3299 5057 3456 5114 Κατά
3491 5050 3642 5105 τοῦτο
3665 5039 3747 5092 καὶ

2201 5155 2228 5206 ὁ
2252 5127 2424 5206 Δαϐίδ-
2450 5169 2606 5222 φησι·
2641 5127 2784 5206 (Τοῦ
2817 5127 3043 5223 ἐρωδιοῦ
3076 5155 3108 5224 ἡ
3139 5153 3390 5206 κατοικία
3423 5146 3630 5218 ἡγεῖται

2196 5243 2327 5298 τῶν.
2375 5262 2394 5295 ι
2432 5220 2687 5316 Τοσαύτη
2739 5244 2793 5297 δὲ
2849 5220 3180 5314 σωφροσύνῃ
3223 5243 3390 5311 συζῇν
3419 5239 3507 5290 τὸν
3544 5220 3745 5316 ἐρωδιδςν

2194 5336 2335 5388 ὥστε
2369 5337 2534 5407 ἡνίκα
2581 5309 2717 5407 πρδς
2753 5309 3043 5389 συνουσίαν
3098 5309 3355 5408 ἔρχεσθαι
3398 5325 3592 5400 μέλλει»
3624 5309 3742 5408 iiii"

2196 5444 2298 5496 ρας
2353 5428 2541 5480 πενθεῖ
2589 5428 3021 5495 τεσσαράκοντα,
3057 5429 3150 5480 καὶ
3178 5428 3320 5496 μετά
3347 5423 3444 5493 τὴν
3478 5406 3742 5470 συνουσίαν

2194 5520 2385 5588 ἐτέρας
2417 5521 2850 5590 τεσσαράκοντα·
2885 5521 3278 5590 δυσανασχετεί
3333 5517 3427 5582 καὶ
3471 5509 3572 5579 γὰρ
3612 5495 3740 5552 τουτὶ

1385 5799 1679 5862 καταπίοι,
1707 5796 1897 5849 virm.
1957 5795 2215 5866 Snppleta
2247 5812 2310 5851 ex
2345 5798 2403 5851 \'.
2439 5808 2492 5852 ct
2526 5798 2581 5855 ιε’.
