4008 6432
224 374 318 443 105

1464 384 1874 454 ANNALIUM
1918 390 2114 455 PARS
2153 395 2202 460 Ῑ.

3383 402 3496 465 106’

215 493 270 546 τὸ
312 492 506 562 ὄρνεον
542 491 599 546 εῐ
651 509 783 550 ποτε
847 490 1066 563 φύσεως
1131 494 1348 567 ἀνάγκη
1410 496 1546 565 πρὸς
1577 497 1784 570 ἄλληλα

1914 517 2139 565 nutnam
2175 509 2243 566 ad
2270 509 2715 582 coniunctionem
2744 507 3103 581 pertrahitur,
3135 511 3289 580 quasi
3313 514 3489 581 quid-‘

215 583 612 649 συνδυάζεσθαι
669 585 989 639 καθέλκοιτο
1021 628 1036 651 ,
1102 586 1200 640 ἅτε
1249 589 1314 659 δὴ
1370 587 1472 660 τὴν
1529 590 1784 645 ἐντεῦθεν

215 675 402 747 ἀηδίαν
428 677 736 746 παριστῶν.
771 678 833 731 Εί
861 678 918 731 δὲ
948 677 1125 732 ταῦτα
1157 679 1333 743 οὕτως
1372 680 1510 752 ἔχει,
1543 686 1595 736 τί
1624 684 1788 753 ποιή-

215 784 378 837 σομεν
408 769 608 839 ήμεῖς;
644 771 696 824 oi
725 769 868 840 λόγῳ
909 771 1010 842 μὲν
1038 772 1418 842 τετιμημένοι,
1455 777 1575 838 ταῖς
1603 774 1660 829 δὲ
1692 774 1787 829 τοῦ

216 859 330 930 βίου
365 863 512 915 κατὰ
536 861 795 916 τοσοῦτον
829 863 1044 933 ἡδοναῖς
1085 865 1503 936 ἐμπεδούμενοι.
1785 904 1791 910 -

284 954 396 1008 Καὶ
447 955 579 1026 περὶ
641 957 740 1028 μὲν
781 955 876 1010 τοῦ
935 956 1262 1025 πελεκάνου,
1312 951 1391 1012 οὗι
1425 959 1517 1014 καὶ
1564 961 1594 1014 6
1625 960 1791 1017 A‘a6l6

218 1047 495 1118 μέμνηται
531 1049 737 1117 λέγων·
774 1069 792 1102 ι
817 1049 1124 1120 Ὠμοιῶθην
1156 1051 1418 1106 πελεκᾶνι
1453 1053 1730 1125 ἔρημικῷ,
1763 1072 1782 1104 ι

214 1142 265 1194 τί
297 1142 408 1212 χρὴ
440 1142 536 1197 καὶ
564 1142 744 1211 λέγειν
771 1159 787 1210 ;
825 1143 1012 1198 Τοῦτον
1034 1145 1095 1198 τὸ
1136 1145 1340 1216 πτηνὸν
1368 1147 1427 1200 ἐν
1459 1148 1660 1219 ἄκραις
1691 1147 1791 1200 πέ-

214 1257 370 1311 τραις
407 1241 650 1310 πήγνυσι
681 1241 780 1312 τὴν
815 1242 1035 1309 καλιάν,
1059 1244 1189 1306 τοὺς
1227 1243 1553 1308 ἐπιϐούλους
1595 1244 1794 1314 ἐκφεύ-

215 1349 330 1399 γειν
361 1331 456 1385 διὰ
500 1333 781 1403 φροντίδος
834 1335 1184 1404 ποιούμενον.
1248 1337 1388 1390 Ἀλλ’
1423 1339 1451 1390 6
1504 1337 1793 1401 ἐπίϐουλος

214 1423 338 1492 ὄφις
367 1423 537 1493 ἡνίκα
563 1424 656 1478 τὺν
693 1423 905 1494 πατέρα
941 1423 1141 1495 μικρόν
1190 1441 1243 1478 τι
1269 1425 1390 1480 τῶνα
1413 1424 1626 1480 τέκνων
1657 1429 1794 1480 άπο-

215 1517 430 1571 πτάντα
465 1517 749 1586 θεάσηται,
785 1517 881 1589 τῆς
932 1517 1225 1590 ἐπιϐουλῆς
1265 1521 1610 1590 παραχρῆμα
1662 1520 1797 1589 ἐφά-

217 1627 433 1665 πτεται.
466 1611 574 1666 Καὶ
599 1610 785 1679 ἐπειδὴ
821 1611 895 1682 μὴ
931 1611 1325 1682 προσεγγίζειν
1385 1615 1451 1684 τῇ
1493 1613 1662 1684 καλιᾷ
1700 1611 1795 1666 δύ-

217 1719 398 1766 ναται,
424 1703 518 1757 τὸν
569 1702 647 1756 ίὸν
696 1703 882 1768 αὐτοῖς
911 1703 1118 1774 ὲπιχέει
1161 1704 1259 1759 καὶ
1294 1705 1602 1777 πόρρωθεν·
1637 1723 1795 1777 περι·

219 1796 508 1864 σκοπήσας
546 1796 654 1868 γὰρ
695 1797 960 1869 πρότερον
1009 1799 1132 1852 ὅθεν
1191 1800 1434 1854 είςπνέει
1491 1800 1520 1854 6
1569 1800 1792 1870 ἄνεμος,

1897 601 2024 656 dam
2060 602 2190 659 inde
2241 603 2347 658 sibi
2403 603 2628 675 ingratas
2673 603 2754 659 rei
2803 603 3057 658 accidere
3108 603 3489 670 signiﬁcaret-

1897 697 2030 763 Quae
2060 699 2104 753 si
2140 713 2268 752 vera
2301 707 2454 762 sunt,
2474 697 2608 768 quid
2641 713 2760 763 nos,
2787 711 2996 767 qumso.
3024 696 3220 750 facturi
3247 698 3479 752 sumus?
3517 721 3520 724 η

1897 789 1992 858 qui
2031 787 2302 843 beneficio
2358 789 2592 843 rationis
2622 788 2802 843 ornati
2838 787 3206 842 nihilominus
3237 787 3362 842 vita:
3392 803 3496 843 γοα

1897 881 2204 952 leptatibus
2237 882 2361 952 plus
2390 895 2551 952 aequo
2582 895 2775 935 sumus
2807 879 3041 935 addicti.

1968 970 2110 1036 Quid
2145 971 2212 1027 de
2238 973 2502 1042 pelecano
2518 972 2769 1027 dicemus
2789 971 2813 1024 ?
2837 972 3004 1042 cujus
3031 972 3084 1026 in
3109 971 3342 1027 Psalmis
3369 971 3486 1027 suis
3511 1015 3515 1018 .

1899 1063 2135 1120 Davides
2164 1063 2331 1118 etiam
2359 1063 2612 1119 meminit
2645 1082 2659 1120 :
2704 1063 2936 1118 «Factus
2963 1079 3082 1118 sum
3107 1104 3121 1128 ,
3176 1063 3275 1126 ait,
3338 1065 3489 1134 pele-

1901 1170 2040 1212 cano
2070 1155 2327 1211 solitario
2347 1155 2657 1212 similis"'.i
2711 1155 2842 1212 A‘vis
2873 1155 2990 1211 hac
3021 1157 3252 1211 summis
3280 1157 3334 1210 in
3363 1171 3489 1212 sco-

1900 1251 2046 1320 pulis
2078 1248 2269 1304 nidum
2294 1250 2558 1316 exstruit,
2594 1248 2836 1305 sollicite
2871 1249 3200 1305 incumbens
3230 1234 3373 1304 in'id
3426 1260 3490 1305 ut

1903 1342 2258 1398 insidiatores
2292 1342 2456 1398 vitet.
2486 1341 2697 1397 Verum
2735 1356 2966 1411 serpens
2997 1341 3290 1396 insidiator
3316 1340 3490 1394 etiam

1903 1448 2099 1505 magno
2127 1447 2195 1488 ex
2223 1433 2519 1488 intervallo
2548 1432 2704 1488 virus
2729 1447 2890 1488 suum
2922 1433 2976 1488 in
3001 1433 3181 1502 pullos
3207 1434 3330 1499 ejus
3357 1446 3491 1488 evo-

1904 1525 2024 1580 mit.
2057 1524 2422 1596 Posteaquam
2485 1525 2632 1580 cnim
2687 1524 3083 1596 circumspexit
3118 1523 3262 1579 unde
3292 1533 3493 1580 ventus

1903 1621 2097 1692 Spiret,
2137 1618 2206 1673 ab
2236 1633 2299 1674 ea
2353 1625 2507 1688 parte
2553 1632 2769 1674 veneno
2823 1617 3006 1672 amato
3060 1615 3349 1672 interitum
3407 1615 3493 1671 eis

1910 1709 2090 1765 affert.
2121 1707 2229 1780 45
2257 1707 2398 1762 Tum
2439 1722 2570 1764 vero
2600 1717 2757 1778 pater
2789 1722 2955 1779 supra
2992 1707 3142 1778 ipsos
3185 1707 3403 1770 volans,
3434 1713 3492 1762 et
3556 1716 3558 1718 '

1905 1799 2146 1854 naturali
2195 1799 2436 1869 quodam
2466 1799 2736 1855 instinctu
2790 1797 2964 1854 factas
3020 1798 3252 1853 insidias
3284 1797 3492 1867 depre-

220 1863 485 1942 κάκεῖθεν
547 1863 879 1963 έμιρυσσίισας⁷
925 1891 1112 1956 αὐτοῖς
1167 1893 1262 1947 τὸν
1317 1893 1417 1958 ίὸν,
1472 1863 1798 1962 ἐπάγει-τὸν

1914 1863 2362 1958 ὴειιὰθηείηυο
2419 1897 2582 1958 pacto
2642 1903 2974 1958 recuperare
3039 1888 3210 1943 vitam
3276 1863 3494 1958 possint

220 1982 462 2054 δλεθρον.
497 1982 649 2037 Ἀλλ’
698 1985 727 2038 ό
775 1984 959 2054 πατὴρ
994 1986 1232 2050 ἐπιπτὰς
1280 1983 1442 2049 αὖθις
1473 1986 1660 2051 αὐτοῖς
1703 1986 1801 2041 καὶ

223 2073 479 2140 φυσικοῖς
533 2089 643 2127 τισι
691 2074 870 2144 λόγοις
920 2075 1021 2148 τὴν
1077 2077 1376 2149 ἐπιϐουλὴν
1413 2077 1614 2132 συνιῶν
1660 2073 1802 2131 οἶδεν

225 2156 385 2224 αὖθις
409 2161 534 2217 ὅθεν
557 2162 980 2219 άναϐιώσαιντοο
1013 2163 1155 2218 κατὰ
1192 2164 1443 2235 κορυφῆς
1473 2164 1584 2234 γὰρ
1618 2163 1802 2217 αὐτῶν

225 2251 410 2321 ἡρέμα
466 2251 850 2322 πτερύσσεται,
898 2255 991 2308 καὶ
1037 2257 1138 2320 τὰς
1179 2255 1425 2327 πλευράς
1452 2254 1802 2327 ἑκατέρωθεν

228 2345 583 2416 ἐπιπλήσσων
608 2347 728 2409 ταῖς
776 2346 1036 2413 πτέρυξιν
1075 2349 1306 2419 αἵματος
1350 2348 1537 2412 αὐτοῖς
1581 2349 1803 2420 ῥανίδας

231 2441 440 2511 ἀφίησι,
470 2439 767 2495 κάντεῦθεν
805 2442 854 2495 oi
888 2440 1184 2507 τεθνεῶτες
1235 2443 1444 2496 νεοττοὶ
1481 2440 1802 2513 παραδόξως

232 2532 572 2589 ἀναϐιὼσκου
581 2552 684 2590 σιν.
1011 2535 1016 2540 ’

309 2625 603 2696 Ἐπίγνωθι
627 2627 745 2693 οῦν,
786 2630 1064 2703 άγαπητὲ,
1099 2632 1245 2697 τίνος
1284 2632 1471 2688 ἕνεκεν
1502 2634 1534 2706 η
1568 2633 1805 2705 παράδο-

239 2717 318 2782 ξος
350 2718 494 2790 αὕτη
531 2721 660 2792 περὶ
695 2722 762 2776 τά
793 2722 994 2792 ἔγγονα
1037 2724 1117 2796 τῷ
1169 2726 1431 2779 πελεκᾶνι
1461 2727 1802 2796 συμπάθεια.

238 2809 651 2882 Σκιαγραφῆσαι
681 2812 793 2882 γάρ
839 2815 868 2867 6
915 2814 1124 2887 Κύριος
1159 2816 1230 2870 τά
1281 2815 1404 2870 καθ’
1437 2818 1592 2888 ἡμᾶς
1623 2818 1805 2872 πάντα

240 2904 333 2956 κάν
361 2905 437 2975 τῷ
462 2905 653 2976 πτηνῷ
677 2907 853 2974 τούτῳ
885 2908 1055 2962 θέλων
1085 2910 1374 2979 ἀνέκαθεν,
1403 2912 1488 2965 ὅτι
1519 2929 1581 2965 τε
1616 2913 1803 2982 παρά-

241 2997 404 3062 δεισος
442 2998 689 3056 ἔκτισται
742 3005 837 3057 καὶ
877 3003 1072 3076 ὅτιπερ
1108 3005 1167 3059 ὲν
1218 3005 1366 3076 αὐτῷ
1394 3008 1443 3060 οἱ
1474 3007 1806 3077 πρωτόπλα-

242 3107 346 3145 στοι
374 3092 688 3160 τέθεινται,
734 3096 816 3150 ὅτι
863 3099 890 3151 6
923 3098 1113 3167 νοητὸς
1145 3099 1270 3168 ὄφις
1313 3100 1406 3154 τὸν
1439 3100 1674 3171 ψυχικὸν
1704 3102 1804 3156 αὐ-

240 3187 364 3289 τοῖς.
397 3185 738 3256 προύξένησε
771 3187 1023 3256 θάνατον,
1059 3191 1156 3243 καὶ
1198 3192 1282 3245 ὅτι
1333 3191 1689 3278 φιλόστοργος
1714 3188 1803 3246 οἷα
1832 3231 1875 3289 C

241 3277 414 3349 πατὴρ
449 3279 544 3333 ἐπὶ
574 3279 831 3337 τεθνεῶσι
863 3283 1054 3336 παισὶν
1086 3286 1113 3338 6
1147 3284 1378 3356 ποιητὴς
1402 3286 1627 3340 πάντων
1671 3285 1806 3349 Θεὸς

241 3369 322 3423 ἐπ’
353 3372 532 3436 αὐτοῖς
581 3374 1028 3445 ὲπικάμπτεται,
1075 3377 1411 3448 χρηματίζει
1463 3396 1522 3433 τε
1569 3379 1641 3432 τὰ
1680 3378 1807 3433 καθ’

238 3467 380 3537 ἡμᾶς
406 3467 695 3538 ἄνθρωπος
726 3469 824 3523 καὶ
871 3470 1050 3525 πάντα
1092 3471 1162 3525 τὰ
1214 3470 1382 3527 λοιπά
1417 3472 1804 3544 καταδέχεται,

241 3561 326 3616 ἐπὶ
351 3562 587 3631 σταυροῦ
633 3563 950 3618 τελευταῖον
999 3564 1252 3635 ὑψοῦται,
1293 3566 1388 3619 καλ⁵
1425 3566 1526 3637 τῆς
1562 3567 1806 3637 πλευρᾶς

240 3653 398 3706 αὑτοῦ
443 3653 767 3725 ζωήρρυτον
813 3650 951 3724 αἷμα
1002 3655 1188 3726 ὲκχέει
1227 3658 1306 3720 είς
1353 3657 1662 3711 ἀνάπλασιν
1695 3657 1809 3712 τῶν

238 3747 680 3818 πρωτοπλάστων
711 3748 937 3802 ἐκείνων
964 3749 1074 3804 τῶν
1105 3748 1185 3816 τῷ
1238 3749 1302 3819 ἰῷ
1333 3749 1680 3820 τεθνηκότων
1709 3750 1806 3804 τοῦ

236 3841 433 3910 ὄφεως,
465 3841 724 3912 τοιαύτην
753 3841 829 3912 τῷ
861 3841 1122 3896 πελεκᾶνι
1179 3842 1532 3912 συμπάθειαν
1579 3845 1711 3913 περὶ
1740 3841 1810 3896 τὰ

237 3935 432 4003 ἔγγονα
470 3933 590 3986 κατ’
620 3934 796 4004 ἀρχᾶς
831 3932 1183 4004 ὲνεφύτευσε.
1218 3932 1318 3986 Διὰ
1342 3933 1452 4005 γὰρ
1504 3932 1666 3989 τοῦτο
1713 3937 1809 3988 καὶ

238 4025 400 4079 Δαϐὶδ
427 4023 716 4096 προλαϐὼν
748 4023 956 4092 ἔλεγενο
990 4043 1009 4076 ι
1033 4023 1345 4095 Ὣμοιώθην
1383 4025 1647 4079 πελεκᾶνι
1679 4028 1811 4097 ὲρηο

241 4118 406 4188 μικῷ.
452 4137 472 4171 ι
534 4117 778 4171 Πελεκάν
833 4117 942 4189 γὰρ
981 4117 1145 4182 αὐτὸς
1196 4118 1225 4171 6
1260 4117 1521 4189 Χριστὸς,
1556 4107 1726 4177 ’καλιὰ
1783 4125 1811 4176 6

239 4209 586 4280 παράδεισος,
647 4211 852 4263 νεοττοὶ
909 4211 958 4265 οί
1019 4209 1461 4282 πρωτόπλαστοι,
1518 4214 1811 4279 ἐπίϐουλος

238 4301 355 4372 ὖφις
391 4302 553 4366 αὐτὸς
583 4303 610 4355 6
643 4302 914 4368 διάϐολος,
955 4303 1030 4368 ἰὸς
1060 4303 1239 4374 ὄφεως
1266 4307 1299 4375 ἠ
1336 4305 1400 4358 ἐκ
1426 4303 1524 4358 τοῦ
1558 4305 1810 4359 διαϐόλου

241 4395 456 4456 πάντως
509 4394 714 4466 ἀπάτη,
747 4394 977 4460 θάνατος
1028 4397 1057 4450 6
1106 4397 1171 4450 ἐκ
1213 4391 1318 4470 *ιςοῦ¹⁴
1338 4397 1472 4452 Θεοῦ
1505 4398 1811 4471 χωρισμὸς,

242 4487 551 4557 συμπάθεια
601 4487 843 4558 πατρική
880 4489 912 4555 ἡ
969 4486 1065 4542 τοῦ
1124 4487 1262 4542 Θεοῦ
1309 4490 1484 4560 Λόγου
1539 4491 1608 4546 δι’
1664 4493 1814 4563 ἡμᾶς

1903 1979 2184 2050 cognitum
2218 1979 2412 2034 habet.
2447 1979 2584 2033 Nam
2615 1979 2821 2034 leniter
2850 1993 3018 2049 supra
3067 1977 3294 2032 illorum
3321 1968 3519 2032 verti?

1903 2087 2023 2128 cem
2049 2071 2163 2126 alas
2211 2069 2554 2140 cxpandens.
2617 2076 2674 2125 et
2719 2070 2925 2126 feriens
2983 2070 3248 2140 utrinque
3292 2070 3489 2136 latera,

1904 2173 2086 2236 guttas
2113 2164 2167 2218 in
2204 2178 2303 2220 eos
2329 2164 2615 2234 sanguinis
2647 2162 2913 2219 demittit.
2975 2161 3097 2228 Quo
3155 2163 3301 2217 farto
3348 2178 3500 2218 nova.

1905 2263 1960 2310 et
2020 2255 2304 2334 inopinata
2359 2255 2600 2326 quadam
2669 2255 2887 2311 ratione
2945 2253 3082 2326 pulli
3140 2252 3269 2310 vitae
3332 2254 3494 2313 resti-

1909 2358 2166 2405 tuuntur.

1978 2631 2092 2686 Huc
2120 2629 2458 2700 exemplum,
2493 2627 2696 2684 dilecte
2727 2625 2828 2692 ﬁli,
2882 2623 3046 2680 velim
3078 2622 3212 2678 mihi
3243 2621 3504 2679 conside.

1908 2740 2017 2780 res.
2051 2725 2424 2792 Quamobrem
2460 2723 2636 2776 indita
2692 2730 2777 2775 est
2821 2721 3088 2790 pelecano
3149 2717 3504 2773 admirabilis

1907 2818 2027 2872 haec
2059 2831 2185 2886 erga
2226 2815 2474 2871 sobolem
2520 2812 2796 2869 aﬂcctio?’
2826 2811 2964 2867 Cum
2999 2811 3174 2865 multo
3207 2817 3338 2864 ante
3384 2808 3497 2862 Do-

1909 2911 2095 2966 minus
2147 2909 2255 2962 hac
2311 2907 2367 2962 in
2405 2922 2506 2962 ave
2566 2905 2734 2962 vellet
2788 2903 3106 2974 exprimere
3142 2909 3341 2956 cuncta
3376 2914 3500 2970 qum

1909 3003 2070 3058 nobis
2097 3000 2446 3065 acciderunt,
2477 2997 2628 3069 quod
2665 2996 2926 3051 nimirum
2961 2994 3256 3066 paradisus
3303 2992 3501 3048 condi-

1909 3093 2118 3160 tu3'sit,
2181 3092 2328 3163 quod
2389 3092 2442 3145 in
2478 3105 2547 3145 eo
2599 3089 2854 3146 collocati
2891 3088 3147 3143 homines
3193 3086 3506 3156 imprimi,

1909 3188 2056 3258 quod
2094 3185 2435 3243 intellectilis
2487 3185 2580 3240 ille
2643 3198 2874 3254 serpens
2915 3181 3086 3236 animi
3133 3190 3366 3235 mortem
3416 3180 3502 3234 eis

1909 3279 2306 3344 conciliaverit,
2373 3277 2522 3348 quod
2555 3276 2742 3347 opifex
2789 3277 3038 3332 omnium
3076 3276 3219 3330 Deus
3271 3284 3501 3344 paterna

1909 3373 2298 3433 benevolentia
2328 3374 2479 3428 velut
2510 3387 2638 3442 erga
2672 3370 2817 3426 ﬁlios
2851 3377 3054 3434 motus,
3085 3369 3254 3424 homo
3291 3369 3497 3432 factus,

1909 3467 2093 3521 omnia
2121 3478 2442 3537 perpessus,
2478 3463 2700 3521 tandem
2732 3463 2788 3517 in
2833 3475 3054 3518 crucem
3098 3461 3352 3516 sublatus
3403 3461 3502 3524 sit,

1911 3564 2063 3632 quod
2101 3559 2169 3616 de
2201 3559 2377 3615 latere
2408 3573 2508 3613 suo
2564 3557 2893 3627 sanguinem
2951 3554 3235 3619 eﬂ‘uderit,
3300 3571 3493 3609 verum

1912 3657 2040 3711 vita:
2070 3657 2276 3720 rivum,
2341 3653 2409 3708 ad
2445 3651 2756 3722 primorum
2791 3649 3082 3702 hominum
3138 3649 3500 3702 instauratio—

1911 3765 2063 3810 nem,
2096 3749 2191 3818 qui
2229 3761 2448 3802 veneno
2478 3744 2756 3814 serpentis
2784 3741 3045 3796 exstincti
3087 3740 3329 3800 fuerant,
3379 3740 3500 3810 ipso

1913 3856 2100 3896 rerum
2136 3837 2297 3895 initio
2330 3837 2496 3891 talem
2524 3849 2651 3905 erga
2682 3833 2930 3888 sobolem
2961 3847 3116 3888 suam
3147 3831 3496 3886 aﬂ‘cctionem

1913 3937 2173 4007 pelecano
2233 3929 2457 3988 insevit.
2527 3928 2664 3983 Nam
2716 3933 3011 3997 propterea
3086 3941 3185 3994 per
3237 3923 3497 3978 Davidem

1912 4031 2088 4088 multo
2120 4035 2248 4081 ante
2287 4022 2473 4080 verbis
2500 4021 2588 4076 bis
2619 4029 2856 4077 usnsest
2885 4036 2898 4073 :
2933 4019 3163 4074 «Factus
3199 4033 3321 4073 sum
3356 4018 3501 4086 peie-

1914 4141 2054 4183 cano
2079 4122 2329 4181 solitario
2366 4119 2618 4176 similis.»
2651 4118 2867 4173 Etenim
2916 4116 3213 4186 peleeanus
3246 4124 3334 4171 est
3385 4114 3505 4186 ipse

1913 4217 2189 4280 Christus,
2218 4215 2387 4271 nidus
2414 4211 2732 4284 paradisus,
2805 4209 2940 4281 pulli
2974 4209 3216 4280 primum
3291 4207 3503 4264 conditi

1915 4309 2192 4372 homines,
2227 4320 2461 4376 serpens
2490 4303 2788 4359 insidiator
2833 4302 2953 4372 ipse
3007 4300 3288 4364 diabolus,
3349 4298 3506 4352 virus

1914 4402 2197 4474 serpentis
2228 4399 2383 4455 fraus
2416 4397 2645 4462 diaboli,
2680 4410 2831 4451 mors
2863 4411 2893 4448 a
2931 4395 3043 4449 Deo
3071 4393 3383 4462 diremptus
3424 4403 3508 4446 at-

1917 4511 2024 4568 que
2052 4492 2350 4564 separatio,
2380 4499 2612 4561 paterna
2637 4487 2856 4544 affectio
2885 4485 2983 4541 Dei
3052 4485 3329 4540 sermonis
3360 4484 3501 4539 facta

243 4579 676 4651 ἑνανθρῶπησις.
722 4580 864 4634 Ἡδὲ
897 4580 1008 4635 τῶν
1039 4582 1275 4636 νεοττῶν
1307 4583 1549 4655 ὕπερθεν
1585 4585 1806 4641 ἐπιπτέ-

1923 4585 2113 4644 nostri.
2133 4599 2300 4641 causa
2347 4594 2562 4639 naturae
2616 4582 2874 4636 humanae
2922 4578 3250 4648 assumptio,
3291 4575 3502 4642 alarum

246 4671 391 4742 ρυξις
444 4673 478 4742 ἡ
535 4673 624 4724 ἐπὶ
657 4672 890 4741 σταυροῦ
939 4674 1034 4728 τοῦ
1075 4674 1318 4744 Χριστοῦ
1347 4677 1456 4730 τῶν
1486 4679 1816 4749 πρωτοπλά-

245 4781 382 4817 στων
411 4763 619 4819 ἄνωθεν
647 4766 1015 4836 άπαιὼρησις,
1047 4768 1302 4840 πλευρων
1327 4769 1624 4842 ἐπίπληξις
1656 4773 1690 4840 ή
1717 4773 1817 4843 τῆς

247 4859 396 4923 θείας
421 4859 571 4927 νύξις
602 4860 868 4932 πλευρᾶς,
907 4864 1005 4918 καὶ
1035 4864 1348 4920 τελευταῖον
1381 4869 1493 4930 τοῖς
1522 4867 1817 4922 τεθνεῶσιν

246 4951 534 5016 ὲπιστάξον
580 4947 720 5022 αἷμα
769 4953 1109 5027 ζωήῤῥιηοψ
1153 4959 1201 5010 εί
1236 4956 1314 5028 μὴ
1343 4958 1456 5029 γὰρ
1487 4957 1817 5030 ζωήῤῥυτον

246 5038 331 5114 ἦν,
362 5045 464 5098 οὐκ
494 5044 560 5098 ἂν
592 5048 709 5110 τοῖς
740 5049 894 5103 κάτω
917 5051 1198 5121 κειμένοις
1229 5051 1526 5122 ἐχαρίσατο
1559 5052 1659 5123 τὴν
1690 5053 1823 5109 ἀνά-

249 5155 456 5193 στασιν.
503 5140 701 5206 Καλῶς
733 5137 827 5196 οὖν
859 5143 1016 5213 ἔλεγε
1065 5143 1157 5200 διὰ
1199 5147 1296 5201 τοῦ
1330 5148 1620 5218 προφήτου
1650 5149 1679 5203 6
1707 5148 1823 5203 Κύ-

252 5245 378 5299 ριος’
415 5251 433 5284 ι
479 5229 789 5306 Ὢμοιὼθην
815 5233 1073 5290 πελεκᾶνι
1105 5237 1383 5310 ὲρημικῷ.
1422 5258 1442 5292 ι

309 5409 476 5478 Λέγει
513 5411 570 5465 δὲ
610 5414 671 5466 τό
717 5399 857 5470 πατὰ
899 5415 1117 5471 Λουκᾶν
1148 5416 1488 5490 Εὖαγγέλιον
1535 5422 1666 5494 περὶ
1713 5423 1822 5479 τῶν

249 5503 493 5571 κοράκων
542 5505 714 5560 ὅτιού
765 5509 1080 5579 σπείρουσιν
1132 5512 1254 5567 οὐδὲ
1307 5513 1636 5584 θερίζουσιν,
1683 5518 1714 5569 6
1759 5517 1819 5573 δὲ

248 5593 370 5659 Θεὸς
397 5596 591 5668 τρέφει
638 5599 796 5656 αὐτά.
827 5600 985 5666 Τίνος
1017 5605 1204 5659 ἕνεκεν
1241 5609 1477 5662 ἐνταῦθα
1508 5608 1618 5664 τῶν
1648 5610 1819 5680 κορά-

249 5702 350 5742 κων
385 5689 447 5755 ἐξ
478 5690 748 5762 ὀνόματος
793 5695 1106 5768 μέμνηται;
1143 5699 1378 5770 Λέγεται
1423 5700 1518 5758 οῦν
1552 5703 1634 5759 ὅτι
1669 5721 1822 5776 μισο-

313 5860 356 5893 ⁸⁷
398 5861 541 5918 Psal.
576 5875 650 5931 cr,
691 5861 745 5918 8.
826 5864 865 5897 ³⁸⁸
896 5863 1030 5921 Luc.
1070 5881 1168 5936 xu,
1200 5869 1292 5924 24.

1917 4694 2085 4751 supra
2120 4677 2302 4749 pullos
2317 4674 2596 4747 .eXpansio
2655 4672 2860 4729 Christi
2893 4685 3060 4740 supra
3089 4667 3343 4724 conditos
3379 4667 3505 4722 illos

1918 4771 2159 4844 primum
2195 4769 2450 4825 homines
2479 4767 2535 4822 in
2570 4781 2793 4821 crucem
2821 4763 3345 4830 sublatio,,latcrum
3384 4760 3508 4833 pul-

1918 4865 2062 4921 satio
2091 4862 2267 4919 divini
2294 4855 2491 4918 lateris
2519 4858 2779 4940 punctio,‘
2801 4873 2966 4928 quam
3007 4865 3198 4916 secuta
3249 4865 3335 4912 est
3379 4871 3510 4912 san—

1918 4956 2102 5029 guinis
2152 4956 2280 5011 viue
2331 4953 2541 5009 fontem
2591 4949 2932 5007 continentis
2991 4949 3317 5009 destillatio.
3387 4951 3509 5007 Nisi

1920 5049 2070 5106 enim
2098 5047 2352 5102 vivilicus
2372 5054 2541 5108 esset,
2576 5043 2870 5113 prostratis
2901 5043 3375 5104 resurrectionem
3408 5044 3511 5101 im-

1922 5141 2116 5216 partiri
2176 5154 2286 5195 non
2331 5148 2538 5207 posset.
2593 5137 2782 5205 itaque
2837 5149 2938 5206 per
2993 5143 3180 5190 vatem
3238 5134 3514 5195 Dominus

1921 5233 2190 5306 praeclare
2217 5231 2356 5288 dixit
2390 5246 2404 5283 :
2446 5247 2464 5280 ι
2504 5227 2708 5284 Factus
2764 5227 3208 5298 sumpelecano
3261 5228 3538 5286 solitario.

1921 5319 2132 5381 similis.
2148 5340 2167 5375 ι

1998 5415 2375 5484 Perscriptum
2424 5422 2509 5470 est
2557 5412 2610 5467 in
2662 5408 2957 5480 Evangelio
2984 5407 3288 5471 Lucae”‘:¢
3321 5408 3520 5465 Consi-

1932 5518 2123 5569 derate
2152 5525 2367 5575 corvos,
2417 5509 2512 5579 qui
2549 5523 2731 5578 neque
2759 5515 2951 5563 serunt
2985 5520 3166 5578 neque
3184 5512 3417 5570 metunt,
3459 5511 3518 5558 et

1931 5608 2073 5664 Deus
2123 5604 2488 5661 nihilominus
2524 5616 2620 5660 eos
2646 5601 2759 5658 alit.
2803 5618 2822 5652 ι
2855 5598 3226 5667 Quamobrem
3254 5597 3360 5650 hoc
3395 5595 3518 5650 loco

1933 5697 2262 5758 nominatim
2327 5711 2618 5755 corvorum
2688 5693 2747 5750 ﬁt
2818 5690 3021 5753 mentio
3079 5690 3102 5743 ?
3151 5687 3518 5759 perhibentur
