4008 6444
508 371 608 434 107

1743 374 2166 435 MICHAELIS
2203 375 2468 437 GLYCE

3685 378 3780 440 108

487 488 642 543 (σι’νί
705 487 951 542 sobolem
985 501 1135 542 suam
1165 488 1368 552 odisse,
1399 502 1461 542 ac
1491 497 1781 569 propterea
1813 489 2083 558 pullorum

2203 489 2409 552 ιὲκνους
2443 487 2605 551 ὄντας
2633 486 2832 550 αὐτοὺς
2866 486 3190 560 μήοτρέφειν
3217 485 3292 540 τὰ
3322 487 3512 540 οἰκεῖα
3544 489 3778 551 νεόττια,

486 573 810 628 εἸοηάοτυῐη
864 588 1055 628 curam
1093 574 1352 643 abjicere.
1404 569 1605 629 Verum
1654 577 1690 631 ii
1753 577 1846 630 Dei
1897 578 2078 646 provi-

491 664 679 720 dentia
713 664 963 719 victitare
994 664 1325 734 quibusdam
1369 665 1622 722 feruntur
1649 668 1993 724 anitualculis
2013 685 2078 724 ex

491 771 622 812 aere
663 764 889 827 propter
923 757 1071 826 ipsos
1128 759 1486 814 nascentibus
1533 769 1590 815 et
1619 760 1674 814 in
1718 775 1814 815 ora
1859 760 2076 815 illorum

487 848 881 904 nclabentibus.
927 846 1042 906 Hoc
1085 849 1287 920 ipsum,
1320 861 1812 923 quaeso,quantam
1839 851 2079 909 admira-

491 942 695 995 tionem
730 941 1016 997 meretur?

555 1029 693 1086 Cum
725 1034 895 1087 semel
950 1033 1107 1090 fucos
1158 1034 1646 1106 deprehenderunt
1689 1052 1861 1108 apes,
1913 1053 2080 1110 parce

487 1137 552 1176 ae
584 1123 788 1178 leniter
841 1124 896 1178 in
954 1141 1052 1181 eos
1079 1125 1300 1183 irruunt
1330 1137 1384 1182 et
1433 1139 1624 1198 captos
1649 1144 1679 1184 a
1715 1131 2080 1185 contubernio

491 1229 594 1268 suo
625 1215 903 1286 ablegant.
949 1217 1046 1273 Sin
1078 1234 1274 1274 rursus
1317 1235 1414 1276 eos
1455 1220 1848 1293 intercipiant,
1904 1232 2078 1277 morte

491 1305 756 1362 alliciunt.
807 1306 918 1380 46
945 1307 1175 1365 Eaedem
1220 1312 1420 1382 partim
1452 1328 1638 1385 regem
1669 1313 1838 1370 veluti
1871 1315 2080 1370 satelli-

493 1407 578 1451 tes
607 1397 832 1466 stipant,
861 1399 1070 1468 partim
1099 1408 1399 1457 nocturnas
1427 1402 1687 1458 excubias
1716 1411 1904 1472 agunt,
1931 1403 2079 1473 quod

495 1499 564 1538 eo
606 1493 854 1556 tempore
884 1489 1170 1558 quiescant
1197 1489 1319 1544 alia:
1347 1490 1630 1548 laboribus
1673 1493 1928 1563 fatigatze,
1957 1509 2084 1565 par-

499 1576 597 1630 tim
638 1579 740 1633 hoc
771 1579 1018 1635 muneris
1041 1579 1244 1636 habent
1270 1593 1330 1636 ut
1357 1591 1604 1639 mortuas
1629 1594 1941 1656 exportent.

569 1666 768 1724 Mirum
806 1670 972 1725 videri
1008 1685 1120 1726 non
1178 1671 1348 1729 debet
1384 1690 1488 1729 una
1549 1691 1674 1730 cum
1727 1677 2083 1735 incrementis

495 1774 560 1816 ac
634 1760 1115 1818 deminutionibus
1166 1763 1311 1820 lunae
1379 1779 1510 1822 aera
1571 1783 1792 1838 quoque
1831 1772 2080 1838 mutari,

501 1850 727 1918 quando
759 1853 1042 1910 nonnullis
1082 1854 1137 1909 in
1199 1856 1536 1914 animalibus
1588 1859 1733 1915 idem
1788 1863 2085 1918 usuvenire
2116 1839 2157 1895 Β

495 1941 772 1999 videmus.
805 1941 940 1999 Nam
974 1945 1196 2001 tradunt
1223 1947 1354 2003 ibim
1382 1949 1523 2005 caelo
1542 1950 1671 2006 luna
1701 1961 1925 2009 carente
1953 1954 2087 2010 nihil

493 2046 744 2099 cernere,
778 2034 874 2089 sed
915 2034 1107 2092 oculos
1139 2037 1344 2100 habere
1389 2039 1627 2108 clausos,
1664 2058 1767 2098 nec
1791 2044 1928 2100 cibis
1962 2045 2090 2102 ullis

495 2122 598 2178 uti.
643 2123 715 2179 Et
742 2124 971 2194 quidem
1006 2125 1062 2181 in
1099 2127 1286 2193 simio,
1311 2145 1474 2197 quem
1511 2146 1799 2202 cercopem
1844 2148 2087 2204 vocant,

494 2213 816 2272 eﬂeetiones
845 2216 948 2274 hac
993 2217 1049 2273 in
1081 2228 1237 2290 parte
1264 2231 1394 2277 sunt
1419 2222 1744 2280 illustriores
1770 2243 1784 2280 :
1807 2241 1934 2281 nam
1963 2243 2091 2283 cum

504 2306 754 2376 augescit
802 2306 974 2374 luna,
1013 2311 1304 2365 oculorum
1343 2311 1498 2369 orbis
1539 2315 1589 2368 ei
1643 2315 1927 2384 dilatatur,
1963 2334 2090 2373 cum

499 2397 864 2465 deminuitur,
888 2408 944 2454 et
969 2401 1086 2470 ipse
1108 2402 1480 2458 contrahitur.
1502 2403 1644 2472 Quin
1669 2408 1834 2462 etiam
1860 2411 2090 2465 mustela

499 2490 793 2550 deficiente
874 2495 1021 2552 lunae
1092 2495 1306 2552 lumine
1357 2498 1517 2568 jecur
1571 2500 1822 2556 imminui
1881 2503 2087 2569 sentit;

504 2583 810 2656 eademque
848 2603 1067 2646 rursum
1101 2602 1424 2658 crescente,
1475 2595 1784 2650 membrum
1838 2596 1983 2652 idem
2008 2599 2091 2652 vi-

499 2676 684 2731 cissim
763 2690 1013 2750 augetur.
1108 2683 1413 2738 Perhibent
1500 2686 1667 2739 etiam
1722 2685 1776 2739 in
1839 2687 2090 2757 Hydaspe

499 2764 668 2823 fluvio
721 2769 959 2840 lapidem
989 2774 1282 2843 quemdam
1321 2773 1469 2830 nasci
1519 2791 1684 2844 quem
1744 2777 1962 2833 lichnen
1993 2793 2091 2832 vo-

502 2868 630 2914 cant
682 2879 696 2916 :
740 2862 784 2916 is
826 2877 1162 2935 augescente
1225 2867 1354 2922 luna
1411 2883 1609 2923 sonum
1665 2868 1844 2925 dulcis
1896 2877 2092 2926 cantus

500 2950 669 3007 cdere
730 2952 931 3009 fertur.
983 2955 1043 3010 In
1077 2956 1305 3012 ﬂumine
1354 2956 1594 3024 quodam
1632 2955 1840 3014 Celtico
1883 2959 2091 3028 piscem

502 3045 771 3102 exsistere
805 3047 1052 3113 tradunt,
1088 3049 1185 3119 qui
1241 3049 1311 3104 ab
1365 3049 1571 3106 incolis
1613 3049 1819 3120 clapias
1853 3051 2094 3122 appelle-

505 3146 596 3190 tur
623 3157 636 3194 :
674 3139 725 3194 is
753 3141 882 3194 luna
913 3150 1198 3196 crescente
1229 3141 1480 3206 albescit,
1511 3143 1794 3197 deminuta
1832 3143 2089 3214 nigricat.

2181 582 2476 654 τρέφεσθαι
2509 582 2567 635 δὲ
2600 582 2832 652 προνοίᾳ
2853 581 2988 634 Θεοῦ
3024 580 3138 634 ἀπὸ
3164 579 3281 634 τῶν
3330 581 3783 650 παραφυομένων

2181 675 2258 744 τῷ
2287 675 2415 744 ἀέρι
2446 674 2703 744 ζωῦφίων
2743 672 2824 742 τῷ
2857 673 3089 742 στόματι
3124 672 3317 726 αὐτῶν
3369 673 3780 744 ἐμπιπτόντων.

2183 769 2359 824 Πόσον
2393 768 2449 822 δὲ
2479 767 2572 822 καὶ
2601 766 2760 822 τοῦτο
2791 763 3068 837 θαύματος
3100 765 3294 831 άξιονς

2258 1033 2327 1088 Δί
2360 1032 2612 1104 μέλισσαι
2647 1032 2775 1095 τοὺς
2817 1030 3072 1102 κηφῆνας
3102 1030 3334 1099 ἐφάπαξ
3367 1030 3781 1086 καταλαϐοῦσαι

2183 1124 2562 1194 πεφεισμένως
2605 1124 2868 1177 τύπτουσι
2917 1123 3012 1178 καὶ
3061 1122 3409 1176 ἀπολύουσιν
3437 1139 3452 1153 ·
3491 1125 3544 1176 εί
3582 1123 3641 1177 δὲ
3691 1127 3780 1176 καὶ

2182 1215 2340 1278 αὖθις
2390 1217 2590 1278 αὐτοὺς
2641 1215 2957 1286 κατάσχωσι
2993 1215 3225 1286 νεκροὺς
3267 1214 3641 1283 ἐργάζονται.
3673 1215 3779 1267 Καὶ

2183 1311 2237 1363 αἱ
2295 1309 2392 1380 μὲν
2447 1308 2627 1365 αὐτῶν
2688 1311 2767 1380 τῷ
2828 1311 3038 1381 βασιλεῖ
3097 1307 3519 1380 δορυφοροῦσιν
3555 1350 3572 1376 ,
3623 1310 3677 1362 αί
3723 1307 3778 1362 δὲ

2184 1401 2377 1465 νυκτὸς
2423 1401 2840 1472 ὲπαγρυπνοῦσι
2887 1401 3138 1472 φυλακῆς
3186 1401 3360 1471 χάριν
3424 1401 3518 1454 διά
3575 1403 3638 1454 τὸ
3685 1399 3781 1462 τὰς

2182 1493 2463 1558 κοπιώσας
2495 1495 2617 1548 τότε
2647 1492 3048 1556 ἀναπαύεσθαι,
3070 1492 3180 1546 τῶν
3226 1493 3292 1547 δὲ
3341 1493 3518 1563 ἔργον
3565 1489 3682 1544 ἐστὶ
3719 1490 3778 1543 τὸ

2184 1591 2284 1651 τάς
2311 1587 2514 1658 νεκρὰς
2543 1587 2902 1657 ἀποκομίζειν
2940 1584 3162 1650 ἔξωθεν.

2255 1679 2332 1734 Οὐ
2367 1679 2473 1750 χρὴ
2517 1679 2820 1749 θαυμάζειν
2868 1678 2982 1747 εῐγε
3033 1679 3155 1739 ταῖς
3202 1677 3312 1747 τῆς
3350 1674 3593 1747 σελήνης
3626 1674 3779 1740 αὐξο-

2189 1767 2449 1839 μειώσεσι
2483 1768 2880 1838 μεταϐάλλεται
2903 1769 2932 1821 ὁ
2961 1767 3090 1840 ἀὴρ,
3121 1769 3260 1822 ὅπου
3289 1783 3358 1836 γε
3399 1767 3500 1820 καὶ
3531 1767 3592 1818 ὲν
3622 1765 3773 1830 ζώοις

2184 1860 2328 1912 τισὶν
2366 1859 2483 1913 ἐστι
2506 1859 2668 1912 τοῦτο
2697 1860 2848 1913 ἰδεῖν.
2879 1860 3018 1913 Φασὶ
3058 1859 3170 1930 γάρ
3220 1857 3330 1922 τὴν
3379 1857 3495 1910 ίσιν
3527 1853 3774 1926 μηδαμοῦ

2190 1951 2324 2022 δρᾷν
2366 1951 2454 2005 ὅτε
2497 1951 2759 2019 ἀσέληνος
2793 1951 2820 2003 ὀ
2853 1945 3106 2019 οὐρανὸς,
3143 1946 3306 2018 μύειν
3354 1947 3417 2001 δὲ
3451 1947 3545 2000 καὶ
3596 1946 3774 2000 άσιτον

2193 2043 2399 2114 μένειν.
2450 2041 2512 2096 Ὀ
2538 2039 2597 2094 δὲ
2641 2039 2865 2110 κέρκωψ
2903 2040 3199 2111 προδηλοτέ
3211 2056 3316 2110 ρας
3348 2038 3468 2108 ἔχει
3498 2038 3599 2100 τὰς
3629 2038 3773 2105 ἐνερ-

2189 2135 2382 2203 γείας·
2429 2135 2519 2189 ὅτε
2564 2134 2674 2203 γὰρ
2720 2131 2876 2198 αῦξει
2909 2135 2943 2200 ἡ
2984 2133 3207 2204 σελήνη,
3244 2135 3274 2186 δ
3323 2131 3441 2184 τῶν
3485 2127 3773 2200 ὀφθαλμῶν

2191 2228 2391 2290 κύκλος
2445 2227 2618 2297 τούτῳ
2664 2226 2974 2297 εὐρύνεται,
3005 2225 3094 2278 δτε
3136 2224 3195 2279 δὲ
3240 2225 3529 2295 μειοῦται,
3566 2219 3776 2274 συστέλ-

2191 2321 2367 2375 λεται.
2404 2319 2564 2374 Ἀλλὰ
2595 2319 2690 2374 καὶ
2719 2320 2752 2390 ἡ
2781 2317 2923 2387 γαλῆ
2970 2317 3436 2388 λειψοφωτούσης
3480 2319 3580 2385 τῆς
3625 2312 3774 2384 σελή-

2191 2431 2290 2484 νης
2310 2414 2516 2482 ἥπατος
2549 2412 2798 2466 λείπεται
2823 2427 2836 2440 ο
2867 2407 3294 2478 αὐξιφωτούσης
3326 2409 3388 2462 δὲ
3419 2408 3587 2463 πάλιν
3611 2405 3773 2474 αὐτῆς

2190 2507 2252 2559 τὸ
2287 2508 2530 2559 τοιοῦτον
2577 2505 2749 2574 αὐτῆς
2800 2502 3250 2571 προσεπαύξεταιι
3303 2501 3524 2573 μόριον.
3557 2498 3693 2551 Φασὶ
3719 2495 3769 2548 δὲ

2192 2599 2289 2652 καλ⁸
2321 2599 2382 2651 ὲν
2412 2597 2646 2667 ποταμῷ
2671 2597 2751 2666 τῷ
2795 2596 3040 2666 Ὑδάσπῃ
3071 2595 3377 2664 γεννᾶσθαι
3415 2593 3567 2646 λίθον
3597 2591 3770 2658 λίχνην

2191 2691 2549 2760 καλούμενον,
2587 2691 2646 2754 ὃς
2687 2689 2916 2760 σελήνης
2967 2689 3281 2758 αὐξομένης
3325 2683 3464 2759 ἦχον
3518 2680 3767 2754 μελῳδίας

2193 2783 2467 2837 ἀποτελεῖ.
2501 2784 2612 2836 Καὶ
2662 2782 2719 2834 ἑν
2768 2779 3002 2851 ποταμῷ
3049 2780 3107 2833 δὲ
3159 2778 3423 2848 Κελτικῷ
3471 2772 3768 2831 διαιτᾶσθαι

2196 2874 2348 2946 ἰχθὺν
2378 2875 2623 2927 κλωπίαν
2671 2857 2955 2945 ἐγχωρίως
2981 2872 3351 2940 καλούμενον,
3386 2871 3447 2931 ὃς
3477 2867 3767 2936 αὐξομένης

2192 2965 2288 3032 τῆς
2314 2964 2543 3032 σελήνης
2567 2963 2934 3026 λευκαίνεται,
2975 2963 3310 3031 μειουμένης
3341 2961 3400 3014 δὲ
3436 2958 3760 3028 μελαίνεται.

2193 3055 2378 3108 Ταῦτα
2412 3055 2468 3107 δὲ
2495 3056 2562 3124 τῇ
2593 3053 2884 3126 ἑξαημέρῳ
2911 3053 3076 3106 αὐτοῦ
3110 3053 3590 3124 συμπεριείληφεν
3619 3049 3645 3100 ὁ
3675 3044 3762 3115 μὲ-

2195 3163 2298 3216 γας
2337 3146 2709 3209 Ἀναστάσιος.

419 3261 422 3264 -
508 3232 688 3302 Atque
741 3229 858 3286 haec
888 3231 1111 3300 quidem
1142 3232 1309 3288 etiam
1344 3233 1488 3288 libro
1536 3248 1637 3288 suo
1670 3236 1734 3290 de
1767 3249 1862 3290 sex
1925 3237 2230 3306 primorum
2265 3238 2333 3293 ab
2377 3248 2502 3294 ortu
2546 3237 2740 3293 mundi
2806 3237 3022 3293 dierum
3077 3235 3317 3304 opificiis
3378 3247 3610 3306 magnus
3641 3231 3770 3284 Ana-

506 3323 710 3380 stasius
727 3325 830 3379 «ille
859 3325 1178 3394 complexus
1205 3336 1312 3382 est.

577 3419 850 3476 Caeterum
881 3430 1080 3490 prater
1107 3421 1230 3477 illos
1252 3423 1593 3496 quoquequui
1630 3426 2094 3481 resurrectionem
2125 3429 2168 3486 ο

508 3511 748 3564 futuram
789 3525 901 3565 non
949 3511 1183 3567 credunt
1225 3514 1312 3569 vel
1359 3514 1544 3584 potius
1587 3531 1707 3571 eam
1751 3515 2006 3581 irrident,
2035 3524 2095 3570 ut

509 3602 752 3658 eximius
798 3602 890 3657 ille
939 3614 1133 3660 noster
1191 3606 1532 3676 Epiphanius
1581 3607 1700 3676 ait,
1753 3609 2096 3665 admirabilia

503 3678 766 3761 quaedam
794 3701 852 3750 et
886 3709 1028 3749 nova
1059 3695 1203 3751 Deus
1245 3697 1323 3752 uti
1360 3699 1809 3755 lierentconsilio
1834 3701 2094 3771 singulari

466 3787 783 3842 instituit.
853 3787 1128 3843 Phascusa
1187 3789 1305 3845 dies
1377 3807 1444 3846 xi.
1520 3802 1738 3847 mortua
1793 3792 2095 3848 reviviscit.

512 3878 702 3949 Myops
726 3879 841 3934 sive
865 3879 1098 3935 tabanus
1127 3895 1180 3934 vn
1247 3891 1392 3937 totos
1422 3899 1639 3939 menses
1661 3891 1907 3940 mortuus
1932 3883 2098 3938 vitam

516 3973 834 4036 recuperat.
869 3965 1102 4022 Phoenix
1153 3970 1271 4024 avis
1319 3979 1402 4024 est
1451 3971 1707 4035 Arabica,
1743 3987 1865 4042 quae
1897 3982 1952 4027 et
1981 3976 2102 4028 uni-

515 4072 654 4129 gena
681 4067 737 4112 et
765 4060 1040 4128 comparis
1064 4075 1262 4130 expers
1292 4060 1469 4117 fertur
1513 4067 1566 4118 in
1598 4064 1881 4120 creatione
1917 4081 2100 4120 rerum

507 4149 824 4206 exstitisse.
852 4149 992 4206 Huic
1024 4151 1079 4206 in
1115 4151 1363 4223 singulos
1394 4168 1567 4210 annos
1589 4173 1620 4210 υ
1649 4155 1917 4227 ejusmodi
1945 4157 2106 4226 quid-

520 4239 649 4294 dam
679 4241 978 4296 usuvenire
1011 4241 1268 4305 traditur,
1306 4241 1454 4312 quod
1497 4243 1678 4298 laetam
1715 4243 1866 4298 illam
1921 4259 2106 4299 resur-

522 4334 823 4390 rectionem
845 4334 1064 4406 egregie
1081 4333 1241 4388 nobis
1268 4335 1338 4389 ob
1361 4333 1549 4388 oculos
1570 4334 1746 4404 ponit.
1766 4335 1901 4391 Nam
1928 4335 2103 4392 (ἔτωοὶ

525 4435 966 4482 commemorant
1011 4441 1138 4481 eum
1193 4426 1357 4480 ﬁnem
1401 4441 1560 4480 suum
1597 4427 2016 4496 prospicientem
2051 4430 2106 4484 i‘n

524 4518 820 4590 {Egyptum
851 4532 973 4573 sese
1025 4520 1278 4572 conferre
1314 4531 1378 4570 ac
1423 4517 1523 4571 soli
1559 4517 1870 4572 obvertere.
1900 4518 2106 4574 Deinde

528 4613 582 4666 in
613 4610 900 4681 pulverem
937 4609 1212 4672 exuritur,
1250 4609 1317 4662 de
1349 4622 1459 4677 quo
1498 4607 1724 4674 pulvere
1754 4610 1957 4665 vermis
2008 4627 2108 4664 na-

523 4702 721 4766 scitur,
749 4701 843 4771 qui
872 4715 1069 4755 rursus
1122 4700 1177 4754 in
1221 4701 1503 4754 volucrem
1537 4709 1908 4754 commutatur
1946 4717 2106 4771 quem

2287 3420 2448 3476 Ἀλλὰ
2479 3421 2574 3476 καὶ
2617 3421 2705 3474 διὰ
2732 3421 2864 3484 τούς
2911 3418 3340 3490 ἀπιστοῦνταςῆ
3378 3419 3580 3490 μᾶλλον
3612 3418 3768 3471 είπείν

2205 3509 2572 3579 ἐπιγελῶντας
2617 3511 2684 3580 τῇ
2733 3509 3053 3571 ἀναστάσει,
3104 3508 3250 3563 καθά
3308 3526 3478 3580 φησιν
3533 3509 3561 3560 ὁ
3612 3507 3769 3578 μέγας

2217 3604 2555 3672 Ἐπιφάνιος,
2605 3601 2886 3672 παράδοξά
2951 3620 3072 3654 τινα
3127 3603 3602 3671 προῳκονόμησαν
3639 3598 3770 3665 γίνε-

2206 3697 2356 3750 σθαι.
2401 3695 2466 3747 Ἦ
2497 3695 2683 3764 φάσκα
2713 3695 2937 3762 θνήσκει
2970 3693 3182 3763 ἡμέρας
3213 3693 3654 3763 τεσσαράκοντα,
3683 3684 3768 3739 καὶ

2208 3787 2372 3841 πάλιν
2415 3787 2725 3840 ἀνίσταται.
2769 3784 2828 3836 Ὀ
2885 3782 3047 3851 μύωψ
3095 3783 3328 3852 θνήσκει
3365 3784 3540 3852 μῆνας
3573 3779 3650 3844 ἒξ,
3685 3772 3768 3828 καὶ

2208 3877 2374 3932 πάλιν
2396 3877 2708 3932 ἀνίσταται.
2749 3875 2809 3930 '0
2840 3874 3017 3944 φοῖνιξ
3047 3875 3074 3927 ὁ
3122 3875 3420 3944 Ἀρασικδς
3451 3874 3599 3944 ὅρνις
3627 3869 3768 3935 λέγε-

2207 3989 2298 4025 ται
2328 3968 2468 4025 εἷναι
2497 3969 2816 4040 μονογενής.
2844 3968 3047 4034 ἄζυγος
3077 3970 3133 4021 ὲν
3159 3971 3224 4038 τῇ
3267 3965 3622 4038 δημιουργίᾳ,
3644 3957 3769 4013 κατὰ

2209 4063 2306 4132 ἐτη
2327 4061 2659 4116 πεντακόσια
2684 4061 2843 4113 τοῦτο
2873 4061 3076 4130 πάσχει
3106 4059 3134 4113 ὃ
3163 4061 3258 4112 καὶ
3285 4059 3523 4130 φαιδρὰν
3553 4047 3770 4122 προϊστᾷ

2210 4155 2308 4224 τὴν
2367 4153 2687 4208 ἀνάστασιν.
2717 4152 2883 4205 Αὐτοὶ
2941 4152 3038 4205 καὶ
3086 4152 3197 4223 γὰρ
3251 4155 3303 4206 οἱ
3343 4151 3605 4220 Ἕλληνες
3654 4141 3769 4208 περὶ

2212 4244 2376 4300 αὐτοῦ
2423 4245 2740 4316 διηγοῦνται
2799 4244 2883 4296 ὅτι
2945 4243 3220 4314 προγνοὺς
3286 4245 3347 4297 τὸ
3408 4241 3561 4302 τέλος
3620 4228 3768 4291 αὐτοῦ

2212 4339 2431 4410 ἔρχεται
2465 4335 2596 4405 περὶ
2642 4335 2740 4404 τὴν
2786 4334 3065 4402 Αἴγυπτον
3100 4333 3195 4386 καὶ
3240 4333 3474 4401 ἀντικρύ
3512 4327 3602 4381 τοῦ
3631 4322 3767 4418 ﬁlio?

2213 4431 2455 4493 ἵσταται,
2489 4423 2606 4480 εἶτα
2651 4425 2972 4496 τεφροῦται,
3002 4429 3099 4479 καὶ
3150 4426 3262 4479 άπὸ
3313 4424 3409 4479 τοῦ
3456 4421 3577 4493 χοὸς
3620 4417 3768 4469 αὐτοῦ

2216 4521 2431 4590 σκώληξ
2460 4521 2738 4586 γεννᾶται,
2767 4519 2865 4572 καὶ
2890 4517 3050 4581 αὐτὸς
3085 4516 3246 4580 αὖθις
3271 4518 3356 4581 είς
3382 4513 3582 4584 πτηνὸν
3615 4520 3768 4579 μετα-

2217 4613 2492 4668 ϐάλλεται.
2519 4613 2623 4665 Τὸν
2655 4610 2877 4680 φοίνικα
2919 4611 2976 4663 δὲ
3003 4611 3216 4676 τοῦτον,
3243 4610 3321 4674 ὡς
3358 4611 3608 4677 εἴπομεν,
3645 4593 3770 4670 μετά

2217 4705 2310 4775 ἔτη
2354 4704 2687 4757 πεντακόσια
2737 4702 2895 4755 εἴωθε
2943 4701 3212 4770 γίνεσθαι.
3257 4703 3317 4755 Ὀ
3371 4701 3430 4754 δὲ
3479 4685 3772 4766 στρουθὸςὁ

529 4795 844 4863 phoenicem
873 4792 1139 4848 dicimus.
1187 4794 1368 4861 Atque
1422 4791 1566 4857 hoc,
1614 4801 1675 4846 ut
1725 4791 2098 4857 indicavimus,

2214 4795 2449 4858 Λιϐυκδς
2479 4795 2634 4865 ὅρνις
2666 4795 2764 4864 μὲν
2795 4795 2932 4859 ἔστι,
2967 4794 3247 4864 πτερωτὸς
3275 4794 3354 4861 δὲ,
3391 4793 3452 4845 οὐ
3482 4789 3697 4841 πέταται
3719 4777 3769 4832 δὲ

530 4897 654 4956 post
710 4888 970 4959 singulos
1011 4887 1348 4957 quingentos
1393 4901 1569 4939 annos
1623 4885 1740 4939 fieri
1797 4888 2106 4942 consuevit.

530 4977 727 5033 Passer
756 4988 942 5033 autem
973 4977 1217 5048 Libycus
1249 4975 1364 5030 avis
1397 4975 1618 5046 quidem
1663 4984 1751 5031 est
1784 4975 1920 5047 (alas
1962 4979 2108 5032 enim

533 5069 751 5141 habet),
783 5084 978 5124 verum
1030 5083 1140 5122 non
1184 5067 1332 5121 volat
1370 5074 1656 5136 propterea
1706 5067 1850 5136 quod
1905 5083 2114 5138 pennas

533 5161 821 5220 habeatad
854 5161 1093 5216 volatum
1125 5175 1232 5215 non
1257 5160 1389 5215 satis
1422 5160 1672 5224 idoneas,
1726 5160 1962 5229 utﬁqua:
1987 5159 2113 5230 pilis

537 5253 856 5308 consimiles
905 5253 1040 5307 sint.
1091 5253 1240 5307 Idem
1270 5251 1426 5322 bipes
1465 5263 1549 5306 est
1576 5253 1757 5336 a‘vium
1792 5267 1967 5317 more,
2022 5251 2119 5306 sed

546 5346 782 5418 ungulas
807 5346 1013 5401 divisas
1045 5347 1212 5403 habet
1237 5353 1296 5400 ut
1321 5345 1655 5417 quadrupes.
1695 5345 1928 5401 Unicum
1957 5346 2121 5402 modo

538 5441 713 5496 fetum
744 5439 860 5494 avis
889 5439 1038 5494 nulla
1067 5440 1239 5511 gignit
1267 5449 1464 5509 prater
1502 5453 1781 5509 cocygem.
1813 5436 1969 5503 Quod
1998 5437 2121 5508 qui-

541 5533 668 5587 dem
695 5531 758 5586 fit
779 5530 848 5584 ob
878 5532 999 5602 ejus
1023 5538 1234 5585 natura:
1261 5528 1635 5600 frigiditatem,
1674 5543 1796 5596 qua:
1826 5527 1895 5582 de
1927 5528 2120 5582 formi-

546 5625 677 5678 dine
711 5622 990 5693 colligitur
1024 5639 1037 5676 :
1071 5637 1196 5676 nam
1249 5621 1352 5676 nisi
1391 5619 1614 5674 timidus
1653 5629 1831 5686 esset,
1864 5636 1993 5675 aves
2036 5620 2121 5690 ip-

2221 4887 2309 4940 διὰ
2341 4887 2402 4939 τὸ
2434 4887 2504 4940 τὰ
2534 4887 2712 4958 πτερά
2751 4887 2916 4940 αὐτοῦ
2952 4888 3026 4960 μὴ
3048 4886 3414 4959 χρησιμεύειν
3442 4886 3519 4945 είς
3545 4880 3730 4945 πτῆσιν
3752 4883 3767 4897 ’

2219 4978 2494 5050 τριχοειδῆ
2545 4978 2674 5049 γάρ.
2721 4980 2828 5031 Καὶ
2877 4979 3066 5042 δίπους
3138 4979 3238 5050 μιν
3287 4979 3435 5032 ἔστιν
3489 4973 3560 5034 ὼς
3612 4968 3764 5036 ὅρνις,

2219 5071 2425 5140 διχηλεί
2452 5071 2508 5124 δὲ
2538 5071 2612 5132 ὡς
2635 5071 2964 5142 τετράπους.
3003 5070 3161 5124 Ἀλλὰ
3195 5072 3289 5126 καὶ
3322 5066 3607 5140 μονοτόκον
3630 5052 3767 5142 οὐδὲν

2219 5139 2328 5215 τών
2368 5162 2596 5230 ὀρνίθων
2634 5139 2807 5228 ἐστίν,
2841 5165 2889 5216 εί
2941 5163 3017 5233 μὴ
3067 5163 3229 5232 μόνος
3282 5139 3333 5215 δέ
3369 5153 3570 5220 κόκκυξ
3607 5146 3686 5202 διὰ
3714 5139 3766 5194 τδ

2219 5253 2430 5323 ψυχρὸν
2464 5255 2560 5323 τῆς
2609 5254 2776 5307 αὐτοῦ
2828 5254 3070 5323 φύσεως.
3107 5254 3229 5306 Ὅτι
3277 5253 3332 5306 δὲ
3377 5246 3601 5339 ψυχρὸ-ςς
3629 5235 3767 5339 δῆλον

2219 5349 2284 5400 ὲκ
2315 5347 2414 5417 τῆς
2444 5347 2648 5410 δειλίας
2676 5346 2845 5402 αὐτοῦ
2871 5361 2888 5377 ⁶
2928 5347 3025 5400 καὶ
3052 5348 3161 5418 γὰρ
3193 5348 3240 5400 εί
3276 5347 3350 5416 μὴ
3385 5340 3448 5411 ἢν
3472 5335 3654 5395 δειλὸς,
3677 5335 3763 5379 οὐκ

2217 5439 2283 5493 ἂν
2317 5440 2422 5493 ὑπὸ
2453 5441 2674 5494 πάντων
2708 5439 2966 5493 ἐδιώκετο
3010 5441 3120 5494 τῶν
3157 5440 3380 5510 ὀρνέων,
3413 5426 3690 5488 κάντεῦθεν
3713 5419 3764 5510 ἐν

2217 5533 2528 5603 ἀλλοτρίαις
2557 5533 2738 5586 ἔτικτε
2764 5535 3055 5598 νεοττιαῖς.
3092 5508 3382 5601 Πανταχοῦ
3411 5528 3466 5581 δὲ
3510 5525 3540 5593 ἡ
3573 5508 3758 5590 ψυχρό“

2217 5639 2317 5691 της
2346 5623 2494 5675 αἰτία
2533 5621 2754 5684 δειλίας.

545 5729 666 5768 sum
695 5691 964 5768 universae
991 5728 1100 5767 non
1168 5721 1654 5784 persequerentur.
1698 5710 1818 5777 Quo
1855 5710 1974 5782 ipso
2011 5710 2072 5764 fit
2134 5721 2193 5767 ut
2231 5712 2377 5768 nidis
2422 5712 2616 5768 alienis
2647 5722 2854 5769 utatur.
2907 5712 3014 5787 Est.
3055 5723 3239 5771 autem
3278 5706 3538 5780 frigiditas
3575 5691 3754 5758 ubique

544 5804 860 5864 formidinis
889 5821 1070 5863 causa.
