4008 6430
331 307 424 372 109

1553 327 1960 389 ANNALIUM
2003 327 2194 386 PARS
2240 329 2283 386 I.

3465 325 3568 392 11‘)

398 429 538 483 Ἀλλ’
565 431 686 485 οὐδὲ
719 437 880 492 τοῦτό
928 453 986 492 σε
1015 442 1420 513 παραδραμεῖν,
1455 445 1728 514 άγαπητὲ,
1758 447 1869 516 βού·

2059 447 2166 518 5.7
2205 447 2285 502 Ne
2319 446 2423 501 hoc
2457 446 2678 517 quidem
2727 445 2950 502 silentio
2991 444 3273 516 praeterire
3303 460 3524 516 possum
3549 486 3565 510 ,

317 521 501 592 λομαι,
532 526 968 600 παραδοξότερον
1001 534 1095 586 καὶ
1133 536 1368 604 μάλιστα
1407 538 1518 592 τῶν
1543 539 1719 595 ἄλλων
1746 541 1828 606 ὃν,
1857 542 1886 596 ὃ

319 613 447 680 περὶ
490 612 706 683 δρνιθος
733 617 826 671 τοῦ
875 621 1216 692 καλουμένου
1272 627 1511 696 μέροπος
1559 631 1587 684 ό
1636 630 1885 695 Ᾱίλιανδς

317 701 537 769 ἱστορεῖ.
575 706 803 778 (Μέροψ
848 729 868 762 ι
914 711 1090 780 λέγων
1146 733 1165 766 ι
1209 714 1268 770 τὸ
1313 719 1502 786 δρνεον
1528 721 1608 783 είς
1637 720 1886 776 τούπίσω

317 794 568 850 πέταται.
601 816 620 850 ι
649 800 759 854 Καὶ
785 800 966 856 ἔπεισί
1013 822 1106 874 μοι
1141 805 1446 878 θαυμάζειν
1475 811 1576 882 τὴν
1607 813 1883 885 ἐπίσημον

311 887 590 956 ἀναφορὰν
619 894 686 962 ἢν
712 895 889 950 ἐκεῖνο
911 897 1035 966 άγει
1063 900 1124 954 τὸ
1151 901 1313 966 ζῶον.

377 980 452 1033 Τὸ
475 980 533 1035 δὲ
571 983 664 1037 τὸν
691 985 1028 1058 ἀλεκτρυόνα
1057 993 1252 1057 νυκτὸς
1282 994 1434 1067 ᾅδειν
1456 998 1522 1050 ἐν
1547 997 1882 1070 ὡρισμένοις

306 1076 521 1142 καιροῖς
541 1077 604 1130 ού
643 1077 750 1148 πρὸ
781 1081 976 1136 πολλοῦ
1002 1087 1102 1155 τῆς
1125 1087 1220 1140 τοῦ
1253 1088 1406 1160 ἡλίου
1436 1090 1705 1162 ἀνατολῆς
1734 1093 1882 1158 τινὲς

307 1164 404 1232 μὲν
457 1167 890 1240 ἐφυσιολόγησαν
945 1174 1142 1244 οὕτως,
1191 1177 1272 1232 ὅτι
1331 1179 1668 1252 θερμότατον
1704 1183 1763 1240 ὃν
1819 1187 1881 1241 τὸ

303 1254 444 1352 ζῶον
487 1261 583 1315 καὶ
613 1262 793 1333 λίχνον
839 1269 966 1339 περὶ
1005 1269 1106 1336 τὰς
1158 1271 1268 1326 τῶν
1314 1278 1531 1347 τροφῶν
1569 1278 1782 1350 ὀρέξεις
1811 1284 1876 1352 τῇ

305 1349 674 1443 μὲνξὲμφύτῳ
699 1357 996 1430 θερμότητι
1037 1365 1341 1439 ταχύτερον
1379 1369 1576 1425 πέπτει
1599 1349 1699 1443 τὴν
1732 1349 1876 1430 διδοἐζ

305 1442 476 1514 μένην
506 1449 736 1519 τροφὴν,
767 1455 833 1524 τῇ
867 1454 925 1510 δὲ
977 1454 1190 1530 λιχνείᾳ
1228 1461 1330 1530 τῆς
1376 1461 1595 1531 φύσεως
1635 1442 1877 1535 προαναο

303 1539 472 1604 φωνεί
494 1540 594 1612 τὴν
627 1545 759 1614 «cpt
797 1546 970 1601 ταῦτα
1006 1548 1208 1621 δρεξιν,
1240 1555 1408 1608 οίονεὶ
1454 1560 1877 1632 προσκαλούμε-

301 1645 390 1693 νος
427 1633 522 1687 τὸν
548 1637 843 1700 σιτίζοντα.
880 1641 1100 1712 Ἔτεροι
1125 1644 1182 1699 δέ
1213 1664 1378 1715 φασιν
1401 1649 1485 1704 δτι
1515 1652 1612 1704 καὶ
1641 1653 1876 1709 ἕκαστον

298 1723 408 1778 τῶν
467 1727 706 1782 ἐνταῦθα
760 1731 929 1787 ὄντων
980 1736 1076 1789 καὶ
1133 1723 1440 1808 γινομένων
1497 1743 1715 1815 ἑκάστῳ
1762 1746 1875 1799 τῶν

298 1819 605 1887 φωστήρων
662 1821 966 1892 ἀνάκειται,
1023 1825 1215 1898 ὥσπερ
1263 1829 1292 1882 ὀ
1351 1830 1521 1897 λωτὸς
1580 1834 1640 1888 τὺ
1708 1839 1877 1906 φυτὸν

296 1908 522 1978 ήλιακόν
561 1915 728 1978 ἐστιν,
780 1917 903 1972 ὅθεν
954 1920 1305 1978 ἀνατέλλοντι
1354 1925 1455 1994 μὲν
1495 1927 1574 1998 τῷ
1622 1931 1877 2002 φωστῆρι

295 2002 523 2094 ἐξαπλοτ
561 2005 627 2060 τά
669 2008 865 2078 φύλλα,
890 2011 1100 2068 δύνοντι
1138 2014 1197 2069 δὲ
1247 2018 1552 2076 συστέλλει.
1583 2020 1744 2076 Οῦτω
1775 2025 1877 2094 μὲν

294 2093 388 2150 οὖν
413 2097 510 2151 καὶ
546 2098 576 2152 ὀ
607 2100 924 2174 ἀλεκτρυὼν
963 2107 1070 2162 ὑπὸ
1115 2109 1217 2181 τὴν
1267 2111 1504 2183 ἡλιακὴν
1543 2114 1703 2180 τάξιν
1731 2093 1872 2174 ἐστί.

295 2189 481 2262 Ταύτῃ
526 2209 608 2247 τοι
663 2197 760 2250 καὶ
811 2199 948 2268 πρὸς
994 2201 1266 2275 ἀνατολὴν
1313 2206 1590 2262 ἐπανιόντι
1636 2209 1715 2279 τῷ
1757 2211 1874 2280 ἰδίῳ

295 2280 576 2355 ἀρχηγέτῃ
603 2285 932 2358 ἀπορῤήτως
961 2292 1056 2346 καὶ
1085 2295 1333 2363 φυσικῶς
1355 2298 1742 2367 ἐπιγάννυται,
1775 2303 1873 2356 καὶ

295 2370 486 2445 ῶσπερ
538 2375 683 2447 ᾠδὴν
733 2380 884 2451 αὐτῷ
937 2383 1266 2456 ποιούμενος
1319 2389 1744 2462 ἀπολαμπρύνει
1810 2411 1871 2448 τε

291 2463 390 2534 τὴν
419 2467 605 2538 φωνὴν
633 2472 728 2525 καὶ
761 2473 902 2542 μέγα
931 2475 1052 2548 βοᾷ.
1095 2479 1206 2534 Καὶ
1230 2474 1379 2536 οὗτοι
1432 2487 1531 2554 μὲν
1558 2485 1734 2551 οὕτως
1756 2505 1771 2520 ·
1806 2492 1870 2545 σὺ

293 2555 370 2652 δὲ.
399 2557 676 2652 ἀγαπητὲ,
706 2566 806 2628 τάς
846 2573 1104 2634 τοιαύτας
1132 2573 1318 2640 φωνάς
1365 2578 1506 2646 μετὰ
1531 2579 1643 2632 τῶν
1681 2581 1871 2652 μύθων

295 2649 549 2718 ἀριθμεῖν
599 2654 677 2724 μὴ
723 2657 908 2713 δέδιθι.
950 2660 1056 2714 Τὸν
1116 2666 1242 2736 γάρ’
1271 2667 1612 2740 ἀλεκτρυόνα
1675 2649 1868 2739 νυκτὸς

294 2740 482 2808 ἔταξεν
518 2744 667 2816 ᾅδειν
695 2749 723 2802 ὀ
757 2752 1012 2820 κηδεμὼν
1054 2756 1274 2810 πάντων
1323 2759 1478 2826 Θεὸς,
1511 2762 1587 2826 ὡς
1619 2763 1868 2820 ἐντεῦθεν

296 2834 442 2926 ἡμᾶς
490 2835 724 2901 ἄκοντας
765 2839 865 2908 τῆς
920 2843 1110 2913 κλίνης
1141 2846 1457 2916 ἐγείρεσθαι
1510 2851 1607 2904 καὶ
1663 2854 1740 2924 μὴ
1767 2855 1868 2926 τὴν

294 2921 463 2976 νύκτα
491 2927 910 2981 καταναλίσκειν
939 2931 1068 3001 ὅλην
1092 2934 1187 2987 ἐπὶ
1212 2939 1414 3002 κενοῖς,
1442 2939 1579 2993 ἀλλά
1607 2921 1738 3004 τοὺς
1767 2921 1868 3014 μέν

293 3015 373 3075 εἰς
429 3015 694 3085 ἐργασίαν
758 3021 1152 3092 ἐκτρέπεσθαι,
1205 3028 1334 3092 τοὺς
1403 3029 1460 3083 δὲ
1521 3032 1659 3102 πρὸς
1712 3033 1865 3092 θείαν

1997 538 2184 592 multis
2217 538 2339 593 aliis
2371 539 2536 594 rebus
2555 537 2958 605 admirabilius,
2991 537 3136 608 quod
3160 535 3228 590 de
3268 551 3366 590 ave
3401 551 3566 605 quam

1994 645 2275 700 meropem
2307 639 2507 685 vocant
2537 629 2786 684 Elianus
2833 631 3114 684 memoriae
3155 628 3418 700 prodidit.
3454 627 3568 682 Me-

1992 737 2140 792 rops,
2178 722 2381 793 inquit,
2416 723 2532 778 avis
2574 731 2876 778 retrorsum
2915 722 3101 787 volat,
3145 737 3308 792 quem
3344 721 3564 790 quidem

1992 821 2202 867 motum
2249 813 2607 882 velatumque
2660 812 2824 883 hujus
2866 812 3122 869 animalis
3167 811 3469 867 notabilem
3504 826 3569 865 ac

1991 904 2313 960 inusitatum
2352 905 2498 960 haud
2530 906 2632 961 abs
2653 922 2712 961 re
2741 905 2925 960 mirari
2949 905 3120 961 subit.

2060 995 2178 1052 Jam
2206 995 2354 1067 quod
2400 998 2576 1068 gallus
2610 997 2951 1068 gallinaceus
3003 1007 3170 1052 noctu
3201 997 3368 1053 certis
3415 996 3576 1050 horis

1987 1099 2195 1154 cantet,
2225 1105 2334 1145 non
2368 1091 2603 1146 multum
2631 1099 2757 1146 ante
2787 1091 2921 1146 solis
2949 1101 3157 1154 ortum,
3181 1091 3299 1162 ejus
3322 1090 3399 1145 rei
3430 1105 3566 1145 cau-

1988 1197 2102 1238 sam
2139 1184 2194 1237 in
2243 1183 2392 1238 hunc
2443 1183 2669 1240 modum
2707 1184 2956 1239 nonnulli
2987 1183 3356 1254 explicarunt.
3396 1182 3564 1236 Aiunt

1987 1275 2134 1330 enim
2186 1273 2388 1330 animal
2443 1276 2550 1332 hoc
2577 1294 2606 1332 a
2639 1286 2831 1332 natura
2859 1276 3253 1332 calidissimum
3287 1283 3345 1330 et
3369 1275 3424 1328 in
3456 1274 3568 1342 pri-

1988 1366 2094 1421 mis
2129 1367 2184 1420 in
2211 1366 2522 1436 appetendo
2563 1369 2906 1424 nutrimento
2935 1367 3157 1423 avidum
3209 1365 3286 1421 ob
3323 1365 3560 1420 calorem

1985 1461 2210 1530 quidem
2243 1460 2468 1516 insitum
2500 1463 2666 1519 citius
2721 1471 3011 1534 acceptum
3060 1461 3382 1516 alimentum
3427 1475 3562 1514 con-

1985 1572 2245 1626 coquere,
2264 1557 2336 1613 ob
2362 1557 2681 1612 aviditatem
2702 1571 2833 1612 vero
2855 1564 3064 1612 naturae
3082 1556 3382 1626 appetitum
3401 1567 3564 1608 suum

1985 1649 2321 1720 signiﬁcare,
2355 1650 2513 1721 quasi
2562 1658 2878 1720 pascentem
2931 1665 2990 1706 se
3027 1649 3223 1706 invitet
3251 1659 3303 1706 et
3336 1651 3561 1705 excitet.

1985 1743 2090 1798 Alii
2125 1746 2315 1800 volunt
2342 1758 2458 1800 rem
2495 1745 2802 1814 quamlibet
2825 1743 2991 1799 alicui
3024 1753 3183 1799 certo
3209 1743 3376 1798 sideri
3415 1742 3565 1797 dica.

1986 1847 2093 1890 tam
2117 1849 2262 1900 esse,
2299 1835 2462 1891 sicuti
2488 1836 2634 1891 lotus
2658 1834 2828 1891 herba
2876 1835 3072 1890 solaris
3103 1844 3208 1890 est.
3251 1835 3371 1900 Quo
3409 1833 3470 1890 ﬁt
3506 1842 3566 1887 ut

1982 1926 2114 1980 huic
2145 1927 2405 1981 luminari
2446 1926 2720 1981 exorienti
2753 1924 2879 1980 folia
2912 1940 3012 1980 sua
3044 1924 3270 1998 pandat,
3315 1939 3441 1979 cum
3472 1939 3566 1979 ea-

1981 2019 2104 2074 dem
2133 2019 2327 2075 eodem
2369 2017 2655 2074 occidente
2682 2017 2992 2074 contrahat.
3025 2017 3114 2072 Sic
3145 2027 3200 2072 et
3242 2017 3417 2086 gallus
3449 2016 3565 2086 gal-

1979 2113 2225 2167 linaceus
2279 2109 2349 2166 de
2400 2111 2596 2164 horum
2649 2110 2908 2182 opinione
2939 2109 3042 2165 sub
3082 2108 3251 2164 solem
3300 2107 3557 2163 relertur.

1976 2200 2354 2269 Quamobrem
2389 2199 2456 2254 ad
2505 2209 2689 2254 ortum
2721 2198 2988 2253 redeunte
3021 2197 3163 2253 duce
3200 2212 3300 2252 suo
3349 2196 3562 2251 ratione

1978 2292 2218 2364 quadam
2275 2290 2492 2347 occulta
2539 2279 2596 2346 et
2638 2291 2876 2345 naturali
2905 2289 3147 2360 jgaudet.
3201 2287 3376 2344 Simul
3404 2286 3560 2358 quasi

1977 2397 2202 2437 carmen
2224 2381 2277 2437 ei
2306 2381 2584 2452 quoddam
2619 2381 2916 2437 concinere
2951 2381 3116 2446 velit,
3141 2381 3348 2436 clarius
3370 2394 3560 2434 vocem

1979 2473 2183 2530 attollit
2202 2482 2258 2529 et
2289 2473 2461 2528 altum
2489 2473 2714 2529 clamat.
2745 2473 2925 2542 Atque
2950 2472 3170 2528 illorum
3200 2470 3424 2542 quidem
3444 2469 3562 2524 haec

1974 2573 2063 2620 est
2101 2564 2397 2620 sententia.
2436 2565 2517 2619 Tu
2550 2579 2702 2630 vero,
2745 2567 2820 2619 mi
2862 2564 2936 2622 fili
2965 2604 2982 2631 ,
3016 2578 3184 2620 voces
3244 2560 3560 2636 huiusmodi

1977 2657 2192 2714 referre
2223 2657 2371 2712 inter
2409 2656 2624 2713 fabulas
2661 2672 2731 2712 ne
2759 2656 3022 2714 verearis.
3058 2657 3191 2712 Nam
3224 2657 3424 2728 gallum
3449 2657 3562 2728 gal-

1976 2749 2258 2805 linaceum
2295 2757 2464 2803 noctu
2518 2761 2721 2802 canere
2776 2747 2922 2803 Deus
2973 2746 3174 2817 jussit,
3232 2747 3326 2816 qui
3373 2746 3560 2802 omnia

1972 2840 2319 2913 providentia
2345 2855 2444 2896 sua
2468 2839 2876 2910 complectitur,
2909 2851 2968 2894 ut
2985 2839 3088 2895 hoc
3115 2839 3279 2894 modo
3297 2839 3382 2897 vel
3401 2837 3562 2894 inviti

1972 2935 2040 2990 de
2069 2933 2274 2989 lcetulo
2305 2947 2596 3004 surgamus
2637 2947 2741 2986 nec
2787 2932 2908 2987 sine
2936 2931 3118 2987 fructu
3165 2939 3384 2986 noctem
3414 2931 3559 2986 inte-

1969 3038 2121 3095 gram
2171 3037 2583 3087 consumamus,
2627 3022 2720 3077 sed
2749 3021 2946 3092 partim
2969 3020 3037 3077 ad
3071 3036 3269 3092 operas
3299 3037 3401 3077 nos
3429 3037 3560 3078 con-

293 3105 601 3202 διξολογίαν
638 3110 962 3168 ἀνίστασθαι
987 3131 1002 3146 ·
1038 3117 1268 3173 τοιαῦτα
1313 3119 1425 3192 γὰρ
1457 3122 1558 3176 τοῦ
1591 3124 1730 3179 Θεοῦ
1769 3129 1866 3181 καὶ

1981 3126 2272 3182 vertamus,
2296 3114 2497 3185 partim
2522 3114 2591 3170 ad
2623 3114 2720 3170 Dei
2769 3114 3195 3170 celebrationem
3226 3115 3556 3171 excitemur.
3627 3175 3642 3184 ,

293 3199 382 3254 διὰ
409 3199 584 3270 λόγων
627 3205 720 3258 καὶ
744 3203 834 3258 διὰ
859 3205 1016 3271 ζώων
1043 3208 1146 3263 οὐκ
1170 3210 1528 3283 ἀναινομένου
1559 3216 1866 3274 παιδεύειν.

296 3295 400 3348 Καὶ
421 3296 690 3367 πρόσσχες
717 3299 795 3367 τῷ
815 3301 1120 3370 Σολομῶντι
1162 3304 1400 3375 λέγοντι·
1435 3309 1576 3363 (Ἴθι
1615 3311 1754 3382 πρὸς
1779 3313 1872 3369 τὸν

297 3387 580 3460 μύρμηκα,
611 3385 658 3447 ὦ
687 3391 906 3464 ὀκνηρέ.
945 3413 965 3447 ι

362 3479 601 3536 Γίνωσκε
649 3483 709 3537 δὲ
768 3487 863 3538 καὶ
919 3487 1099 3553 τοῦτο,
1129 3489 1211 3544 δτι
1262 3490 1365 3563 τὴν
1415 3494 1582 3563 μυῖαν
1632 3496 1870 3568 Ἄττικῷ

297 3569 471 3638 μέλιτι
498 3573 574 3643 μὴ
617 3575 978 3648 ἐπικαθῆσθαι
1024 3596 1186 3648 φασι.
1227 3581 1435 3652 Θύμοις
1470 3585 1566 3639 καὶ
1613 3586 1724 3658 γὰρ
1767 3588 1882 3661 τὴν.

308 3661 558 3734 Ἀττικὴν
597 3667 856 3736 κομῶσαν
881 3669 998 3724 ἐστι
1029 3671 1357 3739 θεάσασθαι,
1397 3671 1480 3738 οἷς
1516 3678 1869 3746 ἐφιζάνουσιν

308 3754 552 3811 ’Λττικαὶ
577 3761 901 3831 συχνότιρον
953 3763 1226 3843 μέλισσαι.
1270 3766 1560 3821 Ἐντεῦθεν
1605 3770 1701 3822 καὶ
1745 3770 1866 3841 δρι-

296 3845 538 3914 μυτέραν
568 3845 684 3918 ἔχει
728 3851 828 3921 τὴν
855 3851 1148 3923 δσιρρησιν.
1183 3854 1275 3908 Διὸ
1308 3855 1563 3928 καθάπερ
1595 3857 1726 3930 ἱερῷ
1754 3876 1864 3915 τινι

302 3935 534 4009 Ἀττικῷ
570 3941 704 4010 μυῖα
732 3941 831 3995 οὐκ
854 3939 1186 4017 ἐπικάθητάι
1224 3947 1422 4017 μέλιτι.

356 4212 601 4267 Γίνωσκε
634 4214 691 4269 δὲ
723 4213 862 4287 πρὸς
900 4215 1119 4280 τούτοις
1159 4218 1243 4274 δτι
1286 4223 1444 4289 μυῖαι
1472 4224 1571 4279 καὶ
1607 4223 1865 4296 μέλισσαι

291 4303 386 4357 καὶ
447 4304 741 4376 μύρμηκες
797 4307 903 4362 ὑπὸ
957 4309 1139 4366 ἐλαίου
1189 4313 1549 4379 ἀπόλλυνται,
1599 4316 1738 4371 διότι
1795 4320 1865 4373 τὰ

290 4399 693 4452 ὰναπνευστικά
739 4401 901 4454 στενά
954 4401 1091 4472 ἔχει,
1147 4403 1208 4457 τὸ
1260 4403 1319 4458 δὲ
1366 4405 1550 4461 ἔλαιον
1597 4408 1862 4482 γλίσχρον

1980 3209 2073 3264 Sic
2101 3209 2250 3265 enim
2283 3208 2572 3265 consuevit
2609 3208 2752 3264 Deus
2788 3215 2898 3263 tam
2926 3223 3025 3278 per
3055 3207 3362 3264 doctrinam
3391 3223 3556 3279 quam

1979 3299 2094 3370 ipsa
2127 3301 2294 3356 etiam
2323 3300 2583 3356 animalia
2620 3315 2722 3356 nos
2750 3299 2998 3356 erudire.
3035 3299 3180 3368 Quid
3219 3299 3443 3356 Solomo
3476 3300 3560 3357 di-

1976 3401 2083 3455 cat,
2111 3391 2241 3446 audi
2268 3409 2282 3446 :
2319 3410 2339 3446 ι
2374 3392 2455 3447 Ad
2501 3391 2811 3458 formicam,
2847 3392 3064 3464 ignave,
3101 3403 3153 3448 te
3181 3393 3371 3450 confer
3400 3394 3466 3448 ".
3497 3413 3522 3446 ι

2046 3480 2164 3538 Hoc
2209 3483 2375 3540 etiam
2411 3483 2791 3540 animadverte
2822 3523 2838 3550 ,
2897 3487 3044 3556 quod
3091 3501 3338 3542 muscam
3371 3486 3571 3544 Attico.

1977 3574 2130 3630 melli
2183 3585 2384 3645 negant
2421 3574 2684 3630 insidere.
2714 3574 2851 3630 Nam
2891 3576 3082 3648 thymo
3102 3577 3340 3634 Atticam
3383 3580 3559 3636 abun-

1976 3665 2112 3721 dare
2141 3668 2416 3733 videmus,
2449 3667 2538 3722 cui
2565 3666 2751 3723 herba;
2784 3676 2843 3722 ut
2876 3668 3176 3738 plurimum
3215 3685 3346 3741 apes
3365 3671 3558 3728 Attica

1976 3757 2243 3814 insident.
2277 3757 2399 3823 Quo
2437 3756 2497 3811 fit
2554 3765 2614 3811 ut
2664 3759 2772 3813 mel
2828 3758 3072 3814 Atticum
3124 3761 3290 3816 etiam
3329 3761 3566 3818 odorem

1973 3850 2181 3905 habeat
2218 3849 2515 3905 acriorem.
2557 3849 2772 3905 Idcirco
2818 3851 2968 3907 melli
3026 3851 3243 3919 Attico,
3293 3859 3561 3924 tanquam

1972 3957 2154 4010 sacro,
2202 3957 2406 3998 muscae
2436 3956 2546 3997 non
2583 3941 2830 4000 insident
2869 3958 2890 3998 :
2918 3943 3013 3999 sed
3054 3951 3116 3998 ut
3163 3945 3400 4000 maxime
3427 3960 3566 4000 cum~

1971 4033 2211 4103 strepitu
2261 4033 2700 4098 circumvolent,
2731 4033 2801 4088 ab
2839 4033 3152 4106 direptione
3190 4044 3372 4091 tamen
3400 4035 3557 4092 labo-

1971 4138 2093 4177 rum
2125 4122 2243 4192 apis
2269 4121 2466 4178 Atticae
2497 4131 2779 4178 arcentur.

2041 4215 2245 4270 Praeter
2279 4215 2396 4271 hac
2428 4218 2570 4271 scire
2609 4216 2822 4284 debes,
2871 4233 3090 4276 muscas
3110 4229 3167 4275 ct
3191 4235 3322 4291 apes
3355 4231 3413 4276 et
3443 4220 3558 4275 for-

1971 4308 2142 4363 micas
2167 4307 2290 4364 oleo
2317 4308 2615 4381 exstingui.
2635 4309 2772 4365 Nam
2801 4325 2928 4366 vasa
2947 4310 3152 4380 quibus
3173 4311 3462 4381 respiratio
3494 4311 3556 4366 lit

1970 4409 2102 4456 sunt
2127 4399 2210 4456 eis
2235 4409 2494 4472 angusta,
2513 4415 2638 4471 qua:
2657 4399 2727 4454 ah
2753 4401 2877 4457 oleo
2898 4409 3096 4456 natura
3125 4401 3275 4457 lento
3307 4401 3554 4457 viscoso-

290 4489 588 4558 ἐμφράττει
615 4489 778 4546 αὐτά.
814 4491 1094 4563 Πάσχουσι
1145 4495 1203 4549 δὲ
1247 4495 1411 4552 τοῦτο
1442 4501 1539 4555 καὶ
1595 4501 1646 4554 of
1699 4479 1857 4570 bibat;

1981 4506 2074 4561 jue
2104 4491 2264 4546 facile
2293 4491 2680 4547 obstruuntur.
2733 4489 2885 4546 Idem
2944 4491 3299 4564 serpentibus
3350 4490 3555 4547 accidit

291 4581 393 4634 ὑπὸ
439 4583 548 4636 τῶν
601 4582 923 4656 βαρυόδμων
951 4603 965 4619 ·
999 4588 1063 4642 τὸ
1107 4589 1216 4660 γὰρ
1270 4591 1404 4660 παρ’
1437 4593 1622 4655 αὐτοῖς
1665 4595 1853 4648 στενό-

288 4688 452 4742 πορον
505 4673 612 4728 τῶν
661 4672 1112 4733 ἀναπνευστικῶν
1158 4680 1537 4749 ἐμφράττεται
1592 4683 1698 4738 ὑπὸ
1751 4685 1853 4756 τῆς

284 4761 390 4815 τῶν
443 4760 807 4834 θυμιωμένων
855 4766 1190 4840 παχύτητος.
1238 4771 1364 4825 Ἐπὶ
1404 4773 1514 4844 γάρ
1553 4773 1731 4846 τούτῳ
1761 4776 1857 4828 καὶ

284 4853 345 4905 τὸ
400 4854 506 4922 τῆς
575 4855 773 4926 ἐλάφου
849 4860 1024 4930 κέρας
1102 4860 1455 4934 θυμιώμενον
1510 4864 1707 4936 φεύγει
1763 4869 1858 4922 καὶ

288 4946 486 5016 μᾶλλον
511 4948 541 5002 ὀ
565 4948 690 5020 δφις
711 4967 726 4983 ο
760 4951 1117 5025 λειποθυμεϊν
1161 4955 1273 5027 γάρ
1319 4957 1486 5011 αὐτὸν
1532 4958 1860 5029 ἀναγκάζει.

365 5123 492 5178 Ἐπὶ
537 5126 674 5180 πᾶσι
715 5129 773 5182 δὲ
805 5131 1020 5196 τούτοις
1050 5135 1164 5198 τοῖς
1194 5135 1408 5207 ὀρνέοις
1441 5137 1740 5211 ούρηδόχον
1766 5141 1868 5194 κύ-

284 5229 398 5266 στιν
444 5216 540 5268 καὶ
573 5221 810 5290 νεφροὺς
855 5224 888 5294 ἡ
926 5223 1093 5293 φύσις
1141 5229 1243 5282 οὐκ
1287 5228 1510 5298 ἔδωκεν,
1543 5231 1626 5286 δτι
1653 5233 1864 5304 πολλῆς

282 5304 578 5377 ὑγρότητος
624 5309 734 5364 ἔδει
796 5313 932 5384 πρὸς
979 5315 1194 5386 γένεσιν
1239 5321 1350 5376 τῶν
1403 5323 1648 5394 πτερῶν.
1694 5323 1860 5381 Ἀλλά

280 5400 374 5453 καὶ
428 5401 488 5454 τὸ
533 5404 914 5474 γυμνάζεσθαι
947 5410 1092 5466 κατὰ
1134 5412 1234 5484 τὴν
1261 5415 1466 5484 πτῆσιν
1503 5413 1856 5480 ἐξαναλίσκει

278 5491 505 5560 ταύτην.
537 5495 764 5564 Ἔχουσι
809 5498 868 5553 δὲ
919 5503 1015 5557 καὶ
1054 5504 1154 5574 τὴν
1188 5505 1396 5576 κόπρον
1447 5505 1702 5570 ἐξιοῦσαν
1753 5507 1854 5561 σὺν

277 5579 538 5654 ὑγρότητι
599 5586 662 5639 οὐ
729 5591 989 5663 μετρίως.
1052 5596 1162 5651 Καὶ
1193 5594 1402 5665 ,τούτου
1472 5599 1638 5670 χάριν
1683 5599 1852 5670 οὐρη-

348 5761 391 5792 ³⁹
427 5757 590 5818 Prov.
626 5775 704 5832 vn,
737 5764 790 5818 6.

1958 4581 2331 4638 offerentibus
2362 4596 2424 4638 se
2451 4580 2622 4637 rebus
2654 4595 2888 4652 quarum
2925 4581 3106 4651 gravis
3135 4579 3391 4636 estodor.
3420 4579 3548 4636 Ete-

1957 4675 2071 4728 nim
2111 4674 2367 4746 angustia
2394 4683 2678 4729 meatuum
2705 4673 2760 4728 in
2803 4673 2886 4730 eis
2916 4671 3265 4743 respirationi
3295 4670 3540 4727 destina-

1957 4774 2140 4821 torum
2199 4780 2300 4837 per
2353 4765 2637 4822 sullituum
2681 4766 2990 4821 crassitiem
3034 4761 3365 4819 obstruitur.
3428 4761 3553 4828 Qua
3647 4842 3665 4850 ἐ

1959 4859 2076 4928 ipsa
2103 4857 2172 4913 de
2213 4872 2380 4914 causa
2411 4858 2472 4913 fit
2501 4866 2562 4914 ut
2593 4873 2771 4914 cornu
2805 4857 3088 4914 cervinum
3106 4869 3337 4928 serpens
3363 4858 3547 4928 magis

1963 4950 2134 5006 etiam
2165 4949 2346 5022 fugiat
2378 4965 2556 5021 quam
2580 4964 2671 5006 res
2698 4949 2820 5006 illas
2847 4948 3106 5004 odoratas
3131 4964 3146 5004 :
3186 4947 3394 5022 quippe
3426 4965 3556 5007 ser-

1963 5052 2186 5113 pentem
2220 5042 2277 5098 id
2307 5058 2537 5114 prorsus
2565 5043 2868 5100 exanimat.
3559 5028 3567 5046 ⁸

2033 5133 2210 5206 Supra
2236 5133 2349 5206 48
2369 5133 2553 5188 omnia
2581 5132 2747 5188 nobis
2774 5131 2830 5187 in
2863 5131 2969 5189 hoc
3000 5131 3192 5198 etiam,
3220 5131 3321 5196 illi,
3352 5143 3437 5189 est
3463 5135 3548 5189 in-

1963 5225 2317 5296 quirendum.
2367 5225 2614 5282 Vesicam
2667 5224 2816 5281 illam
2869 5239 2976 5296 qua
3032 5225 3194 5280 urina
3249 5223 3544 5298 eXcipitur,

1964 5319 2206 5389 itemque
2256 5333 2419 5374 renes
2461 5319 2656 5374 avibus
2707 5318 2918 5374 idcirco
2965 5327 3160 5374 natura
3209 5333 3318 5374 non
3367 5317 3545 5377 dedit.

1963 5411 2112 5484 quod
2149 5411 2216 5467 ad
2252 5410 2640 5483 producendas
2673 5426 2884 5484 pennas
2935 5410 3110 5465 multo
3142 5411 3374 5465 humore
3405 5423 3552 5478 opus

1961 5515 2102 5563 erat.
2152 5505 2331 5577 Atque
2373 5504 2541 5560 etiam
2577 5505 2699 5574 ipsa
2745 5503 2965 5558 volandi
3020 5498 3342 5558 exercitatio
3384 5498 3549 5554 facile

1959 5599 2252 5656 humorem
2305 5598 2362 5654 in
2409 5597 2493 5653 eis
2544 5595 2804 5667 absumit.
2839 5595 3111 5650 Praaterea
3161 5606 3284 5649 cum
3331 5599 3542 5649 stercus
