4008 6470
475 354 570 416 111

1721 321 2145 406 Mlt‘HAELIS
2185 327 2475 400 σηοω·

3688 325 3785 391 112

470 470 796 528 excernunt,
821 476 933 516 non
966 475 1156 530 parum
1188 458 1437 514 humoris
1477 455 1638 512 simul
1671 457 1807 511 exit.
1857 455 2056 521 Quam-

2170 455 2322 524 δίκον
2361 454 2552 508 κύστιν
2613 452 2647 523 ή
2716 451 2878 521 φύσις
2946 450 3057 516 τοῖς
3112 447 3348 521 ὀρνέοις
3387 445 3494 499 οὐκ
3559 442 3776 498 ἔδωκεν.

473 560 664 610 obrcm
731 556 904 609 tui-inre
955 552 1367 624 receptaculum
1405 551 1460 606 in
1502 548 1698 605 avibus
1727 557 1920 602 natura
1949 559 2059 601 non

475 650 744 705 condidit.

550 743 630 797 En
665 743 834 799 habes
862 753 912 797 et
939 743 1146 811 quinta:
1180 739 1288 794 diei
1313 752 1504 808 opera.

905 832 1161 889 iNL‘lPlT
1184 832 1350 886 .DIES
1389 828 1641 884 SEXTA.

548 927 710 982 Sexta
778 927 868 982 dic
928 925 1070 979 Deus
1126 939 1157 978 e
1195 932 1372 992 Lterra
1419 921 1626 975 bestias
1676 915 2061 986 quadrupedes
2105 947 2112 954 -

479 1011 755 1088 producit.
801 1018 985 1086 lnquit
1049 1017 1201 1070 enim
1248 1013 1500 1068 historia:
1560 1009 1845 1079 scriptor:
1902 1026 1922 1060 ‹
1967 1005 2061 1060 Di-

477 1110 558 1163 xit
586 1110 753 1171 Deus,
790 1107 929 1162 Edat
988 1107 1150 1161 tellus
1205 1105 1442 1160 animam
1473 1103 1652 1156 vivam
1690 1101 1758 1156 ⁸ο.
1797 1119 1815 1150 ι
1871 1098 2056 1153 Prosi-

471 1200 615 1252 liunt
657 1198 750 1252 hic
801 1207 993 1251 contra
1035 1212 1139 1250 nos
1193 1193 1517 1257 Manichaei,
1570 1191 1662 1261 qui
1717 1199 1876 1244 terra;
1941 1189 2062 1242 ani-

477 1306 624 1344 mam
682 1290 901 1345 indttnt.
958 1291 1160 1345 Verum
1219 1286 1514 1340 manifesto
1556 1283 1861 1352 desipiunt.
1935 1281 2054 1336 Non

473 1381 622 1435 enim
652 1391 943 1451 prepterea
964 1380 1106 1449 quod
1144 1378 1282 1432 dixit
1316 1375 1460 1430 Deus
1493 1393 1506 1428 :
1543 1393 1561 1426 ι
1587 1374 1727 1428 Edat
1759 1371 2050 1435 animam,»

473 1471 529 1526 id
571 1471 742 1527 e'didit
775 1471 923 1542 quod
956 1481 1075 1526 erat
1128 1471 1183 1525 in
1216 1468 1469 1538 ea-quasi
1521 1465 1868 1522 reconditum
1907 1481 1922 1519 :
1959 1463 2056 1519 sed

475 1564 795 1619 mandatum
830 1565 935 1619 hoc
957 1565 1072 1618 vias
1099 1573 1264 1632 atque
1299 1560 1623 1616 facultatem
1659 1557 1860 1612 edendi
1897 1569 2058 1611 teme

474 1655 834 1726 largiebatur.
895 1654 1109 1724 Quippe
1171 1668 1294 1707 eum
1339 1650 1516 1705 audiit
1560 1657 1706 1704 terra
1742 1664 1758 1703 :
1796 1666 1814 1698 σ
1871 1647 2056 1702 Pariat

475 1744 684 1798 herbas
739 1743 1092 1813 gramineas,
1143 1750 1200 1795 et
1255 1741 1482 1795 arbores
1546 1737 1896 1798 fructiferas.
1934 1751 2056 1806 quae

475 1832 714 1887 fructum
747 1833 913 1887 edant
940 1832 1008 1894 “,
1028 1849 1049 1883 ι
1078 1846 1188 1884 non
1218 1828 1428 1883 idcirco
1465 1842 1691 1898 gramen
1726 1826 1873 1881 intus
1893 1825 2052 1880 abdi-

471 1935 588 1978 tum
611 1923 864 1994 protulit,
898 1938 998 1978 nec
1026 1923 1258 1992 palmam
1294 1921 1378 1974 vcl
1427 1934 1691 1989 quercum
1721 1917 1806 1972 vel
1839 1933 2059 1988 cupres-

473 2031 594 2069 sum
637 2015 780 2070 intra
817 2015 974 2069 sinus
1030 2029 1162 2069 suos
1212 2012 1541 2067 occultatam
1604 2013 1660 2065 in
1707 2010 2056 2079 superficiem

472 2107 663 2162 eduxit
694 2123 710 2160 :
743 2105 838 2162 sed
893 2107 1012 2176 ipsa
1061 2104 1157 2160 Dei
1190 2104 1368 2159 oratio
1398 2118 1585 2158 rerum
1620 2117 1742 2172 qua
1777 2102 2058 2157 exsistunt

473 2196 592 2265 ipsa
631 2205 830 2251 natura
877 2207 983 2250 est.
1021 2195 1210 2264 Itaque
1265 2203 1409 2248 terra
1475 2208 1584 2246 non
1625 2191 1772 2262 quod
1810 2193 2058 2246 contine-

475 2286 573 2342 bat
601 2286 738 2350 edit,
772 2287 866 2342 sed
901 2285 1050 2356 quod
1089 2285 1254 2340 hodie
1289 2281 1556 2355 possidet,
1591 2283 1858 2352 largiente
1893 2283 2058 2337 nimi-

477 2393 598 2430 rum
636 2376 750 2432 Deo
802 2377 913 2431 vim
964 2376 1325 2432 efﬁcacitatis.
1357 2374 1619 2441 Quamvis
1648 2375 1793 2430 cnim
1843 2375 2056 2430 ratione

475 2469 714 2522 naturali
780 2468 1041 2524 oriuntur
1079 2467 1244 2522 hodie
1291 2467 1501 2531 omnia,
1551 2473 1732 2522 tamen
1775 2465 1902 2521 inde
1932 2480 2059 2535 pro-

475 2561 617 2616 fecta
657 2569 784 2616 sunt
822 2561 873 2615 in
906 2561 1024 2631 ipso
1055 2575 1242 2615 rerum
1264 2559 1493 2615 exordio
1526 2558 1829 2614 secundum
1857 2559 2055 2615 seriem

474 2669 667 2721 suam,
720 2653 887 2724 idque
955 2669 1056 2723 per
1109 2653 1428 2707 mandatum
1464 2652 1754 2720 divinum,
1793 2652 1940 2724 quod
1999 2653 2054 2707 in

473 2743 753 2801 creatione
781 2743 1206 2816 pronuntiatum
1240 2743 1444 2814 ubique
1472 2743 1595 2798 fuit.
2024 2756 2027 2758 ·

550 2933 738 3006 itaque
770 2947 923 2993 sexta
973 2937 1085 3002 die,
1122 2951 1224 2993 ceu
1259 2935 1530 3003 dixlmus,
1566 2935 1774 2992 bestias
1817 2935 2058 3007 quadru-

477 3025 647 3096 pedes
676 3041 706 3082 e
738 3039 884 3083 terra
915 3029 1194 3099 producit.

554 3117 653 3174 Hic
678 3135 811 3173 vero
841 3120 1046 3188 inquiri
1067 3134 1247 3189 operae
1278 3119 1516 3190 pretium
1546 3127 1651 3187 est,
1687 3120 2048 3190 quamobrem
2078 3131 2122 3190 ο

479 3213 627 3267 Deus
683 3214 1081 3282 imprecatione
1121 3214 1298 3268 fausta
1329 3217 1507 3284 pisces
1533 3214 1755 3284 quidem
1797 3213 2055 3278 dignatus

471 3302 663 3367 fuerit,
702 3318 827 3356 curn
858 3302 1011 3357 hisce
1041 3302 1226 3357 verbis
1283 3311 1536 3356 uteretur
1569 3321 1582 3358 :
1617 3321 1636 3354 ι
1679 3303 1961 3358 Fetificate
1990 3319 2054 3358 ac

474 3392 946 3463 multiplicamini,
980 3412 1000 3445 ι
1029 3409 1219 3448 verum
1267 3393 1323 3448 in
1377 3395 1734 3450 terrestribus
1757 3395 1901 3451 idem
1944 3411 2053 3450 non

471 3485 693 3541 fecerit.
738 3483 1160 3555 Respondemus
1196 3497 1381 3541 autem
1423 3485 1623 3542 factum
1657 3488 1707 3542 id
1736 3503 1859 3543 esse
1920 3505 2053 3558 pro-

469 3587 596 3648 pter
626 3579 1056 3632 exsecrationem
1089 3577 1385 3647 serpentis,
1429 3593 1552 3648 quae
1582 3595 1692 3634 non
1725 3581 1902 3634 multo
1934 3589 2054 3651 post

473 3668 769 3723 subsecuta
830 3677 939 3723 est.
991 3668 1125 3723 Nam
1183 3670 1310 3739 quia
1375 3668 1623 3724 futurum
1681 3670 2052 3740 prospiciebat

470 3759 616 3816 Deus
670 3771 726 3815 ut
752 3806 756 3811 .
780 3760 947 3816 homo
973 3777 1073 3832 per
1107 3771 1420 3832 serpentem
1452 3761 1842 3833 deciperetur,
1876 3779 2051 3834 eaque

469 3852 540 3907 de
575 3867 742 3908 causa
772 3867 1003 3924 serpens
1035 3853 1400 3910 exsecrationi
1428 3855 1817 3924 suhjiceretur,
1845 3856 2049 3911 idcirco

470 3951 769 3997 terrestres
799 3943 1010 3998 bestias
1047 3943 1444 4014 imprecatione
1486 3943 1660 3998 fausta
1691 3945 1869 3998 noluit
1899 3944 2051 4013 prius

471 4033 714 4102 dignari,
764 4049 837 4087 ne
877 4033 1394 4103 deprehenderetur
1421 4033 1614 4088 eadem
1667 4043 1724 4089 et
1777 4035 2050 4102 impreca~

475 4126 626 4179 tione
657 4125 834 4178 fausta
870 4133 926 4178 et
956 4123 1334 4179 exsecratione
1361 4125 1639 4194 prosequi,
1688 4125 1834 4179 sicut
1859 4125 1937 4179 ait
1967 4126 2050 4180 vir

472 4215 696 4271 divinus
725 4216 1074 4273 Anastasius.
1113 4220 1344 4276 Videtur
1370 4229 1553 4276 autem
1595 4232 1792 4277 natura
1814 4223 2048 4292 piscium

473 4307 626 4360 tenui
671 4309 906 4377 quadam
957 4319 1015 4365 et
1049 4309 1138 4365 viii
1170 4312 1394 4367 omnino
1451 4314 1560 4367 vita
1601 4313 1704 4367 frui
1761 4323 2048 4384 propterea

472 4398 619 4467 quod
654 4399 707 4454 in
748 4416 904 4476 aqua:
943 4403 1194 4458 crassitie
1228 4404 1446 4475 degant.
1489 4404 1623 4459 Nam
1660 4414 1716 4460 et
1764 4409 1946 4476 gravis
1983 4422 2047 4462 ac

471 4491 708 4547 dillicilis
729 4501 812 4548 est
837 4494 981 4563 apud
1014 4494 1162 4563 ipsos
1184 4497 1483 4558 auditio,et
1506 4498 1763 4552 obtusum
1789 4510 2045 4555 cernunt.
2083 4481 2125 4537 ί)

470 4583 584 4638 Nec
614 4583 927 4639 recordatio
959 4584 1072 4656 49
1099 4595 1186 4641 est
1214 4587 1360 4656 apud
1395 4587 1546 4656 ipsos
1585 4588 1692 4643 ulla
1723 4605 1827 4644 nec
1851 4590 2048 4658 imagi-

478 4675 631 4728 natio
657 4690 762 4729 nec
790 4675 870 4729 rci
904 4684 1182 4731 consuetae
1217 4678 1445 4748 agnitio.
1481 4680 1548 4733 At
1593 4695 1724 4734 vero
1755 4680 1823 4734 de
1852 4689 2051 4735 terres-

471 4765 652 4820 tribus
675 4767 805 4836 quid
832 4781 972 4835 opus
991 4775 1076 4822 est
1104 4767 1272 4822 multa
1305 4770 1777 4824 commemorare?
1803 4771 1946 4825 Sunt
1964 4772 2050 4826 his

471 4872 627 4912 acres
650 4871 844 4913 sensus
871 4867 928 4914 et
962 4875 1146 4914 rerum
1173 4861 1442 4928 praeterita
1455 4877 1574 4916 rum
1610 4863 2045 4918 recordationes.

470 4949 637 5004 Novit
665 4964 855 5006 vocem
897 4961 1216 5007 consuetam
1242 4953 1346 5007 sibi
1373 4969 1437 5008 ac
1477 4953 1799 5010 familiarem
1834 4956 2041 5010 asinus.

472 5040 638 5096 Novit
690 5042 831 5096 viam
883 5057 1049 5112 quam
1090 5044 1288 5113 saepius
1317 5045 1503 5114 trivit,
1551 5062 1614 5101 ac
1646 5063 2043 5117 nonnunquam

471 5133 639 5187 etiam
667 5133 766 5188 vite
795 5134 904 5188 dux
929 5145 1015 5189 est
1059 5135 1293 5202 homini,
1342 5141 1438 5208 qui
1478 5139 1774 5195 aberravit.
1813 5141 2047 5195 Auditus

475 5233 659 5279 autem
703 5226 1006 5281 acrimonia
1040 5236 1187 5282 tanta
1231 5229 1285 5283 in
1322 5229 1428 5286 hoc
1469 5242 1556 5288 est
1589 5233 1811 5288 animali
1843 5243 2044 5304 quanta

471 5330 592 5371 esse
648 5317 705 5372 in
763 5317 872 5372 alio
931 5318 1085 5374 nullo
1155 5321 1492 5377 terrestrium
1577 5324 1918 5392 perhibetur.
1987 5327 2046 5382 l-n

474 5409 686 5464 camelo
721 5424 843 5480 qum
871 5410 1198 5481 injuriarum
1229 5413 1302 5467 sit
1344 5415 1628 5481 memoria,
1657 5432 1779 5486 quae
1831 5419 2051 5473 iracun-

472 5502 584 5565 dia,
609 5517 732 5571 qua:
757 5501 811 5554 in
847 5501 923 5556 ira
955 5506 1352 5573 perseveratio,
1380 5521 1492 5575 quo
1526 5517 1684 5574 pacto
1716 5507 1842 5576 quis
1879 5510 2051 5580 expli-

468 5604 554 5651 cet
574 5594 656 5651 isi
682 5595 768 5650 vel
794 5594 923 5651 olim
952 5596 1274 5654 verberatus
1303 5601 1397 5665 sit,
1419 5602 1497 5654 ira
1520 5599 1782 5656 diuturno
1806 5608 2049 5672 tempore

542 5773 586 5805 ‘°
622 5773 758 5833 Gcn.
795 5797 836 5848 ι,
870 5780 959 5836 24.
1041 5781 1082 5813 ⁸¹
1115 5779 1250 5836 ibid.
1287 5781 1372 5835 l0.

2237 727 2423 797 Ἔχεις
2462 724 2572 778 ίδοῦ
2599 723 2690 776 καὶ
2719 721 2788 777 τά
2822 721 2922 790 τῆς
2946 718 3206 790 πέμπτης
3242 715 3504 788 ἡμέρας.

2536 816 2720 872 APXil
2757 815 2893 869 THE.
2934 817 3006 881 εῖν
3054 810 3389 866 ΗΜΕΡΑΣ.
3496 832 3501 836 -

2244 915 2332 968 Ἐν
2381 911 2439 966 δὲ
2493 913 2559 982 τῇ
2624 909 2759 978 ἕκτῃ
2810 906 2995 977 ἡμέρᾳ
3043 905 3107 957 ὲκ
3153 902 3265 973 τῆς
3307 900 3428 970 γῆς
3486 897 3684 967 ἐξάγει
3710 897 3778 952 τά

2157 1006 2466 1078 τετράποδα
2488 1021 2504 1036 ο
2545 1001 2687 1057 «Καὶ
2723 995 2845 1052 εἷπε
2878 1017 2897 1051 ι
2924 997 3033 1066 γάρ
3060 1011 3233 1064 φησιν
3277 1011 3298 1045 ι
3345 995 3376 1045 6
3408 991 3575 1057 Θεὸς,
3621 989 3781 1054 Ἐξα-

2159 1099 2380 1169 γαγέτω
2411 1096 2547 1166 ή·γῆ
2579 1093 2760 1163 ψυχὴν
2792 1091 2994 1155 ζῶσαν.
3039 1105 3058 1138 ι
3113 1086 3265 1140 Ἀλλ’
3324 1083 3694 1152 ἐπιπηδῶσιν
3727 1083 3776 1135 σί

2156 1192 2451 1260 Μανιχαῖοι
2484 1185 2784 1246 κάνταῦθα,
2825 1181 3006 1253 ψυχὴν
3045 1177 3372 1240 ὲντιθέντες
3416 1179 3489 1246 τῇ
3526 1179 3626 1245 γῇ.
3661 1175 3778 1227 Μα-

2156 1282 2442 1344 ταιάζουσι
2495 1280 2550 1332 δὲ
2600 1276 2934 1348 προφανῶς·
2993 1271 3117 1327 οὐδὲ
3173 1269 3299 1340 γάρ
3356 1268 3562 1338 ἐπειδὴ
3622 1262 3778 1319 εἶπεν

2164 1393 2183 1427 t
2234 1371 2589 1441 Ἐξαγαγέτω
2647 1367 2857 1439 ψυχὴν,
2900 1385 2921 1419 ι
2987 1368 3050 1419 τὸ
3111 1362 3578 1431 ὲναποκείμενον
3639 1360 3774 1429 αὑτῇ

2157 1466 2555 1536 προσήνεγκεν,
2605 1460 2723 1517 ἀλλ’
2766 1463 2795 1514 6
2847 1458 2971 1521 δοὺς
3001 1456 3063 1510 τὸ
3117 1456 3485 1526 πρόσταγμα
3534 1452 3634 1504 καὶ
3678 1452 3775 1522 τὴν

2155 1559 2248 1614 τοῦ
2285 1557 2577 1626 ἐξαγαγεῖν
2627 1553 2765 1623 αὐτῇ
2809 1549 3044 1619 δύναμιν
3085 1547 3427 1618 ἐχαρίσατο.
3466 1543 3614 1597 Οὔτε
3666 1543 3774 1612 γάρ

2156 1653 2244 1705 ὅτε
2289 1651 2521 1721 ήκουσεν
2577 1647 2610 1715 ὴ
2668 1643 2764 1713 γῆ,
2818 1661 2838 1694 ‹
2868 1638 3241 1710 Βλαστησάτω
3279 1637 3534 1708 βοτάνην
3575 1635 3772 1706 χόρτου

2157 1744 2250 1797 καὶ
2280 1741 2436 1806 ξύλον
2463 1743 2742 1808 κάρπιμον
2773 1733 2962 1788 ποιοῦν
3006 1730 3249 1802 καρπὸν,
3293 1749 3315 1782 ι
3361 1729 3767 1799 κεκρυμμένον

2159 1837 2359 1907 ἔχουσα
2404 1834 2496 1886 τὸν
2547 1831 2742 1900 χόρτον
2785 1827 3102 1897 ἐξήνεγκεν,
3131 1823 3261 1877 οὐδὲ
3319 1821 3422 1876 τὸν
3472 1819 3698 1888 φοίνικα
3735 1815 3768 1888 ἢ

2157 1929 2254 2001 τὴν
2285 1925 2416 1997 δρῦν
2453 1925 2486 1994 ἢ
2517 1923 2614 1992 τὴν
2645 1919 2990 1990 κυπάρισσον
3021 1918 3175 1970 κάτω
3209 1931 3323 1966 που
3359 1908 3768 1982 κεκρυμμένην

2158 2023 2216 2077 ὲν
2248 2022 2369 2079 ταῖς
2401 2017 2600 2084 ἑαυτῆς
2620 2014 2844 2082 λαγόσιν
2878 2011 3049 2080 ἀνῆκε
3077 2007 3220 2078 πρὸς
3259 2005 3367 2076 τὴν
3403 2003 3765 2071 ἐπιφάνειαν,

2159 2112 2274 2168 ἀλλ’
2306 2113 2335 2164 6
2385 2110 2527 2168 θεῖος
2579 2107 2737 2175 λόγος
2802 2102 2969 2172 φύσις
3027 2099 3137 2154 τῶν
3204 2096 3538 2168 γινομένων
3595 2093 3762 2146 ἐστίν.

2171 2205 2389 2272 Ἐξάγει
2419 2201 2606 2254 λοιπὸν
2652 2199 2688 2266 ἦ
2731 2195 2802 2264 γῆ
2837 2196 2936 2264 οὐχ
2966 2194 3106 2263 ὅπερ
3142 2191 3289 2261 ἔχει,
3329 2187 3458 2243 ἀλλ’
3500 2188 3643 2255 ὅπερ
3675 2183 3768 2253 σήο

2162 2314 2328 2370 μερον
2359 2294 2576 2353 κτᾶται,
2607 2287 2742 2342 Θεοῦ
2782 2283 3134 2358 δωρουμένου
3170 2283 3280 2351 τῆς
3325 2278 3626 2370 ἐνεργείας
3666 2275 3764 2342 τὴν

2157 2367 2408 2457 δύναμιν.
2439 2383 2500 2438 Ei
2525 2381 2636 2451 γάρ
2665 2379 2760 2434 καὶ
2790 2375 3007 2447 φυσικῷ
3045 2371 3188 2443 λογῷ
3223 2371 3302 2426 τὰ
3332 2370 3524 2422 πάντα
3551 2367 3758 2457 γίνεται

2161 2486 2428 2556 σήμερον,
2489 2475 2609 2530 ἀλλ’
2655 2472 2864 2526 ἐκεῖθεν
2905 2469 3178 2550 ἐσχήκασι
3232 2464 3366 2519 κατ’
3419 2460 3602 2533 ἀρχὰς
3662 2456 3758 2556 τὴν

2159 2551 2359 2649 ὁρμήν.
2393 2571 2550 2627 Κατὰ
2578 2569 2738 2624 τοῦτο
2759 2569 2854 2620 καὶ
2890 2567 2918 2618 6
2945 2563 3120 2634 μέγας
3143 2560 3354 2615 Βασὶλε
3369 2575 3451 2620 to;
3490 2551 3756 2649 λέγειδτι

2159 2644 2304 2723 ποιεί
2351 2666 2452 2736 μὲν
2486 2666 2520 2734 ὴ
2558 2663 2719 2732 φύσις
2774 2659 2993 2712 ἅπαντα
3046 2652 3189 2707 κατά
3248 2651 3353 2721 τὴν
3405 2644 3753 2704 ἀκολουθίαν,

2159 2763 2290 2833 Θείῳ
2326 2759 2382 2814 δὲ
2414 2754 2806 2828 προστάγματι
2830 2749 2919 2805 διά
2955 2746 3137 2817 πάσης
3175 2743 3436 2816 ἀρχῆθεν
3468 2737 3752 2809 λαληθέντι
3823 2754 3826 2756 ν

2156 2859 2258 2929 τῆς
2281 2856 2529 2917 κτίσεως.
3661 2887 3668 2898 .

2239 2950 2454 3017 Ἐξάγει
2497 2946 2598 3018 μὲν
2627 2940 2722 3000 οὖν
2760 2952 2904 2998 κατά
2939 2941 3040 2996 τὴν
3063 2937 3232 3006 ἕκτην
3267 2934 3384 2990 ἀπὸ
3424 2933 3526 3004 τῆς
3565 2929 3666 3000 γῆς
3685 2924 3750 2978 τά

2157 3044 2482 3116 τετράποδα.

2238 3114 2377 3192 Ἀλλ’
2425 3131 2661 3188 ἐνταῦθα
2716 3129 2954 3201 ζητῆσαι
3017 3127 3187 3191 ἄξιον,
3240 3118 3536 3191 ἀγαπητὲ,
3605 3114 3744 3172 τίνος

2158 3229 2345 3283 ἕνεκεν
2388 3227 2519 3290 τοὺς
2560 3225 2659 3293 μὲν
2711 3221 2903 3292 ίχθύας
2945 3216 3198 3285 εὐλογίας
3239 3213 3496 3285 ἠξίωσεν
3535 3210 3564 3262 6
3593 3205 3738 3267 Θεὸς,

2155 3317 2607 3385 αὐξάνεσθαι-καὶ
2631 3310 3000 3384 πληθύνεσθαι
3030 3307 3223 3370 εἰπὼν,
3252 3306 3356 3359 ἐπὶ
3389 3303 3450 3359 δὲ
3482 3303 3595 3363 τοῖς
3618 3312 3740 3368 χερ⁸

2157 3413 2332 3474 σαίοις
2371 3408 2532 3463 τοῦτο
2560 3408 2662 3461 οὐκ
2699 3403 2945 3475 ἐποίησε.
2980 3401 3095 3455 Καὶ
3121 3399 3374 3468 λέγομεν
3409 3396 3495 3448 ὅτι
3525 3391 3614 3444 διά
3643 3388 3738 3456 τὴν

2155 3503 2249 3556 ἐπὶ
2299 3501 2376 3571 τῷ
2409 3501 2531 3568 ὕφει
2567 3500 2686 3569 μετ’
2735 3496 2797 3549 οὐ
2845 3493 2982 3547 πολὺ
3039 3489 3430 3559 γενησομένην
3473 3481 3734 3549 κατάραν.

2166 3594 2386 3662 Ἐπειδὴ
2438 3593 2547 3662 γάρ
2598 3589 2847 3660 προεῖδεν
2901 3587 2931 3637 6
2980 3583 3114 3647 Θεὸς
3167 3583 3252 3635 ὅτι
3293 3579 3388 3634 διὰ
3431 3575 3526 3630 τοῦ
3567 3575 3735 3640 ὄφεως

2153 3686 2569 3756 ἀπατηθήσεται
2619 3684 2647 3736 6
2675 3682 2986 3750 ἄνθρωπος,
3020 3673 3326 3731 κάντεῦθεν
3365 3670 3530 3730 αὐτὸς
3564 3667 3591 3718 6
3618 3664 3736 3756 δφις

2153 3780 2262 3850 ἀρᾷ
2303 3752 2686 3835 ύποπεσεϊται.
2711 3772 2905 3825 τούτου
2930 3769 3093 3840 χάριν
3125 3764 3387 3832 εὐλογίας
3413 3759 3652 3850 ἀξιῶσαι
3668 3752 3731 3850 τά

2153 3845 2384 3940 χερσαῖα
2433 3866 2534 3919 οὐκ
2580 3863 2837 3933 ἔφθασεν,
2891 3861 2978 3915 ἵνα
3042 3857 3117 3930 μὴ
3164 3857 3430 3928 εὑρεθείη
3483 3854 3552 3907 τὰ
3596 3845 3732 3904 αύτά

2152 3959 2390 4028 εὐλογῶν
2445 3959 2542 4012 καὶ
2596 3954 3033 4024 καταρώμενος,
3089 3950 3165 4014 ὡς
3221 3948 3514 4010 θειότατός
3570 3957 3731 4013 φησιν

2165 4051 2536 4106 Ἀναστάσιοε.
2578 4048 2782 4117 Ἀλλ’ἡ
2819 4047 2918 4116 μὲν
2964 4045 3075 4098 τῶν·
3125 4041 3334 4114 ἰχθύων
3383 4041 3548 4112 φύσις
3586 4036 3729 4088 εὐτε-

2152 4145 2414 4214 λεστέρας
2437 4142 2585 4196 δοκεῖ
2613 4141 2862 4210 μετέχειν
2885 4138 3030 4207 ζωῆς
3053 4136 3141 4190 διὰ
3167 4136 3228 4188 τὸ
3258 4136 3320 4188 ὲν
3350 4136 3417 4205 τῇ
3461 4127 3726 4199 παχύτητι

2151 4237 2249 4290 τοῦ
2281 4235 2473 4297 ὓδατος
2503 4231 2814 4287 διαιτᾶσθαι
2841 4247 2856 4262 ο
2893 4231 2988 4284 καὶ
3018 4228 3126 4298 γάρ
3155 4228 3297 4298 ἀκοὴ
3329 4225 3463 4296 παρ’
3495 4220 3724 4276 ἐκείνοις

2155 4332 2372 4402 βαρεῖα,
2395 4328 2492 4380 καὶ
2523 4322 2954 4399 ὁρῶσινάμϐλὺ,
2981 4321 3075 4374 καὶ
3095 4320 3219 4373 οὕτε
3249 4337 3339 4382 τις
3373 4319 3565 4388 μνήμη
3596 4304 3724 4374 παρ’

2154 4420 2385 4481 ἐκείνοις
2428 4415 2551 4470 οὔτε
2599 4413 2874 4484 φαντασία
2918 4411 3045 4464 οὔτε
3096 4409 3366 4478 συνήθους
3410 4408 3719 4472 ἐπίγνωσις.

2166 4510 2289 4562 Ἐπὶ
2312 4508 2368 4560 δέ
2401 4523 2467 4575 γε
2491 4507 2603 4569 τοῖς
2633 4500 2912 4574 χερσαίοις
2943 4501 2996 4552 τί
3022 4499 3126 4570 χρὴ
3171 4498 3267 4552 καὶ
3315 4498 3540 4564 λέγειν;
3572 4489 3716 4544 Alt:

2147 4599 2256 4668 γὰρ
2300 4598 2584 4666 αἰσθήσεις
2640 4593 3034 4665 τετράνωνται,
3078 4591 3173 4645 καὶ
3209 4590 3463 4661 ἀκριϐεῖς
3513 4582 3721 4654 μνῆμαι

2146 4693 2258 4744 τῶν
2293 4687 2674 4759 παρελθόντων
2701 4688 2759 4739 ὲν
2785 4685 2993 4747 αὐτοῖς.
3025 4679 3149 4737 Οἷδε
3170 4681 3271 4750 τὴν
3305 4682 3515 4749 συνήθη
3543 4669 3720 4759 φωνὴν

2148 4783 2176 4834 6
2207 4780 2348 4841 δνος.
2376 4757 2526 4832 οἶδεν
2554 4777 2671 4832 666v
2691 4777 2756 4847 ἣν
2786 4775 3049 4836 πολλάκις
3082 4773 3323 4839 ἐϐάδισε,
3359 4771 3454 4825 καί
3484 4783 3586 4818 που
3621 4757 3712 4813 καὶ

2149 4872 2342 4940 ὁδηγὸς
2375 4870 2546 4924 ἐνίοτε
2599 4867 2974 4937 ἀποσφαλέντι
3020 4865 3099 4936 τῷ
3148 4863 3426 4936 ἀνθρώπῳ
3471 4859 3715 4940 γίνεται’

2151 4963 2212 5016 τὸ
2229 4938 2298 5016 δὲ
2327 4961 2593 5030 ὀξυήκοον
2614 4959 2726 5030 ξτοῦ
2758 4956 2899 5023 ζώου
2929 4956 3084 5010 οὐδὲν
3129 4954 3258 5009 ἄλλο
3283 4971 3336 5008 τι
3361 4953 3580 5018 λέγεται
3613 4938 3714 4995 τῶν

2151 5054 2425 5125 χερσαίων
2475 5054 2641 5123 ἔχειν.
2678 5051 2751 5105 T6
2799 5051 2857 5105 δὲ
2895 5049 3006 5103 τῶν
3065 5046 3332 5118 καμήλων
3381 5039 3712 5114 μνησίκακον

2151 5145 2248 5199 κοιλ⁵
2273 5144 2549 5215 βαρύμηνι
2574 5143 2796 5213 διαρκὲς
2830 5140 2969 5212 πρὸς
2999 5137 3168 5210 ὀργὴν
3201 5137 3319 5200 πῶς
3344 5134 3411 5188 ἄν
3439 5147 3523 5193 τις
3550 5127 3704 5197 εἴπῃς

2148 5236 2324 5291 Πάλαι
2371 5234 2502 5288 ποτὲ
2556 5233 2826 5305 πληγεῖσα
2861 5229 3132 5302 κάμηλος,
3180 5226 3379 5299 μακρῷ
3413 5222 3587 5294 χρόνῳ
3621 5229 3709 5265 τα-

2151 5327 2494 5399 μιευσαμένη
2521 5325 2622 5398 τὴν
2664 5327 2850 5397 μῆνιν,
2881 5323 3106 5379 ἐπειδὰν
3127 5319 3433 5391 ἐὐκαιρίας
3461 5312 3699 5378 λάϐηται.

2146 5419 2209 5473 τὸ
2268 5419 2439 5472 κακὸν
2498 5419 2829 5474 ἀντιδίδωσι.
2897 5415 3069 5470 Τοῦτο
3129 5415 3225 5468 καὶ
3280 5413 3374 5467 ἐπὶ
3426 5407 3702 5473 ἐλέφαντος

2153 5509 2542 5582 ἱστορούμενον
2588 5509 2848 5580 εὕρομεν.
2900 5506 3039 5562 [loris
3071 5505 3179 5576 γὰρ
3218 5507 3299 5569 είς
3351 5489 3698 5563 ίπποδρομίαν

2151 5603 2349 5674 ἐλέφας
2395 5603 2750 5676 ἀπαγόμενος
2804 5599 3188 5671 καταλλάκτην
3234 5595 3360 5656 τινὰ
3405 5588 3697 5660 καθήμενον
