4008 6460
232 392 319 458 ns
1446 373 1815 472 ANNALiUl

1892 412 2088 473 PARS
2129 415 2176 479 ι.
3188 388 3197 405 ‘
3363 411 3469 476 ιιι

222 512 273 564 ὲν
296 511 372 581 τῷ
399 513 567 585 μιλίῳ
603 514 769 586 φόνου
797 517 1069 589 πεποίηκε
1111 519 1497 592 παρανάλωμα
1538 523 1630 577 διὰ
1674 524 1799 580 τῶν

1890 528 2061 584 veluti
2106 545 2251 600 penu
2308 531 2547 602 quodam
2579 530 2900 596 recondita,
2950 527 3354 600 quamprimum
3411 541 3469 581 se

221 608 443 664 ὀδόντων
468 609 659 676 αὑτοῦ,
693 611 925 676 ἀναιδῶς
953 629 1073 677 πως
1113 613 1208 667 καὶ
1239 615 1495 679 ἀτάκτως
1528 616 1779 687 ὁρμήσας

1885 623 2267 692 opportunitas
2304 624 2587 690 obtulerit,
2623 625 2801 679 vicem
2838 620 3026 677 refert.
3065 620 3140 676 De
3172 619 3468 689 elephanto

221 698 331 752 κατ’
354 698 546 752 αὑτοῦ.
584 701 658 754 Τὸ
704 697 752 754 6‘
801 703 977 756 αῐτιον
1020 704 1104 758 ὅτι
1133 703 1242 771 πρὸ
1276 704 1410 759 δέκα
1455 706 1721 759 ἐνιαυτῶν
1754 708 1784 761 6

1885 714 2204 784 huiusmodi
2255 717 2516 786 quiddam
2590 716 2870 772 memoria:
2920 697 3199 785 proditum
3253 712 3468 781 reperi-

218 789 449 856 τοιοῦτος
496 791 878 865 καταλλάκτης
909 794 1115 866 σιδήρῳ
1164 795 1403 867 ἐπληξεν
1445 797 1611 851 αὑτὸν
1640 799 1791 852 άπα-

1883 809 2200 865 mus.’Cum
2235 808 2289 863 iu
2342 807 2767 880 hippodromum
2814 807 3186 862 deduceretur
3222 804 3466 875 elephas,

219 884 445 953 γόμενον
493 886 592 939 καὶ
619 885 742 940 τότε
785 889 866 953 εἰς
911 887 1279 959 ἱπποδρομίαν
1332 890 1422 944 διὰ
1470 890 1568 945 τοῦ
1616 891 1787 947 αὑτοῦ

1885 898 2183 969 quemdam
2232 898 2553 967 magistrum
2613 897 2854 952 ferarum
2900 903 2957 952 et
3009 895 3375 951 cicuratorem
3413 896 3468 947 in

216 978 399 1035 τόπου.
426 980 543 1037 Καὶ
589 981 662 1036 τὰ
722 982 825 1055 μὲν
858 972 952 1038 τοῦ
986 984 1280 1054 ἐλέφαντος
1322 985 1584 1040 τοιαῦταο
1620 986 1678 1039 αῖ
1727 985 1785 1040 δὲ

1889 989 2139 1044 miliario
2171 989 2457 1045 sedentem
2492 987 2796 1051 interfecit,
2855 986 3167 1041 immaniter
3206 985 3472 1040 adversus

218 1072 510 1142 παρδάλεις
547 1076 784 1145 φυσικήν
825 1092 949 1130 τινα
974 1076 1162 1146 ἔχουσι
1191 1077 1331 1147 πρὸς
1371 1078 1465 1132 τὸν
1494 1076 1788 1148 ἄνθρωπον

1889 1082 2206 1137 ἰηυηινοιιῐῐι
2237 1081 2500 1136 dentibus
2551 1079 2671 1136 suis
2711 1078 2955 1134 irruens.
3008 1075 3265 1146 Ejusxrei
3305 1091 3471 1132 causa

216 1163 398 1232 ὀργὴν,
432 1165 529 1219 καὶ
580 1165 860 1234 πεφύκασι
912 1168 1118 1238 μᾶλλον
1166 1170 1284 1234 τοῖς
1322 1169 1626 1240 ὀφθαλμοῖς
1676 1170 1786 1223 τῶν

1887 1184 2027 1240 erat,
2065 1173 2214 1244 quod
2247 1174 2293 1228 is
2323 1182 2451 1228 ante
2484 1179 2630 1227 totos
2679 1170 2868 1225 decem
2900 1184 3078 1225 annos
3115 1170 3470 1239 elephantum

219 1254 517 1326 ἀνθρώπων
544 1256 890 1326 ἐφάλλεσθαι.
935 1259 1099 1316 Ἀλλὰ
1145 1261 1241 1315 καὶ
1265 1260 1323 1314 ὲν
1356 1260 1537 1333 χάρτῃ
1570 1260 1782 1315 ίδοῦσαι

1890 1258 2042 1314 ferro
2075 1266 2448 1330 percusserat,
2480 1273 2606 1314 cum
2660 1258 2715 1313 id
2780 1258 3043 1328 temporis
3075 1272 3173 1327 per
3219 1257 3473 1311 eumdem

219 1348 531 1404 τυπωθέντα
561 1349 871 1427 ἄνθρωπον,
902 1351 979 1416 ὥς
1009 1351 1115 1406 πού
1165 1369 1331 1426 φησιν
1359 1352 1594 1425 ὀ“μέγας
1620 1351 1785 1406 Βασί-

1893 1353 2064 1408 locum
2093 1351 2161 1407 ad
2211 1351 2637 1422 hippodromum
2682 1350 3072 1408 deduceretur.
3089 1349 3346 1404 Pardales
3376 1363 3476 1403 na-

219 1437 373 1505 λειος,
407 1441 504 1496 τὸν
531 1442 739 1514 χάρτην
766 1442 1188 1514 σπαράττουσιν.

1891 1445 2130 1501 turalem
2162 1446 2458 1516 quamdam
2487 1445 2755 1500 adversus
2797 1445 3057 1499 homines
3087 1444 3223 1499 iram
3265 1442 3472 1506 fovent.

219 1547 274 1588 ac
305 1532 629 1605 plerumque
676 1544 1085 1592 consueverunt
1141 1537 1200 1593 in
1243 1534 1436 1594 oculos
1487 1536 1775 1593 hominum
1815 1536 2053 1594 insilire.
2088 1536 2233 1605 Quin
2284 1537 2464 1610 pictos
2496 1537 2669 1594 etiam
2719 1538 2775 1593 in
2842 1536 3050 1593 chartis
3109 1536 3372 1601 lacerant,
3415 1531 3477 1589 ιιι

221 1625 415 1681 alicubi
444 1626 670 1682 sanctus
693 1627 822 1685 dicit
847 1628 1114 1687 Basilius.

294 1719 519 1785 Ἱκανῶς
545 1721 604 1775 δὲ
631 1721 966 1792 θαυμάσειεν
993 1724 1063 1780 ἄν
1085 1740 1170 1789 τις
1196 1727 1295 1780 καὶ
1316 1725 1387 1782 τά
1415 1725 1513 1781 τοῦ
1540 1724 1783 1793 λέοντος,

1963 1725 2168 1783 Leonis
2219 1740 2442 1797 quoque
2501 1740 2685 1782 mores
2732 1733 2785 1781 et
2837 1723 3079 1781 indolem
3122 1740 3232 1780 nou
3279 1723 3378 1779 abs
3413 1738 3474 1778 re

220 1812 278 1866 τὸ
327 1814 653 1883 μοναστικδν
697 1814 866 1870 αὑτοῦ
916 1816 1019 1886 τῆς
1066 1817 1239 1887 ζωῆς,
1290 1818 1353 1872 τὸ
1413 1818 1788 1889 ἀκοινώνητον

1895 1814 2022 1890 quis
2050 1819 2379 1885 admiretur,
2420 1817 2689 1874 nimirum
2727 1816 2894 1871 vitam
2925 1817 3048 1885 ejus
3089 1816 3389 1871 solitariam
3419 1823 3476 1869 et

224 1906 356 1974 πρὸς
382 1907 445 1959 τὸ
475 1906 772 1976 ὁμόφυλον.
799 1902 926 1963 Οἷον
952 1908 1063 1980 γάρ
1098 1926 1185 1973 τις
1215 1908 1483 1981 τύραννος
1510 1908 1621 1963 τῶν
1646 1910 1788 1964 ἀλό-

1897 1911 2279 1967 abborrentem
2305 1926 2336 1965 a
2367 1909 2450 1964 sui
2474 1909 2691 1980 generis
2715 1906 3033 1962 animalium
3068 1907 3330 1963 societate
3371 1921 3473 1960 na-

224 2011 330 2063 γων
358 1995 446 2050 διά
490 1996 591 2067 τὴν
622 1999 688 2051 tae
719 1997 937 2069 φύσεως
984 1999 1294 2071 ὑπεροψίαν
1342 2000 1445 2072 τὴν
1490 1994 1630 2072 πρὸς
1660 1992 1790 2064 τοὺς

1894 2011 2095 2059 turam.
2144 2002 2281 2058 Nam
2316 2015 2442 2057 cum
2488 2001 2559 2055 sit
2597 1998 2756 2068 quasi
2794 1998 3015 2069 quidem
3051 1999 3342 2054 brutorum
3387 2005 3473 2068 ty-

225 2088 447 2153 πολλοὺς
470 2090 763 2161 ὀμοτιμίαν
799 2091 861 2144 οὑ
904 2088 1287 2162 καταδέχεται,
1315 2093 1460 2149 ὥστε
1488 2094 1612 2147 οὑδὲ
1662 2092 1790 2164 χθε-

1893 2110 2102 2150 rannus
2133 2103 2190 2149 et
2219 2108 2313 2151 rex
2336 2133 2351 2160 ,
2396 2091 2516 2163 pari
2549 2106 2673 2147 esse
2724 2106 2849 2146 cum
2883 2089 3099 2146 czcteris
3147 2088 3359 2151 honore
3386 2087 3475 2142 di-

226 2177 371 2248 σινὴν
403 2178 608 2252 τροφὴν
642 2181 950 2252 προσίεται.
984 2176 1056 2254 ’ᾩ
1098 2184 1195 2238 καὶ
1235 2182 1546 2256 τηλικαῦτα
1578 2184 1791 2257 ὄργανα

1892 2187 2213 2259 gnitateque
2262 2195 2485 2241 recusat
2514 2192 2742 2254 propter
2770 2181 3063 2253 quamdam
3101 2179 3333 2236 inditam
3368 2177 3473 2249 ipsi

227 2272 447 2340 ἡφύσις
481 2272 740 2343 ἐνέθηκεν
776 2273 918 2330 ὥστε
953 2275 1125 2330 πολλὰ
1171 2275 1280 2331 τῶν
1323 2277 1481 2342 ζώων
1511 2278 1787 2350 ὑπερσάλ-

1892 2293 1925 2335 a
1956 2287 2154 2335 natura
2180 2276 2517 2345 superbiam.
2541 2274 2917 2331 Consimiliter
2938 2272 3124 2329 cibum
3153 2270 3475 2326 hesternum

228 2361 380 2415 λοντα
433 2365 501 2438 τῇ
551 2363 815 2435 ταχύτητι
864 2365 1014 2437 μόνῳ
1070 2365 1335 2432 πολλάκις
1383 2367 1668 2423 ἁλίσκεται
1714 2367 1794 2439 τῷ

1894 2387 2005 2427 non
2035 2371 2226 2428 sumit.
2258 2370 2448 2427 Eidem
2500 2370 2867 2426 instrumenta
2899 2369 3052 2424 vocis
3082 2376 3231 2423 tanta
3281 2374 3477 2421 natura

232 2453 555 2525 βρυχήματι.
582 2457 692 2511 Καὶ
726 2455 892 2512 τοῦτο
925 2458 1092 2516 Δασὶδ
1115 2461 1144 2513 6
1177 2461 1476 2533 προφήτης
1503 2462 1785 2533 ὑπεμφαί-

1896 2466 2077 2531 dedit,
2110 2475 2173 2521 ut
2207 2479 2335 2521 cum
2373 2464 2635 2521 animalia
2676 2464 2940 2535 pleraque
2983 2462 3276 2517 velocitate
3309 2473 3479 2528 supe-

230 2561 334 2599 νειν
363 2545 537 2615 λέγων
563 2563 580 2580 ο
621 2566 642 2601 ι
686 2548 748 2603 '0
779 2549 917 2605 λέων
976 2551 1249 2623 ὀνεδρεύει
1296 2554 1357 2607 ἀν
1403 2553 1729 2625 ἀποκρύφῳ.
1766 2571 1785 2606 ι

1894 2563 2003 2622 ret,
2043 2556 2162 2612 solo
2194 2569 2576 2626 saepenumero
2636 2563 2810 2611 semet
2851 2552 3036 2622 rugitu
3098 2566 3200 2607 suo
3256 2549 3476 2622 prodat.

229 2637 422 2707 Αίιρνης
453 2637 561 2710 γὰρ
591 2639 905 2713 ἐκπηδήσας
926 2642 1138 2697 ἐκεῖθεν
1172 2644 1268 2699 καὶ
1300 2645 1443 2715 μέγα
1479 2645 1688 2716 βοήσας
1721 2645 1793 2699 τά

1897 2649 2145 2705 lndicare
2196 2649 2306 2704 hoc
2350 2647 2545 2720 ipsum
2579 2656 2733 2703 vates
2777 2645 2946 2703 etiam
3010 2643 3250 2700 Davides
3301 2640 3479 2697 voluit

236 2727 599 2796 παροδεύοντα
638 2731 750 2784 τῶν
797 2731 952 2797 ζώων
998 2734 1254 2790 ἵστασθαι
1288 2737 1458 2804 ποιεῖ,
1496 2740 1592 2791 καὶ
1618 2735 1794 2800 οὓτως

1897 2740 2050 2796 hisce
2072 2740 2258 2796 verbis
2293 2756 2308 2794 :
2355 2756 2375 2791 ι
2404 2738 2688 2809 Tanquam
2733 2738 2821 2793 leo
2849 2735 3052 2791 abditis
3085 2734 3142 2789 iu
3173 2731 3480 2788 locis-insi-

234 2819 393 2873 ὲσθξει
421 2821 857 2893 καταλαμϐάνων
885 2826 1050 2883 αὑτά.
1077 2827 1277 2890 Καλῶς
1306 2826 1402 2882 οὖν
1431 2830 1460 2883 ὀ
1497 2829 1793 2902 Προφήτης

1895 2832 2080 2888 diatur
2108 2832 2178 2888 “.
2221 2850 2240 2885 ι
2275 2830 2413 2887 Nam
2447 2846 2512 2887 ex
2550 2830 2617 2886 iis
2652 2837 2880 2899 repente
2925 2826 3242 2894 prosiliens,
3277 2838 3477 2894 magno

236 2910 403 2983 ἔλεγε·
438 2932 459 2967 ι
485 2914 724 2988 Σκύμνοι
756 2916 1114 2991 ὠρυόμενοι.»
1147 2918 1239 2974 καὶ
1272 2919 1341 2976 τὰ
1361 2919 1546 2977 λοιπά.

1897 2922 2138 2979 clamore
2169 2918 2410 2986 sublato,
2437 2919 2694 2975 animalia
2724 2916 3113 2989 praetereuntis
3137 2914 3354 2970 sistitet
3372 2912 3480 2967 hoc

1895 3014 2061 3069 modo
2114 3022 2272 3084 capta
2316 3013 2566 3069 devorat.
2611 3010 2804 3083 Itaque
2857 3009 3117 3081 praeclare
3146 3005 3315 3062 Vates
3355 3005 3474 3060 ait:

1214 3168 1219 3173 ,
1270 3152 1284 3167 .
1903 3125 1923 3161 ι
1956 3106 2134 3163 Catuli
2171 3105 2380 3161 leonini
2421 3103 2724 3175 rugientes,
2756 3114 2813 3158 ut
2844 3101 3084 3174 praedam
3118 3098 3323 3155 faciant
3346 3097 3414 3151 “.
3452 3116 3471 3149 ι

299 3180 375 3294 Οὑ
401 3182 653 3294 τοσοῦτον
665 3182 924 3294 ’δευήμεῖς
973 3184 1024 3238 οῖ
1070 3182 1214 3279 λόγιρ
1242 3184 1629 3258 τετιμημένοι,
1661 3185 1789 3241 ὅσον
1816 3233 1862 3294 c

1963 3196 2153 3268 Neque
2182 3211 2316 3252 vero
2373 3210 2476 3251 nos
2535 3193 2830 3258 homines,
2888 3203 3203 3261 quanquam
3253 3187 3480 3244 rationis

238 3272 370 3327 αύτά
404 3275 573 3348 δήπου
619 3277 691 3332 τά
736 3275 907 3346 ἄλογα
938 3278 1054 3343 ζῶα
1088 3272 1209 3350 τὴν
1222 3279 1433 3334 οἰκείαν
1481 3279 1659 3335 οἴδασι
1686 3296 1790 3334 σω-
1817 3272 1821 3281 ’

1898 3288 2179 3345 beneﬂcio
2209 3289 2385 3345 simus
2406 3285 2609 3350 ornati,
2636 3293 2744 3340 tam
2767 3283 2983 3355 egregie
3006 3281 3164 3338 nobis
3192 3280 3481 3336 consulere

237 3365 439 3435 τηρίαν,
497 3368 591 3420 καὶ
639 3367 765 3421 ὅθεν
817 3366 1006 3430 αὐτοῖς
1054 3367 1480 3440 παθαινομένοις
1537 3370 1572 3441 ή
1625 3369 1789 3440 ὑγεία

1899 3395 2202 3453 possumus
2230 3395 2397 3450 quam
2436 3379 2560 3450 ipsa
2615 3378 2777 3434 bruta
2823 3373 3079 3430 animalia
3125 3372 3393 3428 rationes.
3420 3386 3481 3427 se

235 3457 600 3525 προσγίνεται.
651 3459 888 3528 Ἄρκτος
949 3459 1062 3532 γὰρ
1115 3461 1379 3525 πολλάκις
1448 3460 1798 3533 βαρυτάταις

1899 3471 2259 3528 conservandi
2305 3481 2532 3529 norunt.
2563 3478 2620 3525 et
2660 3467 2811 3524 unde
2839 3468 2987 3522 male
3016 3467 3241 3522 allectis
3274 3462 3482 3520 sanitas

235 3547 639 3619 κατατρωθεῖσα
676 3548 916 3620 πληγαῖς
957 3548 1162 3621 ἑαυτὴν
1194 3550 1460 3621 ἰατρεύει,
1489 3550 1569 3622 τῷ
1597 3551 1792 3623 φλόμῳ

1900 3570 2399 3634 reparetur.........
2436 3559 2621 3616 Ursus
2665 3558 2814 3615 enim
2863 3569 3240 3628 saepenumero
3270 3553 3483 3624 gravis-

236 3639 399 3711 τούτῳ
446 3640 619 3712 ξηρὰν
648 3642 751 3710 τὴν
775 3642 939 3712 φύσιν
985 3645 1163 3715 ἔχοντι
1213 3644 1315 3710 τὰς
1344 3644 1574 3710 ὠτειλάς
1611 3662 1793 3718 παρα-

1898 3653 2049 3709 simis
2078 3652 2400 3708 vulneribus
2416 3649 2647 3706 allectus
2674 3648 2783 3703 sibi
2818 3647 2938 3718 ipse
2966 3645 3298 3702 medicinam
3326 3642 3481 3704 facit.

237 3729 450 3784 σύουσα.
490 3731 658 3796 Ἱδοις
692 3732 740 3787 δ’
786 3730 854 3787 ἂν
907 3735 1003 3787 καὶ
1048 3732 1316 3789 ἀλώπεκα
1342 3734 1420 3807 τῷ
1443 3735 1666 3808 δακρύῳ
1692 3737 1792 3805 τῆς

1899 3743 2026 3800 dum
2049 3742 2312 3798 verbasco
2338 3750 2468 3797 natu
2479 3740 2645 3795 ralem
2666 3737 2797 3794 sicci
2806 3746 2970 3793 tatem
2996 3734 3234 3791 habente
3255 3733 3482 3789 vulnera

234 3821 414 3886 πίτυος
463 3822 660 3893 ἑαυτὴν
719 3823 1099 3895 ίατρεύουσαν.
1142 3823 1372 3901 Xa).qu
1437 3825 1505 3895 6h~
1560 3826 1786 3893 σαρκῶν

1900 3836 2159 3893 obstruit.
2201 3832 2381 3890 Etiam
2437 3831 2658 3901 vulpem
2710 3829 2953 3900 lacryma
3003 3825 3167 3895 pinus
3214 3838 3274 3879 se
3305 3823 3483 3893 ipsam

233 3911 437 3983 ἐχίδνης
463 3913 839 3985 ιμφορηθεῖσα
883 3914 972 3969 διὰ
999 3915 1100 3984 τῆς
1134 3914 1394 3986 ὀριγάνου
1420 3917 1787 3981 ἀντιπαθείας

1904 3927 2180 3985 curantem
2212 3923 2406 3980 videre
2443 3929 2550 3979 est.
2590 3919 2833 3976 Testudo
2870 3917 3063 3988 vipere
3094 3912 3355 3970 carnibus
3397 3926 3487 3967 sa-

233 4005 416 4072 φεύγει
468 4006 567 4076 τὴν
611 4005 835 4076 βλάϐην,
863 4005 954 4060 τοῦ
1004 4005 1235 4062 ίοὸὁλου.
1264 4009 1377 4063 Καὶ
1427 4006 1555 4079 ὑφις
1587 4008 1689 4079 τὴν
1735 4010 1794 4063 tv

1903 4018 2032 4073 tiata
2066 4030 2167 4086 per
2214 4011 2553 4073 contrariam
2603 4007 2819 4080 origani
2859 4007 2992 4072 vim,
3032 4002 3329 4076 quominus
3357 4016 3391 4056 a
3424 4016 3486 4058 re

232 4100 335 4161 τοῖς
354 4097 645 4169 ὀφθαλμοῖς
679 4098 887 4170 βλάϐην
916 4099 1130 4167 ὶξιᾶται
1173 4099 1470 4171 βοσκηθεὶς
1517 4100 1790 4172 μάλαθρα.

1904 4107 2006 4179 5o
2028 4120 2313 4162 venenosa
2341 4103 2595 4179 laedatur,
2619 4099 2811 4156 eliicit.
2846 4098 3089 4169 Serpens
3109 4093 3305 4151 oculos
3324 4092 3487 4149 laesos

235 4183 350 4243 Οἵδε
394 4189 453 4243 δὲ
486 4189 582 4243 καὶ
626 4191 655 4242 6
696 4189 918 4258 ἔλαφος,
945 4189 1093 4243 καθά
1122 4205 1292 4260 φησιν
1325 4190 1597 4256 Δίλιανδς,
1631 4189 1796 4262 θερα-

1899 4200 2121 4258 sanitati
2148 4197 2416 4261 restituit,
2433 4193 2723 4250 malathris
2749 4199 2963 4264 pastus.
2992 4187 3234 4245 Novitet
3261 4200 3482 4252 cervus,

236 4279 416 4334 πεύειν
443 4279 635 4334 ἑαυτὸν
672 4281 826 4335 ἄνθει
857 4282 990 4349 τινὶ,
1014 4281 1110 4336 ἐάν
1143 4297 1277 4336 ποτε
1322 4282 1430 4336 ὑπὸ
1475 4281 1575 4336 τοῦ
1608 4281 1796 4353 βέλους

1906 4290 2367 4363 quemadmodum
2394 4287 2649 4344 Ailianns
2676 4284 2882 4347 tradit,
2915 4283 3156 4352 seipsum
3183 4278 3317 4334 ﬂore
3344 4292 3489 4349 quo-

235 4373 428 4442 τρωθῇ.
454 4367 576 4426 Οῐδε
622 4370 679 4425 δὲ
723 4371 820 4424 καὶ⁵
862 4371 1107 4442 κάμηλος
1158 4375 1535 4443 κεκαυμένους
1585 4374 1796 4444 χυμοὺς

1907 4385 2025 4440 dam
2077 4397 2318 4447 curare,
2367 4380 2413 4437 si
2462 4376 2688 4450 quando
2728 4375 2844 4431 telo
2890 4374 3052 4429 la‘sus
3093 4380 3199 4428 est.
3231 4369 3490 4427 Camelus

236 4461 462 4533 ἐξεμεῖν,
506 4465 555 4518 εί
604 4463 819 4533 φύλλων
863 4463 1046 4535 ὑγρῶν
1086 4463 1352 4533 ἐφάψοιτο
1403 4465 1590 4535 δρυός.
1633 4464 1798 4521 Ἀλλὰ

1908 4477 2164 4532 humores
2197 4482 2456 4544 perustos
2499 4481 2762 4524 evomere
2797 4464 2973 4528 novit,
3006 4460 3279 4518 contactis
3307 4460 3491 4514 hami-

239 4558 324 4608 καὶ
352 4555 496 4609 κύων
520 4557 619 4609 οὐκ
643 4556 831 4626 ἀγνοεῖ
849 4555 1018 4637 ’χολῆς
1051 4555 1315 4635 μελαίνης
1352 4555 1570 4627 χλωρὰν
1604 4555 1796 4627 ἄγρω-

1904 4568 1988 4624 dis
2017 4579 2259 4637 quercus
2285 4562 2456 4620 foliis.
2486 4562 2601 4618 Nec
2628 4558 2783 4615 canis
2805 4557 3026 4628 ignorat
3053 4552 3231 4609 viride
3259 4564 3487 4621 gramen

240 4665 348 4702 στιν
377 4645 517 4703 εἶναι
556 4634 875 4731 καθάρσιον.
911 4649 1074 4703 Ἀλλὰ
1105 4650 1199 4723 καὶ
1247 4649 1442 4722 τράγοι
1490 4648 1592 4719 τὴν
1623 4649 1798 4703 ἀσκαο

1908 4634 2083 4731 nigrae
2117 4656 2248 4712 bilis
2278 4653 2652 4726 expurganda;
2680 4650 2792 4705 vim
2826 4646 3057 4703 habere.
3096 4643 3249 4699 Hirci
3278 4654 3491 4697 scamo-

240 4741 439 4808 μωνῐαν
472 4740 567 4810 τῆς
596 4728 838 4810 ἀπεψίας
863 4739 1221 4812 ἀλεξητήριον
1269 4740 1467 4796 οῖδασι.
1506 4740 1617 4794 Καὶ
1654 4742 1800 4810 πάρ-

1909 4728 2047 4807 uiam
2110 4734 2408 4804 cruditatis
2468 4743 2781 4801 remedium
2829 4755 2955 4796 esse
2995 4737 3200 4794 sciunt.
3243 4733 3492 4791 Pardalis

235 4833 375 4898 ὀαλις
423 4832 619 4903 λύθρον
666 4831 822 4901 αίγὺς
873 4833 1066 4903 ἀγρίου
1115 4833 1390 4904 σωτήριον
1442 4834 1638 4889 οἴεται.
1683 4834 1799 4888 Καὶ

1905 4856 2150 4899 cruorem
2188 4854 2368 4910 capra:
2407 4836 2683 4894 silvestris
2711 4834 2818 4892 sibi
2850 4832 3147 4888 salutarem
3179 4814 3488 4883 existimat.

239 4925 432 4995 πτηνὸς
465 4924 619 4994 ἱέραξ
646 4924 737 4979 τὸν
756 4924 889 4978 ὀπὸν
919 4924 1029 4978 τῶν
1071 4924 1462 4996 πικροφύλλων
1496 4923 1797 4996 θριδακίων

1907 4929 2187 5002 Accipiter
2218 4927 2465 4984 volucris
2519 4937 2750 4981 succum
2807 4922 3147 4976 lactucarum
3177 4958 3192 4984 ,
3255 4931 3490 4988 quarum

235 5014 450 5069 ὀπτικὸν
494 5014 690 5086 ἀχλύος
745 5014 1035 5069 ἐπίσταται
1083 5016 1405 5087 φάρμακον.
1432 5006 1557 5070 ’Καὶ
1607 5014 1802 5071 κύκνοι

1910 5020 2036 5076 folia
2069 5027 2202 5073 sunt
2231 5030 2442 5081 amara,
2476 5010 2832 5083 caligantium
2889 5006 3179 5062 oculorum
3217 5002 3324 5059 scit
3366 5018 3493 5060 esse

235 5106 288 5159 δὲ
317 5106 618 5177 βατράχους
661 5105 935 5169 ἐσθίοντες
981 5105 1077 5159 τοῦ
1123 5105 1425 5171 λυποῦντος
1474 5105 1800 5178 ἀπαλλαγὴν

1911 5109 2227 5167 remedium.
2279 5106 2451 5180 Cygni
2516 5117 2677 5159 ranas
2728 5101 3099 5164 devorantes,
3196 5094 3494 5152 aﬂcctioue

238 5188 570 5272 εὑρίσκουσι.
606 5199 871 5268 Φεύγουσι
918 5199 1013 5254 καὶ
1051 5199 1226 5268 γῦπες
1272 5201 1370 5254 καὶ
1400 5199 1662 5268 κάνθαροι
1701 5200 1799 5273 τήν

1910 5202 2144 5277 quadam
2198 5200 2306 5256 sibi
2369 5197 2601 5255 molesta
2655 5209 2777 5251 sese
2826 5190 3088 5247 liberant.
3136 5188 3401 5247 Vultures
3438 5197 3493 5244 et

234 5291 339 5345 τῶν
374 5292 546 5362 ῥόδων
585 5290 785 5361 ὀσμήν.
836 5291 998 5346 Ἀλλὰ
1027 5293 1122 5347 καὶ
1169 5292 1293 5362 ὀφις
1330 5294 1359 5347 6
1384 5292 1620 5357 Λιϐυκὸς
1666 5294 1801 5347 ἀπο-

1913 5292 2171 5353 ιοοταὺαεί
2193 5305 2446 5373 rosarum
2464 5291 2700 5365 todorem
2721 5284 2959 5356 fugiunt.
2985 5280 3226 5352 Serpens
3256 5280 3496 5346 Libycus

237 5384 526 5452 στρέφεται
576 5386 859 5453 πήγανον·
908 5382 1126 5455 ψυχρὰν
1171 5385 1283 5456 γὰρ
1331 5385 1426 5440 καὶ
1471 5385 1647 5457 ξηρὰν
1705 5388 1802 5441 καὶ

1912 5397 2081 5444 rutam
2105 5394 2391 5441 aversatur
2414 5370 2443 5437 ἰ
2494 5396 2621 5437 nam
2686 5393 2814 5435 cum
2861 5385 3065 5431 natura
3097 5372 3353 5443 frigidus,
3384 5370 3495 5425 sic-

237 5476 469 5547 νευρὼδη
500 5474 601 5547 τὴν
635 5474 797 5546 φύσιν
826 5476 1281 5550 κληρωσάμενος,
1311 5479 1418 5533 ὑπὸ
1445 5480 1804 5553 τοῦξηροτά-

1910 5495 2026 5544 cus,
2056 5490 2328 5534 nervosus
2353 5475 2428 5532 sit
2461 5492 2476 5531 :
2504 5489 2604 5545 per
2628 5473 2776 5528 hanc
2802 5467 3056 5533 herbam,
3090 5480 3214 5536 quae
3247 5456 3493 5517 siccandi

236 5582 317 5619 του
373 5570 530 5632 ὄντος
583 5567 938 5638 λειποψυχεϋ
994 5570 1395 5638 ἀναγκάζεται,
1453 5570 1646 5643 ὥσπερ
1701 5572 1810 5627 ὑπὸ

1908 5573 2020 5627 vim
2049 5570 2218 5627 habet
2242 5569 2561 5634 maximam,
2595 5563 2910 5623 necessario
2940 5560 3093 5617 velut
3123 5555 3490 5614 exanimatur:

241 5661 548 5731 κραιπάλης
598 5659 751 5725 τινὸς
797 5664 895 5717 καὶ
938 5664 1276 5730 σκοτοδινίας
1319 5665 1441 5730 ταῖς
1478 5664 1810 5739 ύπερὸολαῖς

1915 5672 2179 5734 tanquam
2226 5659 2271 5718 si
2309 5675 2409 5732 per
2435 5652 2723 5732 crapulam
2752 5651 3048 5728 quamdam
3076 5654 3136 5707 ct
3163 5643 3492 5715 vertiginem

305 5847 348 5879 "
371 5845 515 5906 Psal.
551 5864 610 5915 ι,
646 5846 708 5902 9.
780 5844 825 5878 ’⁵³
847 5844 988 5901 Psal.
1021 5861 1131 5912 cm,
1156 5843 1247 5900 2|.
