4008 6446
573 357 680 422 115
1812 343 2236 424 MtcuAELi‘s
2275 361 2534 422 cum
3723 369 3810 433 ne

558 475 632 528 ob
668 474 938 530 siccitatis
973 475 1084 528 vim
1140 475 1366 530 nimiam
1400 473 1868 544 exstingueretur.
1919 474 2029 530 Hac
2073 474 2141 530 de

2250 475 2348 544 τῆς
2400 475 2704 546 ξηρότητος
2753 473 3258 546 ἀπονεκρούμενος.
3321 478 3523 546 Φευγει
3569 483 3740 535 τοίνυν
3785 484 3810 535 ὀ

561 581 726 621 causa
760 582 990 636 serpens
1017 567 1096 622 sic
1146 575 1327 622 rutam
1379 566 1519 638 fugit
1573 580 1638 621 ac
1687 565 1860 632 vitat,
1909 566 2055 622 sicut
2081 575 2140 622 et

2241 564 2366 634 δφις
2390 564 2451 618 τὸ
2488 565 2733 635 πήγανον
2759 564 3032 632 ἐντεῦθεν,
3065 565 3209 621 καθὰ
3256 565 3438 638 δήπου
3467 570 3562 622 καὶ
3597 570 3683 625 τὸν
3710 589 3809 642 χει-

560 658 821 724 hiemem,
861 668 1084 728 pr0pter
1117 659 1346 713 nimium
1382 657 1592 714 scilicet
1617 656 1812 728 frigus.

2245 657 2401 726 μῶνα
2426 657 2514 711 διὰ
2535 657 2636 728 τὴν
2669 658 2976 730 ὑπερϐολὴν
3009 659 3111 729 τῆς
3141 659 3511 732 ψυχρότητος.

633 748 727 805 Sic
751 750 922 820 igitur
945 750 1202 805 animalia
1231 759 1428 805 cuncta
1459 749 1592 819 quid
1622 750 1862 804 salutare
1888 748 1961 803 sit
1981 748 2135 819 ipsis,

2314 746 2471 801 Οὔτω
2494 747 2596 818 μὲν
2626 744 2722 803 οὖν
2753 749 2822 802 τὰ
2853 749 2970 813 ζῶα
3017 750 3199 804 πάντα
3246 751 3502 820 φυσικῶς
3539 749 3645 805 οῐδε
3672 752 3729 806 τό
3753 771 3803 807 τε

557 841 690 908 quid
756 842 976 897 exitiale
1005 882 1021 908 ,
1077 841 1358 912 cognitum
1395 841 1622 896 habent.
1667 840 1784 896 Jam
1838 855 1961 910 quae
2010 847 2140 894 sunt

2244 840 2513 911 σωτήριον
2534 839 2596 893 τό
2621 857 2676 893 τε
2692 839 2958 910 ὀλέθριον.
2993 841 3142 896 Αίδέ
3186 844 3322 913 παρ’
3355 843 3543 907 αὐτοῖς
3574 843 3805 915 προγνώ·

559 934 706 1004 apud
735 950 801 990 ea
834 952 1020 990 rerum
1056 934 1370 990 futurarum
1425 933 1711 1005 praesagia,
1760 933 1914 987 verbi
1944 931 2138 1003 gratia,

2245 953 2358 1001 σεις
2389 936 2490 1005 τῆς
2517 936 2644 1007 περὶ
2677 936 2768 990 τδν
2809 937 2946 1008 ἀέρα
2977 937 3289 1007 μεταϐολῆς
3324 938 3490 994 ποίαν
3523 939 3640 1008 οὐχὶ
3668 939 3807 992 σύνε-

558 1027 630 1083 de
683 1027 832 1082 aeris
866 1026 1172 1082 mutatione
1237 1028 1446 1097 (quam
1498 1025 1734 1081 obsecro
1790 1026 2138 1095 prudentiam

2246 1045 2331 1082 σιν
2361 1029 2588 1101 λογικὴν
2631 1030 3113 1101 ἀποκρύπτουσιν;
3174 1031 3313 1084 ὅπου
3373 1047 3439 1099 γε
3475 1030 3536 1084 τὸ
3567 1030 3663 1100 μὲν
3684 1033 3803 1100 πρό-

558 1119 884 1174 rationalem
934 1135 1155 1189 quoque
1219 1135 1326 1174 non
1382 1119 1727 1174 obscurant?
1771 1120 1890 1174 ovis
1933 1118 2141 1173 adven-

2245 1120 2410 1174 ϐατον
2431 1122 2700 1191 χειμῶνος
2728 1121 3009 1191 προϊόντος
3037 1120 3256 1190 λάϐρως
3292 1120 3702 1190 ἐπεμϐάλλεται
3743 1123 3801 1190 τῇ

561 1217 712 1270 tante
772 1209 955 1264 hieme
1016 1225 1177 1279 parce
1256 1209 1593 1264 nutrimento
1666 1208 1927 1274 vescitur,
1985 1207 2141 1278 quasi

2245 1216 2420 1284 τροφῇ
2465 1212 2654 1284 ὥσπερ
2701 1213 3139 1283 ἐπισιτιζόμενον
3183 1211 3324 1282 πρὸς
3379 1211 3482 1280 τὴν
3528 1211 3803 1281 μέλλουσαν

559 1303 855 1372 quamdam
911 1302 1017 1357 sibi
1067 1313 1408 1359 commeatus
1453 1302 1666 1371 copiam
1721 1319 1820 1370 pro
1882 1310 2140 1356 secutura

2246 1305 2474 1362 ἔνδειαν.
2511 1307 2651 1378 Ἤδη
2707 1307 2765 1362 δέ
2817 1325 2903 1370 τις
2949 1307 3059 1363 τῶν
3105 1306 3420 1375 φιλοπόνων
3463 1304 3574 1376 (η)
3605 1303 3801 1358 καὶτὸν

562 1391 748 1462 inopia
779 1393 1150 1464 comparans).
1192 1392 1340 1459 Quin
1387 1393 1554 1448 etiam
1597 1393 1849 1448 homines
1885 1392 2138 1447 industrii

2246 1401 2500 1469 χερσαῖον
2534 1402 2712 1471 ἐχῖνον
2742 1401 2976 1470 ἐτήρησε
2999 1399 3197 1464 διπλᾶς
3225 1398 3510 1462 ἀναπνοὰς
3533 1401 3600 1468 τῇ
3629 1396 3803 1450 ἑαυτοῦ

563 1495 916 1548 terrestrem,
947 1484 1207 1540 echinum
1250 1485 1366 1541 sive
1401 1487 1718 1540 erinaceum
1758 1484 2146 1554 respirationes

2248 1491 2542 1544 καταδύσει
2593 1492 3078 1562 μηχανησάμενον,
3131 1491 3226 1546 καὶ
3278 1491 3572 1560 μέλλοντος
3626 1488 3801 1560 βορέου

565 1576 672 1632 sibi
708 1578 952 1646 geminas
979 1577 1288 1647 excogitare
1311 1579 1426 1632 suis
1451 1577 1506 1631 in
1540 1577 1727 1632 lustris
1749 1578 2142 1632 observarunt.

2248 1585 2402 1636 πνεῖν
2436 1582 2862 1654 ἀποφράσσοντα
2907 1581 3007 1653 τὴν
3047 1581 3334 1654 ἀρκτῴαν,
3375 1582 3532 1636 νότου
3561 1580 3618 1634 δέ
3659 1579 3805 1634 πάλιν

565 1667 722 1735 Quod
768 1669 811 1723 si
841 1669 1148 1739 spiraturus
1173 1677 1259 1722 est
1301 1668 1508 1738 aquilo,
1538 1676 1747 1738 partem
1779 1667 2145 1738 aquilonalem

2251 1676 2679 1748 μεταϐάλλοντος
2708 1677 2786 1741 τίς
2806 1675 2905 1747 τὴν
2933 1675 3305 1746 προσάρκτιον
3334 1673 3743 1745 μεταϐαίνοντα.

564 1757 840 1814 obstruit:
868 1757 1013 1827 quod
1044 1757 1090 1813 si
1117 1768 1280 1814 vento
1301 1765 1516 1812 mutato
1543 1757 1637 1814 ﬂat
1659 1765 1867 1824 auster,
1902 1757 1973 1814 ad
2004 1757 2149 1814 fora-
2177 1803 2226 1864 Β

565 1874 692 1915 men
725 1859 1023 1914 obversum
1054 1857 1298 1928 aquiloni
1329 1873 1390 1914 se
1423 1858 1658 1914 confert.
2177 1857 2222 1864 '
2697 1925 2704 1933 ‘

637 1949 816 2006 Etiam
847 1949 1124 2005 sentiendi
1155 1965 1490 2020 organorum
1524 1951 1582 2005 in
1604 1949 1937 2006 animalibus
1970 1951 2153 2007 excel-

2333 1949 2496 2004 Ἀλλά
2527 1949 2621 2003 καὶ
2662 1948 2764 2021 τὴν
2802 1949 2910 2005 τῶν
2943 1949 3326 2020 αἰσθητηρίων
3361 1947 3682 2021 περιουσίαν
3719 1963 3806 2016 με·

566 2041 795 2098 lentiam
828 2040 1124 2112 quamdam
1143 2057 1377 2097 cernere
1407 2042 1574 2098 licet:
1609 2042 1821 2113 absque
1856 2057 1968 2113 quo
1988 2042 2149 2110 foret,

2251 2040 2424 2112 γάλην
2451 2041 2602 2109 παρὰ
2629 2043 2738 2106 τοῖς
2772 2041 2933 2106 ζώοις
2965 2041 3065 2094 tam
3091 2058 3174 2105 τις
3199 2042 3292 2096 ἄν.
3327 2042 3389 2095 Et
3428 2042 3504 2114 μη
3537 2041 3644 2112 γὰρ
3669 2038 3807 2093 τοῦτο

566 2148 742 2204 agnus
775 2133 923 2188 inter
974 2147 1109 2188 oves
1155 2133 1479 2189 innumeras
1508 2133 1684 2188 caulis
1733 2133 1975 2189 inclusas
2012 2135 2149 2189 exsi-

2249 2127 2340 2203 ἦν,
2376 2133 2478 2186 ούκ
2509 2133 2574 2186 ἂν
2596 2133 2812 2202 ἀρνειὸς
2838 2134 2898 2186 ἐν
2935 2134 3153 2212 μυρίοις
3181 2134 3484 2205 προϐάτοις
3510 2134 3619 2187 τῶν
3645 2131 3805 2203 σηκῶν

567 2225 747 2292 liena,
779 2226 1023 2282 colorem
1055 2243 1359 2298 vocemque
1394 2227 1588 2281 matris
1631 2227 1777 2281 haud
1807 2235 2150 2298 agnosceret,

2252 2223 2611 2295 ἐξαλλόμενος
2681 2226 2784 2296 τήν
2837 2242 2909 2278 τε·
2969 2215 3307 2297 χροιὰν,καὶ
3364 2227 3551 2297 φωνὴν
3599 2226 3693 2295 τὴν
3721 2223 3807 2291 τῆς

569 2329 678 2371 nec
709 2316 780 2371 ad
810 2331 932 2372 eam
966 2333 1025 2374 se
1055 2318 1302 2374 studiose
1345 2317 1650 2384 conferret,
1684 2317 1990 2388 praesertim
2029 2333 2152 2373 eum

2256 2318 2464 2388 μητρὸς
2518 2317 2734 2385 ἐπέγνω
2789 2317 2887 2372 καὶ
2945 2319 3084 2386 πρὸς
3133 2319 3355 2388 ἐκείνην
3412 2317 3684 2389 ἠπείγετο,
3725 2315 3807 2370 καὶ

572 2408 745 2465 ubera
777 2409 946 2465 multa
982 2410 1146 2466 valde
1175 2411 1413 2466 distenta
1443 2418 1780 2481 gravataque
1840 2419 2152 2480 praetereat.

2253 2409 2430 2464 ταῦτα
2501 2407 2675 2462 πολλὰ
2743 2407 3124 2480 παραδραμὼν
3189 2409 3405 2462 οὔθατα
3465 2406 3803 2478 βαρυνόμεναι.

507 2534 516 2541 .
571 2497 845 2554 Nimirum
893 2507 978 2556 est
1013 2501 1069 2555 in
1102 2501 1185 2556 eis
1215 2515 1411 2556 sensus
1455 2500 1656 2566 acrior,
1695 2515 1858 2571 quam
1893 2515 1994 2554 nos
2041 2515 2090 2556 e1

2259 2503 2416 2554 Ἔστι
2441 2503 2539 2554 καὶ
2584 2500 2693 2571 γὰρ
2743 2502 2877 2572 παρ’
2909 2502 3098 2564 αὐτοῖς
3137 2501 3402 2572 αἴσθησις
3428 2503 3528 2571 τῆς
3559 2496 3805 2568 ἡμετέρας

571 2590 862 2646 stimemus
886 2608 902 2646 :
929 2606 1041 2662 quo
1073 2591 1194 2662 ipso
1223 2591 1483 2662 quaelibet
1512 2592 1581 2646 ab
1612 2591 1808 2648 alienis
1841 2606 1940 2647 sua
1966 2590 2154 2662 digno-

2254 2593 2620 2663 καταλήψεως
2658 2593 2918 2663 ὀξυτέρα,
2946 2593 3071 2648 καθ’
3119 2592 3189 2664 ἢν
3223 2593 3445 2663 ἑκάστῳ
3476 2592 3699 2659 πάρεστι
3727 2583 3803 2637 τοῦ

571 2691 756 2739 scunt.
773 2683 1022 2738 Necdum
1041 2683 1259 2740 catulus
1283 2683 1478 2739 dentes
1499 2683 1686 2748 habet,
1705 2700 1771 2739 ac
1795 2684 2154 2740 nihilominus

2254 2685 2458 2740 οἰκείου
2510 2685 2826 2754 διάγνωσις.
2860 2684 3027 2739 Οὔπω
3083 2686 3133 2738 οι
3193 2686 3412 2748 ὀδόντες
3463 2685 3540 2754 τῷ
3575 2681 3801 2741 σκύλακι,

569 2785 632 2828 se
651 2770 941 2829 laedentem
959 2790 1055 2830 ore
1073 2775 1313 2832 vicissim
1335 2775 1642 2830 ulciscitur.
1674 2775 1923 2830 Necdum
1946 2790 2152 2831 cornua

2255 2779 2352 2832 καὶ
2407 2777 2558 2846 ὅμως
2605 2776 2695 2831 διὰ
2747 2775 2842 2830 τοῦ
2885 2779 3164 2847 στόματος
3211 2778 3487 2847 ἀμύνεται
3528 2776 3616 2828 τὸν
3657 2770 3803 2838 λυπή-

570 2863 781 2919 vitulus
827 2865 1014 2932 habet,
1049 2881 1114 2921 ac
1146 2867 1514 2922 nihilominus
1554 2883 1666 2937 quo
1695 2866 1819 2922 loco
1857 2868 1961 2936 ipsi
2003 2884 2153 2923 arma

2259 2889 2448 2926 σαντα.
2475 2869 2644 2925 Οὔπω
2674 2870 2744 2925 τὰ
2773 2869 2980 2941 κέρατα
3014 2871 3092 2942 τῷ
3121 2873 3331 2943 μόσχῳ,
3371 2873 3466 2925 καὶ
3493 2865 3600 2924 οἵδε
3634 2865 3725 2920 ποῦ
3745 2863 3802 2915 τὰ

572 2956 687 3011 sint
721 2957 1007 3026 proditura
1057 2959 1237 3013 novit.
1298 2957 1665 3024 Quamobrem
1716 2957 1979 3026 praeclare
2019 2957 2155 3013 dixit

2258 2963 2402 3016 ὅπλα
2439 2961 2588 3031 αὐτῷ
2623 2962 2986 3030 ἐκφυήσεται.
3030 2961 3222 3024 Καλῶς
3275 2963 3370 3018 οὖν
3404 2965 3432 3016 ὀ
3468 2957 3803 3027 Ἱπποκράτης

569 3051 934 3122 Hippocrates
959 3068 978 3108 :
1013 3071 1032 3104 ι
1056 3051 1393 3106 Animalium
1413 3060 1607 3106 natura
1630 3050 1767 3104 nihil
1803 3049 1966 3104 habet
1993 3066 2024 3105 a
2063 3050 2152 3106 do-

1756 3051 1767 3104 Ι
1803 3049 1966 3104 habet
1993 3066 2024 3105 a
2063 3050 2161 3106 do-
2261 3057 2417 3126 ἔλεγε
2443 3072 2456 3086 ·
2491 3075 2511 3110 ι
2549 3057 2748 3120 Φύσεις
2780 3054 2936 3118 ζώων
2967 3055 3271 3114 ἀδίδακτοι.
3321 3074 3339 3109 ι

573 3144 777 3208 ctrina,
812 3142 958 3198 velut
977 3141 1303 3198 ascititium.
2182 3141 2228 3202 Ο

643 3233 808 3290 Canis
855 3242 1036 3287 autem
1070 3233 1125 3287 in
1161 3233 1559 3289 reminiscendo
1598 3233 1849 3303 quemvis
1879 3232 2156 3288 hominem

2329 3236 2404 3290 Τδ
2453 3237 2512 3290 δὲ
2555 3233 2652 3289 τοῦ
2698 3234 2859 3298 κυνὸς
2909 3236 3346 3305 μνημονευτικδν
3389 3235 3509 3290 τίνα
3552 3231 3652 3285 τῶν
3692 3225 3804 3297 πρὸς

572 3338 698 3394 erga
727 3318 864 3378 bene
885 3324 952 3378 de
975 3339 1034 3379 se
1069 3325 1295 3380 meritos
1325 3325 1595 3396 ingratum
1627 3324 1832 3394 pudore
1886 3340 1996 3379 non
2043 3323 2155 3380 alli-

2254 3331 2384 3393 τοὺς
2414 3327 2713 3398 εὐεργέτας
2743 3325 3058 3398 ἀχαρίστων
3087 3326 3147 3380 οὐ
3179 3325 3574 3397 καταισχύνεις
3604 3323 3724 3376 ὅπου
3752 3332 3803 3384 γε

572 3414 684 3471 cit?
710 3416 930 3485 quando
956 3414 1058 3485 5],
1102 3429 1268 3470 canes
1311 3431 1422 3470 non
1449 3431 1652 3486 paucos
1702 3432 1807 3470 una
1853 3431 1976 3470 cum
2013 3414 2155 3470 heris

2223 3424 2225 3428 ’
2258 3423 2355 3478 καὶ
2393 3420 2701 3490 φονευθεῖσι
2740 3418 3034 3481 δεσπόταις
3073 3417 3197 3472 κατ’
3223 3419 3466 3490 ἐρημίαν
3505 3413 3680 3468 πολλοὶ
3715 3407 3805 3461 τῶν

573 3507 688 3564 suis
717 3508 772 3563 in
803 3508 1097 3564 solitudine
1128 3507 1284 3563 caesis
1315 3508 1662 3572 occubuisse,
1697 3508 2004 3562 litterarum
2043 3523 2156 3562 mo-

2260 3513 2442 3568 κυνῶν
2474 3509 2913 3571 ἐπαποθανόντις
2952 3506 3414 3577 μνημονεύονται.
3442 3505 3579 3574 Ἤδη
3609 3501 3660 3555 δέ
3686 3511 3805 3555 τινες

575 3601 852 3656 numenlis
886 3601 1155 3670 proditur.
1207 3599 1348 3666 Quin
1395 3600 1559 3656 etiam
1618 3600 1781 3671 aliqui
1818 3601 2020 3656 recenti
2055 3601 2155 3656 ad-

2340 3609 2358 3658 ι
2388 3602 2578 3675 θερμῷ
2606 3602 2686 3674 τῷ
2715 3601 2879 3657 πάθει
2911 3601 3006 3653 καὶ
3034 3601 3220 3669 ὁδηγοὶ
3250 3601 3369 3662 τοῖς
3399 3595 3677 3666 ἐκζητοῦσι
3702 3588 3806 3649 τοὺς
3917 3667 3923 3674 Α

573 3694 687 3748 huc
749 3693 992 3748 facinore
1069 3693 1442 3764 querentibus
1509 3694 1806 3750 homicidas
1868 3709 1929 3748 se
1991 3694 2156 3749 duces

2265 3698 2463 3768 φονέας
2507 3697 2779 3766 ἐγένοντο,
2823 3695 2919 3748 καὶ
2959 3693 3065 3747 ὑπὸ
3105 3694 3269 3762 δίκην
3307 3693 3535 3764 ἀχθῆναι
3573 3688 3690 3745 τοὺς
3723 3696 3805 3735 κα-

571 3784 790 3839 itineris
825 3785 1196 3856 prabuerunt,
1245 3795 1414 3856 utque
1458 3786 1752 3843 facinorosi
1799 3785 2049 3842 homines
2104 3792 2154 3840 et

2346 3791 2528 3860 ἱργους
2557 3787 2844 3859 ἐποίησαν.
2875 3786 3038 3840 Κύων
3069 3788 3180 3856 γάρ
3210 3804 3301 3867 τις
3329 3788 3388 3840 ἐν
3419 3777 3704 3860 πανδοκείῳ
3731 3771 3809 3875 ibi:
3916 3835 3929 3848 ε

572 3879 804 3948 improbi
861 3877 927 3932 ad
975 3877 1241 3948 supplicia
1312 3879 1787 3948 pertraherentur.
1840 3877 2155 3934 effecerunt.

2337 3885 2426 3936 νέα
2475 3881 2603 3936 ίδὼν
2644 3882 2739 3936 τοῦ
2782 3891 2975 3953 κυρίου
3020 3880 3223 3948 αυτοῦ,
3276 3877 3572 3935 κάντεῦθεν
3613 3872 3808 3938 ἀκρατεῖ
3915 3923 3920 3934 ,

573 3970 783 4026 Accidit
833 3959 980 4025 enim
1043 3969 1354 4039 aliquando,
1407 3979 1466 4026 ut
1525 3971 1678 4027 canis
1736 3971 1793 4024 in
1861 3969 2156 4024 diversorio

2347 3975 2384 4028 ι’
2409 3973 2580 4028 αὐτοῦ
2615 3973 2965 4044 χρησάμενος
2996 3971 3193 4041 ὑλακῇ,
3227 3971 3332 4024 οὐκ
3363 3966 3574 4037 ἀγαθὴν
3605 3955 3808 4023 ὕποψίαν
3923 3955 3930 4031 ί

575 4062 808 4131 quodam
830 4077 898 4116 eo
925 4071 1243 4132 conSpecto,
1283 4064 1376 4133 qui
1402 4063 1596 4118 herum
1634 4063 1809 4134 ipsius
1864 4056 2158 4117 intereme-

2347 4083 2432 4119 οκε
2467 4069 2581 4130 τοῖς
2620 4068 2751 4136 περὶ
2787 4065 2974 4132 αὑτοῦ,
3018 4063 3103 4133 ἐφ’
3128 4058 3172 4132 ᾧ
3210 4065 3310 4116 καὶ
3349 4064 3430 4125 είς
3473 4057 3646 4128 κρίσιν
3677 4044 3810 4104 αὐτὸν

578 4164 678 4214 rat.
714 4155 980 4210 adversus
1002 4154 1179 4224 ipsum
1211 4167 1478 4226 perpetuo
1513 4157 1739 4220 latrans,
1793 4152 2161 4223 suspicionem

2347 4155 2502 4209 θέντα
2532 4157 2608 4219 ὠς
2638 4154 2952 4236 κακοῦργον
2983 4153 3278 4207 ἐκόλασαν.
3602 4234 3612 4236 4
3677 4230 3688 4236 _
3918 4137 3930 4229 qi

576 4248 646 4303 de
680 4248 901 4304 homine
933 4248 1227 4315 {sinistram
1286 4258 1554 4306 moveret.
1614 4246 1986 4315 Quamobrem
2012 4247 2060 4302 is
2093 4245 2162 4303 ad
2205 4230 2750 4320 tribunalgdeductns,
2775 4248 2959 4303 habita
2989 4245 3294 4312 quaestione
3321 4259 3418 4301 ceu
3445 4252 3566 4294 reus
3595 4230 3779 4288 ῐειιιίιιοι

577 4341 656 4397 ris
678 4351 853 4397 morte
882 4343 1144 4399 multatus
1180 4353 1286 4399 est.
3697 4411 3708 4426 ,
3798 4421 3812 4426 _
3916 4384 3926 4417 ί

647 4438 846 4508 Aspice
873 4455 1008 4496 vero
1041 4441 1172 4495 mihi
1199 4440 1291 4496 Dei
1321 4436 1667 4508 sapientiam.
1700 4433 2017 4490 Carnivoris
2046 4434 2164 4490 ani-
2199 4441 2230 4495 1]

2353 4431 2496 4487 Ἀλλ’
2525 4431 2626 4502 δρα
2677 4429 2874 4500 σοφίαν
2923 4427 3096 4495 Θεοῦ,
3144 4427 3262 4491 πῶς
3317 4427 3429 4489 τοῖς
3480 4421 3812 4514 σαρκθφάτῗιξ
3919 4501 3925 4510 η

577 4530 812 4585 malibus
839 4531 1031 4586 dentes
1063 4539 1249 4586 acutos
1286 4528 1455 4594 dedit,
1500 4527 1647 4597 quod
1694 4525 1892 4580 talibus
1921 4525 2001 4580 eis
2030 4539 2160 4594 opus

2269 4525 2430 4594 ζώοις
2467 4525 2610 4591 ὀξεῖς
2648 4525 2777 4588 τοὺς
2819 4523 3040 4585 ὀδόντας
3084 4520 3360 4592 ἐνήρμοσε
3389 4536 3403 4552 ο
3445 4512 3811 4597 τοιούτωνμγξς

577 4631 744 4688 esset,
779 4637 875 4691 pro
909 4623 1226 4678 nutrimenti
1256 4622 1487 4686 ratione,
1524 4634 1635 4689 quo
1681 4618 1980 4674 alerentur.
2036 4615 2160 4684 Quae

2341 4583 2428 4672 εία
2558 4583 2915 4686 αὔτοῖςνπρὺς
2945 4583 3136 4683 τὸ-τῆς
3167 4583 3378 4683 τροφῆς
3411 4606 3562 4666 εἶδος·
3596 4598 3659 4652 Ἀ
3764 4583 3812 4648 ἐξ
3913 4659 3923 4690 ζ

580 4729 712 4769 vero
743 4682 964 4770 dimidia
1001 4729 1070 4770 ex
1125 4721 1278 4783 parte
1316 4712 1572 4766 dentibus
1599 4721 1808 4766 armata
1839 4719 1900 4766 et
1958 4711 2163 4765 instru-

2343 4711 2523 4772 ,ισείας
2547 4708 2817 4763 ὥπλισται
2839 4709 2953 4769 τοῖς
2976 4704 3181 4770 ὀδοῦσι,
3210 4703 3432 4764 πολλαῖς
3459 4697 3549 4750 καὶ
3573 4682 3810 4783 ποικίλαις

579 4818 664 4861 cta
711 4817 860 4873 sunt,
923 4807 990 4862 iis
1037 4807 1234 4861 multas
1267 4815 1432 4874 atque
1485 4804 1662 4859 varias
1707 4803 2162 4859 nutrimentorum

2267 4764 2576 4874 ὢτοθήκέις
2618 4801 2726 4855 τῶν
2769 4764 2989 4868 τροφιῦν
3034 4764 3452 4866 παρεσκεύασε·
3499 4784 3584 4838 διὰ
3627 4764 3810 4874 γὰρῆτδ

579 4885 729 4949 velut
753 4861 1050 4966 aprithecas
1077 4905 1133 4950 et
1155 4861 1458 4950 conditoria
1486 4894 1720 4964 paravit.
1769 4893 1904 4948 Nam
1932 4910 2056 4949 cum
2097 4895 2162 4948 ab

2338 4861 2569 4967 ιρδίτὴν
2605 4861 2831 4962 ’πρώτην
2872 4861 2948 4962 νὴ
2991 4861 3307 4959 ἀρκτλύντως
3348 4861 3810 4967 καταλεπῗύνεῗθΫ⁶
3917 4943 3921 4945 -

581 4986 742 5042 initio
785 4989 1184 5043 nutrimentum
1248 5001 1359 5041 non
1394 4987 1524 5042 satis
1577 4987 2005 5054 comminuatur,
2064 4988 2164 5042 hoc

2345 4955 2374 5042 ν
2401 4955 2631 5058 τροςρὴν,
2653 4955 3076 5044 ’ἔδωκεν-αύτοίς
3103 4981 3164 5034 τὸ
3193 4975 3495 5033 καταποθὲν
3524 4963 3676 5020 πάλιν

581 5080 665 5134 eis
690 5077 858 5142 dedit,
891 5089 953 5134 ut
996 5081 1141 5150 quod
1175 5079 1595 5150 deglutiverunt,
1669 5095 1888 5134 rursum
1945 5089 2164 5151 agerent

2352 5053 2700 5150 μπάζεσθαι,
2760 5073 2903 5128 ὥστε
2957 5071 3328 5126 καταλεανθέν
3381 5063 3456 5134 τῷ
3512 5053 3809 5130 μηρυκισμῳ

585 5185 806 5226 sursum
864 5186 974 5242 quo
1031 5187 1131 5242 per
1186 5165 1613 5228 ruminationet'n
1657 5157 2052 5239 mollitlcatum,
2113 5171 2168 5226 in

1657 5157 2052 5239 mollillcatum,
2113 5171 2168 5226 in
2278 5187 2539 5245 προσοικε
2567 5169 2760 5223 οὖσθαι
2787 5165 2866 5237 τῷ
2896 5163 3235 5237 τρερομένῳ.

549 5280 553 5283 ·
589 5278 750 5318 usum
792 5264 1070 5319 nutriendi
1116 5265 1370 5320 animalis
1399 5265 1575 5320 cedat.
1601 5305 1618 5320 .

2356 5350 2470 5372 oA-A
2490 5350 2516 5372 ι.
2547 5350 2637 5372 ---τ
2671 5349 2781 5372 --9-
2815 5346 2997 5372 Ξ-Ἱ...-
3029 5343 3210 5372 ...'.--?.
3239 5340 3306 5372 ..λι
3338 5336 3445 5372 7.3-
3475 5326 3606 5372 ποδί
3919 5309 3923 5336 ἶ

660 5354 832 5410 Etiam
882 5356 1050 5411 armis
1097 5357 1228 5428 ipsis
1279 5357 1421 5412 inter
1466 5371 1526 5411 se
1583 5356 1845 5412 differunt
1895 5354 2170 5410 animalia.

2356 5350 2518 5407 Ἀλλὰ
2547 5350 2642 5402 καὶ
2671 5349 2781 5410 τοῖς
2813 5346 2997 5448 δπξῗις
3027 5343 3222 5448 afﬁgi
3239 5340 3317 5448 τὰ,

661 5407 829 5410 iam,
885 5407 1046 5411 mw-
1098 5407 1225 5428 τη--
1468 5407 1522 5411 __
1588 5407 1840 5412 ___-__m
2124 5407 2129 5408 ,
2160 5407 2165 5408 ,

585 5448 722 5503 Nam
757 5465 856 5520 pro
883 5449 1066 5505 indole
1089 5465 1152 5506 ac
1185 5450 1429 5506 moribus
1460 5450 1794 5516 animorum,
1824 5449 2168 5522 quemadmo-

2341 5442 2568 5512 ενήνοχε.
2602 5407 2853 5492 Κατὰ-τὰ
3013 5435 3124 5505 γὰρ
3154 5407 3808 5538 *ψυχδξνίἴῗῗῦκζὲῗ
3921 5502 3924 5521 π

587 5539 715 5593 dum
753 5510 803 5594 et
832 5538 1153 5597 Aristoteles
1193 5541 1434 5611 scripsit,
1458 5510 1792 5613 corporibus
1809 5510 2027 5611 quoque
2057 5548 2170 5594 tum

2341 5510 2672 5604 ,ριστοτέλης
2709 5530 2868 5600 φησὶ,
2901 5528 3118 5582 δίδωσιν
3147 5528 3176 5578 ὁ
3205 5525 3334 5585 Θεὸς
3368 5518 3456 5571 καὶ
3485 5510 3585 5626 τυξὶ
3717 5510 3806 5626 “:6;

2605 5625 2610 5626 ,
2654 5625 2660 5626 ,
2967 5623 2976 5626 _
3021 5621 3033 5626 _
3218 5618 3231 5626 .
3351 5607 3415 5626 ην
3496 5621 3519 5626 -
3595 5599 3720 5626 ραιροῖ
3784 5621 3790 5626 .

590 5631 810 5700 ﬁguras,
855 5641 969 5687 tum
1006 5635 1355 5704 operationcs
1399 5633 1544 5688 Deus
1593 5634 1865 5689 concedit.
1912 5631 2046 5703 Ejus
2097 5630 2173 5685 rei

2341 5597 2446 5689 ιτος
2471 5597 2787 5688 διαπλνάσεις
2811 5640 2869 5679 τε
2896 5623 2992 5676 καὶ
3019 5618 3320 5692 ἐνεργείας.
3349 5607 3469 5667 Οἷον
3492 5602 3541 5657 τί
3562 5597 3721 5660 λέγως
3742 5597 3806 5639 τῳ
3913 5652 3924 5696 ,ς

667 5803 778 5875 (12)
827 5803 1161 5875 Ποίανοὺχὶ
1195 5843 1209 5861 .
1246 5845 1257 5861 .
1290 5842 1304 5860 .
1343 5851 1354 5862 .
1393 5808 1762 5874 φιλοπόνων.
1814 5803 2090 5858 Rcstitula
2133 5816 2199 5856 ex
2238 5799 2250 5825 ‘

901 5803 1161 5875 νίανούχί
1195 5843 1209 5861 .
1246 5845 1257 5861 .
1290 5842 1304 5860 .
1343 5851 1354 5862 .
1393 5808 1762 5874 φιλοπόνων.
1814 5803 2090 5858 Rcstitula
2133 5816 2199 5856 ex
2238 5799 2302 5855 ν.
2342 5807 2396 5853 ct
2426 5796 2484 5852 ιε’.
