4008 6432
250 379 343 446 ll'l

1513 359 1922 443 ANNALIllM
1963 381 2160 444 PARS
2205 386 2250 447 ι.
2360 441 2362 444 ,

3401 391 3506 458 ll8

244 498 438 569 ὶαγωῷ
472 500 572 554 καὶ
605 499 683 569 τῷ
714 499 898 572 ἐλάφῳ
929 500 1122 565 δειλοῖς
1153 496 1274 554 οὖσι
1309 499 1452 554 κατὰ
1484 499 1666 570 ψυχὴν
1697 499 1820 568 δρό-

1931 501 2046 556 haac
2071 502 2318 571 exempla
2340 512 2521 559 sunto.
2571 503 2766 574 Lepori
2824 517 2880 561 et
2940 521 3125 572 cervo,
3180 507 3275 577 qui
3328 509 3512 566 animo

247 610 341 661 μον
381 591 583 645 ἔδωκεν
609 635 624 660 ,
668 593 756 648 ἵνα
793 593 893 656 τὰς
928 593 1039 648 τῶν
1079 591 1462 663 κυνηγοῦντων
1499 596 1689 664 χεῖρας
1727 595 1823 646 ἐκ-

243 686 504 753 φείγωσι.
531 684 622 754 Τῷ
645 683 814 756 χοίρίρ
837 684 1075 754 θυμώδει
1105 685 1198 740 καὶ
1225 686 1528 756 πολεμιστῇ
1554 684 1668 740 δντι
1691 687 1822 749 τοὺς

241 777 642 849 χαυλιόδοντας,
687 777 764 849 τῷ
801 778 989 850 ταύρῳ
1035 777 1204 849 κέρας
1248 777 1557 849 χαρίζεται,
1605 779 1701 832 καὶ
1744 778 1822 846 τῷ

241 869 416 922 λέοντι
447 869 669 932 ὀδόντας
699 869 792 922 καὶ
824 868 1042 940 ὄνυχας.
1076 869 1187 924 Καὶ
1223 870 1364 924 οὕτω
1401 870 1504 940 μὲν
1535 870 1604 924 τὰ
1642 869 1821 924 πάντα

245 962 572 1032 προσφόρως
601 959 912 1016 καθώπλισε
935 1001 952 1027 ,
981 961 1073 1016 τὸν
1100 962 1157 1017 δὲ
1187 963 1478 1034 ἄνθρωπον
1503 963 1713 1032 γυμνὸν
1741 965 1823 1025 είς

242 1056 331 1108 τὸν
367 1054 486 1125 βίον
518 1055 856 1124 παραγαγὼν
883 1058 952 1127 τῇ
991 1055 1282 1128 περιουσίᾳ
1313 1055 1409 1109 τοῦ
1449 1057 1608 1124 λόγου
1650 1075 1823 1128 παρε-

246 1145 534 1216 μυθήσατο
553 1162 566 1176 ·
600 1147 658 1201 ἐν
689 1146 797 1217 γὰρ
829 1147 906 1216 τῷ
939 1146 1085 1219 λόγῳ
1111 1147 1173 1200 τὸ
1207 1147 1424 1201 πάντων
1450 1147 1642 1218 ἄρχειν
1672 1147 1822 1219 αὺτῷ

248 1239 530 1308 πρόσεστι.
574 1238 673 1293 Διὰ
714 1239 870 1308 λόγου
911 1240 983 1293 τὰ
1027 1239 1210 1311 πτηνὰ
1253 1239 1312 1307 ἐξ
1357 1242 1520 1311 ἀέρος
1565 1241 1819 1310 κατάγει,

243 1331 366 1390 τοὺς
398 1329 591 1398 ίχθῠας
620 1329 680 1395 ἐξ
707 1330 916 1385 ὑδάτων
943 1331 1184 1387 ἀνέλκει.
1219 1332 1319 1387 Διά
1349 1333 1509 1399 λόγου
1541 1336 1610 1387 τὰ
1643 1337 1820 1390 πάντα

248 1427 390 1476 ποιεῖ
413 1422 518 1475 ὅσα
545 1424 678 1492 πρὸς
705 1422 964 1477 σύστασιν
988 1426 1087 1493 τῆς
1115 1424 1263 1496 ζωῆς
1276 1426 1466 1492 αὐτοῦ,
1492 1427 1693 1492 οἰκίας,
1713 1429 1820 1498 ἄμ-

250 1531 366 1583 φια,
403 1513 717 1586 πριόολὴν,
747 1516 930 1579 ὅπλον,
947 1518 1045 1570 καὶ
1064 1518 1167 1572 ὅσα
1193 1518 1442 1572 τοιαῦτα.
1475 1520 1634 1574 Κατὰ
1662 1520 1821 1574 τοῦτο

249 1607 340 1658 καὶ
364 1590 553 1676 χεῖρας
577 1606 727 1676 αὐτῷ
751 1607 982 1661 δέδωκεν
1005 1609 1034 1661 6
1059 1607 1214 1674 Θεὸς,
1235 1608 1312 1673 ώς
1334 1610 1587 1664 ἐντεῦθεν
1608 1609 1821 1664 ἀκωλύς

249 1714 354 1761 τως
385 1698 478 1752 τὸν
512 1699 782 1769 προσόντα
815 1701 972 1768 λόγον
1005 1700 1154 1772 αὐτῷ
1197 1702 1378 1755 πάντα
1421 1702 1682 1772 πράττειν
1716 1701 1818 1755 ὅσα

249 1790 341 1839 καὶ
367 1787 638 1857 βούλεται.
662 1789 844 1860 Ταύτῃ
868 1808 952 1844 τοι
981 1792 1076 1846 καὶ
1100 1794 1128 1845 ό
1156 1791 1334 1862 μέγας
1360 1793 1640 1855 Βασίλειος
1666 1793 1725 1844 ἐν
1748 1795 1815 1863 τῇ

249 1879 328 1941 εἰς
367 1849 466 1932 τὸν
511 1881 795 1949 προφήτην
818 1849 1064 1935 ’Ἦσαῒαν
1110 1849 1382 1954 ἑρμηνείᾳ
1433 1884 1564 1954 περὶ
1609 1849 1819 1938 τούτων
1851 1849 1897 1910 Β

249 1970 393 2023 οὕτω
433 1972 590 2039 φησι*
621 1991 638 2023 ι
669 1973 794 2036 Τοῖς
835 1973 933 2042 μὲν
969 1973 1186 2043 ἀλόγοις
1224 1974 1450 2030 εὔκολον
1485 1976 1682 2030 δέδωκε
1719 1976 1821 2048 τήν

255 2061 390 2130 πρὸς
416 2061 477 2113 τὺ
505 2061 605 2132 ζῇν
635 2063 889 2133 ἀφορμὴν
907 2105 924 2132 ,
957 2065 1166 2136 τροφὰς
1193 2067 1536 2136 αὐτομάτους
1563 2069 1660 2122 καὶ
1690 2069 1820 2122 σκέ-

253 2170 364 2223 πην
393 2153 655 2222 αὑτοφυᾶ,
690 2157 784 2210 καὶ
811 2155 880 2210 τὰ
911 2157 1020 2211 τῶν
1053 2158 1257 2228 τριχῶν
1289 2161 1382 2213 καὶ
1413 2160 1636 2230 πτερῶν
1670 2159 1822 2214 ἐνδύ-

256 2263 401 2315 ματα
433 2247 467 2317 ἡ
503 2247 679 2302 πάντα
711 2247 1074 2320 οίκονομοῦσα
1104 2250 1336 2322 δύναμις
1368 2253 1658 2322 ἐχαρίσατο
1685 2269 1700 2284 ο
1730 2253 1822 2306 τὸν

254 2339 312 2390 δὲ
333 2338 618 2410 ἄνθρωπον
639 2340 846 2408 γυμνὸν
869 2359 942 2395 πα
951 2342 1272 2413 ραγαγοῦσα
1293 2343 1452 2414 λόγον
1477 2344 1678 2399 ἔδωκεν
1699 2346 1822 2399 ἀντὶ

258 2431 472 2484 πάντων
503 2430 671 2500 αὐτῷ,
699 2432 768 2486 δι’
789 2427 850 2487 οὗ
877 2434 935 2487 αἱ
963 2437 1282 2506 ποριστικαὶ
1313 2439 1710 2508 συνεστήσαντο
1735 2438 1824 2491 τέ·-

256 2541 398 2592 χναι,
429 2525 836 2596 οίκοδομητικὴ,
858 2527 1127 2599 ὑφαντικὴ
1152 2530 1248 2584 καὶ
1283 2529 1340 2583 ai
1375 2530 1582 2595 λοιπαὶ,
1615 2531 1678 2584 τὸ
1707 2533 1822 2595 τοῖς

257 2615 469 2685 σώμασι
499 2617 617 2672 δέον
645 2620 1067 2693 άναπληρούσης
1094 2623 1194 2692 τῆς
1225 2623 1402 2694 ψυχῆς
1429 2627 1496 2696 τῇ
1529 2623 1824 2696 περιουσίᾳ

257 2706 346 2759 τοῦ
373 2705 557 2775 λόγου.
593 2728 613 2761 ο
648 2704 774 2779 Εἶχε
807 2712 904 2779 μὲν
929 2709 1022 2764 οὖν
1053 2714 1594 2784 συνυπογεννηθῆναι
1619 2713 1699 2786 τῷ
1728 2716 1823 2768 άν-

260 2794 455 2866 θρώπῳ
491 2799 560 2852 τὰ
597 2799 774 2853 πάντα
819 2802 955 2868 μετὰ
994 2803 1090 2856 καὶ
1125 2802 1219 2855 τοῦ
1259 2803 1420 2872 λόγου
1467 2805 1637 2859 αὐτοῦ
1678 2805 1824 2860 κατὰ

263 2887 473 2942 πλείονα
497 2890 825 2961 φιλοτιμίαν.
856 2892 999 2944 Ἀλλ’
1017 2895 1281 2962 οὐμενοῦν
1304 2898 1336 2967 ή
1358 2895 1452 2950 τοῦ
1477 2897 1638 2964 λόγου
1661 2899 1822 2968 χάρις

263 2979 500 3035 ἐντεῦθεν
529 2981 824 3038 ἐδείκνυτο.
860 2985 1134 3058 Ἀνάγκης
1162 2987 1270 3060 γὰρ
1307 2988 1382 3061 μὴ
1415 2987 1586 3060 οὔσης
1617 2991 1724 3045 τίνι
1757 2991 1823 3045 ἂν

263 3070 291 3140 ἡ
330 3073 491 3126 αὑτοῦ
528 3074 781 3145 ἐνέργεια
820 3077 1067 3148 διάδηλος
1106 3080 1334 3148 γέγονες
1375 3083 1533 3136 Κατὰ
1569 3083 1728 3136 τοῦτο
1767 3084 1824 3136 δὲ

1923 592 2271 651 formidolosi
2337 606 2487 660 sunt,
2541 598 2796 654 currendi
2864 599 3183 654 facultatem
3231 601 3400 666 dedit,
3454 615 3516 659 ut

1921 691 2246 736 venatorum
2279 698 2476 738 manus
2503 684 2788 756 eﬂ‘ugiant.
2837 686 3005 756 Apro,
3060 689 3153 759 qui
3183 700 3240 745 et
3297 693 3515 746 animo-

1921 789 2020 830 sus
2057 783 2114 828 et
2158 775 2452 830 admodum
2498 792 2715 846 pugnax
2771 788 2874 845 est,
2916 780 3112 836 dentes
3163 779 3418 838 exsertos
3451 799 3516 838 ac

1922 868 2302 934 prominentes
2333 867 2502 923 dedit.
2544 868 2764 924 Cornua
2797 880 2978 934 tauro,
3046 873 3189 928 leoni
3232 874 3428 930 dentes
3459 884 3515 930 et

1923 973 2137 1028 ungues
2159 958 2407 1030 largitur.
2458 958 2654 1016 Omnia
2693 961 2931 1032 denique
2963 966 3132 1019 armis
3181 967 3515 1022 idoneis'in-

1923 1053 2145 1107 struxit.
2178 1051 2364 1108 Solum
2409 1054 2688 1110 hominem
2733 1057 2942 1111 nudum
2974 1057 3031 1112 in
3092 1058 3258 1113 vitam
3310 1061 3518 1130 produ-

1923 1151 2074 1198 ctum
2101 1142 2331 1200 rationis
2374 1145 2699 1202 excellentia
2739 1148 3075 1202 consolatur.
3110 1147 3243 1203 Nam
3280 1165 3403 1204 cum
3428 1167 3517 1205 ra-

1925 1235 2074 1290 tione
2099 1236 2456 1306 conjunctum
2514 1246 2602 1293 est
2656 1237 2713 1292 in
2743 1254 2834 1294 res
2867 1241 3152 1294 universas
3202 1240 3516 1310 imperium.

1922 1323 2029 1380 Per
2057 1325 2327 1380 rationem
2358 1325 2523 1382 homo
2551 1328 2802 1403 volucres
2817 1345 2885 1384 ex
2910 1344 3038 1386 aere
3063 1331 3322 1404 deducit,
3343 1334 3521 1403 pisces

1921 1431 1990 1470 ex
2011 1416 2171 1486 aquis
2221 1418 2494 1485 extrahit;
2549 1435 2648 1489 per
2710 1421 2980 1476 rationem
3039 1423 3252 1494 reliqua
3307 1425 3522 1494 perﬁcit

1922 1509 2130 1574 omnia,
2189 1526 2536 1582 quaecunque
2596 1523 2725 1568 sunt
2761 1514 2827 1569 ad
2875 1515 3003 1571 vitae
3045 1518 3518 1572 conservationem

1925 1601 2027 1671 ipsi
2070 1605 2400 1670 necessaria,
2441 1614 2643 1671 vestes,
2705 1617 3042 1662 armaturam
3107 1609 3323 1680 aliaque
3371 1611 3520 1666 talia.

1925 1695 2224 1768 Propterea
2262 1714 2461 1755 manus
2504 1700 2670 1756 etiam
2705 1701 2856 1757 dedit
2913 1703 2965 1758 ei
2995 1702 3168 1768 Deus,
3219 1713 3278 1759 ut
3329 1720 3537 1760 earum-

1925 1790 2174 1861 operatio
2203 1792 2465 1862 quidquid
2498 1793 2656 1848 vellet
2699 1794 2906 1862 absque
2963 1795 3075 1850 ullo
3127 1796 3524 1866 impedimento

1927 1883 2200 1940 efﬁceret.
2239 1885 2472 1940 Disserit
2491 1884 2562 1940 de
2589 1885 2673 1940 his
2701 1885 2935 1942 Basilius
2962 1887 3016 1942 in
3054 1890 3408 1945 enarratione
3426 1905 3523 1947 sua

1928 1977 2072 2032 vatis
2104 1976 2257 2032 Isaiae
2285 1977 2467 2033 verbis
2527 1979 2840 2048 hujusmodi
2869 1996 2884 2038 :
2923 1998 2943 2032 ι
2981 1980 3166 2035 Brutis
3231 1979 3409 2036 Deus'
3439 1983 3525 2037 vi-

1928 2067 2089 2124 vendi
2119 2069 2386 2123 rationem
2420 2067 2636 2124 facilem
2659 2069 2831 2134 dedit,
2855 2069 3116 2125 alimenta
3141 2071 3285 2125 ultro
3310 2071 3520 2140 oblata,

1927 2166 2132 2214 tectum
2170 2158 2439 2223 nativum,
2479 2159 2712 2228 pilorum
2770 2168 2934 2230 atque
2990 2175 3294 2230 pennarum
3357 2161 3522 2216 indu-

1929 2256 2114 2304 menta
2163 2249 2371 2304 eisdem
2430 2257 2672 2319 potestas
2695 2251 2807 2319 illa,
2828 2268 2950 2322 quaa
2971 2263 3294 2308 cunctorum
3321 2262 3406 2309 est
3429 2263 3528 2324 git-

1927 2340 2518 2411 bernatrix-Jargltur.
2570 2341 2808 2409 Homini,
2831 2359 2993 2414 quem
3046 2345 3252 2398 nudum
3287 2345 3517 2411 creavit,

1929 2430 2176 2486 omnium
2208 2431 2328 2488 loco
2345 2431 2610 2490 rationem
2639 2434 2852 2498 tribuit,
2870 2451 3030 2506 aqua
3058 2451 3240 2491 rerum
3264 2438 3529 2506 paranda-

1928 2540 2052 2580 rum
2089 2533 2236 2581 artes
2269 2533 2398 2579 sunt
2421 2526 2707 2596 profectae,
2741 2536 2800 2582 ut
2831 2543 2892 2582 ea
2924 2545 3046 2599 qua:
3092 2529 3331 2584 exstruit
3357 2531 3525 2594 aedes,

1930 2627 1990 2673 ut
2019 2626 2256 2682 textura,
2294 2626 2613 2683 utcarterte,
2667 2619 2957 2689 supplente
3023 2621 3287 2675 nimirum
3343 2623 3529 2676 animo

1931 2725 2028 2781 per
2058 2710 2290 2766 rationis
2307 2711 2694 2766 excellentiam
2745 2711 2851 2780 52
2879 2711 3024 2779 quod
3070 2713 3396 2781 corporibus
3433 2715 3532 2768 de-

1931 2810 2087 2858 est.»
2148 2802 2426 2858 Potuisset
2477 2801 2702 2872 quidem
2783 2803 2991 2857 homini
3039 2803 3289 2858 nascenti
3363 2806 3528 2859 etiam

1931 2902 2129 2965 praeter
2157 2894 2262 2950 alia
2295 2895 2539 2950 tribuere
2571 2893 2780 2958 omnia,
2809 2910 3000 2949 verum
3041 2895 3147 2949 hoc
3179 2897 3343 2951 modo
3368 2897 3529 2951 ratio-

1931 2987 2019 3042 nis
2043 2990 2215 3059 gratia
2244 2988 2686 3058 beneﬁciumque
2713 3003 2824 3042 non
2849 2987 3133 3045 elnxisset.
3169 2989 3306 3044 Nam
3347 2990 3392 3044 si
3445 2991 3528 3044 ni-

1932 3078 2012 3133 hil
2041 3080 2090 3133 ei
2117 3079 2494 3134 necessarium
2533 3078 2698 3146 foret,
2748 3094 2984 3147 quanam
3013 3095 3072 3134 re
3117 3081 3200 3135 vis
3252 3081 3372 3150 ejns
3424 3080 3527 3134 de-

264 3166 404 3235 mpi
437 3167 546 3230 τοῖς
580 3167 795 3237 ἀλόγοις
829 3168 994 3234 ζώοις
1028 3171 1121 3225 καὶ
1156 3171 1441 3242 αἰσθήσεις
1466 3213 1482 3239 ,
1519 3174 1616 3229 ἆτε
1656 3175 1820 3244 λόγου

1932 3171 2136 3226 clarata
2167 3171 2392 3227 fuisset?
2437 3169 2642 3226 Eadem
2695 3173 2760 3226 de
2790 3187 2956 3227 causa
2995 3171 3172 3228 brutis
3201 3171 3532 3227 animalibus

267 3257 336 3330 μὴ
367 3259 511 3324 δντος
530 3303 546 3326 ,
579 3262 942 3331 τετράνωνται
965 3279 982 3295 ⁸
1010 3265 1074 3318 τὸ
1109 3262 1218 3336 γὰρ
1249 3267 1499 3322 ἐλλεῖπον
1527 3269 1622 3324 τοῦ
1659 3269 1820 3340 λόγου

1931 3261 2034 3316 dati
2064 3270 2193 3317 sunt
2221 3276 2416 3317 sensus
2455 3260 2718 3326 acriores,
2748 3261 2964 3331 ntiqua:
2998 3263 3212 3317 ratione
3251 3270 3528 3318 carerent.

261 3354 322 3421 τῇ
352 3353 634 3425 περιουσίᾳ
663 3355 772 3408 τῶν
800 3356 1111 3428 αίσθήσεων
1139 3361 1432 3428 πανσόφως
1458 3361 1486 3412 ό
1516 3362 1625 3416 τῶν
1650 3363 1822 3418 ἁπάν-

260 3459 364 3499 των
389 3446 818 3517 παρεμυθήσατο
846 3448 1135 3518 πρύτανις.

337 3621 476 3681 Ἀλλ’
499 3627 602 3698 ὅρα
637 3627 741 3682 κάν
777 3627 987 3692 τούτοις
1023 3628 1123 3700 τὴν
1159 3630 1487 3701 κηδεμονίαν
1522 3630 1619 3685 τοῦ
1661 3632 1823 3686 Θεοῦ.

260 3721 480 3792 Μακρδς
513 3723 542 3774 6
573 3720 843 3791 τράχηλος
872 3724 969 3793 τῆς
1006 3723 1258 3794 καμήλου
1294 3725 1437 3788 τίνος
1477 3724 1700 3793 ἓνεκεν;
1738 3725 1827 3779 ἵνα

257 3817 365 3877 τοῖς
389 3816 545 3868 ποσὶν
570 3815 908 3884 ἐξισάζηται,
937 3817 1028 3869 καὶ
1059 3817 1350 3886 ἐφικνῆται
1374 3817 1476 3887 τῆς
1507 3817 1740 3889 βοτάνης
1770 3818 1830 3884 ἐξ

257 3900 324 3975 ἧς
355 3907 552 3975 ἀποζῇ.
581 3904 722 3960 Ὀσα
753 3906 810 3958 δέ
837 3905 946 3959 τῶν
979 3905 1135 3969 ζώων
1163 3907 1266 3960 οὐκ
1299 3907 1406 3960 ἀπὸ
1433 3908 1530 3977 τῆς
1560 3909 1699 3969 πόας
1731 3908 1832 3977 τὴν

259 3998 400 4069 ζωὴν
426 3998 558 4069 ἔχει,
584 3998 703 4051 οὐδὲ
733 3998 867 4068 πρὸς
894 3999 998 4067 γῆν
1024 3999 1321 4064 κυπτάζειν
1349 3999 1832 4070 καταναγκάζεται

260 4088 350 4140 ita
381 4087 446 4158 δὴ
476 4087 782 4158 σαρκοϐόρα
813 4088 962 4152 ὄντα,
994 4087 1202 4160 βραχὺν
1229 4093 1323 4144 καὶ
1348 4094 1460 4154 τοῖς
1489 4090 1661 4162 ώμοις
1689 4092 1834 4145 ἐνδε-

259 4178 454 4232 δυκότα
491 4179 618 4249 ἔσχε
651 4181 742 4234 τὸν
773 4181 1070 4251 τράχηλον.
1106 4183 1205 4236 Διὰ
1240 4182 1396 4236 τοῦτο
1430 4185 1526 4237 καὶ
1561 4185 1594 4255 ἡ
1633 4200 1832 4254 προνο-

262 4271 395 4338 μαία
425 4270 728 4341 δεδώρηται
758 4271 837 4340 τῷ
869 4272 1149 4342 ἐλέφαντι,
1180 4273 1279 4342 τὴν
1311 4272 1514 4344 βρῶσιν
1551 4276 1642 4328 καὶ¹
1675 4275 1834 4327 πόσιν

260 4364 377 4416 ἀντὶ
403 4363 497 4416 τοῦ
527 4364 796 4434 τραχήλου
827 4365 1150 4436 κομίζουσα.
1185 4366 1342 4420 Ἐπεὶ
1370 4366 1428 4419 δὲ
1459 4369 1539 4431 είς
1572 4366 1836 4439 ἔκπληξιν

258 4456 362 4508 τῶν
385 4455 644 4526 ὁρώντων
664 4456 724 4509 τὸ
752 4455 911 4527 σῶμα
938 4457 1102 4510 αὑτοῦ
1133 4459 1228 4512 καὶ
1256 4458 1400 4512 πάνυ
1431 4459 1575 4528 μέγα
1601 4460 1834 4512 ἐσκεύα-

1923 3353 2217 3423 Sapienter
2246 3353 2393 3408 enim
2422 3352 2759 3423 gubernator
2789 3351 2896 3419 [ille
2934 3353 3314 3408 universitatis
3367 3353 3533 3420 hujus

1924 3444 2208 3502 defectum
2241 3454 2296 3498 et
2337 3443 2578 3515 inopiam
2612 3442 2842 3499 rationis
2902 3459 3168 3499 sensuum
3229 3443 3531 3499 acrimonia

1925 3535 2356 3605 praestantiaque
2387 3534 2789 3604 compensavit.

1997 3625 2278 3682 Hicetiam
2321 3627 2376 3680 in
2404 3627 2570 3682 rebus
2630 3641 2819 3682 curam
2874 3626 3389 3697 providentiamque
3433 3625 3531 3682 Dei

1928 3718 2309 3774 considerato.
2340 3717 2584 3789 Longum
2603 3719 2856 3797 camelus
2877 3718 3081 3773 collum
3113 3718 3298 3772 habet.
3325 3717 3534 3783 Quam-

1928 3811 2157 3867 obrem?
2184 3820 2242 3866 ut
2279 3811 2447 3881 pedes
2505 3819 2769 3879 aequaret,
2824 3819 2989 3879 atque
3011 3810 3319 3880 pertingere
3347 3818 3532 3878 posset

1929 3903 1997 3960 ad
2030 3902 2226 3958 herbas
2255 3903 2456 3972 quibus
2475 3902 2711 3956 victitat.
2767 3900 3275 3972 Quaecunquelvero
3319 3900 3534 3955 anima-

1931 3997 2003 4052 lia
2033 3997 2237 4049 victum
2260 4010 2290 4049 e
2319 4003 2462 4062 terra
2487 4010 2592 4050 non
2623 3993 2846 4060 habent,
2887 4010 2992 4050 nec
3033 3995 3099 4049 ad
3144 4001 3343 4048 terram
3369 3984 3537 4063 caput

1934 4088 2226 4144 demittere
2270 4096 2547 4158 coguntur
2610 4089 2685 4144 uti
2723 4103 2846 4157 quae
2903 4089 3168 4144 carnibus
3214 4099 3531 4157 vescuntur,

1935 4181 2102 4235 breve
2137 4180 2337 4234 collum
2367 4187 2423 4236 et
2460 4181 2605 4235 intra
2651 4180 2914 4237 humeros
2956 4182 3100 4238 velut
3159 4183 3402 4238 abditum
3435 4184 3536 4236 ha-
3613 4176 3621 4182 ’

1937 4274 2091 4328 bent.
2114 4273 2414 4344 Propterea
2451 4274 2735 4342 proboscis
2779 4273 3079 4344 elephanto
3109 4275 3235 4330 data
3263 4284 3370 4342 est,
3412 4290 3536 4344 qua:

1935 4364 2064 4420 colli
2104 4365 2227 4420 loco
2299 4365 2483 4420 cibum
2552 4376 2713 4436 atque
2761 4375 2949 4437 potum
3009 4368 3060 4422 ei
3129 4368 3532 4458 subminisnat.

1937 4457 2079 4525 Quia
2111 4473 2243 4512 vero
2292 4472 2492 4526 corpus
2551 4457 2674 4528 ejus
2717 4467 3096 4527 comparatum
3153 4459 3221 4513 ad
3265 4469 3536 4528 spectato-

262 4563 378 4608 στο,
411 4547 480 4600 δι’
505 4547 635 4601 αὐτὸ
664 4549 820 4602 τοῦτο
854 4550 948 4602 καὶ
979 4550 1347 4622 ἀδιάρθρωτοι
1382 4551 1549 4604 αὑτοῦ
1585 4552 1636 4604 oi
1672 4551 1828 4614 πόδες

1939 4563 2058 4604 rum
2082 4548 2508 4603 admirationem
2541 4559 2597 4602 et
2623 4548 2815 4619 ingens
2861 4548 3153 4604 admodum
3189 4558 3297 4615 cst,
3328 4550 3533 4604 idcirco

261 4639 509 4709 καθάπερ
539 4639 685 4703 τινές
723 4641 900 4705 κίονες
931 4642 991 4695 τὸ
1033 4643 1201 4713 βάρος
1245 4643 1742 4715 ὑποστηρίζοντεςβ
1781 4647 1829 4700 εί

262 4731 364 4800 γὰρ
391 4730 567 4800 χαῦνα
595 4731 743 4802 αὐτῷ
772 4734 865 4786 καί⁵
888 4733 1086 4804 δίυγρα
1116 4735 1354 4806 ὑπετέθη
1382 4736 1450 4790 τὰ
1479 4736 1650 4802 κῶλα,
1680 4755 1833 4791 συνε-

259 4827 369 4894 χεῖς
398 4824 462 4877 ἂν
489 4825 734 4893 ἐγένοντο
760 4826 867 4878 τῶν
891 4825 1109 4897 ἄρθρων
1133 4831 1190 4882 αἱ
1222 4829 1512 4899 ἐκτροπαί.
1549 4829 1712 4884 Ἀλλὰ
1737 4831 1833 4886 καὶ

259 4915 543 4985 τριακόσια
587 4915 680 4987 ἔτη
726 4917 1000 4987 ἱστοροῦσί
1034 4936 1180 4982 τινες
1223 4919 1375 4988 βιοῦν
1408 4920 1502 4974 τόν
1540 4923 1832 4991 ἐλέφαντα.

262 5008 331 5058 Οὐ
360 5005 560 5074 μᾶλλον
584 5006 661 5068 δέ,
686 5009 874 5076 φησὶν.
901 5009 1114 5080 ἄγαμαι
1141 5010 1231 5064 τὸν
1259 5012 1525 5082 ἐλέφαντα
1550 5016 1641 5068 τοῦ
1672 5014 1837 5084 μεγέ-
1869 5049 1878 5056 -

263 5097 382 5158 θους
412 5097 630 5160 ἕνεκεν,
663 5099 758 5152 καὶ
785 5099 877 5152 τὸν
911 5085 1048 5169 μῦνξ
1078 5102 1160 5155 ὅτι
1192 5104 1422 5174 φορεσός
1454 5107 1572 5158 ἐστι
1604 5107 1682 5176 τῷ
1713 5106 1833 5159 ἐλέ-

262 5206 440 5258 φαντι,
491 5189 680 5262 ὥσπερ
728 5192 792 5262 δὴ
842 5194 939 5248 καὶ
984 5193 1046 5247 τὸ
1089 5193 1423 5250 λεπτότατον
1473 5197 1688 5268 ἄγαμαι
1736 5199 1833 5253 τοῦ

263 5285 520 5354 σκορπίου
553 5285 779 5356 κέντρον
808 5287 928 5350 πῶς
960 5287 1240 5342 ἐκοίλανεν
1268 5289 1460 5362 ὥσπερ
1494 5292 1655 5344 αὐλὸν
1685 5293 1713 5345 6
1745 5310 1836 5345 τε-

261 5376 446 5445 χνίτης
469 5415 486 5440 ,
520 5375 662 5431 ὥστε
697 5376 766 5430 δι’
789 5377 953 5432 αὑτοῦ
986 5380 1078 5434 τὸν
1115 5380 1192 5435 ίὸν
1225 5384 1337 5446 τοῖς
1369 5385 1660 5453 τρωθεϊσιν
1695 5385 1835 5438 ἐνίε-

262 5467 402 5520 σθαι.
437 5466 599 5520 ’Δλλὰ
639 5469 734 5522 καὶ
776 5469 867 5523 τὸν
908 5469 1178 5540 ἐλέφαντα
1225 5473 1301 5544 μὴ
1345 5475 1612 5547 πρότερον
1655 5476 1834 5531 πίνειν

262 5551 529 5621 λέγουσιν,
563 5553 658 5608 ἐὰν
696 5555 770 5627 μὴ
804 5556 1014 5631 θολὼσῃ
1047 5563 1114 5632 τῇ
1149 5563 1460 5636 προνομαίᾳ
1490 5566 1558 5620 τὰ
1591 5567 1831 5637 νάματα.

263 5645 414 5709 Τίνος
457 5645 678 5716 ἕνεκενς
721 5648 804 5703 ὅτι
848 5652 1287 5723 μορμολύττεται
1330 5658 1490 5712 σκιὰν
1532 5659 1734 5729 ἐλέφας
1777 5663 1837 5716 ἐν

263 5732 410 5788 ὕδατι
434 5737 535 5808 τήν
560 5737 759 5792 ἐαυτοῦ
787 5739 1079 5811 θεώμενος.
1111 5746 1201 5799 Διὸ
1228 5748 1320 5800 καὶ
1344 5748 1469 5812 τοὺς
1499 5750 1691 5815 Ἰνδοὺς
1717 5752 1838 5806 ἐπι-

267 5828 446 5897 τηρεῖν
496 5829 760 5902 ἀσέληνον
810 5831 984 5912 νύκτα.
1031 5837 1232 5906 φασὶν,
1286 5840 1520 5912 ὁπηνίκα
1572 5842 1832 5912 διαπορθ-

1941 4639 2107 4709 pedes
2155 4640 2318 4693 etiam
2357 4638 2528 4708 ipsius
2558 4648 2749 4693 carent
2798 4639 3069 4704 articulis,
3125 4639 3281 4708 quasi
3318 4640 3535 4716 pondus

1939 4732 2217 4804 quoddam
2248 4731 2586 4786 sustinentes
2616 4748 2630 4786 :
2657 4745 2784 4784 nam
2838 4731 2884 4786 si
2911 4731 3167 4786 mollibus
3199 4739 3254 4785 et
3293 4731 3535 4786 humidis

1940 4822 2204 4879 membris
2239 4823 2599 4890 inniteretur,
2634 4838 2918 4893 nunquam
2949 4837 3058 4880 non
3108 4823 3326 4878 articuli
3383 4823 3535 4878 laxa-

1909 4926 2151 4984 rentur.
2197 4914 2450 4969 'l‘radunt
2496 4915 2661 4968 etiam
2689 4914 2964 4977 nonnulli,
3015 4928 3109 4969 ccc
3171 4923 3317 4970 totos
3360 4931 3536 4968 annos

1941 5006 2296 5076 elephantum
2355 5007 2559 5062 vivere.
2631 5005 2819 5076 Neque
2883 5021 3012 5062 vero
3077 5006 3300 5078 magis,
3362 5008 3539 5077 inquit

1942 5099 2085 5154 idem
2111 5098 2368 5164 Basilius,
2411 5099 2762 5168 elephantum
2814 5098 2885 5154 ob
2915 5099 3036 5167 ejus
3103 5101 3538 5171 magnitudinem

1941 5193 2182 5248 admiror
2215 5207 2375 5262 quam
2407 5207 2620 5248 murem
2658 5206 2727 5247 ex
2758 5207 2844 5259 eo,
2882 5193 3026 5264 quod
3061 5194 3262 5249 terrori
3315 5193 3392 5272 sit
3425 5194 3539 5249 ele-

1941 5283 2187 5355 phanto?
2231 5281 2695 5351 quemadmodum
2743 5290 2800 5338 et
2844 5283 3276 5338 minutissimum
3334 5282 3539 5353 scorpii

1943 5375 2225 5433 stimulum
2257 5373 2445 5428 mirari
2471 5375 2642 5439 soleo,
2685 5391 2796 5445 quo
2851 5375 3065 5431 scilicet
3133 5387 3292 5447 pacto
3351 5387 3538 5428 rerum

1943 5465 2139 5522 artifex
2179 5479 2305 5520 eum
2333 5465 2739 5520 exenteraverit
2777 5466 2955 5521 instar
3005 5466 3290 5536 cujusdam
3367 5464 3535 5527 tibiae,

1943 5567 2004 5612 ut
2037 5573 2134 5628 per
2170 5554 2349 5626 ipsum
2389 5556 2685 5611 vulneratis
2707 5555 2850 5611 virus
2882 5555 3207 5612 immittitur.
3239 5553 3539 5609 Perhibent

1944 5650 2074 5704 item
2109 5663 2219 5700 non
2279 5647 2432 5717 prius
2491 5647 2848 5718 elephantum
2906 5649 3095 5704 bibere
3146 5661 3308 5714 quam
3367 5659 3536 5715 aquas

1946 5740 2273 5812 proboscide
2364 5741 2688 5795 turbaverit.
2745 5741 3115 5822 Quamobrem
3168 5737 3349 5792 istuc?
3406 5739 3544 5809 quia.

1947 5850 2099 5896 suam
2147 5831 2318 5903 ipsius
2352 5837 2598 5892 umbram
2631 5835 2684 5891 in
2727 5850 2868 5904 aqua
2913 5829 3258 5902 conspiciens
3293 5845 3534 5903 expaVc-
