4008 6436
505 377 609 442 119

1779 378 2204 440 MICHAELIS
2247 381 2508 444 GLYCE

3662 392 3760 459 120

500 493 630 548 scit.
693 491 989 562 Propterea
1074 493 1256 547 ferunt
1310 492 1476 548 lndos
1522 491 1812 549 observare
1872 503 2086 550 noctem

2201 494 2422 564 μεύουσι
2451 498 2603 550 τουτὶ
2631 496 2700 551 δι’
2727 497 2935 553 ὑδάτων
2961 499 3021 554 τὺ
3050 501 3212 565 ζῶον.
3248 501 3364 557 Καὶ
3397 501 3590 556 τούτου
3621 506 3771 576 χάριν

498 593 780 655 expertem
812 585 1233 654 lunae,'quoties
1263 585 1464 640 animal
1499 586 1604 641 hoc
1628 602 1796 656 aquas
1831 589 2082 658 trajicere

500 677 708 732 volunt.
747 676 872 732 Haec
907 693 1060 747 aquae
1091 677 1421 733 turbationis
1449 687 1535 753 est
1585 694 1772 734 causa.
1811 678 2082 736 Praeterea

500 775 742 821 meretur
817 767 920 821 hoc
981 768 1228 822 etiamin
1283 769 1589 838 elephantis
1638 770 2082 826 admirationem.

502 857 728 922 Quoties
754 858 1008 913 Indorum
1039 873 1259 913 amnem
1296 858 1551 929 trajicere
1581 860 1790 925 volunt,
1821 877 1928 916 non
1951 861 2085 916 sim-

501 948 717 1017 pliciter
732 966 796 1005 ac
819 951 1047 1006 fortuito
1073 959 1366 1008 transeunt
1398 967 1410 1002 ε
1439 955 1532 1010 sed
1563 954 2083 1020 minimusiomnium

503 1042 878 1110 trajectionern
908 1044 1118 1114 primus
1146 1045 1368 1102 inchoat
1401 1065 1416 1104 :
1451 1048 1648 1104 deinde
1671 1049 1920 1118 sequitur
1948 1047 2086 1101 alius

500 1131 605 1188 hoc
637 1133 833 1201 major,
877 1136 1005 1190 hinc
1036 1153 1254 1192 rursum
1310 1140 1448 1194 alius
1503 1150 1736 1211 utroque
1775 1140 1984 1209 major;
2031 1149 2087 1195 et

503 1223 584 1278 sic
620 1223 880 1294 deinceps
907 1228 1094 1282 eodem
1128 1238 1346 1285 utentes
1373 1233 1566 1287 ordine
1595 1248 1696 1303 per
1753 1232 1977 1288 ﬂuvium
2009 1235 2088 1290 ci-

503 1321 587 1369 tra
618 1315 1072 1384 impedimentum
1103 1321 1322 1392 aliquod
1352 1333 1659 1381 transeunt.
1683 1323 1814 1379 Nam
1849 1325 1894 1380 si
1925 1341 2088 1395 gran-

506 1406 690 1460 diores
732 1407 786 1461 in
829 1411 1163 1466 transeundo
1192 1413 1352 1486 primi
1388 1414 1589 1480 forent,
1628 1415 1867 1473 fortasse
1887 1418 2085 1486 pedum

506 1500 772 1570 gravitate
818 1501 1006 1558 foveas
1069 1505 1124 1558 in
1186 1505 1316 1560 limo
1392 1507 1712 1575 efﬁcientes,
1790 1512 2088 1580 quominus

509 1589 746 1645 transire
781 1592 1021 1647 minores
1051 1607 1294 1663 possent,
1329 1597 1681 1667 impedirent,
1717 1601 1964 1670 adeoque
1990 1617 2087 1658 co-

505 1689 767 1747 gerentur
792 1682 844 1735 hi
875 1683 1116 1740 fluminis
1147 1685 1201 1739 in
1224 1701 1383 1742 emno
1413 1688 1691 1746 suffocari.
1743 1689 1855 1748 Nec
1879 1696 1944 1748 ad
1987 1693 2090 1750 Ve-

506 1786 696 1827 nerem
726 1773 1053 1846 elephantus
1091 1780 1322 1848 accedit,
1373 1785 1831 1852 quemadmodum
1891 1786 2085 1843 harum

508 1879 691 1919 rerum
725 1867 885 1936 periti
912 1868 1154 1936 tradunt,
1204 1872 1312 1928 nisi
1346 1874 1762 1948 mandragoram
1817 1877 2088 1948 degustet.

505 1953 642 2010 Nam
681 1958 831 2028 prius
853 1975 1015 2030 quam
1042 1961 1147 2019 hoc
1176 1965 1289 2031 fiat,
1341 1966 1548 2021 nullam
1576 1969 1752 2025 coitus
1803 1970 2090 2026 libidinem

506 2047 810 2116 experitur.
827 2054 1174 2122 Quapropter
1207 2053 1408 2112 femina
1442 2067 1716 2128 sumptam
1769 2059 1876 2132 53
1938 2078 2095 2116 man-

505 2137 793 2209 dragoram
821 2144 1059 2200 comedit
1083 2147 1441 2218 eamdemque
1467 2153 1601 2205 mari
1637 2155 1887 2222 porrigit,
1906 2163 1960 2208 et
1989 2153 2094 2210 hoc

507 2239 674 2300 pacto
723 2231 791 2286 ad
823 2235 1276 2291 consuetudinem
1330 2254 1624 2295 veneream
1648 2244 1938 2300 accedunt.
1982 2245 2094 2302 Hoc

508 2328 694 2375 autem
731 2322 1019 2379 manifesto
1043 2327 1234 2381 referri
1270 2329 1334 2384 ad
1387 2330 1640 2386 homines
1673 2333 1798 2389 illos
1855 2337 2094 2406 primum

507 2411 761 2468 conditos
786 2413 983 2483 debet;
1018 2433 1143 2473 nam
1191 2429 1246 2474 et
1277 2419 1351 2475 illi
1383 2433 1510 2478 ante
1552 2423 1685 2494 ligni
1722 2427 1873 2481 vetiti
1925 2427 2094 2500 degu-

510 2505 802 2561 stationem
832 2507 1154 2564 libidinibus
1177 2514 1491 2582 superiores
1531 2525 1708 2572 erant.
1746 2517 1945 2574 Verum
1969 2533 2096 2592 post

511 2605 632 2649 eam
674 2611 801 2652 cum
835 2599 946 2655 Eva
983 2616 1098 2656 rem
1119 2602 1364 2661 Adamus
1407 2605 1620 2677 habuit,
1655 2623 1827 2680 eaque
1861 2612 2093 2670 Cainum

510 2691 746 2758 peperit.

581 2864 721 2931 Quid
757 2867 826 2922 de
861 2870 1325 2946 myrmecoleonte
1374 2873 1496 2931 sive
1555 2875 1869 2935 formicario
1935 2879 2096 2936 leone

448 2989 450 2992 -
511 2956 799 3014 dicemus?
855 2962 910 3014 ln
937 2961 1241 3032 Johiglibro
1283 2969 1650 3037 perscriptum
1705 2980 1839 3026 est:
1883 2989 1901 3023 ι
1951 2972 2097 3043 Myr-

514 3051 796 3106 mecoleon
830 3054 1013 3121 periit,
1061 3055 1208 3124 quod
1259 3071 1442 3112 escam
1495 3075 1598 3114 non
1657 3061 1902 3116 haberet.
1948 3081 1968 3114 ι
2003 3064 2098 3119 Est

2189 587 2513 642 ὐποθολοῦσι
2544 591 2610 658 τῇ
2649 591 2962 663 προνομαίᾳ
2990 592 3060 646 τὰ
3093 594 3320 664 νάματα
3358 595 3607 660 πίνοντες
3639 598 3768 667 (15).

2190 679 2312 731 Ἔτι
2354 681 2449 732 καὶ
2488 680 2650 734 τοῦτο
2695 684 2956 752 πρόσεστι
3006 684 3330 754 θαυμαστὸν
3368 687 3488 749 τοῖς
3533 686 3769 755 ἐλέφασι.

2187 770 2294 824 Τὸν
2335 770 2442 840 γὰρ
2481 771 2644 826 Ἰνδὸν
2681 775 2927 844 ποταμὸν
2968 775 3119 830 ἔστιν
3154 777 3247 830 ὅτε
3293 777 3772 848 διαπεραιούμενιι

2186 862 2286 933 οὐχ
2320 864 2506 926 ἁπλῶς
2543 866 2639 920 καὶ
2677 866 2752 931 ὡς
2793 867 2951 938 ἔτυχε
2985 869 3084 939 τὴν
3119 870 3306 923 ἐκεῖσε
3351 870 3633 924 ποιοῦνται
3664 872 3774 926 διά-

2187 954 2369 1021 σασιν,
2411 956 2526 1010 ἀλλ’
2552 959 2580 1011 ὁ
2627 961 2959 1028 μικρότατος
3005 961 3227 1015 πάντων
3272 964 3376 1032 τῆς
3425 964 3773 1032 περαιώσεως

2188 1047 2404 1117 πρῶτος
2443 1050 2789 1118 ἀπάρχεται,
2834 1051 2974 1119 μετά
3011 1051 3200 1105 τοῦτον
3245 1054 3276 1106 ὁ
3324 1053 3537 1123 μείζων
3577 1053 3771 1121 αὐτοῦ,

2189 1138 2382 1192 ἔπειτα
2430 1139 2526 1194 καὶ
2579 1141 2608 1192 ὁ
2657 1141 2988 1211 ἀμφοτέρων
3037 1142 3321 1198 ἐπέκεινα.
3377 1143 3493 1196 Καὶ
3549 1143 3774 1212 καθεξῆς

2188 1230 2452 1294 ὡσαύτως
2493 1233 2559 1303 τῇ
2606 1233 2832 1304 τοιαύτῃ
2877 1233 3030 1297 τάξει
3071 1232 3352 1304 χρώμενοι
3397 1233 3493 1287 τὸν
3537 1235 3772 1304 ποταμδν

2189 1322 2482 1386 ἀκωλύτως
2513 1323 2844 1393 διέρχονται.
2887 1324 3016 1378 Ἐάν
3048 1325 3158 1393 γὰρ
3190 1325 3242 1376 ol
3287 1325 3516 1394 μείζους
3547 1326 3646 1394 τῆς
3677 1343 3772 1380 πο·

2193 1413 2344 1484 ρείας
2376 1415 2716 1484 ἀπήρχοντο,
2754 1415 2895 1485 τάχα
2939 1415 3006 1469 ἂν
3037 1418 3103 1486 τῇ
3149 1415 3423 1486 βαθύτητι
3457 1416 3568 1470 τῶν
3602 1415 3770 1470 ποδῶν

2193 1503 2420 1576 βόθρους
2449 1507 2537 1559 ἀπ’
2560 1505 2734 1576 αὐτῆς
2758 1497 2860 1578 τῆς
2893 1507 3036 1571 ἰλύος
3063 1508 3436 1579 ἐργαζόμενοι
3467 1507 3772 1579 προοδεύειν

2190 1595 2373 1650 οὐκέτι
2418 1595 2764 1667 συνεχώρουν
2795 1597 2926 1660 τοὺς
2957 1598 3019 1651 τὸ
3061 1598 3221 1668 σῶμα
3271 1599 3648 1670 σμικρότατον
3683 1599 3772 1668 φέ-

2199 1703 2414 1756 ροντας,
2443 1687 2646 1758 μᾶλλον
2675 1687 2775 1757 μὲν
2798 1686 2894 1742 οῦν
2920 1689 3018 1742 καὶ
3042 1689 3122 1760 τῷ
3147 1691 3242 1744 τοῦ
3273 1691 3530 1762 ποταμοῦ
3553 1691 3772 1761 τέλματι

2197 1777 2618 1846 κατηνάγκαζον
2656 1779 2784 1842 τοὺς
2824 1778 3102 1843 τοιούτους
3144 1781 3578 1850 ἀποπνίγεσθαι.
3618 1781 3688 1835 To
3723 1781 3774 1835 δὲ

2194 1871 2286 1924 τὸν
2319 1871 2589 1940 ἐλέφαντα
2629 1873 2704 1942 μὴ
2741 1871 2920 1932 άλλως
2959 1888 3078 1935 πως
3117 1873 3198 1936 είς
3243 1873 3600 1944 συνδυασμδν
3629 1873 3776 1945 ἔρχε-

2197 1963 2358 2029 σθαι,
2392 1964 2536 2018 καθά
2570 1981 2736 2032 φασιν
2767 1965 2818 2017 οἱ
2855 1964 2984 2036 περὶ
3014 1966 3084 2018 τὰ
3114 1964 3352 2021 τοιαῦτα
3386 1967 3591 2034 δεινοὶ,
3626 1968 3672 2020 εί
3705 1967 3775 2038 μὴ

2193 2053 2288 2108 τοῦ
2324 2055 2706 2126 μανδραγόρου
2733 2098 2736 2099 ν
2763 2055 3020 2125 γεύσαιτο
3073 2057 3229 2128 (οὐδὲ
3259 2059 3376 2130 γὰρ
3417 2059 3662 2130 ὲπιθυμα
3691 2062 3771 2130 μί-

2197 2146 2332 2212 ξεως
2360 2147 2624 2218 πρότερον
2653 2149 2861 2215 κεῖταιτ,
2893 2149 2979 2218 ἐφ’
3001 2141 3046 2202 ὦ
3073 2151 3107 2221 ἡ
3140 2149 3340 2219 θήλεια
3363 2150 3608 2205 λαϐοῦσα
3640 2167 3770 2221 μαν-

2195 2237 2470 2310 δραγόραν
2507 2239 2602 2294 καὶ
2645 2240 2896 2309 φαγοῦσα
2938 2242 3122 2297 δίδωσι
3163 2243 3262 2297 καὶ
3306 2243 3390 2314 τῷ
3432 2244 3645 2315 ἄρρενι,
3683 2241 3770 2296 καὶ

2195 2331 2339 2385 οὕτω
2370 2333 2506 2403 πρὸς
2540 2333 2686 2404 μίξιν
2712 2333 2984 2404 ἔρχονται)
3018 2334 3273 2405 φανερῶς
3302 2336 3387 2399 είς
3415 2337 3543 2399 τοὺς
3574 2351 3772 2405 πρωτο-

2197 2422 2470 2486 πλάστους
2508 2424 2768 2492 ἀνάγεται
2791 2439 2808 2458 ο
2845 2425 3088 2479 κάκεῖνοι
3122 2425 3232 2494 γάρ
3271 2426 3384 2496 πρὸ
3421 2425 3524 2496 μὲν
3555 2423 3767 2494 τῆς-τοῦ

2197 2516 2370 2585 φυτοῦ
2412 2518 2657 2584 γεύσεως
2701 2517 2989 2585 ίσάγγελον
3030 2516 3144 2587 βίον
3183 2513 3357 2588 εἶχον,
3407 2517 3548 2588 μετά
3589 2517 3644 2570 δὲ
3681 2516 3772 2586 τὴν

2196 2608 2291 2662 τοῦ
2342 2609 2499 2675 ξύλου
2549 2612 2740 2684 γεῦσιν
2787 2609 2882 2662 καὶ
2930 2609 3030 2680 τῆς
3081 2610 3378 2679 παρακοῆς
3430 2608 3766 2678 είσαχθείσης

2198 2701 2344 2770 ἔγνω
2379 2699 2550 2770 Ἀδάμ
2580 2699 2724 2753 Εὕαν
2754 2699 2852 2772 τὴν
2880 2702 3118 2769 γυναῖκα
3149 2699 3322 2754 αὐτοῦ
3342 2739 3358 2767 ,
3387 2701 3486 2754 καὶ
3514 2699 3663 2753 ἔτεκε
3689 2698 3772 2752 τὸν

2198 2793 2363 2847 Κάῖν.

2271 2886 2409 2956 Περὶ⁵
2445 2884 2503 2940 δὲ
2534 2885 2630 2940 τοῦ
2672 2887 3150 2958 μυρμηκολέοντος
3181 2886 3236 2941 τί
3280 2887 3392 2960 χρὴ
3430 2888 3531 2941 καὶ
3567 2885 3770 2953 λέγειν;

2199 2977 2509 3048 γέγραπται
2539 2979 2647 3048 γὰρ
2677 2977 2735 3030 ἐν
2763 2978 2842 3044 τῷ
2873 2976 3019 3047 Ἰὼϐ,
3060 2979 3516 3050 «Μυρμηκολέων
3543 2974 3772 3049 ἀπώλετο

2199 3069 2289 3124 διὰ
2323 3069 2381 3123 τὸ
2423 3070 2499 3138 μὴ
2541 3068 2689 3140 ἔχειν
2722 3069 2906 3140 βοράν.
2952 3087 2972 3122 ι
3013 3068 3072 3124 '0
3120 3070 3533 3141 μυρμηκολέων
3566 3065 3696 3132 ζῶόν
3723 3062 3773 3114 τι

518 3143 918 3211 myrmecoleon
979 3147 1184 3202 animal
1233 3150 1530 3218 quoddam,
1589 3153 1734 3222 quod
1795 3169 1827 3208 e
1874 3153 2097 3210 formica

2204 3164 2352 3216 ἐστιν
2382 3164 2446 3215 ὲκ
2481 3162 2774 3233 μύρμηκος
2807 3161 2904 3230 μὲν
2932 3162 3027 3216 καὶ
3056 3162 3277 3226 λέοντος
3308 3161 3664 3231 τικτόμενον,
3690 3154 3768 3208 εὑ-

517 3233 784 3305 leoneque
833 3239 1093 3309 gignitur,
1145 3243 1242 3298 sed
1297 3260 1421 3299 mox
1454 3246 1674 3303 vivendi
1750 3249 1914 3304 ﬁnem
1968 3250 2099 3307 facit

517 3336 804 3396 propterea
835 3330 978 3398 quod
1008 3331 1190 3386 cibum
1223 3333 1325 3389 sibi
1353 3340 1768 3398 convenientem
1799 3360 1910 3400 non
1940 3345 2097 3400 inve-

519 3418 638 3472 niat
671 3432 687 3471 :
725 3436 853 3475 nam
923 3430 983 3476 ut
1029 3423 1136 3486 leo,
1191 3440 1386 3481 carnes
1433 3431 1658 3502 expetit,
1713 3443 1774 3488 ut
1829 3434 2095 3505 formica,

519 3510 894 3586 frumentum;
928 3518 1135 3576 idcirco
1173 3521 1318 3577 facili
1371 3533 1651 3578 momento
1707 3526 2095 3598 exstinguitur.

509 3602 646 3660 Haec
673 3617 854 3662 autem
881 3609 1161 3666 transferri
1186 3612 1413 3669 omnino
1440 3615 1508 3669 ad
1538 3615 1813 3688 diabolum
1842 3629 2095 3688 possunt,

419 3779 432 3782 _
518 3699 610 3768 qui
642 3699 711 3755 ab
749 3701 941 3772 exigua
978 3719 1036 3759 re
1063 3705 1301 3775 primum
1325 3721 1554 3763 exorsus
1600 3709 1667 3763 ad
1724 3726 1917 3781 magna
1974 3727 2100 3776 pro-

519 3796 783 3866 greditur.
823 3798 948 3854 ldeo
973 3801 1195 3870 quidam
1227 3817 1291 3856 ex
1323 3803 1590 3860 Patribus
1621 3804 1761 3860 dixit
1790 3823 1806 3862 :
1838 3824 1858 3858 (
1892 3806 2098 3878 Exigua

519 3890 716 3945 delicta
745 3892 897 3946 novit
922 3902 1220 3950 extenuare
1266 3895 1516 3952 diabolus
1550 3918 1565 3953 :
1594 3913 1719 3952 nam
1767 3901 2100 3970 caeteroquin

521 3983 588 4038 ad
624 3985 828 4053 majora
861 3987 1162 4054 perducere
1190 3997 1242 4042 te
1277 4003 1384 4042 non
1419 3999 1627 4060 posset.
1669 4009 1689 4043 ι
1728 3989 1921 4061 Itaque
1960 3995 2102 4062 perit

521 4085 574 4130 et
603 4077 740 4144 ipse,
786 4092 851 4131 ac
902 4079 1380 4148 myrmecoleontis
1441 4082 1612 4136 instar
1637 4083 1927 4147 emoritur.
1976 4099 2102 4140 cum

522 4167 670 4236 apud
695 4181 800 4222 nos
828 4167 1070 4222 alimenti
1103 4168 1264 4233 nihil,
1290 4169 1424 4224 nihil
1455 4171 1715 4240 requietis
1739 4173 1970 4237 invenit.

591 4258 796 4326 Quodsi
821 4260 980 4315 cadat
1021 4260 1371 4330 elephantus,
1395 4278 1621 4334 surgere
1657 4274 1946 4334 propterea
1992 4281 2099 4321 non

523 4361 702 4423 potest
736 4352 882 4423 quod
916 4353 1081 4424 pedes
1104 4355 1277 4425 ipsius
1303 4357 1478 4411 nullas
1525 4357 1811 4427 juncturas
1845 4357 2100 4414 habeant.

526 4448 591 4503 Et
613 4448 783 4502 fetum
829 4446 946 4501 haec
988 4448 1241 4502 animalia
1281 4458 1490 4504 tantum
1539 4449 1764 4503 unicum
1825 4450 1998 4505 edunt
2033 4451 2104 4507 ob

2207 3255 2344 3318 θέως
2371 3254 2428 3308 δὲ
2453 3253 2721 3307 τελευτῶν
2745 3253 2834 3308 διὰ
2856 3253 2918 3306 τὸ
2949 3252 3025 3324 μὴ
3049 3253 3335 3323 εὑρίσκειν
3360 3253 3567 3323 τροφὴν
3590 3244 3774 3302 κατάλ-

2205 3344 2404 3416 ληλον·
2447 3344 2524 3408 ὡς
2572 3344 2672 3414 μὲν
2717 3343 2829 3414 γὰρ
2871 3343 3009 3396 λέων
3055 3342 3265 3414 κρέατα
3308 3341 3577 3412 ἐπιζητεῖ,
3615 3337 3685 3398 ὡς
3720 3333 3771 3387 δὲ

2208 3435 2440 3507 μύρμηξ
2469 3435 2633 3489 πάλιν
2662 3437 2830 3501 σῖτον,
2860 3435 2955 3489 καὶ
2982 3435 3072 3488 διὰ
3102 3433 3262 3488 τοῦτο
3289 3432 3536 3504 εὐχερῶς
3563 3427 3771 3482 ἀπόλλυ-

2204 3541 2319 3583 ται.
2347 3527 2536 3582 Ταῦτα
2562 3528 2620 3581 δὲ
2650 3527 2869 3591 πάντως
2899 3527 2979 3591 εἰς
3006 3526 3176 3581 αὐτὸν
3201 3527 3472 3596 ἀνάγεται
3497 3523 3586 3576 τὸν
3611 3516 3774 3574 διάϐο-

2205 3623 2299 3675 λον
2321 3663 2336 3688 ,
2367 3623 2518 3685 ὅστις
2553 3620 2663 3676 ἀπὸ
2700 3619 2899 3691 μικροῦ
2935 3621 3036 3689 μὲν
3064 3620 3296 3690 ἄρχεται
3319 3659 3335 3686 ,
3370 3619 3451 3681 είς
3485 3613 3686 3686 μεγάλα
3715 3607 3768 3660 δὲ

2205 3719 2470 3786 καταντᾷ.
2503 3715 2621 3784 Ἐφ’
2645 3709 2690 3783 ᾧ
2727 3714 2825 3768 καί
2866 3731 2949 3778 τις
2969 3715 3078 3768 τῶν
3119 3713 3384 3781 Πατέρων
3427 3709 3579 3777 ἔλεγε
3606 3717 3665 3755 ἰ
3699 3698 3771 3752 Τὰ

2211 3811 2384 3880 μικρὰ
2421 3806 2531 3862 τῶν
2571 3806 2988 3879 ἁμαρτημάτων
3027 3803 3328 3868 εὐτελίζειν
3365 3799 3508 3856 οἶδεν
3544 3799 3574 3852 ὁ
3609 3791 3770 3880 διάδο-

2206 3879 2297 3961 λος
2321 3914 2337 3931 ’
2370 3897 2545 3960 ἄλλως
2573 3895 2682 3967 γὰρ
2715 3897 2807 3948 ἐπὶ
2839 3893 3024 3964 μεῖζον
3053 3893 3225 3946 κακὸν
3252 3893 3489 3962 ἀγαγεῖν
3520 3904 3577 3940 σε
3606 3884 3662 3937 οὗ
3691 3879 3773 3932 δύι

2207 4004 2387 4044 ναται.
2423 4005 2442 4038 ι
2473 3985 2637 4040 Ὅθεν
2666 3984 2960 4038 ἀπόλλυται
2991 3983 3086 4036 καὶ
3115 3976 3272 4045 οὗτος
3295 4019 3313 4047 ,
3341 3981 3440 4035 καὶ
3469 3975 3580 4032 οἷον
3611 3969 3770 4026 εἰπεῖν

2209 4078 2433 4148 θνήσκει
2464 4075 2606 4130 κατά
2635 4076 2728 4129 τὸν
2761 4075 3248 4146 μυρμηκολέοντα,
3288 4073 3367 4144 μὴ
3397 4067 3604 4142 τροφὴν
3635 4055 3770 4130 εὑρί-

2211 4187 2358 4224 σκων
2385 4169 2519 4239 παρ’
2543 4167 2703 4239 ἡμῶν
2730 4169 2824 4221 καὶ
2855 4169 3184 4222 ἀνάπαυσιν.

2292 4263 2350 4318 Ὀ
2395 4263 2580 4335 μέντοι
2623 4261 2823 4332 ἐλέφας
2864 4259 3080 4313 πίπτων
3122 4256 3421 4329 ἐγερθῆναι
3463 4253 3524 4307 ού
3564 4248 3771 4335 δύναται

2208 4355 2297 4410 διά
2320 4355 2380 4409 τὸ
2397 4331 2486 4426 *μὴ
2511 4353 2655 4424 ἔχειν
2679 4331 2932 4422 ἁρμογὰς
2956 4351 3036 4413 εἰς
3059 4349 3185 4412 τοὺς
3214 4347 3382 4411 πόδας
3407 4345 3590 4400 αὐτοῦ·
3625 4331 3770 4426 Ἀλλὰ

2209 4449 2305 4501 καὶ
2343 4425 2609 4518 μονοτόκα
2640 4443 2816 4498 ταῦτα
2845 4443 2908 4512 δὴ
2942 4442 3012 4494 τὰ
3049 4441 3275 4510 σώματα
3309 4440 3380 4494 τὰ
3419 4439 3649 4510 μέγιστα
3681 4425 3768 4518 φξ-

525 4539 749 4593 maximi
805 4539 1056 4608 corporis
1108 4539 1332 4595 molem.
1393 4537 1679 4594 Debebant
1733 4539 1952 4608 quidem
2009 4541 2097 4596 hac

2217 4510 2400 4613 ροντα.
2428 4539 2579 4592 Ἔδει
2613 4535 2712 4607 μὲν
2736 4535 2804 4589 δι’
2829 4510 2960 4589 αὐτὸ
2987 4533 3146 4586 τοῦτο
3177 4531 3453 4586 πολύτοκα
3487 4510 3774 4613 μᾶλλον-εἶς

525 4639 638 4698 ipsa
670 4632 739 4684 de
771 4643 961 4692 causa,
995 4629 1140 4697 quod
1179 4643 1372 4698 magna
1401 4631 1531 4693 sint,
1563 4631 1746 4698 potius
1800 4630 2115 4700 complures

526 4723 668 4778 fetus
725 4723 890 4778 simul
953 4723 1116 4777 edere
1169 4722 1385 4803 (loquor
1437 4731 1638 4793 autem,
1673 4723 1742 4780 de
1795 4726 2110 4797 elephanto,

524 4815 954 4885 equoﬁcamelo)
998 4829 1229 4870 :verum
1260 4817 1390 4886 quia
1421 4818 1818 4873 nutrimentum
1872 4819 1940 4875 ad
1984 4835 2113 4875 cor-

529 4907 681 4983 poris
706 4907 1193 4977 amplificationem
1246 4907 1574 4975 absumitur,
1640 4909 1785 4966 fetus
1841 4911 1897 4966 in
1953 4920 2112 4967 utero

529 4998 732 5053 multos
753 4998 899 5054 alere
927 5007 1226 5067 nequeunt.
1260 5001 1338 5054 Ac
1361 5002 1430 5054 de
1452 4999 1536 5055 his
1560 5001 1780 5072 quidem
1809 5003 1913 5058 hoc
1942 5004 2107 5060 modo

530 5089 738 5142 dictum
768 5097 904 5142 esto.
935 5086 1202 5143 Caeterum
1241 5089 1453 5158 lepores
1476 5089 1630 5145 aiunt
1679 5091 1821 5147 fetus
1871 5093 2006 5148 alios
2050 5093 2107 5148 in

530 5181 708 5236 lucem
735 5181 918 5243 edere,
947 5163 1082 5235 alios
1109 5181 1271 5250 paulo
1299 5182 1451 5252 prius
1482 5183 1740 5250 edidisse,
1799 5185 1932 5240 alios
1979 5199 2110 5240 nec-

533 5273 665 5328 dum
699 5273 976 5329 absolutos
999 5284 1154 5329 utero
1203 5285 1438 5345 gestare.
1485 5277 1614 5347 Ejus
1666 5278 1742 5332 rei
1777 5293 1940 5334 causa
2000 5289 2105 5344 est,

533 5365 677 5435 quod
708 5364 956 5434 leporum
979 5374 1172 5419 natura
1210 5367 1370 5436 longe
1409 5368 1479 5422 sit
1508 5369 1919 5425 fecundissima.
1969 5369 2113 5425 Ecce

534 5457 681 5512 enim
710 5457 794 5511 lac
819 5457 1126 5526 leporinum
1160 5457 1373 5512 mulieri
1417 5474 1527 5514 non
1591 5459 1834 5514 fecundae
1892 5459 2118 5528 imposi-

539 5561 656 5604 tum
705 5549 958 5604 celeriter
1013 5550 1426 5621 conceptionem
1484 5551 1729 5621 adjuvat,
1785 5561 1841 5606 et
1895 5551 2120 5605 femina:

537 5642 710 5698 sterili
743 5643 912 5698 donat
950 5642 1237 5710 infantem,
1272 5659 1434 5715 quem
1481 5643 1742 5700 uberibus
1786 5645 1969 5700 lactet.
2002 5644 2117 5697 Non

607 5763 720 5835 il?!)
747 5762 815 5816 Εἰ
855 5762 959 5834 γὰρ
1021 5763 1236 5835 χαῦνα.
1282 5805 1295 5822 .
1336 5805 1347 5818 .
1383 5806 1395 5820 .
1433 5804 1444 5822 .

539 5834 730 5891 eodem
741 5872 754 5886 .

2214 4605 2336 4700 ναι,
2378 4605 2647 4700 ἐλέφαντα
2684 4630 2830 4698 λέγω
2863 4629 2958 4680 καὶ
2994 4626 3160 4680 ἵππον
3199 4627 3295 4678 καὶ
3333 4623 3577 4692 κάμηλον
3599 4631 3611 4645 ”

2213 4697 2612 4794 δαπανωμένης
2633 4720 2735 4790 τῆς
2756 4697 2964 4790 τροφῆς
2988 4718 3068 4780 είς
3090 4717 3190 4785 τὴν
3215 4714 3312 4768 τοῦ
3343 4713 3594 4782 σώματος
3617 4697 3771 4794 αὔξης

2215 4834 2300 4872 σιν
2340 4783 2545 4882 πλῆθος
2568 4783 2846 4882 ’ὲμσπρύων
2870 4783 3078 4878 ’θρέψαι
3119 4783 3180 4860 οῦ
3218 4805 3472 4860 δύναται.
3517 4795 3620 4888 Και
3657 4783 3772 4888 περὶ

2216 4910 2318 4981 μὲν
2339 4906 2545 4962 τούτων
2567 4903 2762 4967 οὕτως.
2789 4902 2927 4963 Τοὺς
2954 4901 3012 4954 δὲ
3037 4899 3285 4966 λαγωούς
3311 4911 3445 4966 φασι
3467 4891 3534 4981 Ὲά
3563 4886 3657 4981 ξ’·ὲν

2215 4964 2457 5069 έγγὸνων
2498 4964 2814 5057 ὠδῖναιίτὰ
2853 4991 2912 5044 δὲ
2950 4964 3255 5051 τετοκέναι,
3297 4964 3418 5039 ἔνια
3458 4979 3515 5034 δὲ
3560 4964 3771 5069 ήμιτξλῆ

2217 5058 2480 5162 φέρεσθαι
2517 5092 2586 5159 τῇ
2627 5083 2868 5162 γαστρί.-
2892 5083 2967 5136 Τὸ
3005 5082 3062 5135 δὲ
3108 5081 3285 5134 αἴτιον
3324 5079 3406 5132 ὅτι
3447 5058 3770 5174 γρνιιέωττξῖτί

2217 5149 2326 5236 ,ξι-έν
2355 5149 2586 5250 λαγωῶίί
2686 5149 2868 5246 φύσις.
2886 5175 3228 5243 καθέστηκεν
3251 5186 3266 5201 ⁸
3302 5171 3402 5242 ὅρα
3428 5163 3543 5258 γὰρ
3575 5160 3655 5258 δτξ

2216 5272 2363 5343 γωοῦ
2413 5247 2582 5323 πιτύα
2621 5247 2847 5338 γυναικὶ
2882 5263 3239 5332 ἀντεθειμένη
3279 5255 3470 5314 άπαιδι
3515 5247 3772 5344 inde???

2215 5336 2421 5433 ταύτην
2453 5336 2648 5416 θᾶττον
2678 5357 2920 5428 ἐποίησε,
2950 5355 3046 5409 καὶ
3077 5353 3243 5407 παῖδα
3270 5344 3571 5433 ὑπομάζιον
3601 5336 3771 5433 “me?

2220 5427 2528 5529 καθίξεται.
2562 5455 2628 5506 Ἢ
2657 5427 2839 5505 τοίνυν
2869 5447 3130 5518 σύλληψις
3166 5445 3267 5499 οὐκ
3305 5443 3449 5495 ἔστιν
3478 5427 3770 5529 ειν-λαγνξξς

2222 5521 2536 5620 ῶρτισμένη,
2562 5545 2676 5600 ἀλλ’
2700 5543 2780 5596 ἔτι
2805 5540 3260 5648 κυοφορουμένων
3285 5534 3392 5648 gf”
3415 5521 3771 5648 5373:2133:

2229 5615 2499 5712 σύλληψις
2525 5639 2708 5702 αὐτοῖς
2745 5636 3045 5706 ἐγγίνεται.
3079 5630 3289 5686 Οὐκοῦν
3321 5630 3356 5685 ὃ.
3393 5624 3489 5695 μὲν
3518 5615 3718 5670 τέτοκεν

1516 5767 1817 5832 πίνοντες.
1867 5763 1942 5820 Ex
1977 5763 2089 5820 Fon

2201 5765 2478 5831 raldensi;
2534 5773 2586 5820 ct
2644 5775 2768 5817 mox
2809 5755 3189 5830 συνεχώρουν.
3223 5794 3237 5811 .
3277 5795 3289 5809 .
3323 5791 3337 5809 .
3389 5744 3646 5813 ἐλέφαντα
3711 5731 3769 5774 ει
