4008 6454
210 414 289 483 121
1414 472 1425 477 ,
1467 407 1571 471 AN
1581 404 1797 468 NALII

1922 404 2118 466 PARS
2155 404 2205 493 ῐ,
3370 397 3473 465 122

206 527 397 599 λαγωδς
422 525 534 582 τῶν
559 525 822 596 ἐγγόνων,
851 523 887 580 ἂ
912 524 970 580 δὲ
995 502 1207 587 ὡδίνει,
1228 520 1266 577 ἃ
1295 519 1355 576 δὲ
1384 520 1618 592 ἡμιτελῆ
1651 521 1779 573 ἐπι·

1901 519 2170 591 δειοίςίιυι-
2224 519 2279 575 in
2339 519 2620 592 leporibus
2684 519 2978 592 conceptio
3043 527 3196 576 certo
3247 517 3474 578 deﬁnita

205 624 343 696 φέρει
367 623 435 693 τῇ
461 620 659 690 γαστρί
679 636 696 652 θ
723 618 905 673 ταῦτα-
924 617 1033 690 γὰρ
1063 617 1097 688 ή
1131 614 1492 686 ἑπισύλληψις
1519 613 1580 678 ἐξ
1608 614 1779 681 ἀνάγ.

1901 627 2159 683 .cmpore,
2184 612 2282 670 sed
2303 614 2433 668 dum
2480 613 2660 669 adhuc
2685 623 2900 668 uterum
2959 619 3175 682 gerunt,
3219 612 3389 667 altera
3418 612 3478 670 fit

206 732 298 782 κης
333 714 499 767 ποιεῖ.
536 712 695 782 Κατὰ
725 710 884 767 τοῦτο
919 710 978 763 δὲ
1018 709 1132 778 καίλ
1153 707 1430 771 δασύπους
1473 707 1502 758 6
1541 705 1780 774 λαγωδς,

205 806 335 863 καθά
365 822 532 875 φησιν
559 806 589 859 6
620 801 1036 876 Ἀριστοτέλης,
1066 801 1143 866 ὠς
1169 800 1390 871 πλήρης
1422 799 1781 871 περιττωμά·

204 916 303 953 των
323 896 399 951 ὢν
418 912 434 927 ο
464 897 500 967 ή
524 898 633 967 γὰρ
657 878 892 963 δασύτης
918 895 1145 965 σημεῖον
1167 892 1409 962 πλήθους
1434 889 1784 963 περιττώμα-

207 1008 309 1055 τος.
335 990 504 1043 Ὅθεν
536 992 629 1043 καὶ
665 990 1047 1043 ιπικυτσκεται
1078 986 1239 1040 τοῦτο
1266 984 1331 1039 τὸ
1363 984 1525 1050 ζῶον.
1559 982 1655 1036 Διὸ
1686 984 1784 1037 καὶ

206 1082 304 1136 τῶν
332 1079 644 1154 ἀνθρώπων
675 1081 728 1134 oi
758 1080 941 1143 δασεῖς
976 1077 1456 1151 άφροδισιαστικοὶ
1487 1075 1583 1130 καὶ
1613 1074 1782 1128 πολύ-

213 1191 444 1246 σπερμοι
471 1174 669 1246 μᾶλλόν
690 1173 797 1227 τίσι
819 1173 928 1227 τῶν
950 1170 1128 1227 λείων.
1152 1171 1263 1225 Καὶ
1285 1161 1436 1224 οὗτοι
1461 1167 1563 1238 μὲν
1583 1166 1781 1230 οὕτως’

212 1269 237 1323 6
257 1268 310 1323 δὲ
332 1266 591 1331 Δίλιανδς
616 1264 915 1337 παράδοξόν
938 1281 992 1318 τι
1016 1263 1114 1319 καὶ
1137 1263 1260 1318 λίαν
1282 1261 1504 1328 διέξεισι
1534 1260 1664 1331 περὶ
1687 1257 1783 1313 τοῦ

213 1358 418 1428 λαγωοῦ
438 1374 454 1389 ·
481 1357 545 1411 τὸ
569 1358 678 1429 γὰρ
701 1359 766 1411 ἑκ
788 1356 978 1412 τούτου
1004 1355 1345 1426 γεννώμενον
1367 1354 1610 1426 ἔμϐρυον
1632 1353 1785 1416 turb;

214 1450 457 1521 ἐπιφέρει
496 1448 683 1520 ἕτερον
719 1448 978 1520 ἔμϐρυον.
1015 1446 1295 1512 Ὡσαύτως
1332 1448 1556 1516 λέγουσι
1594 1446 1710 1521 τοι
1723 1461 1785 1499 τε

214 1504 417 1611 laxatis
447 1543 543 1599 καὶ
566 1504 662 1613 τὴν
694 1504 886 1595 ὕαινάν
915 1504 1290 1613 segmenti»;
1312 1504 1581 1609 γίνεσθαι.
1620 1504 1785 1591 Ἀλλὰ

217 1638 302 1691 καὶ
324 1636 499 1699 δειλὸς
525 1636 553 1689 6
577 1634 805 1702 λαγωός.
833 1632 987 1697 Τίνος
1014 1631 1234 1698 ἒνεκεν;
1264 1632 1349 1686 ὅτι
1376 1630 1645 1703 μεγίστην
1670 1628 1785 1700 εχει

217 1727 457 1798 καρδίαν,
474 1724 621 1779 ὥσπε
632 1741 662 1796 ρ
676 1725 740 1796 δὴ
753 1724 971 1795 ἔλαφος,
990 1725 1117 1795 μῦς,
1136 1721 1321 1789 ὖαινα,
1339 1722 1482 1790 δνος,
1494 1721 1784 1792 πάρδαλις,

216 1822 371 1892 γαλῆ,
398 1818 496 1873 καὶ
521 1817 708 1881 ἅπλῶς
732 1816 891 1871 πάνθ’
914 1818 1017 1871 ὅσα
1047 1816 1298 1887 φανερῶς
1323 1816 1430 1869 εισι
1457 1814 1609 1870 δειλά
1635 1815 1669 1886 ή
1696 1815 1787 1869 διὰ

1884 719 2105 759 rursum
2143 706 2455 776 conceptio.
2485 704 2606 772 Qua
2653 706 2721 759 de
2745 719 2914 761 causa
2952 705 3129 775 lepus,
3168 715 3231 760 ut
3267 705 3476 762 dictum

1883 805 1990 876 est,
2031 797 2169 852 alios
2210 797 2434 868 quidem
2482 798 2626 855 fetus
2674 799 2784 869 jam
2841 799 3037 863 edidit,
3086 799 3226 855 alios
3283 809 3478 871 partu-

1886 889 2080 947 riendo
2125 891 2355 960 profert.
2408 891 2548 947 alios
2609 904 2764 948 utero
2808 900 2985 962 gestat
3035 891 3474 964 semiperfectos,

1885 984 2020 1040 Nam
2057 982 2114 1041 id
2144 984 2456 1051 necessario
2493 985 2932 1054 conceptionem,
2973 999 3096 1054 quae
3124 985 3231 1040 alia
3267 986 3327 1041 fit
3349 1002 3476 1041 mitix

1887 1081 2011 1145 post
2058 1073 2245 1140 aliam,
2290 1075 2561 1145 sequitur.
2617 1075 2828 1130 idcirco
2877 1077 3033 1146 lepus
3085 1077 3248 1132 etiam
3307 1078 3479 1149 pedes

1886 1166 2133 1225 hirsutos
2159 1167 2347 1234 habet,
2391 1167 2857 1238 quemadmodum
2909 1168 3236 1225 Aristoteles
3275 1171 3370 1236 ait,
3421 1178 3480 1225 ut

1890 1261 1987 1332 qui
2028 1258 2293 1331 superflui
2356 1259 2428 1316 sit
2487 1259 2736 1314 humoris
2783 1259 2979 1329 plenus
3007 1275 3020 1312 :
3047 1275 3172 1313 nam
3219 1260 3483 1316 hirsuties

1889 1356 2043 1411 istaec
2076 1354 2316 1424 ingentis
2342 1352 2741 1424 superﬂuitatis
2766 1362 2852 1408 est
2875 1362 3287 1424 argumentum.
3342 1353 3483 1408 Hinc

1888 1447 2145 1502 animalis
2174 1447 2338 1518 hujus
2369 1446 2748 1516 superfetatio.
2789 1445 2993 1502 Eadem
3027 1449 3096 1501 de
3156 1460 3321 1501 causa
3374 1446 3486 1519 55

1890 1541 1951 1595 fit
1986 1552 2046 1595 ut
2086 1540 2340 1595 homines
2371 1539 2568 1594 hirsuti
2613 1547 2840 1594 ca-Ieros
2863 1538 3111 1595 laeviores
3144 1547 3256 1594 tum
3284 1554 3488 1595 venere

1892 1642 2004 1686 tum
2037 1628 2267 1686 seminis
2313 1630 2470 1700 capia
2524 1637 2810 1699 superent.
2849 1628 2918 1683 Et
2956 1629 3074 1684 haec
3135 1606 3357 1698 quidem
3415 1629 3486 1684 ab

1891 1724 1975 1779 his
1998 1721 2195 1778 tradita
2218 1732 2367 1777 sunt.
2438 1718 2711 1776 Caeterum
2771 1718 3025 1775 Elianus
3058 1719 3218 1775 valde
3281 1734 3483 1775 norum

1891 1825 1945 1872 et
1974 1814 2301 1870 inusitatum
2353 1812 2616 1883 quiddam
2684 1812 2751 1868 de
2800 1812 2994 1882 lepore
3039 1819 3486 1867 commemorat:

403 1874 708 1984 κακοῦργαί
741 1910 1033 1980 Μεγίστων
1057 1874 1474 1982 γὰρ-ινῡαύτοῖς
1502 1908 1613 1963 τῶν
1644 1874 1783 1978 καρ-

1901 1923 2017 1964 nam
2046 1907 2137 1978 qui
2158 1922 2227 1962 ex
2279 1921 2347 1962 eo
2374 1905 2616 1962 nascitur
2649 1903 2809 1971 fetus,
2853 1918 2981 1959 eum
3036 1903 3174 1958 dicit
3237 1904 3378 1959 intra
3429 1917 3488 1958 se

216 2002 335 2058 διῶν
364 2004 543 2057 οὐσῶν
570 2003 841 2074 duxisset
870 2003 933 2057 τὸ
968 2001 1079 2073 πῦρ
1114 2002 1211 2056 καὶ
1242 2002 1303 2057 οὐ
1338 2001 1629 2071 συνῆκται.
1666 2000 1781 2072 Ἐφ’

215 2091 255 2163 ᾧ
281 2096 375 2149 καὶ
402 2096 663 2166 τυγχάνει
692 2095 862 2151 δειλά.
895 2096 977 2150 Τὰ
1007 2096 1191 2166 μέντοι
1223 2096 1429 2167 μικρὰν
1457 2094 1654 2165 ἔχοντα
1682 2093 1785 2165 τὴν

218 2186 436 2256 καρδίαν
464 2187 804 2258 συνηγμένον
837 2186 897 2251 ἐξ
932 2187 1180 2256 ἀνάγκης
1207 2186 1271 2239 τὸ
1309 2186 1554 2256 ἔμφυτον
1587 2185 1784 2255 ἔχοντα

220 2278 363 2350 πύρ’
408 2271 564 2348 ὲφ“ᾧ
606 2280 702 2333 καὶ
746 2277 882 2348 πρὸς
929 2278 1113 2350 μάχην
1157 2277 1398 2349 ὑπάρχει
1443 2278 1514 2332 τὰ
1560 2275 1788 2331 τοιαῦτα

223 2374 520 2447 ὀξύρροπα.

1885 2002 2058 2058 fctum
2092 2000 2261 2055 alium
2310 2014 2526 2071 gerere.
2558 1998 2750 2054 Itidem
2786 1996 2943 2053 aiunt
2982 1996 3226 2066 leporem
3254 2002 3311 2050 et
3344 1995 3488 2065 hyae-

1884 2110 2011 2150 nam
2042 2095 2267 2150 alternis
2312 2093 2524 2150 vicibus
2573 2103 2682 2148 tam
2764 2104 2972 2147 marem
3017 2103 3180 2159 quam
3227 2086 3487 2142 feminam
3514 2136 3530 2145 _

1886 2200 2030 2242 esse.
2056 2185 2472 2243 Formidolosus
2516 2186 2685 2241 etiam
2736 2185 2895 2254 lepus
2922 2162 3027 2239 est:
3080 2179 3491 2248 Quamobrem?

1886 2280 2026 2347 Quia
2049 2295 2147 2336 cor
2171 2281 2470 2336 maximum
2511 2279 2696 2345 habet,
2726 2277 2862 2334 sicut
2913 2287 2972 2332 et
3001 2290 3200 2331 cervus
3257 2283 3315 2330 et
3367 2287 3492 2328 Inus

1892 2383 1952 2429 et
1982 2374 2189 2447 byn-na:
2252 2381 2312 2429 et
2337 2372 2528 2429 asinus
2557 2381 2615 2427 et
2639 2373 2880 2443 pardalis
2905 2380 2960 2429 et
2985 2370 3242 2435 mustela,
3267 2377 3321 2424 et
3357 2367 3493 2421 situ-

223 2464 425 2534 pliciter
450 2463 633 2520 omnia
703 2478 1045 2535 quaecunque
1082 2464 1260 2536 palam
1316 2461 1513 2521 timida
1561 2470 1693 2520 sunt
1734 2465 1817 2522 vel
1856 2467 1929 2522 ob
1968 2476 2175 2523 metum
2237 2468 2427 2522 noxia.
2457 2466 2594 2521 Nam
2622 2480 2749 2522 cum
2790 2465 2956 2521 corda
2983 2465 3094 2519 sint
3139 2464 3197 2518 in
3246 2461 3326 2517 e’s
3363 2474 3493 2531 per-

224 2555 415 2625 ampla,
434 2556 582 2611 calor
606 2554 950 2618 diﬂunditur,
1007 2569 1116 2610 non
1175 2555 1488 2626 colligitur;
1547 2557 1782 2628 ideoque
1821 2556 2178 2614 formidolosa
2203 2568 2356 2614 sunt.
2415 2557 2550 2626 Quae
2610 2573 2742 2614 vero
2778 2572 2877 2612 cor
2931 2556 3191 2628 exiguum
3242 2549 3492 2620 habent,

226 2650 274 2704 in
316 2650 394 2704 eis
413 2649 581 2715 etiam
614 2646 925 2705 necessario
952 2647 1220 2704 collectus
1249 2657 1336 2704 est
1393 2648 1537 2721 ignis
1598 2649 1689 2705 ille
1718 2651 1939 2706 nativus
2003 2659 2060 2705 et
2096 2652 2335 2716 insitus;
2363 2651 2598 2721 ideoque
2644 2660 2776 2706 sunt
2807 2651 2874 2705 ad
2908 2647 3269 2720 pugnandum
3298 2661 3493 2716 prona.

227 2742 385 2800 Debes
410 2744 514 2798 hoc
536 2743 697 2798 etiam
719 2740 883 2807 scire,
914 2750 1086 2799 telum
1128 2741 1413 2798 biennium
1468 2742 1792 2813 elephantos
1835 2752 2053 2799 uterum
2109 2744 2475 2818 gerere.‘Qua
2514 2745 2584 2800 de
2647 2741 2856 2799 causa?
2909 2742 3042 2813 quia
3097 2740 3288 2796 feturae
3319 2742 3494 2812 maio--

210 2852 306 2894 .res
341 2849 580 2907 tempore
607 2835 836 2906 longiori
860 2834 927 2890 ad
957 2833 1350 2904 perfectionem
1383 2845 1571 2906 egent.

288 2933 522 2986 Γίνωσκε
567 2932 625 2986 δὲ
655 2932 751 2985 καί⁵
781 2929 962 2996 τοῦτο,
996 2929 1079 2984 ὅτι
1120 2928 1305 2999 διετής
1355 2930 1385 2983 6
1413 2929 1524 2983 τῶν
1564 2927 1796 2998 ἐλεφάν-

230 3042 327 3079 των
361 3025 539 3089 τόκος.
570 3024 728 3089 Τίνος
755 3022 982 3088 ἓνεκεν;
1031 3022 1116 3075 ὅτι
1144 3021 1216 3076 τὰ
1261 3021 1485 3092 μείζονα
1533 3023 1798 3092 κυήματα

230 3116 465 3179 πλείονος
497 3116 691 3187 χρόνου
717 3115 888 3169 δεῖται
936 3114 1074 3185 πρὸς
1103 3114 1387 3168 τελείωσιν
1412 3128 1428 3146 ο
1459 3114 1529 3168 τὰ
1559 3116 1661 3184 μὲν
1689 3115 1798 3184 γὰρ

229 3206 519 3279 δεκάμηνα,
572 3206 641 3260 τὰ
697 3206 756 3260 δὲ
808 3205 1061 3260 ἐνιαύσια
1124 3205 1380 3276 καθάπερ
1436 3206 1534 3259 ἐπὶ
1599 3205 1797 3263 ἵππου.

228 3301 380 3355 Κατὰ
402 3300 560 3353 τοῦτο
599 3299 779 3353 τοίνυν
802 3297 1159 3369 πολυχρόνιός
1194 3298 1312 3350 ἔστι
1357 3297 1450 3351 καὶ
1481 3299 1511 3350 6
1538 3297 1648 3351 τῶν
1680 3299 1800 3350 ἐλε-

1970 2925 2106 2982 Alia:
2137 2923 2332 2981 decem
2361 2925 2645 2981 mensibus
2675 2923 3066 2992 absolvuntur,
3099 2927 3220 2983 aliae
3250 2935 3368 2983 toto
3398 2926 3494 2985 de-

1896 3033 2047 3073 mum
2077 3032 2245 3085 anno,
2269 3027 2332 3073 ut
2356 3019 2410 3072 in
2450 3033 2596 3090 equo
2624 3019 2879 3075 videmus
2913 3019 3230 3075 usuveuire.
3265 3019 3359 3075 Sic
3393 3020 3494 3089 igi—

1899 3119 1990 3165 tur
2062 3113 2230 3167 etiam
2295 3112 2719 3183 elephantorum
2776 3121 2968 3183 partus
3019 3112 3335 3168 diuturnior
3382 3123 3489 3179 est.

1900 3215 2117 3259 uterum
2148 3205 2374 3260 biennio
2399 3206 2736 3276 gestantium
2780 3207 2852 3262 ob
2885 3206 3314 3277 magnitudinem
3348 3206 3494 3263 fetus

1900 3299 2150 3365 nimiam,
2183 3300 2328 3355 sicut
2357 3298 2686 3356 Aristoteles
2716 3300 2983 3371 loquitur.

226 3399 439 3467 φάντων
475 3389 654 3462 τόκος.
687 3396 877 3468 Διετὴς
911 3398 1023 3470 γὰρ
1051 3397 1086 3467 ή
1135 3393 1331 3469 κύησις
1362 3395 1545 3451 αὐτῶν
1608 3395 1702 3450 διὰ
1765 3395 1865 3468 τὴν
1904 3397 2216 3470 ὑπερὸολὴν
2283 3397 2379 3452 τοῦ
2438 3399 2746 3471 μεγέθους,
2799 3399 2877 3465 ὡς
2940 3399 3329 3473 Ἀριστοτέλης
3391 3417 3497 3472 φη-

230 3493 329 3549 σιν.

305 3583 371 3639 Ἥ
386 3584 582 3654 ἔλαφος
598 3556 947 3674 ἀποϐαλοῦσα
965 3582 1033 3639 τὰ
1048 3584 1259 3656 κέρατα
1277 3581 1604 3656 κρύπτεται,
1620 3583 1801 3639 αιδον-
1822 3610 1869 3675 c

237 3677 368 3749 μινη
393 3679 594 3748 -ὥσπερ
628 3677 718 3733 διὰ
760 3676 858 3749 τήν
902 3670 1128 3732 ἐκείνων
1173 3676 1485 3747 γύμνωσιν.
1515 3677 1689 3731 Ἐπάν
1736 3678 1795 3732 δὲ

233 3771 396 3827 ταῦτα
415 3774 496 3836 είς
524 3769 758 3842 αὔξησιν
789 3769 942 3843 ἔλθῃ,
989 3770 1437 3843 παρρησιάζεται
1463 3770 1631 3824 πάλιν
1652 3770 1799 3824 καθὰ

234 3867 325 3919 καὶ
357 3866 635 3937 πρὰτερον.
674 3861 832 3917 Οὕτω
852 3864 946 3916 καὶ
982 3862 1013 3916 6
1044 3862 1255 3928 δίκαιος
1281 3858 1587 3933 ἐκτραπεὶς
1615 3864 1798 3918 ὁπωσ-

234 3944 426 4029 δήποτε
464 3957 559 4011 τοῦ
606 3955 950 4026 καθήκοντος
982 3956 1077 4010 καὶ⁵
1105 3955 1217 4010 τῶν
1242 3952 1459 4025 ἀρετῶν
1485 3954 1798 4026 γυμνωθεὶς

234 4051 528 4122 κρύπτεται
574 4050 685 4104 ἀπὸ
718 4047 879 4115 Θεοῦ,
922 4044 1177 4119 καθάπερ
1227 4047 1361 4101 ποτὲ
1403 4047 1580 4120 ’Δδάμ
1624 4046 1695 4103 ὲν
1720 4046 1800 4121 τῷ

236 4142 545 4215 παραδείσῳ
592 4142 884 4209 πέπονθεν,
934 4142 1101 4213 ήνίκα
1157 4141 1370 4210 γυμνὸν
1417 4143 1612 4198 ἑαυτὸν
1651 4143 1799 4214 ἑώρα

234 4235 317 4289 διὰ
341 4235 438 4306 τήν
469 4228 807 4305 παράόασιν.
843 4233 1014 4288 Ἐπάν
1038 4233 1098 4288 δὲ
1120 4236 1537 4308 ἀγωνισάμενος
1569 4236 1800 4308 διορθώ-

236 4344 388 4399 σηται
416 4328 509 4381 καὶ
536 4328 635 4391 τὰς
676 4326 878 4397 ἀρετὰς
924 4328 1327 4399 ἑπαυξηθείσας
1357 4329 1649 4401 θεάσηται,
1676 4331 1800 4384 τότε

235 4424 296 4496 δὴ
324 4424 454 4494 πρὸς
507 4423 640 4478 Θεδν
671 4424 1008 4493 ἐπανάγεται
1042 4428 1140 4482 καὶ
1198 4428 1508 4499 παῤῥησία;
1540 4429 1641 4497 τῆς
1669 4430 1801 4500 πρὶν

240 4519 454 4590 μέτοχος
479 4517 795 4572 δείκνυται.⁴
811 4519 921 4573 Καὶ
945 4517 1104 4573 τοῦτο
1142 4519 1321 4590 δηλῶν
1345 4522 1375 4573 6
1407 4520 1572 4574 Δαδὶδ
1603 4521 1759 4589 ἔλεγε
1782 4536 1797 4551 ’

241 4626 260 4661 ι
295 4610 421 4664 Ϊότε
461 4610 522 4665 ού
567 4610 643 4682 μὴ
689 4608 963 4683 αἰσχυνθῶ
1005 4612 1064 4665 ὲν
1101 4610 1190 4685 τῷ,
1220 4627 1291 4682 με
1336 4613 1659 4667 ὲπιδλέπειν
1709 4614 1803 4666 ἐπὶ

233 4701 406 4764 πάσας
429 4706 529 4765 τὰς
559 4700 780 4765 ἐντολάς
797 4705 924 4756 σου.
964 4719 984 4753 ι
1021 4702 1130 4755 Καὶ
1156 4693 1303 4756 οὗτοι
1336 4703 1438 4775 μὲν
1461 4705 1659 4771 οὕτως,
1683 4704 1803 4757 ἓτε-

237 4808 311 4862 ροι
338 4793 396 4846 δέ
430 4794 596 4861 φασιν
635 4790 712 4856 ὡς
738 4791 799 4845 οὐ
825 4792 925 4863 τὴν
948 4774 1232 4864 ’ἀποϐολὴν
1263 4794 1319 4848 αἱ
1340 4774 1531 4866 ἔλαφοι
1559 4798 1671 4851 τῶν
1704 4811 1796 4848 κε-

235 4886 406 4952 ράτων
438 4886 826 4955 αἰσχυνόμεναι
854 4885 954 4961 τᾲς
985 4882 1238 4954 συνήθεις
1263 4886 1659 4957 δραπετεύουσι
1682 4890 1798 4946 δια·

1972 3584 2243 3643 Caeterum
2273 3587 2367 3644 ubi
2401 3602 2609 3644 Cornua
2646 3602 2844 3645 cervus
2871 3588 3096 3660 abiecit,
3133 3596 3308 3646 semet
3331 3604 3499 3646 occu-

1907 3681 1968 3736 lit
1997 3681 2209 3751 pudore
2235 3684 2392 3751 quasi
2428 3681 2667 3751 quodam
2698 3680 2952 3746 affectus,
3000 3682 3146 3753 quod
3198 3682 3264 3738 iis
3291 3683 3363 3738 sit
3398 3681 3497 3739 de-

1904 3775 2166 3829 nudatus.
2222 3773 2361 3829 Cum
2392 3786 2574 3829 autem
2609 3773 2697 3830 illa
2735 3790 2951 3831 rursum
2981 3789 3277 3846 augescere
3308 3790 3497 3844 cmpe-

1906 3877 2060 3935 runt,
2111 3862 2359 3924 vicissim
2408 3869 2635 3925 liberius
2671 3870 2902 3939 pristino
2935 3886 3085 3926 more
3120 3866 3322 3942 prodit;
3379 3869 3496 3925 Hoc

1901 3961 2040 4032 justi
2075 3960 2318 4016 hominis
2356 3970 2441 4016 est
2481 3960 2856 4018 s‘unulacrum.
2890 3960 3025 4016 Nam
3058 3963 3254 4018 cumis
3275 3960 3345 4017 ab
3375 3959 3496 4016 olli-

1906 4055 1992 4110 cio
2019 4067 2347 4125 quocunque
2378 4053 2600 4108 tandem
2636 4054 2798 4108 modo
2830 4052 3051 4108 deﬂexit
3090 4064 3149 4111 et
3193 4056 3496 4113 virtutibus

1907 4149 2153 4205 nudatus
2181 4158 2286 4211 est.
2333 4162 2362 4202 a
2401 4148 2513 4203 Deo
2546 4155 2726 4203 semet
2753 4148 3047 4204 abscondit
3088 4150 3282 4205 Adami
3310 4165 3500 4206 exem-

1908 4243 2021 4315 plo,
2054 4242 2141 4299 cui
2172 4242 2303 4311 quid
2338 4242 2610 4314 ejusmodi
2642 4242 2846 4298 accidit
2870 4244 2925 4298 in
2958 4242 3243 4316 paradiso,
3276 4261 3399 4301 cum
3427 4250 3501 4302 ob

1911 4338 2407 4408 transgressionem
2434 4350 2513 4391 ese
2539 4335 2751 4391 nudum
2791 4350 2915 4392 esse
2950 4338 3320 4408 conspiceret.
3390 4338 3498 4394 Vc-

1911 4445 2034 4486 rum
2069 4430 2159 4486 ubi
2196 4429 2395 4486 deinde
2418 4427 2693 4499 susceptis
2719 4427 3121 4485 certaminibus
3151 4430 3356 4486 rectius
3379 4445 3499 4488 sese

1912 4524 2054 4597 gerit
2076 4539 2141 4580 ac
2165 4523 2396 4580 virtutes
2414 4522 2657 4578 crevisse
2678 4520 2849 4586 videt,
2871 4530 2986 4577 tum
3005 4521 3303 4578 scilicetad
3327 4522 3496 4579 Deum

1914 4615 2212 4672 revertitur
2240 4622 2296 4670 et
2323 4612 2568 4684 pristina:
2592 4627 2652 4668 se
2680 4612 2948 4668 libertatis
2973 4612 3291 4684 participem
3317 4614 3501 4670 decla-

1913 4713 2020 4761 rat.
2089 4703 2204 4760 Hoc
2237 4703 2468 4760 Davides
2509 4702 2754 4758 iudicare
2783 4702 2977 4757 volens
3007 4701 3115 4757 ait:
3160 4699 3346 4758 I'l‘unc
3387 4718 3499 4758 non

1911 4799 2208 4870 pudeliam,
2251 4804 2451 4851 cuncta
2491 4804 2579 4850 tua
2620 4801 2893 4865 praecepta
2933 4793 3153 4848 intuens
3176 4791 3269 4847 ⁸³⁸.
3301 4810 3321 4844 ι
3368 4790 3498 4848 Haec

1915 4906 1947 4946 ε
1993 4889 2567 4967 quibusdam'tradita
2600 4898 2778 4943 'sunt;
2839 4886 3123 4942 Caeterum
3165 4886 3259 4942 alii
3312 4888 3502 4944 dicunt

232 4978 442 5046 τριϐὰς,
490 4976 607 5032 ἀλλ’
645 4976 858 5031 ἑαυτῶν
901 4972 1137 5049 μάλίστα
1185 4978 1606 5052 προνοούμεναι.
1647 4984 1797 5039 Ἐστι

1915 4998 2111 5041 cervos
2159 4991 2536 5052 non‘propter
2578 4981 2946 5051 abjI-ctionem
2988 4994 3258 5036 cornuum
3290 4981 3502 5051 pudore

235 5069 335 5140 γάρ
364 5068 619 5140 αἴσθησις
643 5069 737 5122 καὶ
766 5070 826 5122 ἐν
855 5069 970 5133 τοῖς
999 5067 1219 5138 ἀλόγοις
1250 5068 1433 5137 ζώοις,
1467 5072 1592 5126 καθ’
1616 5073 1682 5145 ῆν
1704 5074 1805 5145 τῆς

234 5160 433 5223 οἰκείας
474 5160 751 5232 σωτηρίας
772 5161 1123 5233 ’ἀπειλήφασι
1156 5165 1257 5232 τὴν
1299 5162 1616 5233 διάγνωσιν.
1649 5162 1805 5221 Οἶδεν

236 5253 265 5323 ή
321 5252 497 5324 σηπία
522 5253 622 5323 τῆς
651 5253 848 5324 ἀχλύος
906 5252 969 5307 τδ
1014 5253 1277 5326 σόφισμα,
1339 5255 1433 5310 καί
1474 5274 1578 5311 που
1634 5257 1806 5330 θηρα-

232 5348 341 5410 ταῖς
399 5347 669 5419 ἁορασίαν
724 5345 902 5417 ἄγρας
940 5347 1200 5411 πολλάκις
1267 5348 1547 5423 ἐνέθηκεν.
1579 5347 1704 5407 Οἵδε
1739 5354 1810 5408 τὰ

1907 5078 2138 5134 aﬂectos
2170 5077 2238 5132 de
2269 5072 2406 5131 lo'cis
2438 5068 2720 5130 consuetis
2749 5072 3015 5144 aufugere
3040 5114 3057 5138 ,
3113 5074 3207 5129 sed
3236 5074 3339 5132 hoc
3382 5076 3503 5147 ipso

1908 5173 2142 5226 maxima
2185 5164 2538 5242 providentia
2602 5166 2708 5222 sibi
2761 5169 3102 5238 prospicere.
3172 5167 3306 5224 Nam
3358 5170 3502 5226 inest

1905 5261 2073 5319 etiam
2105 5262 2284 5318 brutis
2313 5258 2690 5316 animantibus
2720 5272 2919 5313 sensus
2970 5259 3219 5330 quidam,
3278 5260 3345 5315 de
3391 5275 3501 5330 quo

1882 5361 2018 5412 'suae
2032 5356 2229 5411 ’salutis
2250 5342 2620 5426 cognitionem
2647 5352 2933 5408 hauriunt.
2971 5351 3134 5408 Novit
3152 5353 3302 5425 sepia
3327 5361 3502 5407 semet

235 5441 573 5513 γαμψώνυχα
608 5436 723 5516 τὴν
747 5438 831 5495 διὰ
869 5441 976 5496 τῶν
997 5442 1204 5514 ὀνύχων
1249 5444 1410 5516 ἀκήν.
1446 5441 1602 5500 Οἶδεν
1645 5449 1674 5501 6
1707 5447 1806 5501 λα·
1872 5452 1883 5458 ’

1908 5449 2242 5506 obscurandi
2268 5446 2587 5513 artiﬁcium,
2609 5461 2673 5502 ac
2702 5460 2848 5517 saepe
2882 5461 2963 5504 snc
2996 5448 3361 5518 piscatoribus
3394 5446 3497 5499 int-

388 5535 478 5590 διὰ
504 5504 603 5589 τοῦ
618 5504 946 5605 δρόμουκαὶ
975 5537 1074 5606 τῆς
1092 5504 1209 5592 τῶν
1231 5504 1410 5593 ποδῶν
1431 5539 1691 5613 ὀξύτητος
1713 5560 1797 5596 κυ-

1911 5543 2071 5614 ponit
2102 5549 2162 5596 ut
2201 5540 2438 5612 amplius
2466 5549 2684 5610 captam
2715 5541 2786 5595 ab
2815 5555 2874 5596 se
2906 5504 3146 5610 praedam
3175 5536 3497 5607 consliicerc

234 5628 471 5696 νηγετῶν
502 5626 796 5692 ἐπιϐουλάς
845 5624 1296 5700 ἀποπέμπεσθαι.
1333 5628 1489 5685 Οἶδεν
1529 5636 1563 5704 ἡ
1608 5633 1797 5704 ἔλαφος

1913 5641 2210 5704 nequeant.
2265 5633 2480 5687 Norunt
2507 5647 2571 5688 ea
2604 5632 2807 5703 quibus
2843 5622 3048 5687 adunci
3094 5626 3223 5685 sunt
3261 5642 3493 5696 ungues,

235 5721 648 5792 ἀποκειραμένη
689 5722 757 5774 τὰ
808 5720 1014 5792 κέρατα
1063 5722 1463 5797 ἀσθενεστέραν
1493 5727 1593 5799 τὴν
1643 5727 1797 5798 φύσιν

1911 5732 1977 5784 ad
2028 5724 2162 5798 quid
2212 5739 2403 5801 eorum
2461 5740 2671 5798 ungues
2719 5733 2984 5798 prodesse
3038 5722 3268 5794 possint.
3329 5713 3495 5778 Novit

292 5874 359 5907 “‘
391 5876 535 5931 Psal.
572 5890 761 5945 CXVIII,
797 5876 850 5933 θ.
