4008 6434
509 411 610 475 1ἓό

1772 403 1822 460 Μ
1840 400 2192 460 [CHAEIJS
2231 397 2491 460 ϐῐΧΟᾹΞ
2547 437 2555 447 -

3649 395 3746 458 1:4

508 523 663 590 lepus
691 532 855 572 cursu
903 517 1214 586 pedumque
1266 514 1550 570 celeritate
1599 527 1918 567 venatorum
1952 510 2086 564 insi-

2216 509 2495 578 ιμὺνεσθαι
2545 509 2669 570 τοὺς
2702 507 3042 580 λυπήσοντας
3065 522 3081 539 ο
3119 507 3317 560 οὐκοῦν
3342 507 3749 576 άποκριιπτετιι

510 613 625 666 dias
655 612 858 668 vitare-
883 609 973 664 Sic
1004 610 1164 662 etiam
1201 623 1361 662 cerva
1385 606 1542 661 novit
1567 604 1784 659 amissis
1811 603 2076 658 cornibus

511 713 760 758 naturam
793 703 1111 758 debiliorem
1165 701 1305 756 tueri
1341 715 1401 755 se
1452 707 1643 754 contra
1687 697 1945 751 laedentes
1976 693 2081 765 55

512 795 658 848 haud
694 809 894 863 posse;
967 801 1303 863 quapropter
1356 790 1506 845 alidit
1541 804 1621 853 se,
1683 788 1858 841 instar
1897 786 2083 838 militis

514 885 798 954 cujusdam
829 884 1082 950 inermis,
1110 883 1203 952 qui
1229 882 1370 936 hosti
1403 896 1461 936 se
1487 881 1726 950 objicere
1757 893 1865 931 non
1897 877 2082 932 audet.

515 975 789 1030 Caeterum
819 977 967 1030 solus
1001 990 1202 1030 cervus
1236 972 1489 1028 utilitatis
1530 987 1642 1025 suaa
1667 984 1831 1024 causa
1865 969 2116 1038 deponit.

518 1078 746 1126 cornua,
801 1063 1258 1133 quemadmodam
1312 1061 1636 1115 Aristoteles
1678 1059 1879 1126 inquit.
1953 1056 2086 1111 Nam

519 1168 686 1206 onere
739 1155 888 1225 gravi
943 1155 1258 1208 necessario
1311 1168 1369 1208 se
1420 1153 1585 1216 levat,
1626 1150 1843 1220 quando
1883 1164 2087 1204 cornua

2189 596 2278 654 οἷα
2305 617 2389 661 τις
2420 601 2526 654 τῶν
2558 601 2908 668 στρατιωτῶν
2936 599 3166 662 ἄνοπλος
3193 597 3382 661 δεδιὼς
3415 599 3753 666 παρατάττε-

2189 694 2334 746 σθαι.
2369 693 2520 763 Μόνη
2551 693 2606 748 δὲ
2634 693 2666 763 ἡ
2697 693 2894 762 ἔλαφος
2923 691 3289 746 άποϐάλλεται
3320 692 3388 744 τὰ
3424 689 3629 760 κέρατα
3657 691 3754 758 χά-

2191 800 2277 853 ριν
2307 785 2595 852 ὠφελείας.
2623 785 2699 848 ὡς
2739 783 3118 854 Ἀριστοτέλης
3148 785 3283 853 φησί
3301 797 3317 813 ⁶
3365 781 3530 852 βάρος
3563 784 3669 851 γὰρ
3700 781 3758 844 ἔξ

2189 877 2436 946 ἀνάγκης
2481 876 2821 945 κουφίζεται,
2853 877 2988 930 διότι
3019 876 3113 930 καὶ
3139 876 3310 930 ναστὰ
3335 874 3509 928 ταῦτα
3540 875 3609 928 δι’
3633 876 3759 928 ὅλου

2191 967 2466 1036 τυγχάνει.
2509 968 2632 1020 Τῶν
2692 967 2738 1020 δ’
2798 967 2975 1021 ἄλλων
3029 971 3099 1021 τὰ
3145 968 3350 1036 κέρατα
3399 969 3566 1037 μέχρι
3617 966 3808 1038 τινὸς.

2194 1057 2375 1122 κοῖλα,
2413 1058 2482 1111 τὰ
2508 1057 2554 1110 δ’
2584 1056 2730 1129 ἄκρα
2763 1057 2962 1130 στερεὰ
2989 1057 3078 1112 διὰ
3116 1058 3178 1110 τὸ
3211 1038 3334 1120 ταῖς
3356 1057 3596 1127 πληγαῖς
3629 1072 3763 1126 χρη-

2197 1165 2463 1218 σιμευειν.

519 1265 802 1303 cervorum
873 1266 1097 1320 prorsus
1163 1265 1332 1304 vacua
1405 1265 1516 1303 non
1572 1247 2108 1318 sunt.{Ca:terorum
2145 1245 2362 1315 quidem
2429 1245 2746 1302 animalium
2787 1262 2993 1303 cornua
3027 1255 3156 1302 sunt
3199 1245 3554 1316 aliquousque
3613 1258 3769 1308 cava,

522 1355 645 1394 cum
677 1349 936 1395 extrema:
967 1351 1148 1411 partes
1179 1341 1444 1396 exsistant
1469 1340 1673 1403 solidae,
1701 1339 1900 1409 quibus
1931 1338 2142 1392 scilicet
2183 1338 2323 1392 ictus
2354 1340 2651 1408 excipiunt.

595 1430 709 1485 Hoc
737 1446 953 1500 quoque
979 1431 1312 1500 cognoscito,
1345 1431 1463 1500 ejus
1496 1431 1756 1485 aromatis
1779 1429 1922 1500 quod
1983 1445 2104 1482 mu-

527 1539 682 1579 scum
705 1524 958 1587 dicimus,
979 1533 1226 1577 auctores
1248 1537 1366 1579 esse
1383 1537 1574 1576 cervos
1598 1523 1717 1576 illos
1739 1521 1831 1591 qui
1858 1529 2099 1574 montem

528 1613 696 1666 Indiae
721 1611 1012 1682 quemdam
1053 1613 1319 1666 incolunt.
1382 1613 1515 1665 Nam
1547 1611 1960 1666 celeberrimum
1993 1611 2098 1664 hoc

528 1717 717 1756 aroma
751 1701 884 1754 nihil
916 1710 1000 1755 est
1035 1701 1182 1755 aliud
1215 1717 1375 1770 quam
1405 1716 1694 1756 cervorum
1729 1701 1970 1771 sanguis,
2006 1699 2099 1768 qui

528 1795 594 1848 de
630 1793 886 1848 umbilico
941 1804 1099 1863 rupto
1125 1794 1401 1863 proﬂuxit.
1463 1793 1620 1848 Hunc
1649 1794 1725 1848 illi
1755 1794 2016 1848 extremis
2048 1794 2100 1846 in

517 1887 776 1956 partibus
793 1885 991 1940 montis
1026 1886 1280 1954 rejicinnt
1305 1885 1456 1955 quasi
1484 1884 1754 1954 quoddam
1781 1899 2102 1950 excremen-

532 1985 666 2030 tum.
727 1973 972 2044 Cumque
999 1975 1298 2044 colligitur,
1355 1974 1501 2028 nulla
1537 1987 1660 2043 pars
1712 1972 1830 2042 ejus
1882 1971 2105 2026 odorem

529 2077 746 2138 gratum
792 2068 976 2122 habet.
1041 2065 1238 2120 Verum
1278 2066 1368 2119 ubi
1422 2073 1547 2135 post
1597 2064 1858 2133 temporis
1887 2063 2108 2133 aliquod

527 2156 770 2227 spatium
819 2157 1112 2226 inquiritur
1151 2165 1205 2211 et
1241 2157 1374 2210 alias
1413 2157 1480 2211 ad
1513 2166 1686 2211 terras
1720 2155 1958 2210 delatum
2004 2165 2108 2220 est,

529 2259 642 2304 tum
679 2249 879 2304 deinde
920 2248 1275 2318 fragrantiam
1318 2248 1464 2302 illam
1505 2248 1696 2318 spirat.
1760 2247 1930 2302 Aiunt
1973 2247 2102 2302 item

530 2354 768 2403 cervam,
805 2340 933 2394 dum
969 2339 1224 2394 tibiarum
1303 2354 1439 2394 sono
1468 2346 1524 2393 et
1570 2337 1912 2393 tintinabnlis
1957 2338 2106 2394 dele-

533 2441 738 2493 ctatur,
822 2439 1093 2485 astantem
1149 2446 1322 2499 prope
1371 2431 1711 2501 sagittarium
1735 2445 1844 2484 non
1891 2445 2117 2487 cernere

537 2522 863 2592 sagittisque
893 2521 1118 2592 conligi.
1154 2520 1246 2576 Sic
1283 2537 1384 2578 nos
1412 2537 1650 2592 quoque,
1699 2521 1829 2577 dum
1868 2523 2117 2592 volupta-

538 2613 686 2667 tibus
714 2614 877 2682 hujus
909 2613 1099 2668 mundi
1133 2613 1288 2683 quasi
1325 2613 1561 2668 modulis
1586 2612 1918 2682 quibusdam
1951 2613 2116 2668 tibia-

537 2715 656 2753 rum
689 2699 1048 2766 oblectamur,
1083 2700 1456 2756 adversarium
1493 2709 1742 2756 nostrum
1775 2702 1940 2770 plane
1978 2719 2113 2758 nus-

535 2805 697 2856 quam
731 2791 1032 2857 cernimus,
1108 2793 1586 2862 inaspectabilibus
1621 2801 1813 2847 contra
1855 2809 1956 2849 nos
1994 2795 2114 2850 telis

2273 1429 2517 1498 Είνωσκε
2549 1431 2604 1484 δὲ
2647 1431 2823 1495 τοῦτο,
2858 1431 2940 1485 ὅτι
2975 1431 3298 1500 γεννήτορες
3347 1429 3441 1483 τοῦ
3480 1429 3773 1498 ἀρώματος

2203 1522 2407 1592 μόσχου
2463 1523 2514 1575 οῖ
2563 1524 2622 1574 ἔν
2660 1523 2819 1590 Ἰνδίᾳ
2852 1526 3142 1592 νεμόμενοι
3189 1521 3396 1591 ἔλαφοι.
3444 1520 3616 1576 Οὐδὲν
3668 1520 3773 1589 γὰρ

2198 1612 2387 1681 ἔτερόν
2430 1615 2544 1666 ἔστι
2589 1614 2650 1668 τὸ
2676 1613 3116 1685 πολυθρύλλητον
3148 1615 3308 1667 τοῦτο
3337 1614 3538 1684 ἄρωμα
3564 1613 3596 1682 ἢ
3639 1607 3774 1678 αἷμα

2198 1703 2398 1770 ἐλάφου
2421 1705 2920 1773 ἐσπαργανωμένον
2958 1707 3015 1758 ὲν
3042 1705 3118 1773 τῷ
3143 1704 3372 1775 ὀμφαλῷ
3392 1720 3406 1735 ⁶
3439 1706 3567 1772 περὶ
3592 1705 3778 1770 μάντοι

2203 1794 2273 1846 τά
2317 1795 2444 1865 τέλη
2475 1794 2568 1847 τοῦ
2607 1795 2769 1866 ἔαρος
2810 1797 3059 1866 ρίπτεται
3105 1795 3295 1866 ὥσπερ
3329 1813 3384 1849 τι
3429 1796 3772 1865 περίττωμα.

2207 1885 2416 1946 Εὑῶδες
2457 1885 2611 1939 οὐδέν
2648 1903 2702 1938 τι
2759 1886 2928 1956 μέρος
2980 1887 3146 1940 αὐτοῦ
3183 1886 3615 1954 συλλεγόμενονο
3669 1883 3778 1937 ἀλλ’

2204 1977 2428 2030 ἐπειδὰν
2458 1979 2636 2048 χρόνῳ
2669 1979 2940 2048 ταμιευθῇ
2975 1981 3068 2032 καὶ
3098 1981 3177 2042 είς
3203 1980 3398 2048 ἑτέραν
3428 1978 3665 2047 ἤπειρον
3694 1993 3782 2044 με·

2204 2069 2538 2138 τακομισθῆ,
2589 2069 2893 2138 τηνικαῦτα
2930 2071 2991 2124 τὸ
3043 2069 3244 2132 εὐῶδες
3301 2068 3518 2138 πνεῦμα
3567 2066 3782 2136 ἀφίησι.

2207 2160 2440 2227 Λέγεται
2479 2161 2536 2213 δὲ
2574 2161 2657 2216 δτι
2686 2163 2718 2231 ἠ
2760 2161 2956 2231 ἔλαφος
2997 2161 3300 2230 θελγομένη
3329 2162 3448 2232 ἤχῳ
3481 2159 3666 2213 αὐλῶν
3697 2159 3786 2212 καὶ

2210 2251 2496 2320 κροτάλοις
2523 2253 2612 2304 τδν
2641 2253 2808 2320 ἐγγὺς
2835 2253 3058 2323 τοξότην
3091 2254 3188 2323 οὐχ
3217 2255 3316 2324 ὁρᾷ
3347 2255 3440 2305 καὶ
3477 2251 3780 2315 τοξεῦεται.

2213 2345 2374 2398 Οὕτω
2407 2347 2499 2399 καὶ
2527 2348 2689 2415 ἡμεῖς
2725 2347 2830 2399 ὑπὸ
2862 2347 2971 2398 τῶν
3009 2344 3100 2398 τοῦ
3129 2347 3336 2414 κόσμου
3368 2343 3620 2413 τερπνῶν
3657 2359 3786 2394 κατ-

2212 2436 2536 2506 αυλούμενοι
2602 2437 2840 2506 οὐδαμοῦ
2886 2434 3208 2505 συνορῶμεν
3239 2433 3329 2488 τὸν
3368 2431 3493 2487 καθ’
3519 2434 3675 2503 ἡμᾶς
3701 2431 3786 2484 ao-

2219 2529 2403 2597 ράτοις
2461 2526 2638 2596 βέλεσι
2697 2526 3000 2598 χρώμενον.
3062 2525 3223 2580 Ἀλλὰ
3265 2525 3360 2578 καὶ
3408 2522 3652 2592 συνεχῶς
3707 2520 3793 2573 ἔπὶ

2211 2618 2399 2689 δρόμῳ
2429 2619 2532 2688 τὴν
2566 2617 2766 2687 ἔλαφον
2802 2617 2873 2670 τὰ
2892 2617 3064 2672 τέκνα
3088 2614 3389 2685 γυμνάζειν
3417 2612 3588 2681 αὐτῆς
3609 2611 3768 2675 λέγον

2213 2725 2288 2760 σι.
2327 2707 2498 2761 Τοῦτο
2527 2709 2583 2761 δὲ
2615 2709 2935 2779 ᾠκονόμησε
2971 2709 3190 2770 πάντως
3227 2709 3255 2759 ὁ
3275 2705 3408 2768 Θεδς
3433 2705 3560 2766 τοὺς
3582 2704 3785 2773 νωθρο·

2211 2801 2402 2869 τέρους
2437 2803 2725 2872 ἐντρέπειν
2753 2803 2954 2868 γονεῖς.

537 2891 802 2937 utentem.
864 2883 1133 2940 Praeterea
1173 2883 1400 2940 tradunt
1443 2899 1662 2939 cervam
1712 2884 1936 2940 assiduo
1971 2884 2117 2942 fetus
2155 2903 2286 2946 suos
2349 2907 2514 2948 cursu
2541 2907 2824 2948 exercere.
2882 2892 3065 2947 Voluit
3111 2893 3235 2962 ,ιιοο
3303 2889 3529 2945 omnino
3563 2889 3644 2945 sic
3672 2884 3796 2958 ﬁeri

538 2979 703 3044 Deus,
733 2988 794 3034 ut
819 2979 1143 3049 parentibus
1175 2980 1385 3050 ignavis
1414 2981 1680 3048 pudorem
1721 2980 2013 3035 incuteret.

611 3073 710 3126 llic
771 3087 988 3142 quoque
1038 3069 1131 3126 Dei
1177 3071 1580 3142 providentiam
1627 3083 1928 3138 curamque
1979 3069 2114 3124 mihi

2301 3071 2444 3126 Ἀλλ’
2503 3074 2604 3143 ὅρα
2649 3073 2930 3128 κάνταῦθα
2980 3073 3311 3145 κηδεμονίαν
3359 3074 3518 3130 Θεοῦ.
3579 3063 3796 3136 Ἐπειδὴ

542 3162 917 3218 considerato.
974 3161 1112 3216 Cum
1141 3161 1340 3216 animal
1376 3161 1481 3215 hoc
1511 3161 1759 3215 timidum
1796 3161 1868 3215 sit
1897 3175 1962 3215 ac
1990 3177 2116 3230 pro-

2221 3165 2329 3236 γὰρ
2361 3167 2512 3220 τουτὶ
2560 3166 2622 3219 τὸ
2653 3166 2810 3231 ζῶον,
2841 3169 2873 3238 ἠ
2905 3167 3101 3236 ἔλαφος
3154 3168 3419 3238 δηλονότι,
3445 3169 3624 3224 δειλόν
3657 3175 3787 3233 ἐστι,

556 3263 748 3321 pterea
781 3267 1060 3320 nunquam
1108 3267 1219 3305 non
1262 3257 1451 3304 utatur
1502 3264 1692 3316 cursu,
1731 3250 1894 3305 talem
1941 3266 2116 3307 cervas

2228 3260 2323 3312 καὶ
2356 3259 2445 3313 διὰ
2477 3259 2635 3312 τοῦτο
2666 3236 2871 3328 φυγαῖς.
2891 3261 2979 3312 ἀεί
3019 3275 3148 3313 ποτε
3178 3236 3464 3331 κέχρηται,
3529 3277 3797 3332 προκατε-

543 3353 883 3398 structuram
951 3343 1095 3396 Deus
1159 3341 1362 3406 ellecit,
1403 3350 1462 3394 ut
1513 3341 1656 3397 fetus
1699 3357 1828 3398 suos
1871 3343 1924 3396 in
1970 3351 2126 3396 utero

543 3435 685 3488 citra
738 3432 1040 3502 periculum
1083 3432 1251 3486 ullum
1301 3441 1478 3502 gestet
1525 3447 1590 3486 ac
1642 3433 1896 3488 retineat.
1975 3433 2129 3488 Patet

547 3524 654 3578 hoc
682 3524 751 3579 de
783 3524 888 3578 illis
917 3524 1080 3578 etiam
1117 3540 1235 3592 qua:
1261 3522 1384 3579 Jobi
1411 3523 1536 3578 libri
1567 3525 1943 3580 continentur.
1991 3525 2126 3580 Nam

547 3615 619 3670 ad
649 3615 824 3669 virum
861 3613 1014 3668 illum
1060 3615 1303 3681 beatum,
1354 3631 1478 3669 cum
1524 3615 1832 3685 disceptare
1862 3632 1986 3672 cum
2019 3615 2130 3672 Deo

547 3707 736 3770 vellet,
772 3707 915 3759 inter
951 3705 1055 3758 alia
1087 3705 1233 3760 Deus
1266 3705 1371 3760 hoc
1411 3721 1628 3776 quoque
1672 3706 1914 3776 profert:
1979 3705 2129 3760 «Tun

548 3795 855 3854 observasti
903 3806 1095 3865 partus
1139 3810 1449 3863 cervarum,
1490 3811 1779 3851 mensesve
1829 3797 2131 3852 numerasti

551 3888 753 3956 quibus
786 3895 1003 3940 uterum
1035 3883 1217 3940 ferunt
1235 3885 1352 3939 ⁸⁸2»
1401 3886 1533 3940 Mira
1562 3897 1711 3944 certe
1757 3902 1846 3942 res
1884 3898 1992 3952 est,
2040 3887 2132 3956 qui

559 3975 652 4027 liat
707 3985 768 4028 ut
813 3990 976 4029 cerva
1029 3974 1248 4046 fugiens
1309 3990 1374 4030 ac
1423 3984 1710 4046 tantopere
1764 3977 1966 4031 saliens
2023 3991 2133 4032 non

555 4065 814 4120 abortiat.

629 4179 742 4235 [Ioc
777 4180 941 4235 etiam
977 4189 1170 4249 praeter
1197 4181 1304 4252 jam
1333 4179 1574 4235 indicata
1605 4178 1672 4234 de
1704 4193 1870 4234 cervo
1897 4194 2139 4235 comme-

557 4281 822 4337 moratur,
855 4274 1000 4342 quod
1032 4271 1246 4326 narium
1285 4272 1478 4342 spiritu
1509 4279 1800 4340 serpentes
1843 4285 1875 4326 e
1905 4271 2138 4328 latebris

555 4364 677 4421 suis
700 4365 954 4419 extrahat
981 4373 1145 4434 atque
1195 4365 1440 4420 devoret.
1500 4361 1712 4417 Veneni
1755 4373 1938 4418 autem
1986 4373 2136 4418 metu

548 4458 771 4514 cancris
821 4457 1084 4524 vescitur,
1142 4472 1315 4527 eaque
1361 4455 1572 4512 ratione
1615 4455 1930 4512 detrimenti
1993 4457 2135 4512 nihil

565 4549 784 4618 accipit.

634 4641 796 4696 Fiber
823 4656 948 4695 cum
985 4655 1014 4693 a
1048 4637 1406 4694 venatoribus
1438 4647 1665 4709 urgetur
1691 4640 2147 4708 persequentibus

559 4734 745 4803 ipsum
784 4731 1103 4803 genitalium
1158 4729 1531 4784 membrorum
1582 4743 1771 4794 causa,
1803 4745 1993 4798 .seque
2036 4745 2146 4784 non

559 4837 862 4879 evasurum
894 4819 1323 4885 animadvertit,
1369 4819 1619 4888 prarcidit
1664 4833 1728 4873 ea
1753 4858 1768 4884 ,
1793 4820 2147 4890 venatorique

569 4916 786 4986 objicit.
829 4911 1036 4979 Quodsi
1079 4909 1382 4965 secundum
1412 4909 1518 4965 hoc
1547 4910 1688 4965 alius
1721 4909 1941 4980 quidam
1975 4926 2144 4966 vena-

563 5017 656 5061 tor
695 5005 954 5060 eumdem
989 5010 1368 5072 persequatur,
1401 5000 1657 5070 supinum
1689 5011 1866 5056 semet
1911 5001 2100 5070 abjicit
2127 5021 2142 5068 ;

563 5101 639 5152 de
671 5112 780 5164 quo
803 5103 1030 5148 venator
1056 5092 1443 5147 animadverso
1467 5092 1792 5148 necessariis
1819 5107 1943 5148 eum
1972 5107 2148 5148 mem-

2237 3352 2506 3404 σκεύασεν
2536 3352 2706 3422 αὐτὴν
2733 3351 2762 3403 ὁ
2779 3351 2910 3414 Θεὸς
2936 3350 3078 3404 ὥστε
3115 3354 3518 3424 παρακαιέχειν
3541 3355 3796 3424 ἀσφαλῶς

2231 3443 2288 3494 ἔν
2339 3443 2407 3510 τῇ
2456 3441 2641 3510 μήτρᾳ
2689 3440 2756 3494 τὰ
2809 3441 3006 3508 ἔγγονα
3039 3441 3232 3511 αὐτῆς.
3269 3443 3378 3496 Kal.
3413 3442 3575 3512 δῆλον
3609 3445 3668 3496 ἐν
3699 3445 3800 3504 τοῖς

2231 3532 2338 3586 τῶν
2370 3532 2776 3601 περιεχομένων
2799 3530 2875 3600 τῷ
2915 3531 3036 3584 Ἰὼὸ
3063 3533 3142 3602 τῷ
3191 3534 3447 3603 μακαρίῳ
3486 3535 3686 3606 ἐκείνῳ
3713 3536 3798 3588 ἁν-

2231 3625 2340 3696 δρί.
2394 3627 2712 3697 Τηνικαῦτα
2759 3627 3014 3698 κριθῆναι
3071 3630 3208 3697 μετὰ
3260 3628 3395 3680 Θεοῦ
3450 3627 3664 3697 ἐζήτει,
3719 3629 3805 3682 καὶ

2232 3718 2356 3772 τάδε
2388 3719 2523 3785 πρὸς
2555 3721 2665 3783 τοῖς
2709 3718 2891 3783 ἄλλοις
2929 3720 3116 3788 ἔλεγεν
3151 3721 3180 3773 ὁ
3227 3720 3392 3784 Θεόςο
3429 3738 3448 3772 ι
3505 3716 3804 3791 Ἐφύλαξας

2233 3810 2431 3874 ὠδῖνας
2471 3810 2707 3879 ἐλάφων,
2735 3811 3047 3882 ἠρίθμησας
3076 3811 3131 3864 δὲ
3157 3811 3332 3882 μῆνας
3358 3811 3540 3864 αὐτῶν
3582 3814 3806 3882 πλήρεις

2233 3899 2492 3964 τοκετοῦ;
2531 3919 2551 3952 ι
2585 3899 2780 3970 Θαῦμα
2817 3901 2910 3952 καὶ
2947 3901 3056 3968 γὰρ
3087 3900 3202 3962 πῶς
3225 3902 3259 3970 ἡ
3305 3899 3503 3969 ἔλαφος
3532 3900 3805 3970 φεύγουσα

2238 3994 2334 4047 καὶ
2353 3993 2446 4045 ἐπὶ
2463 3992 2722 4047 τοσοῦτον
2757 3991 2983 4061 πηδῶσα
3015 3993 3114 4044 οὐκ
3149 3991 3489 4062 ἀμὸλὼσκσι.

2308 4171 2452 4241 Προςς
2495 4186 2560 4238 γε
2603 4172 2715 4233 τοῖς
2763 4169 3079 4240 εἰρημένοις
3115 4169 3212 4223 καὶ
3251 4169 3409 4224 τοῦτο
3453 4169 3586 4240 περὶ⁸
3615 4171 3807 4239 ἐλάφου

2238 4261 2510 4330 λέγουσιν,
2557 4263 2650 4314 ’ὅτι
2705 4262 2815 4315 τῶν
2844 4261 3010 4332 ῥινῶν
3052 4261 3326 4333 πνεύματι
3371 4263 3640 4332 ἀναφέρει
3695 4263 3813 4324 τοὺς

2239 4354 2392 4424 ὄφεις
2436 4353 2544 4407 ἀπὸ
2575 4352 2671 4406 τοῦ
2709 4353 2920 4420 φωλεοῦ
2962 4354 3053 4406 καὶ
3109 4354 3410 4419 κατεσθίει,
3446 4355 3524 4424 τῷ
3563 4354 3718 4424 φόϐῳ
3761 4353 3813 4406 δὶ

2241 4447 2332 4501 τοῦ
2364 4447 2444 4502 ίοῦ
2479 4446 2769 4518 καρκίνους
2810 4445 2979 4498 ἐσθίει
3010 4445 3105 4498 καὶ
3135 4446 3196 4499 οὐ
3227 4445 3546 4516 βλάπτεται.

2166 4565 2221 4627 ἰ)

2328 4626 2388 4678 '0
2416 4625 2476 4679 δέ
2526 4641 2591 4692 γε
2621 4626 2844 4694 κάστωρ
2874 4626 3002 4679 ὅταν
3051 4623 3156 4676 ὑπὸ
3204 4623 3524 4693 κυνηγετῶν
3550 4623 3814 4694 διώκηται

2242 4715 2332 4770 διὰ
2359 4715 2429 4768 τὰ
2470 4715 2764 4784 γεννητικὰ
2795 4714 2963 4768 αὑτοῦ
3003 4714 3191 4783 μόρια,
3245 4713 3342 4766 καὶ
3370 4712 3483 4783 γνῷ
3516 4714 3599 4765 ὅτι
3653 4729 3817 4764 κατα-

2242 4807 2602 4875 λαμϐάνεται,
2634 4805 2827 4858 κόπτει
2872 4803 3046 4857 ταῦτα
3083 4805 3177 4857 καὶ
3213 4803 3397 4872 ῥίπτει
3441 4802 3520 4872 τῷ
3571 4799 3812 4871 κυνηγῷ.

2247 4898 2309 4951 Ei
2338 4896 2392 4948 δὲ
2424 4895 2520 4948 καὶ
2557 4895 2695 4964 μετὰ
2743 4893 2921 4949 ταῦτα
2971 4891 3105 4963 παρ’
3139 4893 3331 4960 ἑτέρου
3369 4892 3627 4945 διώκεται
3655 4906 3817 4956 κυνη-

2245 4987 2369 5056 γοῦ,
2407 4986 2592 5056 ῥίπτει
2641 4987 2835 5039 ἑαυτὸν
2867 4983 3092 5036 ῦπτιονυ
3145 4983 3240 5036 καὶ
3270 4985 3471 5052 νοήσας
3501 4981 3750 5035 ἐντεῦθεν
3787 4981 3813 5029 ὁ

2247 5078 2484 5146 κυνηγὸς
2512 5077 2595 5129 ὃτι
2637 5077 2916 5142 ἀναγκαῖα
2966 5075 3068 5127 οὐκ
3111 5073 3249 5143 ἔχει,
3289 5074 3568 5142 ἀναχωρεῖ
3597 5070 3694 5124 ἀπ’
3723 5071 3814 5122 αὐ-

569 5188 688 5242 bris
715 5184 964 5248 destitui,
1001 5185 1229 5239 missum
1266 5181 1421 5238 facit.
2245 5169 2366 5223 τοῦ.

647 5278 756 5349 56
784 5275 964 5342 Quaeri
997 5285 1052 5330 et
1081 5275 1186 5330 hoc
1216 5275 1374 5342 solet,
1426 5275 1778 5345 quamobrem
1816 5275 1870 5329 in
1905 5274 2113 5344 quadru

2324 5262 2446 5314 Ἔτι
2473 5260 2531 5314 δὲ
2561 5259 2656 5313 καὶ
2701 5257 2859 5312 τοῦτο
2897 5256 3104 5326 ζητεῖς,
3138 5256 3418 5326 ἀγαπητὶ,
3447 5258 3591 5316 τίνος
3633 5253 3816 5307 ἕνεκεν

567 5342 806 5439 ped—ibus
842 5381 906 5422 ac
959 5366 1186 5436 reliquis
1221 5342 1563 5422 animali—bus
1588 5342 2007 5436 simpliciter—ac
2034 5364 2116 5434 ple

2249 5355 2342 5409 ἐπὶ
2379 5353 2487 5406 τῶν
2529 5351 2878 5421 τετραπόδων
2923 5351 3019 5404 καὶ
3056 5349 3164 5402 τῶν
3191 5348 3396 5402 λοιπῶν
3444 5347 3600 5412 ζώων
3637 5342 3820 5404 ἁπλῶς

567 5431 808 5526 rumque
864 5455 1009 5512 fetus
1068 5431 1362 5526 parentum
1427 5431 1842 5513 similitudinem
1911 5431 2116 5509 refer-an

2249 5448 2318 5500 τὰ
2351 5446 2547 5514 ἔγγονα
2577 5444 2688 5505 τοῖς
2721 5440 2973 5510 γονεῦσιν
3005 5441 3304 5510 ὁμοιότητα
3331 5439 3611 5507 φέρουσιν,
3647 5434 3740 5488 ἐπὶ
3767 5431 3821 5483 δὲ

567 5551 748 5622 magis
805 5564 968 5619 quam
1002 5551 1057 5603 in
1090 5549 1449 5605 hominibus?
1505 5549 1774 5614 Quoniam
1809 5547 1974 5602 homo
2002 5546 2116 5600 vari

2251 5539 2361 5592 τῶν
2388 5535 2694 5606 ἀνθρώπων
2728 5534 2790 5586 οὐ
2839 5531 3133 5596 τοσοῦτον;
3161 5531 3306 5584 Διότι
3339 5531 3368 5582 δ
3399 5530 3500 5600 μὲν
3542 5526 3822 5596 ἄνθρωπος

565 5620 862 5696 consuevit
904 5640 1130 5697 affectus
1161 5655 1284 5696 esse
1333 5640 1542 5704 animo,
1575 5641 1735 5695 etiam
1765 5641 1884 5708 ipso
1907 5651 2116 5694 venere;

2256 5628 2539 5698 πολλαχῶς
2563 5625 2863 5679 διατίθεται
2887 5622 2984 5694 τὴν
3008 5623 3185 5693 ψυχὴν
3211 5623 3269 5675 ὲν
3285 5621 3439 5700 ταύτῷ
3465 5620 3540 5690 τῷ
3576 5620 3677 5684 τῆς
3706 5628 3822 5665 σνν-

643 5811 689 5840 ⁵³
721 5807 825 5864 Job
865 5823 1050 5868 χχχιι,
1089 5808 1136 5860 l.
