4008 6430
212 394 304 462 ίΞδ

1475 406 1883 468 ANNALIUM
1927 406 2119 466 rans
2159 407 2208 468 Ι.
3066 389 3090 422 ’

3354 412 3456 476 126

204 518 394 587 αφείας
449 519 629 592 καιρῷ
648 538 660 551 ·
693 521 872 586 καθὼς
895 523 986 578 οῦν
1015 527 1044 578 ὃ
1093 541 1153 577 τε
1183 523 1366 596 πατὴρ
1407 524 1503 578 καὶ
1531 525 1574 596 ήν
1598 525 1782 598 μήτηρ

1885 523 2300 579 consuetudinis
2320 529 2584 594 tempore.
2608 522 2775 594 Igitur
2798 530 2958 592 prout
2985 529 3096 578 tam
3121 533 3276 597 pater
3301 543 3464 599 quam

204 611 544 676 διατεθῶσιν,
577 614 720 668 οὕτω
745 615 1083 670 ποικίλλεται
1117 619 1214 670 καὶ
1242 617 1312 670 τὰ
1349 617 1668 686 τικτόμενα.
1701 617 1783 670 Τὰ

202 702 257 756 δὲ
286 702 450 757 λοιπὰ
487 703 606 767 ζῶα
644 705 832 760 καθθτι
860 707 1012 760 οὐδὲν
1043 707 1232 780 ἕτερον
1269 710 1610 764 διανοοῦνται
1638 709 1781 764 κατά

203 814 262 865 γε
290 796 384 849 τδν
409 797 510 866 τῆς
546 798 843 867 συναφείας
876 798 1093 870 καιρὸν,
1128 800 1267 854 κατὰ
1289 800 1448 854 τοῦτο
1473 802 1570 855 καὶ
1596 801 1666 854 τὰ
1694 799 1786 868 ἐγ-

207 904 336 957 γονα
366 892 716 944 παντάπασιν
754 894 918 961 ὅμοια
962 893 1261 948 τίκτουσιν.
1308 896 1401 966 Μὴ
1437 893 1683 965 θαύμαζε
1725 895 1783 948 δὲ

207 981 320 1046 εἴγε
354 981 507 1051 παρά
546 981 659 1044 τοῖς
709 982 1021 1053 ἀνθρώποις
1055 985 1238 1049 αὐτοῖς
1277 986 1567 1056 ὁμοιώσεις
1597 1002 1658 1039 τε
1687 985 1784 1037 καὶ

207 1069 566 1140 ἀνομοιῶσεις
601 1073 738 1143 πρὸς
785 1077 910 1137 τοὺς
968 1077 1305 1149 γεννήτορας
1348 1077 1418 1131 τὰ
1482 1079 1784 1146 τικτόμενα

208 1161 493 1231 φέρουσιν.
529 1161 655 1217 Οίον
694 1164 794 1236 μὲν
827 1167 936 1238 γὰρ
969 1167 1082 1223 τῶν
1117 1169 1449 1240 σπερμάτων
1473 1170 1532 1224 ἐν
1552 1172 1619 1240 τῇ
1655 1171 1784 1224 ἀνα-

207 1251 406 1322 φΰρσει
436 1255 535 1307 καὶ
561 1254 811 1325 ἀναμίξει
855 1259 1318 1331 ὲπικρατέστερον
1347 1259 1598 1330 γένηται,
1641 1261 1784 1332 πρὸς

208 1345 386 1398 έκεῖνο
419 1346 517 1398 καὶ
550 1347 610 1398 τὺ
653 1346 748 1400 τοῦ
805 1348 1178 1420 πλαττομένου
1224 1349 1365 1416 εἶδος
1402 1353 1557 1423 φέρει
1603 1353 1703 1422 τὴν
1730 1355 1784 1405 ὁ·

215 1437 499 1506 μοιότητα.
534 1438 596 1491 Εί
622 1439 676 1493 δὲ
702 1439 772 1494 τά
805 1442 1097 1510 σπέρματα
1127 1444 1504 1514 συγκραθέντα
1545 1443 1634 1496 ἐπ’
1659 1445 1782 1517 ἴσης

211 1527 321 1598 ἔχει
353 1530 490 1598 πρὸς
524 1529 753 1601 ἄλληλα.
791 1532 912 1586 τότε
939 1532 1000 1586 τὸ
1028 1535 1322 1604 γενόμενον
1351 1535 1475 1606 ἴσην
1501 1535 1619 1607 ἔχει
1643 1537 1783 1606 πρός

209 1636 266 1671 τε
297 1622 358 1672 τὸ
413 1621 544 1688 θῆλυ
584 1625 677 1678 καὶ
720 1625 780 1703 τὸ
813 1624 980 1696 ἇῤῥεν
1034 1627 1136 1697 τὴν
1165 1627 1485 1697 ὁμοιότητα,
1529 1630 1782 1683 τουτέστι

210 1713 698 1783 πατρομητρόμοια
716 1715 785 1768 τὰ
802 1716 1120 1786 γεννώμενα
1145 1722 1414 1772 τίκτεται.
1437 1720 1708 1783 Πολλάκις
1723 1721 1782 1774 δὲ

208 1805 301 1856 καὶ
317 1804 417 1872 τῆς
438 1806 694 1872 γυναικὸς
716 1809 1017 1875 φαντασίαν
1041 1809 1099 1862 ἐν
1115 1812 1232 1874 ταῖς
1253 1811 1492 1880 ὁμιλίαις
1508 1812 1675 1866 λαϐοῦ
1685 1830 1782 1884 σης

207 1891 427 1963 τοῦδεῆ
471 1893 635 1962 τῆσδε
674 1896 808 1966 πρὸς
843 1898 903 1950 τὸ
949 1897 1258 1967 φαπασθέν
1311 1897 1674 1964 ἀπεικάζεται
1721 1901 1780 1954 τὸ

209 1985 514 2053 γινόμενον.
539 1983 606 2040 Ὀ
639 1987 702 2058 δὴ
745 1988 839 2040 καὶ
885 1990 1124 2060 ᾶρῤητόν
1165 2007 1289 2044 τινα
1325 1993 1420 2046 καὶ
1465 1992 1782 2062 θαυμαστὸν

211 2071 322 2142 ἔχει
381 2073 474 2127 τὸν
531 2074 706 2144 λόγον.
740 2078 850 2130 Καὶ
886 2081 1050 2132 ἄκουε
1105 2080 1158 2134 τί
1195 2097 1330 2150 φησι
1390 2082 1781 2153 Διοσκουρίδης

216 2163 338 2234 περί
368 2182 512 2229 τινος
543 2167 903 2237 Στρατονίκου
935 2169 1034 2237 τῆς
1069 2171 1320 2235 Σικελίας
1367 2173 1616 2244 ἀρχηγοῦ
1648 2191 1783 2246 χρη-

217 2247 550 2348 ματίσαντος.
594 2259 830 2324 Ἐκεῖνος
851 2260 958 2330 γὰρ
997 2262 1092 2316 καὶ
1119 2263 1152 2332 ή
1179 2263 1347 2318 αὑτοῦ
1379 2264 1615 2334 σύζυγος
1641 2267 1780 2321 δυσο

215 2348 366 2412 ειδεῖς
417 2349 518 2415 μὲν
569 2349 750 2414 ὄντες,
831 2353 1116 2424 ἐφιέμενοι
1150 2355 1207 2410 δὲ
1265 2357 1500 2411 παιδίων
1556 2358 1781 2412 εὐειδῶν

221 2439 546 2506 χρηματίσαι
591 2442 936 2512 γεννήτορες,
982 2445 1225 2500 τοιοῦτόν
1278 2465 1332 2500 τι
1387 2449 1778 2520 ὲμηχανῶντου

232 2525 442 2599 Ἐὡρων
462 2530 528 2582 τὰ
561 2530 772 2599 εἴδωλα,
803 2533 971 2602 ήγουν
1011 2536 1151 2590 αὐτὰ
1188 2538 1257 2592 τὰ
1311 2539 1631 2610 ἀγάλματα,
1685 2544 1782 2597 καὶ

225 2615 356 2668 οὕτω
392 2618 742 2687 μιγνυμένων
780 2623 959 2677 αὐτῶν
995 2625 1130 2693 πρὸς
1171 2627 1274 2698 τήν
1305 2628 1413 2682 τῶν
1446 2630 1780 2702 ἀγαλμάτων

223 2706 466 2776 ὁμοίωσιν
518 2709 582 2761 τὸ
613 2710 812 2782 βρέφος
864 2714 1048 2779 αὐτοῖς
1099 2717 1469 2776 διεπλάττετο.
1523 2721 1693 2776 Τοῦτο
1724 2723 1782 2778 δὲ

223 2798 309 2850 καὶ
338 2799 428 2853 ἐπὶ
461 2801 640 2854 κυνῶν
685 2804 833 2857 ἐστιν
877 2806 1005 2860 ἰδεῖν
1031 2824 1048 2841 ο
1078 2807 1180 2877 τῆς
1231 2810 1343 2881 γὰρ
1384 2811 1569 2880 ὀχείας
1597 2813 1780 2877 αὐτοῖς

222 2892 498 2963 γινομένης
526 2894 664 2964 πρὸς
688 2895 717 2948 ὃ
744 2896 870 2960 τοὺς
895 2891 1052 2962 ὦπας
1075 2901 1356 2970 ἀπερείσει
1383 2905 1445 2958 τὸ
1465 2904 1620 2977 θῆλυ,
1643 2907 1782 2976 πρὸς

223 2984 382 3037 ἐκεῖνο
409 2987 502 3038 καὶ
523 2987 558 3056 ή
584 2988 842 3057 ὁμοίωσις
872 2990 1104 3058 γίνεται.
1144 2993 1306 3048 ’Δλλά
1338 2996 1448 3068 γὰρ
1479 2997 1570 3052 τὸν
1601 3001 1780 3069 σοφώ-ι

223 3091 372 3129 τατον
399 3076 640 3149 Γαληνὺν
668 3081 996 3154 εὑρίσκομεν
1021 3084 1100 3155 τῷ
1133 3088 1418 3159 κεφαλαίῳ
1457 3091 1595 3161 τῷδε
1626 3110 1780 3148 συνο-

1887 625 2061 670 mater
2119 614 2301 670 allecti
2353 615 2580 680 fuerint,
2627 615 2788 670 etiam
2822 630 2940 685 quae
2969 616 3268 688 gignuntur
3314 624 3465 676 varia

1885 717 2014 762 sunt
2045 723 2109 762 ac
2149 707 2387 762 diversa.
2445 706 2658 762 Caetera
2705 722 2838 762 vero
2885 709 3149 764 animalia
3193 721 3466 781 quatenus

1887 805 2138 868 tempore
2201 798 2463 853 coitionis
2513 799 2660 853 aliud
2718 798 2856 853 nihil
2909 800 3174 871 cogitant,
3235 813 3468 860 eatenus

1883 888 2051 942 etiam
2083 887 2232 943 fetus
2263 889 2489 944 omnino
2516 889 2618 944 sibi
2650 889 2970 945 consimiles
2993 905 3310 961 procreant.
3369 896 3467 951 Est

1885 988 1942 1034 et
1972 979 2074 1033 alia
2102 994 2292 1046 causa,
2323 978 2679 1047 quamobrem
2734 979 2934 1032 mirum
2986 980 3083 1034 tibi
3127 982 3302 1037 videri
3353 999 3463 1038 non

1884 1070 2080 1126 debeat
2122 1070 2405 1126 hominum
2461 1070 2706 1126 sobolem
2769 1074 2966 1141 partim
3018 1072 3223 1129 referre
3260 1077 3461 1144 partim

1884 1179 1992 1218 non
2050 1163 2259 1218 referre
2310 1172 2600 1233 parentum
2640 1163 3088 1218 similitudinem.
3144 1164 3278 1218 Nam
3342 1182 3466 1234 qua:

1885 1271 2013 1325 pars
2042 1255 2266 1311 seminis
2290 1256 2346 1310 in
2378 1256 2764 1311 commistione
2793 1257 2852 1310 ﬁt
2885 1255 3174 1321 efficacior,
3224 1257 3290 1312 ad
3343 1273 3464 1313 eam

1884 1347 2059 1402 forma
2095 1362 2315 1418 quoque
2367 1347 2520 1418 illius.
2547 1349 2689 1417 quod
2729 1347 2952 1415 ﬁngitur
2983 1347 3282 1402 adsimilari
3304 1349 3464 1406 solet.

1885 1438 2090 1505 Quodsi
2156 1439 2364 1493 semina
2424 1447 2729 1508 temperata
2793 1439 3070 1510 mistaque
3145 1455 3333 1510 parem
3407 1443 3463 1495 in

1885 1541 2180 1598 utramque
2213 1542 2424 1600 partem
2459 1531 2567 1584 vim
2624 1531 2883 1597 habeant,
2928 1541 3040 1586 tum
3084 1532 3135 1586 id
3165 1533 3308 1602 quod
3343 1549 3469 1602 pro-

1884 1631 2104 1677 creatur
2133 1637 2200 1676 ει
2229 1637 2385 1691 aequo
2418 1631 2526 1676 tam
2561 1621 2727 1675 maris
2756 1609 2920 1690 quam
2960 1620 3180 1676 feminae
3212 1622 3466 1677 similitu-

1884 1714 2068 1768 dinem
2090 1712 2276 1777 refert.
2299 1714 2403 1767 hoc
2416 1722 2518 1776 est,
2542 1712 2780 1783 gignitur
2793 1703 3014 1768 seboles
3035 1713 3178 1783 patri
3196 1715 3466 1783 matrique

1884 1806 2087 1877 pariter
2128 1805 2343 1860 similis.
2411 1805 2804 1875 Saepenumero
2853 1804 2900 1859 si
2949 1805 3062 1859 sola
3114 1805 3320 1859 femina
3374 1805 3458 1859 vel

1887 1896 2052 1966 hujus
2097 1896 2184 1951 vel
2235 1895 2381 1951 illius
2423 1895 2883 1967 imaginationem
2933 1894 2988 1948 in
3043 1905 3166 1950 actu
3225 1910 3466 1950 venereo

1885 1988 2196 2058 concipiat,
2242 1987 2462 2042 soboles
2513 1987 2562 2041 ei
2621 1987 2682 2040 ﬁt
2729 1986 2923 2042 similis
2962 1987 3122 2056 cujus
3174 1985 3464 2056 imaginem

1883 2081 2027 2150 apud
2061 2080 2306 2135 animum
2347 2079 2699 2134 informabat.
2748 2079 2881 2144 Quaa
2909 2094 2995 2134 res
3023 2079 3466 2148 inexplicabilem

1883 2173 2174 2243 quamdam
2209 2172 2524 2242 miramque
2572 2171 2843 2226 rationem
2899 2171 3082 2228 habet.
3140 2170 3281 2225 Audi
3331 2171 3466 2240 quid
3540 2228 3542 2230 ,

1882 2266 2235 2324 Dioscorides
2284 2267 2353 2322 de
2403 2267 2640 2336 quodam
2688 2265 3006 2322 StratOnico
3062 2266 3266 2322 Siciliae
3322 2269 3467 2322 duce

1883 2358 2084 2414 tradat.
2136 2357 2188 2412 is
2217 2373 2341 2412 cum
2373 2357 2642 2413 deformis
2678 2371 2827 2413 esset
2869 2359 3168 2429 itidemque
3211 2360 3468 2430 uroriip-

1883 2452 2020 2515 sius,
2054 2466 2117 2506 ac
2148 2451 2510 2506 nihilominus
2537 2451 2761 2523 gignere
2813 2453 3021 2508 liberos
3066 2453 3339 2508 formosos
3373 2467 3469 2507 cu-

1881 2541 2435 2612 perent,hujusmodi
2468 2541 2724 2610 quiddam
2776 2543 3162 2598 moliebantur.
3183 2542 3470 2613 [nspecta-

1884 2631 2017 2686 bant
2051 2631 2321 2702 imagines
2353 2639 2410 2686 et
2443 2632 2592 2700 picta
2629 2631 2947 2697 simulacra,
2979 2647 3216 2701 cumque
3264 2631 3464 2686 deinde

1882 2722 2073 2779 liberis
2109 2737 2329 2793 operam
2363 2721 2670 2785 dedissent,
2709 2721 2890 2776 infans
2919 2722 2989 2776 ad
3035 2723 3333 2792 imaginum
3385 2723 3464 2777 si—

1881 2816 2249 2871 militudinem
2285 2815 2665 2869 conformatus
2701 2812 2823 2867 fuit.
2867 2813 2982 2868 Hoc
3009 2824 3064 2868 et
3095 2815 3357 2868 caniculae
3385 2815 3468 2869 vi-

1883 2907 2014 2961 dere
2037 2916 2120 2962 est
2149 2905 2480 2960 usuvenire:
2527 2918 2654 2960 cum
2696 2905 2843 2958 enim
2884 2912 3090 2958 coeunt
3125 2919 3312 2969 canes,
3350 2914 3466 2959 tum

1877 3000 2028 3068 quod
2061 2997 2257 3052 deﬁxis
2290 2996 2464 3051 oculis
2497 2996 2754 3050 canicula
2796 3005 3112 3060 contuetur,
3147 2996 3268 3064 ejus
3311 2998 3468 3051 simi-

1881 3089 2172 3144 litudinem
2214 3087 2359 3144 fetus
2391 3087 2580 3142 refert.
2629 3087 2920 3141 Consentit
2949 3085 3054 3140 hac
3095 3086 3150 3140 in
3175 3095 3331 3157 parte
3360 3101 3463 3140 no-

227 3167 566 3236 μολογοῦντα,
605 3174 704 3225 καὶ
727 3173 869 3228 οὕτω
893 3175 1036 3230 κατὰ
1075 3177 1228 3247 ῥῆμα
1265 3179 1496 3248 λέγοντα
1520 3197 1536 3213 ο
1567 3200 1585 3233 ι
1624 3183 1780 3253 Ἐμοὶ

1883 3181 2093 3236 hiscum
2128 3180 2482 3234 doctissimus
2532 3178 2625 3234 ille
2670 3178 2931 3243 Galenus,
2978 3178 3138 3247 cujus
3182 3179 3298 3233 haec
3347 3177 3466 3248 ipsa

220 3261 270 3314 δὲ
295 3263 388 3315 καὶ
407 3263 564 3330 λόγος
589 3281 674 3327 τις
703 3267 928 3337 ἀρχαῖος
949 3269 1222 3341 ἐμήνυσεν
1247 3271 1328 3326 ὅτι
1364 3272 1473 3328 τῶν
1509 3275 1777 3348 ἀμόρφων

221 3371 294 3416 τις
361 3354 636 3409 δυναστῶν
705 3356 980 3429 εὕμορφον
1027 3362 1290 3432 γεννῆσαι
1352 3364 1521 3418 θέλων
1563 3369 1774 3422 παιδίον

219 3447 425 3516 ἐποίησε
462 3447 670 3518 γράψαι
710 3451 768 3503 ὲν
813 3450 1019 3506 πλατεῖ
1067 3453 1208 3525 Edim
1251 3457 1454 3519 εὐειδὲς
1479 3459 1607 3512 ἄλλο
1643 3478 1777 3515 παι-

218 3533 338 3598 δίον,
401 3537 492 3588 καὶ
521 3537 676 3604 ἔλεγε
727 3540 794 3610 τῇ
843 3541 1067 3608 γυναικὶ
1121 3544 1289 3597 αὐτοῦ
1321 3548 1776 3619 συμπλεκόμενος

222 3626 344 3692 πρὸς
373 3627 576 3680 ἐκεῖνον
605 3627 699 3681 τὸν
746 3629 916 3684 τύπον
976 3633 1078 3704 τῆς
1137 3636 1363 3705 γραφῆς
1401 3640 1557 3710 ὁρᾷν.
1601 3642 1665 3695 Ἦ
1718 3642 1776 3696 δὲ

218 3715 390 3777 ἀτενὲς
420 3715 714 3785 βλέπουσα,
753 3719 847 3772 καὶ
878 3721 953 3784 ὡς
987 3721 1136 3806 έστιν
1167 3727 1343 3780 είπεῖν
1379 3728 1497 3782 ὅλον
1524 3731 1617 3784 τὸν
1647 3732 1776 3787 νοῦν

216 3807 380 3858 ἐκεῖσε
402 3811 905 3881 προσεπιφέρουσα,
929 3815 1051 3884 οὐχὶ
1067 3814 1146 3885 τῷ
1183 3821 1504 3889 γεννήσαντι
1534 3822 1671 3877 ἀλλὰ
1696 3825 1774 3895 τῷ

215 3899 570 3969 γεγραμμένῳ
585 3901 768 3971 ὅμοιον
785 3903 1018 3958 ἀπέτεκε
1035 3907 1094 3960 τὺ
1110 3909 1320 3964 παιδίον
1339 3913 1480 3966 κατὰ
1494 3914 1768 3986 τήνᾶᾧιν.»

278 3990 341 4041 El
377 3991 433 4044 δὲ
461 3991 558 4047 καὶ
598 3993 728 4064 περὶ
762 3994 979 4064 φύσεως
1015 3997 1195 4068 ὄφεων
1234 4001 1415 4072 βούλει
1457 4009 1654 4076 μαθεῖν
1686 4025 1774 4061 τι-

220 4097 336 4146 νων,
367 4085 395 4135 ὁ
425 4082 723 4155 Νίκανδρος
750 4088 856 4158 πρὸ
883 4089 989 4145 τῶν
1013 4091 1192 4146 ἄλλων
1217 4095 1418 4162 διδάξει
1458 4114 1542 4154 σε.
1565 4101 1774 4154 Αὐτίκα

219 4175 317 4244 γὰρ
349 4176 406 4226 ὲν
423 4177 536 4238 τοῖς
565 4176 753 4231 ἔπεσιν
781 4179 949 4234 αὐτοῦ
978 4184 1074 4236 καὶ
1101 4183 1227 4238 τάδε
1250 4188 1381 4257 περὶ
1410 4189 1518 4244 τῶν
1547 4190 1772 4260 ἐχιδνῶν

221 4265 432 4332 ἱστορεῖ.
475 4266 540 4320 Ἥ
567 4266 761 4338 θήλεια
790 4270 906 4341 ἔχις
938 4273 1026 4328 διὰ
1056 4274 1152 4328 τοῦ
1178 4278 1446 4346 στόματος
1487 4283 1660 4354 αὐτῆς
1689 4283 1776 4337 δε-

222 4359 408 4428 χομένη
441 4359 541 4428 τήν
575 4360 818 4432 κεφαλὴν
855 4364 948 4417 τοῦ
989 4365 1245 4437 ἄρρενος,
1275 4371 1368 4423 καὶ
1405 4372 1549 4426 οὕτω
1586 4391 1775 4428 συνευ-

221 4448 477 4523 ναζομένη
499 4455 916 4524 ἁναιρεῖαὐτόν.
945 4459 1038 4525 Είς
1055 4462 1336 4532 ἐκδίκησιν
1357 4462 1474 4534 οῦν,
1503 4469 1579 4533 ὡς
1599 4471 1768 4538 ἔοικε,

1881 3273 2048 3328 verba
2078 3281 2240 3327 sunt;
2283 3271 2491 3326 «Etiam
2524 3271 2593 3325 de
2623 3271 2939 3326 narratione
2987 3271 3168 3341 prisca
3215 3271 3463 3325 intellexi

1878 3365 2056 3420 virum
2112 3364 2400 3435 quemdam
2459 3362 2801 3434 principem,
2853 3362 2945 3432 qui
2997 3363 3153 3418 vultu
3202 3363 3468 3418 deformis

1879 3465 2044 3520 esset,
2080 3472 2204 3511 cum
2235 3455 2406 3511 ﬁlium
2438 3469 2731 3524 procreare
2766 3453 3066 3509 formosum
3089 3454 3275 3520 vellet,
3307 3455 3463 3509 uxori

1879 3550 2190 3610 mandasse.
2247 3548 2461 3602 medios
2511 3547 2658 3601 inter
2705 3546 3013 3617 amplexus,
3074 3546 3357 3617 eleganter
3401 3556 3464 3601 ut

1878 3644 2208 3709 expressam
2226 3639 2438 3708 pictura
2473 3639 2704 3692 formam
2741 3639 2897 3708 pueri
2941 3639 3234 3709 dil‘genter
3272 3640 3459 3693 intue-

1878 3739 2061 3796 retur;
2091 3732 2237 3800 quod
2275 3746 2400 3786 cum
2433 3731 2526 3784 illa
2548 3731 2744 3786 deﬁxis
2773 3731 2830 3784 in
2859 3730 3002 3785 hanc
3025 3731 3201 3786 oculis
3227 3731 3456 3797 faceret,

1877 3834 2231 3893 mentemque
2277 3831 2470 3887 totam,
2507 3833 2565 3877 nt
2597 3823 2678 3877 sic
2738 3823 2951 3891 loquar,
2998 3836 3067 3878 eo
3093 3833 3457 3885 converteret,

1876 3929 1986 3968 non
2013 3913 2154 3983 patri
2177 3911 2275 3968 sed
2293 3912 2525 3986 imagini
2553 3911 2712 3983 pictae
2733 3912 3074 3968 consimilem
3102 3915 3252 3970 vultu
3284 3913 3458 3968 ﬁlium

1875 4007 1930 4059 in
1968 4006 2143 4061 lucem
2181 4004 2250 4060 ab
2279 4006 2393 4075 ipsa
2420 4005 2630 4060 editum
2665 4021 2842 4061 esse.»

1944 4096 2151 4165 Quodsi
2183 4097 2250 4154 de
2290 4108 2613 4168 serpentum
2659 4098 3023 4168 quorumdam
3066 4107 3261 4154 natura
3303 4098 3462 4169 cupis

1873 4191 2076 4264 aliquid
2111 4205 2466 4262 cognoscere,
2498 4190 2772 4246 Nicander
2805 4206 2970 4260 supra
2997 4203 3228 4246 caeteros
3264 4187 3318 4246 te
3361 4190 3464 4246 do-

1874 4284 2038 4341 cebit.
2071 4283 2261 4338 Tradit
2302 4284 2350 4338 is
2365 4277 2434 4336 'in
2466 4283 2577 4337 suis
2611 4283 2956 4353 poematibus
2977 4282 3210 4352 primum
3249 4282 3366 4338 haec
3393 4283 3461 4336 de

1873 4376 2100 4446 viperis.
2178 4373 2419 4429 Femella
2464 4374 2634 4429 maris
2685 4383 2848 4443 caput
2908 4374 3176 4429 insertum
3225 4373 3309 4427 ori
3359 4388 3461 4428 suo

1875 4469 2173 4536 recipiens,
2204 4481 2376 4536 eoque
2405 4474 2566 4536 pacto
2604 4480 2664 4519 re
2703 4479 2827 4518 cum
2857 4463 2976 4533 ipso
3006 4465 3215 4530 habita,
3246 4479 3454 4520 marem

221 4543 304 4596 τοῦ
345 4546 550 4615 πατρὸς
579 4547 864 4619 ἀναιροῦσι
908 4552 1008 4623 τὴν
1054 4557 1271 4627 μητέρα
1317 4559 1388 4612 τὰ
1441 4560 1681 4630 ἔγγονα·
1712 4567 1771 4620 έν

1880 4569 2057 4615 necat.
2115 4558 2301 4629 Itaque
2328 4557 2664 4619 Vindicandi,
2696 4556 3159 4627 quemadmodum
3192 4571 3325 4611 sane
3367 4559 3452 4610 vi-

219 4636 314 4706 γὰρ
352 4637 427 4708 τῷ
454 4639 550 4691 τοῦ
597 4643 824 4695 τοκετοῦ
861 4646 1038 4717 καιρῷ
1081 4648 1182 4720 τήν
1214 4651 1482 4724 μητρῴαν
1507 4656 1775 4728 διαρῤήσ-

218 4746 359 4784 σουσι
399 4732 561 4802 νηδὺν
596 4736 690 4788 καὶ
727 4735 901 4800 οὕτως
934 4739 1272 4812 ἐξέρχονται.
1307 4746 1467 4800 Κατά
1493 4747 1654 4804 τοῦτο
1680 4751 1773 4807 καὶ

215 4823 350 4876 ὀτοῦ
385 4824 586 4893 Κυρίου
652 4826 963 4897 Πρόδρομος
1014 4832 1332 4903 γεννήματα
1380 4837 1606 4908 ἐχιδνῶν
1643 4842 1773 4904 τοὺς

226 4911 505 4979 Ἰουδαίους
538 4917 742 4984 ὲκάλει,
775 4919 870 4974 (ire
899 4921 964 4991 δὴ
983 4924 1110 4988 τοὺς
1149 4927 1434 4999 προφήτας
1473 4931 1568 4984 καὶ
1599 4933 1771 4986 πατέ-

221 5021 309 5073 ρας
346 5008 526 5062 αὐτῶν
575 5011 1026 5078 ἀποκτείναντας.
1073 5017 1137 5071 El
1192 5018 1250 5072 δὲ
1289 5023 1416 5092 περὶ
1445 5016 1570 5088 τοὺς
1613 5023 1768 5095 ὄφεις

219 5097 376 5192 οὕτως
419 5099 556 5172 ἔχει,
595 5102 714 5166 πῶς
752 5107 971 5192 νοητέον
1003 5108 1063 5161 τὸ
1099 5111 1452 5180 εὐαγγελικδν
1499 5116 1662 5187 ῥητὸν
1706 5118 1767 5172 τὸ

216 5187 358 5280 λέγον
381 5207 398 5224 ο
434 5211 454 5244 ι
489 5193 708 5247 Γίνεσθε
741 5187 994 5267 φρόνιμοι
1021 5199 1096 5264 ὡς
1125 5203 1174 5255 οί
1196 5202 1368 5272 ὄφεις,
1396 5207 1489 5260 καὶ
1519 5209 1767 5280 ἀκέραιοι

217 5277 278 5342 ὡς
315 5281 370 5334 αἱ
423 5286 790 5354 περιστεραί;
827 5303 848 5337 ι
885 5290 1122 5360 πονηρὸς
1181 5295 1279 5361 μὲν
1320 5294 1415 5348 οὖν
1439 5300 1470 5351 δ
1519 5277 1644 5367 ὄφις
1675 5306 1771 5356 καὶ

217 5371 455 5436 κάκιστος
505 5373 743 5442 άληθῶς,
802 5376 939 5432 ἀλλὰ
987 5381 1080 5434 καί
1134 5398 1259 5436 τινα
1312 5387 1577 5458 κέκτηται
1619 5393 1699 5456 είς
1736 5393 1772 5446 ἃ

220 5459 415 5526 βλέπειν
451 5467 862 5537 ἐγκελευόμεθα
916 5473 1010 5525 καὶ
1054 5475 1231 5530 ταῦτα
1273 5481 1589 5550 μιμεῖσθαι,
1647 5485 1772 5540 ἐπεὶ

220 5552 290 5603 καὶ
319 5555 350 5624 ή
383 5555 610 5624 μέλιττα
657 5557 1020 5633 θανατηφόρῳ
1053 5565 1414 5635 ὲφιζάνουσα,
1446 5571 1473 5623 ὃ
1505 5572 1604 5643 μὲν
1633 5575 1773 5645 χρή·

220 5654 350 5710 τιμον
385 5645 598 5707 ἐκεῖθεν
687 5648 995 5717 ἐκλέγεται,
1041 5652 1070 5704 ὃ
1136 5654 1192 5706 δέ
1268 5657 1544 5728 χείριστον
1594 5662 1773 5718 ἐκεῖσε

267 5796 312 5833 ⁵⁸
359 5802 484 5856 Luc.
525 5822 610 5865 Ill.
646 5807 700 5858 7.
779 5806 823 5837 “
854 5806 1045 5862 Matth.
1078 5827 1134 5874 κ,
1167 5813 1251 5868 16.
1319 5868 1334 5874 ,

1874 4650 2058 4712 detur,
2091 4651 2262 4721 patris
2297 4663 2459 4705 causa
2487 4647 2634 4702 fetus
2663 4646 2862 4702 deinde
2891 4646 3121 4701 matrem
3154 4644 3260 4715 57
3291 4645 3460 4700 vicis-

1873 4745 1976 4800 sim
2003 4742 2302 4808 occidunt;
2352 4755 2481 4797 nam
2515 4749 2764 4812 tempore
2790 4748 2984 4811 partus
3025 4738 3204 4793 alvum
3253 4748 3458 4792 mater-

1872 4851 1998 4890 nam
2035 4844 2399 4907 perrumpunt
2427 4843 2590 4905 atque
2629 4833 2702 4888 ita
2733 4833 2789 4887 in
2821 4833 3000 4888 lucem
3028 4831 3320 4902 prodeunt.
3381 4830 3462 4884 Ea

1871 4927 1940 4984 de
1971 4939 2140 4994 causa
2176 4927 2493 4982 Praecursor
2522 4925 2612 4981 ille
2647 4923 2865 4980 Domini
2886 4923 3106 4980 Judaeos
3151 4922 3464 4995 viperinam

1872 5019 2115 5075 sobolem
2155 5019 2465 5090 appellabat
2487 5017 2554 5085 ⁸⁸,
2591 5026 2650 5073 ut
2676 5017 2771 5088 qni
2803 5023 2954 5071 vates
3009 5021 3303 5086 patresque
3328 5027 3466 5069 suos

1874 5111 2230 5168 occidissent.
2273 5110 2478 5176 Quodsi
2509 5123 2598 5163 res
2623 5108 2704 5166 sic
2737 5115 3050 5178 comparata
3077 5114 3182 5171 est,
3216 5119 3459 5176 quonam

1874 5213 2034 5276 pacto
2061 5205 2287 5260 verbum
2333 5202 2462 5257 illud
2509 5201 2888 5273 evangelicum
2938 5209 3024 5256 est
3073 5200 3463 5271 accipiendum

1873 5312 1984 5368 quo
2012 5294 2254 5352 dicitur:
2311 5295 2478 5351 «Sitis
2512 5295 2681 5350 astuti
2716 5304 2776 5350 ut
2823 5301 3135 5365 serpentes,
3173 5302 3230 5348 et
3255 5292 3462 5349 sinceri

1871 5399 1933 5448 ut
1962 5393 2229 5447 columbae
2248 5391 2295 5424 “
2313 5393 2363 5446 ἲ»
2419 5391 2706 5463 improbus
2734 5389 2954 5462 quidem
2983 5403 3048 5444 ac
3086 5389 3464 5458 nequissimus

1871 5493 1959 5541 est
1985 5498 2176 5538 revera
2210 5498 2475 5554 serpens:
2528 5483 2624 5538 sed
2674 5493 2856 5537 tamen
2893 5483 3140 5552 quaedam
3187 5480 3354 5534 habet
3403 5476 3455 5529 in

1872 5591 1996 5648 quae
2030 5576 2291 5646 jubemur
2329 5576 2533 5631 intueri
2573 5592 2748 5644 eaque
2789 5576 3013 5631 imitari.
3072 5572 3209 5628 Nam
3240 5580 3296 5625 et
3332 5569 3456 5638 apis

1874 5667 1918 5723 si
1955 5666 2140 5723 frutici
2165 5667 2379 5724 cuidam
2404 5668 2640 5726 insideat
2661 5668 2898 5725 letaliter
2924 5666 3114 5730 noxio,
3139 5663 3285 5720 ouod
3316 5660 3458 5717 utile
