3936 6426
505 391 608 456 127

1777 388 2197 451 MICIIAELIS
2235 387 2496 450 GLYCAE

3637 384 3729 448 128

502 517 590 562 est
626 507 754 564 inde
778 507 986 578 seligit,
1031 521 1174 576 quoo
1211 506 1412 562 malum
1444 505 1671 560 missum
1705 503 1855 559 facit.
1911 503 2079 572 Igitur

2185 502 2402 572 ἀφίησι.
2475 499 2717 572 Πρόσεχε
2751 495 2866 556 οὖν.
2941 499 2999 553 Ὀ
3032 498 3155 567 ὖφις
3192 496 3531 565 τυπτόμενος
3565 495 3621 549 τὸ
3655 499 3739 565 μὲν

503 600 746 654 animum
771 600 904 653 mihi
930 599 1090 654 velim
1107 599 1382 654 advertas.
1420 596 1662 666 Serpens
1679 610 1803 651 cum
1828 594 2076 660 caeditur,

503 707 706 760 corpus
734 692 951 760 quidem
983 691 1252 760 reliquum
1297 691 1471 761 plagis
1509 688 1755 758 exponit,
1801 697 1859 742 at
1899 688 2075 742 solum

502 793 664 853 caput
707 783 860 854 tegit,
889 784 1043 852 quasi
1093 784 1260 840 sciret
1300 797 1368 838 eo
1399 783 1562 836 vitam
1594 795 1748 837 suam
1782 779 2075 835 contineri.

502 872 593 927 Sic
622 873 784 927 etiam
821 888 918 928 nos
946 883 1188 943 tempore
1245 873 1644 942 persecutionis
1688 873 1869 926 facere
1909 871 2080 926 dchc-

501 978 624 1018 mus
649 981 662 1017 :
696 964 1071 1037 relinquemus
1092 963 1294 1018 scilicet
1325 963 1536 1026 omnia,
1559 961 1723 1017 modo
1753 971 1916 1032 caput
1949 960 2081 1016 reti-

501 1069 730 1108 neamus
767 1063 932 1124 atque
957 1068 1260 1117 servemus,
1289 1054 1436 1124 quod
1467 1053 1726 1109 Christus
1754 1063 1841 1108 est
1870 1062 1926 1108 ct
1958 1053 2078 1123 ipsa

502 1143 658 1199 ﬁdes.
715 1144 864 1198 Idem
898 1159 1127 1213 serpens
1166 1145 1261 1200 ubi
1288 1144 1581 1200 consenuit
1601 1154 1655 1199 et
1677 1144 1959 1199 oculorum
1987 1145 2081 1199 he-

501 1235 764 1291 betudine
800 1235 1043 1291 laborare
1071 1235 1259 1304 cmpit,
1302 1237 1536 1305 primum
1566 1245 1934 1305 temperanter
1967 1237 2081 1291 vic-

507 1329 632 1382 titat
659 1335 713 1383 et
734 1329 956 1398 jejunus
980 1327 1295 1395 aliquandiu
1327 1337 1533 1392 manet,
1563 1327 1761 1382 deinde
1782 1343 1880 1398 per
1901 1339 2078 1383 artum

509 1419 805 1486 quemdam
839 1428 1079 1473 meatum
1117 1419 1172 1472 in
1212 1427 1415 1474 terram
1451 1427 1765 1489 penetrans,
1820 1429 1874 1475 et
1919 1421 2081 1476 modo

507 1511 742 1579 quodam
769 1509 1031 1563 inusitato
1054 1518 1234 1564 cutem
1262 1517 1429 1564 totam
1450 1525 1678 1573 exuens,
1711 1509 1930 1578 juvenis
1955 1510 2081 1567 inde

509 1603 758 1658 discedit.
828 1601 919 1656 Sic
950 1617 1053 1657 nos
1083 1616 1322 1671 quoque,
1349 1617 1472 1656 cum
1504 1617 1568 1656 ex
1598 1603 1840 1672 peccatis
1871 1617 2072 1658 conse—

507 1695 748 1760 nuimus,
786 1706 882 1760 per
906 1701 1077 1747 artam
1105 1693 1249 1747 viam
1280 1693 1548 1748 incedere
1572 1694 1857 1760 debemus,
1887 1703 1947 1748 ut
1977 1695 2082 1750 hoc
2119 1735 2126 1740 -

2105 1833 2154 1892 Β

504 1796 664 1855 pacto
687 1784 933 1838 innovati
958 1783 1025 1838 ad
1055 1793 1260 1838 statum
1286 1784 1767 1854 conditionemque
1791 1784 2078 1855 pristinam

503 1886 868 1930 revertamur.
925 1875 1130 1940 Quodsi
1173 1874 1470 1944 aliquando
1501 1875 1651 1930 sitiat
1699 1875 1863 1942 inque
1909 1884 2078 1944 puteo

504 1977 856 2024 contacturus
887 1977 972 2023 est
1003 1983 1224 2038 aquam,
1261 1967 1441 2036 primo
1473 1967 1624 2022 virus
1655 1982 1816 2022 suum
1847 1968 2076 2035 evomit,

501 2077 567 2115 ac
603 2061 802 2115 deinde
831 2062 897 2115 ad
933 2060 1138 2115 fontem
1179 2060 1416 2115 accedit.
1471 2060 1564 2115 Sic
1588 2061 1754 2114 etiam
1790 2074 1914 2124 nos,
1951 2074 2081 2118 cum

501 2151 570 2205 ad
594 2149 836 2205 divinum
866 2149 997 2205 illud
1016 2149 1272 2218 poculum
1297 2149 1574 2204 accessuri
1596 2162 1814 2212 sumus,
1838 2157 1895 2202 et
1921 2163 2084 2203 uren-

503 2242 580 2296 tia
609 2257 711 2296 nos
768 2249 994 2310 peccata
1037 2255 1318 2306 sanemus,
1367 2254 1588 2294 omnem
1639 2238 1793 2309 prius
1817 2239 2084 2295 vitiosita-

504 2341 618 2388 tetn
670 2332 940 2386 debemus
987 2330 1247 2400 abjicere,
1303 2337 1469 2398 atque
1517 2329 1594 2383 ita
1640 2344 1742 2384 nos
1779 2329 1848 2385 ad
1899 2345 2083 2386 sacro—

503 2433 690 2477 sancta
713 2422 968 2493 mysteria
990 2420 1265 2476 conferre.
1291 2421 1695 2488 Qttamobrema
1716 2423 1945 2478 Domino
1957 2439 2085 2495 pra:-

503 2515 650 2568 clare
685 2513 889 2568 dtctum
910 2513 992 2568 vel
1013 2513 1080 2568 de
1096 2513 1540 2569 commemoratis
1560 2515 1935 2584 intelligimus:
1982 2514 2145 2570 «Sitis

574 2604 748 2658 Debes
769 2613 950 2658 autem
979 2613 1244 2673 pra-terea
1270 2605 1411 2659 scire
1439 2616 1756 2676 serpentum
1779 2622 1900 2662 esse
1926 2607 2076 2662 varia

405 2714 407 2717 ·
501 2695 825 2763 diversaque
851 2709 1074 2764 genera.
1129 2694 1264 2750 Nam
1319 2696 1408 2750 alii
1444 2698 1739 2752 celerrime
1773 2699 2076 2769 perimunt,

503 2786 594 2840 alii
627 2786 853 2842 tardius.
916 2786 1049 2840 Item
1085 2786 1174 2841 alii
1212 2800 1399 2841 morsu
1446 2788 1744 2858 perniciem
1817 2789 2076 2853 aﬂ'erunt.

505 2877 595 2930 alii
625 2877 861 2946 quodam
913 2878 1020 2932 alio
1055 2877 1240 2932 modo.
1305 2878 1549 2948 Serpens
1586 2878 1635 2934 is
1677 2894 1838 2948 quem
1890 2880 2079 2936 basili-

501 2983 663 3030 scnm
707 2976 925 3032 vocant,
954 2969 1116 3038 cujus
1147 2969 1311 3022 etiam
1344 2972 1563 3038 sapiens
1594 2969 1682 3024 ille
1708 2969 1944 3025 Galenus
1967 2986 2096 3027 mea.

503 3060 661 3114 minit
694 3061 762 3114 ad
803 3061 1057 3114 Pisonem
1103 3061 1168 3115 de
1207 3061 1448 3117 tberiaca
1485 3061 1786 3126 disserens,
1821 3064 1940 3118 solo
1984 3064 2074 3118 in-

505 3151 646 3206 tuitu
677 3161 840 3206 necat
877 3167 1000 3206 eum
1037 3152 1132 3221 qui
1166 3153 1342 3222 ipsum
1376 3153 1608 3222 aspexit.
1642 3152 1761 3219 Quo
1791 3154 1850 3209 [it
1881 3167 1941 3210 ut
1965 3156 2076 3211 Lit-

506 3251 637 3296 terae
665 3257 838 3297 sacrae
871 3243 1002 3297 nihil
1029 3243 1248 3298 oculum
1286 3243 1528 3298 invidum
1559 3244 1626 3298 ah
1657 3245 1929 3315 ejusmodi
1962 3261 2078 3302 ser-

504 3340 668 3401 pente
693 3333 915 3387 diﬂ‘erre
949 3333 1183 3388 tradant.
1215 3333 1684 3399 Quemadmodum
1709 3337 1854 3392 enim
1882 3338 1951 3394 ab
1978 3339 2080 3396 hac

504 3422 678 3477 bestia
716 3423 976 3492 quiddam
1020 3423 1240 3478 exitiale
1291 3431 1580 3493 promanat
1626 3424 1768 3494 quod
1803 3426 2077 3484 hominem

507 3514 781 3581 perimere
835 3521 1037 3580 p0test,
1089 3512 1168 3567 sic
1219 3512 1385 3567 etiam
1419 3512 1488 3568 de
1537 3513 1712 3570 invidi
1735 3517 1907 3572 oculis
1947 3532 2079 3572 con-

506 3603 689 3658 simile
725 3603 980 3673 quiddam
1007 3602 1140 3658 exit.
1171 3601 1238 3657 Et
1257 3602 1451 3657 mirum
1483 3603 1585 3658 hoc
1609 3604 1665 3658 in
1691 3605 1902 3674 primis,
1931 3609 2076 3678 quod

504 3695 623 3752 suis
643 3709 1040 3763 nonnunquam
1072 3694 1371 3764 perniciem
1394 3692 1646 3749 all'erant.
1686 3693 1872 3766 Neque
1897 3707 2078 3753 tamen

507 3787 614 3842 hoc
666 3801 870 3841 novum
916 3786 1174 3854 cuiquam
1220 3786 1510 3843 videatur:
1563 3786 1772 3843 iaciunt
1821 3789 1966 3844 enim
2023 3789 2080 3844 id

509 3876 622 3948 58
645 3877 712 3932 ad
751 3877 897 3943 quod
925 3889 958 3929 ι
996 3885 1190 3930 natura
1222 3886 1352 3931 sttnt
1399 3877 1723 3946 comparati,
1771 3892 1881 3933 non
1930 3877 2080 3948 quod

505 3965 716 4020 volunt.
753 3963 955 4028 Quodsi
992 3961 1290 4026 Eutelidas,
1324 3972 1384 4017 ut
1404 3973 1491 4020 est
1528 3965 1674 4034 apud
1705 3965 2076 4030 Plutarchum,

507 4070 635 4112 suos
690 4055 859 4124 ipsius
899 4054 1092 4108 oculos
1149 4053 1206 4107 in
1253 4069 1394 4123 aqua
1422 4065 1746 4121 conspectos
1769 4055 2078 4122 fascinavit,

507 4161 633 4201 cum
688 4146 875 4200 formae
921 4154 1263 4200 venustatem
1311 4160 1466 4200 suam
1516 4144 1710 4202 fuisset
1755 4146 2076 4213 admiratus,

399 4259 408 4272 ε
509 4238 683 4293 multo
711 4237 884 4307 magis
922 4237 1140 4291 invidus
1188 4237 1383 4291 oculus
1431 4237 1524 4292 alii
1584 4238 1881 4306 perniciem
1917 4237 2075 4304 feret,

507 4331 666 4400 quasi
716 4331 882 4384 telum
940 4328 1213 4399 quoddam
1253 4337 1586 4384 venenatum
1639 4329 1963 4400 corporibus
2010 4331 2076 4385 iis

507 4439 630 4494 qua:
661 4429 956 4478 contuetur
984 4421 1306 4476 immittens.
1342 4421 1409 4475 Et
1445 4423 1558 4476 haec
1584 4421 1804 4491 quidem
1833 4431 1945 4479 tum
1979 4439 2075 4477 ex-
2109 4459 2153 4516 ο

507 4515 779 4586 perientia
813 4522 930 4568 tum
963 4513 1248 4584 superiora
1275 4521 1520 4582 tempora
1559 4513 1886 4568 docuerunt.
1937 4514 2076 4570 Nam

506 4605 649 4661 oculi
683 4593 1078 4674 partitn'agunt
1110 4605 1303 4672 partim
1338 4605 1636 4673 patiuntur,
1687 4621 1833 4661 nunc
1873 4605 2076 4673 aliquid

506 4693 816 4748 emittentes
849 4705 997 4745 nunc
1027 4690 1379 4760 recipientes,
1404 4692 1863 4761 quemadmodum
1893 4707 2079 4746 aman-

508 4785 652 4839 tibus
677 4794 730 4837 et
760 4781 953 4836 amatis
978 4781 1269 4836 usuvenire
1291 4781 1572 4836 videmus.
1608 4780 1833 4853 Magnus
1857 4782 1948 4836 ille
1977 4781 2078 4835 Ba-

509 4873 664 4927 silius
696 4872 1106 4941 inscriptionem
1134 4869 1513 4926 l‘salmixxxm
1541 4886 1801 4927 enarrans
1825 4889 1841 4926 :
1878 4871 2078 4942 (Equi-

509 4965 656 5030 dem,
709 4964 805 5028 ait,
854 4963 907 5016 id
952 4963 1095 5032 quod
1140 4962 1334 5028 fertur,
1367 4963 1556 5019 oculos
1606 4964 1774 5018 telum
1807 4963 2076 5033 quoddam

513 5066 842 5109 venenatum
875 5054 1153 5124 ejacnlari,
1186 5064 1445 5125 tanquam
1503 5061 1724 5128 vulgare
1773 5073 1839 5112 ac
1867 5073 1897 5112 a
1928 5066 2080 5111 vetu-

509 5148 577 5202 lis
633 5147 993 5217 excogitatutn
1047 5148 1102 5202 in
1149 5151 1440 5204 mulierum
1469 5149 1820 5204 conclavibus
1871 5149 2076 5219 rejicio.

513 5235 642 5288 Dico
672 5245 855 5288 autem
887 5235 1057 5289 malos
1087 5237 1276 5306 genios
1297 5275 1312 5301 ,
1368 5236 1462 5306 qui
1508 5235 1635 5290 odio
1670 5237 1796 5289 boni
1827 5235 2076 5305 ﬂagrant,

510 5328 554 5383 si
582 5344 718 5395 quas
752 5328 1028 5397 reperiant
1055 5339 1451 5383 consentaneas
1486 5327 1620 5398 ipsis
1648 5338 1702 5382 et
1719 5328 1964 5383 addictas
1987 5343 2080 5382 vo-

511 5423 770 5486 luntates,
823 5422 890 5476 iis
943 5421 1168 5477 omnino
1225 5437 1323 5491 pro
1375 5421 1528 5475 libitu
1579 5429 1635 5475 et
1685 5421 1950 5475 arbitratu
1980 5435 2079 5475 suo

511 5513 680 5567 abuti.
749 5511 869 5578 Quo
927 5513 985 5567 ﬁt
1033 5523 1089 5567 ut
1138 5517 1304 5568 etiam
1357 5511 1754 5567 fascinatorum
1799 5513 1974 5568 oculis
2011 5512 2079 5569 ad

512 5621 624 5660 sua:
653 5607 949 5659 voluntatis
978 5604 1342 5659 ministerium
1379 5612 1653 5657 utantur.»

588 5699 876 5752 Basiliscus
907 5697 1148 5765 quidem,
1181 5696 1249 5750 de
1290 5710 1399 5764 quo
1431 5711 1575 5749 nunc
1619 5697 1916 5767 loquimur,
1967 5711 2077 5751 non

515 5791 617 5843 hoc
648 5798 856 5842 tantum
897 5786 1081 5852 modo,
1115 5802 1298 5842 verum
1327 5785 1489 5841 ctiam
1523 5788 1682 5844 sibilo
1727 5787 1873 5844 ltcdit
1920 5802 2078 5845 aures

2184 596 2333 650 ἅπαν
2360 593 2525 649 αὐτοῦ
2563 593 2723 662 σῶμα
2751 591 3064 663 προδίδωσι,
3101 591 3202 655 τὴν
3226 589 3286 643 δὲ
3325 590 3564 661 κεφαλὴν
3589 590 3738 644 αὗτοῦ

2181 688 2437 758 κρύπτει,
2467 687 2660 758 ἐπειδὴ
2685 687 2784 758 τὴν
2817 684 3016 740 ἑαυτοῦ
3056 683 3213 755 ζωὴν
3239 683 3404 746 ,εἰδὼς
3443 683 3616 752 ἑαυτῷ
3651 701 3740 736 πε-

2183 779 2481 851 ριέχεσθαι.
2518 779 2676 832 Οὕτω
2705 779 2799 832 καὶ
2823 779 2983 849 ἡμεῖς
3023 777 3084 830 ὲν
3116 775 3302 847 καιρῷ
3325 775 3568 844 διωγμοῦ
3603 775 3741 844 ὀφείο

2180 873 2346 940 λομεν
2378 874 2574 935 ποιεῖν,
2618 870 2797 924 πάντα
2833 869 2933 939 μὲν
2973 869 3250 939 προϊέναι,
3295 866 3397 937 τὴν
3427 866 3659 938 κεφαλὴν
3691 868 3740 921 δὲ

2181 963 2502 1032 φυλάσσειν,
2531 962 2654 1031 ἡτις
2685 960 2834 1013 ἐστὶν
2854 959 2883 1012 ὁ
2912 958 3148 1029 Χριστος
3174 957 3274 1010 καὶ
3307 959 3342 1029 ἡ
3373 958 3554 1020 πίστις
3579 956 3737 1026 ἡμῶν.

2184 1053 2348 1121 Ὄφις
2387 1051 2639 1122 γηράσας
2669 1049 2743 1114 ὡς
2773 1049 2843 1102 τὰ
2877 1049 3047 1102 πολλὰ
3074 1049 3168 1101 καὶ
3199 1047 3566 1116 ἁμὸλυωπίαν
3601 1047 3742 1115 νοσὴ-

2183 1161 2306 1208 σας,
2346 1144 2560 1213 πρῶτον
2589 1142 2686 1210 μὲν
2714 1139 3113 1212 ἐγκρατεύεται
3144 1140 3240 1192 καὶ
3275 1139 3464 1207 νῆστις
3491 1138 3738 1206 διαμένει,

2181 1232 2282 1290 εἷθ’
2332 1235 2506 1297 οὕτως
2555 1234 2644 1287 διὰ
2688 1228 2965 1286 στενωποῦ
3017 1248 3162 1294 τινος
3213 1229 3615 1298 καταδυόμενος
3659 1229 3740 1281 καὶ

2180 1328 2360 1398 δέρμα
2389 1324 2713 1394 παραδόξως
2743 1324 2886 1376 ἅπαν
2918 1321 3324 1388 ἁπεκδυόμενος
3352 1319 3473 1381 νέος
3496 1317 3644 1378 αὖθις
3666 1318 3740 1383 γί-

2182 1433 2354 1470 νεται.
2392 1413 2548 1468 Οὕτω
2577 1413 2673 1467 καὶ
2697 1413 2858 1482 ἡμεῖς
2881 1413 2948 1480 τῇ
2986 1410 3235 1479 ἁμαρτίᾳ
3268 1406 3738 1476 καταγηράσαντες

2181 1509 2268 1562 διὰ
2297 1507 2397 1578 τῆς
2437 1505 2630 1576 στενῆς
2673 1507 2767 1558 καὶ
2808 1502 3180 1572 τεθλιμμένης
3216 1499 3339 1553 ὁδοῦ
3368 1497 3618 1566 βαδίζειν,
3655 1495 3739 1548 καὶ

2181 1600 2354 1664 οὕτως
2383 1598 2774 1670 ἀνανεούμενοι
2807 1598 2890 1658 είς
2925 1595 3026 1664 τὴν
3068 1593 3308 1664 ἀρχαίαν
3346 1591 3513 1645 πάλιν
3547 1592 3738 1645 ἀποκα-

2181 1693 2446 1746 τάστασιν
2505 1689 2785 1760 ἔρχεσθαι.
2855 1687 3018 1752 Ὄφις
3077 1685 3322 1754 διψήσας
3375 1681 3507 1736 ποτὲ
3557 1681 3642 1734 καὶ
3686 1681 3738 1732 ὲν

2185 1785 2383 1856 φρέατι
2415 1782 2627 1853 μέλλων
2666 1781 2858 1842 ὓδατος
2889 1779 3132 1847 ἅψασθαι
3156 1817 3174 1844 ,
3204 1777 3402 1848 πρῶτα
3438 1775 3537 1845 μὲν
3572 1771 3738 1838 ἐξεμεῖ

2179 1878 2272 1930 τὸν
2309 1876 2408 1940 ἰὸν,
2449 1870 2550 1927 εἷθ’
2577 1873 2753 1936 οὕτως
2772 1873 2840 1941 τῇ
2871 1871 3023 1941 πηγῇ
3050 1869 3443 1938 προσέρχεται.
3477 1864 3627 1918 οὕτω
3653 1862 3734 1915 καὶ

2181 1970 2345 2039 ἡμεῖς
2377 1967 2456 2038 τῷ
2501 1965 2632 2036 θείῳ
2661 1964 2948 2036 μέλλοντες
3004 1961 3331 2033 προσελθεῖν
3367 1958 3624 2030 ποτηρίῳ,
3653 1955 3734 2009 ἅττ

2180 2058 2247 2130 δὴ
2271 2058 2370 2128 τὴν
2405 2057 2737 2110 ὲκκαίουσαν
2768 2056 2918 2126 ἡμᾶς
2949 2053 3231 2124 ἁμαρτίαν
3263 2051 3542 2117 ἰάσασθαι,
3572 2049 3734 2103 πᾶσαν

2182 2152 2386 2206 κακίαν
2435 2150 2706 2220 πρότερον
2732 2147 3099 2218 ἀπορρίπτειν
3138 2145 3456 2215 ὀφείλομεν,
3489 2144 3580 2197 καὶ
3608 2141 3732 2195 οὕτω

2181 2245 2297 2307 τοῖς
2328 2242 2659 2313 μυστηρίοις
2700 2239 3128 2312 προσέρχεσθαι.
3156 2237 3358 2301 Καλῶς
3387 2234 3482 2291 οὖν
3509 2234 3596 2289 ἐπὶ
3627 2233 3732 2286 cod-

2183 2346 2298 2394 τοις
2353 2331 2382 2383 ὁ
2405 2329 2608 2399 Κύριος
2637 2328 2792 2396 ἔλεγε
2814 2343 2829 2358 ο
2865 2345 2885 2379 ι
2938 2327 3160 2380 Γίνεσθε
3191 2327 3450 2398 φρόνιμοι
3494 2325 3568 2390 ὡς
3598 2323 3644 2377 οἱ
3681 2321 3731 2374 ὅ·

2185 2440 2328 2492 φεις.
2373 2443 2392 2476 ι
2420 2423 2535 2476 Καὶ
2564 2425 2696 2492 περὶ
2726 2421 2827 2492 μὲν
2854 2422 3058 2475 τούτων
3083 2420 3282 2483 οὕτως.

2180 2516 2349 2572 astuti
2385 2524 2446 2568 ut
2479 2525 2784 2585 serpentes.
2820 2532 2840 2568 ι
2870 2513 2948 2568 Ac
2978 2513 3046 2568 de
3074 2513 3159 2568 his
3195 2513 3420 2583 quidem
3467 2513 3728 2567 hactenus.

2251 2609 2498 2662 Γίνωσκε
2538 2608 2618 2672 δὲ,
2672 2605 2944 2674 ἁγαπητὲ,
2979 2605 3064 2658 ὃτι
3097 2605 3336 2675 διάφορά
3367 2607 3474 2657 εἰσι
3515 2603 3603 2656 καὶ
3629 2617 3729 2652 ποια

2182 2701 2306 2756 κίλα
2369 2700 2503 2770 γένὴ
2537 2699 2648 2752 τῶν
2713 2700 2912 2766 ὖφεων.
2953 2697 3018 2750 Οῑ
3079 2697 3182 2767 μὲν
3221 2698 3331 2768 γὰρ
3359 2695 3534 2751 αὐτῶν
3560 2693 3728 2747 θᾶττον

2180 2793 2516 2864 ἀναιροῦσιν,
2558 2792 2609 2845 οἱ
2637 2792 2694 2846 δὲ
2728 2792 2919 2862 βραδὺ,
2949 2791 3042 2844 καὶ
3079 2791 3238 2848 ἄλλοι
3269 2792 3370 2861 μὲν
3403 2790 3629 2858 δήγμασι
3651 2782 3730 2835 τὸν

2179 2885 2402 2958 ὄλεθρον
2423 2886 2702 2955 φέρουσιν,
2739 2884 2918 2953 ἕτεροι
2948 2882 3007 2936 δὲ
3035 2881 3160 2936 καθ’
3183 2883 3373 2955 ἕτερον
3403 2881 3613 2952 τρόπον.
3634 2873 3728 2928 Δύο

2179 2978 2308 3032 τίκα
2336 2980 2363 3030 ό
2390 2977 2513 3046 ὄφις
2545 2975 2886 3045 καλούμενος
2927 2973 3272 3044 βασιλίσκος,
3307 2965 3368 3027 οὗ
3403 2971 3497 3025 καὶ
3522 2971 3549 3020 ὁ
3585 2965 3727 3034 σοφὸς

2185 3071 2462 3142 μέμνηται
2493 3068 2731 3138 Γαληνὸς
2766 3068 2898 3139 περί
2937 3066 3213 3138 θηριακῆς
3253 3066 3389 3137 πρὸς
3412 3063 3617 3118 Πίσωνα
3650 3056 3727 3110 τὸν

2179 3163 2338 3230 λόγον
2398 3160 2746 3231 ποιούμενος,
2778 3159 2876 3212 καὶ
2925 3159 3036 3214 ἀπὸ
3095 3159 3268 3229 μόνης
3317 3158 3489 3227 ὅψεως
3538 3149 3728 3221 ἀναιρεῖ

2178 3252 2307 3314 τοὺς
2367 3249 2683 3320 ἑωρακότας
2740 3247 2923 3301 αὐτόν.
2965 3246 3160 3301 Ἔνθεν
3206 3264 3291 3301 τοι
3343 3247 3433 3300 τὸν
3484 3244 3724 3314 βάσκανον

2177 3341 2459 3412 ὀφθαλμὸν
2479 3340 2572 3394 τοῦ
2601 3339 2844 3394 τοιούτου
2871 3339 3050 3409 ὄφεως
3095 3339 3465 3410 διενηνοχέναι
3512 3335 3661 3405 φησὶν
3693 3330 3722 3398 ἡ

2181 3435 2378 3503 Γραφὴ
2397 3448 2412 3463 ο
2445 3434 2699 3503 καθάπερ
2732 3434 2844 3503 γὰρ
2871 3432 2980 3487 ἀπὸ
3007 3431 3161 3486 τοῦδε
3186 3433 3284 3487 τοῦ
3316 3430 3477 3502 θηρὸς
3505 3424 3722 3497 ὀλέθριόν

2178 3541 2231 3577 τι
2269 3523 2452 3595 ῥεῦμα
2485 3524 2778 3594 ἐκφέρεται
2826 3521 3549 3592 παραχρῆμαδιαφθείρειν
3582 3513 3720 3569 δυνά·

2185 3633 2364 3687 μενον,
2403 3614 2545 3668 οὕτω
2574 3617 2672 3668 καὶ
2693 3615 2754 3678 ἐξ
2784 3614 2961 3667 αὐτῶν
2986 3614 3096 3667 τῶν
3119 3613 3214 3667 τοῦ
3248 3614 3517 3685 βασκάνου
3543 3606 3720 3676 ὀφθαλ-

2183 3709 2320 3779 μῶν.
2361 3709 2472 3762 Καὶ
2509 3707 2572 3761 τὸ
2629 3707 2697 3778 δὴ
2737 3706 3072 3777 θαυμαστὸν,
3100 3706 3183 3761 ὅτι
3242 3710 3338 3762 καὶ
3365 3707 3542 3767 αὐτοῖς
3572 3699 3720 3753 ἐνίοτε

2181 3801 2294 3861 τοῖς
2322 3799 2545 3863 οἰκείοις
2574 3800 2668 3854 καὶ
2697 3798 2955 3868 συνήθεσι
2977 3800 3067 3854 τὸν
3099 3797 3329 3871 ὄλεθρον
3365 3799 3597 3870 φέρουσι.
3626 3791 3720 3846 Καὶ

2180 3891 2368 3946 καινὸν
2405 3894 2498 3945 ἐπὶ
2540 3890 2753 3953 τούτοις
2785 3891 2936 3946 οὐδέν
2957 3906 2973 3923 ο
3001 3890 3030 3943 ὃ
3063 3891 3173 3960 γὰρ
3224 3892 3550 3961 πεφύκασιν,
3585 3885 3672 3952 οὐχ
3695 3881 3720 3933 ὃ

2181 3980 2463 4049 βούλονται
2503 3979 2742 4033 ποιοῦσι.
2772 3982 2884 4033 Καὶ
2919 3979 2994 4050 μὴ
3017 3979 3269 4049 θαύμαζε
3308 3980 3493 4034 τούτου
3525 3976 3716 4030 ἕνεκεν·

2179 4075 2227 4126 εἰ
2253 4074 2362 4142 γὰρ
2397 4073 2600 4144 ἐαυτῷ,
2644 4072 2790 4128 καθά
2824 4089 2957 4142 φησι
2994 4073 3365 4144 Πλούταρχος,
3404 4072 3432 4123 ὀ
3460 4062 3718 4122 Εὐτελίδας

2179 4161 2452 4228 ἒὸάσκηνε
2483 4161 2582 4228 τὴν
2611 4159 2733 4228 ὄψιν
2781 4159 2948 4212 αὑτοῦ
2986 4159 3223 4213 κατιδὼν
3251 4164 3309 4213 ὲν
3340 4158 3490 4210 ὕδατι
3520 4154 3606 4206 καὶ
3632 4149 3716 4216 τῆς

2181 4253 2329 4323 ὥρας
2355 4253 2674 4320 ἐκπλαγεὶς,
2722 4250 2905 4320 πολλῷ
2934 4251 3135 4321 μᾶλλον
3165 4252 3379 4322 ἑτέροις
3417 4245 3598 4308 ἐπάξει
3638 4239 3716 4290 τὸν

2179 4343 2400 4410 δλεθρον
2427 4345 2456 4395 ὁ
2508 4343 2784 4413 βάσκανος
2833 4341 3130 4412 ὀφθαλμὸς,
3164 4340 3349 4410 βέλος,
3377 4338 3558 4403 ὥσπερ
3588 4328 3719 4385 ἰῶδες

2180 4436 2293 4499 τοῖς
2321 4433 2629 4505 ὁρωμένοις
2658 4434 2818 4485 τοῦτο
2846 4432 3031 4495 ὲνιείς.
3061 4433 3172 4484 Καὶ
3202 4430 3379 4485 ταῦτα
3405 4427 3500 4498 μὲν
3526 4419 3718 4505 ὴπεῖρέ

2180 4527 2272 4579 καὶ
2304 4503 2551 4596 ὁ-χρόνος
2617 4522 2885 4578 ἀνέκαθεν
2931 4521 3164 4585 ἔδειξενο
3235 4523 3286 4574 οἱ
3342 4519 3446 4588 γὰρ
3478 4503 3718 4596 ὀφθαλμοί

2178 4617 2274 4670 καὶ
2296 4590 2466 4686 δριίίσι
2505 4614 2601 4666 καὶ
2634 4617 2930 4682 πάσχουσι,
2971 4613 3101 4665 ποτὲ
3118 4613 3216 4677 μὲν
3247 4611 3568 4680 πέμποντες,

2178 4705 2235 4758 δὲ
2273 4680 2574 4774 δεῇζὸμενοι,
2606 4701 2682 4764 ὡς
2718 4680 2940 4753 ἐπὶτῶν
2977 4700 3274 4771 ἐρωμένων
3301 4693 3448 4751 ἐστιν
3477 4691 3619 4744 ίδεῖν.
3664 4680 3715 4731 Ὀ

2179 4797 2235 4850 δὲ
2263 4797 2439 4866 μέγας
2468 4793 2751 4856 Βασίλειος
2785 4797 2840 4846 ἐν
2858 4786 2937 4855 οἷς
2967 4791 3320 4862 ὲπεξηγεῖται
3351 4789 3446 4858 τὴν
3473 4780 3564 4836 τοῦ
3585 4789 3718 4866 τριξν

2181 4887 2374 4940 κοστοῦ
2406 4887 2592 4956 τρίτου
2632 4885 2852 4954 ψαλμοῦ
2909 4885 3252 4954 ἐπιγραφὴν,
3280 4883 3375 4938 καὶ
3399 4877 3518 4932 τάδε
3553 4862 3714 4939 φησιν’

2186 4998 2206 5030 ‹
2258 4979 2393 5034 Ἀλλ’
2433 4977 2543 5047 ἐγὼ
2578 4978 2736 5031 τοῦτο
2766 4978 2972 5045 μέντοι,
3012 4979 3076 5031 τὸ
3137 4977 3288 5047 βέλος
3339 4972 3488 5031 ἰῶδες
3535 4957 3717 5024 ἐκπέίν

2182 5084 2305 5121 πειν
2359 5071 2486 5132 τοὺς
2525 5069 2863 5139 ὀφθαλμοὺς,
2917 5070 3321 5138 ἁποπέμπομαι
3380 5063 3452 5124 ὡς
3495 5049 3715 5122 δημῶδες

2181 5161 2278 5216 καὶ
2303 5163 2368 5230 τῇ
2413 5160 2817 5228 γυναικωνίτιδι
2881 5161 3255 5232 παρεισαχθὲν
3317 5158 3419 5213 ὑπὸ
3468 5148 3712 5224 γραΐδιον·

2181 5254 2359 5306 ἐκεῖνο
2400 5251 2457 5304 δέ
2485 5268 2653 5321 φημι,
2697 5253 2779 5305 ὅτι
2815 5253 2866 5306 οἱ
2894 5255 3182 5322 μισόκαλοι
3221 5254 3491 5322 δαίμονες,
3517 5235 3712 5296 ἐπειδὰν

2181 5340 2382 5402 οἰκείας
2414 5340 2625 5403 ἑἀυτοῖς
2648 5339 2851 5409 εὕρωσι
2881 5344 3258 5414 προαιρέσεις,
3299 5336 3556 5396 παντοίως
3590 5327 3710 5380 ὥστε

2185 5421 2282 5488 καὶ
2309 5436 2424 5497 τοῖς
2463 5434 2768 5505 ὀφθαλμοῖς
2801 5435 2912 5490 τῶν
2936 5436 3243 5506 βασκάνων.
3282 5455 3303 5488 ι

2218 5741 2223 5745 .
2263 5695 2591 5766 Διαληφθεὶς
2617 5694 2710 5748 οὖν
2740 5694 2767 5747 ὁ
2795 5694 2938 5764 ὄφις,
2971 5698 3252 5769 τουτέστιν
3278 5695 3304 5746 ὁ
3326 5683 3637 5760 βασιλίσκος.
3655 5665 3706 5718 οὐ

2184 5786 2346 5856 μόνον
2385 5785 2463 5856 τῷ
2515 5783 2789 5857 βλέμματι
2835 5787 2960 5850 τοὺς
3009 5787 3314 5856 ὲνορῶντας
3373 5773 3529 5834 αὐτὸν
3560 5774 3708 5820 κατα·
