3936 6424
360 1318 369 1334 ’
445 1304 727 1358 exhaurit.
786 1301 909 1356 Mox
944 1316 1065 1356 sese
1115 1300 1308 1355 morbo
1347 1298 1571 1354 liberari
1618 1298 2025 1353 animadvertit.

444 269 543 337 tat
900 229 911 237 ’
1721 261 2025 333 meum

2133 273 2143 329 ί
2182 268 2440 331 GLYCA!
2994 266 3006 276 ’
3584 269 3677 338 132

440 397 711 450 veterem,
741 396 868 439 cum
899 380 1093 438 activo
1123 388 1375 450 tempore
1403 379 1582 451 spicas
1613 381 1897 450 vellerent,
1931 383 2020 439 siti

2133 381 2251 451 Βρες
2279 383 2423 447 τινὲς
2453 385 2693 452 στάχυας
2762 380 2991 437 ἔτιλλον.
3040 382 3153 437 Καὶ
3203 381 3363 438 τοῦτο
3412 385 3678 452 ποιοῦντες

443 480 617 534 fuisse
673 484 979 545 correptos.
1043 472 1233 542 Itaque
1293 471 1574 528 vasculum
1623 473 1691 528 ad
1745 475 2017 545 quoddam

2133 473 2266 544 Βίψει
2301 474 2543 543 γίνονται
2573 475 2820 547 κάτοχοι.
2845 474 3137 547 Ταύτῃ-τοι
3166 477 3264 532 καὶ
3315 478 3449 548 πρὸς
3474 481 3681 548 ἀγγεῖον

441 573 574 626 vino
608 570 834 641 plenum
867 567 1197 629 cucurrisse,
1242 565 1393 634 quod
1430 580 1498 620 eo
1535 580 1595 621 se
1633 566 1779 621 sitim
1810 567 2021 622 exstin~

2133 564 2351 636 ἔτρεχον
2382 568 2527 621 οίνου
2565 569 2789 639 μεστὸν,
2817 566 3134 631 ἐλπίζοντες
3191 569 3404 623 ἐκεῖθεν
3449 571 3683 624 ἀπαλλα-

445 672 633 718 cturos
662 668 968 730 sperarent.
1056 656 1259 712 Verum
1296 670 1358 712 ea
1404 671 1502 727 spe
1530 656 1839 723 excidisse;
1895 671 2022 711 nam

2133 657 2227 728 γὴν
2254 658 2355 728 τῆς
2380 658 2543 729 δίψης
2574 660 2632 711 εύ
2644 662 2776 728 ρεῖν.
2816 660 2959 715 Ἀλλ’
2990 662 3309 732 ἐσφάλησαν
3334 661 3428 715 τοῦ
3452 664 3647 716 σκοποῦ
3665 677 3681 695 ·

445 758 635 827 vipera
668 754 851 810 subito
888 754 1013 809 inde
1045 753 1338 821 prosiliens
1372 751 1624 806 homines
1666 752 1735 806 ab
1770 751 2022 806 instituto

2133 746 2240 819 ἔχις
2280 749 2390 821 γὰρ
2418 750 2630 804 ἐκεῖθεν
2671 751 2931 823 αίφνηδδν
2980 753 3343 825 ἐκπηδήσασα
3373 754 3471 824 τῆς
3516 757 3682 825 ὁρμῆς

446 845 758 899 revocabat.
821 842 960 908 Quid
1007 842 1310 896 secundum
1346 841 1463 895 haec
1514 840 1738 894 evenit?
1788 839 2025 895 Sumunt

2133 841 2325 903 αὐτοὺς
2357 841 2692 913 ἀνεχαίτισε.
2741 843 2809 897 Τί
2830 842 2890 897 τδ
2929 844 3025 896 ἐπὶ
3063 843 3306 910 τούτοιςς
3339 845 3684 915 Λαμόάνουσι

444 940 660 1001 vinum,
693 936 855 1005 idque
886 934 1104 989 cuidam
1136 932 1346 987 homini
1379 931 1578 986 misere
1604 931 1801 985 affecto
1842 930 2023 999 porri-

2133 931 2218 983 τὸν
2243 927 2387 985 οίνον
2416 933 2512 986 καὶ
2541 934 2816 1005 ἀνθρώπῳ
2853 937 2962 989 τινὶ
3015 935 3389 1007 λελωϐημένῳ
3444 936 3688 1002 διδόασιν,

446 1040 603 1103 gnnt,
663 1038 724 1084 ut
770 1030 877 1083 hoc
928 1035 1094 1096 epoto
1124 1028 1291 1081 citius
1328 1023 1493 1079 tantis
1518 1023 1798 1078 doloribus
1826 1022 2025 1077 libera-

2133 1019 2202 1085 ὥς
2233 1023 2487 1078 ἐντεῦθεν
2544 1025 2709 1081 αὑτὸν
2762 1027 2957 1081 θᾶττον
3002 1027 3270 1097 ἐκστῆναι
3326 1028 3438 1081 τῶν
3474 1021 3573 1083 ὦδε
3604 1031 3691 1081 καὶ

446 1133 620 1187 retur,
655 1136 761 1175 nec
793 1134 966 1189 usque
994 1118 1132 1173 adeo
1164 1120 1377 1172 tristem
1427 1115 1659 1186 amplius
1698 1118 1866 1169 vitam
1898 1129 2025 1185 age-

2133 1114 2206 1186 μή
2237 1117 2298 1169 τὸ
2321 1116 2422 1189 ζῇν
2451 1116 2624 1182 οὕτως
2651 1118 2798 1188 ἐχειν
2838 1118 3137 1175 ἐπώδυνον.
3173 1120 3403 1190 Δέχεται
3438 1120 3530 1173 τὸν
3557 1117 3690 1173 οἶνον

447 1223 550 1268 ret.
592 1212 805 1282 Accipit
842 1212 1087 1265 oblatum
1125 1209 1217 1263 ille
1248 1207 1460 1271 vinum,
1506 1214 1712 1261 etcum
1749 1205 2025 1275 voluptate

2133 1207 2365 1272 ἐκεῖνος,
2399 1207 2521 1277 μεθ’
2572 1208 2768 1279 ήδονῆς
2803 1210 3038 1281 ἐκροφᾷ,
3071 1212 3167 1265 καὶ
3222 1211 3567 1281 παραχρῆμα
3600 1211 3693 1280 τῆς

2128 1300 2285 1353 νόσου
2326 1298 2601 1370 λύτρωσιν
2630 1299 2849 1371 εὕρατο.
2883 1300 3112 1354 Ἔκτοτε
3162 1296 3254 1355 οὖν
3284 1302 3341 1355 αἱ
3369 1302 3466 1371 τῆς
3493 1301 3693 1371 ἐχίδνης

448 1391 816 1458 Quamobrem
859 1391 1067 1445 abillo
1101 1396 1347 1458 tempore
1372 1400 1570 1442 carnes
1613 1386 1870 1457 viperina:
1900 1387 2025 1443 huic

2133 1390 2335 1459 σάρκες
2369 1390 2733 1459 ἐμϐάλλονται
2759 1389 2837 1460 τῷ
2882 1391 3186 1464 φαρμάκῳ.
3228 1391 3394 1446 Ἀλλά
3455 1393 3548 1445 καί⁸
3610 1393 3696 1462 θη-

448 1485 746 1555 pharmaco
793 1481 1015 1536 misceri
1062 1488 1491 1543 consueverunt,
1518 1476 1607 1532 cui
1643 1475 1896 1533 theriacae
1922 1492 2025 1532 no-

2133 1479 2330 1550 ριακήν
2359 1480 2422 1532 τὸ
2453 1477 2698 1533 τοιοῦτον
2763 1479 2855 1534 διά
2902 1479 3005 1544 τὰς
3063 1479 3174 1534 τῶν
3234 1480 3443 1552 θηρίων
3499 1481 3695 1553 σάρκας

449 1591 577 1630 men
607 1575 795 1629 datum
821 1584 905 1627 est
926 1588 956 1626 a
986 1570 1118 1625 feris
1144 1578 1309 1639 atque
1335 1567 1549 1632 bestiis,
1576 1567 1777 1637 quibus
1808 1566 1874 1620 ad
1905 1581 2025 1621 eam

2133 1571 2558 1641 ἐπονομάζουσι,
2624 1571 2721 1625 καὶ
2780 1571 2863 1625 ὄτι
2910 1573 3025 1636 τοῖς
3061 1571 3171 1627 άπὸ
3206 1572 3318 1626 τῶν
3369 1571 3547 1642 ὄφεων
3574 1572 3692 1641 am.

448 1665 848 1721 conficiemam
888 1664 1119 1717 utimur.
1182 1660 1249 1714 Et
1302 1657 1561 1714 conducit
1615 1656 1668 1711 in
1720 1644 1911 1727 primis
1958 1658 2025 1713 ad

2136 1675 2301 1729 μασιο
2340 1661 2437 1713 καὶ
2486 1658 2634 1729 μάλα
2713 1659 2775 1712 τὸ
2829 1659 3075 1714 τοιοῦτον
3124 1660 3419 1731 ἁρμόττει.
3476 1661 3584 1731 Τῆς
3644 1659 3696 1714 δέ

452 1759 727 1813 sanandos
754 1762 1077 1824 serpentum
1113 1766 1363 1806 morsus.
1397 1752 1605 1805 Auctor
1638 1725 1849 1805 inventi
1881 1750 2025 1819 prin-

2135 1725 2395 1823 τοιαύτης
2471 1725 2813 1820 ἐπινοήσεως
2885 1725 3259 1823 ’Δνδρόμαχύς
3333 1770 3420 1816 τις
3478 1725 3693 1823 γέγονεν

386 1840 392 1846 ’
450 1866 580 1920 ceps
624 1851 792 1903 fuisse
841 1847 1015 1902 fertur
1048 1841 1471 1900 Andromachus
1499 1842 1749 1913 quidam,
1783 1848 1847 1896 ut
1873 1840 2025 1896 Gale-

2135 1845 2335 1908 αίτιος,
2387 1841 2533 1897 καθά
2581 1857 2719 1911 φησι
2769 1840 3033 1913 Γαληνὸς,
3093 1844 3455 1914 συνακμάσας
3497 1843 3571 1916 τῷ
3599 1842 3696 1897 Νέ-

448 1956 552 1995 nus
581 1940 823 2009 scripsit,
858 1939 951 2009 qui
979 1934 1217 1992 Neronis
1245 1943 1405 1990 astate
1431 1934 1589 1990 vixit.
2136 1956 2290 2005 ρωνι.
2706 1962 2711 1969 ~
3274 1940 3281 1946 ’

514 2035 782 2089 Caeterum
832 2038 1030 2100 pra:le
1088 2027 1355 2081 hactenus
1401 2024 1639 2080 indicata
1680 2026 1821 2082 scire
1865 2027 2033 2084 debes

446 2125 770 2181 convolutos
795 2128 1082 2191 serpentes
1106 2119 1277 2185 coire,
1300 2116 1761 2186 quemadmodum
1789 2119 2029 2174 crinacei

449 2227 715 2274 coeuntes
742 2216 812 2270 ob
844 2214 1029 2283 apinas
1058 2210 1194 2265 recti
1232 2219 1381 2264 stare
1410 2210 1608 2264 solent.
1648 2210 1853 2276 Quodsi
1896 2226 2030 2267 cau-

449 2326 567 2366 sam
597 2309 735 2364 libet
764 2317 1121 2376 cognoscere,
1151 2301 1506 2371 quamobrem
1533 2311 1820 2371 serpentes
1850 2303 2031 2358 hieme

450 2415 650 2458 terram
687 2399 941 2460 subeant,
972 2403 1162 2449 aestate
1194 2408 1413 2447 rursum
1464 2393 1532 2447 ad
1574 2393 1693 2447 loca
1743 2394 2029 2464 superiora

448 2491 741 2564 prodeant,
763 2485 1110 2559 perspicuum
1136 2493 1217 2538 est
1236 2484 1380 2537 illam
1407 2482 1715 2552 hujusmodi
1738 2485 2029 2554 quamdam

450 2598 596 2639 esse.
624 2582 736 2653 σο
767 2579 971 2634 Natura
1002 2591 1232 2648 serpens
1259 2574 1488 2646 frigidus
1519 2583 1625 2639 est,
1653 2570 1863 2640 siccus,’
1889 2592 2023 2632 ner-

447 2691 637 2742 vosus,
681 2673 863 2742 exigui
913 2670 1219 2740 sanguinis,
1249 2683 1359 2738 quo
1388 2667 1450 2721 fit
1476 2676 1537 2722 ut
1562 2668 1880 2722 necessario
1911 2669 2031 2724 loca

447 2784 664 2838 semper
693 2767 865 2822 calida
895 2772 1124 2835 quaerat.
1179 2761 1427 2830 Cumque
1465 2774 1566 2830 per
1597 2760 1833 2815 hiemem
1870 2762 2020 2816 calor

446 2863 514 2918 ad
535 2863 642 2915 ima
666 2858 889 2913 tendere
908 2855 1103 2919 soleat,
1133 2867 1232 2923 per
1260 2860 1507 2906 aestatem
1529 2855 1814 2906 sursumin
1841 2867 2033 2922 super-

446 2955 570 3011 ﬁcie
621 2943 778 3008 terrae
827 2952 985 3019 quasi
1026 2947 1394 3016 dispergatur,
1454 2954 1742 3014 propterea
1797 2958 2029 3015 serpens

447 3048 613 3101 etiam
640 3045 896 3114 regiones
939 3040 1167 3107 locaque
1197 3050 1297 3091 sua
1337 3049 1440 3106 pro
1464 3036 1609 3091 aeris
1640 3037 2028 3091 constitutione

449 3148 663 3195 mutare
689 3133 996 3190 consuevit.
1030 3128 1165 3183 Nam
1200 3137 1257 3183 et
1286 3143 1438 3196 aquae
1466 3126 1714 3197 puteales
1739 3141 1837 3195 per
1867 3137 2029 3181 aesta-

448 3239 558 3284 tem
598 3207 806 3298 frigidae
836 3233 983 3289 sunt,
1035 3236 1133 3291 per
1182 3220 1421 3273 hiemem
1452 3217 1664 3272 calidae.
1698 3216 1853 3271 Tunc
1878 3217 2027 3270 enim

448 3323 652 3392 frigore
685 3327 870 3388 partes
913 3323 1196 3385 puteorum
1228 3324 1514 3380 supremas
1539 3318 1845 3379 occupante
1881 3309 2031 3363 calor

447 3416 517 3470 ad
558 3415 669 3468 ima
702 3411 896 3466 tendit.
947 3410 1080 3474 Quae
1107 3420 1270 3461 causa
1305 3415 1411 3469 est,
1443 3417 1545 3457 cur
1580 3401 1843 3472 ejusmodi
1877 3417 2033 3472 aqua:

452 3520 549 3575 per
607 3503 844 3571 hiemem
880 3499 1110 3554 caleant.
1175 3495 1392 3565 Quippe
1442 3499 1637 3545 natura
1685 3505 2029 3560 nequaquam

450 3595 699 3651 instituit
725 3599 784 3646 ut
812 3590 983 3659 frigus
1013 3595 1178 3655 atque
1195 3585 1343 3639 calor
1358 3581 1553 3639 eodem
1581 3579 1635 3635 in
1662 3580 1783 3636 loco
1811 3582 2032 3646 eodem.

449 3702 557 3762 que
580 3695 827 3757 tempore
864 3681 1028 3737 simul
1058 3680 1346 3735 exsistant.

521 3876 656 3932 Volo
686 3885 739 3929 te
780 3873 883 3929 hoc
926 3885 1149 3941 quoque
1187 3874 1387 3939 praeter
1418 3865 1664 3937 exposita
1695 3865 1858 3931 scire,
1889 3879 2024 3921 con-

449 3985 639 4028 suesse
672 3981 859 4025 sacras
883 3966 1119 4021 Litteras
1150 3970 1437 4031 serpentes
1457 3961 1726 4015 maximos
1754 3959 2028 4028 appellare

449 4067 737 4127 dracones,
769 4041 1070 4131 praesertim
1103 4071 1227 4111 cum
1250 4056 1318 4110 de
1342 4053 1505 4109 Musis
1529 4054 1678 4124 virga
1704 4054 2024 4120 loquuntur,

424 4158 626 4222 ,fuisse
665 4156 886 4226 quidem
918 4152 1062 4206 illam
1095 4149 1249 4219 prius
1279 4148 1335 4202 in
1376 4155 1690 4215 serpentem
1720 4154 2028 4198 commuta-

451 4245 587 4316 tam,
628 4262 817 4303 verum
861 4245 1122 4311 deinceps
1155 4240 1207 4294 in
1260 4238 1581 4302 draconem,
1607 4250 1672 4289 ac
1723 4233 2025 4289 secundum

451 4343 568 4397 hac
611 4342 793 4411 virgas
833 4334 1292 4408 praestigiatorum
1354 4327 1656 4384 Pharaonis
1704 4328 2022 4392 devorasse,

2205 2015 2359 2100 Πρὸς
2378 2028 2435 2083 δέ
2468 2046 2529 2098 γε
2560 2030 2671 2093 τοῖς
2727 2027 3065 2100 εἰρημένοις,
3114 2028 3497 2101 ἐλιττομένους
3543 2029 3695 2099 ἀλλή-

2133 2121 2245 2186 λοις
2277 2106 2515 2189 γίνωσκε
2558 2121 2682 2185 τοὺς
2728 2121 2884 2191 ὄφεις
2942 2120 3253 2192 ὀχεύεσθαι,
3305 2121 3451 2177 καθὰ
3507 2121 3572 2192 δή
3610 2122 3696 2174 καὶ

2133 2213 2261 2275 τοὺς
2286 2212 2499 2283 ἐχίνους
2549 2212 2769 2283 ὀρθίους
2812 2213 3140 2284 ἱσταμένους
3193 2212 3282 2268 διὰ
3318 2212 3418 2285 τὴν
3449 2214 3693 2269 ἄκανθαν.

2133 2305 2198 2360 Εί
2225 2305 2395 2359 δέκα-ἱ
2440 2305 2538 2377 τὴν
2568 2305 2750 2361 αἰτίαν
2781 2305 2964 2377 βούλει
3011 2304 3207 2374 μαθεῖν
3257 2307 3330 2360 δι’
3365 2307 3432 2378 ἢν
3476 2309 3522 2361 οί
3549 2307 3693 2377 ὄφεις

2132 2397 2402 2467 χειμῶνος
2455 2399 2556 2467 μέν
2588 2400 2656 2469 τῇ
2691 2401 2761 2469 γῇ
2800 2399 3184 2463 καταδύονται,
3249 2398 3444 2471 θέρους
3475 2399 3531 2453 δὲ
3581 2401 3697 2461 τοὺς

2131 2489 2246 2543 ἄνω
2271 2495 2472 2553 τόπους
2505 2489 2855 2559 ἐπιζητοῦσι,
2893 2490 3074 2560 σαφής
3102 2490 3185 2545 ὄτι
3215 2494 3317 2545 καὶ
3363 2491 3503 2562 αὕτη
3566 2491 3693 2546 ἐστί.

2132 2580 2355 2652 Ψυχρδς
2391 2580 2568 2652 ὂόφις
2598 2581 2715 2635 ἐστὶ
2771 2584 2867 2636 καὶ
2921 2581 3084 2654 ξηρὸς
3139 2584 3235 2636 καὶ
3300 2583 3569 2654 νευρώδης
3608 2583 3695 2636 καὶ

2131 2672 2472 2743 ὀλιγόαιμος,
2504 2675 2591 2743 ἐφ’
2621 2668 2665 2743 ᾧ
2694 2675 2793 2727 καὶ
2824 2676 2953 2738 τοὺς
2987 2673 3231 2744 θερμοὺς
3281 2677 3372 2728 ἀεὶ
3392 2677 3585 2739 τόπους
3642 2673 3694 2739 ἐξ

2132 2765 2380 2836 ἀνάγκης
2409 2764 2665 2836 ἐπιζητεῖ
2686 2783 2703 2800 δ
2740 2767 2836 2821 καὶ
2865 2767 3057 2835 ἐπειδὴ
3090 2767 3370 2839 χειμῶνος
3405 2769 3551 2840 μένή
3577 2769 3691 2835 θερ-

2136 2855 2307 2928 μότης
2339 2856 2490 2911 κάτω
2526 2859 2724 2927 χωρεῖν
2765 2855 2947 2923 εἴωθέ,
3010 2859 3201 2929 θέρους
3232 2859 3295 2913 δὲ
3350 2861 3553 2914 ἄνωθεν
3579 2860 3690 2911 ἐπι-

2134 2948 2389 3015 πολάζει,
2419 2948 2510 3001 διὰ
2534 2949 2693 3002 τοῦτο
2748 2951 2843 3004 καὶ
2874 2949 2973 3014 τὰς
3002 2951 3201 3004 ἐαυτοῦ
3256 2953 3436 3023 νομάς
3463 2954 3592 3024 πρός
3634 2966 3692 3019 γε

2133 3039 2232 3108 τήν
2257 3038 2352 3091 τοῦ
2382 3039 2546 3111 ἀέρος
2581 3042 2916 3095 κατάστασιν
2952 3039 3286 3095 ὑπαλλάττει
3319 3042 3347 3095 ὁ
3381 3042 3526 3113 ὄφις.
3558 3041 3693 3111 Ὅρα

2132 3132 2240 3204 γάρ
2269 3134 2351 3186 ὅτι
2385 3136 2478 3187 καὶ
2502 3134 2570 3188 τά
2599 3136 2894 3205 φρεατιαῖα
2924 3132 3093 3188 ὕδατα
3123 3134 3321 3205 θέρους
3358 3137 3456 3204 μὲν
3503 3136 3689 3204 τυγχά-

2130 3242 2211 3281 νει
2232 3228 2441 3299 ψυχρὰ,
2478 3228 2748 3300 χειμῶνος
2770 3229 2827 3282 δέ
2856 3228 3059 3301 θερμά.
3092 3231 3415 3299 Τηνικαῦτα
3466 3232 3554 3285 καὶ
3590 3229 3687 3298 γάρ

2129 3319 2228 3389 τῆς
2248 3321 2590 3392 ψυχρότητος
2638 3322 2844 3377 ἄνωθεν
2901 3321 3353 3396 ἐπιπολαζούσης
3390 3325 3470 3389 εἰς
3509 3325 3567 3377 τὸ
3605 3323 3692 3394 βά-

2131 3410 2221 3475 θος
2251 3414 2285 3482 ή
2338 3412 2609 3486 θερμότης
2640 3418 2829 3485 χωρεῖ,
2887 3415 3009 3469 ὅθεν
3074 3416 3171 3468 καὶ
3223 3415 3410 3488 θερμά
3450 3416 3690 3487 τυγχάνει

2130 3505 2273 3557 κατά
2293 3519 2357 3573 γε
2392 3505 2483 3557 τὸν
2512 3506 2763 3588 χειμῶνα
2826 3506 2895 3560 τά
2943 3506 3137 3563 ὕδατα.
3190 3507 3307 3579 Τήν
3351 3527 3410 3564 τε
3465 3511 3569 3581 γάρ
3592 3509 3686 3579 ψυ-

2131 3594 2372 3666 χρότητα
2395 3597 2493 3651 καὶ
2522 3597 2841 3668 θερμότητα
2908 3598 3052 3654 κατά
3091 3616 3157 3668 γε
3188 3600 3280 3654 τὸν
3339 3600 3500 3657 αὐτὸν
3536 3600 3688 3654 τόπον

2128 3690 2222 3740 καὶ
2295 3687 2488 3757 χρόνον
2545 3687 2665 3759 ἃμα
2727 3690 2912 3759 μένειν
2978 3693 3011 3762 ἡ
3074 3690 3241 3762 φύσις
3278 3693 3407 3747 ὀὐκ
3452 3682 3693 3763 ’ἐνομοθέ-

2128 3795 2315 3847 τησεν.

2212 3867 2375 3922 Ἀλλά
2404 3868 2498 3921 καὶ
2526 3867 2686 3924 τοῦτο
2715 3870 2853 3943 πρὸς
2896 3873 3009 3935 τοῖς
3042 3872 3227 3939 ἄλλοις
3254 3875 3456 3931 εἰδέναι
3488 3892 3545 3928 σε
3577 3872 3694 3945 βού-

2127 3962 2310 4032 λομαι.
2336 3964 2471 4026 Τοὺς
2504 3965 2795 4035 μεγίστους
2829 3965 2981 4035 ὄφεις
3000 3966 3299 4037 δράκοντας
3334 3969 3491 4023 εἴωθε
3519 3967 3692 4021 καλεῖν

2134 4055 2167 4125 ἡ
2204 4055 2419 4126 Γραφὴ,
2461 4060 2554 4109 καὶ
2594 4058 2796 4127 μᾶλλον
2832 4059 2992 4128 ἡνίκα
3038 4062 3170 4131 περὶ
3204 4060 3307 4130 τῆς
3337 4062 3533 4133 ῥάϐδου
3555 4061 3691 4127 λέγει

2127 4141 2223 4195 τοῦ
2255 4144 2521 4210 Μωσέως,
2565 4145 2977 4216 μεταόληθῆναι
3008 4146 3108 4217 μέν
3159 4149 3237 4210 είς
3269 4149 3396 4217 ὄφιν
3423 4149 3486 4201 τὸ
3513 4144 3692 4216 πρότε-

2132 4247 2243 4300 ρον,
2280 4225 2383 4284 εἶθ’
2409 4229 2582 4296 οὕτως
2636 4235 2711 4294 είς
2759 4233 3054 4303 δράκοντα,
3094 4236 3395 4292 κάντεῦθεν
3433 4237 3529 4300 τὰς
3567 4234 3692 4305 ράἦ-
3730 4299 3733 4304 η

2127 4321 2249 4385 δους
2281 4321 2392 4377 τῶν
2438 4323 2709 4378 ἐπαοιδῶν
2740 4325 2837 4378 τοῦ
2870 4325 3072 4398 Φαραὼ
3111 4331 3428 4392 καταπιεῖν,
3462 4327 3555 4382 καὶ
3596 4326 3692 4379 αὐ-

447 4446 570 4502 qua:
595 4440 650 4486 et
681 4404 814 4495 ipsa
833 4404 897 4480 in
923 4404 1209 4499 serpentes
1237 4430 1397 4477 erant
1428 4426 1796 4474 commutatae.
1830 4416 2022 4471 Itidem

2138 4412 2235 4477 τὰς
2275 4414 2437 4485 δῆθεν
2493 4416 2573 4479 είς
2627 4415 2783 4485 ὄφεις
2841 4404 3298 4491 μεταδληθείὰας.
3340 4419 3500 4474 Ἀλλά
3546 4416 3637 4471 καὶ
3667 4416 3695 4468 ὁ

447 4533 604 4580 vates
656 4522 749 4576 ille
805 4518 1038 4573 Davidcs
1091 4515 1160 4571 de
1210 4523 1434 4568 cetaceo
1495 4523 1699 4579 genere
1758 4510 2019 4577 loquens,

455 4615 678 4674 «Draco.
708 4610 904 4681 inquit,
954 4610 1058 4663 iste
1098 4619 1261 4676 quem
1300 4599 1623 4664 condidisti,
1673 4608 1735 4655 ut
1784 4601 1841 4655 in
1887 4601 2022 4655 mari

366 4702 367 4705 “
453 4707 729 4762 luderet.»
788 4700 1061 4755 Ceterum
1134 4707 1308 4765 genus
1366 4691 1639 4763 ejusmodi
1697 4692 2020 4760 draconum,

449 4799 610 4869 quale
647 4794 920 4866 quoddam
971 4771 1239 4845 exsistere
1269 4785 1432 4854 vulgo
1466 4783 1805 4854 perhibetur,
1835 4785 2023 4840 hacte-

448 4903 556 4943 nus
611 4883 949 4953 descriptum
1021 4893 1154 4934 sane
1206 4891 1477 4953 nusquam
1537 4875 2018 4946 deprehendimus.

451 4981 566 5037 Nec
593 4951 884 5050 propterea
911 4972 1211 5041 fulgureus.
1255 4951 1398 5039 ignis
1444 4968 1701 5022 deorsum
1756 4967 1931 5022 fertur
1964 4973 2023 5019 ut

450 5068 761 5143 huiusmodi
785 5067 1053 5121 dracones
1090 5070 1302 5117 exurat.
1346 5061 1479 5131 Ipsa.
1498 5062 1799 5116 draconum
1829 5068 2019 5113 natura

447 5165 591 5219 sicca
620 5167 706 5213 est
729 5165 783 5211 et
807 5152 1109 5209 substantia
1136 5146 1368 5221 quadam
1404 5150 1557 5220 ignea
1588 5157 1821 5205 constat.
1849 5146 2021 5217 Quip-

449 5267 519 5324 pe
551 5251 619 5305 de
656 5248 899 5318 ipsorum
937 5242 1110 5297 oculis
1135 5242 1301 5296 etiam
1337 5240 1477 5311 ignis
1506 5238 1733 5303 emicat,
1775 5245 1829 5291 et
1861 5249 2025 5288 vene-

448 5359 580 5399 num
638 5338 791 5410 quod
847 5344 1111 5390 evomunt
1179 5333 1455 5389 fumosum
1510 5340 1617 5396 est,
1677 5342 2023 5400 corporaque

447 5442 698 5490 contacta
733 5429 973 5485 dissilire
1001 5428 1153 5484 facit.
1186 5427 1319 5482 lnde
1350 5427 1409 5480 fit
1440 5433 1499 5479 ut
1532 5424 1600 5478 ad
1633 5421 2022 5476 inflammatio-

447 5545 574 5585 nem
628 5528 930 5599 dispositus
979 5527 1049 5582 sit
1078 5507 1292 5588 draco,
1352 5521 1619 5597 siccitatis
1671 5534 1782 5575 suae
1832 5531 2019 5572 causa.

446 5622 813 5687 Quamobrem
848 5619 947 5674 sibi
977 5635 1007 5673 a
1038 5619 1264 5674 fulmine
1296 5616 1510 5680 metuit,
1540 5626 1595 5669 et
1625 5625 2019 5680 nonnunquam

447 5714 710 5771 exsiliens
752 5727 851 5783 per
878 5727 1057 5769 aerem
1099 5713 1291 5769 fertur.
1341 5708 1545 5774 Quaerit
1613 5708 1741 5761 item
1801 5703 2019 5759 humida

2133 4509 2424 4578 προφήτης
2448 4507 2613 4561 Δαυῖδ
2646 4508 2709 4562 τὸ
2740 4511 2966 4578 κηταῐον
2997 4511 3362 4582 ύπεμφαίνων
3386 4515 3539 4582 γένος
3561 4509 3692 4564 οὕτω

2131 4601 2263 4668 φησί
2282 4614 2301 4631 ⁸
2334 4619 2353 4651 ι
2381 4601 2609 4669 Δράκων
2634 4595 2788 4664 οὗτος
2809 4600 2870 4654 ὃν
2894 4600 3136 4665 ἔπλασας
3165 4602 3462 4672 ἐμπαίζειν
3486 4603 3640 4673 αὐτῇ.
3665 4617 3681 4650 ι

2130 4693 2388 4748 Τοιοῦτον
2413 4694 2469 4746 δὲ
2499 4694 2654 4763 γένος
2681 4693 2863 4746 ὁποῖον
2895 4692 3005 4764 ἄρα
3034 4694 3364 4764 φημίζουσιν
3402 4697 3451 4750 οἱ
3491 4693 3689 4756 πολλοὶ,

2132 4786 2295 4856 μέχρι
2330 4785 2424 4839 καὶ
2479 4785 2715 4855 τήμερον
2766 4786 3154 4855 γεγραμμένον
3193 4788 3310 4857 οὐχ’
3335 4787 3597 4859 εὕρομεν·
3632 4784 3691 4837 οὐ

2127 4877 2238 4945 γάρ
2260 4877 2352 4928 ἐπὶ
2377 4872 2554 4944 τούτῳ
2574 4873 2634 4925 τὺ
2662 4874 3004 4943 άστραπαῖον
3030 4872 3235 4928 ἄνωθεν
3254 4876 3693 4947 καταρρήγνυται

2128 4963 2261 5033 πῦρ,
2317 4962 2410 5016 ἐπὶ
2458 4962 2537 5032 τῷ
2578 4964 2704 5026 τοὺς
2735 4965 3014 5027 τοιούτους
3051 4965 3369 5032 δράκοντας’
3392 4964 3688 5036 ἐμπιπρᾷν.

2131 5054 2203 5108 Τὸ
2241 5056 2341 5125 μέν
2392 5051 2486 5109 οὖν
2544 5058 2892 5123 δρακόντειον
2947 5059 3105 5126 γένος
3140 5059 3304 5130 ξηρόν
3333 5076 3393 5112 τε
3415 5059 3513 5127 τὴν
3540 5056 3691 5127 φύσιν

2127 5149 2245 5201 ἐστὶ
2275 5149 2370 5203 καὶ
2396 5147 2519 5221 [τὴν
2552 5146 2738 5220 φύσιν]
2765 5147 3065 5220 διάπυρον·
3095 5151 3207 5220 πῦρ
3253 5150 3361 5222 γὰρ
3404 5152 3497 5203 καὶ
3529 5149 3575 5200 οί
3603 5146 3691 5213 ὀφ-

2128 5242 2325 5313 θαλμοὶ
2351 5244 2532 5297 αὐτῶν
2563 5240 2953 5296 ἀποϐλέπουσι.
2979 5243 3088 5295 Καὶ
3110 5243 3171 5297 ὃν
3203 5243 3258 5297 δὲ
3281 5243 3568 5313 ἐξεμοῦσιν
3595 5242 3686 5301 ίὸν,

2128 5334 2417 5404 καπνώδης
2447 5334 2582 5400 ἐστὶ,
2618 5333 2713 5387 καὶ
2748 5335 2947 5404 διαιρεῖ
2971 5334 3040 5388 τὰ
3081 5335 3312 5405 σώματα
3355 5334 3568 5404 ψαύσας
3597 5331 3686 5385 αύ-

2125 5422 2484 5481 τῶν.’¹Ἐνθεν
2513 5444 2595 5481 τοι
2631 5428 2723 5479 καὶ
2765 5426 3076 5499 εὖπρηστός
3107 5429 3256 5483 ἐστιν
3294 5431 3322 5481 ὁ
3358 5428 3590 5497 δράκων,
3622 5421 3685 5476 δι’

2124 5519 2194 5590 ἢν
2223 5520 2339 5592 ἔχει
2370 5519 2666 5591 ξηρότητα,
2701 5521 2797 5573 καί⁵
2835 5522 2970 5591 πρὸς
3001 5520 3339 5589 κατάφλεξιν
3361 5518 3681 5588 ἐπιτήδειος.

2106 5604 2442 5683 ’Πεφόϐηται
2485 5608 2579 5665 οὖν
2608 5611 2694 5665 διὰ
2734 5611 2907 5665 ταῦτα
2941 5613 3031 5665 τὸν
3072 5612 3356 5683 κεραυνὸν,
3395 5611 3489 5665 καὶ
3536 5606 3681 5661 άλλό·

2130 5703 2288 5771 μενὸς
2323 5703 2470 5755 ἐστιν
2498 5702 2585 5754 ὅτε
2619 5702 2686 5754 δι’
2733 5704 2895 5774 ἀέρος
2931 5702 3409 5775 φέρεταιλτὸπους
3444 5717 3501 5753 τε
3524 5694 3677 5752 καθύ-
