  <div class='ocr_page' id='page_1' title='image "/cluster/home/n/w/nwhite01/storage/ocr_20150623/158/coo.31924054870633/102.png"; bbox 0 0 3936 6474; ppageno 0'>
   <div class='ocr_carea' id='block_1_1' title="bbox 228 317 1770 453">
    <p class='ocr_par' dir='ltr' id='par_1_1' title="bbox 228 319 1770 453">
     <span class='ocr_line' id='line_1_1' title="bbox 228 319 1770 453; baseline 0.003 -24"><span class='ocrx_word' id='word_1_1' title='bbox 228 380 304 453; x_wconf 62' lang='lat' dir='ltr'><strong>n3</strong></span> <span class='ocrx_word' id='word_1_2' title='bbox 551 323 570 326; x_wconf 3' lang='grc' dir='ltr'>θ’</span> <span class='ocrx_word' id='word_1_3' title='bbox 1024 321 1030 332; x_wconf 11' lang='grc' dir='ltr'><strong><em>ς</em></strong></span> <span class='ocrx_word' id='word_1_4' title='bbox 1448 371 1770 437; x_wconf 76' lang='lat' dir='ltr'><strong>ANNALII</strong></span> 
     </span>
    </p>
   </div>
   <div class='ocr_carea' id='block_1_2' title="bbox 1882 317 2185 453">
    <p class='ocr_par' dir='ltr' id='par_1_2' title="bbox 1899 369 2185 430">
     <span class='ocr_line' id='line_1_2' title="bbox 1899 369 2185 430; baseline -0.014 0"><span class='ocrx_word' id='word_1_5' title='bbox 1899 369 2094 430; x_wconf 83' lang='lat' dir='ltr'><strong>PARS</strong></span> <span class='ocrx_word' id='word_1_6' title='bbox 2136 369 2185 426; x_wconf 89' lang='grc' dir='ltr'><strong>Ι.</strong></span> 
     </span>
    </p>
   </div>
   <div class='ocr_carea' id='block_1_3' title="bbox 3330 360 3434 419">
    <p class='ocr_par' dir='ltr' id='par_1_3' title="bbox 3330 360 3434 419">
     <span class='ocr_line' id='line_1_3' title="bbox 3330 360 3434 419; baseline -0.019 0"><span class='ocrx_word' id='word_1_7' title='bbox 3330 360 3434 419; x_wconf 65' lang='grc' dir='ltr'>ιιςι</span> 
     </span>
    </p>
   </div>
   <div class='ocr_carea' id='block_1_4' title="bbox 223 475 1770 570">
    <p class='ocr_par' dir='ltr' id='par_1_4' title="bbox 223 487 1760 570">
     <span class='ocr_line' id='line_1_4' title="bbox 223 487 1760 570; baseline -0.007 -21"><span class='ocrx_word' id='word_1_8' title='bbox 223 516 353 570; x_wconf 55' lang='grc' dir='ltr'>γρῆυς</span> <span class='ocrx_word' id='word_1_9' title='bbox 370 493 620 567; x_wconf 70' lang='grc' dir='ltr'>ἐπιζητεῖ</span> <span class='ocrx_word' id='word_1_10' title='bbox 647 495 742 549; x_wconf 82' lang='grc' dir='ltr'><strong>καὶ</strong></span> <span class='ocrx_word' id='word_1_11' title='bbox 763 497 856 550; x_wconf 68' lang='grc' dir='ltr'>ἐπὶ</span> <span class='ocrx_word' id='word_1_12' title='bbox 878 496 1074 566; x_wconf 78' lang='grc' dir='ltr'><strong>λίμνας</strong></span> <span class='ocrx_word' id='word_1_13' title='bbox 1105 490 1448 562; x_wconf 71' lang='grc' dir='ltr'><strong>καταφεύγει</strong></span> <span class='ocrx_word' id='word_1_14' title='bbox 1473 507 1485 521; x_wconf 83' lang='lat'><strong><em>°</em></strong></span> <span class='ocrx_word' id='word_1_15' title='bbox 1521 487 1630 543; x_wconf 80' lang='grc' dir='ltr'>οἶδε</span> <span class='ocrx_word' id='word_1_16' title='bbox 1653 487 1760 555; x_wconf 79' lang='grc' dir='ltr'>γὰρ</span> 
     </span>
    </p>
   </div>
   <div class='ocr_carea' id='block_1_5' title="bbox 1882 475 3439 570">
    <p class='ocr_par' dir='ltr' id='par_1_5' title="bbox 1885 475 3439 548">
     <span class='ocr_line' id='line_1_5' title="bbox 1885 475 3439 548; baseline -0.005 -10"><span class='ocrx_word' id='word_1_17' title='bbox 1885 498 1980 538; x_wconf 89' lang='lat' dir='ltr'><strong>oca</strong></span> <span class='ocrx_word' id='word_1_18' title='bbox 2023 491 2076 535; x_wconf 86' lang='lat' dir='ltr'><strong>et</strong></span> <span class='ocrx_word' id='word_1_19' title='bbox 2110 481 2174 533; x_wconf 90' lang='lat' dir='ltr'><strong>ad</strong></span> <span class='ocrx_word' id='word_1_20' title='bbox 2210 487 2401 548; x_wconf 84' lang='lat' dir='ltr'><strong>stagna</strong></span> <span class='ocrx_word' id='word_1_21' title='bbox 2436 476 2702 548; x_wconf 69' lang='lat' dir='ltr'><strong>confugit.</strong></span> <span class='ocrx_word' id='word_1_22' title='bbox 2747 477 2908 532; x_wconf 78' lang='lat' dir='ltr'><strong>Novit</strong></span> <span class='ocrx_word' id='word_1_23' title='bbox 2946 475 3091 531; x_wconf 86' lang='lat' dir='ltr'><strong>enim</strong></span> <span class='ocrx_word' id='word_1_24' title='bbox 3125 488 3181 545; x_wconf 83' lang='lat' dir='ltr'><strong>se</strong></span> <span class='ocrx_word' id='word_1_25' title='bbox 3214 485 3439 546; x_wconf 83' lang='lat' dir='ltr'><strong>propter</strong></span> 
     </span>
    </p>
   </div>
   <div class='ocr_carea' id='block_1_6' title="bbox 224 580 1759 660">
    <p class='ocr_par' dir='ltr' id='par_1_6' title="bbox 224 580 1759 660">
     <span class='ocr_line' id='line_1_6' title="bbox 224 580 1759 660; baseline -0.01 -14"><span class='ocrx_word' id='word_1_26' title='bbox 224 594 288 646; x_wconf 75' lang='lat' dir='ltr'><strong>im</strong></span> <span class='ocrx_word' id='word_1_27' title='bbox 310 588 384 643; x_wconf 80' lang='grc' dir='ltr'>διὰ</span> <span class='ocrx_word' id='word_1_28' title='bbox 409 591 509 659; x_wconf 79' lang='grc' dir='ltr'>τὴν</span> <span class='ocrx_word' id='word_1_29' title='bbox 535 588 764 642; x_wconf 81' lang='grc' dir='ltr'>ἐνοῦσαν</span> <span class='ocrx_word' id='word_1_30' title='bbox 796 588 948 660; x_wconf 79' lang='grc' dir='ltr'>αὐτῷ</span> <span class='ocrx_word' id='word_1_31' title='bbox 981 585 1255 658; x_wconf 80' lang='grc' dir='ltr'><strong>ξηρότητα</strong></span> <span class='ocrx_word' id='word_1_32' title='bbox 1283 586 1377 638; x_wconf 68' lang='grc' dir='ltr'><strong>καὶ</strong></span> <span class='ocrx_word' id='word_1_33' title='bbox 1405 584 1513 637; x_wconf 76' lang='grc' dir='ltr'><strong>ἀπὸ</strong></span> <span class='ocrx_word' id='word_1_34' title='bbox 1535 580 1759 648; x_wconf 81' lang='grc' dir='ltr'>διαστή-</span> 
     </span>
    </p>
   </div>
   <div class='ocr_carea' id='block_1_7' title="bbox 233 675 1759 751">
    <p class='ocr_par' dir='ltr' id='par_1_7' title="bbox 233 675 1759 751">
     <span class='ocr_line' id='line_1_7' title="bbox 233 675 1759 751; baseline -0.008 -16"><span class='ocrx_word' id='word_1_35' title='bbox 233 699 371 751; x_wconf 82' lang='grc' dir='ltr'>ματος</span> <span class='ocrx_word' id='word_1_36' title='bbox 401 679 479 749; x_wconf 84' lang='grc' dir='ltr'>τῷ</span> <span class='ocrx_word' id='word_1_37' title='bbox 507 681 781 750; x_wconf 77' lang='grc' dir='ltr'>κεραυνίῳ</span> <span class='ocrx_word' id='word_1_38' title='bbox 816 680 948 750; x_wconf 81' lang='grc' dir='ltr'>πυρὶ</span> <span class='ocrx_word' id='word_1_39' title='bbox 977 677 1402 746; x_wconf 77' lang='grc' dir='ltr'>καταφλέγεται.</span> <span class='ocrx_word' id='word_1_40' title='bbox 1439 675 1609 729; x_wconf 83' lang='grc' dir='ltr'>Ἔνθα</span> <span class='ocrx_word' id='word_1_41' title='bbox 1657 690 1759 725; x_wconf 89' lang='grc' dir='ltr'><strong>που</strong></span> 
     </span>
    </p>
   </div>
   <div class='ocr_carea' id='block_1_8' title="bbox 227 766 1762 846">
    <p class='ocr_par' dir='ltr' id='par_1_8' title="bbox 227 766 1762 846">
     <span class='ocr_line' id='line_1_8' title="bbox 227 766 1762 846; baseline -0.004 -22"><span class='ocrx_word' id='word_1_42' title='bbox 227 773 353 843; x_wconf 76' lang='grc' dir='ltr'>τύχοι</span> <span class='ocrx_word' id='word_1_43' title='bbox 380 772 562 825; x_wconf 80' lang='grc' dir='ltr'>λοιπὸν</span> <span class='ocrx_word' id='word_1_44' title='bbox 592 775 619 826; x_wconf 84' lang='grc' dir='ltr'>ὁ</span> <span class='ocrx_word' id='word_1_45' title='bbox 646 772 864 842; x_wconf 83' lang='grc' dir='ltr'>δράκων</span> <span class='ocrx_word' id='word_1_46' title='bbox 895 772 1164 846; x_wconf 88' lang='grc' dir='ltr'>συρίττων</span> <span class='ocrx_word' id='word_1_47' title='bbox 1209 771 1305 824; x_wconf 73' lang='grc' dir='ltr'>καὶ</span> <span class='ocrx_word' id='word_1_48' title='bbox 1335 768 1506 831; x_wconf 85' lang='grc' dir='ltr'>διιὼν,</span> <span class='ocrx_word' id='word_1_49' title='bbox 1543 766 1762 820; x_wconf 77' lang='grc' dir='ltr'>ἐπειδὰν</span> 
     </span>
    </p>
   </div>
   <div class='ocr_carea' id='block_1_9' title="bbox 225 847 1760 935">
    <p class='ocr_par' dir='ltr' id='par_1_9' title="bbox 225 847 1760 935">
     <span class='ocr_line' id='line_1_9' title="bbox 225 847 1760 935; baseline -0.006 -16"><span class='ocrx_word' id='word_1_50' title='bbox 225 866 310 919; x_wconf 81' lang='grc' dir='ltr'>ὑπὸ</span> <span class='ocrx_word' id='word_1_51' title='bbox 334 865 422 918; x_wconf 89' lang='grc' dir='ltr'><strong>τοῦ</strong></span> <span class='ocrx_word' id='word_1_52' title='bbox 451 866 623 935; x_wconf 77' lang='grc' dir='ltr'>πυρὸς</span> <span class='ocrx_word' id='word_1_53' title='bbox 645 847 956 930; x_wconf 75' lang='grc' dir='ltr'><strong>¹ἐλαύνεται,</strong></span> <span class='ocrx_word' id='word_1_54' title='bbox 988 864 1110 917; x_wconf 85' lang='grc' dir='ltr'>τότε</span> <span class='ocrx_word' id='word_1_55' title='bbox 1155 863 1218 932; x_wconf 86' lang='grc' dir='ltr'>δὴ</span> <span class='ocrx_word' id='word_1_56' title='bbox 1277 865 1345 917; x_wconf 83' lang='grc' dir='ltr'>τὰ</span> <span class='ocrx_word' id='word_1_57' title='bbox 1380 860 1760 931; x_wconf 76' lang='grc' dir='ltr'>παρακείμενα</span> 
     </span>
    </p>
   </div>
   <div class='ocr_carea' id='block_1_10' title="bbox 225 954 1756 1029">
    <p class='ocr_par' dir='ltr' id='par_1_10' title="bbox 225 954 1756 1029">
     <span class='ocr_line' id='line_1_10' title="bbox 225 954 1756 1029; baseline -0.003 -19"><span class='ocrx_word' id='word_1_58' title='bbox 225 960 343 1029; x_wconf 83' lang='grc' dir='ltr'>μέρη</span> <span class='ocrx_word' id='word_1_59' title='bbox 380 958 909 1026; x_wconf 84' lang='grc' dir='ltr'>συγκαταφλέγεται.</span> <span class='ocrx_word' id='word_1_60' title='bbox 945 956 1210 1018; x_wconf 82' lang='grc' dir='ltr'><strong>Πολλάκις</strong></span> <span class='ocrx_word' id='word_1_61' title='bbox 1240 955 1350 1024; x_wconf 79' lang='grc' dir='ltr'><strong>γάρ</strong></span> <span class='ocrx_word' id='word_1_62' title='bbox 1391 955 1488 1008; x_wconf 74' lang='grc' dir='ltr'>καὶ</span> <span class='ocrx_word' id='word_1_63' title='bbox 1525 954 1756 1022; x_wconf 82' lang='grc' dir='ltr'>δράκον·</span> 
     </span>
    </p>
   </div>
   <div class='ocr_carea' id='block_1_11' title="bbox 219 1045 1761 1120">
    <p class='ocr_par' dir='ltr' id='par_1_11' title="bbox 219 1045 1761 1120">
     <span class='ocr_line' id='line_1_11' title="bbox 219 1045 1761 1120; baseline -0.005 -16"><span class='ocrx_word' id='word_1_64' title='bbox 219 1069 292 1113; x_wconf 85' lang='grc' dir='ltr'><strong>τος</strong></span> <span class='ocrx_word' id='word_1_65' title='bbox 321 1050 448 1120; x_wconf 74' lang='grc' dir='ltr'>ἄτερ</span> <span class='ocrx_word' id='word_1_66' title='bbox 477 1046 601 1120; x_wconf 80' lang='grc' dir='ltr'>ἦχοι</span> <span class='ocrx_word' id='word_1_67' title='bbox 629 1067 780 1112; x_wconf 86' lang='grc' dir='ltr'>τινες</span> <span class='ocrx_word' id='word_1_68' title='bbox 810 1048 1162 1113; x_wconf 77' lang='grc' dir='ltr'><strong>ἐξακούονται</strong></span> <span class='ocrx_word' id='word_1_69' title='bbox 1199 1049 1428 1118; x_wconf 78' lang='grc' dir='ltr'>ἄσημοι,</span> <span class='ocrx_word' id='word_1_70' title='bbox 1465 1045 1560 1100; x_wconf 88' lang='grc' dir='ltr'><strong>τοῦ</strong></span> <span class='ocrx_word' id='word_1_71' title='bbox 1588 1047 1761 1112; x_wconf 81' lang='grc' dir='ltr'>πυρὸς</span> 
     </span>
    </p>
   </div>
   <div class='ocr_carea' id='block_1_12' title="bbox 218 1137 1758 1212">
    <p class='ocr_par' dir='ltr' id='par_1_12' title="bbox 218 1137 1758 1212">
     <span class='ocr_line' id='line_1_12' title="bbox 218 1137 1758 1212; baseline -0.005 -15"><span class='ocrx_word' id='word_1_72' title='bbox 218 1141 394 1197; x_wconf 68' lang='grc' dir='ltr'>ἀνωθεν</span> <span class='ocrx_word' id='word_1_73' title='bbox 450 1141 980 1212; x_wconf 70' lang='grc' dir='ltr'>καταρρηγνύμενον</span> <span class='ocrx_word' id='word_1_74' title='bbox 1020 1140 1115 1193; x_wconf 74' lang='grc' dir='ltr'><strong>καὶ</strong></span> <span class='ocrx_word' id='word_1_75' title='bbox 1169 1139 1388 1208; x_wconf 81' lang='grc' dir='ltr'>σώμασι</span> <span class='ocrx_word' id='word_1_76' title='bbox 1443 1139 1671 1193; x_wconf 81' lang='grc' dir='ltr'>τοιοῖσδε</span> <span class='ocrx_word' id='word_1_77' title='bbox 1726 1137 1758 1207; x_wconf 84' lang='grc' dir='ltr'>ἢ</span> 
     </span>
    </p>
   </div>
   <div class='ocr_carea' id='block_1_13' title="bbox 215 1231 1766 1302">
    <p class='ocr_par' dir='ltr' id='par_1_13' title="bbox 215 1231 1766 1302">
     <span class='ocr_line' id='line_1_13' title="bbox 215 1231 1766 1302; baseline -0.003 -16"><span class='ocrx_word' id='word_1_78' title='bbox 215 1233 420 1286; x_wconf 80' lang='grc' dir='ltr'>τοιοῖσδε</span> <span class='ocrx_word' id='word_1_79' title='bbox 450 1233 904 1302; x_wconf 79' lang='grc' dir='ltr'><strong>προσπίπτοντος.</strong></span> <span class='ocrx_word' id='word_1_80' title='bbox 941 1232 1100 1285; x_wconf 82' lang='grc' dir='ltr'>Ὅσοι</span> <span class='ocrx_word' id='word_1_81' title='bbox 1132 1232 1188 1284; x_wconf 81' lang='grc' dir='ltr'>δέ</span> <span class='ocrx_word' id='word_1_82' title='bbox 1221 1249 1353 1300; x_wconf 84' lang='grc' dir='ltr'>φασι</span> <span class='ocrx_word' id='word_1_83' title='bbox 1397 1231 1504 1284; x_wconf 89' lang='grc' dir='ltr'><strong>τῶν</strong></span> <span class='ocrx_word' id='word_1_84' title='bbox 1550 1232 1766 1284; x_wconf 81' lang='grc' dir='ltr'>ἐντετυ-</span> 
     </span>
    </p>
   </div>
   <div class='ocr_carea' id='block_1_14' title="bbox 215 1322 1764 1397">
    <p class='ocr_par' dir='ltr' id='par_1_14' title="bbox 215 1322 1764 1397">
     <span class='ocr_line' id='line_1_14' title="bbox 215 1322 1764 1397; baseline -0.006 -16"><span class='ocrx_word' id='word_1_85' title='bbox 215 1327 441 1397; x_wconf 77' lang='grc' dir='ltr'>χηκότων</span> <span class='ocrx_word' id='word_1_86' title='bbox 463 1327 584 1387; x_wconf 71' lang='grc' dir='ltr'>ταῖς</span> <span class='ocrx_word' id='word_1_87' title='bbox 617 1324 898 1386; x_wconf 84' lang='grc' dir='ltr'>τοιαύταις</span> <span class='ocrx_word' id='word_1_88' title='bbox 929 1323 1194 1377; x_wconf 82' lang='grc' dir='ltr'>καύσεσιν</span> <span class='ocrx_word' id='word_1_89' title='bbox 1231 1324 1314 1378; x_wconf 80' lang='grc' dir='ltr'><strong>ὅτι</strong></span> <span class='ocrx_word' id='word_1_90' title='bbox 1343 1322 1630 1376; x_wconf 84' lang='grc' dir='ltr'>τεθέανται</span> <span class='ocrx_word' id='word_1_91' title='bbox 1655 1323 1764 1390; x_wconf 65' lang='grc' dir='ltr'>χοῖι</span> 
     </span>
    </p>
   </div>
   <div class='ocr_carea' id='block_1_15' title="bbox 214 1413 1767 1489">
    <p class='ocr_par' dir='ltr' id='par_1_15' title="bbox 214 1413 1767 1489">
     <span class='ocr_line' id='line_1_15' title="bbox 214 1413 1767 1489; baseline -0.02 -2"><span class='ocrx_word' id='word_1_92' title='bbox 214 1436 290 1489; x_wconf 85' lang='grc' dir='ltr'><strong>ρον</strong></span> <span class='ocrx_word' id='word_1_93' title='bbox 309 1417 666 1487; x_wconf 71' lang='grc' dir='ltr'>γρυλλίζοντα</span> <span class='ocrx_word' id='word_1_94' title='bbox 698 1415 730 1483; x_wconf 73' lang='grc' dir='ltr'><strong>ἢ</strong></span> <span class='ocrx_word' id='word_1_95' title='bbox 771 1416 1020 1485; x_wconf 61' lang='grc' dir='ltr'>μηκάαζον</span> <span class='ocrx_word' id='word_1_96' title='bbox 1063 1416 1310 1470; x_wconf 78' lang='grc' dir='ltr'>αἰπόλιον</span> <span class='ocrx_word' id='word_1_97' title='bbox 1346 1415 1379 1482; x_wconf 84' lang='grc' dir='ltr'>ἢ</span> <span class='ocrx_word' id='word_1_98' title='bbox 1416 1415 1545 1485; x_wconf 85' lang='grc' dir='ltr'>βοῦν</span> <span class='ocrx_word' id='word_1_99' title='bbox 1576 1413 1767 1482; x_wconf 74' lang='grc' dir='ltr'>μυκώ-</span> 
     </span>
    </p>
   </div>
   <div class='ocr_carea' id='block_1_16' title="bbox 216 1506 1761 1579">
    <p class='ocr_par' dir='ltr' id='par_1_16' title="bbox 216 1506 1761 1579">
     <span class='ocr_line' id='line_1_16' title="bbox 216 1506 1761 1579; baseline -0.003 -17"><span class='ocrx_word' id='word_1_100' title='bbox 216 1525 372 1579; x_wconf 82' lang='grc' dir='ltr'>μενον,</span> <span class='ocrx_word' id='word_1_101' title='bbox 399 1508 610 1561; x_wconf 77' lang='grc' dir='ltr'>ἑαυτῶν</span> <span class='ocrx_word' id='word_1_102' title='bbox 639 1525 700 1561; x_wconf 77' lang='grc' dir='ltr'><strong>τε</strong></span> <span class='ocrx_word' id='word_1_103' title='bbox 727 1507 822 1562; x_wconf 77' lang='grc' dir='ltr'><strong>καὶ</strong></span> <span class='ocrx_word' id='word_1_104' title='bbox 851 1507 959 1561; x_wconf 90' lang='grc' dir='ltr'><strong>τῶν</strong></span> <span class='ocrx_word' id='word_1_105' title='bbox 987 1507 1276 1579; x_wconf 83' lang='grc' dir='ltr'>ἀκροατῶν</span> <span class='ocrx_word' id='word_1_106' title='bbox 1298 1506 1761 1576; x_wconf 78' lang='grc' dir='ltr'>καταψεύδονται·</span> 
     </span>
    </p>
   </div>
   <div class='ocr_carea' id='block_1_17' title="bbox 210 1597 1766 1671">
    <p class='ocr_par' dir='ltr' id='par_1_17' title="bbox 210 1597 1766 1671">
     <span class='ocr_line' id='line_1_17' title="bbox 210 1597 1766 1671; baseline -0.001 -19"><span class='ocrx_word' id='word_1_107' title='bbox 210 1599 343 1654; x_wconf 67' lang='grc' dir='ltr'>οὐδὲν</span> <span class='ocrx_word' id='word_1_108' title='bbox 382 1601 496 1671; x_wconf 81' lang='grc' dir='ltr'>γὰρ</span> <span class='ocrx_word' id='word_1_109' title='bbox 526 1599 836 1664; x_wconf 79' lang='grc' dir='ltr'>τεθέανται,</span> <span class='ocrx_word' id='word_1_110' title='bbox 886 1599 1005 1653; x_wconf 85' lang='grc' dir='ltr'>ἀλλ’</span> <span class='ocrx_word' id='word_1_111' title='bbox 1048 1601 1078 1652; x_wconf 84' lang='grc' dir='ltr'><strong>ό</strong></span> <span class='ocrx_word' id='word_1_112' title='bbox 1108 1599 1274 1668; x_wconf 71' lang='grc' dir='ltr'>φόϐος</span> <span class='ocrx_word' id='word_1_113' title='bbox 1306 1601 1492 1663; x_wconf 82' lang='grc' dir='ltr'>αὐτοῖς</span> <span class='ocrx_word' id='word_1_114' title='bbox 1527 1597 1627 1661; x_wconf 86' lang='grc' dir='ltr'>τὰς</span> <span class='ocrx_word' id='word_1_115' title='bbox 1656 1614 1766 1650; x_wconf 85' lang='grc' dir='ltr'>τοι-</span> 
     </span>
    </p>
   </div>
   <div class='ocr_carea' id='block_1_18' title="bbox 213 1685 1758 1758">
    <p class='ocr_par' dir='ltr' id='par_1_18' title="bbox 213 1685 1758 1758">
     <span class='ocr_line' id='line_1_18' title="bbox 213 1685 1758 1758; baseline 0 -17"><span class='ocrx_word' id='word_1_116' title='bbox 213 1687 320 1742; x_wconf 74' lang='grc' dir='ltr'>άσδε</span> <span class='ocrx_word' id='word_1_117' title='bbox 351 1685 663 1758; x_wconf 84' lang='grc' dir='ltr'>μορφώσεις</span> <span class='ocrx_word' id='word_1_118' title='bbox 689 1687 1130 1758; x_wconf 82' lang='grc' dir='ltr'>είδωλοποίησεν.</span> <span class='ocrx_word' id='word_1_119' title='bbox 1164 1689 1230 1742; x_wconf 76' lang='lat' dir='ltr'><strong>El</strong></span> <span class='ocrx_word' id='word_1_120' title='bbox 1270 1689 1316 1742; x_wconf 86' lang='grc' dir='ltr'>δ’</span> <span class='ocrx_word' id='word_1_121' title='bbox 1352 1689 1484 1752; x_wconf 86' lang='grc' dir='ltr'>ίσως</span> <span class='ocrx_word' id='word_1_122' title='bbox 1523 1689 1618 1744; x_wconf 76' lang='grc' dir='ltr'>καὶ</span> <span class='ocrx_word' id='word_1_123' title='bbox 1664 1687 1758 1758; x_wconf 82' lang='grc' dir='ltr'><strong>βά-</strong></span> 
     </span>
    </p>
   </div>
   <div class='ocr_carea' id='block_1_19' title="bbox 211 1779 1765 1851">
    <p class='ocr_par' dir='ltr' id='par_1_19' title="bbox 211 1779 1765 1851">
     <span class='ocr_line' id='line_1_19' title="bbox 211 1779 1765 1851; baseline 0.004 -21"><span class='ocrx_word' id='word_1_124' title='bbox 211 1791 384 1842; x_wconf 64' lang='lat' dir='ltr'><strong>nam;</strong></span> <span class='ocrx_word' id='word_1_125' title='bbox 409 1779 624 1849; x_wconf 87' lang='grc' dir='ltr'>δαίμων</span> <span class='ocrx_word' id='word_1_126' title='bbox 651 1779 712 1833; x_wconf 78' lang='grc' dir='ltr'>τὸ</span> <span class='ocrx_word' id='word_1_127' title='bbox 732 1779 892 1850; x_wconf 87' lang='grc' dir='ltr'>σῶμα</span> <span class='ocrx_word' id='word_1_128' title='bbox 929 1779 1024 1834; x_wconf 84' lang='grc' dir='ltr'><strong>τοῦ</strong></span> <span class='ocrx_word' id='word_1_129' title='bbox 1071 1782 1367 1851; x_wconf 79' lang='grc' dir='ltr'>δράκοντος</span> <span class='ocrx_word' id='word_1_130' title='bbox 1397 1782 1765 1850; x_wconf 75' lang='grc' dir='ltr'>ἐνδυσάμενος</span> 
     </span>
    </p>
   </div>
   <div class='ocr_carea' id='block_1_20' title="bbox 209 1870 1766 1944">
    <p class='ocr_par' dir='ltr' id='par_1_20' title="bbox 209 1870 1766 1944">
     <span class='ocr_line' id='line_1_20' title="bbox 209 1870 1766 1944; baseline 0.003 -22"><span class='ocrx_word' id='word_1_131' title='bbox 209 1871 276 1934; x_wconf 75' lang='lat' dir='ltr'><strong>si;</strong></span> <span class='ocrx_word' id='word_1_132' title='bbox 297 1872 478 1925; x_wconf 77' lang='grc' dir='ltr'>ἐκεῖνα</span> <span class='ocrx_word' id='word_1_133' title='bbox 502 1870 610 1926; x_wconf 85' lang='grc' dir='ltr'><strong>τῶν</strong></span> <span class='ocrx_word' id='word_1_134' title='bbox 643 1873 830 1944; x_wconf 83' lang='grc' dir='ltr'>μερῶν</span> <span class='ocrx_word' id='word_1_135' title='bbox 859 1873 986 1941; x_wconf 82' lang='grc' dir='ltr'>ἄγει</span> <span class='ocrx_word' id='word_1_136' title='bbox 1006 1873 1102 1926; x_wconf 83' lang='grc' dir='ltr'>τὸν</span> <span class='ocrx_word' id='word_1_137' title='bbox 1137 1873 1281 1943; x_wconf 80' lang='grc' dir='ltr'>θῆρα</span> <span class='ocrx_word' id='word_1_138' title='bbox 1324 1873 1431 1927; x_wconf 79' lang='grc' dir='ltr'>ὑπὸ</span> <span class='ocrx_word' id='word_1_139' title='bbox 1461 1873 1558 1927; x_wconf 88' lang='grc' dir='ltr'><strong>τοῦ</strong></span> <span class='ocrx_word' id='word_1_140' title='bbox 1595 1874 1766 1944; x_wconf 78' lang='grc' dir='ltr'>πυρὸς</span> 
     </span>
    </p>
   </div>
   <div class='ocr_carea' id='block_1_21' title="bbox 206 1959 1766 2039">
    <p class='ocr_par' dir='ltr' id='par_1_21' title="bbox 206 1959 1766 2039">
     <span class='ocr_line' id='line_1_21' title="bbox 206 1959 1766 2039; baseline 0.003 -24"><span class='ocrx_word' id='word_1_141' title='bbox 206 1959 373 2033; x_wconf 82' lang='grc' dir='ltr'>ὥσπερ</span> <span class='ocrx_word' id='word_1_142' title='bbox 404 1963 761 2032; x_wconf 76' lang='grc' dir='ltr'>διωκόμενον,</span> <span class='ocrx_word' id='word_1_143' title='bbox 791 1959 870 2027; x_wconf 78' lang='grc' dir='ltr'>οἷς</span> <span class='ocrx_word' id='word_1_144' title='bbox 897 1965 963 2036; x_wconf 80' lang='grc' dir='ltr'>δὴ</span> <span class='ocrx_word' id='word_1_145' title='bbox 994 1964 1313 2034; x_wconf 82' lang='grc' dir='ltr'>βασκαίνειν</span> <span class='ocrx_word' id='word_1_146' title='bbox 1335 1964 1397 2030; x_wconf 73' lang='grc' dir='ltr'>ἐξ</span> <span class='ocrx_word' id='word_1_147' title='bbox 1428 1965 1607 2039; x_wconf 76' lang='grc' dir='ltr'>ἀρχῆς</span> <span class='ocrx_word' id='word_1_148' title='bbox 1638 1964 1766 2019; x_wconf 80' lang='grc' dir='ltr'>εἴω-</span> 
     </span>
    </p>
   </div>
   <div class='ocr_carea' id='block_1_22' title="bbox 207 2046 1768 2130">
    <p class='ocr_par' dir='ltr' id='par_1_22' title="bbox 207 2046 1768 2130">
     <span class='ocr_line' id='line_1_22' title="bbox 207 2046 1768 2130; baseline 0.003 -27"><span class='ocrx_word' id='word_1_149' title='bbox 207 2051 302 2116; x_wconf 82' lang='grc' dir='ltr'>θεν,</span> <span class='ocrx_word' id='word_1_150' title='bbox 356 2053 474 2107; x_wconf 75' lang='grc' dir='ltr'>οὐδ’</span> <span class='ocrx_word' id='word_1_151' title='bbox 508 2046 666 2117; x_wconf 75' lang='grc' dir='ltr'>οὗτος</span> <span class='ocrx_word' id='word_1_152' title='bbox 709 2056 738 2107; x_wconf 85' lang='grc' dir='ltr'><strong>ό</strong></span> <span class='ocrx_word' id='word_1_153' title='bbox 767 2054 926 2130; x_wconf 75' lang='grc' dir='ltr'>λόγος</span> <span class='ocrx_word' id='word_1_154' title='bbox 961 2055 1299 2127; x_wconf 82' lang='grc' dir='ltr'>ἀπόϐλητος.</span> <span class='ocrx_word' id='word_1_155' title='bbox 1352 2056 1605 2125; x_wconf 79' lang='grc' dir='ltr'>Ἀρχαῖον</span> <span class='ocrx_word' id='word_1_156' title='bbox 1657 2057 1768 2126; x_wconf 80' lang='grc' dir='ltr'>γὰρ</span> 
     </span>
    </p>
   </div>
   <div class='ocr_carea' id='block_1_23' title="bbox 203 2143 1766 2222">
    <p class='ocr_par' dir='ltr' id='par_1_23' title="bbox 203 2143 1766 2222">
     <span class='ocr_line' id='line_1_23' title="bbox 203 2143 1766 2222; baseline 0.001 -24"><span class='ocrx_word' id='word_1_157' title='bbox 203 2143 336 2214; x_wconf 85' lang='grc' dir='ltr'>αὐτῷ</span> <span class='ocrx_word' id='word_1_158' title='bbox 364 2145 788 2222; x_wconf 80' lang='grc' dir='ltr'>ὲνδιαίτηματὸ</span> <span class='ocrx_word' id='word_1_159' title='bbox 815 2145 1061 2202; x_wconf 90' lang='grc' dir='ltr'>τοιοῦτον</span> <span class='ocrx_word' id='word_1_160' title='bbox 1093 2148 1272 2216; x_wconf 78' lang='grc' dir='ltr'>γένος,</span> <span class='ocrx_word' id='word_1_161' title='bbox 1305 2147 1470 2219; x_wconf 75' lang='grc' dir='ltr'>ἡνίκα</span> <span class='ocrx_word' id='word_1_162' title='bbox 1502 2147 1599 2202; x_wconf 73' lang='grc' dir='ltr'>καὶ</span> <span class='ocrx_word' id='word_1_163' title='bbox 1627 2149 1766 2218; x_wconf 86' lang='grc' dir='ltr'>μᾶλ-</span> 
     </span>
    </p>
   </div>
   <div class='ocr_carea' id='block_1_24' title="bbox 203 2228 1771 2312">
    <p class='ocr_par' dir='ltr' id='par_1_24' title="bbox 203 2228 1771 2312">
     <span class='ocr_line' id='line_1_24' title="bbox 203 2228 1771 2312; baseline 0.003 -24"><span class='ocrx_word' id='word_1_164' title='bbox 203 2233 282 2290; x_wconf 86' lang='grc' dir='ltr'><strong>λον</strong></span> <span class='ocrx_word' id='word_1_165' title='bbox 311 2238 462 2309; x_wconf 78' lang='grc' dir='ltr'>ἡμᾶς</span> <span class='ocrx_word' id='word_1_166' title='bbox 493 2238 805 2308; x_wconf 76' lang='grc' dir='ltr'>ἔξορίστους</span> <span class='ocrx_word' id='word_1_167' title='bbox 849 2238 917 2293; x_wconf 79' lang='grc' dir='ltr'>δι’</span> <span class='ocrx_word' id='word_1_168' title='bbox 969 2239 1140 2294; x_wconf 79' lang='grc' dir='ltr'>αὐτοῦ</span> <span class='ocrx_word' id='word_1_169' title='bbox 1171 2241 1266 2295; x_wconf 88' lang='grc' dir='ltr'><strong>τοῦ</strong></span> <span class='ocrx_word' id='word_1_170' title='bbox 1305 2228 1640 2312; x_wconf 85' lang='grc' dir='ltr'>παραδείσου</span> <span class='ocrx_word' id='word_1_171' title='bbox 1670 2257 1771 2294; x_wconf 86' lang='grc' dir='ltr'>πε-</span> 
     </span>
    </p>
   </div>
   <div class='ocr_carea' id='block_1_25' title="bbox 206 2328 1772 2407">
    <p class='ocr_par' dir='ltr' id='par_1_25' title="bbox 206 2328 1772 2407">
     <span class='ocr_line' id='line_1_25' title="bbox 206 2328 1772 2407; baseline 0.003 -25"><span class='ocrx_word' id='word_1_172' title='bbox 206 2328 440 2398; x_wconf 80' lang='grc' dir='ltr'>ποίηκεν,</span> <span class='ocrx_word' id='word_1_173' title='bbox 471 2330 594 2384; x_wconf 79' lang='grc' dir='ltr'>ὅθεν</span> <span class='ocrx_word' id='word_1_174' title='bbox 619 2332 806 2385; x_wconf 80' lang='grc' dir='ltr'>καινὸν</span> <span class='ocrx_word' id='word_1_175' title='bbox 835 2332 1011 2400; x_wconf 73' lang='grc' dir='ltr'>οὐδὲν,</span> <span class='ocrx_word' id='word_1_176' title='bbox 1035 2332 1154 2403; x_wconf 79' lang='grc' dir='ltr'>εῐγε</span> <span class='ocrx_word' id='word_1_177' title='bbox 1177 2333 1276 2389; x_wconf 73' lang='grc' dir='ltr'>καὶ</span> <span class='ocrx_word' id='word_1_178' title='bbox 1305 2334 1406 2400; x_wconf 81' lang='grc' dir='ltr'>τῆς</span> <span class='ocrx_word' id='word_1_179' title='bbox 1435 2337 1539 2407; x_wconf 83' lang='grc' dir='ltr'>γῆς</span> <span class='ocrx_word' id='word_1_180' title='bbox 1567 2334 1772 2404; x_wconf 83' lang='grc' dir='ltr'>ταύτης</span> 
     </span>
    </p>
   </div>
   <div class='ocr_carea' id='block_1_26' title="bbox 203 2419 1504 2509">
    <p class='ocr_par' dir='ltr' id='par_1_26' title="bbox 203 2419 1504 2509">
     <span class='ocr_line' id='line_1_26' title="bbox 203 2419 1504 2509; baseline 0.007 -36"><span class='ocrx_word' id='word_1_181' title='bbox 203 2419 519 2476; x_wconf 74' lang='grc' dir='ltr'>ἀπώσασθαι</span> <span class='ocrx_word' id='word_1_182' title='bbox 548 2423 845 2492; x_wconf 78' lang='grc' dir='ltr'>φιλονεικεῖ</span> <span class='ocrx_word' id='word_1_183' title='bbox 871 2425 958 2480; x_wconf 87' lang='grc' dir='ltr'>διὰ</span> <span class='ocrx_word' id='word_1_184' title='bbox 986 2426 1181 2495; x_wconf 84' lang='grc' dir='ltr'>φθόνον</span> <span class='ocrx_word' id='word_1_185' title='bbox 1205 2428 1376 2499; x_wconf 75' lang='grc' dir='ltr'>ἡμᾶς.</span> <span class='ocrx_word' id='word_1_186' title='bbox 1493 2499 1504 2509; x_wconf 15' lang='grc' dir='ltr'>ἢ</span> 
     </span>
    </p>
   </div>
   <div class='ocr_carea' id='block_1_27' title="bbox 258 2515 1773 2595">
    <p class='ocr_par' dir='ltr' id='par_1_27' title="bbox 258 2515 1773 2595">
     <span class='ocr_line' id='line_1_27' title="bbox 258 2515 1773 2595; baseline 0.006 -27"><span class='ocrx_word' id='word_1_187' title='bbox 258 2515 361 2570; x_wconf 77' lang='grc' dir='ltr'><strong>Καὶ</strong></span> <span class='ocrx_word' id='word_1_188' title='bbox 407 2516 551 2586; x_wconf 77' lang='grc' dir='ltr'>περὶ</span> <span class='ocrx_word' id='word_1_189' title='bbox 599 2517 699 2586; x_wconf 81' lang='grc' dir='ltr'><strong>μὲν</strong></span> <span class='ocrx_word' id='word_1_190' title='bbox 755 2517 966 2572; x_wconf 77' lang='grc' dir='ltr'>τούτων</span> <span class='ocrx_word' id='word_1_191' title='bbox 1014 2519 1210 2583; x_wconf 80' lang='grc' dir='ltr'>οὕτως.</span> <span class='ocrx_word' id='word_1_192' title='bbox 1257 2522 1320 2574; x_wconf 81' lang='lat' dir='ltr'><strong>Ei</strong></span> <span class='ocrx_word' id='word_1_193' title='bbox 1365 2519 1424 2574; x_wconf 75' lang='grc' dir='ltr'>δὲ</span> <span class='ocrx_word' id='word_1_194' title='bbox 1454 2523 1554 2595; x_wconf 84' lang='grc' dir='ltr'>τὴν</span> <span class='ocrx_word' id='word_1_195' title='bbox 1593 2523 1773 2578; x_wconf 78' lang='grc' dir='ltr'>αίτίαν</span> 
     </span>
    </p>
   </div>
   <div class='ocr_carea' id='block_1_28' title="bbox 200 2602 1774 2680">
    <p class='ocr_par' dir='ltr' id='par_1_28' title="bbox 200 2602 1774 2680">
     <span class='ocr_line' id='line_1_28' title="bbox 200 2602 1774 2680; baseline 0.007 -24"><span class='ocrx_word' id='word_1_196' title='bbox 200 2602 470 2674; x_wconf 67' lang='grc' dir='ltr'>ἐπιζητεῖς</span> <span class='ocrx_word' id='word_1_197' title='bbox 507 2603 578 2658; x_wconf 86' lang='grc' dir='ltr'>δι’</span> <span class='ocrx_word' id='word_1_198' title='bbox 605 2605 671 2676; x_wconf 79' lang='grc' dir='ltr'>ἢν</span> <span class='ocrx_word' id='word_1_199' title='bbox 700 2604 948 2678; x_wconf 79' lang='grc' dir='ltr'>αἴλουροι</span> <span class='ocrx_word' id='word_1_200' title='bbox 993 2608 1088 2662; x_wconf 78' lang='grc' dir='ltr'>καὶ</span> <span class='ocrx_word' id='word_1_201' title='bbox 1133 2610 1446 2680; x_wconf 84' lang='grc' dir='ltr'>νυκτερίδες</span> <span class='ocrx_word' id='word_1_202' title='bbox 1477 2615 1650 2666; x_wconf 83' lang='grc' dir='ltr'>νύκτα</span> <span class='ocrx_word' id='word_1_203' title='bbox 1679 2615 1774 2667; x_wconf 76' lang='grc' dir='ltr'><strong>καὶ</strong></span> 
     </span>
    </p>
   </div>
   <div class='ocr_carea' id='block_1_29' title="bbox 201 2695 1775 2772">
    <p class='ocr_par' dir='ltr' id='par_1_29' title="bbox 201 2695 1775 2772">
     <span class='ocr_line' id='line_1_29' title="bbox 201 2695 1775 2772; baseline 0.005 -23"><span class='ocrx_word' id='word_1_204' title='bbox 201 2695 360 2767; x_wconf 75' lang='grc' dir='ltr'>μόνην</span> <span class='ocrx_word' id='word_1_205' title='bbox 410 2697 669 2767; x_wconf 75' lang='grc' dir='ltr'>ἀκριϐῶς</span> <span class='ocrx_word' id='word_1_206' title='bbox 723 2699 955 2769; x_wconf 80' lang='grc' dir='ltr'>δρῶσιν,</span> <span class='ocrx_word' id='word_1_207' title='bbox 1011 2699 1148 2772; x_wconf 84' lang='grc' dir='ltr'>αῦτη</span> <span class='ocrx_word' id='word_1_208' title='bbox 1217 2702 1356 2755; x_wconf 78' lang='grc' dir='ltr'>ἐστί.</span> <span class='ocrx_word' id='word_1_209' title='bbox 1419 2702 1493 2756; x_wconf 84' lang='grc' dir='ltr'>Τὸ</span> <span class='ocrx_word' id='word_1_210' title='bbox 1549 2703 1775 2758; x_wconf 78' lang='grc' dir='ltr'>όπτικὸν</span> 
     </span>
    </p>
   </div>
   <div class='ocr_carea' id='block_1_30' title="bbox 202 2787 1774 2868">
    <p class='ocr_par' dir='ltr' id='par_1_30' title="bbox 202 2787 1774 2868">
     <span class='ocr_line' id='line_1_30' title="bbox 202 2787 1774 2868; baseline 0.006 -27"><span class='ocrx_word' id='word_1_211' title='bbox 202 2787 407 2859; x_wconf 83' lang='grc' dir='ltr'>πνεῦμα.</span> <span class='ocrx_word' id='word_1_212' title='bbox 452 2793 680 2854; x_wconf 84' lang='grc' dir='ltr'>πάντως</span> <span class='ocrx_word' id='word_1_213' title='bbox 716 2790 1049 2848; x_wconf 86' lang='grc' dir='ltr'>λεπτότατον</span> <span class='ocrx_word' id='word_1_214' title='bbox 1087 2793 1327 2864; x_wconf 76' lang='grc' dir='ltr'>ἔχουσιν.</span> <span class='ocrx_word' id='word_1_215' title='bbox 1373 2796 1461 2848; x_wconf 83' lang='grc' dir='ltr'>Ἐν</span> <span class='ocrx_word' id='word_1_216' title='bbox 1505 2799 1572 2868; x_wconf 83' lang='grc' dir='ltr'>τῇ</span> <span class='ocrx_word' id='word_1_217' title='bbox 1615 2799 1774 2852; x_wconf 76' lang='grc' dir='ltr'>νυκτὶ</span> 
     </span>
    </p>
   </div>
   <div class='ocr_carea' id='block_1_31' title="bbox 203 2875 1774 2960">
    <p class='ocr_par' dir='ltr' id='par_1_31' title="bbox 203 2875 1774 2960">
     <span class='ocr_line' id='line_1_31' title="bbox 203 2875 1774 2960; baseline 0.004 -27"><span class='ocrx_word' id='word_1_218' title='bbox 203 2875 284 2934; x_wconf 80' lang='grc' dir='ltr'><strong>οὖν</strong></span> <span class='ocrx_word' id='word_1_219' title='bbox 335 2882 586 2954; x_wconf 84' lang='grc' dir='ltr'>μετρίως</span> <span class='ocrx_word' id='word_1_220' title='bbox 645 2885 1016 2956; x_wconf 79' lang='grc' dir='ltr'>παχυνόμενον</span> <span class='ocrx_word' id='word_1_221' title='bbox 1071 2889 1137 2960; x_wconf 78' lang='grc' dir='ltr'>τῇ</span> <span class='ocrx_word' id='word_1_222' title='bbox 1184 2887 1422 2957; x_wconf 80' lang='grc' dir='ltr'>ἀπουσίᾳ</span> <span class='ocrx_word' id='word_1_223' title='bbox 1477 2889 1571 2941; x_wconf 81' lang='grc' dir='ltr'><strong>τοῦ</strong></span> <span class='ocrx_word' id='word_1_224' title='bbox 1620 2888 1774 2959; x_wconf 80' lang='grc' dir='ltr'>ἡλίου</span> 
     </span>
    </p>
   </div>
   <div class='ocr_carea' id='block_1_32' title="bbox 204 2973 1772 3049">
    <p class='ocr_par' dir='ltr' id='par_1_32' title="bbox 204 2973 1772 3049">
     <span class='ocr_line' id='line_1_32' title="bbox 204 2973 1772 3049; baseline 0.005 -24"><span class='ocrx_word' id='word_1_225' title='bbox 204 2973 322 3042; x_wconf 69' lang='grc' dir='ltr'>πρὸς</span> <span class='ocrx_word' id='word_1_226' title='bbox 343 2974 443 3045; x_wconf 79' lang='grc' dir='ltr'><strong>τὴν</strong></span> <span class='ocrx_word' id='word_1_227' title='bbox 477 2975 593 3028; x_wconf 84' lang='grc' dir='ltr'><strong>τῶν</strong></span> <span class='ocrx_word' id='word_1_228' title='bbox 623 2977 836 3046; x_wconf 82' lang='grc' dir='ltr'>ὁρατῶν</span> <span class='ocrx_word' id='word_1_229' title='bbox 865 2977 1155 3049; x_wconf 76' lang='grc' dir='ltr'>ἀντίληψιν</span> <span class='ocrx_word' id='word_1_230' title='bbox 1175 2979 1488 3049; x_wconf 73' lang='grc' dir='ltr'>ἐπιτήδειον</span> <span class='ocrx_word' id='word_1_231' title='bbox 1517 2981 1732 3048; x_wconf 85' lang='grc' dir='ltr'>γίνεται</span> <span class='ocrx_word' id='word_1_232' title='bbox 1757 2995 1772 3012; x_wconf 78' lang='grc'><strong><em>⁸</em></strong></span> 
     </span>
    </p>
   </div>
   <div class='ocr_carea' id='block_1_33' title="bbox 203 3066 1776 3144">
    <p class='ocr_par' dir='ltr' id='par_1_33' title="bbox 203 3066 1776 3144">
     <span class='ocr_line' id='line_1_33' title="bbox 203 3066 1776 3144; baseline 0.005 -27"><span class='ocrx_word' id='word_1_233' title='bbox 203 3068 328 3120; x_wconf 68' lang='grc' dir='ltr'>κατὰ</span> <span class='ocrx_word' id='word_1_234' title='bbox 369 3068 489 3136; x_wconf 84' lang='grc' dir='ltr'>γὰρ</span> <span class='ocrx_word' id='word_1_235' title='bbox 530 3066 630 3139; x_wconf 78' lang='grc' dir='ltr'>τὴν</span> <span class='ocrx_word' id='word_1_236' title='bbox 675 3069 888 3144; x_wconf 77' lang='grc' dir='ltr'>ἡμέραν</span> <span class='ocrx_word' id='word_1_237' title='bbox 931 3069 1010 3134; x_wconf 85' lang='grc' dir='ltr'>ὡς</span> <span class='ocrx_word' id='word_1_238' title='bbox 1062 3071 1394 3133; x_wconf 84' lang='grc' dir='ltr'>λεπτότατον</span> <span class='ocrx_word' id='word_1_239' title='bbox 1431 3070 1776 3143; x_wconf 81' lang='grc' dir='ltr'>διαφορεῖται</span> 
     </span>
    </p>
   </div>
   <div class='ocr_carea' id='block_1_34' title="bbox 1866 569 3436 642">
    <p class='ocr_par' dir='ltr' id='par_1_34' title="bbox 1866 569 3436 642">
     <span class='ocr_line' id='line_1_34' title="bbox 1866 569 3436 642; baseline -0.003 -16"><span class='ocrx_word' id='word_1_240' title='bbox 1866 573 2086 627; x_wconf 88' lang='lat' dir='ltr'><strong>insitam</strong></span> <span class='ocrx_word' id='word_1_241' title='bbox 2119 571 2220 626; x_wconf 88' lang='lat' dir='ltr'><strong>sibi</strong></span> <span class='ocrx_word' id='word_1_242' title='bbox 2246 571 2550 625; x_wconf 88' lang='lat' dir='ltr'><strong>siccitatem</strong></span> <span class='ocrx_word' id='word_1_243' title='bbox 2583 570 2750 624; x_wconf 87' lang='lat' dir='ltr'><strong>etiam</strong></span> <span class='ocrx_word' id='word_1_244' title='bbox 2781 585 2846 624; x_wconf 77' lang='lat' dir='ltr'><strong>ex</strong></span> <span class='ocrx_word' id='word_1_245' title='bbox 2880 569 3168 624; x_wconf 84' lang='lat' dir='ltr'><strong>intervallo</strong></span> <span class='ocrx_word' id='word_1_246' title='bbox 3201 569 3436 642; x_wconf 80' lang='lat' dir='ltr'><strong>quodam</strong></span> 
     </span>
    </p>
   </div>
   <div class='ocr_carea' id='block_1_35' title="bbox 1865 663 3438 734">
    <p class='ocr_par' dir='ltr' id='par_1_35' title="bbox 1865 663 3438 734">
     <span class='ocr_line' id='line_1_35' title="bbox 1865 663 3438 734; baseline -0.001 -16"><span class='ocrx_word' id='word_1_247' title='bbox 1865 671 2138 718; x_wconf 83' lang='lat' dir='ltr'><strong>remotum</strong></span> <span class='ocrx_word' id='word_1_248' title='bbox 2195 664 2266 718; x_wconf 84' lang='lat' dir='ltr'><strong>ab</strong></span> <span class='ocrx_word' id='word_1_249' title='bbox 2330 664 2453 734; x_wconf 84' lang='lat' dir='ltr'><strong>igne</strong></span> <span class='ocrx_word' id='word_1_250' title='bbox 2504 663 2753 719; x_wconf 80' lang='lat' dir='ltr'><strong>lulminis</strong></span> <span class='ocrx_word' id='word_1_251' title='bbox 2806 664 2982 718; x_wconf 79' lang='lat' dir='ltr'><strong>exuri.</strong></span> <span class='ocrx_word' id='word_1_252' title='bbox 3049 664 3438 733; x_wconf 70' lang='lat' dir='ltr'><strong>Stepenumero</strong></span> 
     </span>
    </p>
   </div>
   <div class='ocr_carea' id='block_1_36' title="bbox 1865 755 3438 825">
    <p class='ocr_par' dir='ltr' id='par_1_36' title="bbox 1865 755 3438 825">
     <span class='ocr_line' id='line_1_36' title="bbox 1865 755 3438 825; baseline -0.001 -15"><span class='ocrx_word' id='word_1_253' title='bbox 1865 755 2087 825; x_wconf 89' lang='lat' dir='ltr'><strong>quidem</strong></span> <span class='ocrx_word' id='word_1_254' title='bbox 2120 755 2238 809; x_wconf 91' lang='lat' dir='ltr'><strong>soni</strong></span> <span class='ocrx_word' id='word_1_255' title='bbox 2283 755 2651 810; x_wconf 84' lang='lat' dir='ltr'><strong>exaudiuntur</strong></span> <span class='ocrx_word' id='word_1_256' title='bbox 2674 755 2916 820; x_wconf 80' lang='lat' dir='ltr'><strong>obscuri,</strong></span> <span class='ocrx_word' id='word_1_257' title='bbox 2953 765 3212 824; x_wconf 89' lang='lat' dir='ltr'><strong>tanquam</strong></span> <span class='ocrx_word' id='word_1_258' title='bbox 3244 756 3438 810; x_wconf 88' lang='lat' dir='ltr'><strong>draco-</strong></span> 
     </span>
    </p>
   </div>
   <div class='ocr_carea' id='block_1_37' title="bbox 1866 846 3442 917">
    <p class='ocr_par' dir='ltr' id='par_1_37' title="bbox 1866 846 3442 917">
     <span class='ocr_line' id='line_1_37' title="bbox 1866 846 3442 917; baseline -0.001 -15"><span class='ocrx_word' id='word_1_259' title='bbox 1866 850 1978 914; x_wconf 87' lang='lat' dir='ltr'><strong>nis,</strong></span> <span class='ocrx_word' id='word_1_260' title='bbox 2008 863 2133 902; x_wconf 92' lang='lat' dir='ltr'><strong>cum</strong></span> <span class='ocrx_word' id='word_1_261' title='bbox 2185 846 2364 917; x_wconf 74' lang='lat' dir='ltr'><strong>fulgur</strong></span> <span class='ocrx_word' id='word_1_262' title='bbox 2399 846 2657 902; x_wconf 83' lang='lat' dir='ltr'><strong>deorsum</strong></span> <span class='ocrx_word' id='word_1_263' title='bbox 2705 848 2878 903; x_wconf 80' lang='lat' dir='ltr'><strong>fertur</strong></span> <span class='ocrx_word' id='word_1_264' title='bbox 2907 863 2969 903; x_wconf 90' lang='lat' dir='ltr'><strong>ac</strong></span> <span class='ocrx_word' id='word_1_265' title='bbox 3010 849 3092 902; x_wconf 89' lang='lat' dir='ltr'><strong>vel</strong></span> <span class='ocrx_word' id='word_1_266' title='bbox 3126 849 3180 902; x_wconf 90' lang='lat' dir='ltr'><strong>in</strong></span> <span class='ocrx_word' id='word_1_267' title='bbox 3213 849 3326 902; x_wconf 59' lang='lat' dir='ltr'><strong>hac</strong></span> <span class='ocrx_word' id='word_1_268' title='bbox 3357 849 3442 902; x_wconf 75' lang='lat' dir='ltr'><strong>vel</strong></span> 
     </span>
    </p>
   </div>
   <div class='ocr_carea' id='block_1_38' title="bbox 1870 940 3536 1011">
    <p class='ocr_par' dir='ltr' id='par_1_38' title="bbox 1870 940 3536 1011">
     <span class='ocr_line' id='line_1_38' title="bbox 1870 940 3536 1011; baseline -0.004 -15"><span class='ocrx_word' id='word_1_269' title='bbox 1870 943 1962 997; x_wconf 90' lang='lat' dir='ltr'><strong>illa</strong></span> <span class='ocrx_word' id='word_1_270' title='bbox 1997 957 2226 1011; x_wconf 86' lang='lat' dir='ltr'><strong>corpora</strong></span> <span class='ocrx_word' id='word_1_271' title='bbox 2264 940 2444 995; x_wconf 80' lang='lat' dir='ltr'><strong>irruit.</strong></span> <span class='ocrx_word' id='word_1_272' title='bbox 2505 940 2610 1005; x_wconf 87' lang='lat' dir='ltr'><strong>Qui</strong></span> <span class='ocrx_word' id='word_1_273' title='bbox 2661 951 2842 994; x_wconf 82' lang='lat' dir='ltr'><strong>autem</strong></span> <span class='ocrx_word' id='word_1_274' title='bbox 2898 941 3189 1008; x_wconf 74' lang='lat' dir='ltr'><strong>perhibent</strong></span> <span class='ocrx_word' id='word_1_275' title='bbox 3241 943 3330 1009; x_wconf 81' lang='lat' dir='ltr'><strong>(de</strong></span> <span class='ocrx_word' id='word_1_276' title='bbox 3381 943 3446 994; x_wconf 87' lang='lat' dir='ltr'><strong>iis</strong></span> <span class='ocrx_word' id='word_1_277' title='bbox 3533 987 3536 990; x_wconf 83' lang='lat'><strong>.</strong></span> 
     </span>
    </p>
   </div>
   <div class='ocr_carea' id='block_1_39' title="bbox 1868 1034 3447 1104">
    <p class='ocr_par' dir='ltr' id='par_1_39' title="bbox 1868 1034 3447 1104">
     <span class='ocr_line' id='line_1_39' title="bbox 1868 1034 3447 1104; baseline -0.001 -16"><span class='ocrx_word' id='word_1_278' title='bbox 1868 1035 2066 1103; x_wconf 87' lang='lat' dir='ltr'><strong>loquor</strong></span> <span class='ocrx_word' id='word_1_279' title='bbox 2096 1035 2298 1104; x_wconf 84' lang='lat' dir='ltr'><strong>quibus</strong></span> <span class='ocrx_word' id='word_1_280' title='bbox 2327 1034 2596 1103; x_wconf 79' lang='lat' dir='ltr'><strong>ejusmodi</strong></span> <span class='ocrx_word' id='word_1_281' title='bbox 2629 1049 2688 1087; x_wconf 87' lang='lat' dir='ltr'><strong>se</strong></span> <span class='ocrx_word' id='word_1_282' title='bbox 2712 1034 3031 1088; x_wconf 85' lang='lat' dir='ltr'><strong>obtulerunt</strong></span> <span class='ocrx_word' id='word_1_283' title='bbox 3061 1035 3447 1089; x_wconf 83' lang='lat' dir='ltr'><strong>inﬂammatio-</strong></span> 
     </span>
    </p>
   </div>
   <div class='ocr_carea' id='block_1_40' title="bbox 1869 1119 3446 1196">
    <p class='ocr_par' dir='ltr' id='par_1_40' title="bbox 1869 1119 3446 1196">
     <span class='ocr_line' id='line_1_40' title="bbox 1869 1119 3446 1196; baseline 0.001 -18"><span class='ocrx_word' id='word_1_284' title='bbox 1869 1127 2011 1194; x_wconf 76' lang='lat' dir='ltr'><strong>nes),</strong></span> <span class='ocrx_word' id='word_1_285' title='bbox 2047 1127 2107 1179; x_wconf 75' lang='lat' dir='ltr'><strong>se</strong></span> <span class='ocrx_word' id='word_1_286' title='bbox 2135 1141 2360 1196; x_wconf 91' lang='lat' dir='ltr'><strong>porcum</strong></span> <span class='ocrx_word' id='word_1_287' title='bbox 2396 1124 2775 1195; x_wconf 84' lang='lat' dir='ltr'><strong>grunnientem</strong></span> <span class='ocrx_word' id='word_1_288' title='bbox 2807 1119 3178 1195; x_wconf 71' lang='lat' dir='ltr'><strong>conspexisse,</strong></span> <span class='ocrx_word' id='word_1_289' title='bbox 3230 1137 3290 1179; x_wconf 89' lang='lat' dir='ltr'><strong>ut</strong></span> <span class='ocrx_word' id='word_1_290' title='bbox 3323 1144 3446 1196; x_wconf 82' lang='lat' dir='ltr'><strong>gre-</strong></span> 
     </span>
    </p>
   </div>
   <div class='ocr_carea' id='block_1_41' title="bbox 1869 1218 3444 1294">
    <p class='ocr_par' dir='ltr' id='par_1_41' title="bbox 1869 1218 3444 1294">
     <span class='ocr_line' id='line_1_41' title="bbox 1869 1218 3444 1294; baseline 0.001 -23"><span class='ocrx_word' id='word_1_291' title='bbox 1869 1232 1993 1286; x_wconf 86' lang='lat' dir='ltr'><strong>gem</strong></span> <span class='ocrx_word' id='word_1_292' title='bbox 2048 1233 2341 1287; x_wconf 87' lang='lat' dir='ltr'><strong>caprarum</strong></span> <span class='ocrx_word' id='word_1_293' title='bbox 2405 1219 2692 1294; x_wconf 75' lang='lat' dir='ltr'><strong>balantem</strong></span> <span class='ocrx_word' id='word_1_294' title='bbox 2732 1218 2816 1271; x_wconf 86' lang='lat' dir='ltr'><strong>vel</strong></span> <span class='ocrx_word' id='word_1_295' title='bbox 2853 1220 3184 1287; x_wconf 74' lang='lat' dir='ltr'><strong>mugientem</strong></span> <span class='ocrx_word' id='word_1_296' title='bbox 3229 1219 3444 1282; x_wconf 77' lang='lat' dir='ltr'><strong>bovem,</strong></span> 
     </span>
    </p>
   </div>
   <div class='ocr_carea' id='block_1_42' title="bbox 1870 1309 3449 1378">
    <p class='ocr_par' dir='ltr' id='par_1_42' title="bbox 1870 1309 3449 1378">
     <span class='ocr_line' id='line_1_42' title="bbox 1870 1309 3449 1378; baseline 0.004 -16"><span class='ocrx_word' id='word_1_297' title='bbox 1870 1318 1979 1362; x_wconf 89' lang='lat' dir='ltr'><strong>tam</strong></span> <span class='ocrx_word' id='word_1_298' title='bbox 2013 1309 2222 1378; x_wconf 84' lang='lat' dir='ltr'><strong>seipsos</strong></span> <span class='ocrx_word' id='word_1_299' title='bbox 2255 1326 2419 1378; x_wconf 86' lang='lat' dir='ltr'><strong>quam</strong></span> <span class='ocrx_word' id='word_1_300' title='bbox 2465 1313 2601 1367; x_wconf 91' lang='lat' dir='ltr'><strong>alios</strong></span> <span class='ocrx_word' id='word_1_301' title='bbox 2655 1313 2769 1366; x_wconf 79' lang='lat' dir='ltr'><strong>haec</strong></span> <span class='ocrx_word' id='word_1_302' title='bbox 2827 1315 3110 1368; x_wconf 89' lang='lat' dir='ltr'><strong>audientes</strong></span> <span class='ocrx_word' id='word_1_303' title='bbox 3164 1315 3449 1370; x_wconf 83' lang='lat' dir='ltr'><strong>mendacio</strong></span> 
     </span>
    </p>
   </div>
   <div class='ocr_carea' id='block_1_43' title="bbox 1869 1400 3449 1474">
    <p class='ocr_par' dir='ltr' id='par_1_43' title="bbox 1869 1400 3449 1474">
     <span class='ocr_line' id='line_1_43' title="bbox 1869 1400 3449 1474; baseline 0.003 -21"><span class='ocrx_word' id='word_1_304' title='bbox 1869 1400 2172 1470; x_wconf 89' lang='lat' dir='ltr'><strong>decipiunt.</strong></span> <span class='ocrx_word' id='word_1_305' title='bbox 2218 1403 2363 1457; x_wconf 80' lang='lat' dir='ltr'><strong>Nihil</strong></span> <span class='ocrx_word' id='word_1_306' title='bbox 2392 1404 2536 1457; x_wconf 90' lang='lat' dir='ltr'><strong>enim</strong></span> <span class='ocrx_word' id='word_1_307' title='bbox 2579 1405 2850 1474; x_wconf 85' lang='lat' dir='ltr'><strong>ejusmodi</strong></span> <span class='ocrx_word' id='word_1_308' title='bbox 2881 1407 3153 1470; x_wconf 86' lang='lat' dir='ltr'><strong>viderunt,</strong></span> <span class='ocrx_word' id='word_1_309' title='bbox 3186 1408 3280 1462; x_wconf 89' lang='lat' dir='ltr'><strong>sed</strong></span> <span class='ocrx_word' id='word_1_310' title='bbox 3315 1409 3449 1461; x_wconf 74' lang='lat' dir='ltr'><strong>inn:-</strong></span> 
     </span>
    </p>
   </div>
   <div class='ocr_carea' id='block_1_44' title="bbox 1869 1493 3448 1567">
    <p class='ocr_par' dir='ltr' id='par_1_44' title="bbox 1869 1493 3448 1567">
     <span class='ocr_line' id='line_1_44' title="bbox 1869 1493 3448 1567; baseline 0.006 -23"><span class='ocrx_word' id='word_1_311' title='bbox 1869 1493 2177 1564; x_wconf 82' lang='lat' dir='ltr'><strong>ginationes</strong></span> <span class='ocrx_word' id='word_1_312' title='bbox 2229 1510 2418 1548; x_wconf 90' lang='lat' dir='ltr'><strong>earum</strong></span> <span class='ocrx_word' id='word_1_313' title='bbox 2471 1511 2656 1550; x_wconf 89' lang='lat' dir='ltr'><strong>rerum</strong></span> <span class='ocrx_word' id='word_1_314' title='bbox 2709 1513 2738 1550; x_wconf 91' lang='lat' dir='ltr'><strong>a</strong></span> <span class='ocrx_word' id='word_1_315' title='bbox 2803 1507 2950 1551; x_wconf 88' lang='lat' dir='ltr'><strong>metu</strong></span> <span class='ocrx_word' id='word_1_316' title='bbox 3009 1500 3448 1567; x_wconf 80' lang='lat' dir='ltr'><strong>proﬁciscuntur.</strong></span> 
     </span>
    </p>
   </div>
   <div class='ocr_carea' id='block_1_45' title="bbox 1870 1582 3450 1661">
    <p class='ocr_par' dir='ltr' id='par_1_45' title="bbox 1870 1582 3450 1661">
     <span class='ocr_line' id='line_1_45' title="bbox 1870 1582 3450 1661; baseline 0.006 -25"><span class='ocrx_word' id='word_1_317' title='bbox 1870 1582 2080 1648; x_wconf 84' lang='lat' dir='ltr'><strong>Quodsi</strong></span> <span class='ocrx_word' id='word_1_318' title='bbox 2115 1584 2346 1644; x_wconf 81' lang='lat' dir='ltr'><strong>fortasse</strong></span> <span class='ocrx_word' id='word_1_319' title='bbox 2377 1587 2588 1641; x_wconf 80' lang='lat' dir='ltr'><strong>daemon</strong></span> <span class='ocrx_word' id='word_1_320' title='bbox 2624 1588 2711 1643; x_wconf 90' lang='lat' dir='ltr'><strong>ille</strong></span> <span class='ocrx_word' id='word_1_321' title='bbox 2737 1591 3099 1661; x_wconf 71' lang='lat' dir='ltr'><strong>pmstigiator</strong></span> <span class='ocrx_word' id='word_1_322' title='bbox 3132 1601 3186 1645; x_wconf 92' lang='lat' dir='ltr'><strong>et</strong></span> <span class='ocrx_word' id='word_1_323' title='bbox 3210 1591 3450 1657; x_wconf 88' lang='lat' dir='ltr'><strong>invidus,</strong></span> 
     </span>
    </p>
   </div>
   <div class='ocr_carea' id='block_1_46' title="bbox 1870 1677 3454 1758">
    <p class='ocr_par' dir='ltr' id='par_1_46' title="bbox 1870 1677 3454 1758">
     <span class='ocr_line' id='line_1_46' title="bbox 1870 1677 3454 1758; baseline 0.007 -28"><span class='ocrx_word' id='word_1_324' title='bbox 1870 1678 2143 1746; x_wconf 84' lang='lat' dir='ltr'><strong>serpentis</strong></span> <span class='ocrx_word' id='word_1_325' title='bbox 2196 1677 2426 1734; x_wconf 90' lang='lat' dir='ltr'><strong>indutus</strong></span> <span class='ocrx_word' id='word_1_326' title='bbox 2457 1695 2708 1758; x_wconf 84' lang='lat' dir='ltr'><strong>corpore,</strong></span> <span class='ocrx_word' id='word_1_327' title='bbox 2739 1681 2910 1738; x_wconf 84' lang='lat' dir='ltr'><strong>feram</strong></span> <span class='ocrx_word' id='word_1_328' title='bbox 2948 1684 3108 1751; x_wconf 77' lang='lat' dir='ltr'><strong>hanc,</strong></span> <span class='ocrx_word' id='word_1_329' title='bbox 3141 1685 3289 1741; x_wconf 89' lang='lat' dir='ltr'><strong>velut</strong></span> <span class='ocrx_word' id='word_1_330' title='bbox 3329 1686 3454 1758; x_wconf 88' lang='lat' dir='ltr'><strong>igne</strong></span> 
     </span>
    </p>
   </div>
   <div class='ocr_carea' id='block_1_47' title="bbox 1870 1754 3451 1844">
    <p class='ocr_par' dir='ltr' id='par_1_47' title="bbox 1870 1754 3451 1844">
     <span class='ocr_line' id='line_1_47' title="bbox 1870 1754 3451 1844; baseline 0.008 -22"><span class='ocrx_word' id='word_1_331' title='bbox 1870 1767 2044 1837; x_wconf 84' lang='lat' dir='ltr'><strong>ipsam</strong></span> <span class='ocrx_word' id='word_1_332' title='bbox 2075 1781 2324 1840; x_wconf 87' lang='lat' dir='ltr'><strong>urgente,</strong></span> <span class='ocrx_word' id='word_1_333' title='bbox 2358 1771 2414 1825; x_wconf 93' lang='lat' dir='ltr'><strong>in</strong></span> <span class='ocrx_word' id='word_1_334' title='bbox 2446 1754 2701 1828; x_wconf 74' lang='lat' dir='ltr'><strong>animalia</strong></span> <span class='ocrx_word' id='word_1_335' title='bbox 2732 1785 3019 1832; x_wconf 88' lang='lat' dir='ltr'><strong>mansueta</strong></span> <span class='ocrx_word' id='word_1_336' title='bbox 3054 1778 3264 1834; x_wconf 88' lang='lat' dir='ltr'><strong>irruere</strong></span> <span class='ocrx_word' id='word_1_337' title='bbox 3295 1779 3451 1844; x_wconf 74' lang='lat' dir='ltr'><strong>facit,</strong></span> 
     </span>
    </p>
   </div>
   <div class='ocr_carea' id='block_1_48' title="bbox 1870 1861 3452 1943">
    <p class='ocr_par' dir='ltr' id='par_1_48' title="bbox 1870 1861 3452 1943">
     <span class='ocr_line' id='line_1_48' title="bbox 1870 1861 3452 1943; baseline 0.008 -27"><span class='ocrx_word' id='word_1_338' title='bbox 1870 1876 1994 1916; x_wconf 91' lang='lat' dir='ltr'><strong>cum</strong></span> <span class='ocrx_word' id='word_1_339' title='bbox 2046 1861 2175 1918; x_wconf 91' lang='lat' dir='ltr'><strong>inde</strong></span> <span class='ocrx_word' id='word_1_340' title='bbox 2227 1880 2401 1934; x_wconf 87' lang='lat' dir='ltr'><strong>usque</strong></span> <span class='ocrx_word' id='word_1_341' title='bbox 2447 1866 2518 1922; x_wconf 85' lang='lat' dir='ltr'><strong>ab</strong></span> <span class='ocrx_word' id='word_1_342' title='bbox 2559 1867 2717 1923; x_wconf 90' lang='lat' dir='ltr'><strong>initio</strong></span> <span class='ocrx_word' id='word_1_343' title='bbox 2750 1869 2955 1924; x_wconf 80' lang='lat' dir='ltr'><strong>invidia</strong></span> <span class='ocrx_word' id='word_1_344' title='bbox 2995 1873 3230 1940; x_wconf 83' lang='lat' dir='ltr'><strong>quadam</strong></span> <span class='ocrx_word' id='word_1_345' title='bbox 3259 1887 3452 1943; x_wconf 87' lang='lat' dir='ltr'><strong>prose-</strong></span> 
     </span>
    </p>
   </div>
   <div class='ocr_carea' id='block_1_49' title="bbox 1871 1957 3532 2033">
    <p class='ocr_par' dir='ltr' id='par_1_49' title="bbox 1871 1957 3532 2033">
     <span class='ocr_line' id='line_1_49' title="bbox 1871 1957 3532 2033; baseline 0.008 -25"><span class='ocrx_word' id='word_1_346' title='bbox 1871 1963 2092 2024; x_wconf 85' lang='lat' dir='ltr'><strong>quatur,</strong></span> <span class='ocrx_word' id='word_1_347' title='bbox 2125 1971 2236 2011; x_wconf 90' lang='lat' dir='ltr'><strong>non</strong></span> <span class='ocrx_word' id='word_1_348' title='bbox 2262 1957 2367 2028; x_wconf 78' lang='lat'><strong>61</strong></span> <span class='ocrx_word' id='word_1_349' title='bbox 2413 1959 2518 2015; x_wconf 89' lang='lat' dir='ltr'><strong>hoc</strong></span> <span class='ocrx_word' id='word_1_350' title='bbox 2547 1961 2622 2014; x_wconf 85' lang='lat' dir='ltr'><strong>ita</strong></span> <span class='ocrx_word' id='word_1_351' title='bbox 2654 1960 2888 2030; x_wconf 77' lang='lat' dir='ltr'><strong>proferri</strong></span> <span class='ocrx_word' id='word_1_352' title='bbox 2919 1964 3221 2033; x_wconf 88' lang='lat' dir='ltr'><strong>putabitur,</strong></span> <span class='ocrx_word' id='word_1_353' title='bbox 3248 1972 3310 2020; x_wconf 89' lang='lat' dir='ltr'><strong>ut</strong></span> <span class='ocrx_word' id='word_1_354' title='bbox 3337 1982 3456 2020; x_wconf 90' lang='lat' dir='ltr'><strong>om-</strong></span> <span class='ocrx_word' id='word_1_355' title='bbox 3528 2009 3532 2013; x_wconf 47' lang='grc' dir='ltr'><strong>ι</strong></span> 
     </span>
    </p>
   </div>
   <div class='ocr_carea' id='block_1_50' title="bbox 1871 2046 3451 2124">
    <p class='ocr_par' dir='ltr' id='par_1_50' title="bbox 1871 2046 3451 2124">
     <span class='ocr_line' id='line_1_50' title="bbox 1871 2046 3451 2124; baseline 0.008 -25"><span class='ocrx_word' id='word_1_356' title='bbox 1871 2046 2004 2102; x_wconf 82' lang='lat' dir='ltr'><strong>nino</strong></span> <span class='ocrx_word' id='word_1_357' title='bbox 2031 2047 2102 2102; x_wconf 91' lang='lat' dir='ltr'><strong>sit</strong></span> <span class='ocrx_word' id='word_1_358' title='bbox 2135 2049 2525 2120; x_wconf 84' lang='lat' dir='ltr'><strong>rejieiendum;</strong></span> <span class='ocrx_word' id='word_1_359' title='bbox 2586 2067 2710 2106; x_wconf 89' lang='lat' dir='ltr'><strong>nam</strong></span> <span class='ocrx_word' id='word_1_360' title='bbox 2743 2069 2916 2124; x_wconf 83' lang='lat' dir='ltr'><strong>genus</strong></span> <span class='ocrx_word' id='word_1_361' title='bbox 2942 2055 3045 2110; x_wconf 89' lang='lat' dir='ltr'><strong>hoc</strong></span> <span class='ocrx_word' id='word_1_362' title='bbox 3070 2055 3312 2110; x_wconf 83' lang='lat' dir='ltr'><strong>ferarum</strong></span> <span class='ocrx_word' id='word_1_363' title='bbox 3347 2057 3451 2112; x_wconf 83' lang='lat' dir='ltr'><strong>sibi</strong></span> 
     </span>
    </p>
   </div>
   <div class='ocr_carea' id='block_1_51' title="bbox 1873 2140 3456 2219">
    <p class='ocr_par' dir='ltr' id='par_1_51' title="bbox 1873 2140 3456 2219">
     <span class='ocr_line' id='line_1_51' title="bbox 1873 2140 3456 2219; baseline 0.007 -26"><span class='ocrx_word' id='word_1_364' title='bbox 1873 2154 1974 2208; x_wconf 86' lang='lat' dir='ltr'><strong>pro</strong></span> <span class='ocrx_word' id='word_1_365' title='bbox 2003 2140 2283 2195; x_wconf 90' lang='lat' dir='ltr'><strong>domicilio</strong></span> <span class='ocrx_word' id='word_1_366' title='bbox 2309 2141 2422 2211; x_wconf 76' lang='lat' dir='ltr'><strong>jam</strong></span> <span class='ocrx_word' id='word_1_367' title='bbox 2451 2143 2582 2197; x_wconf 90' lang='lat' dir='ltr'><strong>olim</strong></span> <span class='ocrx_word' id='word_1_368' title='bbox 2613 2147 2929 2215; x_wconf 83' lang='lat' dir='ltr'><strong>usurpavit,</strong></span> <span class='ocrx_word' id='word_1_369' title='bbox 2985 2161 3110 2202; x_wconf 84' lang='lat' dir='ltr'><strong>cum</strong></span> <span class='ocrx_word' id='word_1_370' title='bbox 3137 2163 3238 2219; x_wconf 87' lang='lat' dir='ltr'><strong>per</strong></span> <span class='ocrx_word' id='word_1_371' title='bbox 3272 2149 3322 2204; x_wconf 91' lang='lat' dir='ltr'><strong>id</strong></span> <span class='ocrx_word' id='word_1_372' title='bbox 3354 2165 3456 2205; x_wconf 81' lang='lat' dir='ltr'><strong>nos</strong></span> 
     </span>
    </p>
   </div>
   <div class='ocr_carea' id='block_1_52' title="bbox 1877 2231 3455 2307">
    <p class='ocr_par' dir='ltr' id='par_1_52' title="bbox 1877 2231 3455 2307">
     <span class='ocr_line' id='line_1_52' title="bbox 1877 2231 3455 2307; baseline 0.006 -21"><span class='ocrx_word' id='word_1_373' title='bbox 1877 2231 2116 2301; x_wconf 86' lang='lat' dir='ltr'><strong>paradisi</strong></span> <span class='ocrx_word' id='word_1_374' title='bbox 2147 2231 2350 2287; x_wconf 77' lang='lat' dir='ltr'><strong>ﬁnibus</strong></span> <span class='ocrx_word' id='word_1_375' title='bbox 2379 2234 2578 2303; x_wconf 89' lang='lat' dir='ltr'><strong>ejecit;</strong></span> <span class='ocrx_word' id='word_1_376' title='bbox 2613 2237 2796 2307; x_wconf 79' lang='lat' dir='ltr'><strong>itaque</strong></span> <span class='ocrx_word' id='word_1_377' title='bbox 2824 2237 2963 2293; x_wconf 92' lang='lat' dir='ltr'><strong>nihil</strong></span> <span class='ocrx_word' id='word_1_378' title='bbox 2998 2256 3219 2306; x_wconf 88' lang='lat' dir='ltr'><strong>novum,</strong></span> <span class='ocrx_word' id='word_1_379' title='bbox 3252 2241 3300 2295; x_wconf 85' lang='lat' dir='ltr'><strong>si</strong></span> <span class='ocrx_word' id='word_1_380' title='bbox 3336 2257 3455 2296; x_wconf 80' lang='grc' dir='ltr'>ωο-</span> 
     </span>
    </p>
   </div>
   <div class='ocr_carea' id='block_1_53' title="bbox 1875 2324 3353 2404">
    <p class='ocr_par' dir='ltr' id='par_1_53' title="bbox 1875 2324 3353 2404">
     <span class='ocr_line' id='line_1_53' title="bbox 1875 2324 3353 2404; baseline 0.008 -26"><span class='ocrx_word' id='word_1_381' title='bbox 1875 2333 1964 2378; x_wconf 88' lang='lat' dir='ltr'><strong>tus</strong></span> <span class='ocrx_word' id='word_1_382' title='bbox 1995 2324 2200 2380; x_wconf 84' lang='lat' dir='ltr'><strong>invidia</strong></span> <span class='ocrx_word' id='word_1_383' title='bbox 2238 2324 2388 2396; x_wconf 87' lang='lat' dir='ltr'><strong>cupit</strong></span> <span class='ocrx_word' id='word_1_384' title='bbox 2417 2327 2522 2382; x_wconf 87' lang='lat' dir='ltr'><strong>hac</strong></span> <span class='ocrx_word' id='word_1_385' title='bbox 2549 2329 2715 2384; x_wconf 86' lang='lat' dir='ltr'><strong>etiam</strong></span> <span class='ocrx_word' id='word_1_386' title='bbox 2745 2341 2888 2385; x_wconf 81' lang='lat' dir='ltr'><strong>terra</strong></span> <span class='ocrx_word' id='word_1_387' title='bbox 2928 2347 3029 2388; x_wconf 82' lang='lat' dir='ltr'><strong>nos</strong></span> <span class='ocrx_word' id='word_1_388' title='bbox 3062 2334 3353 2404; x_wconf 79' lang='lat' dir='ltr'><strong>expellere.</strong></span> 
     </span>
    </p>
   </div>
   <div class='ocr_carea' id='block_1_54' title="bbox 1948 2505 3458 2580">
    <p class='ocr_par' dir='ltr' id='par_1_54' title="bbox 1948 2505 3458 2580">
     <span class='ocr_line' id='line_1_54' title="bbox 1948 2505 3458 2580; baseline 0.007 -20"><span class='ocrx_word' id='word_1_389' title='bbox 1948 2506 2025 2561; x_wconf 80' lang='lat' dir='ltr'><strong>Ac</strong></span> <span class='ocrx_word' id='word_1_390' title='bbox 2055 2505 2124 2562; x_wconf 92' lang='lat' dir='ltr'><strong>de</strong></span> <span class='ocrx_word' id='word_1_391' title='bbox 2173 2506 2260 2563; x_wconf 88' lang='lat' dir='ltr'><strong>his</strong></span> <span class='ocrx_word' id='word_1_392' title='bbox 2289 2507 2505 2579; x_wconf 85' lang='lat' dir='ltr'><strong>quidem</strong></span> <span class='ocrx_word' id='word_1_393' title='bbox 2554 2510 2844 2567; x_wconf 84' lang='lat' dir='ltr'><strong>hactenus.</strong></span> <span class='ocrx_word' id='word_1_394' title='bbox 2875 2510 3081 2580; x_wconf 84' lang='lat' dir='ltr'><strong>Quodsi</strong></span> <span class='ocrx_word' id='word_1_395' title='bbox 3112 2529 3331 2571; x_wconf 84' lang='lat' dir='ltr'><strong>causam</strong></span> <span class='ocrx_word' id='word_1_396' title='bbox 3374 2515 3458 2571; x_wconf 57' lang='lat' dir='ltr'><strong>vis</strong></span> 
     </span>
    </p>
   </div>
   <div class='ocr_carea' id='block_1_55' title="bbox 1874 2601 3463 2672">
    <p class='ocr_par' dir='ltr' id='par_1_55' title="bbox 1874 2601 3463 2672">
     <span class='ocr_line' id='line_1_55' title="bbox 1874 2601 3463 2672; baseline 0.006 -21"><span class='ocrx_word' id='word_1_397' title='bbox 1874 2611 2229 2670; x_wconf 88' lang='lat' dir='ltr'><strong>cognoscere,</strong></span> <span class='ocrx_word' id='word_1_398' title='bbox 2261 2601 2618 2669; x_wconf 85' lang='lat' dir='ltr'><strong>quamobrem</strong></span> <span class='ocrx_word' id='word_1_399' title='bbox 2650 2602 2781 2657; x_wconf 83' lang='lat' dir='ltr'><strong>leles</strong></span> <span class='ocrx_word' id='word_1_400' title='bbox 2812 2610 2870 2658; x_wconf 87' lang='lat' dir='ltr'><strong>et</strong></span> <span class='ocrx_word' id='word_1_401' title='bbox 2902 2605 3315 2672; x_wconf 76' lang='lat' dir='ltr'><strong>vespertiliones</strong></span> <span class='ocrx_word' id='word_1_402' title='bbox 3344 2615 3463 2660; x_wconf 57' lang='lat' dir='ltr'><strong>tan.</strong></span> 
     </span>
    </p>
   </div>
   <div class='ocr_carea' id='block_1_56' title="bbox 1879 2692 3459 2759">
    <p class='ocr_par' dir='ltr' id='par_1_56' title="bbox 1879 2692 3459 2759">
     <span class='ocr_line' id='line_1_56' title="bbox 1879 2692 3459 2759; baseline 0.006 -15"><span class='ocrx_word' id='word_1_403' title='bbox 1879 2698 1992 2744; x_wconf 87' lang='lat' dir='ltr'><strong>tum</strong></span> <span class='ocrx_word' id='word_1_404' title='bbox 2026 2699 2190 2746; x_wconf 91' lang='lat' dir='ltr'><strong>noctu</strong></span> <span class='ocrx_word' id='word_1_405' title='bbox 2219 2703 2444 2746; x_wconf 80' lang='lat' dir='ltr'><strong>acutum</strong></span> <span class='ocrx_word' id='word_1_406' title='bbox 2478 2692 2721 2759; x_wconf 87' lang='lat' dir='ltr'><strong>videant,</strong></span> <span class='ocrx_word' id='word_1_407' title='bbox 2765 2695 2908 2750; x_wconf 85' lang='lat' dir='ltr'><strong>hanc</strong></span> <span class='ocrx_word' id='word_1_408' title='bbox 2958 2696 3104 2751; x_wconf 85' lang='lat' dir='ltr'><strong>illam</strong></span> <span class='ocrx_word' id='word_1_409' title='bbox 3140 2713 3261 2754; x_wconf 90' lang='lat' dir='ltr'><strong>esse</strong></span> <span class='ocrx_word' id='word_1_410' title='bbox 3295 2701 3459 2755; x_wconf 90' lang='lat' dir='ltr'><strong>scito.</strong></span> 
     </span>
    </p>
   </div>
   <div class='ocr_carea' id='block_1_57' title="bbox 1879 2779 3465 2857">
    <p class='ocr_par' dir='ltr' id='par_1_57' title="bbox 1879 2779 3465 2857">
     <span class='ocr_line' id='line_1_57' title="bbox 1879 2779 3465 2857; baseline 0.005 -21"><span class='ocrx_word' id='word_1_411' title='bbox 1879 2779 2022 2836; x_wconf 86' lang='lat' dir='ltr'><strong>Sunt</strong></span> <span class='ocrx_word' id='word_1_412' title='bbox 2049 2781 2166 2839; x_wconf 72' lang='lat' dir='ltr'><strong>haec</strong></span> <span class='ocrx_word' id='word_1_413' title='bbox 2193 2783 2452 2839; x_wconf 85' lang='lat' dir='ltr'><strong>animalia</strong></span> <span class='ocrx_word' id='word_1_414' title='bbox 2487 2786 2706 2856; x_wconf 88' lang='lat' dir='ltr'><strong>spiritu,</strong></span> <span class='ocrx_word' id='word_1_415' title='bbox 2739 2803 2852 2857; x_wconf 78' lang='lat' dir='ltr'><strong>quo</strong></span> <span class='ocrx_word' id='word_1_416' title='bbox 2879 2789 3140 2844; x_wconf 79' lang='lat' dir='ltr'><strong>cernendi</strong></span> <span class='ocrx_word' id='word_1_417' title='bbox 3176 2791 3256 2846; x_wconf 87' lang='lat' dir='ltr'><strong>vis</strong></span> <span class='ocrx_word' id='word_1_418' title='bbox 3281 2794 3465 2846; x_wconf 86' lang='lat' dir='ltr'><strong>conti-</strong></span> 
     </span>
    </p>
   </div>
   <div class='ocr_carea' id='block_1_58' title="bbox 1877 2876 3462 2952">
    <p class='ocr_par' dir='ltr' id='par_1_58' title="bbox 1877 2876 3462 2952">
     <span class='ocr_line' id='line_1_58' title="bbox 1877 2876 3462 2952; baseline 0.008 -25"><span class='ocrx_word' id='word_1_419' title='bbox 1877 2881 2062 2941; x_wconf 87' lang='lat' dir='ltr'><strong>netur,</strong></span> <span class='ocrx_word' id='word_1_420' title='bbox 2093 2889 2224 2930; x_wconf 87' lang='lat' dir='ltr'><strong>sane</strong></span> <span class='ocrx_word' id='word_1_421' title='bbox 2262 2876 2514 2946; x_wconf 86' lang='lat' dir='ltr'><strong>pertenui</strong></span> <span class='ocrx_word' id='word_1_422' title='bbox 2549 2879 2798 2948; x_wconf 80' lang='lat' dir='ltr'><strong>praedita.</strong></span> <span class='ocrx_word' id='word_1_423' title='bbox 2841 2879 3190 2952; x_wconf 83' lang='lat' dir='ltr'><strong>Quapropter</strong></span> <span class='ocrx_word' id='word_1_424' title='bbox 3223 2885 3267 2938; x_wconf 87' lang='lat' dir='ltr'><strong>is</strong></span> <span class='ocrx_word' id='word_1_425' title='bbox 3290 2893 3462 2939; x_wconf 88' lang='lat' dir='ltr'><strong>noctu</strong></span> 
     </span>
    </p>
   </div>
   <div class='ocr_carea' id='block_1_59' title="bbox 1879 2965 3465 3030">
    <p class='ocr_par' dir='ltr' id='par_1_59' title="bbox 1879 2965 3465 3030">
     <span class='ocr_line' id='line_1_59' title="bbox 1879 2965 3465 3030; baseline 0.008 -12"><span class='ocrx_word' id='word_1_426' title='bbox 1879 2965 2229 3020; x_wconf 88' lang='lat' dir='ltr'><strong>mediocriter</strong></span> <span class='ocrx_word' id='word_1_427' title='bbox 2275 2967 2348 3023; x_wconf 86' lang='lat' dir='ltr'><strong>ob</strong></span> <span class='ocrx_word' id='word_1_428' title='bbox 2386 2968 2518 3024; x_wconf 87' lang='lat' dir='ltr'><strong>solis</strong></span> <span class='ocrx_word' id='word_1_429' title='bbox 2567 2969 2869 3026; x_wconf 84' lang='lat' dir='ltr'><strong>absentiam</strong></span> <span class='ocrx_word' id='word_1_430' title='bbox 2905 2973 3274 3029; x_wconf 88' lang='lat' dir='ltr'><strong>condensatur</strong></span> <span class='ocrx_word' id='word_1_431' title='bbox 3301 2985 3356 3030; x_wconf 90' lang='lat' dir='ltr'><strong>et</strong></span> <span class='ocrx_word' id='word_1_432' title='bbox 3394 2977 3465 3030; x_wconf 90' lang='lat' dir='ltr'><strong>ad</strong></span> 
     </span>
    </p>
   </div>
   <div class='ocr_carea' id='block_1_60' title="bbox 1877 3059 3461 3133">
    <p class='ocr_par' dir='ltr' id='par_1_60' title="bbox 1877 3059 3461 3133">
     <span class='ocr_line' id='line_1_60' title="bbox 1877 3059 3461 3133; baseline 0.008 -22"><span class='ocrx_word' id='word_1_433' title='bbox 1877 3059 2288 3129; x_wconf 88' lang='lat' dir='ltr'><strong>perceptionem</strong></span> <span class='ocrx_word' id='word_1_434' title='bbox 2340 3076 2524 3116; x_wconf 89' lang='lat' dir='ltr'><strong>rerum</strong></span> <span class='ocrx_word' id='word_1_435' title='bbox 2581 3064 2996 3133; x_wconf 83' lang='lat' dir='ltr'><strong>aspectabilium</strong></span> <span class='ocrx_word' id='word_1_436' title='bbox 3047 3066 3108 3122; x_wconf 83' lang='lat' dir='ltr'><strong>ﬁt</strong></span> <span class='ocrx_word' id='word_1_437' title='bbox 3167 3068 3404 3123; x_wconf 80' lang='lat' dir='ltr'><strong>idoneus</strong></span> <span class='ocrx_word' id='word_1_438' title='bbox 3446 3086 3461 3124; x_wconf 89' lang='lat'><strong>:</strong></span> 
     </span>
    </p>
   </div>
   <div class='ocr_carea' id='block_1_61' title="bbox 201 3150 1770 3246">
    <p class='ocr_par' dir='ltr' id='par_1_61' title="bbox 201 3160 1770 3234">
     <span class='ocr_line' id='line_1_61' title="bbox 201 3160 1770 3234; baseline 0.008 -25"><span class='ocrx_word' id='word_1_439' title='bbox 201 3173 251 3209; x_wconf 79' lang='grc' dir='ltr'><strong>τε</strong></span> <span class='ocrx_word' id='word_1_440' title='bbox 291 3161 382 3212; x_wconf 76' lang='grc' dir='ltr'>καὶ</span> <span class='ocrx_word' id='word_1_441' title='bbox 432 3160 819 3218; x_wconf 80' lang='grc' dir='ltr'>σκεδάννυται.</span> <span class='ocrx_word' id='word_1_442' title='bbox 857 3163 1028 3218; x_wconf 92' lang='grc' dir='ltr'>Τοῦτο</span> <span class='ocrx_word' id='word_1_443' title='bbox 1069 3165 1126 3218; x_wconf 79' lang='grc' dir='ltr'>δὲ</span> <span class='ocrx_word' id='word_1_444' title='bbox 1177 3166 1272 3219; x_wconf 84' lang='grc' dir='ltr'>καὶ</span> <span class='ocrx_word' id='word_1_445' title='bbox 1313 3167 1373 3220; x_wconf 73' lang='grc' dir='ltr'>ὲν</span> <span class='ocrx_word' id='word_1_446' title='bbox 1412 3165 1595 3230; x_wconf 78' lang='grc' dir='ltr'>ἄλλοις</span> <span class='ocrx_word' id='word_1_447' title='bbox 1625 3166 1770 3234; x_wconf 76' lang='grc' dir='ltr'>ἔστιν</span> 
     </span>
    </p>
   </div>
   <div class='ocr_carea' id='block_1_62' title="bbox 1882 3150 3466 3246">
    <p class='ocr_par' dir='ltr' id='par_1_62' title="bbox 1882 3150 3466 3232">
     <span class='ocr_line' id='line_1_62' title="bbox 1882 3150 3466 3232; baseline 0.009 -30"><span class='ocrx_word' id='word_1_448' title='bbox 1882 3150 2082 3220; x_wconf 88' lang='lat' dir='ltr'><strong>quippe</strong></span> <span class='ocrx_word' id='word_1_449' title='bbox 2104 3151 2346 3208; x_wconf 87' lang='lat' dir='ltr'><strong>interdiu</strong></span> <span class='ocrx_word' id='word_1_450' title='bbox 2372 3162 2630 3225; x_wconf 88' lang='lat' dir='ltr'><strong>tanquam</strong></span> <span class='ocrx_word' id='word_1_451' title='bbox 2660 3157 3051 3214; x_wconf 87' lang='lat' dir='ltr'><strong>subtilissimus</strong></span> <span class='ocrx_word' id='word_1_452' title='bbox 3075 3159 3370 3232; x_wconf 87' lang='lat' dir='ltr'><strong>dissipatur</strong></span> <span class='ocrx_word' id='word_1_453' title='bbox 3399 3178 3466 3216; x_wconf 89' lang='lat' dir='ltr'><strong>ac</strong></span> 
     </span>
    </p>
   </div>
   <div class='ocr_carea' id='block_1_63' title="bbox 201 3241 1770 3322">
    <p class='ocr_par' dir='ltr' id='par_1_63' title="bbox 201 3246 1770 3322">
     <span class='ocr_line' id='line_1_63' title="bbox 201 3246 1770 3322; baseline 0.007 -21"><span class='ocrx_word' id='word_1_454' title='bbox 201 3246 315 3303; x_wconf 71' lang='grc' dir='ltr'>ἰδεῖν</span> <span class='ocrx_word' id='word_1_455' title='bbox 341 3253 438 3306; x_wconf 75' lang='grc' dir='ltr'><strong>καὶ</strong></span> <span class='ocrx_word' id='word_1_456' title='bbox 466 3254 538 3306; x_wconf 72' lang='grc' dir='ltr'>ὲν</span> <span class='ocrx_word' id='word_1_457' title='bbox 564 3252 747 3318; x_wconf 76' lang='grc' dir='ltr'>αὐτοῖς</span> <span class='ocrx_word' id='word_1_458' title='bbox 775 3257 885 3319; x_wconf 87' lang='grc' dir='ltr'>τοῖς</span> <span class='ocrx_word' id='word_1_459' title='bbox 916 3255 1153 3313; x_wconf 79' lang='grc' dir='ltr'>λέουσιν.</span> <span class='ocrx_word' id='word_1_460' title='bbox 1190 3258 1385 3313; x_wconf 85' lang='grc' dir='ltr'>Ἔνθεν</span> <span class='ocrx_word' id='word_1_461' title='bbox 1416 3274 1500 3312; x_wconf 91' lang='grc' dir='ltr'><strong>τοι</strong></span> <span class='ocrx_word' id='word_1_462' title='bbox 1550 3259 1648 3312; x_wconf 78' lang='grc' dir='ltr'>καὶ</span> <span class='ocrx_word' id='word_1_463' title='bbox 1676 3259 1770 3322; x_wconf 83' lang='grc' dir='ltr'>τὰς</span> 
     </span>
    </p>
   </div>
   <div class='ocr_carea' id='block_1_64' title="bbox 1882 3241 3464 3322">
    <p class='ocr_par' dir='ltr' id='par_1_64' title="bbox 1882 3241 3464 3322">
     <span class='ocr_line' id='line_1_64' title="bbox 1882 3241 3464 3322; baseline 0.007 -26"><span class='ocrx_word' id='word_1_464' title='bbox 1882 3241 2234 3315; x_wconf 75' lang='lat' dir='ltr'><strong>dispergitur.</strong></span> <span class='ocrx_word' id='word_1_465' title='bbox 2270 3244 2421 3300; x_wconf 87' lang='lat' dir='ltr'><strong>Idem</strong></span> <span class='ocrx_word' id='word_1_466' title='bbox 2460 3256 2516 3303; x_wconf 92' lang='lat' dir='ltr'><strong>et</strong></span> <span class='ocrx_word' id='word_1_467' title='bbox 2549 3248 2602 3302; x_wconf 89' lang='lat' dir='ltr'><strong>in</strong></span> <span class='ocrx_word' id='word_1_468' title='bbox 2637 3249 2762 3305; x_wconf 89' lang='lat' dir='ltr'><strong>aliis</strong></span> <span class='ocrx_word' id='word_1_469' title='bbox 2799 3251 3120 3317; x_wconf 79' lang='lat' dir='ltr'><strong>estvidere,</strong></span> <span class='ocrx_word' id='word_1_470' title='bbox 3159 3254 3464 3322; x_wconf 66' lang='lat' dir='ltr'><strong>praesertim</strong></span> 
     </span>
    </p>
   </div>
   <div class='ocr_carea' id='block_1_65' title="bbox 199 3336 1776 3418">
    <p class='ocr_par' dir='ltr' id='par_1_65' title="bbox 199 3336 1776 3418">
     <span class='ocr_line' id='line_1_65' title="bbox 199 3336 1776 3418; baseline 0.006 -24"><span class='ocrx_word' id='word_1_471' title='bbox 199 3342 417 3410; x_wconf 72' lang='grc' dir='ltr'>ἡλιακὰς</span> <span class='ocrx_word' id='word_1_472' title='bbox 459 3345 847 3416; x_wconf 84' lang='grc' dir='ltr'>μαρμαρυγὰς</span> <span class='ocrx_word' id='word_1_473' title='bbox 876 3347 927 3400; x_wconf 83' lang='grc' dir='ltr'><strong>οί</strong></span> <span class='ocrx_word' id='word_1_474' title='bbox 970 3347 1187 3412; x_wconf 84' lang='grc' dir='ltr'>λέοντες</span> <span class='ocrx_word' id='word_1_475' title='bbox 1218 3336 1615 3418; x_wconf 81' lang='grc' dir='ltr'>φεύγοντες-δι’</span> <span class='ocrx_word' id='word_1_476' title='bbox 1645 3349 1776 3418; x_wconf 85' lang='grc' dir='ltr'>ὅλης</span> 
     </span>
    </p>
   </div>
   <div class='ocr_carea' id='block_1_66' title="bbox 197 3432 1778 3516">
    <p class='ocr_par' dir='ltr' id='par_1_66' title="bbox 197 3432 1778 3516">
     <span class='ocr_line' id='line_1_66' title="bbox 197 3432 1778 3516; baseline 0.008 -33"><span class='ocrx_word' id='word_1_477' title='bbox 197 3432 397 3505; x_wconf 72' lang='grc' dir='ltr'>ἡμέρας</span> <span class='ocrx_word' id='word_1_478' title='bbox 433 3438 541 3490; x_wconf 78' lang='grc' dir='ltr'>καὶ</span> <span class='ocrx_word' id='word_1_479' title='bbox 569 3438 802 3500; x_wconf 79' lang='grc' dir='ltr'>ἄκοντες</span> <span class='ocrx_word' id='word_1_480' title='bbox 847 3436 1184 3516; x_wconf 84' lang='grc' dir='ltr'>κρύπτονται</span> <span class='ocrx_word' id='word_1_481' title='bbox 1213 3455 1227 3472; x_wconf 88' lang='grc'><strong>·</strong></span> <span class='ocrx_word' id='word_1_482' title='bbox 1263 3442 1311 3493; x_wconf 82' lang='lat' dir='ltr'><strong>si</strong></span> <span class='ocrx_word' id='word_1_483' title='bbox 1357 3440 1435 3512; x_wconf 75' lang='grc' dir='ltr'>μὴ</span> <span class='ocrx_word' id='word_1_484' title='bbox 1472 3441 1584 3513; x_wconf 84' lang='grc' dir='ltr'>γὰρ</span> <span class='ocrx_word' id='word_1_485' title='bbox 1615 3442 1778 3496; x_wconf 89' lang='grc' dir='ltr'>τοῦτο</span> 
     </span>
    </p>
   </div>
   <div class='ocr_carea' id='block_1_67' title="bbox 197 3516 1775 3604">
    <p class='ocr_par' dir='ltr' id='par_1_67' title="bbox 197 3516 1775 3604">
     <span class='ocr_line' id='line_1_67' title="bbox 197 3516 1775 3604; baseline 0.009 -28"><span class='ocrx_word' id='word_1_486' title='bbox 197 3519 275 3593; x_wconf 73' lang='grc' dir='ltr'><strong>ἦν,</strong></span> <span class='ocrx_word' id='word_1_487' title='bbox 305 3528 446 3598; x_wconf 85' lang='grc' dir='ltr'>τάχα</span> <span class='ocrx_word' id='word_1_488' title='bbox 481 3527 557 3581; x_wconf 83' lang='grc' dir='ltr'>ἂν</span> <span class='ocrx_word' id='word_1_489' title='bbox 597 3516 890 3591; x_wconf 68' lang='grc' dir='ltr'>ἀκωλύτως</span> <span class='ocrx_word' id='word_1_490' title='bbox 919 3530 977 3582; x_wconf 80' lang='grc' dir='ltr'>ὲν</span> <span class='ocrx_word' id='word_1_491' title='bbox 1017 3531 1204 3603; x_wconf 81' lang='grc' dir='ltr'>ἡμέρᾳ</span> <span class='ocrx_word' id='word_1_492' title='bbox 1245 3535 1679 3604; x_wconf 86' lang='grc' dir='ltr'>περιπατοῦντες</span> <span class='ocrx_word' id='word_1_493' title='bbox 1713 3536 1775 3589; x_wconf 84' lang='grc' dir='ltr'><strong>οὐ</strong></span> 
     </span>
    </p>
   </div>
   <div class='ocr_carea' id='block_1_68' title="bbox 202 3619 1560 3698">
    <p class='ocr_par' dir='ltr' id='par_1_68' title="bbox 202 3619 1560 3698">
     <span class='ocr_line' id='line_1_68' title="bbox 202 3619 1560 3698; baseline 0.01 -29"><span class='ocrx_word' id='word_1_494' title='bbox 202 3619 400 3690; x_wconf 82' lang='grc' dir='ltr'>μικρῶς</span> <span class='ocrx_word' id='word_1_495' title='bbox 429 3621 708 3677; x_wconf 69' lang='grc' dir='ltr'>εϐλατπον</span> <span class='ocrx_word' id='word_1_496' title='bbox 734 3625 859 3688; x_wconf 65' lang='grc' dir='ltr'>τοὺς</span> <span class='ocrx_word' id='word_1_497' title='bbox 885 3623 1070 3687; x_wconf 79' lang='grc' dir='ltr'>αὐτοῖς</span> <span class='ocrx_word' id='word_1_498' title='bbox 1105 3625 1560 3698; x_wconf 72' lang='grc' dir='ltr'>ἐντυγχάνοντας.</span> 
     </span>
    </p>
   </div>
   <div class='ocr_carea' id='block_1_69' title="bbox 255 3799 1776 3876">
    <p class='ocr_par' dir='ltr' id='par_1_69' title="bbox 255 3799 1776 3876">
     <span class='ocr_line' id='line_1_69' title="bbox 255 3799 1776 3876; baseline 0.005 -24"><span class='ocrx_word' id='word_1_499' title='bbox 255 3799 495 3857; x_wconf 79' lang='grc' dir='ltr'>Γίνωσκε</span> <span class='ocrx_word' id='word_1_500' title='bbox 533 3802 628 3869; x_wconf 75' lang='grc' dir='ltr'>καὶ</span> <span class='ocrx_word' id='word_1_501' title='bbox 657 3803 840 3870; x_wconf 82' lang='grc' dir='ltr'>τοῦτο,</span> <span class='ocrx_word' id='word_1_502' title='bbox 867 3803 952 3858; x_wconf 78' lang='grc' dir='ltr'>ὃτι</span> <span class='ocrx_word' id='word_1_503' title='bbox 981 3804 1010 3858; x_wconf 88' lang='grc' dir='ltr'><strong>ό</strong></span> <span class='ocrx_word' id='word_1_504' title='bbox 1030 3803 1167 3859; x_wconf 81' lang='grc' dir='ltr'>λέων</span> <span class='ocrx_word' id='word_1_505' title='bbox 1190 3803 1526 3876; x_wconf 84' lang='grc' dir='ltr'>διωκόμενος</span> <span class='ocrx_word' id='word_1_506' title='bbox 1554 3806 1776 3860; x_wconf 61' lang='grc' dir='ltr'>συστέλι</span> 
     </span>
    </p>
   </div>
   <div class='ocr_carea' id='block_1_70' title="bbox 191 3881 1820 3969">
    <p class='ocr_par' dir='ltr' id='par_1_70' title="bbox 191 3881 1820 3969">
     <span class='ocr_line' id='line_1_70' title="bbox 191 3881 1820 3969; baseline 0.006 -29"><span class='ocrx_word' id='word_1_507' title='bbox 191 3887 262 3942; x_wconf 85' lang='grc' dir='ltr'><strong>λει</strong></span> <span class='ocrx_word' id='word_1_508' title='bbox 297 3891 366 3945; x_wconf 83' lang='grc' dir='ltr'>τὰ</span> <span class='ocrx_word' id='word_1_509' title='bbox 403 3892 543 3962; x_wconf 75' lang='grc' dir='ltr'>ἴχνη</span> <span class='ocrx_word' id='word_1_510' title='bbox 598 3892 763 3946; x_wconf 85' lang='grc' dir='ltr'>αὐτοῦ</span> <span class='ocrx_word' id='word_1_511' title='bbox 805 3893 1130 3969; x_wconf 22' lang='grc' dir='ltr'><strong>(Μὴ-Οὕτω</strong></span> <span class='ocrx_word' id='word_1_512' title='bbox 1172 3894 1200 3947; x_wconf 80' lang='grc' dir='ltr'><strong>ό</strong></span> <span class='ocrx_word' id='word_1_513' title='bbox 1243 3894 1452 3966; x_wconf 81' lang='grc' dir='ltr'>Κύριος</span> <span class='ocrx_word' id='word_1_514' title='bbox 1503 3897 1776 3968; x_wconf 81' lang='grc' dir='ltr'>κατερχό-</span> <span class='ocrx_word' id='word_1_515' title='bbox 1817 3881 1820 3884; x_wconf 38' lang='grc'><strong>’</strong></span> 
     </span>
    </p>
   </div>
   <div class='ocr_carea' id='block_1_71' title="bbox 198 3985 1775 4062">
    <p class='ocr_par' dir='ltr' id='par_1_71' title="bbox 198 3985 1775 4062">
     <span class='ocr_line' id='line_1_71' title="bbox 198 3985 1775 4062; baseline 0.006 -27"><span class='ocrx_word' id='word_1_516' title='bbox 198 3997 347 4049; x_wconf 82' lang='grc' dir='ltr'>μενος</span> <span class='ocrx_word' id='word_1_517' title='bbox 385 3986 484 4038; x_wconf 73' lang='grc' dir='ltr'>ἐπὶ</span> <span class='ocrx_word' id='word_1_518' title='bbox 514 3985 620 4054; x_wconf 81' lang='grc' dir='ltr'><strong>τῆς</strong></span> <span class='ocrx_word' id='word_1_519' title='bbox 639 3985 742 4057; x_wconf 78' lang='grc' dir='ltr'>γῆς</span> <span class='ocrx_word' id='word_1_520' title='bbox 771 3987 863 4039; x_wconf 80' lang='grc' dir='ltr'><strong>τὸν</strong></span> <span class='ocrx_word' id='word_1_521' title='bbox 893 3987 992 4056; x_wconf 79' lang='grc' dir='ltr'>τῆς</span> <span class='ocrx_word' id='word_1_522' title='bbox 1023 3987 1332 4058; x_wconf 85' lang='grc' dir='ltr'>παρουσίας</span> <span class='ocrx_word' id='word_1_523' title='bbox 1371 3988 1566 4061; x_wconf 84' lang='grc' dir='ltr'>καιρὸν</span> <span class='ocrx_word' id='word_1_524' title='bbox 1595 3989 1775 4062; x_wconf 83' lang='grc' dir='ltr'>πάντη</span> 
     </span>
    </p>
   </div>
   <div class='ocr_carea' id='block_1_72' title="bbox 194 4077 1778 4154">
    <p class='ocr_par' dir='ltr' id='par_1_72' title="bbox 194 4077 1778 4154">
     <span class='ocr_line' id='line_1_72' title="bbox 194 4077 1778 4154; baseline 0.005 -26"><span class='ocrx_word' id='word_1_525' title='bbox 194 4077 496 4132; x_wconf 77' lang='grc' dir='ltr'>συνέστειλε</span> <span class='ocrx_word' id='word_1_526' title='bbox 548 4077 636 4131; x_wconf 84' lang='grc' dir='ltr'>διὰ</span> <span class='ocrx_word' id='word_1_527' title='bbox 683 4080 774 4133; x_wconf 78' lang='grc' dir='ltr'><strong>τὸν</strong></span> <span class='ocrx_word' id='word_1_528' title='bbox 815 4080 1063 4134; x_wconf 79' lang='grc' dir='ltr'>διάϐολον</span> <span class='ocrx_word' id='word_1_529' title='bbox 1095 4080 1272 4151; x_wconf 26' lang='grc' dir='ltr'>,πάλαι</span> <span class='ocrx_word' id='word_1_530' title='bbox 1315 4081 1416 4148; x_wconf 81' lang='grc' dir='ltr'>τὰς</span> <span class='ocrx_word' id='word_1_531' title='bbox 1468 4080 1778 4154; x_wconf 66' lang='grc' dir='ltr'>παρθένους</span> 
     </span>
    </p>
   </div>
   <div class='ocr_carea' id='block_1_73' title="bbox 195 4165 1780 4245">
    <p class='ocr_par' dir='ltr' id='par_1_73' title="bbox 195 4165 1780 4245">
     <span class='ocr_line' id='line_1_73' title="bbox 195 4165 1780 4245; baseline 0.007 -29"><span class='ocrx_word' id='word_1_532' title='bbox 195 4165 586 4239; x_wconf 70' lang='grc' dir='ltr'>ὲπιτηροῦντα.</span> <span class='ocrx_word' id='word_1_533' title='bbox 644 4169 701 4224; x_wconf 85' lang='grc' dir='ltr'><strong>Ὀ</strong></span> <span class='ocrx_word' id='word_1_534' title='bbox 748 4171 844 4224; x_wconf 88' lang='grc' dir='ltr'><strong>τοῦ</strong></span> <span class='ocrx_word' id='word_1_535' title='bbox 901 4170 1112 4236; x_wconf 81' lang='grc' dir='ltr'>λέοντος</span> <span class='ocrx_word' id='word_1_536' title='bbox 1159 4171 1404 4242; x_wconf 80' lang='grc' dir='ltr'>σκύμνος</span> <span class='ocrx_word' id='word_1_537' title='bbox 1453 4173 1644 4245; x_wconf 81' lang='grc' dir='ltr'>νεκρὸς</span> <span class='ocrx_word' id='word_1_538' title='bbox 1679 4173 1780 4242; x_wconf 73' lang='grc' dir='ltr'>μὲν</span> 
     </span>
    </p>
   </div>
   <div class='ocr_carea' id='block_1_74' title="bbox 1879 3334 3464 3426">
    <p class='ocr_par' dir='ltr' id='par_1_74' title="bbox 1879 3334 3464 3426">
     <span class='ocr_line' id='line_1_74' title="bbox 1879 3334 3464 3426; baseline 0.008 -38"><span class='ocrx_word' id='word_1_539' title='bbox 1879 3334 2014 3404; x_wconf 88' lang='lat' dir='ltr'><strong>ipsis</strong></span> <span class='ocrx_word' id='word_1_540' title='bbox 2043 3336 2096 3391; x_wconf 93' lang='lat' dir='ltr'><strong>in</strong></span> <span class='ocrx_word' id='word_1_541' title='bbox 2137 3338 2411 3394; x_wconf 85' lang='lat' dir='ltr'><strong>leonibus.</strong></span> <span class='ocrx_word' id='word_1_542' title='bbox 2443 3339 2562 3406; x_wconf 90' lang='lat' dir='ltr'><strong>Quo</strong></span> <span class='ocrx_word' id='word_1_543' title='bbox 2608 3341 2669 3396; x_wconf 81' lang='lat' dir='ltr'><strong>ﬁt</strong></span> <span class='ocrx_word' id='word_1_544' title='bbox 2701 3352 2762 3396; x_wconf 89' lang='lat' dir='ltr'><strong>ut</strong></span> <span class='ocrx_word' id='word_1_545' title='bbox 2810 3343 3159 3426; x_wconf 84' lang='lat' dir='ltr'><strong>splendorem</strong></span> <span class='ocrx_word' id='word_1_546' title='bbox 3191 3346 3464 3402; x_wconf 87' lang='lat' dir='ltr'><strong>radiorum</strong></span> 
     </span>
    </p>
   </div>
   <div class='ocr_carea' id='block_1_75' title="bbox 1879 3427 3465 3502">
    <p class='ocr_par' dir='ltr' id='par_1_75' title="bbox 1879 3427 3465 3502">
     <span class='ocr_line' id='line_1_75' title="bbox 1879 3427 3465 3502; baseline 0.009 -21"><span class='ocrx_word' id='word_1_547' title='bbox 1879 3427 2142 3484; x_wconf 88' lang='lat' dir='ltr'><strong>solarium</strong></span> <span class='ocrx_word' id='word_1_548' title='bbox 2190 3430 2464 3502; x_wconf 77' lang='lat' dir='ltr'><strong>fugientes</strong></span> <span class='ocrx_word' id='word_1_549' title='bbox 2506 3433 2672 3488; x_wconf 88' lang='lat' dir='ltr'><strong>etiam</strong></span> <span class='ocrx_word' id='word_1_550' title='bbox 2714 3435 2870 3490; x_wconf 87' lang='lat' dir='ltr'><strong>inviti</strong></span> <span class='ocrx_word' id='word_1_551' title='bbox 2923 3446 3039 3492; x_wconf 88' lang='lat' dir='ltr'><strong>toto</strong></span> <span class='ocrx_word' id='word_1_552' title='bbox 3092 3439 3182 3494; x_wconf 92' lang='lat' dir='ltr'><strong>die</strong></span> <span class='ocrx_word' id='word_1_553' title='bbox 3229 3439 3465 3496; x_wconf 88' lang='lat' dir='ltr'><strong>latitent.</strong></span> 
     </span>
    </p>
   </div>
   <div class='ocr_carea' id='block_1_76' title="bbox 1877 3520 3464 3602">
    <p class='ocr_par' dir='ltr' id='par_1_76' title="bbox 1877 3520 3464 3602">
     <span class='ocr_line' id='line_1_76' title="bbox 1877 3520 3464 3602; baseline 0.009 -28"><span class='ocrx_word' id='word_1_554' title='bbox 1877 3520 2015 3576; x_wconf 83' lang='lat' dir='ltr'><strong>Nam</strong></span> <span class='ocrx_word' id='word_1_555' title='bbox 2049 3521 2095 3576; x_wconf 90' lang='lat' dir='ltr'><strong>si</strong></span> <span class='ocrx_word' id='word_1_556' title='bbox 2140 3523 2351 3594; x_wconf 88' lang='lat' dir='ltr'><strong>absque</strong></span> <span class='ocrx_word' id='word_1_557' title='bbox 2395 3526 2501 3581; x_wconf 86' lang='lat' dir='ltr'><strong>hoc</strong></span> <span class='ocrx_word' id='word_1_558' title='bbox 2536 3533 2700 3592; x_wconf 85' lang='lat' dir='ltr'><strong>esset,</strong></span> <span class='ocrx_word' id='word_1_559' title='bbox 2733 3527 2903 3583; x_wconf 87' lang='lat' dir='ltr'><strong>libere</strong></span> <span class='ocrx_word' id='word_1_560' title='bbox 2942 3532 3130 3601; x_wconf 85' lang='lat' dir='ltr'><strong>utique</strong></span> <span class='ocrx_word' id='word_1_561' title='bbox 3177 3547 3276 3602; x_wconf 88' lang='lat' dir='ltr'><strong>per</strong></span> <span class='ocrx_word' id='word_1_562' title='bbox 3319 3535 3464 3589; x_wconf 90' lang='lat' dir='ltr'><strong>diem</strong></span> 
     </span>
    </p>
   </div>
   <div class='ocr_carea' id='block_1_77' title="bbox 1792 3612 3467 3690">
    <p class='ocr_par' dir='ltr' id='par_1_77' title="bbox 1792 3612 3467 3690">
     <span class='ocr_line' id='line_1_77' title="bbox 1792 3612 3467 3690; baseline 0.013 -29"><span class='ocrx_word' id='word_1_563' title='bbox 1792 3649 1803 3661; x_wconf 90' lang='lat'><strong>.</strong></span> <span class='ocrx_word' id='word_1_564' title='bbox 1881 3612 2204 3670; x_wconf 88' lang='lat' dir='ltr'><strong>oberrantes</strong></span> <span class='ocrx_word' id='word_1_565' title='bbox 2237 3616 2382 3670; x_wconf 88' lang='lat' dir='ltr'><strong>haud</strong></span> <span class='ocrx_word' id='word_1_566' title='bbox 2415 3617 2666 3690; x_wconf 86' lang='lat' dir='ltr'><strong>exiguam</strong></span> <span class='ocrx_word' id='word_1_567' title='bbox 2697 3618 3014 3679; x_wconf 80' lang='lat' dir='ltr'><strong>hominibus</strong></span> <span class='ocrx_word' id='word_1_568' title='bbox 3047 3627 3467 3683; x_wconf 85' lang='lat' dir='ltr'><strong>occurrentibus</strong></span> 
     </span>
    </p>
   </div>
   <div class='ocr_carea' id='block_1_78' title="bbox 1883 3704 2389 3762">
    <p class='ocr_par' dir='ltr' id='par_1_78' title="bbox 1883 3704 2389 3762">
     <span class='ocr_line' id='line_1_78' title="bbox 1883 3704 2389 3762; baseline 0.01 -5"><span class='ocrx_word' id='word_1_569' title='bbox 1883 3718 2078 3758; x_wconf 83' lang='lat' dir='ltr'><strong>noxam</strong></span> <span class='ocrx_word' id='word_1_570' title='bbox 2106 3704 2389 3762; x_wconf 66' lang='lat' dir='ltr'><strong>afferrent.</strong></span> 
     </span>
    </p>
   </div>
   <div class='ocr_carea' id='block_1_79' title="bbox 1956 3793 3464 3876">
    <p class='ocr_par' dir='ltr' id='par_1_79' title="bbox 1956 3793 3464 3876">
     <span class='ocr_line' id='line_1_79' title="bbox 1956 3793 3464 3876; baseline 0.011 -28"><span class='ocrx_word' id='word_1_571' title='bbox 1956 3793 2070 3851; x_wconf 88' lang='lat' dir='ltr'><strong>Hoc</strong></span> <span class='ocrx_word' id='word_1_572' title='bbox 2099 3797 2261 3852; x_wconf 88' lang='lat' dir='ltr'><strong>etiam</strong></span> <span class='ocrx_word' id='word_1_573' title='bbox 2292 3799 2464 3867; x_wconf 90' lang='lat' dir='ltr'><strong>disce,</strong></span> <span class='ocrx_word' id='word_1_574' title='bbox 2490 3800 2709 3857; x_wconf 89' lang='lat' dir='ltr'><strong>leonem</strong></span> <span class='ocrx_word' id='word_1_575' title='bbox 2737 3804 2965 3876; x_wconf 86' lang='lat' dir='ltr'><strong>vestigia</strong></span> <span class='ocrx_word' id='word_1_576' title='bbox 2993 3819 3089 3862; x_wconf 87' lang='lat' dir='ltr'><strong>sua</strong></span> <span class='ocrx_word' id='word_1_577' title='bbox 3118 3810 3464 3874; x_wconf 80' lang='lat' dir='ltr'><strong>contrahere.</strong></span> 
     </span>
    </p>
   </div>
   <div class='ocr_carea' id='block_1_80' title="bbox 1883 3887 3468 3987">
    <p class='ocr_par' dir='ltr' id='par_1_80' title="bbox 1883 3887 3468 3987">
     <span class='ocr_line' id='line_1_80' title="bbox 1883 3887 3468 3987; baseline 0.011 -46"><span class='ocrx_word' id='word_1_578' title='bbox 1883 3887 2104 3958; x_wconf 88' lang='lat' dir='ltr'><strong>quoties</strong></span> <span class='ocrx_word' id='word_1_579' title='bbox 2158 3890 2550 3987; x_wconf 64' lang='lat' dir='ltr'><strong>ipsumaliqui</strong></span> <span class='ocrx_word' id='word_1_580' title='bbox 2601 3907 3031 3966; x_wconf 87' lang='lat' dir='ltr'><strong>persequuntur.</strong></span> <span class='ocrx_word' id='word_1_581' title='bbox 3066 3898 3156 3955; x_wconf 89' lang='lat' dir='ltr'><strong>Sic</strong></span> <span class='ocrx_word' id='word_1_582' title='bbox 3204 3901 3468 3958; x_wconf 89' lang='lat' dir='ltr'><strong>Dominus</strong></span> 
     </span>
    </p>
   </div>
   <div class='ocr_carea' id='block_1_81' title="bbox 1883 3984 3467 4051">
    <p class='ocr_par' dir='ltr' id='par_1_81' title="bbox 1883 3984 3467 4051">
     <span class='ocr_line' id='line_1_81' title="bbox 1883 3984 3467 4051; baseline 0.009 -16"><span class='ocrx_word' id='word_1_583' title='bbox 1883 3996 2100 4051; x_wconf 87' lang='lat' dir='ltr'><strong>quoque</strong></span> <span class='ocrx_word' id='word_1_584' title='bbox 2127 3984 2315 4039; x_wconf 83' lang='lat' dir='ltr'><strong>noster</strong></span> <span class='ocrx_word' id='word_1_585' title='bbox 2346 3984 2402 4038; x_wconf 85' lang='lat' dir='ltr'><strong>in</strong></span> <span class='ocrx_word' id='word_1_586' title='bbox 2437 3994 2637 4041; x_wconf 89' lang='lat' dir='ltr'><strong>terram</strong></span> <span class='ocrx_word' id='word_1_587' title='bbox 2684 3987 3026 4046; x_wconf 82' lang='lat' dir='ltr'><strong>descendens</strong></span> <span class='ocrx_word' id='word_1_588' title='bbox 3065 3991 3335 4050; x_wconf 86' lang='lat' dir='ltr'><strong>adventus</strong></span> <span class='ocrx_word' id='word_1_589' title='bbox 3381 3999 3467 4050; x_wconf 86' lang='lat' dir='ltr'><strong>sui</strong></span> 
     </span>
    </p>
   </div>
   <div class='ocr_carea' id='block_1_82' title="bbox 1885 4075 3466 4156">
    <p class='ocr_par' dir='ltr' id='par_1_82' title="bbox 1885 4075 3466 4156">
     <span class='ocr_line' id='line_1_82' title="bbox 1885 4075 3466 4156; baseline 0.009 -29"><span class='ocrx_word' id='word_1_590' title='bbox 1885 4080 2101 4142; x_wconf 88' lang='lat' dir='ltr'><strong>tempus</strong></span> <span class='ocrx_word' id='word_1_591' title='bbox 2152 4075 2426 4132; x_wconf 83' lang='lat' dir='ltr'><strong>contraxit</strong></span> <span class='ocrx_word' id='word_1_592' title='bbox 2491 4077 2693 4136; x_wconf 88' lang='lat' dir='ltr'><strong>diaboli</strong></span> <span class='ocrx_word' id='word_1_593' title='bbox 2741 4095 2928 4148; x_wconf 87' lang='lat' dir='ltr'><strong>causa,</strong></span> <span class='ocrx_word' id='word_1_594' title='bbox 2984 4086 3074 4155; x_wconf 91' lang='lat' dir='ltr'><strong>qui</strong></span> <span class='ocrx_word' id='word_1_595' title='bbox 3146 4087 3466 4156; x_wconf 79' lang='lat' dir='ltr'><strong>jamdudum</strong></span> 
     </span>
    </p>
   </div>
   <div class='ocr_carea' id='block_1_83' title="bbox 1879 4167 3468 4240">
    <p class='ocr_par' dir='ltr' id='par_1_83' title="bbox 1879 4167 3468 4240">
     <span class='ocr_line' id='line_1_83' title="bbox 1879 4167 3468 4240; baseline 0.008 -17"><span class='ocrx_word' id='word_1_596' title='bbox 1879 4167 2121 4240; x_wconf 86' lang='lat' dir='ltr'><strong>virgines</strong></span> <span class='ocrx_word' id='word_1_597' title='bbox 2180 4170 2528 4229; x_wconf 81' lang='lat' dir='ltr'><strong>observabat.</strong></span> <span class='ocrx_word' id='word_1_598' title='bbox 2579 4173 2806 4232; x_wconf 89' lang='lat' dir='ltr'><strong>Catulus</strong></span> <span class='ocrx_word' id='word_1_599' title='bbox 2854 4177 3110 4236; x_wconf 91' lang='lat' dir='ltr'><strong>leoninus</strong></span> <span class='ocrx_word' id='word_1_600' title='bbox 3174 4181 3227 4234; x_wconf 90' lang='lat' dir='ltr'><strong>in</strong></span> <span class='ocrx_word' id='word_1_601' title='bbox 3294 4181 3468 4237; x_wconf 86' lang='lat' dir='ltr'><strong>lucem</strong></span> 
     </span>
    </p>
   </div>
   <div class='ocr_carea' id='block_1_84' title="bbox 191 4261 1770 4341">
    <p class='ocr_par' dir='ltr' id='par_1_84' title="bbox 191 4261 1770 4335">
     <span class='ocr_line' id='line_1_84' title="bbox 191 4261 1770 4335; baseline 0.005 -26"><span class='ocrx_word' id='word_1_602' title='bbox 191 4263 463 4326; x_wconf 77' lang='grc' dir='ltr'>γεννᾶται,</span> <span class='ocrx_word' id='word_1_603' title='bbox 499 4261 903 4334; x_wconf 81' lang='grc' dir='ltr'>ὲμφυσὼμενος</span> <span class='ocrx_word' id='word_1_604' title='bbox 930 4262 989 4316; x_wconf 73' lang='grc' dir='ltr'>δι</span> <span class='ocrx_word' id='word_1_605' title='bbox 1019 4265 1184 4335; x_wconf 81' lang='grc' dir='ltr'>παρὰ</span> <span class='ocrx_word' id='word_1_606' title='bbox 1222 4265 1318 4318; x_wconf 88' lang='grc' dir='ltr'><strong>τοῦ</strong></span> <span class='ocrx_word' id='word_1_607' title='bbox 1352 4264 1561 4335; x_wconf 83' lang='grc' dir='ltr'>πατρὸς</span> <span class='ocrx_word' id='word_1_608' title='bbox 1606 4263 1770 4319; x_wconf 80' lang='grc' dir='ltr'>αὐτοῦ</span> 
     </span>
    </p>
   </div>
   <div class='ocr_carea' id='block_1_85' title="bbox 1882 4261 3472 4341">
    <p class='ocr_par' dir='ltr' id='par_1_85' title="bbox 1883 4263 3472 4341">
     <span class='ocr_line' id='line_1_85' title="bbox 1883 4263 3472 4341; baseline 0.007 -25"><span class='ocrx_word' id='word_1_609' title='bbox 1883 4269 2134 4318; x_wconf 91' lang='lat' dir='ltr'><strong>mortuus</strong></span> <span class='ocrx_word' id='word_1_610' title='bbox 2169 4263 2391 4333; x_wconf 89' lang='lat' dir='ltr'><strong>quidem</strong></span> <span class='ocrx_word' id='word_1_611' title='bbox 2442 4264 2646 4332; x_wconf 87' lang='lat' dir='ltr'><strong>editur,</strong></span> <span class='ocrx_word' id='word_1_612' title='bbox 2699 4282 2889 4323; x_wconf 88' lang='lat' dir='ltr'><strong>verum</strong></span> <span class='ocrx_word' id='word_1_613' title='bbox 2931 4269 3113 4325; x_wconf 83' lang='lat' dir='ltr'><strong>aillatu</strong></span> <span class='ocrx_word' id='word_1_614' title='bbox 3164 4273 3332 4341; x_wconf 86' lang='lat' dir='ltr'><strong>patris</strong></span> <span class='ocrx_word' id='word_1_615' title='bbox 3395 4276 3472 4328; x_wconf 81' lang='lat' dir='ltr'><strong>vi-</strong></span> 
     </span>
    </p>
   </div>
   <div class='ocr_carea' id='block_1_86' title="bbox 192 4343 1770 4430">
    <p class='ocr_par' dir='ltr' id='par_1_86' title="bbox 192 4343 1770 4426">
     <span class='ocr_line' id='line_1_86' title="bbox 192 4343 1770 4426; baseline 0.004 -24"><span class='ocrx_word' id='word_1_616' title='bbox 192 4343 561 4415; x_wconf 78' lang='grc' dir='ltr'>ζωογονεῖται.</span> <span class='ocrx_word' id='word_1_617' title='bbox 615 4348 773 4404; x_wconf 83' lang='grc' dir='ltr'>Οῦτω</span> <span class='ocrx_word' id='word_1_618' title='bbox 814 4351 910 4405; x_wconf 75' lang='grc' dir='ltr'>καὶ</span> <span class='ocrx_word' id='word_1_619' title='bbox 941 4353 970 4405; x_wconf 82' lang='grc' dir='ltr'>ὁ</span> <span class='ocrx_word' id='word_1_620' title='bbox 1001 4353 1135 4417; x_wconf 81' lang='grc' dir='ltr'>Θεὸς</span> <span class='ocrx_word' id='word_1_621' title='bbox 1173 4353 1368 4422; x_wconf 81' lang='grc' dir='ltr'>πρῶτα.</span> <span class='ocrx_word' id='word_1_622' title='bbox 1415 4355 1518 4424; x_wconf 77' lang='grc' dir='ltr'>μὲν</span> <span class='ocrx_word' id='word_1_623' title='bbox 1565 4354 1658 4408; x_wconf 71' lang='grc' dir='ltr'><strong>ἐπὶ</strong></span> <span class='ocrx_word' id='word_1_624' title='bbox 1699 4354 1770 4426; x_wconf 74' lang='grc' dir='ltr'>τῷ</span> 
     </span>
    </p>
   </div>
   <div class='ocr_carea' id='block_1_87' title="bbox 1882 4343 3474 4430">
    <p class='ocr_par' dir='ltr' id='par_1_87' title="bbox 1885 4353 3474 4430">
     <span class='ocr_line' id='line_1_87' title="bbox 1885 4353 3474 4430; baseline 0.008 -23"><span class='ocrx_word' id='word_1_625' title='bbox 1885 4354 1996 4407; x_wconf 81' lang='lat' dir='ltr'><strong>tam</strong></span> <span class='ocrx_word' id='word_1_626' title='bbox 2023 4353 2249 4424; x_wconf 87' lang='lat' dir='ltr'><strong>accipit.</strong></span> <span class='ocrx_word' id='word_1_627' title='bbox 2307 4354 2457 4410; x_wconf 87' lang='lat' dir='ltr'><strong>Idem</strong></span> <span class='ocrx_word' id='word_1_628' title='bbox 2497 4354 2645 4412; x_wconf 86' lang='lat' dir='ltr'><strong>Deus</strong></span> <span class='ocrx_word' id='word_1_629' title='bbox 2685 4357 2844 4412; x_wconf 89' lang='lat' dir='ltr'><strong>initio</strong></span> <span class='ocrx_word' id='word_1_630' title='bbox 2871 4357 3004 4415; x_wconf 84' lang='lat' dir='ltr'><strong>fecit</strong></span> <span class='ocrx_word' id='word_1_631' title='bbox 3054 4362 3108 4415; x_wconf 92' lang='lat' dir='ltr'><strong>in</strong></span> <span class='ocrx_word' id='word_1_632' title='bbox 3143 4363 3373 4430; x_wconf 80' lang='lat' dir='ltr'><strong>Adamo,</strong></span> <span class='ocrx_word' id='word_1_633' title='bbox 3407 4380 3474 4420; x_wconf 85' lang='lat' dir='ltr'><strong>ac</strong></span> 
     </span>
    </p>
   </div>
   <div class='ocr_carea' id='block_1_88' title="bbox 200 4433 1770 4518">
    <p class='ocr_par' dir='ltr' id='par_1_88' title="bbox 200 4433 1770 4518">
     <span class='ocr_line' id='line_1_88' title="bbox 200 4433 1770 4518; baseline 0.004 -24"><span class='ocrx_word' id='word_1_634' title='bbox 200 4433 358 4510; x_wconf 75' lang='grc' dir='ltr'><strong>’Δδάμ</strong></span> <span class='ocrx_word' id='word_1_635' title='bbox 410 4441 704 4512; x_wconf 72' lang='grc' dir='ltr'>ἐποίησεν,</span> <span class='ocrx_word' id='word_1_636' title='bbox 735 4441 959 4514; x_wconf 79' lang='grc' dir='ltr'>ὕστερον</span> <span class='ocrx_word' id='word_1_637' title='bbox 1004 4444 1062 4498; x_wconf 81' lang='grc' dir='ltr'>δὲ</span> <span class='ocrx_word' id='word_1_638' title='bbox 1095 4445 1191 4499; x_wconf 84' lang='grc' dir='ltr'>καὶ</span> <span class='ocrx_word' id='word_1_639' title='bbox 1239 4444 1327 4497; x_wconf 80' lang='grc' dir='ltr'><strong>ἐπ’</strong></span> <span class='ocrx_word' id='word_1_640' title='bbox 1372 4443 1522 4516; x_wconf 83' lang='grc' dir='ltr'>αὐτῷ</span> <span class='ocrx_word' id='word_1_641' title='bbox 1555 4447 1635 4518; x_wconf 82' lang='grc' dir='ltr'>τῷ</span> <span class='ocrx_word' id='word_1_642' title='bbox 1665 4446 1770 4518; x_wconf 80' lang='grc' dir='ltr'><strong>Υίῷ</strong></span> 
     </span>
    </p>
   </div>
   <div class='ocr_carea' id='block_1_89' title="bbox 1882 4433 3472 4518">
    <p class='ocr_par' dir='ltr' id='par_1_89' title="bbox 1882 4445 3472 4517">
     <span class='ocr_line' id='line_1_89' title="bbox 1882 4445 3472 4517; baseline 0.008 -17"><span class='ocrx_word' id='word_1_643' title='bbox 1882 4445 2143 4516; x_wconf 86' lang='lat' dir='ltr'><strong>deinceps</strong></span> <span class='ocrx_word' id='word_1_644' title='bbox 2168 4447 2287 4517; x_wconf 91' lang='lat' dir='ltr'><strong>ipso</strong></span> <span class='ocrx_word' id='word_1_645' title='bbox 2309 4448 2473 4502; x_wconf 82' lang='lat' dir='ltr'><strong>etiam</strong></span> <span class='ocrx_word' id='word_1_646' title='bbox 2493 4447 2551 4504; x_wconf 90' lang='lat' dir='ltr'><strong>in</strong></span> <span class='ocrx_word' id='word_1_647' title='bbox 2573 4448 2712 4504; x_wconf 91' lang='lat' dir='ltr'><strong>Filio</strong></span> <span class='ocrx_word' id='word_1_648' title='bbox 2737 4465 2836 4506; x_wconf 90' lang='lat' dir='ltr'><strong>suo</strong></span> <span class='ocrx_word' id='word_1_649' title='bbox 2854 4461 3086 4508; x_wconf 89' lang='lat' dir='ltr'><strong>mortem</strong></span> <span class='ocrx_word' id='word_1_650' title='bbox 3112 4457 3284 4510; x_wconf 69' lang='lat' dir='ltr'><strong>nos-tri</strong></span> <span class='ocrx_word' id='word_1_651' title='bbox 3307 4471 3472 4513; x_wconf 87' lang='lat' dir='ltr'><strong>causa</strong></span> 
     </span>
    </p>
   </div>
   <div class='ocr_carea' id='block_1_90' title="bbox 193 4531 1770 4618">
    <p class='ocr_par' dir='ltr' id='par_1_90' title="bbox 193 4531 1770 4606">
     <span class='ocr_line' id='line_1_90' title="bbox 193 4531 1770 4606; baseline 0.005 -22"><span class='ocrx_word' id='word_1_652' title='bbox 193 4531 345 4586; x_wconf 76' lang='grc' dir='ltr'>αὑτοῦ</span> <span class='ocrx_word' id='word_1_653' title='bbox 374 4533 448 4587; x_wconf 82' lang='grc' dir='ltr'>δι’</span> <span class='ocrx_word' id='word_1_654' title='bbox 477 4535 633 4606; x_wconf 81' lang='grc' dir='ltr'>ἡμᾶς</span> <span class='ocrx_word' id='word_1_655' title='bbox 655 4533 980 4606; x_wconf 84' lang='grc' dir='ltr'>νεκρωθέντι</span> <span class='ocrx_word' id='word_1_656' title='bbox 1010 4537 1176 4590; x_wconf 81' lang='grc' dir='ltr'>ποιεῖ.</span> <span class='ocrx_word' id='word_1_657' title='bbox 1202 4535 1368 4592; x_wconf 85' lang='grc' dir='ltr'>Ὅθεν</span> <span class='ocrx_word' id='word_1_658' title='bbox 1391 4538 1484 4591; x_wconf 75' lang='grc' dir='ltr'>καὶ</span> <span class='ocrx_word' id='word_1_659' title='bbox 1508 4539 1537 4592; x_wconf 78' lang='grc' dir='ltr'><strong>ὁ</strong></span> <span class='ocrx_word' id='word_1_660' title='bbox 1572 4537 1770 4592; x_wconf 72' lang='grc' dir='ltr'>Ἰακὼϐ</span> 
     </span>
    </p>
   </div>
   <div class='ocr_carea' id='block_1_91' title="bbox 1882 4531 3471 4618">
    <p class='ocr_par' dir='ltr' id='par_1_91' title="bbox 1882 4532 3471 4618">
     <span class='ocr_line' id='line_1_91' title="bbox 1882 4532 3471 4618; baseline 0.005 -24"><span class='ocrx_word' id='word_1_661' title='bbox 1882 4553 2166 4609; x_wconf 88' lang='lat' dir='ltr'><strong>perpesso.</strong></span> <span class='ocrx_word' id='word_1_662' title='bbox 2213 4540 2583 4606; x_wconf 85' lang='lat' dir='ltr'><strong>Quamobrem</strong></span> <span class='ocrx_word' id='word_1_663' title='bbox 2616 4532 2856 4598; x_wconf 72' lang='lat' dir='ltr'><strong>Iacobus</strong></span> <span class='ocrx_word' id='word_1_664' title='bbox 2907 4541 3087 4618; x_wconf 63' lang='lat' dir='ltr'><strong>dixit:</strong></span> <span class='ocrx_word' id='word_1_665' title='bbox 3137 4562 3154 4595; x_wconf 77' lang='grc' dir='ltr'><strong>ι</strong></span> <span class='ocrx_word' id='word_1_666' title='bbox 3193 4543 3471 4602; x_wconf 89' lang='lat' dir='ltr'><strong>Corruens</strong></span> 
     </span>
    </p>
   </div>
   <div class='ocr_carea' id='block_1_92' title="bbox 193 4620 1770 4704">
    <p class='ocr_par' dir='ltr' id='par_1_92' title="bbox 193 4620 1770 4697">
     <span class='ocr_line' id='line_1_92' title="bbox 193 4620 1770 4697; baseline 0.006 -25"><span class='ocrx_word' id='word_1_667' title='bbox 193 4620 393 4692; x_wconf 70' lang='grc' dir='ltr'>ἔλεγεν·</span> <span class='ocrx_word' id='word_1_668' title='bbox 427 4644 448 4678; x_wconf 71' lang='grc' dir='ltr'><strong>ι</strong></span> <span class='ocrx_word' id='word_1_669' title='bbox 480 4624 803 4678; x_wconf 75' lang='grc' dir='ltr'>Ἀναπεσὼν</span> <span class='ocrx_word' id='word_1_670' title='bbox 855 4625 1128 4697; x_wconf 71' lang='grc' dir='ltr'>ἐκοιμήθη</span> <span class='ocrx_word' id='word_1_671' title='bbox 1173 4627 1250 4690; x_wconf 86' lang='grc' dir='ltr'>ὡς</span> <span class='ocrx_word' id='word_1_672' title='bbox 1305 4627 1443 4682; x_wconf 83' lang='grc' dir='ltr'>λέων</span> <span class='ocrx_word' id='word_1_673' title='bbox 1497 4628 1594 4682; x_wconf 79' lang='grc' dir='ltr'>καὶ</span> <span class='ocrx_word' id='word_1_674' title='bbox 1644 4628 1770 4683; x_wconf 73' lang='grc' dir='ltr'>ὡσεὶ</span> 
     </span>
    </p>
   </div>
   <div class='ocr_carea' id='block_1_93' title="bbox 1882 4620 3470 4704">
    <p class='ocr_par' dir='ltr' id='par_1_93' title="bbox 1883 4629 3470 4704">
     <span class='ocr_line' id='line_1_93' title="bbox 1883 4629 3470 4704; baseline 0.004 -19"><span class='ocrx_word' id='word_1_675' title='bbox 1883 4629 2098 4696; x_wconf 85' lang='lat' dir='ltr'><strong>sopitus</strong></span> <span class='ocrx_word' id='word_1_676' title='bbox 2122 4638 2208 4684; x_wconf 90' lang='lat' dir='ltr'><strong>est</strong></span> <span class='ocrx_word' id='word_1_677' title='bbox 2233 4636 2292 4683; x_wconf 89' lang='lat' dir='ltr'><strong>ut</strong></span> <span class='ocrx_word' id='word_1_678' title='bbox 2324 4629 2433 4696; x_wconf 90' lang='lat' dir='ltr'><strong>leo,</strong></span> <span class='ocrx_word' id='word_1_679' title='bbox 2467 4631 2736 4702; x_wconf 88' lang='lat' dir='ltr'><strong>quasique</strong></span> <span class='ocrx_word' id='word_1_680' title='bbox 2769 4631 2985 4687; x_wconf 84' lang='lat' dir='ltr'><strong>catulus</strong></span> <span class='ocrx_word' id='word_1_681' title='bbox 3013 4632 3310 4690; x_wconf 88' lang='lat' dir='ltr'><strong>leoninus:</strong></span> <span class='ocrx_word' id='word_1_682' title='bbox 3345 4635 3470 4704; x_wconf 91' lang='lat' dir='ltr'><strong>quis</strong></span> 
     </span>
    </p>
   </div>
   <div class='ocr_carea' id='block_1_94' title="bbox 191 4716 1770 4794">
    <p class='ocr_par' dir='ltr' id='par_1_94' title="bbox 191 4716 1770 4789">
     <span class='ocr_line' id='line_1_94' title="bbox 191 4716 1770 4789; baseline 0.007 -25"><span class='ocrx_word' id='word_1_683' title='bbox 191 4716 424 4785; x_wconf 77' lang='grc' dir='ltr'>σκύμνος</span> <span class='ocrx_word' id='word_1_684' title='bbox 453 4731 468 4746; x_wconf 91' lang='grc'><strong>·</strong></span> <span class='ocrx_word' id='word_1_685' title='bbox 521 4717 609 4779; x_wconf 90' lang='grc' dir='ltr'><strong>τίς</strong></span> <span class='ocrx_word' id='word_1_686' title='bbox 641 4718 825 4789; x_wconf 74' lang='grc' dir='ltr'>ἐγερεῖ</span> <span class='ocrx_word' id='word_1_687' title='bbox 875 4718 1036 4774; x_wconf 86' lang='grc' dir='ltr'>αὐτόν</span> <span class='ocrx_word' id='word_1_688' title='bbox 1064 4734 1080 4784; x_wconf 89' lang='grc'><strong>;</strong></span> <span class='ocrx_word' id='word_1_689' title='bbox 1117 4737 1136 4770; x_wconf 84' lang='grc'><strong>›</strong></span> <span class='ocrx_word' id='word_1_690' title='bbox 1171 4719 1238 4773; x_wconf 78' lang='lat' dir='ltr'><strong>Ei</strong></span> <span class='ocrx_word' id='word_1_691' title='bbox 1283 4719 1340 4772; x_wconf 87' lang='grc' dir='ltr'>δὲ</span> <span class='ocrx_word' id='word_1_692' title='bbox 1372 4719 1466 4775; x_wconf 75' lang='grc' dir='ltr'>καὶ</span> <span class='ocrx_word' id='word_1_693' title='bbox 1513 4720 1649 4774; x_wconf 71' lang='grc' dir='ltr'>λέων</span> <span class='ocrx_word' id='word_1_694' title='bbox 1684 4722 1770 4779; x_wconf 67' lang='grc' dir='ltr'>καὶ</span> 
     </span>
    </p>
   </div>
   <div class='ocr_carea' id='block_1_95' title="bbox 1882 4716 3471 4794">
    <p class='ocr_par' dir='ltr' id='par_1_95' title="bbox 1885 4719 3471 4794">
     <span class='ocr_line' id='line_1_95' title="bbox 1885 4719 3471 4794; baseline 0.004 -17"><span class='ocrx_word' id='word_1_695' title='bbox 1885 4721 2146 4777; x_wconf 82' lang='lat' dir='ltr'><strong>excitabit</strong></span> <span class='ocrx_word' id='word_1_696' title='bbox 2175 4735 2302 4776; x_wconf 88' lang='lat' dir='ltr'><strong>eum</strong></span> <span class='ocrx_word' id='word_1_697' title='bbox 2320 4719 2399 4776; x_wconf 68' lang='lat'><strong>&quot;2</strong></span> <span class='ocrx_word' id='word_1_698' title='bbox 2426 4739 2446 4772; x_wconf 71' lang='grc' dir='ltr'><strong>ι</strong></span> <span class='ocrx_word' id='word_1_699' title='bbox 2485 4720 2598 4778; x_wconf 91' lang='lat' dir='ltr'><strong>Nec</strong></span> <span class='ocrx_word' id='word_1_700' title='bbox 2627 4722 2925 4794; x_wconf 89' lang='lat' dir='ltr'><strong>quidquam</strong></span> <span class='ocrx_word' id='word_1_701' title='bbox 2959 4724 3184 4780; x_wconf 90' lang='lat' dir='ltr'><strong>absurdi</strong></span> <span class='ocrx_word' id='word_1_702' title='bbox 3217 4729 3471 4784; x_wconf 86' lang='lat' dir='ltr'><strong>eumdem</strong></span> 
     </span>
    </p>
   </div>
   <div class='ocr_carea' id='block_1_96' title="bbox 189 4801 1770 4886">
    <p class='ocr_par' dir='ltr' id='par_1_96' title="bbox 189 4801 1770 4886">
     <span class='ocr_line' id='line_1_96' title="bbox 189 4801 1770 4886; baseline 0.003 -24"><span class='ocrx_word' id='word_1_703' title='bbox 189 4811 419 4880; x_wconf 76' lang='grc' dir='ltr'>σκύμνος</span> <span class='ocrx_word' id='word_1_704' title='bbox 478 4814 508 4865; x_wconf 80' lang='grc' dir='ltr'><strong><em>ὁ</em></strong></span> <span class='ocrx_word' id='word_1_705' title='bbox 558 4812 720 4874; x_wconf 78' lang='grc' dir='ltr'>αὐτὸς</span> <span class='ocrx_word' id='word_1_706' title='bbox 755 4813 990 4882; x_wconf 69' lang='grc' dir='ltr'>λέγεται,</span> <span class='ocrx_word' id='word_1_707' title='bbox 1039 4814 1100 4866; x_wconf 88' lang='grc' dir='ltr'><strong>ού</strong></span> <span class='ocrx_word' id='word_1_708' title='bbox 1154 4801 1368 4875; x_wconf 76' lang='grc' dir='ltr'>καινόν·</span> <span class='ocrx_word' id='word_1_709' title='bbox 1419 4809 1488 4886; x_wconf 79' lang='grc' dir='ltr'>ἦν</span> <span class='ocrx_word' id='word_1_710' title='bbox 1528 4815 1638 4886; x_wconf 78' lang='grc' dir='ltr'>γὰρ</span> <span class='ocrx_word' id='word_1_711' title='bbox 1682 4815 1770 4870; x_wconf 66' lang='grc' dir='ltr'>καὶ</span> 
     </span>
    </p>
   </div>
   <div class='ocr_carea' id='block_1_97' title="bbox 1882 4801 3474 4886">
    <p class='ocr_par' dir='ltr' id='par_1_97' title="bbox 1887 4811 3474 4885">
     <span class='ocr_line' id='line_1_97' title="bbox 1887 4811 3474 4885; baseline 0.004 -19"><span class='ocrx_word' id='word_1_712' title='bbox 1887 4819 2002 4866; x_wconf 91' lang='lat' dir='ltr'><strong>tum</strong></span> <span class='ocrx_word' id='word_1_713' title='bbox 2027 4813 2243 4867; x_wconf 89' lang='lat' dir='ltr'><strong>leonem</strong></span> <span class='ocrx_word' id='word_1_714' title='bbox 2291 4821 2403 4866; x_wconf 90' lang='lat' dir='ltr'><strong>tum</strong></span> <span class='ocrx_word' id='word_1_715' title='bbox 2433 4811 2674 4867; x_wconf 87' lang='lat' dir='ltr'><strong>catulum</strong></span> <span class='ocrx_word' id='word_1_716' title='bbox 2699 4812 2983 4868; x_wconf 89' lang='lat' dir='ltr'><strong>leoninum</strong></span> <span class='ocrx_word' id='word_1_717' title='bbox 3007 4815 3270 4885; x_wconf 89' lang='lat' dir='ltr'><strong>appellari</strong></span> <span class='ocrx_word' id='word_1_718' title='bbox 3299 4835 3312 4873; x_wconf 91' lang='lat'><strong>:</strong></span> <span class='ocrx_word' id='word_1_719' title='bbox 3346 4833 3474 4875; x_wconf 89' lang='lat' dir='ltr'><strong>nam</strong></span> 
     </span>
    </p>
   </div>
   <div class='ocr_carea' id='block_1_98' title="bbox 191 4903 1770 4976">
    <p class='ocr_par' dir='ltr' id='par_1_98' title="bbox 191 4903 1338 4976">
     <span class='ocr_line' id='line_1_98' title="bbox 191 4903 1338 4976; baseline 0.005 -21"><span class='ocrx_word' id='word_1_720' title='bbox 191 4903 439 4972; x_wconf 76' lang='grc' dir='ltr'>βασιλεὺς</span> <span class='ocrx_word' id='word_1_721' title='bbox 465 4908 497 4960; x_wconf 83' lang='grc' dir='ltr'>ὁ</span> <span class='ocrx_word' id='word_1_722' title='bbox 528 4906 766 4975; x_wconf 81' lang='grc' dir='ltr'>Χριστὸς</span> <span class='ocrx_word' id='word_1_723' title='bbox 795 4909 890 4959; x_wconf 67' lang='grc' dir='ltr'>καὶ</span> <span class='ocrx_word' id='word_1_724' title='bbox 916 4906 1181 4976; x_wconf 85' lang='grc' dir='ltr'>βασιλέως</span> <span class='ocrx_word' id='word_1_725' title='bbox 1203 4908 1338 4970; x_wconf 85' lang='grc' dir='ltr'>υίός.</span> 
     </span>
    </p>
   </div>
   <div class='ocr_carea' id='block_1_99' title="bbox 1882 4903 2958 4976">
    <p class='ocr_par' dir='ltr' id='par_1_99' title="bbox 1889 4904 2958 4976">
     <span class='ocr_line' id='line_1_99' title="bbox 1889 4904 2958 4976; baseline 0.002 -16"><span class='ocrx_word' id='word_1_726' title='bbox 1889 4904 2148 4961; x_wconf 87' lang='lat' dir='ltr'><strong>Christus</strong></span> <span class='ocrx_word' id='word_1_727' title='bbox 2175 4915 2229 4961; x_wconf 90' lang='lat' dir='ltr'><strong>et</strong></span> <span class='ocrx_word' id='word_1_728' title='bbox 2263 4921 2358 4960; x_wconf 85' lang='lat' dir='ltr'><strong>rex</strong></span> <span class='ocrx_word' id='word_1_729' title='bbox 2389 4913 2446 4961; x_wconf 87' lang='lat' dir='ltr'><strong>et</strong></span> <span class='ocrx_word' id='word_1_730' title='bbox 2474 4906 2616 4976; x_wconf 87' lang='lat' dir='ltr'><strong>regis</strong></span> <span class='ocrx_word' id='word_1_731' title='bbox 2643 4904 2791 4962; x_wconf 83' lang='lat' dir='ltr'><strong>ﬁlius</strong></span> <span class='ocrx_word' id='word_1_732' title='bbox 2821 4917 2958 4962; x_wconf 88' lang='lat' dir='ltr'><strong>erat.</strong></span> 
     </span>
    </p>
   </div>
   <div class='ocr_carea' id='block_1_100' title="bbox 258 4991 1777 5066">
    <p class='ocr_par' dir='ltr' id='par_1_100' title="bbox 258 4991 1777 5066">
     <span class='ocr_line' id='line_1_100' title="bbox 258 4991 1777 5066; baseline 0.004 -22"><span class='ocrx_word' id='word_1_733' title='bbox 258 4991 316 5044; x_wconf 87' lang='lat'><strong>&#39;0</strong></span> <span class='ocrx_word' id='word_1_734' title='bbox 355 4993 535 5056; x_wconf 85' lang='grc' dir='ltr'>λύκος</span> <span class='ocrx_word' id='word_1_735' title='bbox 574 4991 823 5061; x_wconf 77' lang='grc' dir='ltr'>φοϐεῖται</span> <span class='ocrx_word' id='word_1_736' title='bbox 873 4995 934 5047; x_wconf 86' lang='grc' dir='ltr'><strong>τὸ</strong></span> <span class='ocrx_word' id='word_1_737' title='bbox 979 4995 1146 5064; x_wconf 76' lang='grc' dir='ltr'>φυτὸν</span> <span class='ocrx_word' id='word_1_738' title='bbox 1192 4996 1294 5066; x_wconf 76' lang='grc' dir='ltr'>τὴν</span> <span class='ocrx_word' id='word_1_739' title='bbox 1328 4996 1572 5052; x_wconf 85' lang='grc' dir='ltr'>σκίλλαν.</span> <span class='ocrx_word' id='word_1_740' title='bbox 1605 4995 1777 5050; x_wconf 85' lang='grc' dir='ltr'>Τοῦτο</span> 
     </span>
    </p>
   </div>
   <div class='ocr_carea' id='block_1_101' title="bbox 186 5081 1776 5161">
    <p class='ocr_par' dir='ltr' id='par_1_101' title="bbox 186 5081 1776 5161">
     <span class='ocr_line' id='line_1_101' title="bbox 186 5081 1776 5161; baseline 0.008 -29"><span class='ocrx_word' id='word_1_741' title='bbox 186 5082 349 5137; x_wconf 72' lang='grc' dir='ltr'>είδυῖα</span> <span class='ocrx_word' id='word_1_742' title='bbox 373 5087 411 5156; x_wconf 78' lang='grc' dir='ltr'>ἡ</span> <span class='ocrx_word' id='word_1_743' title='bbox 443 5083 680 5154; x_wconf 78' lang='grc' dir='ltr'>ἀλώπηξ</span> <span class='ocrx_word' id='word_1_744' title='bbox 715 5088 866 5160; x_wconf 76' lang='grc' dir='ltr'>παρὰ</span> <span class='ocrx_word' id='word_1_745' title='bbox 907 5088 984 5160; x_wconf 84' lang='grc' dir='ltr'>τῷ</span> <span class='ocrx_word' id='word_1_746' title='bbox 1033 5081 1261 5160; x_wconf 85' lang='grc' dir='ltr'>τοιούτῳ</span> <span class='ocrx_word' id='word_1_747' title='bbox 1292 5090 1564 5144; x_wconf 81' lang='grc' dir='ltr'>ὑπνώττει</span> <span class='ocrx_word' id='word_1_748' title='bbox 1596 5090 1776 5161; x_wconf 74' lang='grc' dir='ltr'>φυτῷ,</span> 
     </span>
    </p>
   </div>
   <div class='ocr_carea' id='block_1_102' title="bbox 184 5177 1772 5256">
    <p class='ocr_par' dir='ltr' id='par_1_102' title="bbox 184 5177 1772 5256">
     <span class='ocr_line' id='line_1_102' title="bbox 184 5177 1772 5256; baseline 0.006 -29"><span class='ocrx_word' id='word_1_749' title='bbox 184 5178 396 5233; x_wconf 77' lang='grc' dir='ltr'>εἴποτε</span> <span class='ocrx_word' id='word_1_750' title='bbox 456 5179 564 5233; x_wconf 76' lang='grc' dir='ltr'><strong>τοῦ</strong></span> <span class='ocrx_word' id='word_1_751' title='bbox 598 5181 805 5249; x_wconf 79' lang='grc' dir='ltr'>φωλεοῦ</span> <span class='ocrx_word' id='word_1_752' title='bbox 858 5177 1030 5252; x_wconf 76' lang='grc' dir='ltr'>αὐτῆς</span> <span class='ocrx_word' id='word_1_753' title='bbox 1059 5182 1165 5248; x_wconf 76' lang='grc' dir='ltr'>ἔξω</span> <span class='ocrx_word' id='word_1_754' title='bbox 1208 5184 1348 5256; x_wconf 84' lang='grc' dir='ltr'>τύχῃ</span> <span class='ocrx_word' id='word_1_755' title='bbox 1396 5185 1772 5254; x_wconf 77' lang='grc' dir='ltr'>διατρίϐουσα,</span> 
     </span>
    </p>
   </div>
   <div class='ocr_carea' id='block_1_103' title="bbox 187 5259 1772 5349">
    <p class='ocr_par' dir='ltr' id='par_1_103' title="bbox 187 5259 1772 5349">
     <span class='ocr_line' id='line_1_103' title="bbox 187 5259 1772 5349; baseline 0.004 -24"><span class='ocrx_word' id='word_1_756' title='bbox 187 5269 267 5325; x_wconf 65' lang='lat' dir='ltr'><strong>(va</strong></span> <span class='ocrx_word' id='word_1_757' title='bbox 321 5277 402 5343; x_wconf 82' lang='grc' dir='ltr'>μὴ</span> <span class='ocrx_word' id='word_1_758' title='bbox 454 5259 576 5325; x_wconf 73' lang='grc' dir='ltr'><strong>ύπῖ</strong></span> <span class='ocrx_word' id='word_1_759' title='bbox 623 5273 799 5328; x_wconf 84' lang='grc' dir='ltr'>λύκων</span> <span class='ocrx_word' id='word_1_760' title='bbox 856 5276 1060 5348; x_wconf 76' lang='grc' dir='ltr'>βρωθῇ.</span> <span class='ocrx_word' id='word_1_761' title='bbox 1099 5278 1162 5329; x_wconf 70' lang='lat' dir='ltr'><strong>El.</strong></span> <span class='ocrx_word' id='word_1_762' title='bbox 1189 5277 1248 5330; x_wconf 65' lang='grc' dir='ltr'>δὲ</span> <span class='ocrx_word' id='word_1_763' title='bbox 1282 5279 1318 5346; x_wconf 80' lang='grc' dir='ltr'><strong>ἡ</strong></span> <span class='ocrx_word' id='word_1_764' title='bbox 1370 5278 1600 5349; x_wconf 78' lang='grc' dir='ltr'>ἀλώπηξ</span> <span class='ocrx_word' id='word_1_765' title='bbox 1626 5276 1772 5332; x_wconf 81' lang='grc' dir='ltr'>οὕτω</span> 
     </span>
    </p>
   </div>
   <div class='ocr_carea' id='block_1_104' title="bbox 185 5414 740 5480">
    <p class='ocr_par' dir='ltr' id='par_1_104' title="bbox 185 5414 740 5480">
     <span class='ocr_line' id='line_1_104' title="bbox 185 5414 740 5480; baseline 0.004 -11"><span class='ocrx_word' id='word_1_766' title='bbox 185 5450 204 5456; x_wconf 58' lang='grc' dir='ltr'>μ</span> <span class='ocrx_word' id='word_1_767' title='bbox 246 5414 289 5445; x_wconf 69' lang='grc' dir='ltr'><strong>δ’</strong></span> <span class='ocrx_word' id='word_1_768' title='bbox 311 5415 462 5470; x_wconf 83' lang='lat' dir='ltr'><strong>Gen.</strong></span> <span class='ocrx_word' id='word_1_769' title='bbox 498 5428 656 5480; x_wconf 73' lang='lat' dir='ltr'><strong>XLIX,</strong></span> <span class='ocrx_word' id='word_1_770' title='bbox 686 5415 740 5470; x_wconf 87' lang='lat'><strong>9.</strong></span> 
     </span>
    </p>
   </div>
   <div class='ocr_carea' id='block_1_105' title="bbox 248 5559 1772 5685">
    <p class='ocr_par' dir='ltr' id='par_1_105' title="bbox 248 5559 1772 5685">
     <span class='ocr_line' id='line_1_105' title="bbox 248 5559 1772 5685; baseline -0.001 -71"><span class='ocrx_word' id='word_1_771' title='bbox 248 5560 364 5685; x_wconf 68' lang='lat' dir='ltr'><strong>(le</strong></span> <span class='ocrx_word' id='word_1_772' title='bbox 411 5559 794 5616; x_wconf 80' lang='lat' dir='ltr'><strong>Lennclavius</strong></span> <span class='ocrx_word' id='word_1_773' title='bbox 824 5560 1005 5614; x_wconf 88' lang='lat' dir='ltr'><strong>minus</strong></span> <span class='ocrx_word' id='word_1_774' title='bbox 1044 5562 1296 5632; x_wconf 83' lang='lat' dir='ltr'><strong>apposite</strong></span> <span class='ocrx_word' id='word_1_775' title='bbox 1341 5560 1654 5614; x_wconf 79' lang='grc' dir='ltr'>συστέλλειν</span> <span class='ocrx_word' id='word_1_776' title='bbox 1702 5559 1772 5613; x_wconf 81' lang='grc' dir='ltr'>τὰ</span> 
     </span>
     <span class='ocr_line' id='line_1_106' title="bbox 248 5631 1772 5685; baseline 0.001 -3"><span class='ocrx_word' id='word_1_777' title='bbox 248 5649 296 5685; x_wconf 86' lang='lat' dir='ltr'><strong>m</strong></span> <span class='ocrx_word' id='word_1_778' title='bbox 365 5648 396 5685; x_wconf 89' lang='lat' dir='ltr'><strong>e</strong></span> <span class='ocrx_word' id='word_1_779' title='bbox 437 5635 612 5685; x_wconf 85' lang='lat' dir='ltr'><strong>leone</strong></span> <span class='ocrx_word' id='word_1_780' title='bbox 632 5631 868 5685; x_wconf 73' lang='lat' dir='ltr'><strong>fuaiente</strong></span> <span class='ocrx_word' id='word_1_781' title='bbox 900 5632 1250 5685; x_wconf 77' lang='lat' dir='ltr'><strong>interpretari</strong></span> <span class='ocrx_word' id='word_1_782' title='bbox 1280 5632 1499 5685; x_wconf 88' lang='lat' dir='ltr'><strong>videtur</strong></span> <span class='ocrx_word' id='word_1_783' title='bbox 1559 5640 1772 5685; x_wconf 83' lang='lat' dir='ltr'><strong>contra-</strong></span> 
     </span>
    </p>
   </div>
   <div class='ocr_carea' id='block_1_106' title="bbox 187 5631 1777 5701">
    <p class='ocr_par' dir='ltr' id='par_1_106' title="bbox 187 5631 1777 5701">
     <span class='ocr_line' id='line_1_107' title="bbox 187 5631 1777 5701; baseline 0.001 -20"><span class='ocrx_word' id='word_1_784' title='bbox 187 5631 298 5701; x_wconf 73' lang='grc' dir='ltr'>ῐχνη</span> <span class='ocrx_word' id='word_1_785' title='bbox 325 5631 396 5687; x_wconf 87' lang='lat' dir='ltr'><strong>de</strong></span> <span class='ocrx_word' id='word_1_786' title='bbox 437 5635 612 5687; x_wconf 84' lang='lat' dir='ltr'><strong>leone</strong></span> <span class='ocrx_word' id='word_1_787' title='bbox 632 5631 868 5701; x_wconf 83' lang='lat' dir='ltr'><strong>fugiente</strong></span> <span class='ocrx_word' id='word_1_788' title='bbox 900 5631 1250 5700; x_wconf 89' lang='lat' dir='ltr'><strong>interpretari</strong></span> <span class='ocrx_word' id='word_1_789' title='bbox 1280 5632 1499 5687; x_wconf 89' lang='lat' dir='ltr'><strong>videtur</strong></span> <span class='ocrx_word' id='word_1_790' title='bbox 1559 5640 1777 5685; x_wconf 83' lang='lat' dir='ltr'><strong>contra-</strong></span> 
     </span>
    </p>
   </div>
   <div class='ocr_carea' id='block_1_107' title="bbox 191 5701 1773 5773">
    <p class='ocr_par' dir='ltr' id='par_1_107' title="bbox 191 5701 1773 5773">
     <span class='ocr_line' id='line_1_108' title="bbox 191 5701 1773 5773; baseline 0.001 -20"><span class='ocrx_word' id='word_1_791' title='bbox 191 5701 302 5773; x_wconf 77' lang='lat' dir='ltr'><strong>liere</strong></span> <span class='ocrx_word' id='word_1_792' title='bbox 336 5701 608 5773; x_wconf 74' lang='lat' dir='ltr'><strong>vestigia,</strong></span> <span class='ocrx_word' id='word_1_793' title='bbox 633 5715 752 5773; x_wconf 87' lang='lat' dir='ltr'><strong>cum</strong></span> <span class='ocrx_word' id='word_1_794' title='bbox 766 5703 972 5764; x_wconf 89' lang='lat' dir='ltr'><strong>delere,</strong></span> <span class='ocrx_word' id='word_1_795' title='bbox 1003 5704 1245 5769; x_wconf 85' lang='lat' dir='ltr'><strong>abolere,</strong></span> <span class='ocrx_word' id='word_1_796' title='bbox 1268 5702 1626 5773; x_wconf 65' lang='lat' dir='ltr'><strong>abscondere.</strong></span> <span class='ocrx_word' id='word_1_797' title='bbox 1681 5715 1773 5756; x_wconf 88' lang='lat' dir='ltr'><strong>ce-</strong></span> 
     </span>
    </p>
   </div>
   <div class='ocr_carea' id='block_1_108' title="bbox 190 5769 1774 5844">
    <p class='ocr_par' dir='ltr' id='par_1_108' title="bbox 190 5769 1774 5844">
     <span class='ocr_line' id='line_1_109' title="bbox 190 5769 1774 5844; baseline -0.001 -20"><span class='ocrx_word' id='word_1_798' title='bbox 190 5772 295 5844; x_wconf 70' lang='lat' dir='ltr'><strong>lare</strong></span> <span class='ocrx_word' id='word_1_799' title='bbox 332 5783 433 5828; x_wconf 81' lang='lat' dir='ltr'><strong>aut</strong></span> <span class='ocrx_word' id='word_1_800' title='bbox 458 5769 808 5844; x_wconf 72' lang='lat' dir='ltr'><strong>confundere</strong></span> <span class='ocrx_word' id='word_1_801' title='bbox 833 5775 1034 5827; x_wconf 88' lang='lat' dir='ltr'><strong>rectius</strong></span> <span class='ocrx_word' id='word_1_802' title='bbox 1081 5773 1188 5829; x_wconf 88' lang='lat' dir='ltr'><strong>dici</strong></span> <span class='ocrx_word' id='word_1_803' title='bbox 1240 5775 1526 5844; x_wconf 84' lang='lat' dir='ltr'><strong>potuisset.</strong></span> <span class='ocrx_word' id='word_1_804' title='bbox 1586 5772 1774 5844; x_wconf 78' lang='lat' dir='ltr'><strong>Neque</strong></span> 
     </span>
    </p>
   </div>
   <div class='ocr_carea' id='block_1_109' title="bbox 189 5842 1772 5896">
    <p class='ocr_par' dir='ltr' id='par_1_109' title="bbox 189 5842 1772 5896">
     <span class='ocr_line' id='line_1_110' title="bbox 189 5842 1772 5896; baseline 0.003 -6"><span class='ocrx_word' id='word_1_805' title='bbox 189 5843 329 5894; x_wconf 76' lang='lat' dir='ltr'><strong>enim</strong></span> <span class='ocrx_word' id='word_1_806' title='bbox 359 5842 654 5894; x_wconf 70' lang='lat' dir='ltr'><strong>cmitrasit</strong></span> <span class='ocrx_word' id='word_1_807' title='bbox 679 5843 930 5894; x_wconf 72' lang='lat' dir='ltr'><strong>Christus</strong></span> <span class='ocrx_word' id='word_1_808' title='bbox 948 5844 1217 5895; x_wconf 73' lang='lat' dir='ltr'><strong>adventus</strong></span> <span class='ocrx_word' id='word_1_809' title='bbox 1238 5842 1319 5896; x_wconf 63' lang='lat' dir='ltr'><strong>sui</strong></span> <span class='ocrx_word' id='word_1_810' title='bbox 1347 5845 1466 5895; x_wconf 82' lang='lat' dir='ltr'><strong>sive</strong></span> <span class='ocrx_word' id='word_1_811' title='bbox 1495 5843 1772 5895; x_wconf 80' lang='grc' dir='ltr'>ὲνανθοω-</span> 
     </span>
    </p>
   </div>
   <div class='ocr_carea' id='block_1_110' title="bbox 1958 4997 3473 5068">
    <p class='ocr_par' dir='ltr' id='par_1_110' title="bbox 1958 4997 3473 5068">
     <span class='ocr_line' id='line_1_111' title="bbox 1958 4997 3473 5068; baseline 0.005 -17"><span class='ocrx_word' id='word_1_812' title='bbox 1958 4997 2143 5067; x_wconf 89' lang='lat' dir='ltr'><strong>Lupus</strong></span> <span class='ocrx_word' id='word_1_813' title='bbox 2195 4997 2440 5068; x_wconf 88' lang='lat' dir='ltr'><strong>scyllam,</strong></span> <span class='ocrx_word' id='word_1_814' title='bbox 2490 4997 2689 5067; x_wconf 73' lang='lat' dir='ltr'><strong>plantae</strong></span> <span class='ocrx_word' id='word_1_815' title='bbox 2721 4999 2985 5068; x_wconf 85' lang='lat' dir='ltr'><strong>speciem,</strong></span> <span class='ocrx_word' id='word_1_816' title='bbox 3026 5000 3183 5057; x_wconf 80' lang='lat' dir='ltr'><strong>vitat.</strong></span> <span class='ocrx_word' id='word_1_817' title='bbox 3237 5001 3296 5058; x_wconf 85' lang='lat' dir='ltr'><strong>Id</strong></span> <span class='ocrx_word' id='word_1_818' title='bbox 3345 5019 3473 5058; x_wconf 91' lang='lat' dir='ltr'><strong>cum</strong></span> 
     </span>
    </p>
   </div>
   <div class='ocr_carea' id='block_1_111' title="bbox 1884 5088 3475 5165">
    <p class='ocr_par' dir='ltr' id='par_1_111' title="bbox 1884 5088 3475 5165">
     <span class='ocr_line' id='line_1_112' title="bbox 1884 5088 3475 5165; baseline 0.007 -24"><span class='ocrx_word' id='word_1_819' title='bbox 1884 5089 2173 5159; x_wconf 80' lang='lat' dir='ltr'><strong>vulpecula</strong></span> <span class='ocrx_word' id='word_1_820' title='bbox 2199 5088 2366 5154; x_wconf 89' lang='lat' dir='ltr'><strong>norit,</strong></span> <span class='ocrx_word' id='word_1_821' title='bbox 2383 5089 2524 5158; x_wconf 83' lang='lat' dir='ltr'><strong>apud</strong></span> <span class='ocrx_word' id='word_1_822' title='bbox 2549 5088 2691 5144; x_wconf 89' lang='lat' dir='ltr'><strong>hanc</strong></span> <span class='ocrx_word' id='word_1_823' title='bbox 2716 5090 2957 5159; x_wconf 89' lang='lat' dir='ltr'><strong>plantam</strong></span> <span class='ocrx_word' id='word_1_824' title='bbox 2979 5093 3262 5152; x_wconf 87' lang='lat' dir='ltr'><strong>dormiens</strong></span> <span class='ocrx_word' id='word_1_825' title='bbox 3287 5097 3475 5165; x_wconf 88' lang='lat' dir='ltr'><strong>cubat,</strong></span> 
     </span>
    </p>
   </div>
   <div class='ocr_carea' id='block_1_112' title="bbox 1883 5181 3481 5260">
    <p class='ocr_par' dir='ltr' id='par_1_112' title="bbox 1883 5181 3481 5260">
     <span class='ocr_line' id='line_1_113' title="bbox 1883 5181 3481 5260; baseline 0.004 -23"><span class='ocrx_word' id='word_1_826' title='bbox 1883 5183 1930 5237; x_wconf 90' lang='lat' dir='ltr'><strong>si</strong></span> <span class='ocrx_word' id='word_1_827' title='bbox 1957 5181 2100 5235; x_wconf 86' lang='lat' dir='ltr'><strong>forte</strong></span> <span class='ocrx_word' id='word_1_828' title='bbox 2145 5195 2274 5236; x_wconf 88' lang='lat' dir='ltr'><strong>suas</strong></span> <span class='ocrx_word' id='word_1_829' title='bbox 2304 5187 2461 5235; x_wconf 82' lang='lat' dir='ltr'><strong>extra</strong></span> <span class='ocrx_word' id='word_1_830' title='bbox 2499 5181 2737 5236; x_wconf 88' lang='lat' dir='ltr'><strong>latebras</strong></span> <span class='ocrx_word' id='word_1_831' title='bbox 2765 5183 2933 5254; x_wconf 86' lang='lat' dir='ltr'><strong>degit,</strong></span> <span class='ocrx_word' id='word_1_832' title='bbox 2961 5197 3030 5241; x_wconf 89' lang='lat' dir='ltr'><strong>ne</strong></span> <span class='ocrx_word' id='word_1_833' title='bbox 3075 5202 3102 5240; x_wconf 92' lang='lat' dir='ltr'><strong>a</strong></span> <span class='ocrx_word' id='word_1_834' title='bbox 3142 5188 3284 5260; x_wconf 86' lang='lat' dir='ltr'><strong>lupis</strong></span> <span class='ocrx_word' id='word_1_835' title='bbox 3314 5191 3481 5246; x_wconf 81' lang='lat' dir='ltr'><strong>devo-</strong></span> 
     </span>
    </p>
   </div>
   <div class='ocr_carea' id='block_1_113' title="bbox 1884 5271 3480 5350">
    <p class='ocr_par' dir='ltr' id='par_1_113' title="bbox 1884 5271 3480 5350">
     <span class='ocr_line' id='line_1_114' title="bbox 1884 5271 3480 5350; baseline 0.003 -20"><span class='ocrx_word' id='word_1_836' title='bbox 1884 5283 2059 5330; x_wconf 87' lang='lat' dir='ltr'><strong>retur.</strong></span> <span class='ocrx_word' id='word_1_837' title='bbox 2092 5271 2300 5337; x_wconf 86' lang='lat' dir='ltr'><strong>Quodsi</strong></span> <span class='ocrx_word' id='word_1_838' title='bbox 2327 5271 2430 5326; x_wconf 90' lang='lat' dir='ltr'><strong>boc</strong></span> <span class='ocrx_word' id='word_1_839' title='bbox 2458 5272 2747 5343; x_wconf 88' lang='lat' dir='ltr'><strong>vulpecula</strong></span> <span class='ocrx_word' id='word_1_840' title='bbox 2775 5274 2931 5340; x_wconf 82' lang='lat' dir='ltr'><strong>iacit,</strong></span> <span class='ocrx_word' id='word_1_841' title='bbox 2961 5277 3135 5331; x_wconf 92' lang='lat' dir='ltr'><strong>multo</strong></span> <span class='ocrx_word' id='word_1_842' title='bbox 3171 5280 3343 5350; x_wconf 86' lang='lat' dir='ltr'><strong>magis</strong></span> <span class='ocrx_word' id='word_1_843' title='bbox 3379 5296 3480 5336; x_wconf 88' lang='lat' dir='ltr'><strong>nos</strong></span> 
     </span>
    </p>
   </div>
   <div class='ocr_carea' id='block_1_114' title="bbox 1895 5556 3478 5630">
    <p class='ocr_par' dir='ltr' id='par_1_114' title="bbox 1895 5556 3478 5630">
     <span class='ocr_line' id='line_1_115' title="bbox 1895 5556 3478 5630; baseline 0.002 -18"><span class='ocrx_word' id='word_1_844' title='bbox 1895 5558 2116 5628; x_wconf 82' lang='grc' dir='ltr'>πήσεως</span> <span class='ocrx_word' id='word_1_845' title='bbox 2135 5567 2372 5630; x_wconf 82' lang='lat' dir='ltr'><strong>tempus,</strong></span> <span class='ocrx_word' id='word_1_846' title='bbox 2396 5557 2488 5630; x_wconf 79' lang='lat' dir='ltr'><strong>sed</strong></span> <span class='ocrx_word' id='word_1_847' title='bbox 2513 5556 2808 5614; x_wconf 87' lang='lat' dir='ltr'><strong>abscondit</strong></span> <span class='ocrx_word' id='word_1_848' title='bbox 2832 5558 3140 5630; x_wconf 75' lang='lat' dir='ltr'><strong>celavitque</strong></span> <span class='ocrx_word' id='word_1_849' title='bbox 3162 5574 3231 5614; x_wconf 90' lang='lat' dir='ltr'><strong>ne</strong></span> <span class='ocrx_word' id='word_1_850' title='bbox 3254 5559 3478 5615; x_wconf 88' lang='lat' dir='ltr'><strong>diabolo</strong></span> 
     </span>
    </p>
   </div>
   <div class='ocr_carea' id='block_1_115' title="bbox 1892 5628 3478 5699">
    <p class='ocr_par' dir='ltr' id='par_1_115' title="bbox 1892 5628 3478 5699">
     <span class='ocr_line' id='line_1_116' title="bbox 1892 5628 3478 5699; baseline 0.001 -17"><span class='ocrx_word' id='word_1_851' title='bbox 1892 5643 2058 5684; x_wconf 83' lang='lat' dir='ltr'><strong>nctus</strong></span> <span class='ocrx_word' id='word_1_852' title='bbox 2081 5643 2246 5683; x_wconf 86' lang='lat' dir='ltr'><strong>esset.</strong></span> <span class='ocrx_word' id='word_1_853' title='bbox 2291 5628 2550 5695; x_wconf 80' lang='lat' dir='ltr'><strong>Quaedam</strong></span> <span class='ocrx_word' id='word_1_854' title='bbox 2574 5643 2793 5699; x_wconf 88' lang='lat' dir='ltr'><strong>quoque</strong></span> <span class='ocrx_word' id='word_1_855' title='bbox 2837 5630 2906 5684; x_wconf 89' lang='lat' dir='ltr'><strong>ab</strong></span> <span class='ocrx_word' id='word_1_856' title='bbox 2935 5628 3132 5687; x_wconf 77' lang='lat' dir='ltr'><strong>eodem</strong></span> <span class='ocrx_word' id='word_1_857' title='bbox 3173 5631 3478 5698; x_wconf 82' lang='lat' dir='ltr'><strong>interprete</strong></span> 
     </span>
    </p>
   </div>
   <div class='ocr_carea' id='block_1_116' title="bbox 1893 5700 3478 5757">
    <p class='ocr_par' dir='ltr' id='par_1_116' title="bbox 1893 5700 3478 5757">
     <span class='ocr_line' id='line_1_117' title="bbox 1893 5700 3478 5757; baseline -0.001 -5"><span class='ocrx_word' id='word_1_858' title='bbox 1893 5700 2080 5752; x_wconf 92' lang='lat' dir='ltr'><strong>minus</strong></span> <span class='ocrx_word' id='word_1_859' title='bbox 2109 5700 2399 5754; x_wconf 90' lang='lat' dir='ltr'><strong>commode</strong></span> <span class='ocrx_word' id='word_1_860' title='bbox 2425 5700 2638 5755; x_wconf 86' lang='lat' dir='ltr'><strong>reddita</strong></span> <span class='ocrx_word' id='word_1_861' title='bbox 2696 5701 2913 5755; x_wconf 85' lang='lat' dir='ltr'><strong>videbis</strong></span> <span class='ocrx_word' id='word_1_862' title='bbox 2963 5703 3016 5757; x_wconf 91' lang='lat' dir='ltr'><strong>in</strong></span> <span class='ocrx_word' id='word_1_863' title='bbox 3065 5701 3322 5754; x_wconf 83' lang='lat' dir='ltr'><strong>versione</strong></span> <span class='ocrx_word' id='word_1_864' title='bbox 3374 5715 3478 5754; x_wconf 89' lang='lat' dir='ltr'><strong>suo</strong></span> 
     </span>
    </p>
   </div>
   <div class='ocr_carea' id='block_1_117' title="bbox 1891 5769 3480 5848">
    <p class='ocr_par' dir='ltr' id='par_1_117' title="bbox 1891 5769 3480 5848">
     <span class='ocr_line' id='line_1_118' title="bbox 1891 5769 3480 5848; baseline 0.002 -28"><span class='ocrx_word' id='word_1_865' title='bbox 1891 5769 2062 5848; x_wconf 81' lang='lat' dir='ltr'><strong>nitori</strong></span> <span class='ocrx_word' id='word_1_866' title='bbox 2096 5772 2368 5838; x_wconf 85' lang='lat' dir='ltr'><strong>restituta,</strong></span> <span class='ocrx_word' id='word_1_867' title='bbox 2413 5785 2531 5840; x_wconf 72' lang='lat' dir='ltr'><strong>qua:</strong></span> <span class='ocrx_word' id='word_1_868' title='bbox 2571 5787 2679 5825; x_wconf 92' lang='lat' dir='ltr'><strong>non</strong></span> <span class='ocrx_word' id='word_1_869' title='bbox 2713 5779 2798 5827; x_wconf 91' lang='lat' dir='ltr'><strong>est</strong></span> <span class='ocrx_word' id='word_1_870' title='bbox 2841 5785 2981 5840; x_wconf 91' lang='lat' dir='ltr'><strong>opus</strong></span> <span class='ocrx_word' id='word_1_871' title='bbox 3036 5770 3284 5841; x_wconf 89' lang='lat' dir='ltr'><strong>putidius</strong></span> <span class='ocrx_word' id='word_1_872' title='bbox 3348 5786 3480 5826; x_wconf 88' lang='lat' dir='ltr'><strong>ven-</strong></span> 
     </span>
    </p>
   </div>
   <div class='ocr_carea' id='block_1_118' title="bbox 1891 5849 3500 5893">
    <p class='ocr_par' dir='ltr' id='par_1_118' title="bbox 1891 5849 3500 5893">
     <span class='ocr_line' id='line_1_119' title="bbox 1891 5849 3500 5893; baseline -0.006 -1"><span class='ocrx_word' id='word_1_873' title='bbox 1891 5849 2047 5893; x_wconf 83' lang='lat' dir='ltr'><strong>ttare.</strong></span> <span class='ocrx_word' id='word_1_874' title='bbox 3493 5852 3500 5860; x_wconf 84' lang='lat'>&#39;</span> 
     </span>
    </p>
   </div>
  </div>
