3936 6430
481 345 582 404 1.33

1639 343 1642 346 λ
1742 335 2166 399 MICHAELIS
2207 329 2466 396 GLYC/E

3573 321 3684 390 ‘1'3'6

473 453 663 506 adesse
704 449 969 505 debemus
1013 410 1089 504 iis.
1129 448 1699 518 quibus'mtellectilis
1749 449 1839 503 ille
1893 448 2048 516 lupus

2159 446 2338 506 ποιεῖ,
2395 441 2574 513 πολλῷ
2639 441 2842 510 μᾶλλον
2908 441 3072 511 ἡμεῖς
3140 441 3372 503 ἐκείνοις
3441 439 3709 511 ὀφείλομεν

475 542 724 612 abigitur.
761 540 1018 606 Quaenam
1055 541 1184 596 illa?
1213 541 1408 595 Preces
1429 548 1484 594 et
1510 539 1778 610 jejunium
1809 556 1823 593 :
1860 557 1878 589 ‹
1910 538 2044 592 Nam

474 647 646 704 genus
676 632 842 697 istud,
877 632 1051 700 inquit
1077 631 1347 696 Christus,
1387 645 1496 684 non
1549 631 1657 684 nisi
1697 629 1950 697 precibus
1992 636 2048 682 et

478 725 679 794 jejunio
703 723 919 794 eiicitur
940 724 1004 778 ⁸⁸.
1039 741 1060 775 ι

523 897 1002 964 ‘Canielnpardalis
1033 897 1294 967 in—Libya
1337 895 1577 966 conspici
1626 893 1876 950 traditur.
1917 893 2049 964 Ejus

476 992 701 1046 duorum
745 989 1062 1043 animalium
1103 989 1372 1043 mistionis
1417 987 1583 1043 cau’sa
1607 997 1691 1042 est
1721 987 1841 1056 ejus
1869 986 2049 1055 regio-

436 1086 557 1137 nis
612 1082 829 1136 siccitas
882 1090 937 1142 et
985 1095 1138 1150 aquzie
1189 1080 1474 1149 penuria:
1534 1079 1736 1150 quippe
1789 1078 2048 1134 animalia

476 1179 683 1230 diversa
728 1173 1114 1240 variarumque
1149 1173 1456 1243 specierum
1508 1172 1576 1226 ad
1619 1186 1790 1242 aquas
1823 1186 2050 1242 congre-

475 1280 691 1338 gantur,
733 1281 853 1336 qua:
899 1265 954 1320 in
1009 1264 1173 1336 Libya
1222 1281 1358 1319 rarae
1405 1273 1550 1319 sunt.
1587 1264 1663 1319 Ita
1710 1265 1771 1319 ﬁt
1809 1272 1869 1318 ut
1914 1264 2048 1334 ipsis

475 1363 617 1414 inter
651 1374 712 1412 se
743 1357 1068 1412 coeuntibus
1103 1357 1230 1412 fera:
1252 1358 1499 1426 quaedam
1527 1355 1894 1411 multiformes
1918 1370 2048 1427 pro-

475 1457 754 1504 creentur.

547 1541 615 1594 Et
648 1541 1088 1606 animadvertito,
1129 1539 1325 1595 dilecte
1362 1539 1458 1606 fili,
1490 1538 1758 1609 ejusmodi
1791 1538 2048 1594 animalia

475 1627 799 1702 composita,
825 1633 984 1700 cujus
1015 1633 1231 1702 generis
1261 1642 1390 1687 sunt
1414 1633 1578 1686 etiam
1604 1633 1757 1696 muli,
1785 1647 1894 1687 non
1925 1647 2049 1688 esse

475 1724 555 1776 vel
606 1725 673 1778 ad
726 1724 1140 1792 conceptionem
1197 1724 1282 1778 vel
1339 1724 1776 1792 procreationem
1830 1725 2045 1779 idonea.

2156 538 2396 588 συνεῖναι
2440 534 2509 588 δι’
2550 526 2628 588 ὧν
2665 536 2692 587 ό
2721 533 2910 603 νοητὸς
2954 533 3116 594 λύκος
3171 530 3450 586 διώκεται.
3483 532 3610 584 Τίνα
3652 533 3709 585 δέ

2154 625 2327 679 ταῦτα
2352 642 2366 692 ;
2396 625 2678 696 Προσευχὴ
2707 625 2802 678 καὶ
2828 623 3052 696 νηστεία
3080 641 3094 656 ·
3131 621 3193 676 τὸ
3231 624 3387 692 γένος
3412 623 3538 692 γὰρ,
3563 624 3707 692 φησί,

2148 717 2308 772 τοῦτο
2361 718 2462 770 οὐκ
2508 717 2830 770 ἐκϐάλλεται
2887 717 2936 769 εί
2987 717 3068 787 μὴ
3097 716 3156 769 ἐν
3201 716 3479 784 προσευχῇ
3509 713 3600 767 καὶ
3625 731 3710 783 νη-

2152 812 2326 880 στείᾳ.

2228 900 2294 954 Ἦ
2339 900 2396 953 δέ
2425 914 2488 968 γε
2533 897 3017 970 καμηλοπάρδαλις
3061 899 3122 951 ἐν
3167 897 3344 968 Λιϐύῃ
3389 896 3711 967 καθορᾶσθαι

2150 992 2454 1064 ἱστόρηται.
2489 992 2653 1045 Αίτία
2684 991 2742 1044 δὲ
2791 991 2887 1061 τῆς
2938 988 3197 1059 τοιαύτης
3241 987 3524 1058 ἐπιμιξίας
3556 989 3585 1057 ἠ
3619 990 3707 1056 τῆς

2149 1083 2336 1154 χώρας
2363 1081 2619 1153 ἀνυδρίαο
2655 1081 2786 1152 περὶ
2818 1080 2926 1150 γάρ
2951 1079 3021 1132 τὰ
3053 1080 3232 1133 ἐκεῖσε
3265 1079 3437 1133 ὕδατα
3466 1077 3707 1146 όλιγοστά

2147 1174 2279 1228 ὄντα
2315 1173 2631 1243 ἀθροίζεται
2665 1171 2926 1241 πολυειδῆ
2960 1167 3099 1235 ζῶα,
3141 1167 3441 1222 κάντεῦθεν
3479 1167 3708 1231 ἀλλήλοις

2149 1266 2597 1337 ἐπιμιγνυμένων
2621 1263 2798 1319 αὐτῶν
2826 1263 2991 1334 θηρία
3027 1261 3357 1333 πολύμορφα
3389 1261 3643 1314 τίκτεται.

2216 1529 2460 1584 Γίνωσκε
2512 1518 2592 1594 δέ,
2625 1526 2902 1598 ἀγαπητέ,
2953 1526 3037 1580 ὅτι
3093 1525 3163 1580 τά
3213 1523 3445 1580 τοιαῦτα
3497 1525 3710 1578 σύνθετα

2150 1620 2286 1688 ζῶα,
2316 1621 2463 1674 καθὰ
2500 1619 2565 1691 δὴ
2594 1622 2690 1673 καὶ⁵
2733 1621 2784 1672 οί
2811 1618 3050 1690 ἡμίονοι,
3082 1619 3182 1672 οὐκ
3210 1616 3408 1671 εὔθετα
3441 1620 3550 1670 είσι
3590 1617 3714 1686 πρὸς
3795 1629 3800 1634 “

2151 1713 2418 1783 σύλληψιν
2465 1729 2527 1766 τε
2579 1713 2673 1764 καὶ
2735 1711 3013 1782 γέννησιν.
3053 1710 3212 1772 Τίνο;
3262 1709 3488 1774 ἐνεκενς
3523 1709 3638 1762 ὀτι
3664 1708 3716 1773 ἐξ

473 1811 1036 1876 Quamobrem-istuc?
1063 1811 1313 1878 Quod-ex
1346 1813 1578 1868 diversis
1601 1815 1894 1884 generibus
1922 1829 2048 1869 con-

2159 1804 2452 1875 ἀλλοτρίων
2479 1804 2856 1873 συνεστηκότα
2905 1800 3079 1854 ταῦτα
3111 1800 3288 1870 γενῶν
3328 1799 3713 1871 διεφθαρμένην

475 1915 634 1971 stent,
666 1920 732 1960 ac
779 1914 1072 1975 propterea
1111 1905 1194 1959 vis
1237 1905 1492 1975 gignendi
1526 1905 1695 1961 in-eis
1733 1905 1920 1960 vitiata
1952 1906 2046 1971 sit,

471 2003 839 2051 consentanea
880 1996 934 2050 id
979 1996 1470 2066 quidem-ratione.
1501 1995 1712 2066 Quippe
1753 2012 1855 2052 nec
1904 2006 2050 2052 terra

474 2088 626 2142 initio
667 2104 850 2142 rerum
885 2102 950 2142 ea
989 2087 1246 2156 produxit
1278 2095 1335 2141 ut
1361 2087 1618 2143 animalia
1665 2098 1860 2143 cetera
1902 2088 2047 2158 (nam

474 2179 732 2250 deinceps
769 2181 1006 2234 humana
1047 2179 1286 2235 sollertia
1318 2179 1550 2247 quadam
1589 2187 1645 2233 et
1677 2179 1907 2234 artificio
1939 2180 2048 2250 62

474 2272 746 2325 asinorum
795 2280 855 2324 .ct
896 2285 1160 2339 equorum
1208 2269 1514 2340 excogitata
1553 2279 1637 2324 est
1681 2269 2046 2340 conjunctio),

473 2380 585 2429 nec,
611 2377 798 2417 vocem
847 2362 996 2416 illam
1045 2361 1282 2415 divinam
1332 2361 1662 2415 audiverunt
1691 2377 1795 2430 qua
1845 2362 2048 2417 dictum

475 2464 559 2528 est
597 2455 756 2509 aliis:
803 2452 1150 2525 «_Atigescite
1196 2467 1262 2506 ac
1314 2451 1748 2520 multiplicamini
1767 2453 1834 2508 ιο.
1876 2471 1894 2504 ι
1930 2454 2050 2522 Quo

475 2547 530 2600 lit
560 2555 618 2600 ut
643 2545 969 2616 procreandi
987 2545 1083 2600 .vis
1115 2545 1167 2598 in
1204 2544 1337 2614 ipsis
1374 2543 1562 2598 vitiata
1588 2544 1680 2599 sit.

483 2708 491 2714 .
542 2638 822 2695 Lnicornu
865 2635 1065 2690 animal
1111 2644 1191 2690 est
1241 2634 1395 2689 valde
1439 2633 1644 2700 ferum,
1692 2637 1836 2705 quod
1871 2652 2050 2706 neque

473 2746 569 2801 per
614 2739 902 2785 venatores
951 2744 1130 2799 neque
1169 2728 1332 2783 nodo
1375 2728 1490 2782 ullo
1534 2728 1642 2783 alio
1686 2729 1807 2798 capi
1848 2740 2048 2798 potest.

474 2823 837 2877 Nihilominus
881 2821 992 2876 fera
1037 2831 1146 2874 tam
1178 2820 1436 2875 immanis
1482 2820 1551 2876 ad
1590 2819 1848 2875 feminam
1885 2823 2052 2892 virgi-

475 2927 621 2978 nem,
652 2927 772 2981 quze
807 2909 1109 2979 splendidis
1161 2909 1350 2964 induta
1379 2908 1451 2962 sit
1482 2907 1727 2963 vestibus
1754 2917 1810 2962 et
1854 2919 2051 2961 ornatu

475 3004 620 3058 vario
651 3001 883 3065 exculta,
912 3015 1030 3054 non
1056 3009 1263 3054 tantum
1291 2998 1525 3064 accedit,
1550 2999 1646 3055 sed
1675 2999 1839 3054 etiam
1878 2998 2052 3068 ipsius

2154 1897 2252 1966 τὴν
2283 1897 2418 1967 πρὸς
2448 1897 2510 1950 τὸ
2539 1895 2747 1949 τίκτειν
2771 1893 3109 1964 άπειλήχασι
3154 1893 3410 1962 δύναμιν.
3447 1893 3553 1945 Καὶ
3581 1893 3714 1944 είκόο

2153 2008 2297 2056 τωςο
2325 1990 2450 2044 οὔτε
2506 1990 2617 2061 γὰρ
2675 1991 2708 2060 ἡ
2764 1989 2834 2059 γῆ
2895 1987 3018 2042 κατ’
3046 1989 3226 2061 ἀρχὰς
3271 1988 3505 2060 ἐξήγαγε
3537 1986 3713 2051 ταῦτα,

2153 2086 2299 2140 καθὰ
2351 2085 2415 2155 δὴ
2464 2085 2560 2138 καὶ
2613 2082 2684 2138 τὰ
2729 2083 2894 2137 λοιπὰ
2945 2083 3061 2146 ζῶα
3109 2083 3370 2155 (καὶγὰρ
3401 2083 3459 2148 ἐξ
3489 2082 3714 2144 ἐπινοίας

2155 2177 2380 2248 ὕστερον
2437 2175 2785 2248 ἀνθρωπίνης
2847 2177 2874 2247 η
2926 2176 3038 2229 τῶν
3099 2177 3242 2230 ὄνων
3290 2191 3350 2230 τε
3403 2177 3496 2230 καὶ
3539 2175 3714 2227 ιῐππων

2154 2266 2432 2338 ἐπενοήθη
2473 2267 2770 2336 σύζευξις),
2802 2266 2929 2321 οὔτε
2963 2265 3062 2334 τῆς
3113 2266 3268 2330 θείας
3301 2266 3517 2336 ἐκείνης
3543 2265 3713 2335 φωνῆς

2155 2360 2394 2429 ἥκουσαν
2440 2360 2538 2428 τῆς
2566 2358 2710 2412 οὕτω
2737 2358 3026 2430 λεγούσης,
3067 2375 3088 2410 ι
3123 2358 3434 2423 sesama.
3478 2359 3569 2412 καὶ
3593 2357 3716 2425 πληι⁵

2157 2450 2405 2504 θύνεσθε.
2445 2469 2464 2502 ι
2501 2450 2694 2504 Ἔνθεν
2742 2466 2824 2503 τοι
2854 2450 2949 2503 καὶ
2982 2449 3082 2520 τὴν
3120 2448 3261 2519 πρὸς
3303 2449 3366 2502 τὸ
3403 2449 3600 2504 τίκτειν
3626 2446 3710 2501 δύ-

2155 2558 2318 2611 ναμιν
2340 2540 2744 2611 διεφθαρμένην
2777 2541 3102 2610 ἐσχήκασιν.

2241 2633 2299 2685 Ὅ
2331 2634 2641 2703 μονόκερως
2683 2631 2824 2696 ζῶόν
2873 2634 2991 2686 ἐστι
3027 2633 3124 2686 καὶ
3172 2634 3320 2688 πάνυ
3347 2633 3556 2702 ἄγριον,
3589 2630 3712 2700 μήτε

2155 2729 2421 2798 θηραταῖς
2474 2731 2613 2797 μήτε
2662 2725 2838 2804 άλλως
2887 2741 3008 2788 πως
3053 2726 3446 2797 άγρευόμενον.
3479 2723 3714 2795 Παρθένῳ

2154 2822 2212 2875 δὲ
2238 2821 2481 2888 γυναικὶ,
2514 2819 2610 2872 καὶ
2638 2817 2813 2872 ταῦτα
2835 2817 3332 2889 λαμπρειμονούσῃ
3354 2819 3448 2871 καὶ
3471 2814 3711 2874 ποικίλως

2157 2911 2540 2981 ἐστολισμένῃ,
2572 2909 2670 2963 καὶ
2713 2910 3068 2981 περιέρχεται
3121 2909 3184 2962 τὸ
3229 2909 3562 2980 δυσθήρατον
3589 2904 3712 2969 ζῶον

2155 3001 2248 3056 καὶ
2283 3002 2433 3071 παρὰ
2461 3005 2574 3064 τοῖς
2618 3001 2844 3068 γόνασιν
2871 3001 3044 3071 αὐτῆς
3069 3000 3438 3054 ἀναπαύεται.
3477 2999 3636 3052 Τοῦτο
3661 2993 3710 3047 δέ

474 3095 539 3150 ad
570 3107 746 3162 genua
782 3090 1150 3162 procumbens
1186 3090 1441 3158 quiescit.
1476 3089 1625 3146 Idem
1661 3098 1776 3144 tum
1813 3089 1869 3142 in
1910 3090 2048 3144 divi-

2159 3095 2250 3172 καὶ
2294 3095 2386 3147 ἐπὶ
2429 3096 2526 3164 τῆς
2577 3094 2814 3164 ἀοράτου
2861 3095 2963 3147 -καὶ
3012 3093 3295 3164 άθηράτου
3344 3093 3591 3162 θεότητος
3627 3088 3714 3141 καὶ

475 3183 645 3238 nitate
676 3183 764 3236 illa
793 3180 1170 3250 inaSpectabili
1195 3190 1248 3234 et
1273 3181 1758 3251 incomprehensili
1785 3191 1898 3235 tum
1921 3195 2050 3236 vera

475 3273 699 3342 solaque
728 3270 950 3342 Virgine
981 3272 1166 3326 videre
1195 3282 1310 3336 est;
1341 3271 1448 3326 nisi
1475 3272 1619 3326 enim
1651 3272 1914 3342 templum
1947 3273 2055 3328 hoc

477 3373 754 3433 repertum
819 3375 966 3418 esset
1013 3363 1393 3434 purissimum,
1455 3363 1598 3434 Deus
1637 3362 1694 3416 in
1745 3363 1910 3420 terris
1943 3381 2061 3420 non.

475 3467 803 3524 conspectus
830 3470 934 3508 nec
965 3471 1090 3509 cum
1125 3454 1441 3509 hominibus
1475 3461 1728 3509 versatus
1759 3452 1978 3511 fuisset.

545 3542 794 3599 Formica
821 3545 1027 3614 Spicam
1069 3543 1450 3598 conscendens
1475 3541 1711 3598 olfacere
1745 3548 2050 3614 consuevit,

474 3654 538 3693 ac
568 3639 840 3707 siquidem
874 3639 1138 3694 hordeum
1184 3637 1408 3707 reperit,
1445 3636 1584 3708 fugit
1615 3637 1744 3695 inde
1788 3654 1955 3711 aeque
1983 3643 2053 3698 ad

477 3729 640 3783 tritici
676 3729 882 3798 spicam
931 3727 1168 3783 confert.
1213 3727 1328 3782 Hoc
1357 3727 1403 3782 si
1434 3727 1663 3786 formica
1695 3730 1850 3797 facit,
1881 3733 2053 3789 multo

473 3823 645 3892 magis
671 3837 772 3875 nos
793 3820 1184 3875 abhorrentem
1213 3834 1244 3873 a
1269 3820 1497 3876 veritate
1525 3822 1830 3878 doctrinam
1859 3840 2054 3882 cavere

473 3911 754 3978 debemus,
790 3918 846 3965 et
889 3911 958 3966 ad
999 3910 1265 3976 triticum,
1313 3911 1616 3968 doctrinam
1665 3909 1921 3971 videlicet
1967 3932 2054 3972 re-

2154 3188 2253 3254 τῆς
2292 3187 2457 3248 ὅντως
2501 3188 2595 3240 καὶ
2641 3188 2811 3258 μόνης
2855 3186 3140 3257 Παρθένου
3176 3186 3330 3240 ἐστιν
3365 3185 3489 3238 ίδείν
3516 3199 3529 3214 ·
3557 3182 3614 3234 -εί
3646 3179 3710 3250 μὴ

2155 3279 2266 3347 γὰρ
2312 3279 2341 3331 ὀ
2387 3277 2776 3351 καθαρώτατος
2820 3274 2978 3343 οὗτος
3023 3278 3231 3350 εὑρέθη
3281 3281 3425 3342 ναὸς,
3455 3277 3551 3329 οὐκ
3593 3273 3652 3326 ἂν
3686 3273 3710 3323 ὁ

2154 3369 2290 3432 Θεὸς
2321 3371 2417 3423 ἐπὶ
2461 3371 2562 3441 τῆς
2593 3371 2699 3442 γῆς
2729 3370 2889 3443 ὤφθη
2926 3370 3021 3425 καὶ
3054 3374 3169 3435 τοῖς
3207 3370 3516 3443 ἀνθρώποις
3541 3379 3712 3420 συναν-

2155 3477 2247 3515 εστ
2255 3461 2403 3534 ράφη
2414 3503 2428 3516 .

2143 3585 2150 3594 -
2239 3554 2298 3606 '0
2329 3553 2560 3625 μύρμηξ
2605 3555 2700 3610 ἐπὶ
2735 3555 2832 3610 τὸν
2865 3557 3070 3626 στάχυν
3112 3556 3483 3630 ἀνερχόμενος
3511 3554 3717 3626 ὀσφραί-

2156 3646 2444 3710 νεται,καὶ
2470 3644 2566 3696 ἐὰν
2593 3643 2779 3716 κριθὴ,
2823 3644 3017 3714 φεύγει
3047 3645 3145 3700 ἀπ’
3187 3649 3360 3702 αὐτοῦ
3391 3650 3481 3703 καὶ
3513 3648 3602 3701 ἐπὶ
3635 3643 3714 3695 τὸν

2121 3733 2252 3821 ’τοῦ
2300 3735 2455 3788 σίτου
2510 3735 2716 3804 στάχυν
2752 3735 2994 3807 ἔρχεται.
3033 3736 3096 3790 Ei
3142 3737 3201 3792 δὲ
3256 3742 3284 3794 ὁ
3331 3738 3548 3811 μύρμηξ
3590 3734 3714 3788 οὕτω

2157 3830 2322 3892 ποιεῖ,
2356 3826 2536 3899 στολλῷ
2586 3827 2790 3898 μᾶλλον
2842 3830 3005 3899 ἡμεῖς
3052 3830 3153 3903 τὴν
3201 3830 3611 3903 ἑτερόδοξοῦσαν
3643 3828 3712 3880 δι-

2156 3914 2455 3988 δασκαλίαν
2510 3917 2737 3987 φεύγειν
2790 3918 3106 3990 ὀφείλομεν,
3171 3923 3272 3978 ἐπὶ
3327 3921 3385 3975 δέ
3438 3920 3528 3974 τὸν
3581 3919 3709 3970 σῖτον

474 4004 797 4072 ctissiinam,
828 4004 1113 4060 accedere.
1141 4002 1273 4068 Quae
1296 4002 1427 4073 lupo
1459 4012 1588 4059 sunt
1620 4007 1890 4061 adversus
1926 4022 2048 4063 oves

2160 4010 2438 4081 ἔρχεσθαι,
2468 4014 2564 4069 τὸν
2613 4013 2909 4086 ὀρθότατον
2933 4015 3140 4087 δηλαδὴ
3168 4017 3350 4088 λόγον.
3383 4016 3446 4071 Et
3473 4017 3576 4087 γὰρ
3605 4015 3663 4084 ἢν
3691 4013 3714 4064 ὁ

474 4095 794 4162 inimicitiae,
831 4103 1065 4166 possunt
1091 4094 1222 4150 hinc
1256 4095 1420 4149 etiam
1459 4096 1719 4165 perspici.
1761 4096 1818 4150 Si
1847 4096 2048 4152 chorda

2159 4102 2321 4167 λύκος
2349 4104 2553 4176 [χθραν
2582 4111 2719 4178 πρὸς
2752 4107 2820 4161 τά
2850 4107 3104 4177 πρόϐατα
3131 4127 3422 4181 κεκτηται,
3443 4105 3718 4163 κάντεῦθεν

472 4187 660 4267 lupina
688 4187 740 4240 in
771 4188 979 4241 cithara
1005 4187 1325 4257 reperiatur,
1349 4186 1575 4256 reliqua:
1602 4187 1672 4241 de
1698 4187 1892 4244 ovibus
1917 4203 2048 4243 cou-

2159 4194 2307 4249 ἔστιν
2341 4197 2470 4250 tam
2491 4212 2507 4230 ο
2539 4198 2941 4270 εύρισκομένης
2978 4199 3089 4270 γάρ
3112 4200 3212 4272 τῆς
3247 4201 3447 4273 χορδῆς
3467 4197 3624 4256 αὐτοῦ
3658 4197 3710 4248 ἐν

476 4280 624 4333 factae
666 4280 887 4333 chorda:
921 4279 1083 4333 silent
1113 4294 1177 4333 ac
1206 4292 1406 4333 sonum
1437 4278 1651 4344 nullum
1683 4279 1874 4333 edunt.
1904 4277 2048 4334 Idem

2162 4288 2388 4360 κιθάρᾳ,
2423 4291 2482 4342 ai
2508 4289 2701 4344 λοιπαὶ
2738 4292 2846 4345 τῶν
2880 4292 3172 4363 προϐάτων
3202 4283 3393 4366 χορδαὶ
3424 4291 3607 4362 σιγῶσι
3635 4287 3716 4340 καὶ

473 4370 660 4426 videre
687 4380 768 4425 est
797 4373 853 4423 in
888 4372 1182 4442 tympanis.
1207 4370 1574 4436 Quamobrem
1607 4369 1751 4425 Deus
1780 4385 1891 4426 rem
1922 4373 2048 4428 adeo

2160 4382 2222 4435 ού
2271 4366 2619 4450 φθέγγονται.
2647 4383 2821 4438 Τοῦτο
2870 4384 2927 4437 δέ
2981 4387 3078 4440 καὶ
3133 4387 3227 4440 ἐπὶ
3262 4388 3558 4458 τυμπάνων
3587 4383 3718 4433 ἔστιν

474 4455 670 4516 novam
698 4471 753 4518 et
782 4463 1096 4516 inusitatam
1132 4463 1288 4516 initio
1320 4475 1506 4514 rerum
1537 4461 1810 4518 instituit?
1833 4461 1901 4518 Ut
1929 4464 2048 4521 inde

2163 4472 2312 4526 ίδείν.
2345 4471 2505 4538 Τίνος
2545 4474 2602 4528 δὲ
2641 4477 2802 4547 χάριν
2845 4477 2906 4531 τὸ
2942 4479 3251 4550 παράδοξον
3294 4455 3450 4535 τοῦτο
3493 4473 3718 4546 γίνεσθαι

427 4571 430 4573 ·
476 4541 677 4612 clarius
713 4549 1155 4626 perspicer'cntur
1188 4551 1518 4617 inimicitiae,
1551 4567 1686 4622 quas
1719 4553 2058 4614 intellectilis

476 4632 563 4702 ille
595 4653 756 4716 lupus
787 4647 1049 4701 adversus
1082 4659 1213 4700 oves
1249 4642 1453 4698 Christi
1476 4644 1616 4714 gerit
1644 4658 1710 4698 ac
1740 4656 1984 4703 exercet.

545 4831 733 4885 Tradit
759 4828 1007 4883 IElianus
1032 4825 1486 4882 chammleontem
1514 4826 1682 4883 variis
1707 4827 1897 4885 formis
1928 4843 2060 4885 con-

475 4925 632 4995 spici,
670 4934 728 4976 ut
757 4921 848 4990 qui
883 4920 1070 4974 oculos
1092 4933 1152 4974 se
1185 4917 1519 4972 intuentium
1551 4917 1736 4986 elidat,
1767 4921 1836 4975 ad
1871 4935 2060 4976 exem-

476 5019 624 5085 plum
666 5015 902 5078 Satanae,
927 5011 1021 5084 qui
1051 5025 1109 5064 se
1140 5009 1198 5064 in
1225 5008 1367 5064 lucis
1395 5009 1646 5082 angelum
1682 5011 2054 5067 transformat.

481 5095 677 5162 Verum
710 5102 1034 5160 AriStoteles
1076 5103 1156 5156 ait
1205 5101 1442 5157 maxime
1479 5117 1724 5159 macrum
1758 5113 1813 5157 et
1858 5103 2057 5160 exilem

481 5214 600 5276 esse
640 5199 740 5251 cha
768 5195 1086 5250 iuuentutem
1139 5193 1286 5250 inter
1323 5193 1607 5261 animalia,
1655 5210 1777 5264 qua:
1812 5211 1912 5250 ova
1960 5211 2058 5266 pa-

481 5294 630 5346 riunt
682 5300 737 5345 et
791 5289 1077 5344 tet-reatria
1125 5298 1290 5356 sunt;
1351 5288 1515 5358 idque
1574 5299 1861 5359 propterea
1912 5291 2062 5359 quod

487 5387 764 5457 sanguinis
799 5399 1090 5455 perparum
1131 5385 1350 5439 habeat.
1397 5381 1550 5439 lianc
1593 5383 1766 5453 ipsam
1798 5383 1912 5438 vult
1940 5399 2063 5439 esse

485 5495 702 5536 causam
733 5479 935 5534 indolis
958 5482 1156 5535 animae
1181 5479 1237 5532 in
1269 5480 1373 5532 hoc
1399 5477 1644 5530 animali.
1687 5476 1872 5531 Varias
1899 5479 2062 5532 nimi-

485 5591 602 5630 rum
631 5574 833 5629 formas
861 5575 1059 5645 accipit
1093 5573 1402 5628 formidinis
1439 5584 1608 5625 causa
1641 5587 1655 5625 :
1695 5581 1878 5628 metus
1915 5573 2062 5626 enim

482 5681 546 5720 ex
587 5667 770 5736 inopia
801 5665 996 5722 caloris
1035 5666 1268 5725 exsistit.

552 5761 596 5792 "
625 5759 813 5830 Matth.
851 5777 978 5822 xvn.
1014 5763 1104 5817 20.
1181 5764 1229 5826 ,δ’
1264 5759 1401 5814 Gen.
1439 5775 1477 5814 ι.
1506 5757 1603 5811 22.

2164 4565 2286 4618 κατ’
2332 4566 2508 4637 ἀρχὰς
2558 4570 3020 4640 συγκεχώρηται;
3061 4571 3151 4635 Ὦς
3196 4572 3449 4626 ἐντεῦθεν
3495 4563 3719 4641 ἀριδηλό-

2163 4674 2324 4730 τερον
2350 4659 2644 4728 φαίνεσθαι
2667 4664 2766 4731 τὴν
2795 4662 3000 4733 ἔχθραν
3034 4663 3102 4735 ην
3133 4667 3160 4718 ό
3189 4665 3376 4736 νοητὸς
3405 4663 3562 4722 λύκος
3591 4654 3726 4725 πρὸ(

2163 4751 2233 4804 τὰ
2267 4752 2360 4806 τοῦ
2391 4753 2632 4820 Χριστοῦ
2665 4753 2960 4824 θρέμματα
2989 4756 3276 4825 κέκτηται.

2250 4843 2308 4894 'U
2340 4843 2440 4914 μὲν
2484 4840 2580 4897 οὖν
2627 4844 2880 4908 Δίλιανὺς
2921 4845 3068 4914 λέγει
3091 4847 3182 4899 τὸν
3211 4844 3572 4918 χαμαιλέοντα
3611 4853 3717 4890 ποι-

2167 4933 2318 4989 κίλον
2371 4934 2660 5004 φαίνεσθαι
2714 4937 2781 5008 τῇ
2834 4941 3017 5010 μορφῇ
3073 4937 3169 4991 an
3203 4940 3300 5000 τὰς
3348 4936 3455 4991 τῶν
3486 4931 3715 5003 ὁρώντων

2165 5027 2317 5098 ὄψεις
2346 5029 2771 5099 ἐκκρουόμενον,
2808 5031 2953 5083 κατὰ
2992 5029 3228 5101 μίμησιν
3270 5027 3364 5084 τοῦ
3394 5029 3472 5090 είς
3504 5019 3715 5092 ἄγγελον

2167 5121 2344 5189 φωτὸς
2391 5120 3007 5192 μετασχηματιζομένου
3045 5121 3242 5176 Σατάν.
3279 5121 3339 5174 '0
3381 5119 3439 5173 δέ
3495 5118 3716 5183 Ἀριστο-

2167 5212 2328 5283 τέλης
2367 5213 2537 5282 φησιν
2563 5215 2646 5267 ὃτι
2677 5214 2990 5284 ἰσχνότατος
3013 5215 3044 5267 δ
3078 5213 3397 5284 χαμαιλέων
3435 5208 3539 5263 τῶν
3565 5201 3716 5258 ῶοτό-

2167 5321 2280 5357 κων
2322 5305 2416 5357 καὶ
2443 5303 2648 5367 πεζῶν,
2678 5304 2814 5360 διότι
2855 5303 3279 5376 ὀλιγαιμότατός
3307 5303 3448 5356 ἐστι.
3478 5296 3637 5351 Τοῦτο
3666 5286 3716 5339 δὲ

2170 5395 2342 5448 αἴτιον
2375 5395 2470 5448 καὶ
2517 5395 2613 5448 τοῦ
2658 5395 2757 5466 τῆς
2801 5395 2982 5466 ψυχῆς
3031 5397 3194 5468 ἦθους
3233 5394 3329 5448 τοῦ
3361 5391 3534 5468 ζώουξ
3572 5380 3713 5438 πολύ·

2175 5504 2382 5557 μορφον
2413 5486 2522 5558 γὰρ
2547 5488 2757 5555 γίνεται
2785 5487 2874 5544 διὰ
2915 5489 3008 5542 τδν
3043 5488 3242 5558 φόϐον·
3267 5489 3296 5542 ὁ
3331 5485 3438 5557 γὰρ
3477 5479 3628 5551 φόϐος
3659 5469 3715 5522 δι’

2177 5578 2386 5630 ἔνδειαν
2421 5578 2776 5650 θερμότητος.
