3936 6426
474 412 577 476 139

471 523 701 578 morbus
749 529 982 596 accedit,

469 627 639 677 metu,
680 633 896 676 vocant.
935 622 1066 678 Nam
1099 627 1192 694 qui
1239 645 1268 683 a
1324 634 1554 689 canibus
1602 638 1830 692 rabiosis
1877 642 2040 694 mersi

1733 437 2152 499 MlCIIAELlS
2192 443 2454 505 GLYCEE

1031 549 1194 602 quem
1249 538 1712 609 hydrOpbobium.
1767 548 1835 601 ab
1891 564 2013 618 aqu:

2150 553 2312 618 κύνες
2365 558 2662 612 ὑλακτοῦσι
2698 560 2792 613 καὶ
2826 561 3115 616 δάκνουσιν
3162 564 3430 628 ἐπιόντες,
3464 569 3553 620 καὶ
3586 570 3706 622 δάκ-

3607 457 3704 524 tto

2147 662 2328 711 νοντες
2358 648 2523 703 αἴτιοι
2558 651 2652 703 τοῦ
2692 653 2855 704 αὑτοῦ
2897 653 3105 718 πάθους
3149 658 3516 728 κατέστησαν.
3561 660 3622 712 Ἦ
3650 662 3702 716 δδ

468 717 613 763 sunt.
641 722 835 776 aquam
868 713 1244 783 reformidant,
1266 721 1382 777 sive
1409 723 1555 779 illam
1585 727 1902 784 intueantur
1929 732 2013 785 sivi

471 799 692 824 ...ιη-ιι..-
724 799 982 824 -1.--.l-.‘_.
1043 805 1086 824 nr
1245 813 1298 824 ιι.
1378 815 1406 824 ν.
1965 823 1968 824 ,

2143 739 2251 791 τῶν
2287 744 2714 811 συμπτωμάτων
2765 746 2918 800 αίτία
2947 747 3054 801 τῶν
3085 713 3206 816 ’μὲν
3237 713 3410 803 ἄλλων
3457 713 3700 824 εὔδηλοςο

470 799 694 865 propius
722 799 1006 860 aecedatit.
1043 805 1298 866 Nonnulli
1334 815 1498 870 etiam
1535 832 1731 872 canum
1769 837 1920 875 more
1960 823 2039 877 la-

465 900 612 945 trant
641 902 694 947 et
728 895 866 951 alios
896 903 1134 970 aggressi
1165 908 1438 973 mordent,
1474 926 1582 978 quo
1623 926 1804 967 morsu
1836 914 2037 969 malum

464 981 638 1047 ipsum
672 1001 994 1058 propagant.
1037 993 1307 1050 Caeterum
1354 1015 1474 1068 quae
1505 1003 1840 1072 reliquorum
1893 1020 2037 1074 synt-

462 1083 772 1141 ptomatum
821 1097 982 1138 causa
1039 1086 1110 1140 sit
1163 1099 1331 1157 patet.
1383 1090 1517 1146 Nam
1577 1109 1702 1149 cum
1764 1110 2034 1150 venenum

460 1165 644 1218 omnia
677 1171 918 1225 membra
959 1184 1012 1228 et
1044 1175 1222 1244 ipsum
1251 1181 1387 1234 adeo
1411 1182 1699 1238 cerebrum
1727 1183 2030 1254 occupavit,

461 1255 772 1324 bujusmodi
814 1275 1176 1333 symptomata
1217 1285 1406 1325 secum
1434 1274 1629 1328 adfert.
1664 1277 1733 1330 At
1776 1277 1895 1345 ejds
1930 1279 2030 1340 rei,

454 1349 602 1415 quod
648 1366 846 1420 aquam
897 1367 1162 1423 metuant,
1209 1375 1427 1416 causam
1473 1365 1638 1434 aliqui
1689 1366 1913 1421 nimiam
1963 1368 2030 1422 ad

453 1439 754 1497 siccitatem
792 1445 1058 1512 referunt,
1094 1451 1247 1519 quasi
1283 1469 1509 1522 prorsus
1554 1459 1622 1510 ab
1663 1459 1892 1512 humore
1920 1459 2030 1514 sint

450 1531 767 1589 abal'enati.
804 1536 978 1595 Rufus
1027 1551 1208 1597 autem
1247 1547 1496 1614 perbibet
1530 1549 1765 1617 speciem
1817 1553 2026 1606 melan—

447 1623 642 1678 cholize
691 1630 989 1696 quamdam
1036 1633 1116 1688 eis
1155 1635 1436 1704 accidere,
1491 1638 1753 1694 nimirum
1809 1657 2026 1697 veneno

447 1712 730 1788 humorem
757 1719 906 1774 illum
935 1721 1185 1779 imitante
1208 1725 1279 1780 ob
1309 1742 1470 1796 quem
1497 1730 1585 1784 alii
1617 1732 1722 1786 alia
1753 1742 2022 1791 metuunt.

443 1804 554 1876 64
589 1807 654 1861 Ει
685 1810 814 1878 quid
844 1813 1029 1870 multis
1063 1816 1154 1871 hic
1198 1819 1382 1875 verbis
1429 1836 1568 1890 opus
1599 1824 1720 1877 est?
1747 1823 2022 1889 Quemad-

2142 831 2484 898 κατειληφὼς
2517 833 2626 902 γὰρ
2662 835 2737 897 ἰὸς
2764 835 2832 887 τὰ
2880 836 3045 905 μόρια
3096 837 3276 891 πάντα
3309 838 3398 889 καὶ
3427 836 3590 892 αύτδν
3620 841 3705 896 τὸν

2139 923 2444 992 ἐγκέφαλον
2493 925 2720 980 τοιαῦτα
2765 928 2921 997 φέρει
2963 931 3368 1000 συμπτώματα.
3398 929 3505 984 Τοῦ
3533 932 3588 985 δὲ
3618 950 3705 1002 φο-

2139 1014 2349 1068 ϐεῖσθαι
2381 1015 2438 1067 τὸ
2471 1015 2617 1086 ὕδωρ
2646 1017 2791 1080 τινὲς
2835 1020 2933 1088 μὲν
2982 1020 3195 1089 ἔφησαν
3223 1021 3311 1074 διὰ
3346 1021 3446 1090 τὴν
3475 1023 3705 1093 ἄμετρον

2135 1108 2383 1175 γίνεσθαι
2435 1109 2730 1179 ξηρότητα,
2790 1107 2879 1162 οἷα
2935 1111 3221 1175 παντελῶς
3270 1112 3704 1184 ὴλλοτριωμένης

2132 1197 2232 1266 τῆς
2265 1199 2440 1267 ὑγρᾶς
2487 1199 2675 1262 οὐσίας
2703 1217 2716 1231 ·
2767 1201 2898 1252 ό-δέ
2950 1217 3013 1269 γε
3057 1202 3288 1269 Ῥοῦφος
3349 1204 3700 1276 μελαγχολίας

2131 1291 2315 1353 αὐτοῖς
2361 1287 2500 1354 εἶδος
2535 1294 2594 1344 τὸ
2637 1293 2879 1348 τοιοῦτον
2930 1294 3255 1365 ἀπεφήνατο
3306 1296 3580 1364 γίνεσθαι,
3612 1295 3700 1349 τοῦ

2133 1377 2213 1432 ίοῦ
2248 1380 2342 1432 τὸν
2379 1382 2553 1452 χυμὸν
2596 1383 2811 1454 ἐκεῖνον,
2858 1385 3247 1455 μιμησαμένου
3303 1386 3427 1440 καθ’
3473 1387 3532 1441 δν
3574 1387 3700 1441 ἄλλα

2129 1471 2490 1541 πεφόϐηνται.
2525 1474 2638 1527 Καὶ
2668 1475 2722 1526 τί
2755 1475 2860 1545 χρὴ
2886 1477 3057 1531 πολλὰ
3085 1478 3296 1547 λέγειν;
3327 1479 3425 1533 Ὃν
3450 1479 3557 1550 γὰρ
3584 1483 3702 1550 τρό-

2127 1574 2228 1610 πον
2272 1559 2363 1610 ἐπὶ
2395 1558 2504 1613 τῶν
2540 1561 2953 1631 μελαγχολικῶν
3005 1568 3056 1620 οἱ
3114 1567 3213 1636 μὲν
3253 1566 3428 1634 ἄλογα
3477 1566 3590 1631 ζῶα
3618 1569 3699 1622 δο-

2125 1647 2313 1702 κοῦσιν
2343 1646 2483 1705 εἶναι
2513 1651 2810 1706 κάντεῦθεν
2842 1656 2942 1718 τὰς
2986 1656 3212 1709 ἐκείνων
3244 1656 3548 1724 μιμοῦνται
3591 1675 3697 1728 φω-

2125 1737 2243 1800 νὰς,
2287 1739 2335 1791 οἱ
2392 1739 2448 1792 δὲ
2494 1742 2664 1811 σκεύη
2721 1742 2982 1797 δοκοῦσιν
3030 1741 3174 1798 εἶναι
3231 1745 3537 1816 ὀστράκινα
3593 1748 3696 1801 κὰκ

2123 1829 2315 1882 τούτου
2365 1831 2703 1901 κατεαγῆναι
2751 1833 2848 1888 καὶ
2894 1835 3037 1890 πάνυ
3090 1835 3474 1902 δειλαίνονται,
3525 1839 3695 1910 ἕτεροι

442 1895 664 1950 modum
710 1901 858 1954 enim
891 1902 944 1956 in
990 1905 1404 1964 melancholicis
1450 1915 1742 1966 usuvcnire
1773 1915 2013 1970 videmus

2122 1921 2214 1974 τδν
2248 1921 2520 1977 Ἄτλαντα
2553 1925 2870 1994 νομίζουσιν
2897 1927 3087 1980 ἐπάνω
3127 1928 3352 1983 πίπτειν
3386 1931 3569 1985 αὐτῶν
3605 1929 3694 1991 καὶ

445 1995 503 2040 ut
531 1989 623 2043 alii
659 1991 880 2060 quidem
931 1997 1188 2052 animalia
1237 2000 1396 2055 bruta
1442 2003 1545 2058 sibi
1582 2004 1871 2060 videantur
1901 2022 2023 2063 esse

437 2094 504 2134 ac
534 2093 824 2152 propterea
863 2101 1026 2144 voces
1074 2105 1268 2146 eorum
1308 2093 1617 2162 imitentur,
1651 2098 1743 2152 alii
1796 2114 1854 2154 se
1891 2097 2018 2156 v’asa

437 2187 562 2227 esse
608 2183 845 2233 testacea
890 2182 1121 2237 credant
1165 2194 1221 2239 et
1269 2184 1474 2242 idcirco
1509 2189 1862 2245 vehementer
1899 2208 2017 2248 me-
2058 2245 2065 2248 _

439 2275 593 2319 luant
623 2283 693 2323 ne
721 2271 1157 2343 confringantur,
1197 2277 1289 2332 alii
1323 2295 1486 2349 supra
1519 2297 1577 2336 se
1611 2283 1790 2338 delabi
1825 2285 2016 2339 Atlan-

436 2365 546 2410 tem
579 2360 897 2417 existiment
929 2365 1163 2436 ideoque
1192 2364 1391 2424 mirum
1425 2372 1480 2426 in
1507 2374 1727 2429 modum
1750 2379 2009 2442 clament,

435 2450 514 2502 ita
556 2453 842 2509 consimile
870 2457 1150 2528 quidpiam
1185 2472 1414 2518 cernere
1447 2464 1577 2519 licet
1613 2467 1779 2531 etiam
1818 2469 1886 2522 iis
1921 2483 2014 2524 ae-

436 2543 628 2600 cidere
672 2563 808 2617 quos
853 2565 1018 2606 canes
1067 2553 1270 2610 rabiosi
1318 2559 1752 2614 momordernnt.
1801 2560 2013 2630 Quippe

337 2631 345 2638 ’
436 2652 709 2694 venenum
737 2642 910 2710 canis,
941 2659 1036 2698 ceu
1060 2647 1259 2701 noxius
1283 2647 1500 2713 humor,
1520 2665 1711 2704 eorum
1746 2661 2012 2722 occupato

434 2732 664 2786 cerebro
701 2732 828 2788 facit
862 2744 920 2789 ut
953 2752 1146 2806 aquam
1195 2748 1476 2807 metuant;
1512 2741 1564 2795 in
1598 2758 1708 2812 quo
1750 2755 1896 2799 metu
1925 2761 2013 2800 ea-

433 2822 542 2889 nis,
595 2841 628 2879 a
681 2840 788 2895 quo
833 2830 998 2884 mersi
1050 2841 1198 2895 sunt,
1256 2833 1575 2906 imaginatio
1621 2838 1798 2903 sulzit;
1836 2852 2013 2906 eoque

2119 2013 2214 2067 διὰ·
2239 2006 2401 2066 τοῦτο
2437 2015 2578 2084 μέγα
2625 2015 2756 2087 βοᾷν
2809 2019 3236 2087 ἀναγκάζονται,
3273 2021 3420 2076 οὕτω
3470 2023 3563 2076 καὶ
3609 2023 3694 2075 ἐπὶ

2118 2103 2227 2156 τῶν
2265 2104 2649 2175 λυσσοδήκτων
2674 2107 2822 2162 ἐστιν
2852 2109 3003 2164 [δεῖν.
3038 2110 3097 2164 '0
3131 2111 3242 2182 γὰρ
3268 2112 3363 2166 τοῦ
3402 2115 3564 2177 κυνὸς
3599 2113 3691 2179 ίδς,

2117 2195 2368 2266 καθάπερ
2396 2213 2477 2258 τις
2505 2200 2680 2268 χυμὸς
2734 2200 3030 2272 μοχθηρὸς,
3058 2202 3150 2256 τὸν
3181 2205 3488 2272 ἐγκέφαλόν
3519 2205 3692 2259 αὐτῶν

2117 2288 2410 2356 κατασχὼν
2443 2289 2729 2356 φοϐεῖσθαι
2766 2293 2914 2344 ποιεῖ
2952 2291 3015 2344 τδ
3059 2292 3205 2365 ὕδωρ
3243 2296 3469 2360 αὐτοὺς,
3503 2296 3692 2365 φοσου·

2121 2381 2314 2449 μένους
2347 2381 2402 2433 δὲ
2437 2380 2527 2433 τὸν
2555 2381 2792 2436 δακόντα
2824 2385 2964 2438 κύνα
3000 2387 3398 2455 φαντάζεσθαι,
3435 2388 3530 2441 καὶ
3557 2387 3691 2441 οὕτω

2117 2472 2362 2526 σπᾶσθαι
2400 2474 2494 2526 καὶ
2526 2473 2812 2545 τελευτᾷν.
2845 2476 3032 2548 Ταύτῃ
3075 2494 3159 2530 τοι
3207 2485 3303 2532 καὶ
3357 2479 3528 2546 σοφόν
3573 2497 3688 2532 τινα

2115 2562 2482 2633 λυσσόδηκτον
2541 2563 2808 2618 εἰσελθεῖν
2864 2567 2923 2619 ὲν
2979 2565 3249 2638 βαλανείῳ
3299 2568 3548 2636 λέγουσι,
3602 2569 3685 2622 καὶ

2117 2658 2293 2711 ἰδόντα
2326 2657 2416 2710 τὸν
2458 2657 2596 2712 κύνα
2650 2658 2710 2713 έν
2755 2662 2821 2732 τῇ
2870 2660 3077 2732 λεκάνῃ
3127 2663 3224 2714 καὶ
3268 2663 3344 2730 μὴ
3383 2677 3689 2729 καταπτοη-

2115 2747 2275 2799 θέντα
2302 2749 2500 2801 εἰπεῖν.
2537 2765 2556 2800 ε
2595 2748 2665 2800 Τί
2693 2748 2818 2802 κυνὶ
2852 2753 3034 2804 κοινόν
3054 2752 3168 2804 ἐστι
3199 2752 3293 2803 καὶ
3320 2751 3624 2821 βαλανείῳ;
3662 2768 3680 2802 ι

2117 2841 2226 2893 Καὶ
2255 2842 2384 2910 περὶ
2417 2839 2516 2907 μὲν
2547 2839 2756 2895 τούτων
2783 2841 2980 2908 οὕτως.

429 2927 591 2986 pacto
619 2919 907 2990 ringuntur
935 2931 988 2977 et
1025 2926 1240 2979 tandem
1275 2942 1397 2981 cum
1436 2938 1612 2982 morte
1659 2931 1823 2985 vitam
1891 2940 2257 2987 commutant.
2319 2933 2650 2989 Pet-hibetur
2686 2935 2905 3005 quidem
2976 2937 3270 3006 aliquando
3338 2938 3684 3008 philosophus

426 3013 722 3085 qniSpiam,
754 3015 844 3084 qui
877 3027 1024 3071 esset
1058 3018 1345 3094 admorsus
1381 3039 1409 3077 a
1437 3039 1573 3078 eane
1606 3025 1845 3089 rabioso,
1922 3025 2174 3081 balneum
2233 3027 2532 3099 ingressus,
2594 3039 2888 3100 conspecto
2914 3031 2968 3085 in
3009 3031 3147 3101 pclvi
3173 3045 3330 3097 cane,
3356 3033 3495 3088 nihil
3519 3041 3686 3086 exter-

423 3104 565 3159 ritus
594 3105 836 3160 dixisse:
877 3125 896 3158 ι
925 3108 1067 3175 Quid
1098 3111 1222 3166 cani
1243 3128 1534 3170 commune
1565 3133 1689 3170 cum
1721 3117 1950 3172 balneo?
1977 3137 1996 3170 ›
2044 3116 2153 3174 Sed
2177 3118 2244 3172 de
2275 3118 2363 3174 his
2397 3120 2550 3174 satis.

496 3196 670 3253 Ursus
711 3214 930 3255 carnem
964 3203 1152 3273 gignit,
1191 3221 1315 3276 qua!
1363 3221 1539 3276 neque
1573 3207 1797 3278 ﬁguram
1829 3225 2007 3279 neque
2034 3213 2077 3270 Ο

424 3290 654 3345 formam
701 3292 883 3348 habet.
917 3293 1115 3349 Verum
1148 3297 1408 3369 deinceps
1439 3315 1534 3354 ore
1579 3299 1825 3356 lambens
1867 3302 2001 3356 arti-

427 3385 582 3438 culos
630 3385 685 3438 in
718 3401 778 3439 ea
823 3385 1003 3442 efﬁcit.
1054 3388 1315 3458 Ejusdem
1367 3392 1532 3447 catuli
1579 3408 1689 3447 non
1733 3393 2001 3449 iactantur

427 3477 708 3543 uberibus,
757 3480 851 3533 sed
903 3482 1150 3552 sugendo
1197 3483 1364 3552 pedes
1407 3499 1535 3540 suos
1584 3497 1901 3558 augescunt.
1935 3486 2002 3541 Et

421 3569 567 3638 parit
608 3578 734 3624 ante
770 3579 984 3640 tempus
1015 3589 1163 3639 ursa,
1192 3589 1302 3643 quo
1339 3591 1463 3630 cum
1504 3591 1653 3631 mare
1682 3577 2002 3647 congredia-

421 3660 680 3749 tur.'.ipso
700 3663 754 3716 in
783 3673 939 3733 partu
971 3667 1216 3735 periculo
1239 3682 1346 3721 non
1374 3678 1543 3734 caret,
1570 3669 1804 3740 ideoque
1831 3680 1998 3724 noctu

419 3756 735 3825 parturiens
765 3772 911 3813 ursa:
941 3758 1099 3814 sidus
1131 3761 1487 3833 inspectando
1518 3763 1793 3829 observat,
1824 3777 2001 3832 eoque

422 3855 581 3912 pacto
610 3845 985 3903 difﬁcultatem
1023 3860 1212 3918 partus
1244 3849 1477 3919 mitigat.
1499 3851 1673 3906 Verax
1707 3860 1791 3906 est
1815 3854 2000 3906 admo-

421 3936 572 4002 dum,
610 3953 848 4009 cumque
891 3955 989 4009 per
1031 3939 1269 3995 hiemem
1307 3941 1364 3994 in
1395 3942 1568 3998 lustro
1610 3959 1710 3998 suo
1752 3944 1902 3999 sedet
1933 3947 2029 3999 ac'

421 4031 616 4093 esurit,
649 4034 838 4100 pedem
868 4032 1162 4087 lambendo
1195 4049 1254 4090 se
1286 4035 1491 4104 nutrit;
1519 4036 1668 4108 quod
1695 4036 1914 4105 quidem
1945 4038 2002 4092 ei

419 4121 522 4175 soli
579 4123 856 4190 peculiare
901 4133 986 4178 est
1026 4125 1172 4180 inter
1214 4127 1469 4184 anima-lia
1507 4129 1809 4192 terrestria,
1857 4129 1999 4184 sicut

421 4214 574 4267 inter
606 4216 815 4270 marina
845 4212 1063 4288 polypo.

491 4305 629 4360 Cum
663 4307 852 4376 onagri
887 4324 1066 4364 mares
1103 4311 1350 4382 gignunt,
1391 4321 1654 4368 exsecant
1691 4307 1880 4366 eorum
1912 4312 1998 4367 vi-

416 4395 559 4459 rilia,
594 4411 661 4450 ne
693 4406 1002 4465 procreent.
1029 4399 1092 4455 Et
1121 4402 1326 4456 animal
1361 4403 1466 4457 hoc
1495 4401 1855 4456 siccissimum
1890 4411 1998 4470 est,

418 4488 647 4558 ideoque
707 4489 1066 4568 sitibundum.
1123 4492 1245 4558 Qua
1304 4493 1372 4547 de
1430 4506 1595 4546 causa
1650 4491 1882 4548 Davides
1927 4495 1996 4551 de

2188 3209 2256 3262 Ἥ
2281 3208 2337 3262 δέ
2370 3225 2433 3278 γε
2480 3211 2682 3278 ἄρκτος
2718 3212 2901 3282 σάρκα
2945 3215 3122 3268 τίκτει
3173 3216 3312 3285 μήτε
3343 3215 3518 3271 τύπον
3553 3217 3682 3286 μήτε
3720 3199 3724 3205 ’

2114 3285 2335 3370 μορφὴν
2387 3299 2638 3370 ἔχουσαν,
2696 3301 2774 3372 τῷ
2827 3303 2885 3356 δὲ
2936 3305 3165 3374 στόματι
3209 3305 3469 3375 λείχουσα
3514 3285 3682 3376 ἄρθρα

2111 3391 2388 3446 ἀποτελεῖ.
2419 3391 2579 3445 Ἀλλὰ
2611 3394 2703 3446 καὶ
2737 3395 2786 3446 oi
2824 3393 3056 3463 σκύμνοι
3089 3397 3263 3466 αὐτῆς
3282 3398 3343 3449 ού
3370 3396 3678 3467 θηλάζουσι,

2113 3479 2392 3547 μυζῶντες
2429 3480 2485 3532 δὲ
2520 3482 2648 3545 τοὺς
2683 3482 2848 3546 πόδας
2872 3486 3054 3538 αὐτῶν
3085 3487 3340 3540 ἐντεῦθεν
3369 3487 3678 3553 αύξάνουσι.

2110 3571 2298 3624 Τίκτει
2331 3571 2388 3624 δὲ
2427 3572 2533 3642 πρὸ
2569 3573 2664 3626 τοῦ
2709 3575 2925 3646 καιροῦ,
2959 3577 3045 3629 ἵνα
3091 3578 3167 3647 τῷ
3201 3579 3395 3649 ᾶρρενι
3432 3580 3680 3650 συνέρχη-

2109 3679 2221 3717 ται.
2263 3663 2425 3716 Ἀλλὰ
2453 3665 2545 3717 καὶ
2577 3665 2636 3716 ὲν
2681 3665 2760 3736 τῷ
2804 3666 3014 3720 τίκτειν
3047 3669 3348 3723 κινδυνεύει
3392 3672 3428 3741 ὴ
3468 3672 3678 3740 ἄρκτος.

2123 3755 2213 3808 Ἐν
2257 3755 2314 3807 δὲ
2365 3746 2521 3809 νυκτὶ
2575 3755 2844 3810 ὠδίνουσα
2905 3759 3168 3830 προσέχει
3217 3759 3298 3829 τῷ
3350 3761 3456 3832 τῆς
3489 3764 3680 3833 ἄρκτου

2111 3847 2323 3918 ἄστρῳ,
2363 3849 2461 3901 καὶ
2501 3847 2645 3901 οὕτω
2680 3850 2857 3904 τίκτει
2907 3851 3169 3921 εὐχερῶς.
3211 3853 3538 3924 Πολυφάγος
3588 3855 3682 3923 μὲν

2109 3938 2311 4007 ἄρκτος
2355 3939 2524 4006 ἐστὶν,
2589 3940 2650 3993 ιν
2702 3939 2758 3993 δὲ
2812 3941 3046 4012 χειμῶνι
3104 3943 3553 4016 παρακαθημένη
3611 3942 3678 4013 τῷ

2111 4027 2304 4098 φωλεῷ
2345 4029 2441 4082 καὶ
2480 4029 2726 4084 πεινῶσα
2762 4031 2931 4102 λείχει
2959 4031 3052 4085 τὸν
3101 4033 3238 4087 πόδα
3272 4034 3370 4087 καὶ
3403 4039 3678 4105 τρέφεται.

2109 4118 2262 4189 Μόνη
2295 4120 2356 4172 δὲ
2385 4113 2525 4192 αὕτη
2559 4123 2618 4174 ὲν
2666 4125 2738 4195 γῇ
2771 4126 2970 4196 πάσχει
3015 4126 3197 4194 τοῦτο,
3237 4129 3330 4183 καὶ
3355 4130 3417 4183 ἐν
3443 4131 3677 4198 θαλάσσῃ

2106 4213 2135 4264 ὁ
2164 4211 2462 4278 πολύπους.
3489 4286 3497 4291 ε

2192 4304 2354 4359 Ἀλλὰ
2375 4307 2477 4360 καὶ
2516 4308 2626 4362 τῶν
2673 4310 2926 4383 ὀνάγρων
2960 4313 3019 4367 αἱ
3069 4315 3300 4384 νομάδες
3339 4319 3565 4372 ἐπειδὰν
3590 4317 3676 4370 τέο

2108 4412 2278 4450 κωσιν
2325 4397 2552 4470 ἄρρενα,
2581 4403 2840 4473 τέμνουσι
2889 4406 2958 4458 τὰ
3014 4406 3194 4460 αίδοῖα
3250 4408 3455 4474 αὐτῶν,
3485 4406 3576 4463 ῐνσῖ
3605 4409 3675 4479 μὴ

2108 4478 2540 4561 σπερματίζωσι.
2571 4495 2793 4565 nmen
2805 4513 2894 4566 ρον
2919 4497 2974 4550 δὲ
3018 4495 3157 4560 ζῶον
3184 4501 3211 4552 ό
3237 4499 3494 4570 όναγρος,
3526 4478 3614 4570 te"
3636 4495 3676 4567 ᾧ

417 4577 574 4647 aquis
626 4579 927 4644 disserens,
975 4582 1099 4636 ait:
1142 4599 1162 4634 ι
1196 4576 1429 4637 Sument
1496 4596 1588 4636 eas
1637 4585 1824 4653 onagri
1874 4584 1993 4641 sitis

2122 4582 2192 4634 ιαὶ
2230 4581 2524 4652 διψαλέονο
2557 4586 2700 4639 κατὰ
2745 4588 2855 4657 γὰρ
2905 4586 3062 4640 τοῦτο
3111 4589 3204 4641 καὶ
3257 4592 3284 4642 ὁ
3333 4569 3498 4643 Δαὸὶδ
3555 4569 3675 4661 περὶ

416 4686 530 4726 sure
558 4673 960 4742 restinguendae
993 4690 1158 4750 causa
1187 4676 1256 4731 “.
1299 4695 1319 4728 ι

487 4851 835 4924 lepeculam
864 4855 1185 4910 nutrimenti
1240 4855 1579 4911 laborantem
1610 4857 1790 4926 inopia
1837 4857 1990 4927 supi--

411 4960 539 5000 nam
576 4947 753 5014 iacere
781 4946 1022 5010 tradunt,
1060 4947 1217 5015 quasi
1256 4947 1302 5002 si
1349 4946 1489 5003 foret
1534 4957 1769 5013 mortua,
1803 4949 1992 5003 simul-

409 5054 518 5107 que
543 5039 846 5094 anhelitum
901 5039 1160 5094 retincre.
1211 5039 1577 5106 Quamobrem
1631 5042 1732 5096 hac
1778 5044 1890 5112 ipsa
1923 5043 1990 5098 de

411 5147 575 5186 causa
614 5133 909 5187 distentam
964 5131 1292 5200 conspicatae
1338 5133 1609 5199 volucres,
1659 5135 1714 5188 in
1765 5151 1884 5190 eam
1935 5144 1994 5190 s‘e

411 5223 704 5280 demittunt
751 5223 1025 5292 velutiqne
1074 5233 1341 5278 mortuam
1394 5227 1683 5296 attingunt.
1720 5224 1861 5282 Tum
1895 5227 1986 5280 illa

407 5317 590 5371 subito
649 5315 942 5376 cxsiliens,
999 5331 1120 5384 qure
1187 5328 1398 5373 mortua
1452 5321 1808 5387 credebatur,
1861 5335 1989 5374 aves

405 5408 820 5476 comprehendit
849 5418 1011 5477 atque
1038 5410 1281 5465 devorat.

476 5499 654 5568 Capra
697 5500 964 5555 silvestris
1014 5503 1414 5559 velocissimum
1455 5505 1654 5560 animal
1707 5513 1791 5559 est
1844 5515 1900 5560 ct
1931 5505 1986 5557 in

403 5587 635 5656 rupibus
661 5587 824 5658 degit.
851 5589 1060 5656 Quodsi
1087 5593 1208 5660 quis
1253 5595 1391 5650 hanc
1433 5607 1754 5651 venatorum
1804 5612 1988 5666 perse—

399 5688 622 5745 quatur,
651 5679 704 5734 in
733 5695 936 5737 cornua
969 5684 1148 5740 desilit
1199 5701 1298 5740 nec
1333 5687 1641 5764 detrimenti
1689 5688 1983 5759 quidquam

399 5770 622 5838 accipit.

472 5860 516 5896 ⁸⁸
553 5860 698 5917 Γ5.ιΙ.
742 5880 854 5933 cur,
887 5866 975 5921 ll.

2107 4669 2319 4724 ὑδάτων
2346 4673 2560 4737 διεξιὼν
2587 4673 2734 4728 οὕτω
2763 4677 2898 4745 φησί
2927 4693 2940 4708 ο
2989 4696 3008 4729 ι
3035 4679 3429 4750 Προσδέξονται
3459 4683 3675 4750 ὕναγροι

2104 4764 2186 4826 είς
2215 4764 2374 4833 δίψαν
2409 4767 2609 4820 αὐτῶν.
2655 4786 2674 4818 ι

2113 4879 2116 4884 ’
2171 4859 2405 4926 Λέγεται
2441 4859 2500 4911 δὲ
2535 4862 2628 4912 καὶ
2657 4863 2758 4930 τὴν
2790 4857 3052 4918 ἀλώπεκα
3090 4865 3400 4938 βρωμάτων
3434 4867 3671 4939 ἀποροῦ-

2106 4967 2208 5004 σαν
2257 4952 2452 5004 ὑπτίαν
2511 4954 2733 5006 πίπτειν
2787 4954 2922 5007 ὡσεὶ
2975 4959 3178 5029 νεκρὰν
3217 4963 3325 5014 ’καὶ
3382 4962 3670 5030 φυσᾶσθαι,

2105 5043 2398 5096 κάντεῦθεν
2428 5044 2824 5116 διογκουμένην
2871 5048 3041 5117 αὐτὴν
3083 5051 3297 5120 ὁρῶντα
3347 5054 3412 5104 τὰ
3457 5051 3670 5105 πετεινά

2101 5137 2480 5191 ἐπιϐαίνουσιν
2551 5139 2722 5207 αὐτῆς
2778 5140 2875 5192 καὶ
2941 5140 3074 5193 ὡσεὶ
3130 5147 3334 5213 νεκρᾶς
3389 5144 3667 5196 ἅπτονται.

2109 5231 2504 5302 Ἐκπηδήσασα
2534 5230 2624 5283 οὖν
2670 5232 2870 5303 αἴφνης
2904 5235 3131 5306 ήνεκρὰ
3181 5236 3548 5308 συλλαμϐάνει
3579 5238 3668 5289 καὶ

2098 5326 2375 5378 κατεσθίει
2409 5326 2569 5380 αὑτά.

2183 5503 2346 5558 Ἀλλὰ
2394 5504 2662 5576 αίγαγρος
2706 5508 3012 5579 ταχύτατον
3059 5513 3176 5567 ἐστι
3207 5512 3346 5580 ζῶον
3388 5516 3482 5568 καὶ
3526 5513 3664 5587 παρὰ

2097 5599 2210 5659 τοῖς
2259 5601 2524 5668 κρημνοῖς
2568 5600 2775 5668 διάγον,
2814 5602 3148 5674 διωκόμενον
3188 5608 3244 5661 δὲ
3285 5608 3504 5662 ἅλλεται
3530 5606 3665 5660 κατά

2097 5688 2366 5757 κεράτων,
2393 5690 2481 5744 καὶ
2507 5692 2567 5743 οὺ
2590 5691 2888 5748 auctam.
3569 5707 3578 5714 ’
3661 5697 3668 5705 ’
