3936 6432
481 375 582 474 ιιι
699 464 732 488 ,
1145 476 1149 479 ,
1758 420 2178 481 MICHAELIS
2217 423 2474 484 eum:
3613 423 3713 488 ne

478 505 638 580 etiam
693 527 1008 598 proferebat
1062 551 1075 586 :
1126 535 1404 590 hominem
1457 552 1590 593 vero
1646 538 2032 609 Iormans,pri

2157 545 2251 596 καὶ
2287 545 2380 606 τὰς
2406 543 2584 613 ψυχὰς
2614 542 2935 613 παρήγαγε,
2959 521 3060 597 τδιῗ
3077 543 3134 597 δέ
3163 541 3448 615 ἄνθρωπον
3480 541 3707 597 πλάττων

477 635 625 673 mum
661 637 862 691 corpus
898 634 954 676 ut
991 625 1416 683 instrumentum
1461 630 1712 694 fabricat,
1747 634 1944 688 deinde
1979 635 2031 687 ill

2161 635 2377 704 πρῶτον
2403 637 2806 700 κατασκευάζει
2829 635 2888 689 τὺ
2907 634 3067 705 σῶμα
3095 636 3169 698 ὼς
3195 635 3450 705 ὄργανον,
3483 635 3574 688 καὶ
3599 636 3713 688 τότε

476 713 712 767 animam
748 715 1024 770 conditam
1057 719 1221 774 indit.
1252 720 1363 777 Nec
1389 723 1533 777 enim
1571 733 1821 778 creatura
1847 726 2028 796 perﬁci

2161 726 2258 797 τὴν
2299 727 2478 797 ψυχὴν
2512 728 2930 798 δημιουργήσας
2974 727 3192 799 ἔθηκενο
3225 727 3286 780 ού
3317 727 3425 796 γὰρ
3461 726 3598 779 θέλει
3623 727 3715 797 τὴν

475 805 734 870 animam,
788 823 859 862 ne
925 810 1018 863 Dei
1073 827 1131 866 se
1186 813 1512 882 adiutricem
1547 816 1762 885 gloriari
1805 819 2000 887 possit.

2158 818 2337 890 ψυχὴν
2377 821 2632 889 παρεῖναι
2681 823 2746 890 τῇ
2795 820 3146 891 δημιουργίᾳ,
3165 819 3253 873 ἵνα
3285 819 3361 890 μὴ
3387 819 3712 889 καυχήσηται

475 895 642 961 Igitur
671 898 913 952 anituum
949 901 1190 956 adverte.
1227 904 1538 972 Inspiravit,
1571 907 1768 977 inquit,
1817 909 1918 964 hoc
1947 917 2029 963 est

2160 912 2231 974 ὡς
2263 913 2527 981 συνεργὸς
2557 913 2650 966 τοῦ
2683 911 2846 966 Θεοῦ.
2881 931 2900 964 ι
2939 911 3184 984 Πρόσεχε
3235 911 3351 964 οῦν.
3400 910 3714 981 Ἑνεφύσησι

480 1001 680 1053 corpus
713 989 844 1043 illud
869 1006 898 1042 e
928 992 1151 1059 pulvere
1200 993 1403 1048 factum
1430 996 1531 1051 hoc
1577 998 1808 1067 amplius
1839 1015 2034 1054 assecn

2161 1006 2266 1076 γάρ
2303 1021 2458 1075 φησι·
2496 1007 2741 1060 τουτέστι
2772 1005 2832 1059 τὸ
2870 1004 3032 1075 σῶμα
3059 1003 3220 1058 τοῦτο
3263 1005 3325 1057 τδ
3353 1003 3461 1057 ἀπὸ
3488 1003 3576 1055 τοῦ
3607 1002 3715 1072 χοὸς

475 1086 585 1127 tum
612 1087 720 1137 est,
772 1089 830 1134 ut
871 1082 979 1135 vim
1029 1085 1318 1150 quamdam
1377 1087 1592 1141 vitalem
1647 1090 1892 1154 haberet,
1935 1108 2029 1162 qua

2157 1095 2434 1165 ἠϐουλήθη
2479 1098 2573 1150 καὶ
2633 1094 2940 1164 προσέταξε
2996 1092 3236 1163 ζωτικὴν
3287 1091 3434 1162 ἔχειν
3465 1091 3710 1159 δύναμιν,

474 1168 554 1217 τίς
595 1170 720 1221 huic
752 1172 972 1224 animali
1013 1174 1153 1228 facta
1208 1185 1290 1229 est
1325 1177 1379 1229 in
1413 1179 1649 1232 animam
1700 1181 1900 1248 vivam,
1951 1184 2028 1236 boa

2161 1186 2278 1255 ἥτις
2308 1186 2526 1252 ἐγένετο
2559 1187 2621 1238 τδ
2655 1185 2795 1249 ζῶον
2825 1189 2905 1247 είς
2927 1183 3112 1254 ψυχὴν
3135 1183 3341 1248 ζῶσαν,
3378 1183 3546 1253 ἡγουν
3577 1183 3715 1248 ἐνερ-

470 1267 553 1309 est
579 1258 873 1314 ellicaciter
902 1275 1154 1332 agentem
1193 1283 1255 1320 ac
1305 1283 1404 1335 per
1444 1272 1808 1325 membrorum
1847 1283 2024 1327 IlIOlllIl

2191 1276 2361 1330 οῦσαν
2394 1279 2489 1331 καὶ
2521 1276 2623 1347 τὴν
2651 1277 2821 1347 αὐτὴν
2845 1276 3044 1346 τέχνην
3075 1269 3440 1328 δεικνύουσαν
3491 1272 3577 1324 διὰ
3623 1271 3745 1338 τῆς-·

475 1362 645 1403 artem
676 1369 830 1407 suam
860 1355 1357 1414 demoustrantcm.
1385 1364 1561 1430 Atque
1589 1363 1705 1418 haec
1738 1365 1900 1418 verba
1928 1382 2024 1434 pro

2161 1365 2266 1419 τῶν
2308 1367 2488 1436 μελῶν
2526 1369 2817 1437 κινήσεως.
2872 1366 3104 1429 Οὐκοῦν,
3148 1365 3424 1434 ἀγαπητέ,
3460 1380 3715 1432 συγκατα-

475 1442 728 1495 feruntur
755 1461 782 1496 a
821 1443 930 1500 Deo
963 1458 1216 1503 nostrum
1249 1451 1317 1506 ad
1349 1462 1570 1522 captum
1619 1469 1676 1506 se
1707 1456 2029 1513 demittente

2164 1458 2374 1522 δάσεως
2401 1458 2576 1514 ταῦτα
2610 1461 2678 1513 τὰ
2710 1460 2954 1536 ῥήματα,
2983 1460 3175 1529 ὥσπερ
3200 1455 3298 1513 οῦν
3325 1457 3421 1512 καὶ
3449 1459 3509 1510 τὸ
3527 1475 3547 1508 ι
3579 1457 3718 1524 ποιή-

471 1531 615 1585 sicut
654 1542 706 1586 et
757 1535 842 1588 illa
882 1555 895 1589 :
939 1556 957 1588 ι
991 1536 1279 1594 Faciamus
1318 1543 1617 1598 hominem.
1660 1562 1678 1595 ι
1745 1545 1863 1601 Non
1907 1547 2025 1602 enin

2163 1564 2345 1616 σωμεν
2380 1549 2692 1620 ἄνθρωπον.
2740 1569 2758 1603 ι
2796 1531 2889 1620 Μή
2921 1551 3030 1621 γὰρ
3063 1549 3354 1621 βουληθεὶς
3401 1551 3430 1604 ὁ
3459 1548 3590 1611 Θεὸς
3619 1547 3717 1601 δεῖ·

473 1622 581 1674 ulla
664 1625 746 1676 vel
815 1625 1215 1684 deliberatione
1267 1633 1352 1686 vel
1405 1635 1843 1691 consideratione
1910 1637 2023 1693 Deu

2165 1657 2247 1693 tat.
2283 1641 2379 1694 καὶ
2420 1643 2689 1710 σκέψεως,
2719 1641 2857 1696 ἀλλὰ
2900 1643 2980 1712 τῷ
3019 1644 3374 1713 προσχήματι
3421 1641 3515 1694 τοῦ
3557 1641 3719 1709 ῥήμα-

475 1715 680 1781 indiget
723 1721 865 1773 :sed
915 1723 1014 1775 hac
1058 1721 1274 1778 illorum
1326 1727 1617 1782 verborum
1663 1729 1836 1784 forma
1897 1732 2029 1800 nobi:

2159 1747 2250 1794 τος
2288 1731 2632 1796 ἐνδείξασθαι
2680 1732 2930 1802 βούλεται
2965 1734 3099 1801 ἡμῖν
3148 1732 3249 1802 τὴν
3287 1731 3713 1802 ὑπερϐάλλουσαν

476 1807 722 1863 indicare
772 1813 891 1866 vult
931 1813 1261 1870 immensum
1314 1819 1600 1888 honorem,
1638 1838 1750 1892 quo
1799 1824 2020 1894 dignatu

476 1896 626 1926 “In...
658 1915 814 1926 nun...
849 1902 1112 1926 r-__.-|_-.
1171 1908 1266 1926 t._,
1535 1921 1544 1926 .
1602 1913 1617 1926 ι
1739 1917 1751 1926 .

2158 1822 2343 1892 τιμὴν,
2372 1820 2439 1893 ἧς
2475 1823 2720 1890 ἀξιοῦται
2746 1823 2876 1894 παρ’
2909 1823 3076 1877 αὐτοῦ
3109 1826 3137 1877 6
3161 1821 3712 1926 πλαστουργούμενος.

473 1896 626 1951 illum
655 1915 815 1968 quem
847 1902 1136 1962 formabat.
1170 1908 1356 1976 Itaque
1401 1921 1552 1968 creat
1602 1913 1902 1980 hominem,
1954 1932 2027 1972 re-

2159 1915 2313 1967 Ποιεῖ
2347 1913 2525 1967 τοίνυν
2548 1915 2640 1968 τὸν
2669 1914 2958 1985 ἄνθρωπον
2993 1913 3134 1968 κατὰ
3165 1915 3267 1983 τὴν
3295 1914 3497 1984 νεκρὰν
3528 1913 3713 1972 εἰκόνα,

475 1999 669 2056 spertu
715 1992 966 2064 imaginis
1000 2009 1248 2064 mortuae,
1307 2003 1768 2070 quemadmodum
1808 2007 2029 2079 Chryso‘

2200 2025 2226 2070 ;
2274 2009 2302 2060 6
2358 2009 2760 2080 χρυσορῤήμων
2815 2007 3006 2078 φησίν.
3043 2009 3266 2062 Ἕκειτο
3303 2009 3411 2078 γὰρ
3461 2007 3520 2061 τὸ
3573 2007 3751 2075 σῶμα,

472 2087 682 2136 stotnus
709 2083 984 2152 loquitur;
1027 2093 1227 2158 corpus
1254 2094 1401 2147 enim
1442 2095 1662 2163 jacebat
1703 2100 1858 2167 quasi
1893 2115 2026 2155 mort

2157 2097 2452 2164 τηνιιὶαῦτα
2485 2099 2721 2170 νεκρὸν,
2781 2099 2878 2153 τοῦ
2934 2097 3218 2161 κινοῦντος
3275 2097 3410 2152 αὐτὸ
3457 2098 3711 2168 δεόμενον.

472 2179 648 2235 tuum,
699 2190 864 2245 egens
924 2191 1163 2238 motore.
1223 2183 1432 2242 Deinde
1489 2189 1564 2242 ait
1608 2193 1642 2244 ':
1703 2209 1721 2242 ι
1780 2192 2026 2263 Spiritun

2158 2191 2388 2244 Ἐπειτά
2427 2207 2582 2261 φησι,
2623 2209 2642 2242 ι
2675 2191 2786 2244 Καὶ
2830 2190 3166 2260 ἐνεφύσησεν
3216 2191 3300 2254 είς
3349 2189 3408 2241 τὸ
3439 2189 3712 2258 πρόσωπον

473 2266 690 2320 vitalem
736 2266 788 2320 in
826 2267 1017 2326 faciem
1051 2274 1169 2345 ejus
1204 2276 1512 2346 inspiravit.
1557 2299 1578 2333 ι
1631 2281 1757 2338 Haec
1789 2299 1819 2338 a
1864 2285 2027 2341 divim

2157 2280 2320 2334 αὑτοῦ
2371 2282 2543 2350 πνοὴν
2579 2281 2743 2345 ζωῆς.
2787 2300 2805 2334 ι
2848 2281 3034 2336 Ταῦτα
3092 2282 3191 2351 μὲν
3238 2281 3331 2334 οῦν
3388 2283 3417 2333 6
3455 2279 3711 2338 θειότατος

471 2355 593 2408 viro
627 2372 885 2428 perquam
923 2373 1070 2420 recte
1101 2367 1408 2436 ordineque
1454 2372 1734 2438 dicuntur,
1777 2375 2025 2434 relutanb

2164 2373 2417 2443 Ἰωάννης
2445 2374 2601 2443 ἐλεγε
2625 2376 2722 2428 καὶ
2769 2375 2892 2428 λίαν
2922 2375 3260 2444 εὖμεθόδως,
3289 2373 3565 2444 ἐντρέπων
3599 2370 3713 2430 τοὺς

470 2451 733 2517 quaedam
766 2456 858 2523 qui
893 2472 1016 2513 eum
1062 2459 1382 2532 Origenieas
1409 2466 1698 2535 opiniones
1745 2473 1944 2528 sectari
1975 2474 2024 2529 di

2157 2464 2416 2533 λέγοντας
2437 2467 2601 2519 αὐτὸν
2635 2467 2716 2520 ὅτι
2746 2466 2814 2520 τὰ
2857 2467 3170 2537 Ὠριγένους
3198 2468 3408 2536 φρονεῖ.
3463 2464 3591 2517 Ἀπὸ
3617 2460 3711 2530 γὰρ

469 2554 679 2596 cerent.
714 2543 846 2600 Nam
879 2551 1061 2606 verbis
1108 2553 1368 2610 indicatis
1396 2541 1550 2627 quasi
1585 2560 1840 2619 radicitus
1885 2581 2023 2635 pecu

2156 2556 2261 2609 τῶν
2303 2556 2706 2627 διαληφθέντων
2760 2560 3022 2628 ῥημάτιον
3071 2557 3332 2629 ἀνασπᾷν
3384 2557 3522 2609 ἔοικε
3558 2553 3710 2624 πρόρ-

470 2631 658 2689 Iiarem
695 2638 840 2693 illam
867 2644 1175 2700 animarum
1207 2649 1588 2706 exsistentiam
1621 2663 1870 2712 evertere
1897 2657 2022 2715 vide

2156 2645 2307 2716 ῥεξον
2331 2645 2429 2716 τὴν
2453 2647 2798 2718 προϋπαρξιν
2828 2648 2938 2702 τῶν
2970 2647 3183 2719 ψυχῶν,
3221 2649 3290 2720 ἣν
3321 2649 3350 2702 6
3385 2645 3709 2719 ματαιόφρων

471 2735 580 2789 tur,
621 2744 782 2797 quam
817 2733 1025 2791 delirus
1055 2737 1324 2810 Origenes
1357 2745 1627 2800 tradebat.

1173 2755 1324 2809 genes
1357 2745 1627 2800 tradebat.
2173 2738 2458 2808 Ὤριγένης
2487 2739 2727 2804 ἐδόξαζε·

539 2819 805 2876 Caeterum
835 2824 888 2879 in
920 2827 1067 2883 hisce
1104 2831 1291 2886 verbis
1323 2851 1338 2886 :
1382 2853 1401 2886 ι
1439 2835 1702 2906 Spiritum
1735 2841 1957 2897 vitalem
1995 2843 2052 2898 in

2183 2819 2186 2822 ’
2225 2829 2335 2882 Καὶ
2384 2831 2722 2899 ἐνεφύσησεν
2753 2832 2834 2894 εἰς
2875 2831 2937 2885 τὺ
2990 2832 3289 2903 πρόσωπον
3345 2829 3510 2886 αὐτοῦ
3557 2827 3708 2896 πνοὴν

472 2909 666 2965 faciem
701 2915 823 2983 ejus
863 2919 1170 2988 inspiravit,
1208 2941 1225 2974 ι
1260 2925 1479 2994 quidam
1519 2930 1701 2986 audita
1736 2933 2022 3004 inspiratio

2159 2919 2324 2994 ζωῆς.
2370 2921 2512 2974 Ἀλλ’
2545 2923 2781 2976 ἐνταῦθα
2828 2925 2890 2976 τὸ
2944 2923 3254 2994 ἐνεφύσησέ
3303 2939 3445 2985 τινες
3469 2919 3713 2975 ἀκούσαν-

467 3005 551 3057 nis
577 3021 731 3069 voce,
767 3025 868 3064 nec
900 3014 1286 3071 vocabulorum
1313 3034 1556 3088 expensa
1581 3026 1850 3092 crassitie,
1877 3031 2020 3096 quod

2158 3029 2272 3076 τες.
2306 3014 2402 3066 καὶ¹
2442 3013 2517 3084 μὴ
2558 3014 2916 3085 λογισάμενοι
2945 3016 3048 3084 τὴν
3075 3015 3186 3068 τῶν
3220 3015 3422 3081 λέξεων
3450 3010 3712 3080 παχύτητα

466 3115 572 3167 que
599 3101 721 3157 aliis
753 3103 854 3157 alia
868 3104 1088 3162 Littera:
1115 3124 1284 3165 sacra:
1310 3113 1614 3183 signiﬁcare
1643 3122 2020 3176 consueverint

2156 3106 2251 3158 καὶ
2283 3106 2363 3158 ὅτι
2397 3107 2466 3160 δι’
2491 3107 2694 3177 ἐτέρων
2735 3108 2900 3179 ἔτερα
2933 3109 3271 3178 παρίστησιν
3302 3110 3336 3177 ἡ
3375 3105 3580 3179 Γραφὴ,
3611 3101 3710 3154 ἐνό-

465 3187 704 3247 animam
743 3207 866 3246 esse
894 3193 1095 3250 divinae
1129 3201 1445 3269 participem
1472 3208 1726 3263 essentia:
1763 3219 2019 3278 putarunt

2158 3212 2325 3262 μισαν
2385 3196 2487 3266 τὴν
2537 3198 2719 3269 ψυχὴν
2779 3199 2968 3263 οὐσίας
3027 3199 3284 3270 μετέχειν
3313 3201 3411 3270 τῆς
3460 3196 3620 3265 αὐτῆς
3645 3191 3711 3260 τῷ

468 3276 575 3332 Sed
609 3280 901 3348 plurimum
949 3301 978 3340 a
1008 3302 1175 3358 scopo
1204 3293 1480 3351 aberrant.
1519 3295 1651 3353 Nam
1688 3300 1739 3355 id
1763 3276 1816 3356 si
1853 3302 2015 3374 largia

2155 3287 2294 3358 Θεῷ.
2348 3287 2488 3343 Ἀλλ’
2537 3292 2853 3360 ἐσφάλησαν
2906 3291 3000 3345 τοῦ
3054 3291 3285 3349 σκοποῦ.
3319 3293 3382 3346 El
3425 3290 3528 3359 γὰρ
3571 3283 3709 3339 τοῦτο

468 3385 616 3435 mur,
655 3373 798 3429 Deus
847 3376 1006 3444 ignea
1041 3383 1395 3452 semetipsum
1437 3389 1682 3458 gehenna
1716 3393 1909 3462 punire
1940 3373 2022 3449 de

2152 3378 2438 3450 δώσωμεν,
2478 3382 2729 3451 εὑρεθείη
2758 3382 2826 3436 ἂν
2874 3384 2901 3436 6
2951 3381 3086 3446 Θεὸς
3142 3383 3312 3448 αὐτὸς
3357 3381 3541 3437 ἑαυτὸν
3573 3376 3706 3443 ἐντῇ

464 3463 862 3534 prebendetur,
921 3485 1044 3524 cum
1081 3472 1149 3528 de
1183 3479 1454 3534 sententia
1490 3495 1764 3539 sacrarum
1809 3485 2010 3543 Littera

2163 3473 2354 3547 γεέννῃ
2396 3473 2644 3539 κολάζων
2683 3473 2780 3528 τοῦ
2837 3473 3032 3546 πυρὸς,
3097 3475 3150 3528 εἴ
3201 3491 3271 3543 γε
3329 3473 3468 3529 κατὰ
3499 3470 3555 3524 τὸ
3585 3466 3717 3535 ἱερὸν

467 3567 586 3606 rum
623 3555 861 3612 animam
888 3576 992 3615 una
1023 3577 1147 3618 cum
1184 3580 1415 3637 corpore
1448 3577 1732 3642 perpetuis
1762 3577 1885 3634 istic
1913 3595 2021 3651 sup

2160 3565 2401 3636 Γράμμα
2433 3566 2530 3620 σὺν
2573 3566 2654 3637 τῷ
2707 3565 2923 3636 σώματι
2950 3566 3052 3636 τὴν
3081 3567 3268 3637 ψυχὴν
3303 3569 3479 3620 ἐκεῖσε
3509 3557 3714 3651 παραδί-

465 3644 648 3714 pliciis
682 3645 1015 3708 multandam
1047 3655 1244 3713 tradat.
1289 3659 1380 3715 Sic
1420 3663 1567 3718 enim
1602 3667 1678 3721 ait
1717 3685 1728 3721 :
1767 3689 1784 3720 ι
1818 3671 1893 3726 Ne
1931 3644 2012 3727 for

2157 3659 2312 3710 δωσιν
2371 3656 2606 3721 αίωνίως
2658 3656 3015 3722 κολάζεσθαι’
3054 3673 3076 3710 ι
3108 3659 3200 3729 Μὴ
3256 3657 3525 3728 φοόηθῆτε
3554 3669 3571 3703 ι
3595 3650 3711 3716 γὰρ.

466 3737 806 3796 midaveritis
875 3759 972 3800 eos
1040 3748 1136 3817 qui
1209 3764 1410 3821 corpus
1470 3756 1845 3828 interﬁciunt,
1918 3779 2020 3818 cun

2159 3748 2337 3816 φησὶν,
2369 3765 2387 3797 ι
2435 3746 2544 3800 ἀπὸ
2598 3746 2707 3800 τῶν
2766 3747 3213 3802 ἀποκτεινόντων
3254 3749 3313 3802 τὸ
3346 3747 3520 3816 σῶμα,
3547 3737 3713 3828 τὴνδέ

465 3830 700 3886 animam
761 3833 873 3905 69
922 3847 1158 3893 vestram
1222 3840 1536 3903 interﬁcere
1585 3863 1908 3920 nequeant:
1945 3871 2019 3910 set

2159 3837 2329 3908 Ψυχὴν
2362 3836 2518 3906 ὑμῶν
2558 3837 2632 3906 μὴ
2664 3836 2985 3906 δυναμένων
3015 3837 3369 3901 ἀποκτεῖναι,
3400 3831 3534 3888 ἀλλὰ
3560 3823 3713 3920 (906i)-

374 3919 378 3923 ’
464 3937 588 3976 eum
618 3925 802 3993 potius
830 3927 1143 3998 formidate,
1191 3933 1285 4004 qui
1319 3946 1374 3990 et
1407 3940 1642 3996 animam
1674 3918 1730 3998 et
1759 3956 1926 4015 corpu

2163 3932 2279 4000 inte
2311 3933 2402 3984 τὸν
2452 3930 2755 4001 δυνάμενον
2799 3931 2896 3982 καὶ
2950 3931 3112 4002 σῶμα
3148 3931 3245 3982 καὶ
3282 3929 3456 4000 ψυχὴν
3490 3927 3544 3977 ἐν

463 4016 713 4082 gebenna
783 4019 1012 4087 perdere
1073 4034 1256 4094 potest
1283 4028 1352 4081 ⁸³.
1397 4047 1417 4084 ι
1466 4031 1654 4103 Itaque
1703 4011 2017 4107 spiraculun

2160 4041 2214 4094 νῃ
2247 4021 2534 4077 ἀπολέσαι.
2580 4041 2598 4074 ι
2629 4023 2704 4076 Τὸ
2745 4022 2846 4092 μέν
2878 4019 2973 4076 οὖν
3009 4021 3322 4093 ἐμφύσημα
3361 4021 3434 4090 μὴ
3462 4011 3714 4107 μεταϐλη-

464 4111 598 4166 illud
629 4113 681 4167 in
707 4114 944 4171 animam
980 4135 1089 4175 non
1116 4134 1511 4182 commutatum
1545 4129 1752 4184 creavit
1779 4131 2015 4184 animam

2160 4115 2240 4169 θὲν
2296 4117 2375 4178 είς
2423 4113 2608 4184 ψυχὴν
2655 4113 3065 4185 ἐδημιούργησε
3122 4113 3348 4212 ψυχὴν,
3398 4096 3714 4212 ωσπερ]ῗῖ

462 4201 609 4259 sicut
637 4215 691 4260 et
735 4223 930 4263 manus
961 4210 1167 4268 litteras
1224 4217 1458 4284 scribit,
1497 4235 1620 4275 cum
1677 4221 2010 4277 nihilominu

2160 4207 2247 4260 καὶ
2274 4207 2307 4276 ἡ
2343 4207 2464 4275 χεὶρ
2495 4205 2696 4274 γράφει
2725 4207 2824 4275 μὲν
2852 4204 3116 4276 γράμμα,
3149 4204 3212 4256 οὐ
3255 4197 3641 4274 μεταεάλλεται
3667 4186 3714 4284 δέ

465 4311 662 4353 manus
690 4310 906 4356 maneat
935 4318 1148 4374 manus,
1174 4316 1229 4362 ct
1251 4307 1446 4364 litterae
1473 4311 1583 4364 sint
1608 4311 1828 4369 litterze.

2160 4300 2299 4369 ὅμως
2327 4300 2408 4361 είς
2446 4298 2780 4369 γράμματα,
2807 4299 2922 4353 ἀλλ’
2955 4300 2988 4370 ἠ
3025 4298 3125 4369 μὲν
3155 4297 3283 4368 χεὶρ
3317 4295 3464 4367 μένει
3495 4287 3630 4362 χεὶρ,
3657 4279 3714 4330 τὰ

2150 4390 2208 4444 δέ
2251 4391 2557 4460 γράμματα
2585 4392 2912 4462 γράμματα.
3199 4399 3203 4402 ’

535 4479 613 4534 Ac
645 4481 952 4550 prudenter
998 4485 1085 4542 hic
1121 4485 1294 4555 mihi,
1338 4505 1457 4559 quae
1494 4489 1771 4558 dicantur,
1808 4493 2041 4563 reSpice.
2081 4557 2089 4563 _

2223 4481 2366 4552 σορα
2420 4481 2608 4536 λοιπὸν
2663 4480 2956 4552 νουνεχῶς.
2992 4481 3068 4533 Τὸ
3123 4479 3234 4550 γὰρ
3286 4475 3615 4544 ἐνεφύσησεν
3643 4469 3714 4518 ἐν·

468 4572 707 4628 Positum
741 4583 825 4630 est
851 4577 999 4631 enim
1031 4577 1138 4634 hoc
1175 4580 1227 4633 in
1262 4557 1383 4636 loco
1425 4581 1652 4636 verbum
1696 4582 2000 4653 inSpirandi

2162 4574 2323 4628 ταῦθα
2347 4571 2523 4640 εἶπεν,
2558 4575 2643 4627 ἵνα
2663 4575 2760 4628 σὺν
2788 4573 2867 4644 τῷ
2901 4574 3077 4644 Πατρὶ
3095 4573 3190 4627 καὶ
3221 4574 3302 4646 τῷ
3332 4569 3444 4638 Υίῷ
3473 4568 3716 4653 δημιουρξ

462 4674 526 4720 ιιι
551 4681 672 4720 cum
700 4666 859 4722 Patre
879 4683 943 4722 ac
973 4668 1114 4724 Filio
1151 4670 1391 4740 Spiritus
1424 4672 1588 4726 etiam
1614 4648 1838 4728 sanctus
1867 4675 2016 4729 bomi

2161 4665 2259 4734 Υδνε
2288 4666 2550 4738 ἀποδείξῃ
2608 4667 2702 4719 τοῦ
2772 4665 3071 4736 ἀνθρώπου
3128 4665 3228 4718 καὶ
3285 4665 3346 4717 τὺ
3396 4658 3611 4726 Πνεῦμα
3662 4648 3715 4699 τὸ

465 4759 552 4814 nis
582 4759 761 4829 cpil‘ex
793 4775 915 4817 esse
967 4762 1460 4818 demonstraretur.
1501 4763 1591 4818 Sic
1626 4765 1768 4818 enim
1811 4769 2019 4837 perscri

2157 4758 2320 4826 5~YIW-
2367 4759 2505 4829 Φησὶ
2541 4759 2674 4829 γὰρ,
2732 4776 2751 4810 ι
2787 4758 2899 4812 Καὶ
2955 4753 3111 4811 εἶπεν
3165 4757 3194 4809 6
3228 4757 3363 4818 Θεὸς
3405 4751 3711 4851 credimus-tl

468 4859 619 4921 ptum
648 4861 732 4906 est
772 4869 786 4906 :
826 4873 843 4906 ι
885 4855 1030 4909 Dixit
1059 4855 1222 4922 Deus,
1258 4855 1526 4912 faciamus
1556 4857 1870 4926 hominem;
1901 4876 2020 4915 sum

2165 4847 2455 4917 ἱνθρωπον.
2503 4869 2521 4901 ι
2560 4849 2668 4902 Καὶ
2734 4847 2918 4902 λαδὼν
2967 4847 3157 4919 δξθεὺς
3188 4847 3318 4919 χοῦν
3348 4844 3456 4900 ἀπὸ
3484 4844 3580 4906 τῆς
3619 4845 3719 4926 γης·

465 4955 668 5017 ptoque
699 4948 767 5003 de
802 4959 948 5004 terra
982 4953 1207 5021 pulvere
1236 4951 1378 5006 Deus
1409 4952 1683 5006 hominem
1711 4953 1981 5009 formavit.

2155 4939 2350 4992 ἔπλασε
2389 4940 2480 4993 τὸν
2537 4940 2850 5011 ἄνθρωπον.
2900 4940 2997 5002 Τίς
3045 4941 3074 4992 6
3123 4939 3340 5006 είπώνς
3396 4935 3459 5028 Ὀ
3507 4925 3709 5028 [lat-ll?-

467 5038 602 5106 Quis
644 5050 724 5096 est
757 5041 848 5096 ille
879 5042 973 5111 qui
1007 5043 1190 5098 dixit?
1221 5041 1402 5116 Pater.
1461 5043 1531 5098 Et
1589 5044 1712 5114 quis
1764 5045 2021 5114 pulvcrcn

2160 5036 2260 5087 Καὶ
2289 5034 2369 5098 τις
2399 5036 2426 5088 ὁ
2451 5033 2667 5100 λαϐών;
2718 5034 2777 5087 'o
2809 5034 2960 5097 Υίός.
2999 5033 3120 5088 Ἴνα
3145 5033 3280 5101 γοῦν
3311 5032 3388 5102 μὴ
3409 5027 3468 5080 τὸ
3507 5023 3714 5116 Πνεῦμα

468 5133 749 5200 sumpsit?
787 5110 980 5186 Filius.
1015 5132 1204 5199 Itaque
1234 5147 1304 5185 ne
1328 5110 1566 5201 Spiritus
1600 5110 1821 5187 sanctus
1858 5134 1927 5188 ab
1955 5133 2022 5188 ho

2157 5127 2211 5180 τὸ
2240 5127 2392 5196 ἆγιον
2432 5128 2714 5196 ἀλλότριον
2746 5127 3006 5198 φαίνηται
3035 5128 3136 5198 τῆς
3164 5125 3261 5180 τοῦ
3285 5145 3288 5148 λ
3310 5118 3593 5190 ἀνθρώπου
3625 5110 3711 5173 δηο

469 5220 633 5276 minis
665 5221 945 5276 creatione
979 5229 1359 5275 removeretur
1381 5229 1435 5275 et
1461 5221 1862 5289 excluderetur,
1883 5224 2023 5278 verbi

2156 5219 2468 5292 μιουργίας.
2501 5221 2600 5288 τὴν
2659 5221 2965 5289 ἐνεφύσησε
3005 5219 3154 5284 λέξιν
3201 5219 3294 5272 καὶ
3336 5215 3474 5268 πάνυ
3521 5206 3710 5268 θαυμα-

472 5314 777 5383 inspirandi
806 5313 1068 5383 praeclare
1104 5327 1236 5367 usus
1263 5322 1347 5368 est
1372 5357 1385 5381 ,
1417 5331 1516 5386 per
1557 5315 1688 5381 illud
1738 5315 1936 5386 ipsum,
1972 5326 2026 5370 ut

2156 5312 2287 5375 σίως
2316 5312 2650 5382 παρείληφε,
2679 5311 2748 5364 δι’
2775 5312 2948 5382 αὐτῆς
2973 5311 3363 5379 ύπεμφαίνων,
3391 5305 3465 5364 ὡς
3489 5299 3705 5394 ετρητξιιο

474 5404 748 5467 diximus,
809 5403 1074 5470 Spiritum
1127 5413 1376 5459 sanctum
1413 5415 1852 5461 commonstrans
1885 5415 2028 5477 atqui

2156 5405 2218 5457 τ’)
2253 5403 2476 5463 Πνεῦμα
2531 5404 2593 5456 τὸ
2633 5403 2824 5468 ἅγιον.
2881 5404 2979 5456 καὶ
3027 5404 3110 5458 δτι
3162 5403 3261 5472 τῆς
3311 5395 3403 5452 τοῦ
3458 5395 3704 5494 W310.”

474 5497 770 5556 denotans,
806 5495 1057 5565 quodque
1086 5496 1274 5566 gratiae
1301 5498 1534 5568 Spiritus
1566 5501 1741 5556 sancti
1775 5499 2028 5569 particep:

2162 5495 2474 5566 Πνεύματος
2506 5496 2749 5566 χάριτος,
2783 5494 2857 5557 ὡς
2891 5497 2919 5548 6
2959 5493 3240 5557 θειότατος
3267 5487 3399 5560 φησὶ
3437 5472 3716 5569 Κύριὶζλοςοι.

475 5588 640 5643 homo
671 5595 785 5641 tum
813 5557 1170 5656 conderetur,
1201 5557 1659 5661 quemadmodum
1706 5593 1942 5664 Cyrillus
1968 5592 2029 5646 lo

2161 5557 2390 5660 μέτοχος
2445 5557 2816 5657 ὁ·ξιελθρωπος
2869 5587 3175 5695 τηνικαῦτα
3197 5557 3703 5701 Δπαρὴ’(ἱ·ξὲδ,δ¹ῗῗέθάῗ

473 5680 682 5748 quitur,
717 5682 934 5735 tametsi
976 5660 1234 5753 deinceps
1264 5687 1503 5743 mandati
1541 5685 1713 5744 divini
1739 5696 2027 5756 transgrcs'

2162 5681 2474 5753 παράὸασις
2507 5679 2735 5754 ὕστερον
2771 5681 2868 5748 τὴν
2907 5679 3164 5750 τοιαύτην
3197 5673 3488 5749 ἠμαύρωσε
3517 5660 3704 5725 δωρεάν

541 5841 588 5873 ιι
631 5809 824 5894 Μαιηιῖ
861 5857 914 5910 ι,
950 5841 1045 5897 28.
