3936 6420
198 439 286 495 li‘.)
1440 434 1755 494 ANNALH

1885 436 2074 496 PARS
2121 437 2164 499 Ι.
3341 432 3444 494 150

194 550 278 600 καὶ
317 548 594 618 συνέχεεν.
645 547 832 624 Ταύτῃ
866 567 948 603 τοι
995 550 1089 603 καὶ
1121 548 1359 609 ἀναστὰς
1399 549 1428 601 6
1463 548 1666 617 Κύριος
1699 549 1755 598 ὲκ

1869 548 1951 602 sio
2001 550 2199 604 donum
2268 550 2370 604 hoc
2405 550 2720 606 obscuravit
2767 561 2930 621 atque
2977 548 3244 605 confudit.
3295 547 3444 602 lianc

192 640 399 706 νεκρῶν
427 641 733 711 ἐνεφύσησε
762 644 874 703 τοῖς
906 641 1176 710 μαθηταῖς
1206 639 1292 691 καὶ
1326 633 1446 691 εἶπε
1468 652 1482 667 ·
1521 638 1755 690 «Λάϐετε

1863 644 1934 698 ob
1964 659 2181 699 causam
2217 645 2480 698 Dominus
2525 661 2650 699 cum
2719 660 2785 698 ex
2836 644 3066 698 mortuis
3115 641 3446 696 resurrexis-

193 732 412 800 Πεῖεῦμα
442 732 621 802 ἅγιον.
660 753 679 785 ι
708 733 840 786 Ούδὲ
870 727 990 802 γὰρ’
1010 733 1272 801 ἠνέσχετο
1303 730 1400 782 καὶ
1427 728 1585 792 αὖθις
1612 729 1755 799 ἡμᾶς

1863 746 1965 803 set,
2015 751 2234 790 rursum
2267 737 2559 806 discipulos
2585 736 2814 803 afflavit,
2853 746 2906 791 et
2941 735 3073 790 dixit
3104 754 3116 789 :
3154 753 3171 786 ι
3205 733 3447 802 Accipite

191 827 466 892 ἀποδεῖξαι
507 829 598 880 τοῦ
635 828 905 895 παναγίου
938 829 1268 896 μετέχοντας
1305 823 1654 895 Πνεύματος.
1689 825 1757 877 Ὃ

189 920 252 998 δὴ
297 921 391 972 καὶ
442 922 682 991 τήμερον
716 921 938 990 ἐμφυσᾷ
960 918 1036 989 τῷ
1070 918 1458 988 βαπτιζομένῳ
1497 918 1525 970 6
1553 917 1755 986 ἱερεὺς.

191 1012 470 1080 ζωογονῶν
509 1012 697 1080 ὥσπερ
760 1013 862 1084 τὴν
901 1011 1066 1066 αὐτοῦ
1121 1010 1301 1081 ψυχὴν
1340 1009 1758 1080 νενεκρωμένην

189 1105 282 1174 ἤδη
316 1105 395 1176 τῷ
422 1106 517 1159 τοῦ
552 1106 720 1176 Ἀδὰμ
753 1105 1187 1176 παραπτώματι.

253 1283 398 1338 Ἀλλ’
438 1285 530 1339 ἐπὶ
558 1285 656 1355 τὴν
688 1286 1012 1341 ἀκολουθίαν
1067 1285 1164 1341 τοῦ
1218 1287 1380 1356 λόγου
1447 1288 1544 1341 καὶ
1595 1286 1759 1350 αὖθις

192 1377 492 1432 ἐπανιτέον.
540 1378 905 1450 Ἔνεφύσησεν
967 1381 1048 1444 εἰς
1109 1381 1173 1436 τὸ
1235 1381 1530 1452 πρόσωπον
1589 1379 1756 1433 αὐτοῦ

193 1471 361 1539 πνοὴν
403 1469 571 1538 ζωῆς.
607 1469 674 1524 Ἦ
704 1468 801 1540 μὲν
834 1469 932 1525 οὖν
971 1471 1220 1542 ἡμετέρα
1254 1470 1349 1524 καὶ
1391 1469 1758 1541 ἀληθεστέρα

192 1561 312 1626 δόξα
371 1562 619 1633 περὶτῆς
655 1563 758 1626 “εἰς
821 1564 886 1617 τὸ
942 1565 1106 1633 σῶμα
1152 1563 1253 1632 τῆς
1279 1562 1464 1632 ψυχῆς
1508 1561 1759 1625 ἑνὼσεως

191 1654 330 1722 ἁπλῆ
364 1653 450 1716 τίς
499 1655 614 1708 ἐστι
658 1655 754 1708 κοιλ⁹
793 1655 992 1726 σαφής.
1044 1653 1122 1708 T6
1171 1654 1271 1724 μὶν
1319 1653 1430 1724 γὰρ
1469 1653 1634 1722 σῶμα
1689 1655 1754 1706 ὲκ

189 1745 342 1814 χοὸς,
375 1747 409 1816 ἡ
439 1745 497 1798 δὲ
521 1745 669 1816 ψυχὴ
698 1745 922 1816 ἀμέσως
953 1747 1018 1799 ὲκ
1070 1745 1212 1800 Θεοῦ
1245 1748 1585 1817 παράγεται.
1638 1746 1758 1800 Κάν

189 1836 378 1890 τεῦθεν
405 1837 499 1889 καὶ
532 1836 780 1909 ἀλλήλων
805 1838 1240 1909 συναπτομένων
1283 1837 1426 1902 ζῶον
1470 1837 1531 1890 ἓν
1567 1837 1758 1890 σύνθε⁴

189 1946 276 1983 τον
307 1929 540 1996 γίνεται,
573 1931 668 1983 καὶ
702 1929 860 1984 τοῦτό
889 1931 1042 1984 ἐστιν
1072 1931 1105 2001 ἡ
1137 1931 1259 1984 καθ⁹
1290 1931 1594 1984 ὑπόστασιν
1623 1928 1759 1982 ἓνω-

191 2037 290 2085 σις,
340 2022 374 2090 ἡ
420 2020 825 2092 ἀμφὸπαρκτος
882 2021 992 2076 τῶν
1038 2023 1372 2092 ἑτερουσιῶν
1421 2023 1545 2076 κατ’
1590 2023 1758 2074 αὐτὸν

191 2109 482 2180 συνδρομή.
514 2112 580 2164 '0
604 2110 669 2181 δὴ
695 2113 790 2166 καὶ
820 2111 1120 2182 θαυμάζων
1151 2115 1180 2168 6
1211 2113 1312 2185 τὴν
1344 2115 1597 2183 γλῶτταν
1628 2131 1758 2184 χρυ-

192 2201 308 2264 σοῦς
343 2201 518 2271 ἔλεγε,
555 2221 573 2254 ι
604 2202 730 2266 Πῶς
781 2203 839 2257 ὲν
883 2205 1068 2275 μήτρᾳ
1096 2206 1124 2258 6
1174 2197 1462 2275 ἄνθρωπος
1492 2204 1758 2258 διαπλάτ-

192 2311 372 2359 serat;
427 2294 520 2347 καὶ
563 2295 680 2358 πῶς
709 2295 905 2365 ἀθρόον
936 2298 970 2367 ἡ
1021 2295 1328 2358 θεοείκελος
1361 2296 1512 2368 ψυχὴ
1546 2297 1624 2366 τῷ
1654 2297 1761 2349 σώ-

195 2404 315 2456 ματι
345 2389 904 2457 συμπαρυφῖσταταις
955 2406 973 2440 ι
1029 2391 1093 2443 οι
1137 2389 1193 2443 δέ
1234 2405 1299 2458 γε
1329 2389 1495 2459 σοφίᾳ
1522 2392 1588 2459 τῇ
1622 2391 1758 2455 ἐξω-

193 2476 277 2529 θεν
303 2475 740 2546 ἔιγκαυχώμενοι,
770 2478 959 2546 ἐπειδὴ
986 2478 1080 2531 τὸν
1123 2478 1221 2532 τοῦ
1269 2477 1563 2547 ἀνθρώπου
1617 2478 1758 2532 πλά-

195 2583 318 2636 στην
366 2567 642 2637 ἠγνόησαν
670 2607 686 2632 ,
743 2568 835 2622 καὶ
879 2567 1011 2637 περὶ
1067 2567 1166 2640 τὴν
1229 2567 1428 2620 πλάσιν
1473 2569 1650 2639 αὐτὴν
1697 2568 1758 2634 ἐξ

198 2657 430 2726 ἀνάγκης
457 2655 792 2724 ἐσφάλησαν.
824 2657 958 2714 Ἀπὸ
984 2657 1089 2726 γῆς
1126 2656 1226 2726 μὲν
1263 2650 1380 2721 οὖν,
1407 2657 1484 2719 ὡς
1514 2659 1757 2728 εἴρηται,

195 2749 220 2799 6
245 2749 388 2818 χοῦς,
411 2750 475 2801 ἑκ
503 2747 641 2802 Θεοῦ
665 2748 723 2802 δὲ
763 2750 794 2819 ἠ
821 2748 990 2818 ψυχή.
1018 2749 1129 2802 Καὶ
1157 2751 1318 2803 τοῦτο
1349 2751 1499 2802 ἐστιν
1529 2750 1556 2804 ὅ
1593 2734 1758 2819 φησίν

197 2837 456 2909 ἠΓραφὴ,
498 2856 516 2889 ι
549 2839 659 2892 Καὶ
685 2837 1024 2910 ἐνεφύσησεν
1054 2841 1134 2903 εἰς
1162 2841 1224 2893 τὸ
1255 2839 1550 2911 πρόσωπον
1589 2837 1756 2894 αὑτοῦ

197 2929 352 3001 πνοὴν
385 2930 548 3000 ζωῆς,
598 2930 694 2983 καὶ
742 2930 964 3000 ἐγένετο
1027 2933 1054 2984 6
1103 2931 1394 3001 ἄνθρωπος
1451 2931 1531 2994 εἰς
1579 2929 1756 3000 ψυχὴν

198 3022 384 3086 ζῶσαν.
436 3041 455 3074 ι
500 3022 740 3094 Πρόσεχε
791 3021 907 3075 οὖν.
949 3020 1188 3092 Εὔδηλον
1223 3023 1334 3094 γὰρ
1383 3020 1635 3077 ἐντεῦθεν
1672 3024 1754 3076 ὅτι

201 3113 289 3181 μία
313 3113 396 3175 τίς
423 3113 637 3184 ἐστινὴ
685 3111 831 3185 ψυχὴ
875 3113 1137 3184 δυνάμεις
1181 3114 1386 3185 ἔχουσα
1441 3115 1752 3188 διαφόρους-ι

1864 825 2132 897 Spiritum
2182 837 2462 882 sanctum.
2501 849 2519 882 ι
2583 827 2695 884 Nec
2745 830 2890 883 enim
2944 828 3085 883 ferre
3120 828 3336 897 potorat
3385 831 3446 876 ut

1863 935 1973 975 non
2004 920 2072 975 de
2098 921 2314 988 integro
2355 921 2531 974 sancti
2563 920 2802 989 Spiritus
2850 919 3146 990 participes
3176 932 3300 973 esse
3349 916 3446 970 de-

1862 1009 2224 1077 clararemur,
2281 1027 2441 1080 quem
2482 1011 2647 1066 etiam
2709 1011 2873 1066 hodie
2941 1010 3199 1065 sacerdos
3244 1011 3292 1064 ei
3347 1010 3442 1079 qui

1859 1103 2170 1174 baptizatur
2196 1103 2360 1169 amat,
2392 1103 2546 1173 quasi
2579 1104 2705 1158 vitae
2729 1104 3027 1159 restituens
3056 1104 3173 1174 ejus
3205 1102 3442 1157 animam

1860 1186 1923 1253 ex
1955 1198 2147 1252 Adami
2182 1198 2622 1269 transgressione
2657 1207 2951 1252 mortuam.

1933 1287 2140 1343 Verum
2171 1291 2455 1343 enimvero
2485 1290 2567 1354 ad
2605 1289 2805 1344 seriem
2841 1287 3114 1342 orationis
3141 1287 3444 1342 institutam

1861 1390 2222 1435 revertamur.
2268 1379 2483 1443 Nostra,
2517 1381 2767 1449 inquam,
2827 1395 3003 1446 eaque
3044 1380 3229 1434 verior
3262 1378 3446 1447 opinio

1859 1471 1926 1526 de
1957 1471 2204 1541 corporis
2238 1487 2365 1526 cum
2416 1473 2601 1526 anima
2647 1470 3040 1542 conjunctione
3087 1471 3316 1541 simplex
3365 1478 3448 1524 est

1858 1569 2024 1630 atque
2061 1560 2373 1628 perspicua.
2424 1560 2639 1630 Corpus
2688 1561 2834 1616 enim
2883 1576 2946 1624 ex
2989 1560 3234 1625 pulvere,
3265 1559 3448 1611 anima

1859 1661 2043 1707 autem
2080 1654 2220 1707 citra
2245 1652 2483 1706 medium
2510 1653 2680 1706 ullum
2712 1667 2742 1706 a
2782 1651 2892 1706 Deo
2927 1651 3268 1722 producitur.
3295 1649 3449 1704 Ideo-

1861 1756 1968 1811 que
2003 1741 2239 1809 dicimus
2270 1742 2354 1798 his
2397 1741 2542 1797 inter
2576 1758 2634 1796 se
2670 1743 2975 1811 capulatis,
3023 1742 3225 1796 animal
3277 1755 3446 1795 unum

1861 1835 2118 1903 idemque
2174 1835 2538 1901 compositum
2587 1835 2901 1900 exstitisse;
2941 1849 3064 1902 quae
3112 1833 3333 1902 quidem
3362 1840 3446 1885 est

1864 1927 1954 1980 illa
1983 1926 2288 1993 personalis
2325 1927 2526 1990 unitio,
2560 1927 2819 1980 nimirum
2873 1926 3151 1981 exsistens
3183 1917 3446 1991 utrinque

1864 2027 2188 2073 naturarum
2219 2017 2562 2080 diversarum
2601 2018 2656 2070 in
2706 2033 2874 2070 unum
2909 2031 3228 2071 concursus.
3269 2013 3444 2079 Quam

1861 2127 1975 2166 rem
2010 2110 2431 2175 Chrysostomus
2476 2109 2779 2172 admirans,
2819 2127 2836 2158 ι
2870 2107 3119 2173 Quonam
3143 2143 3158 2165 .
3221 2105 3398 2174 inquit
3427 2145 3443 2167 ,

1859 2212 2020 2273 pacto
2058 2202 2109 2255 in
2143 2203 2264 2257 alvo
2296 2211 2554 2256 materna
2587 2201 2856 2255 formatur
2897 2201 3081 2263 homo,
3121 2199 3214 2265 qui
3261 2197 3446 2252 subito

1861 2295 2044 2348 anima
2089 2294 2332 2348 divinam
2369 2291 2788 2348 similitudinem
2820 2289 3064 2344 referens
3092 2289 3306 2344 exsistit
3339 2302 3446 2342 una

1861 2399 1985 2439 cum
2018 2382 2299 2453 corpore?
2338 2401 2356 2434 ι
2417 2381 2520 2448 Qui
2570 2381 2810 2437 extraria
2863 2387 3036 2436 seruet
3085 2378 3325 2433 efferunt
3355 2393 3448 2431 sa~

1861 2476 2069 2546 pientia
2104 2515 2118 2540 ,
2177 2489 2302 2528 cum
2360 2473 2712 2527 formatorem
2754 2471 2994 2526 hominis
3035 2469 3444 2540 ignoraverint,

1864 2567 2033 2622 etiam
2065 2565 2381 2620 necessario
2434 2565 2488 2618 in
2530 2565 2649 2633 ipsa
2702 2563 2823 2632 ejus
2859 2560 3184 2614 formatione
3229 2559 3450 2612 aberra-
3487 2612 3489 2614 .

1861 2665 2010 2711 runt.
2030 2654 2126 2709 Est
2154 2655 2318 2725 igitur
2346 2669 2377 2709 e
2407 2663 2547 2708 terra
2580 2653 2777 2723 pulvis,
2815 2666 2937 2707 cum
2969 2651 3149 2704 anima
3179 2650 3249 2704 sit
3281 2664 3311 2702 a
3336 2649 3446 2702 Deo

1858 2753 2124 2826 profecta.
2157 2750 2314 2816 Quod
2353 2749 2576 2819 quidem
2607 2749 2849 2802 iudicare
2891 2748 3076 2802 verbis
3108 2746 3194 2799 his
3226 2744 3447 2799 Litterae

1860 2861 2028 2900 sacrae
2061 2843 2252 2897 volunt
2301 2860 2314 2896 :
2356 2859 2375 2893 ‹
2431 2841 2698 2910 Spiritum
2738 2839 2956 2893 vitalem
3000 2838 3053 2891 in
3094 2835 3288 2890 faciem
3326 2835 3445 2903 ejus

1861 2936 2170 3008 inspiravit,
2209 2949 2276 2990 ex
2314 2949 2425 3004 quo
2466 2934 2719 2988 animans
2765 2931 2996 2986 effectus
3027 2938 3131 2984 est.
3186 2925 3446 2992 rQuibus

1859 3052 1924 3093 ex
1955 3035 2160 3104 verbjs,
2191 3035 2235 3089 si
2267 3033 2510 3087 animum
2541 3033 2819 3096 advertas,
2851 3023 3146 3100 perspicue
3171 3027 3448 3096 colligitur

1859 3144 2022 3184 unam
2055 3143 2176 3182 esse
2204 3126 2460 3193 animam,
2493 3109 2728 3180 diversis
2768 3122 3122 3178 facultatibus
3143 3120 3442 3190 praeditam.

198 3206 351 3260 Ὅθεν
405 3208 499 3261 καὶ
551 3208 640 3262 διὰ
698 3210 899 3272 παντὸς
949 3210 1050 3278 μὲν
1106 3210 1139 3281 ἡ
1193 3210 1320 3281 δίκη
1351 3210 1447 3264 τοῦ
1479 3211 1755 3282 σώματος,

1863 3222 1986 3287 Quo
2026 3219 2087 3273 fit
2113 3225 2174 3272 ut
2209 3233 2307 3287 per
2339 3217 2656 3272 universum
2706 3229 2768 3271 se
2794 3229 2994 3284 corpus
3038 3212 3187 3268 didat
3209 3251 3228 3276 ,
3251 3204 3253 3206 ’
3275 3219 3330 3265 et
3361 3225 3446 3263 ra-

198 3298 414 3352 ἑκάστου
466 3300 524 3353 δὲ
571 3301 760 3370 μορίου
794 3300 1150 3372 καταλλήλως
1177 3301 1506 3370 ἐφάπτεται.
1545 3301 1755 3356 Αὐτίκα

1867 3311 2018 3367 tione
2065 3310 2338 3380 modoque
2369 3319 2738 3363 consentaneo
2777 3305 3038 3360 membris
3093 3300 3322 3373 singulis
3351 3315 3449 3368 ap-

197 3391 296 3462 γὰρ
332 3391 393 3444 τὸ
439 3393 537 3461 μὲν
582 3391 816 3462 θυμικὸν
860 3394 1031 3463 αὐτῆς
1077 3394 1137 3448 ἐν
1177 3395 1246 3466 τῇ
1291 3385 1496 3465 καρδία
1539 3393 1768 3463 λέγουσι

197 3485 458 3537 ποιεῖσθαι
506 3484 602 3554 τὴν
659 3484 896 3554 οἴκησιν,
928 3484 991 3540 τὸ
1035 3485 1093 3540 δὲ
1125 3485 1529 3557 ἐπιθυμητικὸν
1559 3486 1760 3558 ὁμοίως

197 3577 251 3630 ἐν
293 3575 369 3647 τῷ
420 3577 612 3647 ἥπατι.
657 3577 722 3630 Ἦ
765 3576 822 3630 δὲ
867 3577 1062 3649 λογικὴ
1110 3578 1282 3650 αὐτῆς
1330 3578 1561 3650 δύναμις
1593 3578 1759 3633 αὑτοῦ

197 3667 576 3740 καθαπτομένη
609 3667 704 3723 τοῦ
736 3669 1045 3739 ἐγκεφάλου
1097 3667 1166 3722 δι’
1213 3669 1381 3724 αὑτοῦ
1428 3672 1566 3734 τοῖς’
1589 3672 1760 3726 πᾶσιν

195 3761 484 3830 ἐπιλάμπει
512 3763 604 3814 καὶ
631 3760 928 3816 δείκνυται.
959 3760 1072 3815 Καί
1096 3778 1246 3824 τινες
1273 3761 1395 3831 μὲν,
1423 3754 1498 3815 ὧν
1532 3757 1612 3826 εἷς
1642 3764 1758 3817 ἐστι

192 3853 282 3905 καὶ
315 3850 724 3920 Ἀπολλινάριος
751 3852 906 3922 ὁτῆς
936 3853 1261 3918 Λαοδικείας
1293 3854 1630 3920 ἐπίσκοπος,
1665 3855 1758 3910 δύο

189 3945 498 4011 δοξάζουσιν
531 3945 626 3999 ἐπὶ
657 3945 752 4000 τοῦ
803 3946 1092 4018 ἀνθρώπου
1144 3946 1344 4018 ψυχάς.
1378 3949 1516 4002 Καθ’
1555 3950 1758 4020 ἑαυτὴν

191 4037 298 4106 γὰρ
325 4033 465 4091 εἶναι
497 4037 719 4107 λέγουσι
745 4039 845 4110 τὴν
868 4038 1116 4107 ἀλογίαν,
1155 4039 1289 4093 αὐτὸ
1313 4040 1518 4111 δηλαδὴ
1545 4041 1606 4094 τὸ
1633 4041 1758 4095 ἀλο-

190 4128 425 4200 γώτερον
455 4129 620 4200 μέρος
663 4129 763 4200 τῆς
812 4129 991 4202 ψυχῆς
1023 4131 1202 4202 ἡμῶν,
1233 4131 1310 4197 ὡς
1349 4133 1545 4202 ἄλογον
1576 4133 1756 4206 ψυχὴν

189 4221 346 4276 οὖσαν
371 4223 468 4276 καὶ
519 4223 581 4275 οὐ
629 4222 795 4293 μέρος
847 4225 944 4292 τῆς
990 4223 1242 4296 λογικῆς,
1279 4225 1496 4297 πρῶτον
1538 4227 1640 4296 μὲν
1671 4227 1755 4280 ὅτι

191 4315 284 4367 καὶ
319 4313 444 4368 καθ’
489 4314 692 4386 ἑαυτὴν
739 4315 798 4369 ἐν
823 4316 936 4378 τοῖς
969 4313 1188 4385 ἀλόγοις
1217 4314 1385 4381 ζώοις
1410 4316 1751 4389 εὑρίσκεται,

190 4404 248 4469 ἐξ
269 4399 331 4458 οὗ
355 4405 514 4472 δῆλον
537 4407 620 4460 ὅτι
650 4405 836 4459 τελεία
877 4407 960 4471 τις
992 4411 1108 4459 ἔστι
1135 4407 1232 4460 καὶ
1261 4408 1323 4462 ού
1359 4409 1524 4479 μέρος
1559 4408 1752 4479 ἄλλης,

189 4493 286 4551 εἷθ’
321 4497 542 4556 ὅτιτῶν
586 4496 955 4553 ἀτοπωτάτων
1002 4499 1120 4552 ἐστὶ
1174 4499 1275 4569 τῆς
1315 4499 1545 4570 λογικῆς
1571 4500 1752 4570 ψυχῆς

191 4589 353 4661 μέρος
400 4584 538 4642 εἶναι
581 4589 642 4643 τὸ
701 4589 916 4658 ἄλογον.
963 4589 1103 4643 Ἀλλ’
1145 4561 1291 4645 οὗτοι
1328 4561 1427 4662 μέν
1458 4561 1756 4656 alicui;
1787 4561 1834 4621 ί)

186 4678 498 4742 δοξάζουσιν
561 4679 652 4731 ἐπὶ
704 4677 798 4732 τοῦ
841 4679 1133 4749 ἀνθρώπου
1183 4681 1385 4753 ψυχὰς,
1431 4682 1755 4755 ἐλέγχονται

185 4771 240 4824 δὲ
276 4774 342 4840 τῇ
372 4769 603 4843 λεγούσῃ
627 4771 747 4842 θείᾳ
775 4772 989 4843 Γραφῇ·
1028 4793 1046 4825 ι
1083 4775 1192 4828 Καὶ
1239 4777 1455 4842 ἐγένετο
1484 4777 1513 4829 6
1539 4776 1752 4848 ἄνθρωφ

187 4879 285 4924 πος
329 4865 412 4924 εἰς
456 4861 633 4932 ψυχὴν
665 4862 866 4927 ζῶσαν·
908 4884 925 4916 ι
959 4865 1083 4919 οὐδὲ
1113 4867 1220 4937 γὰρ
1259 4863 1410 4920 εἶπεν
1441 4870 1518 4932 εὶς
1552 4869 1754 4938 ψυχὰς,

188 4953 296 5006 ἀλλ’
328 4955 407 5016 εἰς
446 4954 628 5024 ψυχὴν
657 4954 859 5018 ζῶσαν.
896 4957 1057 5011 Ἀλλὰ
1081 4959 1174 5010 καὶ
1207 4959 1480 5023 Πλωτῖνος
1508 4962 1536 5013 6
1566 4962 1752 5030 σοφὸς,

187 5038 313 5118 ᾧδὴ
344 5047 442 5099 καὶ
481 5045 892 5117 Ἀπολλινάριος
942 5051 970 5103 6
1014 5051 1316 5114 Λαοδικεὺς
1351 5052 1750 5122 ἠκολούθησεν,

187 5137 247 5189 ὲκ
297 5136 464 5208 τριῶν
501 5137 652 5205 λέγει
700 5141 1092 5210 συνεστηκέναι
1120 5141 1212 5194 τὸν
1259 5142 1572 5213 ἄνθρωπον,
1603 5144 1668 5197 ἐκ
1692 5161 1751 5198 τε

187 5228 296 5291 νοὸς
325 5229 422 5281 καὶ
467 5229 646 5299 ψυχῆς
687 5229 781 5281 καὶ
822 5233 1098 5301 σώματος.
1135 5232 1296 5286 Ἀλλὰ
1344 5234 1623 5290 κάνταῦθα
1653 5249 1753 5288 πε-

189 5318 472 5388 πλάνηται·
506 5321 534 5372 6
573 5317 683 5389 γὰρ
706 5319 853 5386 νοῦς,
897 5323 1044 5376 καθά
1089 5340 1257 5393 φησιν
1303 5326 1331 5380 6
1380 5325 1554 5394 μέγας
1589 5327 1754 5379 Βασί-

188 5410 346 5476 λειος,
375 5415 688 5483 ταυτοφυής
711 5415 827 5466 ἐστι
851 5417 916 5486 τῇ
946 5415 1116 5487 ψυχῇ,
1144 5418 1526 5487 καὶ”καθάπερ
1550 5419 1754 5489 ὀφθαλ-

188 5502 278 5570 μδς
326 5505 383 5555 ἐν
427 5504 664 5573 σώματι,
694 5504 837 5558 οὕτω
869 5508 966 5561 καὶ
999 5509 1028 5562 6
1057 5509 1180 5574 νοῦς
1221 5511 1280 5571 έν
1313 5512 1450 5584 αὐτῇ
1482 5514 1548 5584 τῇ
1577 5511 1748 5583 ψυχῇ.

187 5595 252 5649 Τὸ
279 5596 386 5668 γὰρ
411 5596 824 5668 καθαριώτερςν
858 5602 950 5655 καὶ
979 5604 1314 5674 κυριώτερον
1367 5605 1538 5678 μέρος
1577 5608 1751 5679 αὐτῆς

192 5685 301 5750 δούς
354 5690 759 5759 ἐπονομάζεται
785 5707 800 5722 ·
842 5693 976 5746 καθὸ
1025 5695 1092 5766 δὴ
1122 5697 1222 5750 καὶ
1265 5699 1429 5770 νοερὰ
1458 5699 1680 5768 λέγεται
1713 5704 1745 5772 ἡ

185 5777 270 5922 :2
320 5780 614 5852 ἀνθρώπου
646 5781 814 5853 ψυχὴ,
850 5787 916 5856 τῇ
954 5786 1171 5856 μεθέξει
1207 5777 1427 5856 πάντως
1458 5792 1626 5848 αὐτοῦ
1651 5793 1746 5848 τοῦ

231 5918 237 5922 .
267 5887 312 5922 ς.

231 5887 312 5932 ρος.

1827 3403 2120 3474 νρὶίοοιυτ.
2177 3400 2257 3455 Ac
2311 3414 2438 3471 pars
2467 3399 2692 3468 quidem
2742 3399 2861 3467 ejus
2909 3398 2996 3450 illa
3028 3411 3148 3465 quae
3179 3394 3286 3448 vim
3339 3393 3447 3447 ira-

1864 3494 2052 3551 scendi
2087 3491 2356 3556 continet,
2401 3493 2585 3547 sedem
2632 3503 2785 3544 suam
2818 3490 2870 3542 in
2897 3489 3064 3544 corde
3090 3487 3262 3542 fertur
3297 3485 3442 3540 obti-

1863 3599 2017 3647 nere,
2051 3581 2224 3635 altera
2266 3593 2396 3634 vero
2425 3595 2530 3648 qua
2571 3577 3041 3648 concupiscimus,
3075 3577 3129 3629 in
3155 3575 3402 3645 jecinore
3429 3613 3444 3635 ,

1863 3676 1972 3746 7o
2004 3674 2163 3730 tertia
2190 3712 2205 3736 ,
2267 3687 2389 3742 quae
2446 3671 2676 3727 rationis
2716 3670 2948 3726 facultas
2979 3678 3098 3731 est,
3131 3668 3184 3722 iu
3216 3667 3446 3722 cerebro

1861 3770 1965 3825 sita
1990 3783 2086 3838 per
2117 3765 2170 3821 id
2197 3765 2456 3821 omnibus
2487 3778 2611 3819 sese
2640 3763 2903 3819 declarat.
2941 3761 3081 3816 Sunt
3117 3760 3280 3814 etiam
3305 3775 3448 3820 non-

1861 3862 2019 3918 nulli.
2052 3876 2288 3932 quorum
2323 3868 2406 3914 est
2456 3859 2512 3912 in
2545 3873 2775 3914 numero
2813 3854 3183 3928 Apollinarius
3214 3853 3446 3908 antistes

1859 3953 2165 4018 Laodicea,
2191 3951 2284 4022 qui
2307 3952 2522 4022 animas
2541 3950 2594 4005 in
2625 3949 2848 4004 homine
2873 3947 3012 4004 duas
3044 3961 3165 4002 esse
3194 3945 3440 4000 tradunt.

1811 4113 1813 4115 ι
1858 4044 2064 4101 Volunt
2121 4043 2268 4099 enim
2315 4041 2674 4113 peculiariter
2703 4050 2758 4096 et
2783 4053 3030 4096 seorsqu
3062 4053 3185 4094 esse
3227 4043 3441 4107 partem

1861 4138 1988 4196 vitae
2039 4145 2243 4194 nostrae
2272 4136 2496 4192 brutam
2543 4149 2608 4190 ac
2658 4133 2891 4189 rationis
2951 4139 3257 4202 expertem,
3294 4127 3447 4184 velut

1858 4233 2097 4288 animam
2149 4229 2441 4302 quamdam
2476 4226 2706 4282 minime
2743 4224 3086 4287 rationalem,
3121 4235 3347 4291 uuaeque
3366 4213 3447 4274 ne

1857 4338 1986 4397 pars
2015 4323 2236 4394 quidem
2274 4321 2349 4377 sit
2372 4318 2660 4375 rationalis
2682 4319 2899 4372 animae.
2930 4313 2986 4370 Id
3019 4313 3257 4385 primum
3282 4327 3347 4367 ex
3377 4324 3446 4366 eo

1857 4425 2154 4480 statuunt,
2221 4413 2368 4484 quod
2423 4412 2542 4466 haec
2592 4409 2944 4480 peculiariter
2993 4421 3059 4480 ac
3105 4418 3351 4460 seorsum
3387 4402 3446 4458 in

1857 4507 2039 4564 brutis
2073 4505 2236 4561 etiam
2298 4501 2631 4572 reperiatur.
2688 4499 2761 4554 De
2799 4513 2907 4568 quo
2944 4495 3209 4564 consequi
3253 4491 3444 4549 volunt

1859 4612 1986 4655 esea
2013 4599 2190 4668 ipsam
2226 4593 2548 4666 perfectam,
2581 4606 2695 4646 non
2726 4597 2936 4661 partem
2968 4587 3209 4642 alterius.
3237 4582 3442 4639 Deinde

1857 4697 2150 4759 propterea
2194 4685 2340 4756 quod
2377 4683 2614 4738 maxime
2637 4682 2708 4737 sit
2728 4681 3021 4736 absurdum
3050 4677 3245 4731 anima:
3274 4675 3446 4729 ratio-

1856 4780 1994 4836 nalis
2031 4788 2243 4851 partem
2280 4792 2400 4833 esse
2427 4775 2481 4832 id
2514 4775 2661 4846 quod
2705 4771 2936 4828 rationis
2961 4785 3158 4840 expers
3182 4769 3252 4823 sit
3281 4776 3445 4837 atque

1856 4874 2102 4929 brutum.
2133 4873 2225 4927 Sic
2251 4871 2305 4926 hi
2362 4871 2500 4926 duas
2555 4871 2610 4922 in
2669 4865 2893 4923 homine
2937 4865 3145 4919 animas
3166 4877 3262 4917 sua
3323 4861 3446 4930 qui-

1854 4967 1979 5023 dem
2046 4964 2306 5035 opinione
2365 4961 2730 5018 constituunt.
2775 4957 2977 5014 Verum
3055 4971 3150 5027 per
3209 4954 3443 5009 Litteras

1857 5072 2042 5114 sacras
2069 5055 2402 5120 refutantur,
2426 5069 2654 5124 quarum
2689 5053 2807 5108 haec
2833 5050 2996 5106 verba
3023 5056 3186 5104 sunt:
3217 5065 3235 5100 ι
3268 5046 3442 5102 Homo

1857 5151 2031 5206 factus
2057 5158 2144 5203 est
2172 5147 2227 5200 in
2283 5146 2521 5200 animam
2549 5144 2782 5200 vivam.»
2815 5142 2935 5198 Non
2966 5144 3111 5198 enim
3146 5141 3302 5197 aiunt
3328 5160 3342 5197 :
3375 5142 3435 5196 ln

1856 5242 2090 5306 animas,
2133 5239 2252 5304 sed,
2297 5255 2314 5288 ι
2354 5237 2410 5291 in
2466 5236 2705 5291 animam
2761 5235 2964 5290 vivam.
3010 5253 3029 5287 ι
3087 5233 3442 5289 Doctissiruus

1859 5335 2025 5389 etiam
2059 5331 2312 5386 Plotinus
2346 5328 2461 5394 ille,
2499 5341 2662 5397 quem
2696 5325 3049 5382 Laodicensis
3074 5325 3443 5396 Apollinarius

1854 5434 2079 5483 secutus
2109 5431 2214 5486 est,
2265 5421 2546 5476 hominem
2599 5420 2667 5474 de
2693 5419 2869 5475 tribus
2897 5418 3050 5474 hisce
3083 5417 3249 5473 tradit
3293 5414 3441 5470 exsi-

1854 5528 2025 5582 stere,
2075 5516 2340 5571 nimirum
2373 5524 2582 5582 mente,
2634 5512 2854 5577 anima,
2873 5526 3124 5583 corpore.
3173 5507 3289 5574 Qua
3320 5506 3438 5576 ipsa

1854 5610 1910 5664 in
1955 5608 2218 5680 opinione
2248 5606 2608 5662 consimiliter
2653 5606 2884 5661 fallitur.
2940 5605 3095 5660 Mens
3141 5602 3326 5663 enim,
3379 5607 3440 5652 ut

1853 5717 2086 5773 magnus
2115 5701 2207 5757 ille
2236 5698 2474 5756 Basilius
2499 5699 2699 5771 inquit,
2731 5697 2976 5772 ejusdem
2993 5703 3076 5752 est
3105 5709 3228 5750 cum
3253 5691 3436 5747 anima

1853 5804 2063 5850 naturae
2089 5812 2102 5857 ;
2128 5793 2387 5864 quodque
2430 5792 2647 5863 corpori
2678 5792 2871 5847 oculus
2903 5797 3008 5854 est,
3036 5789 3140 5843 hoc
3173 5799 3330 5841 mens
3352 5790 3435 5844 est

1853 5902 2066 5946 ammte.

3259 5996 3331 6006 νς...

3430 5973 3485 6005 ,ελ
