3936 6430
475 396 568 462 151

1719 401 2143 462 MlCIlAELlS
2182 402 2447 463 GLYCIE

3639 395 3757 460 152"

544 510 679 566 Nam
712 528 832 582 qua-
867 528 993 584 pars
1026 514 1222 568 anima:
1261 513 1451 584 purior
1481 523 1568 569 est
1595 530 1656 569 ac
1688 515 2065 586 priueipalior,

2251 519 2360 574 Καὶ
2394 517 2613 585 ἐγένετο
2662 516 2691 571 ὁ
2737 516 3026 587 ἄνθρωπος
3056 515 3138 579 εἰς
3169 513 3364 586 ψυχὴν
3397 513 3602 578 ζῶσαν.
3641 510 3752 566 Ἑν·

469 619 532 658 ea
571 619 725 658 mens
749 604 1076 674 appellatur,
1119 604 1261 659 sicut
1293 604 1534 660 hominis
1568 607 1751 660 anima
1778 607 1979 662 mentis
2003 606 2052 660 vi

469 697 698 766 prmdita
731 696 950 763 dicitur,
989 696 1134 752 haud
1169 697 1334 752 dubie
1386 706 1675 768 pr0pterea
1718 698 1862 768 quod
1898 714 2055 754 men-

474 788 544 840 tis
577 788 648 840 sit
676 788 972 856 particeps.
1019 787 1161 842 Hine
1191 797 1424 842 etorsus
1449 789 1670 844 divinus
1704 789 1796 844 ille
1826 790 2059 847 Basilius

472 887 665 933 noster
690 880 804 935 haec
832 895 998 949 porro
1027 880 1094 935 de
1125 881 1308 936 anima
1349 890 1784 957 commemorat:
1822 899 1840 932 ι
1870 880 2057 952 Dupli-

473 988 590 1024 cem
618 987 719 1040 ego
752 973 1067 1026 facultatem
1105 973 1301 1028 animae
1333 981 1537 1039 statuo,
1565 987 1687 1026 cum
1715 973 1828 1042 ipsa
1854 972 1924 1026 sit
1952 987 2059 1027 una

479 1075 529 1116 et
558 1067 773 1118 eadem.
808 1065 1010 1119 Harum
1043 1065 1212 1120 altera
1257 1065 1508 1135 corporis
1536 1075 1641 1126 est,
1679 1065 1936 1119 nimirum
1976 1065 2062 1119 vi-

473 1153 617 1215 talis,
677 1153 844 1207 altera
892 1153 1314 1225 contetnplatrix
1364 1170 1570 1219 rerum,
1613 1169 1774 1223 quam
1810 1164 1864 1208 et
1895 1154 2062 1208 intel-

475 1244 733 1312 ligentem
789 1260 1073 1299 vocamus.
1137 1244 1407 1310 \‘itaiem,
1473 1246 1717 1314 quandiu
1769 1247 2064 1316 conjuncta

475 1335 693 1402 corpori
736 1347 821 1391 est
851 1337 1030 1392 anima
1060 1378 1074 1401 ,
1139 1325 1577 1409 propter’ipsam
1634 1350 2062 1410 temperaturam

478 1428 675 1481 horum
736 1429 1080 1494 naturaliter,
1126 1445 1236 1484 non
1292 1446 1357 1485 ex
1417 1430 1691 1486 electione
1731 1430 2062 1501 suppeditat.

477 1517 915 1588 Contemplatrix
947 1519 1177 1574 facultas
1209 1519 1262 1574 in
1295 1521 1566 1576 electione
1601 1521 1940 1590 consilioque
1968 1537 2066 1591 po-

474 1609 640 1664 situm
675 1621 880 1665 motum
915 1612 1097 1666 liabet.
1131 1632 1150 1666 ι
1189 1611 1312 1667 Haec
1342 1613 1562 1669 divinus
1601 1613 1766 1668 etiam
1801 1612 2066 1667 Maximus

476 1702 570 1756 ille
603 1703 916 1767 declarans,
949 1703 1094 1759 illam
1119 1705 1317 1759 animae
1337 1715 1568 1775 partem,
1597 1721 1718 1774 quae
1750 1706 1935 1777 purior
1962 1715 2064 1774 est,

476 1793 826 1850 all'cctionum
875 1806 1156 1866 expertem
1190 1811 1256 1850 ac
1315 1796 1699 1852 iudivisibilem
1723 1812 1848 1852 esse
1889 1798 2062 1864 dicit,

2157 611 2349 667 τεῦθεν
2381 605 2475 664 οὖν
2505 607 2828 680 ὁρμώμενος
2858 607 2886 660 ὁ
2915 604 3239 675 διαληφθεὶς
3273 603 3428 667 θεῖος
3455 601 3599 673 ἀνὴρ
3633 601 3753 670 περὶ

2157 704 2336 775 ψυχῆς
2363 703 2459 756 καὶ
2488 701 2616 754 τάδε
2666 698 2897 766 διέξεισι
2915 715 2946 731 ον
2970 719 2990 751 ι
3026 697 3229 767 Διττὴν
3265 696 3460 763 ἔγωγε
3479 689 3639 764 οἶμαι
3662 692 3753 763 τὴν

2159 795 2393 862 δύναμιν
2416 793 2516 860 τῆς
2544 789 2730 860 ψυχῆς
2759 790 2901 844 εἶναι
2938 788 3070 859 μιᾶς
3100 787 3200 843 καὶ
3233 789 3344 855 τῆς
3378 783 3554 853 αὐτῆς
3591 785 3755 854 ὑπαρ-

2159 888 2386 960 χούσης,
2417 886 2518 956 τὴν
2549 884 2648 954 μὲν
2678 883 2772 966 τοῦ
2808 884 3065 954 σώματος
3105 881 3384 951 ζωτικὴν,
3425 879 3529 949 τὴν
3559 879 3616 932 δὲ
3646 879 3755 933 ἐτέ-

2163 1003 2267 1055 ραν
2300 983 2409 1038 τῶν
2464 980 2634 1036 ὄντων
2672 978 3045 1050 θεωρητικὴν.
3083 977 3152 1048 ἣν
3191 977 3263 1048 δὴ
3291 977 3396 1031 καὶ
3422 974 3622 1047 νοερὰν
3648 975 3757 1028 ὀνο-

2167 1077 2438 1144 μάςομεν.
2503 1070 2671 1125 Ἀλλὰ
2719 1071 2820 1141 τὴν
2866 1069 2965 1140 μὲν
3018 1069 3264 1138 ζωτικὴν
3318 1067 3602 1141 δύναμιν,
3645 1066 3758 1120 ἐπεὶ

2167 1165 2549 1233 συγκέκραται
2581 1162 2659 1233 τῷ
2692 1160 2933 1230 σώματι,
2969 1163 3002 1230 ἡ
3035 1160 3185 1231 ψυχὴ
3240 1159 3506 1228 φυσικῶς
3545 1157 3635 1212 διὰ
3666 1158 3757 1226 τὴν

2166 1254 2473 1322 σύγκρασιν
2502 1255 2603 1307 οὐκ
2638 1255 2704 1307 ἐκ
2758 1252 3134 1321 προαιρέσεως
3182 1253 3449 1322 χορητεῐο
3484 1251 3520 1320 ἡ
3547 1250 3607 1303 δὲ
3637 1250 3760 1303 θεω-

2167 1343 2368 1414 ρητικὴ
2419 1342 2652 1411 δύναμις
2698 1344 2757 1395 ὲν
2798 1343 3126 1413 προαιρέσει
3154 1341 3262 1412 τὴν
3304 1341 3531 1411 κίνησιν
3560 1340 3692 1410 ἔχει.
3735 1357 3752 1391 ι

2166 1431 2357 1488 Ταῦτα
2392 1432 2493 1502 μὲν
2525 1426 2619 1485 οὖν
2653 1430 2751 1485 καὶ
2781 1433 2807 1484 ὁ
2835 1431 3112 1493 θειότατος
3157 1429 3625 1499 ὲττεξηγούμενος
3652 1429 3762 1482 Μα-

2167 1524 2325 1595 ξιμος
2373 1523 2436 1578 τὸ
2483 1522 2586 1594 μὲν
2624 1525 2726 1594 τῆς
2772 1522 2974 1593 ψυχῆς,
3013 1522 3042 1576 ὃ
3069 1522 3135 1591 δὴ
3186 1521 3289 1592 καλ
3338 1520 3752 1590 καθαρώτερον,

2167 1615 2382 1679 ἀπαθές
2420 1633 2555 1686 φησι
2590 1617 2685 1670 καὶ
2716 1615 3038 1684 ἀμέριστον,
3069 1613 3301 1682 νοητῶς·
3333 1613 3407 1666 τὰ
3441 1613 3612 1685 νοητὰ
3640 1611 3754 1664 δια-

2167 1709 2482 1780 νοούμενον,
2511 1709 2572 1761 τὸ
2606 1707 2675 1775 ,δὲ
2714 1707 2814 1777 τῆς
2847 1705 3030 1776 ψυχῆς
3064 1706 3319 1775 παθητὸν
3349 1705 3452 1759 καὶ
3489 1704 3756 1775 μεριστόν

2167 1803 2196 1871 ὃ
2223 1803 2287 1871 δὴ
2319 1802 2414 1856 καὶ
2443 1803 2562 1865 ταῖς
2613 1800 2916 1870 αἰσθήσεσι
2968 1798 3339 1870 μεριζόμενον
3375 1797 3640 1865 συναλγεῖ
3669 1795 3758 1864 μὲν

477 1903 677 1956 resque
720 1888 920 1943 mentis
947 1864 1310 1959 intelligentia
1344 1897 1558 1944 tantum
1593 1889 2065 1959 comprehensiles

2171 1864 2523 1959 ἀλγυνομένῳ
2549 1864 2638 1957 τῷ
2687 1864 2929 1958 σώματι,
2964 1864 3290 1958 ⁴ἧδύνομένιρ
3346 1887 3395 1940 δ’
3428 1881 3496 1940 αὖ
3549 1864 3757 1955 συνηδύ-

478 1978 639 2032 tuodo
673 1980 840 2032 menti
867 1990 1246 2034 consentanea
1268 1978 1719 2051 perciperp,cum
1744 1978 1914 2033 altera
1938 1987 2064 2048 pars

471 2069 688 2134 animae,
720 2070 1100 2125 affectionibus
1129 2070 1438 2125 obnoxia-el
1472 2069 1788 2134 divisibilis,
1823 2085 1946 2140 quae
1982 2068 2066 2122 ni-

474 2166 679 2218 mirum
735 2164 789 2218 iu
825 2179 1020 2219 sensus
1050 2162 1331 2230 dividitur,
1359 2163 1579 2234 corpori
1618 2163 1827 2219 dolenti
1856 2163 2063 2218 coudo-

476 2258 609 2324 leat,
633 2267 688 2312 et
711 2258 903 2312 eodem
942 2257 1279 2328 voluptatem
1316 2256 1568 2327 capiente
1602 2255 1898 2325 voluptatis
1920 2255 2066 2324 ejus-

477 2351 602 2404 dem
638 2350 916 2420 particeps
959 2349 1072 2404 fiat.
1117 2348 1334 2404 Etenim
1378 2348 1584 2412 anima,
1615 2347 1758 2403 sicut
1790 2356 1846 2402 et
1873 2345 2070 2418 Nysse-

477 2457 586 2495 nus
622 2441 852 2495 antistes
881 2441 1128 2510 scripsit,
1165 2456 1263 2510 per
1295 2455 1495 2495 sensus
1524 2454 1822 2510 corporeos
1851 2455 1976 2508 eum
2003 2440 2068 2496 iis

476 2549 600 2604 quae
630 2533 683 2586 in
720 2533 1004 2589 hominum
1050 2535 1158 2588 vita
1185 2533 1428 2604 jucunda
1467 2545 1595 2588 sunt
1619 2532 1777 2603 quasi
1810 2532 2070 2590 coalescit

479 2637 534 2682 ct
564 2627 944 2696 coniungitur.
973 2626 1174 2682 Rerum
1205 2638 1510 2682 exterarum
1544 2637 1599 2682 et
1627 2642 1934 2683 crassarum
1956 2627 2071 2683 cle-

477 2720 660 2784 gantia
713 2735 811 2789 per
847 2721 1033 2776 oculos
1076 2721 1400 2781 oblectatur,
1439 2735 1534 2790 per
1573 2735 1732 2776 aures
1776 2718 1831 2774 in
1873 2719 2070 2774 auditu

475 2812 719 2882 jucunda
757 2813 1108 2883 propendet,
1163 2812 1463 2882 itidemque
1518 2813 1574 2868 in
1623 2813 1850 2882 reliquis
1902 2828 2066 2868 sensu

477 2905 725 2976 qudibet
752 2905 1004 2960 afﬁcitur.
1045 2906 1149 2976 71
1191 2904 1300 2959 [lac
1331 2905 1399 2960 de
1426 2919 1593 2960 causa
1621 2903 1862 2959 Joannes
1905 2904 2068 2959 etiam

485 2997 856 3050 Damasceuus
894 3005 1104 3066 partem
1140 2997 1335 3050 anima:
1372 2995 1601 3051 rationis
1633 3005 1916 3065 expertem
1948 3011 2067 3051 ma-

479 3088 730 3153 ximeth
754 3086 967 3141 brutam
1001 3086 1383 3141 affectionibus
1413 3099 1538 3139 esse
1579 3085 1746 3139 tradit
1775 3085 2068 3141 obnoxiam

481 3190 534 3232 ιιι
568 3167 999 3248 ςοηοῖιρίεοοηᾱὶ
1035 3178 1145 3232 vim
1196 3177 1420 3232 habere.
1468 3176 1608 3234 Sunt
1652 3179 1896 3254 ejusdem
1954 3180 2068 3236 haec
2093 3204 2140 3270 ρ

481 3287 703 3342 quoque
736 3272 901 3325 verba
938 3287 952 3322 :
999 3290 1018 3324 ι
1055 3270 1192 3325 Cum
1226 3268 1463 3326 afﬁcitur
1497 3271 1678 3326 anima
1721 3271 1776 3326 in
1817 3273 2066 3330 sectione

483 3364 756 3432 corporis,
810 3363 926 3433 ipsa
967 3363 1188 3433 quidem
1228 3380 1339 3419 non
1373 3375 1591 3421 secatur
1623 3367 1700 3422 uti
1729 3382 1947 3438 corpus,
1975 3367 2071 3424 sed

483 3455 848 3510 nihilominus
877 3455 927 3510 ei
962 3455 1218 3511 condolet
1245 3471 1309 3511 ac
1338 3471 1462 3512 cum
1509 3457 1754 3529 patiente
1784 3458 2015 3529 patitur.
2045 3477 2066 3511 ι

487 3549 619 3603 Inde
671 3549 728 3602 fit
761 3557 820 3602 ut
867 3563 1188 3605 communes
1235 3549 1348 3604 sint
1391 3549 1585 3606 anima:
1614 3552 1941 3624 corporique
1974 3567 2074 3609 vo-

485 3641 751 3712 luptates,
780 3656 902 3711 quae
937 3640 1005 3698 de
1042 3643 1420 3714 complexibus
1447 3652 1506 3699 et
1539 3645 1787 3720 ciborum
1815 3645 2077 3703 fruitione

485 3734 890 3803 percipiuntur,
925 3734 1072 3790 sicut
1119 3735 1264 3791 idem
1319 3737 1499 3808 inquit
1526 3754 1542 3792 :
1573 3747 1631 3794 at
1661 3754 1782 3810 qua:
1811 3738 1881 3796 de
1909 3740 2076 3797 disci-

488 3827 660 3896 plinis
690 3828 1011 3884 liberalibus
1058 3830 1460 3886 oblectationes
1497 3833 1847 3900 proveniunt,
1876 3835 2077 3892 anima:

484 3915 588 3969 soli
626 3917 932 3984 peculiares
982 3928 1152 3985 sunt,
1193 3934 1318 3975 cum
1368 3922 1674 3992 voluptates
1721 3925 1942 3994 corpori
1973 3924 2078 3982 soli

486 4005 795 4073 peculiares
823 4008 986 4063 nullae
1017 4011 1382 4081 reperiantur.
1418 4011 1554 4070 Esse
1587 4025 1770 4072 autem
1805 4015 1860 4072 in
1891 4016 2076 4080 anima

2165 1997 2338 2034 νεται⁹
2387 1979 2710 2048 συμφύεται
2762 1971 2896 2050 γὰρ.
2925 1979 3002 2042 ὡς
3050 1979 3300 2048 εἴρηται,
3329 1979 3365 2047 ἡ
3421 1977 3594 2048 ψυχὴ,
3628 1977 3758 2030 καθὰ

2166 2073 2231 2144 δὴ
2266 2073 2364 2126 καὶ
2394 2074 2422 2126 ό
2456 2071 2681 2142 Νύσσης
2714 2072 2872 2142 φησὶ,
2909 2070 3002 2127 διὰ
3039 2071 3152 2125 τῶν
3203 2070 3554 2140 σωματικῶν
3583 2069 3757 2138 αἰσθή-

2168 2182 2309 2220 σεων
2347 2165 2488 2237 πρὸς
2521 2166 2591 2219 τὰ
2635 2166 2770 2236 ἡδέα
2825 2165 2921 2220 τοῦ
2948 2163 3088 2236 βίου.
3121 2164 3204 2233 Τῇ
3244 2163 3363 2233 γὰρ
3412 2163 3641 2234 εύχροῑᾳ.
3665 2164 3756 2229 τῆς

2171 2257 2306 2327 ὕλης
2343 2259 2435 2314 διὰ
2471 2257 2580 2312 τῶν
2634 2256 2936 2325 ὀφθαλμῶν
2968 2254 3365 2326 ἐπιτέρπεται,
3396 2254 3496 2310 καὶ
3528 2259 3592 2327 τῇ
3629 2253 3751 2324 ἀκοῇ

2168 2351 2308 2422 πρὸς
2350 2351 2418 2406 τὰ
2470 2349 2606 2421 ἡδέα
2651 2349 2762 2403 τῶν
2816 2347 3182 2418 ἀκουσμάτων
3230 2349 3338 2419 τὴν
3397 2347 3573 2419 ῥοπὴν
3628 2347 3752 2417 ἔχει,

2171 2445 2278 2497 κάν
2330 2443 2446 2504 τοῖς
2496 2426 2714 2503 λοιποῖς
2760 2440 2966 2510 ὀμοὶως
3020 2441 3234 2514 ἑκάστῃ
3285 2441 3404 2495 τῶν
3463 2441 3754 2511 αἰσθήσεων

2171 2533 2608 2590 συνδιατίθεται.
2631 2533 2786 2588 Κατὰ
2809 2535 2970 2588 τοῦτο
2992 2533 3086 2588 καὶ
3110 2535 3140 2588 ὁ
3171 2534 3546 2605 Δαμασκηνὸς
3585 2531 3752 2587 Ἰωάν-

2170 2643 2270 2696 νης
2301 2625 2458 2695 ἔλεγε
2484 2626 2546 2679 τὸ
2581 2626 2929 2697 ἀλογώτερον
2977 2625 3146 2697 μέρος
3185 2625 3290 2695 τῆς
3317 2626 3499 2698 ψυχῆς
3529 2624 3752 2694 παθητὸν

2171 2715 2316 2774 εἶναι
2347 2720 2441 2773 καὶ
2463 2718 2769 2790 ὀρεκτικόν.
2801 2719 2917 2774 Καὶ
2945 2714 3106 2782 αὖθις
3140 2720 3174 2790 ἡ
3206 2720 3359 2791 ψυχὴ
3384 2719 3601 2790 παθητὴ
3631 2711 3751 2771 οὖσα

2170 2811 2265 2866 τοῦ
2320 2810 2575 2881 σώματος
2624 2811 2969 2881 τεμνομένου
3021 2811 3162 2882 αὐτὴ
3208 2811 3313 2882 μὲν
3369 2812 3436 2866 ού
3482 2813 3746 2878 τέμνεται,

2171 2903 2316 2958 καθὰ
2345 2903 2410 2974 δὴ
2443 2904 2540 2957 καὶ
2584 2902 2645 2956 τὺ
2695 2902 2879 2973 σῶμα,
2914 2902 3178 2970 συναλγεῖ
3221 2903 3282 2957 δὲ
3317 2905 3469 2972 ὅμως
3507 2902 3599 2955 καὶ
3626 2914 3750 2966 συμ-

2175 2996 2386 3064 πάσχει
2439 2993 2519 3063 τῷ
2575 2993 2864 3061 πάσχοντι.
2923 2992 3118 3048 Ἔνθεν
3175 3011 3264 3047 τοι
3305 2995 3405 3047 καὶ
3459 2990 3632 3045 κοιναὶ
3661 2987 3751 3058 μὲν

2173 3086 2365 3156 ἡδοναὶ
2400 3085 2580 3156 ψυχῆς
2625 3086 2719 3139 καὶ
2762 3083 3017 3154 σώματος
3069 3086 3126 3138 αἱ
3172 3085 3286 3138 ἀπὸ
3317 3085 3430 3142 τῶν
3463 3079 3748 3150 awaqu

2172 3179 2268 3233 καὶ
2307 3177 2415 3231 τῶν
2459 3177 2741 3246 ἐδωδίμων
2787 3165 3094 3246 γινόμεναι,
3135 3175 3212 3241 ὡς
3265 3179 3293 3230 ὁ
3317 3173 3632 3245 διαληφθεὶς
3657 3170 3746 3239 ἔφη

2179 3269 2326 3332 θεῖος
2362 3269 2522 3339 ἀνήρ·
2561 3267 2620 3322 αἰ
2667 3268 2726 3322 δὲ
2770 3267 2884 3334 ἀπὸ
2909 3267 3017 3320 τῶν
3051 3267 3411 3338 μαθημάτων
3447 3267 3555 3336 ὶδιᾳ
3593 3262 3745 3334 μόνης

2174 3361 2284 3416 εἰσὶ
2312 3361 2414 3431 τῆς
2444 3360 2650 3433 ψυχῆς,
2690 3360 2856 3430 μόνου
2909 3359 2967 3413 δὲ
3027 3359 3287 3428 σώματος
3332 3359 3530 3430 ἡδονὰς
3576 3355 3668 3410 οὐκ
3691 3351 3748 3411 div

2179 3472 2266 3519 τις
2295 3453 2435 3526 εὕρῃ
2465 3451 2620 3508 ποτέ.
2660 3452 2785 3506 Ὅτι
2816 3452 2873 3507 δὲ
2897 3451 2995 3506 καὶ
3017 3451 3269 3523 παθητὸν
3310 3453 3476 3523 μέρος
3502 3449 3748 3516 κέκτηται

2174 3549 2207 3620 ἡ
2265 3547 2438 3618 ψυχὴ,
2482 3547 2551 3600 δι’
2583 3537 2646 3601 οὗ
2691 3545 3010 3616 συμπάσχει
3065 3545 3144 3616 τῷ
3192 3545 3415 3615 σώματι
3458 3544 3743 3611 πάσχοντι,

2175 3640 2476 3698 κάντεῦθεν
2531 3641 2889 3711 ἀδημονείται
2935 3640 3032 3694 καὶ
3083 3639 3344 3694 λυπεῖται
3376 3639 3472 3693 καὶ
3507 3637 3573 3690 τὰ
3597 3629 3747 3692 ¹λοιπὰ

2175 3733 2326 3805 πάθη
2381 3733 2599 3803 δέχεται
2632 3726 2713 3795 οἷς
2768 3733 2910 3802 μετὰ
2959 3731 3060 3801 τὴν
3097 3732 3388 3802 ἁμαρτίαν
3439 3726 3741 3800 περιέπεσε,

2175 3825 2335 3896 δῆλον
2391 3824 2452 3890 ἒξ
2504 3817 2583 3879 ὧν
2623 3825 2652 3878 ό
2701 3823 2913 3895 Κύριος
2964 3823 3154 3892 ελεγι·
3195 3842 3214 3876 ‹
3255 3823 3374 3880 Νῦν
3419 3817 3626 3893 ἡψυχὴ
3660 3830 3747 3886 μου

2179 3919 2546 3989 τετάρακται.
2601 3937 2620 3970 ι
2659 3915 3094 3987 Συγκεχώρηται
3139 3915 3253 3986 γὰρ
3305 3918 3376 3987 τῇ
3426 3915 3556 3982 ἁγίᾳ
3599 3903 3746 3964 αὐτοῦ

2177 4010 2349 4081 Ψυκῇο
2391 4010 2538 4065 καθά
2581 4009 2648 4080 δὴ
2682 4009 2777 4062 καὶ
2810 4009 2890 4078 τῷ
2929 4007 3166 4078 σώματι,
3199 4008 3440 4077 πάσχειν
3494 4004 3638 4056 έστιν
3669 3997 3745 4051 ὅτε

488 4105 698 4164 partem
735 4099 1074 4169 quamdam,
1137 4120 1259 4174 qua:
1307 4103 1446 4162 allici
1502 4107 1726 4180 patique
1763 4110 1981 4178 possit,
2023 4117 2068 4166 el

2180 4105 2248 4158 τὰ
2291 4102 2420 4168 ἴδια,
2449 4102 2545 4158 καὶ
2575 4103 2682 4171 τῆς
2709 4100 2996 4162 κενώσεως
3025 4099 3230 4170 μέτρον
3258 4101 3564 4170 τετήρηκεν
3588 4094 3746 4149 ἁπαν·

489 4204 590 4257 per
638 4205 800 4259 quam
835 4197 1053 4263 corpori
1103 4197 1334 4270 patienti
1384 4199 1465 4254 sic
1509 4200 1895 4270 compatiatur,
1928 4209 1990 4255 ut
2025 4209 2068 4256 el

2182 4193 2378 4264 ταχοῦ,
2405 4194 2481 4258 ὡς
2516 4199 2544 4246 ὁ
2579 4193 2856 4258 θειότατος
2905 4192 3077 4264 ἔφησε
3128 4193 3428 4266 Κύριλλος.
3488 4190 3530 4243 Τ
3535 4191 3569 4242 ὰ
3616 4182 3744 4250 πάοη

489 4292 808 4352 augatur'et
838 4296 1068 4342 maereat
1114 4297 1168 4344 et
1198 4277 1440 4363 reliquas
1477 4292 1795 4348 affictiones
1823 4292 2068 4362 experia-

2188 4289 2286 4338 καὶ
2316 4286 2424 4356 γὰρ
2467 4285 2664 4347 ταῦτα,
2707 4286 2880 4356 ἧγουν
2910 4287 3074 4357 ἡδονὴ
3105 4286 3201 4339 καὶ
3244 4286 3396 4356 λύπη
3423 4283 3520 4338 καὶ
3558 4273 3747 4344 ἀθυμία

491 4377 600 4434 tur,
656 4372 859 4441 quibus
915 4373 1155 4431 obnoxia
1211 4388 1366 4448 post.
1392 4379 1602 4449 lapsum
1635 4394 1758 4434 esse
1791 4379 1979 4448 erepit,
2009 4379 2068 4436 de

2188 4378 2640 4448 προηγουμένως,
2671 4377 2940 4448 οὐμενοῦν
2984 4380 3052 4448 τῇ
3089 4379 3196 4431 τῶν
3238 4375 3546 4446 ἀνθρώπων
3602 4366 3744 4437 φύσει

491 4461 666 4534 ipsius
686 4463 904 4520 Domini
940 4467 1125 4524 verbis
1158 4468 1388 4540 intelligi
1420 4479 1647 4540 potest:
1683 4489 1700 4521 ι
1730 4469 1928 4525 Anima
1952 4486 2072 4526 mea

2188 4471 2309 4522 κατ’
2368 4470 2548 4540 ἀρχὰς
2605 4469 3060 4542 συνεκτίσθησαν,
3103 4469 3240 4524 ἀλλ’·
3272 4470 3352 4532 ὼς
3406 4470 3434 4522 ό
3491 4455 3745 4518 θειότατός

492 4556 655 4612 modo
697 4559 1017 4628 perturbata
1058 4570 1146 4616 est
1174 4561 1242 4615 “.
1281 4581 1299 4614 ι
1334 4562 1471 4618 Nam
1501 4573 1708 4619 sancta:
1752 4562 1930 4633 ipsius
1965 4563 2068 4617 ani-

2194 4580 2331 4632 φησι
2363 4561 2633 4632 Μάξιμος,
2693 4561 2923 4633 ὕστερον
2970 4562 3274 4632 ὲπεισήχθη
3313 4559 3486 4614 ταῦτα
3531 4553 3616 4608 διὰ
3659 4547 3746 4612 τὴν

491 4663 614 4716 mat,
650 4648 795 4704 sicut
838 4659 893 4705 et
915 4652 1156 4722 corpori,
1187 4668 1513 4710 concessum
1546 4654 1650 4709 hoc
1683 4662 1823 4718 erat,
1863 4663 1920 4708 ut
1945 4671 2086 4709 non-

494 4756 772 4814 nunquam
819 4758 881 4798 ea
941 4752 1348 4816 perpeteretur,
1405 4760 1526 4814 quae
1588 4744 1810 4814 utrique
1864 4747 2086 4816 pmpria

496 4841 649 4887 sunt.
677 4835 939 4906 Adeoque
969 4837 1190 4893 modum
1242 4837 1565 4892 inanitionis
1593 4836 1797 4906 ubique
1822 4839 2084 4905 servavit,

492 4926 952 4994 quemadmodum
991 4931 1075 4984 vir
1106 4929 1487 4986 divinissimus
1536 4928 1768 4999 Cyrillus
1816 4930 2082 5000 loquitur.

2192 4653 2534 4720 τελειότητος
2581 4653 2882 4719 ἔκπτωσιν,
2917 4651 2995 4722 τῷ
3041 4653 3376 4722 ἀλογωτέρῳ
3413 4649 3564 4718 μέρει
3592 4653 3742 4709 προσ·

2189 4747 2393 4814 φυέντα
2433 4746 2530 4815 τῆς
2561 4746 2803 4813 φύσεως.
2837 4744 3062 4808 Τούτοις
3085 4745 3184 4814 μὲν
3213 4741 3312 4799 οὖν
3341 4737 3641 4797 ἀκολούθως
3664 4727 3742 4780 καὶ

2189 4841 2233 4891 ὁι
2259 4839 2430 4908 μέγας
2466 4837 2694 4903 διέξεισι
2725 4837 3033 4901 Βασίλειος,
3068 4837 3244 4905 λέγων
3267 4854 3280 4868 ·
3321 4854 3341 4887 σ
3380 4833 3572 4888 Σκόπει
3610 4819 3742 4885 τίςή

2189 4932 2300 4985 ἀπὸ
2335 4932 2536 5003 σαρκὸς
2573 4933 2710 5000 πρὸς
2739 4931 2918 5002 ψυχὴν
2946 4932 3249 4984 ἐπανιοῦσα
3280 4925 3607 4998 συμπάθεια,
3643 4911 3742 4968 πῶς

496 5016 608 5093 Nec
645 5027 828 5075 tamen
864 5020 1186 5078 all'ectiones
1221 5021 1339 5076 ister
1366 5021 1434 5075 ab
1468 5020 1628 5075 initio
1651 5035 1778 5076 cum
1802 5021 2068 5076 ltominun'

2186 5024 2403 5094 δέχεται
2437 5026 2534 5095 μὲν
2576 5024 2677 5095 τὴν
2705 5023 2850 5094 ζωὴν
2889 5025 2956 5077 ὲκ
2982 5023 3083 5092 τῆς
3112 5016 3291 5092 ψυχῆς
3323 5019 3384 5073 τὸ
3414 5017 3589 5084 σῶμα,
3614 5005 3744 5095 δέκεῗ

500 5091 694 5165 natura
727 5113 960 5168 condita:
993 5122 1146 5181 sunt,
1197 5113 1292 5168 sed
1347 5113 1660 5182 posterius,
1713 5123 1772 5168 ut
1813 5112 2068 5169 Maximus

2183 5091 2280 5169 ται
2329 5117 2388 5170 δὲ
2431 5091 2732 5187 ἀλγηδόνας
2772 5091 2882 5169 ἀπὸ
2909 5113 3006 5169 τοῦ
3032 5091 3288 5185 σώματος
3325 5113 3358 5181 ἡ
3387 5105 3552 5178 ψυχή.
3590 5091 3742 5187 ι-Καὶ

499 5202 760 5272 loquitur,
792 5206 1158 5276 irrepserunt,
1189 5223 1260 5261 ac.
1301 5215 1526 5276 propter
1569 5206 1920 5264 amissionem
1955 5224 2068 5279 per-

2181 5199 2333 5259 οὖτοι
2366 5206 2467 5275 μὲν
2502 5185 2700 5268 οῦτως·
2756 5206 2784 5257 ὁ
2832 5203 2888 5257 δὲ
2949 5203 3335 5272 Ἀριστοτέλης
3394 5185 3740 5262 ἀνθρωπίνοις

502 5293 756 5368 lectionis
810 5295 890 5352 illi
945 5304 1158 5352 naturae
1192 5298 1331 5366 parti
1391 5297 1741 5354 adha'scrunt
1773 5314 1895 5369 qua:
1927 5299 2068 5355 brut:

2194 5297 2482 5367 λογισμοῖς
2502 5297 2846 5367 ἐρειδόμενος
2873 5297 2932 5349 ὲν
2953 5294 3091 5366 αὐτῇ
3118 5291 3506 5382 διισχυρίζετξι
3535 5285 3594 5352 τῇ
3627 5288 3742 5382 καρῗ

501 5396 584 5444 est
621 5403 686 5458 ac
737 5389 968 5458 rationis
993 5403 1212 5459 expers.
1248 5389 1436 5444 Tradit
1465 5390 1550 5444 bis
1591 5402 1960 5447 consentanea
1991 5393 2062 5446 lla

2195 5391 2287 5459 δίᾳ
2344 5389 2436 5442 τὸν
2491 5389 2736 5458 ἡγεμόνα
2786 5388 2913 5443 νοῦν
2971 5387 3249 5441 ποιεῖσθαι
3286 5385 3382 5454 τὴν
3427 5378 3645 5446 οἴκησιν,
3673 5377 3738 5464 (ξς

503 5480 657 5533 silius
675 5495 916 5550 quoque,
936 5495 1058 5536 cum
1086 5482 1164 5536 ait
1195 5498 1209 5536 :
1249 5481 1572 5538 «Considera
1608 5483 1742 5538 mihi
1761 5501 1883 5554 quae
1901 5497 2068 5539 mutu:

2195 5480 2454 5533 ἐντεῦθεν
2492 5480 2592 5549 τὴν
2624 5479 3032 5552 προαιρετικὴν
3063 5477 3232 5532 αὐτοῦ
3262 5475 3492 5538 δύναμιν
3523 5465 3739 5554 certe“?

505 5572 578 5624 sit
609 5562 835 5642 affectio
861 5570 929 5626 de
954 5586 1120 5627 carne
1138 5573 1204 5628 ad
1227 5575 1466 5628 animam
1496 5585 1812 5644 penetrans,
1841 5577 1932 5645 qui
1966 5591 2068 5630 cori

2194 5573 2282 5643 ἐφ’
2313 5573 2464 5628 ἅπαν
2519 5542 2580 5627 τῦ
2621 5542 2780 5645 σέλμα
2803 5542 3269 5644 ’διαμεσρξζεσθαμ
3326 5567 3560 5655 Ἐτςρξη-
3589 5553 3629 5655 ξ’
3656 5542 3734 5655 ac?

505 5677 611 5732 pus
637 5661 706 5715 ab
752 5663 937 5719 anima
983 5666 1149 5722 vitam
1189 5666 1468 5737 accipiat,
1517 5677 1571 5723 et
1628 5668 1869 5724 vicissim
1904 5669 2068 5725 anim:

2197 5638 2388 5736 5:767:59
2445 5638 2745 5738 ἀκρόπολίν
2803 5638 2932 5721 τινα
2988 5638 3088 5735 τὴν
3137 5659 3379 5733 κεφαλὴν
3431 5638 3732 5716 δεδομῆσθαι

587 5849 632 5881 ⁸⁸
659 5849 814 5907 Joan.
852 5872 948 5921 xu,
987 5857 1066 5914 l7,
