3936 6472
184 372 256 443 ibi
913 367 919 371 ’
1370 366 1469 430 AN
1485 364 1738 431 NALIUJ

1837 372 2024 429 PARS
2062 358 2143 430 t.’
2650 435 2656 440 _
3148 430 3152 433 γ
3290 373 3391 434 tas

184 493 386 551 τοιαῦτα.
430 489 547 546 Καὶ
581 489 656 562 μὴ
709 487 877 560 μῦθον
924 486 1063 561 ἡγοῦ
1098 485 1169 540 τὰ
1219 485 1493 555 λεγόμενα
1518 502 1532 516 ο
1568 484 1712 556 ἔχεις

1842 498 1926 551 os,
1954 481 2093 538 alios
2126 479 2454 551 vigilantes;
2482 479 2619 537 alios
2656 480 2976 544 iracundos,
3030 481 3168 537 alios
3196 481 3393 549 mites;

185 594 265 659 γὰρ
284 587 366 641 τὸν
387 585 642 656 Σιναττην
663 582 806 637 θεῖον
842 581 1197 636 Ἀναστάσιον
1224 578 1456 648 λέγοντα
1494 579 1572 648 μὴ
1618 577 1711 631 τὸν

1847 574 1949 629 lios
1970 571 2162 637 fortes,
2181 572 2316 628 alios
2342 573 2562 629 timidos
2582 591 2597 628 :
2614 574 2816 644 quibus
2843 573 2953 645 74,
2970 574 3107 629 adde
3129 588 3251 643 qua!
3270 587 3396 632 sunt

185 680 288 734 θεὸν
310 676 449 733 εἶναι
498 677 609 731 τῶν
636 674 893 738 τοιούτων
919 674 1116 738 αἴτιον,
1167 672 1340 743 αὐτὴν
1384 671 1442 724 δὲ
1508 671 1711 741 μᾶλλον

1841 665 1933 735 rjus
1966 666 2183 736 generis
2214 666 2345 720 alia.
2373 664 2487 721 Nec
2515 682 2620 736 pro
2651 666 2854 722 fabulis
2883 668 3000 722 hm'c
3018 667 3118 722 tibi
3143 669 3395 723 ducenda

183 772 261 841 τὴν
284 768 437 839 φύσιν
458 770 556 824 καὶ
585 768 684 840 τὴν
717 765 1145 843 τῶντεσσάρων
1180 763 1465 844 στοιχείων
1491 763 1713 834 συνδρο-

1845 767 1964 812 unt.
1994 757 2211 828 Quippe
2243 758 2326 812 vir
2361 759 2620 827 eximius,
2665 761 2987 816 Anastasius
3020 761 3285 828 Sinaites,
3322 763 3399 815 ait

184 862 269 934 pip
294 860 383 916 καὶ
404 860 745 916 συνέλευσιν.
776 859 879 913 "Av
911 859 1024 929 γὰρ
1054 857 1255 929 εὑρεθῇ
1289 856 1599 927 πλημμύρα
1616 856 1712 909 τοῦ

1842 852 1985 905 leum
2008 864 2122 905 non
2151 865 2273 906 esse
2305 851 2496 905 talium
2532 858 2837 917 auctorem,
2875 854 2970 908 sed
3014 852 3186 923 ipsam
3215 855 3396 924 potius

180 954 350 1026 θερμοῦ
379 954 644 1023 στοιχείου
674 954 821 1022 ἐν’τῇ
854 951 977 1022 ὥρᾳ
999 951 1103 1020 τῆς
1153 950 1249 1004 τοῦ
1305 948 1541 1020 βρέφους
1584 948 1713 1002 συλ-

1840 950 2062 996 iaturam
2092 950 2147 996 et
2179 942 2578 998 elementorum
2603 953 2842 1012 quatuor
2870 959 3226 1000 concursum.
3259 947 3394 1001 Nam

181 1043 381 1113 λήψεως,
410 1042 622 1113 θερμῆς
680 1039 934 1113 κράσεως
978 1040 1039 1094 τὸ
1088 1041 1412 1110 τικτόμενον
1461 1041 1710 1110 γίνεται·

1848 1034 1861 1088 i
1896 1034 2154 1088 elementi
2181 1035 2342 1119 calidi
2373 1035 2709 1090 abundantia
2742 1044 2988 1105 tempore
3015 1039 3396 1107 conceptionis

178 1136 253 1191 ἐὰν
273 1135 324 1189 δὲ
349 1135 407 1188 τὸ
436 1133 647 1206 ψυχρὸν
679 1134 1144 1205 καθυπερτερήσῃ
1184 1134 1474 1203 στοιχεῖον,
1504 1133 1715 1202 ψυχρο-

1845 1126 2146 1193 nveniatur,
2199 1135 2689 1197 temperamentum
2724 1142 2942 1197 quoque
2975 1129 3209 1184 calidum
3241 1134 3399 1185 'con-

178 1226 313 1295 τέρας
344 1224 509 1288 ἕξεως
552 1223 869 1294 εὑρίσκεται
931 1222 993 1276 τὸ
1035 1222 1379 1292 τικτόμενον.
1429 1222 1715 1277 Ἐντεῦθεν

1845 1219 2063 1286 equitur
2094 1218 2147 1273 id
2179 1219 2326 1289 quod
2356 1227 2469 1274 tum
2502 1219 2763 1290 gignitur.
2797 1219 2892 1275 Sin
2925 1220 3185 1275 elementi
3221 1222 3398 1290 frigidi

177 1316 333 1369 λοιπὸν
359 1317 387 1369 ὅ
424 1331 486 1368 τε
517 1313 775 1383 θυμώδης
812 1313 907 1368 καὶ
940 1315 968 1367 ό
1002 1315 1208 1383 πρᾶος,
1244 1314 1272 1365 ό
1318 1313 1568 1382 ἀνδρεῖος
1619 1315 1715 1369 καὶ

1844 1310 1900 1366 'is
1942 1312 2114 1382 major
2166 1310 2354 1376 fuerit,
2387 1311 2530 1368 fetus
2563 1312 2725 1366 etiam
2780 1313 3010 1383 frigidus
3060 1323 3398 1383 procreatur.

174 1406 337 1469 δειλός.
367 1406 476 1460 Καὶ
498 1408 599 1475 ὅρα
638 1405 758 1460 τὸν.
798 1405 895 1460 σῦν
932 1407 1029 1460 καὶ
1076 1406 1169 1461 τὸν
1218 1405 1440 1475 ἔλαφον,
1474 1406 1569 1460 τὸν
1617 1407 1716 1476 μὲν

1849 1400 2025 1456 ladem
2055 1403 2123 1458 de
2158 1418 2324 1457 causa
2352 1404 2438 1459 vel
2473 1404 2723 1459 iracundi
2758 1404 2839 1458 vel
2872 1406 3056 1471 mites,
3114 1407 3200 1460 vel
3236 1404 3403 1460 fortes

178 1499 289 1569 πρὸς
319 1497 553 1568 πόλεμον
573 1497 798 1568 ἕτοιμον
827 1496 917 1552 διὰ
950 1497 1289 1569 θερμότητα,
1348 1496 1444 1551 τὸν
1495 1496 1554 1549 δὲ
1615 1497 1717 1566 τὴν

1854 1494 1903 1548 el
1960 1493 2306 1551 formidolosi
2359 1496 2613 1552 homines
2665 1500 2984 1569 gignuntur.
3044 1499 3251 1567 Aprum
3317 1499 3403 1554 hic

178 1589 331 1659 μάχην
390 1587 662 1657 φεύγοντα
739 1586 827 1641 διὰ
885 1588 987 1659 τὴν
1047 1589 1115 1642 ἐκ
1171 1586 1513 1659 ψυχρότητος
1563 1585 1717 1656 αῦτῷ

1845 1584 1952 1638 nihi
1988 1599 2114 1640 cum
2149 1601 2315 1642 cervo
2350 1588 2588 1655 intuere,
2624 1603 2858 1656 quorum
2921 1589 3013 1643 ille
3069 1600 3288 1658 paratus
3313 1598 3399 1644 est

176 1677 459 1748 προσοῦσαν
487 1676 715 1731 δειλίαν.
767 1676 903 1731 Ἐὰν
923 1677 980 1730 δὲ
1037 1677 1098 1731 τὺ
1149 1676 1315 1748 ξηρὸν
1358 1676 1717 1750 ὑπερτερήσῃ

1853 1675 1885 1729 d
1918 1688 2158 1746 pugnam
2194 1675 2264 1730 ob
2297 1676 2559 1740 calorem,
2590 1677 2682 1733 hic
2711 1693 2951 1748 pugnam
2986 1678 3310 1734 reformidat
3345 1687 3403 1735 et

176 1772 438 1839 στοιχεῖον,
480 1769 749 1841 νηφάλιόν
771 1787 897 1824 τινα
951 1770 1049 1825 καὶ
1090 1771 1370 1842 γρήγορον
1429 1770 1715 1823 ἀποτίκτει

1848 1767 1958 1837 ugit
1987 1767 2059 1822 ob
2088 1781 2209 1822 eam
2253 1782 2417 1838 quam
2454 1768 2617 1823 habet
2659 1784 2727 1824 ex
2774 1769 2978 1837 frigore
3031 1770 3402 1826 timiditatem.

171 1825 450 1929 ἄνθρωπον.
487 1825 606 1930 τέςέ
626 1853 672 1929 ᾧ
705 1860 798 1914 καί
825 1877 910 1924 τις
931 1825 1115 1929 mag;
1131 1825 1386 1931 Ιιῖίόνξιμα
1423 1859 1715 1931 Ἡράκλεια

1850 1858 2020 1924 Quodsi
2049 1857 2413 1915 abundaverit
2440 1861 2572 1915 sicci
2618 1862 2701 1916 vis
2747 1861 3028 1926 elementi,
3087 1861 3254 1918 homo
3301 1879 3404 1919 soc

168 1966 261 2014 τος,
293 1951 463 2019 ἔλεγε,
505 1969 525 2002 ι
551 1949 699 2022 ψυχὴ
726 1951 993 2037 ξηροτέρη
1021 1952 1333 2025 σοφωτέρτμ
1367 1973 1387 2006 ι
1419 1952 1600 2024 ψυχὴν
1621 1952 1712 2006 ὲν·-

1849 1951 1973 2006 »τίυε
2007 1960 2172 2021 atque
2206 1952 2333 2022 vigil
2373 1960 2724 2022 procreatur.
2779 1952 2853 2007 De
2889 1967 2999 2021 quo
3025 1952 3244 2023 priscus
3276 1952 3403 2023 qui-

168 2041 318 2095 ταῦθα
352 2043 451 2112 τὴν
484 2040 581 2096 τοῦ
614 2042 920 2113 ἐγκεφάλου
969 2044 1208 2108 καλέσας
1248 2045 1458 2099 οὐσίαν.
1496 2045 1627 2099 Ἐὰν
1659 2043 1716 2098 δὲ

1849 2043 1942 2096 lam
1995 2042 2361 2113 philosophus
2411 2042 2718 2098 Heraclitus
2769 2044 2929 2109 dixit,
2983 2044 3247 2108 animam,
3290 2060 3403 2115 quo

169 2132 220 2184 τὸ
249 2131 419 2202 ῦγρὸιι
446 2132 716 2204 πλεονάσῃ
746 2135 1030 2205 στοιχεῖον.
1066 2134 1273 2206 νωθρόν
1298 2152 1422 2189 τινα
1449 2136 1595 2188 ποιεῖ
1621 2128 1723 2188 και

1849 2134 2020 2190 iccior
2032 2133 2125 2201 sit,
2140 2151 2208 2191 eo
2224 2136 2615 2206 sapientiorem
2638 2136 2871 2205 ;quibus
2889 2136 2942 2190 in
2965 2136 3150 2191 verbis
3166 2136 3400 2190 animam

170 2221 484 2293 δυσκίνητον.
530 2223 687 2277 Κατὰ
716 2223 889 2279 ταῦτα
932 2225 1174 2297 λοιπὸνή
1204 2228 1269 2279 ὲκ
1298 2227 1514 2295 φύσεως
1548 2225 1720 2296 πραό‹

1847 2235 1977 2282 'ocat
2003 2227 2298 2282 essentiam
2329 2228 2561 2283 cerebri.
2609 2227 2668 2282 Si
2724 2228 2961 2298 denique
3009 2227 3168 2297 copia
3220 2228 3401 2299 frigidi

171 2329 254 2381 της
298 2313 559 2385 φρόνησίς
596 2332 656 2368 τε
706 2317 800 2371 καὶ
841 2318 1161 2387 σωφροσύνη
1208 2318 1308 2371 οὐκ
1357 2319 1552 2386 ἀρεταὶ
1605 2318 1718 2381 τοῖς

1851 2318 2075 2374 lementi
2093 2318 2455 2389 superaverit,
2472 2318 2710 2389 gignitur
2724 2314 2952 2387 ignavus
2973 2319 3191 2387 quidam
3215 2318 3404 2382 homo,

174 2404 316 2470 θείοις
335 2405 898 2478 Πατράσικρίνονται,
927 2408 1136 2478 φυσικὰ
1163 2409 1219 2461 δὲ
1242 2408 1717 2477 πλεονεκτήματα.

1852 2411 2022 2481 pique
2050 2410 2342 2466 dilllculter
2363 2411 2431 2466 ad
2466 2408 2736 2482 agéndum
2770 2410 3090 2480 impellitur.
3121 2410 3238 2476 Quo
3266 2403 3406 2464 lit’ut

174 2497 266 2549 Kal.
294 2497 563 2567 πρόσσχες
591 2499 742 2568 αὐτῷ
791 2499 868 2570 τῷ
914 2499 1136 2571 μεγάλῳ
1171 2501 1437 2572 Βασιλείῳ
1470 2500 1714 2569 λέγοντι·

1853 2503 2118 2558 .aturalem
2150 2503 2649 2568 mansuetudinem,
2680 2504 3052 2572 prudentiam,
3094 2512 3407 2572 temperan-

181 2607 198 2640 ι
226 2589 453 2650 Πολλοὺς
483 2590 657 2658 ἔγνων
687 2590 847 2659 φύσει
886 2590 1182 2661 μισοῦντας
1201 2591 1262 2644 τὸ
1294 2592 1587 2662 μίγνυσθαι
1617 2608 1719 2660 γυ-

1853 2596 1953 2649 iam
1984 2611 2092 2649 non
2122 2595 2388 2651 virtutum
2444 2585 2566 2650 loco
2589 2593 2761 2648 divini
2797 2593 2985 2649 Patres
3019 2594 3276 2653 habeant,
3311 2592 3407 2646 sed

175 2684 323 2735 ναικί.
346 2677 472 2752 Ἆρ’
500 2677 597 2736 οὖν
640 2681 924 2754 σώφρονας
958 2684 1156 2747 αὐτοὺς
1191 2683 1577 2754 όνομάσομεν;
1610 2685 1720 2739 06-

1856 2702 1944 2743 sse
1978 2688 2251 2742 naturalia
2277 2687 2531 2756 quaedam
2560 2687 2856 2753 beneficia,
2908 2687 3109 2755 quibus
3136 2685 3408 2738 excellant

175 2772 370 2842 δαμῶς·
412 2773 737 2842 σωφροσύνη
763 2774 873 2843 γάρ
897 2775 1044 2827 ἔστιν
1068 2774 1207 2843 αὑτὴ
1242 2776 1275 2845 ἠ
1304 2776 1598 2845 ἐγκράτεια
1626 2775 1722 2830 καὶ

1857 2779 1960 2835 lios
1984 2780 2097 2845 alii,
2124 2787 2388 2837 statuant.
2426 2776 2662 2860 Basilius
2693 2780 2823 2848 quid
2874 2777 3044 2837 dicat.
3096 2776 3403 2855 advertito:

93 2854 102 2867 ”
175 2864 226 2916 τὸ
252 2864 553 2936 μαχόμενον
577 2866 961 2936 περιγενέσθαι
989 2867 1099 2920 τῶν
1119 2865 1343 2938 ἡδονῶν.
1386 2886 1404 2920 ι
1448 2869 1559 2923 Καὶ
1589 2885 1647 2923 πε

1859 2870 2055 2927 Multos
2110 2870 2242 2925 novi
2286 2870 2379 2941 qui
2440 2885 2469 2924 a
2527 2854 2722 2924 natura
2780 2870 3097 2937 complexus
3137 2880 3406 2921 venereos

180 2955 263 3024 ph
283 2956 485 3012 τούτων
503 2957 696 3022 οὕτως.

1854 2963 2009 3018 πόθι-ε.
2066 2961 2205 3016 Num
2245 2976 2343 3017 eos
2379 2970 2751 3032 temperantes
2802 2960 3159 3014 vocabimus?
3191 2956 3408 3027 Nequa-

1823 3069 2024 3126 quam;
2058 3068 2189 3108 nam
2226 3053 2589 3124 temperantia
2620 3061 2706 3108 est
2740 3052 3083 3108 continentia
3131 3050 3429 3121 quaedam,

1825 3162 1932 3216 qua
1960 3147 2269 3218 voluptates
2304 3136 2592 3201 nebiscum
2630 3152 2940 3216 pugnantes
2968 3143 3294 3198 vincimus.»
3329 3143 3408 3197 Ac

1751 3257 1799 3320 ο
1827 3234 1903 3295 de
1918 3234 2005 3291 his
2028 3236 2245 3306 quidem
2277 3235 2382 3290 hoc
2409 3235 2573 3289 modo
2604 3234 2810 3289 dictum
2840 3240 2982 3289 esto.

333 3315 475 3383 Περὶ
504 3316 609 3373 τοῦ
628 3333 641 3348 ·
685 3335 705 3369 ι
754 3319 1109 3394 Ποιήσωμεν
1143 3325 1481 3395 ἄνθρωπον.
1522 3346 1544 3380 ι
1762 3315 1798 3320 ”’

1762 3315 1798 3320 ”
2103 3330 2167 3382 In
2192 3327 2349 3391 illud,
2388 3323 2716 3381 «Faciamus
2736 3326 3001 3381 hominem
3020 3324 3122 3378 ³⁸.»
3164 3348 3166 3355 ι

236 3406 331 3460 Διά
357 3409 408 3461 τί
434 3409 490 3461 δὲ
512 3410 762 3466 πλάττων
786 3413 814 3467 ό
840 3413 973 3479 Θεὸς
1002 3417 1095 3471 τὸν
1122 3416 1411 3488 ἄνθρωπον
1435 3421 1536 3474 οὐκ
1564 3419 1726 3473 ἔλασε

1904 3423 2017 3479 Cur
2048 3430 2232 3477 autem
2275 3421 2418 3476 Deus
2444 3421 2726 3475 hominem
2774 3431 2970 3475 creans
3023 3431 3135 3473 non
3170 3415 3407 3487 glebam,

176 3496 355 3568 βῶλον,
385 3501 520 3563 ἀλλὰ
568 3503 696 3576 χοῦν
734 3506 798 3560 τὸ
818 3507 1182 3575 λεπτότατονς
1216 3512 1355 3581 ὁμοῦ
1398 3512 1498 3582 μὲν
1518 3514 1583 3566 ἐκ
1604 3513 1729 3566 τούο

1852 3516 1925 3571 ed
1962 3515 2264 3585 pulverem,
2297 3506 2389 3582 qui
2440 3521 2527 3567 est
2582 3510 2876 3566 admodum
2932 3519 3097 3565 tenue
3128 3509 3406 3580 quiddam,

171 3609 259 3646 του
278 3597 374 3648 καὶ
406 3596 467 3650 τὸ
499 3595 727 3669 φύσημα
752 3600 1343 3670 καταστέλλων,ἠμῶν,
1371 3602 1508 3672 όμοῦ
1534 3605 1591 3656 δὲ
1633 3605 1725 3657 καὶ

1858 3606 2107 3676 umpsit?
2134 3604 2407 3659 Nimirum
2437 3603 2544 3660 hoc
2567 3602 2730 3658 modo
2762 3602 2939 3658 voluit
2961 3600 3124 3655 simul
3183 3611 3293 3654 tum
3328 3599 3412 3654 in-

169 3683 333 3749 διδοὺς
385 3686 636 3743 ἐντεῦθεν
681 3689 875 3743 ἐλπίδα
933 3691 1049 3761 τῆς,
1085 3692 1460 3757 ἀναστάσεως.
1511 3695 1723 3767 Ἐπειδὴ

1860 3700 2106 3754 lationem
2128 3706 2375 3753 nostram
2408 3695 2805 3766 comprimere,
2845 3702 2959 3748 tum
2994 3691 3414 3747 resurrectionis

170 3776 387 3847 προῄδει
439 3780 521 3833 ὅτι
564 3778 750 3849 μέλλει
794 3781 1056 3855 τελευτᾷν
1102 3784 1163 3838 τὸ
1194 3783 1336 3847 ζῶον
1365 3786 1465 3840 καὶ
1492 3787 1569 3850 είς
1600 3788 1724 3856 χοῦν

1970 3804 1986 3844 ι
2011 3788 2213 3844 facere.
2240 3787 2378 3843 Nam
2404 3787 2532 3857 quia
2555 3793 2714 3841 norat
2741 3783 2945 3839 animal
2977 3784 3085 3838 hoe
3139 3782 3412 3838 emoritu-
3520 3852 3524 3857 _

168 3869 458 3940 καταντᾷν,
494 3871 780 3941 προλαϐὼν
827 3874 886 3927 ιν
928 3876 1001 3945 τῇ
1050 3874 1387 3946 δημιουργίᾳ
1407 3877 1509 3947 τὴν
1537 3877 1722 3932 ἑλπίδι

1858 3897 1956 3939 um
1986 3891 2046 3938 et
2071 3882 2127 3937 in
2158 3881 2441 3952 pulverem
2463 3891 2837 3942 reversurum,
2891 3876 3011 3946 ipsa
3048 3877 3104 3929 in
3130 3874 3412 3929 creatione

162 3958 259 4028 τῆς
286 3962 633 4026 ἀναστάσεως
659 3963 864 4020 δίδωσι.
884 3966 1169 4036 Δαμϐάνει
1196 3967 1324 4037 χοῦν
1349 3968 1459 4021 ἀπὸ
1483 3969 1581 4039 τῆς
1601 3971 1716 4041 γῆς1

1862 3977 1984 4032 ἐιυι
2006 3967 2362 4029 antevertens
2390 3986 2542 4043 spem
2583 3970 2746 4026 nobis
2794 3969 2861 4025 de
2894 3966 3302 4023 resurrectione
3337 3965 3416 4020 fa-

166 4048 229 4103 ίν⁹
251 4053 385 4106 ὅταν
413 4052 530 4125 ῐδῃς
556 4056 615 4107 ἐν
640 4054 801 4126 τάφῳ
829 4056 980 4127 χοῦν,
1015 4057 1160 4129 γνῷς
1195 4059 1280 4113 ὅτι
1305 4060 1333 4112 ό
1355 4062 1569 4115 ἐκεῖνον
1599 4060 1720 4115 πλά⁴

1861 4083 1961 4125 :ere
1986 4067 2180 4123 voluit.
2246 4065 2434 4136 Itaque
2484 4064 2767 4135 pulverem
2827 4061 2895 4117 de
2929 4071 3074 4116 terra
3127 4061 3318 4126 sumit,
3355 4069 3415 4113 ut

166 4157 260 4207 σας
291 4146 384 4199 καὶ
415 4147 602 4200 τοῦτον
643 4147 948 4219 ἀνίστησιν.
990 4149 1153 4204 Ἀλλὰ
1203 4153 1300 4206 καὶ
1343 4152 1490 4215 τίνος
1521 4153 1720 4221 ἕνεκεν,

1857 4176 1959 4216 tum
1994 4160 2273 4233 pulverem
2332 4161 2386 4213 in
2443 4157 2693 4228 sepulcro
2730 4153 3028 4226 conspicis,
3083 4152 3223 4206 scias
3285 4167 3411 4207 eum

164 4234 465 4307 ἐπιζητεῖς,
496 4239 719 4294 διπλοῦν
763 4240 989 4296 πλάττει
1010 4242 1103 4297 τὸν
1131 4242 1419 4314 ἄνθρωπον
1440 4244 1505 4299 ἔκ
1535 4263 1595 4300 τε
1626 4247 1718 4317 ψυ-

1859 4252 1927 4323 [ui
1965 4251 2240 4307 hominem
2267 4249 2519 4304 formarit
2537 4249 2719 4319 ipsum
2744 4248 2908 4303 etiam
2929 4245 3413 4302 recuscitaturum.

161 4325 263 4397 κῆς
294 4332 485 4401 νοερᾶς
508 4334 604 4387 καὶ
634 4332 916 4405 σώματοςς
945 4336 1108 4389 Ὥστε
1141 4336 1437 4407 σύνδεσμον
1461 4334 1606 4394 εἰναι
1634 4338 1715 4393 τοί

1890 4342 2115 4399 ortassls
2148 4342 2314 4397 etiam
2357 4356 2573 4413 quaeres
2611 4340 2967 4410 quamobrem
3003 4337 3205 4394 crearit
3234 4336 3444 4391 lmmir

164 4436 222 4473 τε
253 4424 451 4493 νοητοῦ
489 4424 698 4496 κόσμου
729 4428 824 4482 καὶ
858 4428 957 4483 τοῦ
977 4428 1262 4498 αἰσθητοῦ.
1303 4430 1526 4505 Ἐπειδὴ
1546 4433 1659 4505 γὰρ
1680 4437 1718 4487 ὠ

1865 4449 1965 4492 rem
2004 4435 2304 4506 duplicem,
2339 4434 2524 4488 anima
2554 4432 2813 4487 nimirum
2858 4430 3235 4500 intelligentia:
3265 4442 3419 4481 men-

159 4509 254 4567 δύο
283 4516 479 4588 κόσμοι
502 4511 652 4573 οὗτοι
673 4522 739 4589 τῇ
782 4520 944 4592 οὐσίᾳ
977 4522 1349 4594 διεστήκασιν,
1384 4523 1473 4580 ενα
1505 4525 1582 4595 μὴ
1611 4526 1713 4579 δια‹

1864 4527 2019 4597 isque
2047 4525 2313 4597 participe
2341 4524 2630 4595 praeditum
2652 4529 2705 4576 et
2731 4535 2982 4589 corpore.
3012 4518 3283 4573 Nimirum
3307 4533 3418 4593 quo

159 4604 366 4677 ςόρους
404 4610 672 4683 εἰσαγάγῃ
712 4612 1099 4684 δημιουργοὺς,
1145 4614 1366 4670 διπλοῦν
1398 4615 1539 4681 ζῶον
1570 4619 1630 4670 ὲν
1655 4617 1713 4687 τᾷ

1861 4595 2016 4676 textus
2041 4595 2264 4690 quidam
2293 4617 2435 4673 foret
2462 4614 2800 4671 intellectilis
2827 4626 2893 4668 ac
2942 4610 3163 4666 sensilis
3203 4609 3415 4662 mundi.

155 4699 359 4770 κόσμῳ
382 4700 479 4754 τὸν
506 4701 796 4774 ἄνθρωπον
827 4704 1096 4770 τέθεικεν,
1137 4705 1214 4770 ὠς
1239 4706 1494 4762 ἐντεῦθεν
1522 4708 1619 4762 ἕνα
1640 4710 1704 4780 δη

1863 4710 1977 4766 iam
2007 4726 2131 4766 cum
2166 4709 2220 4765 hi
2249 4711 2359 4766 duo
2388 4707 2579 4763 mundi
2600 4706 2838 4762 essentia
2869 4718 2968 4759 sua
3006 4702 3242 4771 separati
3284 4702 3417 4769 sint,

155 4794 431 4865 μιουργδν
463 4796 573 4849 τῶν
596 4798 712 4852 ἄνω
740 4814 802 4850 τε
834 4802 931 4855 καὶ
956 4800 1069 4854 τῶν
1099 4802 1250 4856 κάτω
1271 4799 1665 4873 κηρύττεσθαι.

1863 4818 1914 4859 ιε
1949 4802 2153 4859 diversi
2181 4801 2346 4858 etiam
2374 4799 2599 4871 opifices
2655 4798 3123 4859 existimarentur,
3141 4794 3417 4848 hominem

147 4889 367 4944 animal
392 4890 594 4961 duplex
623 4893 677 4945 in
709 4895 912 4948 mundo
950 4894 1262 4966 constituit,
1315 4906 1378 4953 ut
1414 4897 1547 4953 hinc
1590 4914 1747 4955 unus
1774 4913 1896 4954 esse
1921 4907 2031 4954 tam
2060 4912 2384 4970 superarum
2413 4911 2478 4954 ac
2534 4895 2842 4952 ctelestium
2891 4908 3055 4965 quam
3122 4888 3425 4947 inferarum

148 4996 351 5037 rerum
377 4993 594 5039 creator
618 4984 1031 5056 intelligeretur.
2088 5036 2093 5043 ς

231 5096 273 5128 ει
302 5080 628 5148 Ποιήσωμεν
646 5079 939 5149 ἄνθρωπον
974 5080 1104 5132 κατ’
1143 5079 1328 5134 εἰκόνα
1370 5081 1670 5154 ἡμετέραν.
1713 5103 1737 5137 ι

1923 5085 2271 5149 «Faciamus,
2294 5081 2471 5153 inquit
2511 5082 2678 5145 Deus,
2706 5079 3005 5136 hominem
3022 5077 3090 5132 ad
3127 5076 3421 5150 imaginem

151 5172 261 5226 Διὰ
284 5172 346 5224 τί
380 5172 446 5224 τὸ
475 5175 540 5225 ἐκ
572 5169 826 5241 σώματος
862 5171 958 5224 καὶ
993 5172 1172 5242 ψυχῆς
1200 5174 1456 5226 συντεθὲν
1482 5173 1622 5239 ζῶον
1646 5175 1705 5229 ἄν

1898 5188 2114 5234 )stram.
2130 5195 2148 5229 ι
2176 5176 2291 5231 Cur
2313 5190 2381 5229 ex
2405 5173 2588 5229 anima
2644 5186 2991 5243 corporeque
3015 5168 3124 5241 75
3148 5170 3452 5241 composi-'

155 5261 390 5331 θρωπον
408 5264 698 5335 ὠνόμασεν
721 5266 756 5335 η
775 5261 962 5335 Γραφή
984 5280 1001 5329 ;
1036 5265 1098 5317 Ὀ
1113 5264 1401 5336 ἄνθρωπος
1416 5269 1484 5337 τῇ
1498 5265 1709 5338 Ἐσραΐε

1873 5287 1963 5327 nm
1996 5268 2197 5324 animal
2230 5268 2452 5322 Litterae
2481 5281 2653 5322 sacra:
2684 5265 2961 5319 hominem
2987 5263 3425 5334 appellaut?\-'~oo

155 5354 446 5429 διαλέκτῳ
472 5357 583 5427 πῦρ
625 5356 866 5424 λέγεται.
915 5357 1024 5410 Καὶ
1065 5357 1256 5429 ἐπειδὴ
1289 5357 1513 5430 προῄδει
1555 5361 1585 5412 ό
1608 5357 1709 5412 Θεὸ

1871 5362 2099 5418 ιειιυιιιῐη
2127 5361 2274 5430 quod
2314 5359 2593 5412 hominem
2631 5358 2924 5424 significat,
2996 5356 3175 5426 ignem
3233 5355 3287 5409 in
3316 5354 3425 5407 lle-

156 5450 239 5505 ὅτι
273 5452 395 5505 ἀπὸ
435 5450 555 5513 ἑνὸς
583 5450 871 5520 ἀνθρώπου
898 5450 1253 5527 ἀνθρωπίνων
1283 5452 1556 5521 σωμάτων
1595 5451 1704 5520 πλη

1873 5471 1993 5509 ima
2031 5454 2211 5524 lingua
2242 5452 2489 5507 denotat.
2552 5452 2619 5505 Et
2667 5453 2887 5520 quando
2916 5458 3077 5504 norat
3121 5449 3233 5520 jam
3298 5453 3427 5499 ante

163 5546 370 5613 ροῦται
393 5545 498 5615 τῆς
532 5543 865 5614 οίκουμένης
903 5545 972 5597 τὰ
1002 5545 1236 5615 πέρατα,
1266 5538 1349 5609 εἷς
1371 5543 1577 5616 ξλύχνος
1618 5543 1717 5609 ὲξὰι

1872 5544 1995 5599 )ens
2021 5559 2189 5598 unum
2223 5543 2501 5597 hominem
2535 5542 2858 5612 corporibus
2914 5539 3172 5594 humanis
3233 5550 3426 5591 omnes

162 5653 297 5692 πτει
321 5638 596 5700 τοσαύτας
617 5637 929 5708 λαμπάδας,
958 5636 1045 5692 διὰ
1065 5632 1224 5691 τοῦτο
1252 5638 1314 5691 τὸ
1341 5638 1583 5692 τοιοῦτον
1604 5637 1716 5701 ζῶοη

1898 5638 2005 5693 rbis
2038 5637 2175 5691 fines
2202 5636 2541 5706 repleturum
2580 5647 2856 5711 unamque
2879 5633 3156 5687 lucernam
3190 5639 3263 5682 ῑυι
3290 5627 3452 5680 lam-'

162 5730 435 5786 ἐκάλεσεν
474 5731 787 5801 ἄνθρωπον,
820 5730 1068 5786 τουτέστι
1103 5731 1234 5802 πῦρ.
1264 5732 1388 5789 Τῶν
1426 5731 1536 5802 γάρ
1567 5732 1712 5787 ἄλλω

1873 5729 2022 5800 padas
2052 5741 2431 5795 accensuram,
2500 5726 2706 5783 idcirco
2740 5723 2944 5780 anintal
2992 5723 3095 5777 hoc
3135 5717 3427 5789 appellavit

237 5826 286 5857 "
319 5824 458 5882 Gen.
494 5835 531 5887 t,
568 5824 663 5879 26.
