3936 6476
509 340 612 403 159

1745 334 1805 395 Μ
1819 334 2078 396 ΙΟΗΑΕΙ

2216 331 2263 391 G
2275 329 2480 391 [ΥΟΕ
3625 330 3712 396 ιοθ

503 449 815 509 hominem,
843 445 898 500 id
929 454 1010 500 est
1038 443 1243 514 ignem.
1294 441 1431 498 Nam
1484 441 1757 514 elementa
1789 451 1981 496 caetera
2009 442 2078 496 sic

2192 441 2471 512 στοιχείων
2519 439 2753 494 ἕκαστον
2797 435 2872 498 ὡς
2919 435 3038 491 ἔστι
3090 436 3262 508 μένει.
3297 426 3416 491 Οἷον
3462 437 3549 492 ἐὰν
3571 437 3718 512 λάϐῃς

505 549 732 594 manent
763 548 825 592 ut
855 538 1152 592 exsistunt.
1203 535 1260 589 Si
1317 550 1515 605 aquam
1567 549 1824 590 mensura
1853 534 2086 602 quadam

503 633 710 702 capias,
744 639 931 685 manet
968 628 1156 683 eadem
1187 642 1329 700 aqua
1354 627 1873 682 necinerementum
1892 625 2084 680 sumit.

503 725 559 777 Si
598 732 774 777 utrem
805 736 930 776 aere
961 719 1261 789 compleas,
1295 722 1427 773 ‘non
1481 727 1638 788 potes
1690 732 1758 772 ex
1805 731 1874 771 eo
1907 726 2086 771 utrem

502 815 665 868 alium
699 813 929 881 replere.
964 809 1168 865 Verum
1199 809 1340 880 ignis
1381 810 1456 864 ita
1486 823 1598 863 non
1631 817 1818 862 manet
1849 817 1907 861 ut
1941 806 2086 860 exsio

502 908 619 968 stit,
648 905 743 959 sed
777 919 885 973 quo
919 902 1168 975 materiei
1198 903 1322 972 plus
1356 900 1734 970 acquisiverit,
1773 915 1841 955 eo
1878 899 1937 953 ﬁt
1964 915 2080 952 ma-

497 997 607 1063 jor.
641 997 833 1050 Itidem
864 995 908 1050 si
945 1009 1052 1048 una
1085 993 1309 1047 lucerna
1345 993 1546 1046 multas
1572 992 1707 1060 alias
1740 989 2082 1056 accenderis,

501 1087 708 1140 ideirco
737 1086 852 1155 ipsa
891 1100 1000 1137 non
1029 1082 1402 1137 exltaurietur.
1431 1083 1776 1153 Quapropter
1797 1093 1948 1137 recte
1980 1083 2084 1135 lto-

498 1175 634 1228 mini
670 1190 871 1228 nomen
902 1174 1006 1228 hoc
1029 1175 1262 1228 inditum
1294 1183 1399 1236 est,
1436 1173 1578 1228 sicut
1605 1173 1796 1227 eadem
1833 1187 1895 1226 ex
1922 1187 2084 1226 causa

498 1267 756 1321 eumdem
786 1267 1052 1320 Adamum
1085 1267 1230 1320 Deus
1260 1265 1574 1336 appellavit.
1605 1263 1736 1318 Nam
1771 1265 1894 1333 quia
1930 1274 2086 1319 terra:

499 1363 740 1422 quatuor
794 1353 1012 1408 climata
1042 1355 1415 1424 completurus
1444 1362 1588 1416 erat,
1635 1369 1740 1406 non
1769 1353 1865 1407 abs
1899 1369 1957 1409 re
1983 1370 2082 1408 no-

501 1459 625 1496 men
664 1444 768 1497 hoc
793 1455 1131 1498 consecutus
1167 1454 1272 1500 est.
1328 1443 1460 1513 Ejus
1490 1443 1624 1498 mihi
1654 1458 1838 1513 quaeso
1871 1444 2084 1498 litteras

499 1535 814 1599 considera,
845 1552 967 1604 quae
1001 1548 1237 1605 quatuor
1296 1536 1385 1590 illa
1441 1535 1662 1590 climata
1717 1535 2000 1592 denotant.
2037 1536 2084 1588 Α

497 1623 769 1695 signiﬁcat
807 1627 1088 1692 anatolen,
1119 1628 1223 1682 hoc
1268 1636 1352 1682 est
1405 1636 1617 1692 ortum;
1672 1625 1716 1680 Ι)
1744 1627 1924 1699 dysin,
1963 1628 2068 1683 hoc

497 1725 584 1768 est
606 1714 949 1770 occidentem
973 1735 987 1781 ;
1015 1717 1058 1770 A
1087 1731 1276 1770 rursus
1300 1727 1531 1782 arctum,
1561 1718 1663 1772 hoc
1687 1727 1772 1772 est
1804 1733 1981 1772 ursam
2014 1733 2081 1773 ac

2193 532 2364 603 βῶλον
2405 533 2505 602 τῆς
2556 525 2684 604 γῆς,
2721 531 2797 594 ὡς
2826 530 2944 583 ἔστι
2980 529 3160 599 μένει.
3193 528 3375 600 ’Υδωρ
3430 530 3520 582 ἐὰν
3570 531 3715 602 λάϐῃς

2192 625 2376 696 μέτρῳ
2405 626 2532 691 τινὶ,
2580 625 2641 678 τὸ
2669 624 2805 678 αὐτὸ
2841 623 2992 694 μένει
3029 619 3172 690 ὕδωρ
3199 621 3290 674 καὶ
3329 621 3626 693 προσθήκην
3667 625 3716 676 οὐ

2187 717 2477 788 λαμϐάνει.
2512 718 2700 788 ’Δέρος
2727 717 2821 770 ἐὰν
2853 714 3151 785 πληρώσῃς
3189 712 3372 777 ἀσκὸν,
3408 714 3556 767 ἄλλον
3576 716 3719 768 ἀσκ¹ν

2188 811 2247 877 ἐξ
2300 811 2512 864 ἐκείνου
2556 810 2842 880 πληρῶσαι
2893 809 2954 861 οὐ
3006 806 3252 861 δύνασαι.
3292 804 3363 860 Τὸ
3405 806 3463 859 δὲ
3499 805 3618 877 πῦρ,
3657 805 3720 870 ὡς

2190 902 2359 965 ἔστιν,
2381 903 2448 955 οὐ
2483 903 2660 969 μένει,
2692 897 2805 954 ἀλλ’
2831 901 2963 968 ὅσην
2989 894 3274 972 ὲάνλάὸῃς
3298 898 3447 968 ὓλην,
3469 895 3720 961 πλεονάζει
3744 931 3753 941 -

2184 996 2244 1048 τὸ
2272 993 2402 1064 πῦρ.
2447 994 2558 1046 Καὶ
2599 993 2826 1062 λύχνους
2859 992 2916 1047 δὲ
2945 990 3179 1054 πολλοὺς
3203 991 3297 1044 ἐὰν
3326 991 3384 1056 ἐς
3409 991 3522 1053 ἐνὸς
3549 991 3720 1061 λύχνον

2187 1086 2354 1158 ἅψῃς,
2386 1087 2446 1138 οὐ
2479 1086 2901 1154 καινοτομήσεις
2929 1083 3114 1136 αὐτόν.
3161 1085 3488 1151 Προσφόρως
3517 1082 3601 1135 οὖν
3640 1084 3722 1135 αὑ-

2185 1179 2276 1232 τὸν
2319 1178 2576 1231 ἐκάλεσεν
2607 1177 2914 1246 ἄνθρωπον.
2949 1174 3104 1228 Κατὰ
3133 1170 3290 1228 τοῦτο
3329 1174 3384 1227 δὲ
3429 1175 3514 1227 καὶ
3542 1173 3612 1243 τῷ
3643 1170 3722 1226 τοῦ

2194 1270 2368 1340 Ἀδὰμ
2417 1268 2646 1338 ὀνόματι
2686 1265 3133 1336 προσηγόρευσεν
3165 1265 3349 1322 αὐτόν,
3387 1262 3591 1332 Ἐπειδὴ
3632 1263 3723 1334 γὰρ

2183 1362 2418 1432 ἧμελλεν
2450 1359 2518 1412 τὰ
2549 1359 2796 1427 τέσσαρα
2835 1355 3078 1424 κλίματα
3103 1354 3160 1422 ἐξ
3191 1355 3356 1408 αὐτοῦ
3395 1354 3723 1424 πληροῦσθαι,

2183 1454 2244 1507 τὸ
2272 1451 2515 1506 τοιοῦτον
2565 1449 2716 1518 αὺτῷ
2777 1447 3235 1516 προσεπιτίθησιν
3277 1447 3469 1514 ὄνομα.
3504 1447 3604 1498 Καὶ
3638 1446 3726 1516 ὅρα

2182 1542 2250 1595 τὶ
2285 1541 2380 1594 τοῦ
2419 1540 2659 1594 τοιούτου
2695 1539 2958 1608 ὀνόματος
3006 1537 3333 1607 γράμματα.
3384 1537 3464 1589 Τὰ
3507 1534 3726 1604 τέσσαρα

2184 1635 2294 1700 γὰρ
2343 1630 2750 1700 ὐπεμφαίνουσι
2784 1628 3064 1698 κλίματαο
3102 1627 3248 1695 ἄλφα
3296 1625 3548 1693 ἀνατολὴ,
3589 1625 3726 1676 δέλτα

2184 1723 2358 1797 δύσις,
2392 1723 2538 1790 ἄλφα
2585 1721 2829 1792 ἄρκτος,-
2849 1719 2922 1789 μῦ
2961 1718 3304 1788 μεσημϐρία.
3337 1718 3526 1781 Καλῶς
3570 1715 3653 1770 οὖν
3678 1715 3729 1768 τὸ

502 1804 974 1873 septentrionem;
1031 1806 1079 1860 M
1135 1806 1372 1878 denique
1444 1809 1748 1864 meridiem.
1806 1808 2078 1864 Caeterum

2186 1785 2426 1870 τοιοδτον
2474 1785 2753 1878 ζῶονκαὶ
2809 1785 2983 1890 ’Ᾰδὰμ
3013 1785 3122 1865 καλ-
3157 1785 3444 1880 ἄνθρωπον
3485 1806 3727 1879 προσηγό-

505 1895 678 1948 saeris
706 1895 760 1947 in
795 1893 1018 1951 Litteris
1058 1897 1175 1952 haec
1203 1898 1367 1954 verba
1403 1910 1709 1970 sequuntur
1739 1919 1753 1955 :
1792 1900 2084 1956 «Conserit

498 1983 643 2039 Deus
671 1987 984 2056 paradisum
1017 1989 1069 2043 in
1103 1989 1274 2044 Edem
1301 2005 1496 2045 versus
1532 1992 1806 2047 orientem
1833 1993 1935 2044 ⁵⁸.»
1970 1992 2083 2047 Cur

503 2092 611 2130 non
648 2092 842 2131 versus
868 2078 1017 2132 aliud
1057 2078 1217 2133 clima
1251 2080 1569 2148 paradisum
1620 2081 1869 2137 conserit
1898 2081 2082 2152 potius

498 2183 660 2236 quam
695 2168 760 2222 ad
797 2170 1064 2224 orientem
1086 2173 1110 2222 ἴ
1163 2168 1321 2226 Unde
1377 2171 1595 2226 initium
1623 2187 1817 2227 cursus
1847 2172 2083 2228 lumina-

500 2260 666 2323 rium,
699 2259 772 2313 ibi
805 2269 859 2313 et
887 2260 1225 2314 domicilium
1274 2277 1396 2318 esse
1438 2261 1726 2318 hominum
1761 2263 1953 2318 voluit.
2004 2263 2083 2318 Ac

498 2360 764 2420 praeterea
819 2352 963 2419 quod
1018 2353 1266 2406 futurum
1325 2365 1443 2411 erat
1501 2355 1840 2426 signiﬁcans,
1894 2371 2082 2412 versus

497 2442 768 2494 orientem
792 2442 844 2495 in
879 2442 1129 2511 paradiso
1161 2445 1400 2500 collocat
1438 2446 1753 2512 hominem;
1792 2457 1853 2502 ut
1894 2457 2079 2502 osten-

497 2531 654 2586 deret
682 2533 869 2587 itidem
907 2543 1073 2605 atque
1115 2537 1406 2591 luminaria
1441 2539 1767 2592 exoriuntur
1797 2547 1852 2593 et
1884 2552 2079 2593 versus

496 2625 838 2678 occidentem
876 2642 1039 2682 cursu
1092 2627 1270 2681 delata
1325 2629 1604 2708 occidunt,
1661 2631 1742 2684 sic
1806 2631 2080 2685 hominem

495 2729 711 2785 quoque
739 2715 806 2770 de
839 2717 947 2769 vita
975 2729 1368 2786 perventurum
1411 2721 1479 2775 ad
1541 2730 1775 2776 mortem
1831 2738 1894 2776 ac
1926 2721 2082 2776 lumi-

495 2807 710 2859 narium
743 2797 896 2860 inore
946 2823 1272 2863 occasurum
1320 2811 1599 2880 aliumque
1656 2829 1847 2868 rursus
1900 2825 2081 2867 ortum

494 2897 832 2964 habiturum,
887 2899 1146 2954 videlicet
1203 2911 1549 2958 mortuorum
1589 2906 2077 2961 resurrectionem.

493 2991 734 3044 Adamus
757 2991 822 3044 ad
849 3006 1102 3044 occasum
1137 3009 1302 3047 cursu
1341 2995 1555 3050 delatus
1585 3003 1688 3062 est,
1723 3007 1777 3052 et
1814 2998 1867 3050 in
1896 2998 2081 3068 sepul-

2187 1923 2382 1978 psucsv
2405 1923 2420 1939 ο
2452 1905 2513 1969 ἐξ
2543 1903 2709 1957 αὐτοῦ
2743 1904 2872 1974 γὰρ,
2914 1903 2989 1966 ὡς
3036 1902 3387 1973 προείρηται,
3419 1899 3486 1955 τὰ
3516 1899 3729 1969 τέσσαρα

2184 1998 2547 2068 πεπλήρωται
2593 1997 2852 2065 κλίματα.
2899 1995 3066 2063 Λέγει
3123 1995 3235 2064 γὰρ
3264 1996 3298 2063 ἡ
3335 1993 3552 2063 Γραιρήο
3585 2011 3602 2044 ι
3635 1989 3729 2044 Καὶ

2183 2091 2481 2159 ἐφύτευσαν
2509 2092 2537 2143 ὁ
2563 2089 2694 2153 Θεὸς
2736 2088 3068 2160 παράδεισον
3099 2087 3159 2140 ὲν
3203 2087 3363 2156 Ἐδὶμ
3394 2086 3532 2152 atati
3559 2085 3728 2137 άνατοο

2181 2185 2302 2247 λάς.
2345 2202 2363 2235 ι
2398 2183 2498 2236 Διὰ
2539 2181 2592 2233 τί
2621 2179 2676 2233 δὲ
2721 2179 2794 2250 μὴ
2834 2179 2916 2243 είς
2945 2177 3076 2234 ἄλλο
3099 2179 3276 2246 κλίμα
3306 2177 3396 2232 τὸν
3423 2174 3725 2245 παράδεισον

2182 2277 2504 2346 ἐφύτευσεν,
2552 2272 2700 2326 ἀλλὰ
2732 2273 2851 2325 κατ’
2882 2270 3146 2330 ἀνατολάς
3176 2287 3192 2334 ;
3222 2268 3392 2324 ’Ὅθεν
3419 2269 3454 2339 ὴ
3488 2265 3622 2337 ἀρχὴ
3647 2263 3728 2318 τοῦ

2181 2369 2381 2439 δρόμου
2428 2367 2538 2420 τῶν
2578 2364 2909 2434 φωστήρων,
2943 2361 3155 2417 ἐκεῖθεν
3189 2360 3286 2415 καὶ¹
3310 2362 3345 2431 ἡ
3379 2360 3613 2428 διαγωγὴ
3637 2356 3728 2410 τῶν

2186 2459 2512 2530 ἀνθρώπων.
2537 2455 2851 2526 Προμηνύιι
2880 2456 2910 2508 δ
2935 2453 3068 2516 θεὸς
3094 2454 3154 2506 τὸ
3197 2453 3413 2526 μέλλον.
3445 2451 3592 2506 Κατὰ
3618 2449 3729 2501 ἀνα-

2181 2552 2340 2621 τολὴν
2383 2553 2443 2604 ὲν
2485 2548 2563 2621 τῷ
2596 2548 2905 2617 παραδείσῳ
2945 2545 3131 2615 τίθησι
3188 2548 3283 2602 τὸν
3326 2545 3622 2616 ἄνθρωπον,
3654 2541 3729 2593 ἵνα

2180 2643 2328 2712 δείξῃ
2361 2643 2444 2694 ὅτι
2463 2640 2656 2706 ὥσπερ
2683 2633 2830 2692 οὗτοι
2872 2638 2922 2690 οἱ
2959 2637 3249 2706 φωστῆρες
3279 2637 3618 2690 άνατέλλουσι
3646 2630 3728 2682 tul

2182 2735 2472 2804 τρέχουσιν
2501 2734 2581 2796 είς
2609 2731 2766 2785 δύσιν
2796 2731 2892 2784 καὶ
2921 2729 3199 2800 δύνουσιν,
3246 2727 3422 2791 οὕτως
3451 2725 3540 2779 καὶ
3568 2723 3730 2777 τοῦτον

2181 2827 2262 2881 δεῖ
2306 2825 2414 2880 ἀπὸ
2455 2829 2555 2894 τῆς
2610 2824 2758 2893 ζωῆς
2805 2823 2887 2885 είς
2936 2823 3170 2877 θάνατον
3206 2821 3440 2891 δραμεῖν
3479 2818 3569 2872 καὶ
3594 2815 3730 2870 δῦσαι

2183 2919 2324 2972 κατὰ
2354 2918 2445 2971 τὸν
2475 2918 2645 2970 τύπον
2685 2916 2792 2970 τῶν
2817 2916 3146 2985 φωστήρων,
3176 2915 3274 2969 καὶ
3298 2913 3466 2982 ἀλλην
3491 2906 3732 2968 ἀνατολὴν

2183 3009 2346 3062 πάλιν
2397 3006 2581 3058 λαϐεῖν
2630 3004 2992 3070 ἐξανάστασιν
3038 3002 3102 3053 ἑκ
3141 3001 3379 3067 νεκρῶν.
3429 2991 3731 3067 Ἐδραμενό

492 3097 644 3136 crum
683 3082 1053 3152 praacipitatus
1085 3084 1302 3138 occidit.
1341 3085 1502 3140 Venit
1535 3086 1814 3154 Christus,
1841 3099 1898 3144 et
1945 3106 2069 3145 eum

2194 3100 2364 3167 Ἀδὰμ
2413 3100 2494 3159 εἰς
2542 3096 2712 3160 δύσιν,
2751 3095 2940 3147 εδυσεν
2972 3094 3052 3155 είς
3095 3094 3292 3162 τάφον.
3315 3084 3572 3144 Ἶιλθενό
3610 3085 3730 3180 Χρι-

492 3174 585 3243 qui
621 3173 894 3228 occiderat
931 3192 1119 3230 rursus
1158 3177 1361 3231 exoriri
1418 3177 1567 3233 fecit.
1603 3180 1816 3235 Idcirco
1855 3181 1923 3235 de
1953 3181 2076 3254 ipso

2186 3191 2329 3251 στὸς,
2368 3190 2465 3242 καὶ
2488 3188 2742 3258 ἐποίησεν
2770 3178 3180 3238 ἀνατεῖλαιτδν
3199 3184 3460 3255 δύσαντα.
3486 3179 3578 3232 Διὰ
3595 3173 3732 3229 τοῦτο

491 3277 644 3320 vates
684 3265 861 3336 inquit
897 3285 910 3322 :
960 3287 978 3318 ι
1019 3267 1100 3324 En
1134 3270 1317 3336 homo,
1343 3271 1430 3325 cui
1454 3286 1654 3326 nomen
1685 3275 1920 3329 ortus".
1967 3290 2017 3327 ι’

565 3369 679 3426 Hoc
716 3387 934 3443 quoque
964 3373 1249 3429 sciendum
1305 3385 1388 3430 est
1435 3377 1560 3443 tibi,
1611 3375 1841 3434 ﬂuvium
1873 3380 1968 3449 qui
2007 3380 2076 3435 de

492 3463 745 3536 paradiso
779 3476 1090 3534 promanat,
1132 3475 1372 3536 quatuor
1426 3471 1481 3523 in
1539 3469 1834 3540 principia,
1898 3472 1950 3527 id
1993 3480 2079 3529 est

493 3558 694 3622 fontes,
722 3559 916 3625 dividi,
952 3560 1020 3614 de
1046 3561 1248 3630 quibus
1273 3561 1498 3619 ﬂumina
1527 3574 1768 3634 quatuor
1799 3566 2075 3621 oriuntur.

493 3649 696 3715 Quodsi
734 3660 970 3721 quatuor
997 3653 1054 3707 bi
1085 3669 1278 3709 amnes
1311 3653 1379 3710 de
1411 3671 1521 3710 uno
1563 3656 1716 3713 fonte
1747 3658 2076 3728 principium

492 3738 713 3806 habent,
777 3757 879 3796 cur
937 3758 1045 3797 non
1105 3753 1159 3798 et
1243 3759 1383 3813 aqua
1445 3746 1696 3814 ipsorum
1770 3762 1878 3803 una
1945 3749 2080 3806 est?

492 3845 588 3884 (ιη
625 3847 734 3885 non
795 3848 904 3885 una
955 3833 1225 3901 qualitas?
1259 3834 1553 3908 (Nimirum
1603 3845 1766 3892 terrae
1808 3838 2080 3894 locorum-

491 3935 598 3988 que
624 3920 923 3988 qualitatis,
957 3937 1054 3990 per
1107 3939 1226 3992 quae
1259 3921 1456 3987 fluunt,
1494 3923 1789 3994 participes
1840 3925 2084 3980 reddun-

495 4021 583 4063 tur
613 4027 627 4073 ;
655 4027 765 4079 quo
803 4012 860 4064 lit
893 4022 952 4064 ut
982 4021 1090 4066 tam
1125 4022 1285 4083 gustu
1321 4029 1481 4082 quam
1545 4013 1810 4083 qualitate
1850 4016 1962 4068 sint
1999 4016 2082 4070 di-

495 4103 664 4157 versi.
719 4106 926 4171 Aquam
964 4105 1135 4174 ipsam
1169 4105 1303 4159 mihi
1352 4107 1593 4160 intuere.
1629 4106 1805 4160 llabet
1831 4107 1946 4161 haec
1980 4121 2082 4160 na-

497 4203 671 4248 turam
719 4196 966 4249 eamdem
1021 4207 1076 4250 et
1109 4198 1356 4252 eamdem
1391 4197 1739 4268 qualitatem.
1803 4195 2001 4252 Verum
2033 4196 2080 4252 si

494 4288 833 4344 absinthium
864 4289 918 4342 in
951 4305 1071 4343 cant
1103 4293 1388 4359 conjicias,
1417 4292 1523 4346 alia
1546 4290 1780 4360 qualitas
1813 4291 1870 4345 in
1899 4305 1962 4345 ea
1997 4289 2082 4345 ef-

496 4380 700 4446 ticitur,
734 4382 860 4436 item
895 4381 1023 4447 alia,
1056 4383 1101 4436 si
1133 4385 1427 4448 anethum,
1462 4383 1567 4436 alia
1597 4383 1642 4437 si
1671 4394 1874 4438 rutam.
1902 4381 2080 4437 Caete-

2179 3280 2331 3346 ’λέγει
2363 3281 2391 3331 ό
2422 3278 2738 3347 προφήτης·
2771 3294 2791 3326 ι
2828 3274 3090 3344 ’Δνατολὴ
3114 3275 3290 3344 ὄνομα
3311 3272 3480 3342 αὐτῷ.
3521 3287 3540 3320 ι

2253 3372 2495 3425 Γίνωσκε
2537 3371 2596 3424 δὲ
2635 3371 2730 3422 καὶ
2761 3366 2942 3431 τοῦτο,
2989 3368 3072 3420 δτι
3105 3366 3134 3418 δ
3167 3366 3525 3436 ἐξερχόμενος
3569 3361 3628 3412 ὲκ
3651 3351 3732 3408 τοῦ

2184 3463 2520 3531 παραδείσου
2549 3459 2799 3531 ποταμὸς
2823 3460 2904 3521 είς
2934 3460 3209 3527 τέσσαρας
3237 3459 3412 3529 ἀρχὰς
3449 3452 3733 3526 μερίζεται.

2181 3559 2430 3614 τουτέστι
2472 3554 2680 3626 πηγάς,
2714 3553 2808 3622 ἀφ’
2836 3548 2912 3608 ὧν
2953 3554 3004 3607 οί
3045 3553 3318 3624 τέσσαρας
3359 3545 3607 3618 ποταμοί.
3641 3541 3736 3595 Καὶ

2183 3651 2278 3706 ἐὰν
2306 3651 2356 3703 ot
2379 3651 2642 3718 τέσσαρες
2671 3641 2822 3700 οὗτοι
2849 3645 3089 3715 ποταμοὶ
3129 3643 3192 3708 ἐξ
3229 3644 3352 3707 ἑνὸς
3385 3641 3548 3712 ἕλωσι
3590 3651 3736 3690 ποτα-

2187 3741 2291 3813 μοῦ
2321 3740 2420 3812 τὴν
2448 3741 2648 3809 ἀρχὴν,
2681 3738 2770 3791 διὰ
2811 3738 2860 3789 τί
2898 3737 2974 3808 μὴ
3018 3735 3114 3789 καὶ
3154 3736 3227 3789 τὸ.
3254 3735 3401 3804 ὕδωρ
3447 3730 3619 3785 αὐτῶν
3652 3727 3736 3786 tv;

2183 3830 2272 3882 διὰ
2299 3829 2354 3882 τί
2393 3827 2469 3898 μὴ
2508 3833 2604 3879 καὶ
2637 3827 2669 3896 ἡ
2713 3826 2936 3895 ποιότης
2968 3827 3152 3888 αὐτοῖς
3210 3825 3316 3888 μία
3345 3843 3360 3889 ;
3395 3815 3740 3888 Μεταλαμὸάο

2187 3939 2338 3979 νουσι
2367 3921 2466 3989 τῆς
2496 3922 2598 3990 γῆς
2637 3919 2733 3974 καὶ
2764 3919 2861 3986 τῆς
2894 3917 3186 3985 ποιότητος
3231 3915 3343 3970 τῶν
3373 3916 3551 3968 τόπων
3586 3909 3650 3962 δι’
3675 3901 3739 3958 ὧν

2187 4015 2575 4085 παρέρχονται,
2624 4011 2718 4064 καὶ
2756 4009 2846 4063 διὰ
2877 4008 3040 4062 τοῦτο
3069 4006 3543 4078 παρηλλαγμένην
3579 4003 3740 4071 ἔχουσι

2185 4108 2286 4177 τήν
2328 4121 2390 4158 τε
2431 4105 2619 4172 γεῦσιν
2659 4102 2842 4158 αὐτῶν
2889 4100 2987 4156 καὶ
3019 4101 3311 4173 ποιότητα.
3341 4105 3486 4171 Ὅρα
3526 4099 3631 4165 γὰρ
3670 4093 3741 4144 ὅτι

2189 4199 2282 4250 καὶ
2312 4196 2442 4248 αὐτὸ
2465 4197 2525 4247 τὸ
2557 4192 2702 4265 ὕδωρ
2733 4196 2864 4263 μίαν
2919 4195 3020 4262 μὲν
3055 4193 3172 4263 ἔχει
3223 4195 3328 4265 τὴν
3359 4190 3633 4264 φύσινκαὶ
3659 4183 3744 4252 τὴν

2188 4289 2473 4355 ποιότητα,
2511 4289 2632 4342 ἀλλ’
2667 4290 2765 4343 ἑὰν
2798 4289 3046 4361 ὲμόληθῇ
3080 4289 3232 4361 αὐτῷ
3284 4290 3558 4360 ἀψίνθιον,
3594 4283 3742 4348 ἀλλην

2189 4382 2448 4453 ποιότητα
2478 4385 2642 4446 ποιεῖ,
2684 4383 2780 4436 ἐὰν
2812 4383 3035 4452 ἄνηθον,
3071 4383 3267 4452 ἄλλην,
3309 4386 3407 4438 καὶ
3442 4381 3632 4448 ἑτέραν
3659 4371 3743 4426 αὖ·

496 4487 615 4525 rum
647 4474 744 4528 hos
775 4491 968 4543 amnes
1025 4475 1168 4530 Deus
1233 4474 1345 4529 labi
1409 4491 1506 4544 per
1531 4476 1638 4546 76
1689 4476 2078 4532 subterraneos

2187 4471 2290 4537 θις,
2326 4472 2419 4524 ἐὰν
2447 4475 2712 4542 πήγανον.
2744 4471 3066 4542 Διέρχεσθαι
3097 4471 3155 4524 δὲ
3193 4473 3325 4534 τοὺς
3361 4468 3638 4538 ποταμοὺς
3668 4457 3745 4512 διά

496 4566 758 4633 quosdam
793 4578 1006 4621 meatus
1043 4580 1194 4623 certo
1229 4567 1462 4624 consilio
1500 4570 1695 4633 voluit,
1751 4577 1805 4622 et
1865 4568 1988 4623 aliis
2043 4583 2075 4623 ο

496 4656 786 4726 principiis
813 4675 1033 4713 rursum
1062 4661 1196 4715 oriri
1221 4671 1386 4732 atque
1412 4661 1683 4729 conspici.
1739 4676 1809 4716 ne
1865 4661 1958 4730 qui
1999 4662 2078 4715 ri-

495 4764 595 4817 pas
665 4751 858 4805 borum
927 4763 1223 4822 sequentes
1283 4753 1598 4822 paradisum
1657 4769 1928 4823 occupare
1980 4768 2076 4807 co-

491 4849 714 4896 nentur.
1065 4896 1072 4902 ,

567 4932 717 4988 Inter
750 4934 853 4987 alia
897 4949 1048 5000 vero,
1092 4933 1288 4986 dilecte
1320 4932 1419 4998 (ili,
1491 4939 1545 4986 te
1580 4933 1682 4987 hoc
1713 4949 1929 5004 quoque
1961 4935 2072 4990 scio

493 5027 874 5093 quwsiturum.
913 5025 1268 5094 quamobrem
1298 5023 1366 5077 n'c
1407 5023 1567 5089 cmlo,
1624 5034 1790 5088 terra,
1847 5027 2071 5096 reliquis

492 5115 751 5168 omnibus
782 5115 974 5167 ordine
1005 5114 1282 5167 disserens
1315 5112 1511 5178 Moses,
1546 5130 1814 5185 nusquam
1851 5118 2072 5189 angelo-

397 5194 401 5199 ’
493 5220 613 5258 rum
659 5203 959 5259 creatzonis
1001 5203 1334 5260 mentionem
1391 5207 1589 5262 fecisse
1647 5208 1913 5264 videatur.
1970 5209 2068 5264 Hic

494 5295 899 5348 animadvertas
928 5309 1043 5357 eos,
1073 5295 1272 5361 quibus
1313 5297 1428 5352 haec
1463 5299 1846 5365 prtescribebat
1875 5300 2073 5370 Moses,

492 5402 686 5455 parum
719 5386 1070 5440 continuatos
1102 5388 1289 5441 fuisse.
1329 5390 1546 5460 Absque
1581 5407 1690 5462 quo
1720 5391 1932 5454 luisset,
1963 5409 2074 5448 non

499 5487 578 5533 tot
640 5479 903 5548 prodigiis
961 5481 1270 5550 conspecus
1322 5483 1618 5552 imaginem
1690 5484 1844 5539 vituli
1903 5483 2072 5540 Deum

497 5580 927 5638 nuncupassent.
957 5570 1074 5627 Jatn
1101 5572 1192 5642 qui
1231 5583 1380 5629 tanta
1413 5576 1672 5630 facilitate
1693 5576 2070 5647 jumentorum

570 5735 615 5766 "
647 5731 783 5789 Gen.
818 5753 875 5804 ιι,
906 5740 957 5793 8.
1035 5742 1078 5772 "
1110 5738 1337 5793 Zachar.
1378 5757 1450 5804 τι,
1485 5741 1568 5795 1⁵2.

2181 4580 2344 4617 τινων
2372 4564 2660 4629 ὑπονόμων
2705 4563 2890 4617 τόπων
2919 4562 3278 4634 ᾠκονόμησεν
3313 4564 3342 4614 ὁ
3387 4561 3542 4624 Θεὸς,
3581 4556 3669 4612 καὶ
3695 4550 3744 4614 ἐξ

2183 4656 2388 4724 ἑτέρων
2427 4656 2608 4726 ἀρχῶν
2664 4656 2863 4718 αὐτοὺς
2905 4653 3334 4724 ἀναφαίνεσθαι,
3389 4653 3478 4706 ἴνα
3532 4651 3606 4720 μὴ
3638 4646 3742 4704 ταῖς

2181 4745 2370 4815 ὄχθαις
2399 4746 2580 4798 αὐτῶν
2609 4745 3033 4809 ἀκολουθοῦντες
3065 4763 3210 4809 τινες
3247 4746 3420 4800 αὐτὸν
3443 4739 3744 4814 ιπιχειρῶςι

2182 4839 2517 4894 καταλαϐεῖν
2555 4839 2646 4892 τὸν
2685 4839 3036 4910 παράδεισον.

2253 4927 2384 4983 Οἶδα
2413 4929 2492 4993 δὲ,
2521 4932 2792 5000 ἁγαπητὲ,
2821 4931 2904 4983 ὅτι
2939 4931 3034 4984 καὶ
3060 4932 3223 4986 τοῦτο
3257 4933 3404 5002 μετὰ
3439 4932 3551 4986 τῶν
3588 4927 3742 4984 ἄλλων

2180 5022 2387 5093 ζητεῖς,
2418 5022 2471 5075 τί
2501 5021 2565 5092 δή
2613 5039 2741 5076 ποτε
2795 5025 2925 5094 περὶ
2954 5023 3187 5096 οὐρανοῦ
3230 5028 3332 5080 καὶ
3360 5029 3468 5094 γῆς
3507 5026 3598 5078 καὶ
3627 5020 3740 5073 πάν·

2179 5133 2290 5170 των
2326 5115 2525 5186 ἑφεξῆς
2564 5113 2777 5182 διεξιὼν
2821 5117 3030 5187 Μωσῆς
3064 5119 3166 5190 τῆς
3203 5121 3317 5174 τῶν
3366 5120 3620 5189 ἀγγέλων
3661 5112 3740 5178 δη-

2183 5213 2476 5282 μιουργίας
2513 5209 2751 5280 οὐδαμοῦ
2794 5211 3142 5280 μεμνημένος
3193 5213 3478 5278 φαίνεται.
3523 5209 3563 5263 Γ
3565 5209 3742 5261 ίνωσκε

2178 5301 2271 5356 οὖν
2304 5303 2389 5356 ὃτι
2415 5302 2568 5354 οὐδὲν
2597 5301 2822 5370 στερεὸν
2861 5301 2987 5354 οὐδὲ
3022 5301 3241 5371 βέϐαιον
3279 5299 3431 5373 εἶχον
3465 5303 3516 5354 οἱ
3547 5294 3741 5366 νομοθε-

2177 5393 2452 5462 τούμενοι.
2503 5394 2566 5446 El.
2599 5393 2674 5464 μὴ
2714 5393 2820 5466 γὰρ
2853 5393 3012 5446 τοῦτο
3047 5389 3136 5465 ἦν,
3166 5394 3270 5448 οὐκ
3303 5394 3373 5447 ἂν
3421 5395 3619 5446 ἐκεῖνοι
3665 5386 3745 5437 καὶ

2176 5486 2417 5539 τοσαῦτα
2442 5484 2777 5554 θεασάμενοι
2810 5485 3066 5554 θαύματα
3089 5488 3190 5556 τὴν
3222 5485 3417 5538 εἰκόνα
3439 5484 3535 5536 τοῦ
3562 5481 3746 5552 μόσχου

2179 5579 2310 5634 Θεὸν
2341 5580 2740 5652 ἀνηγόρευσαν.
2773 5579 2839 5634 οἳ
2877 5578 2933 5632 δὲ
2965 5579 3168 5650 ῥᾳδίως
3197 5577 3346 5632 οὕτω
3393 5579 3466 5632 τὰ
3489 5578 3595 5630 τῶν
3635 5584 3751 5634 κτη-
