3936 6414
483 364 590 433 175

1733 377 2152 440 MICIIAELIS
2189 381 2475 442 GLYCJE.

3636 380 3730 448 1'16

549 476 890 551 «Augeseite,
922 481 1101 554 inquit
1133 483 1298 550 Deus,
1323 484 1795 556 multiplicamini,
1842 492 2040 560 replete

2232 512 2250 546 ι
2285 494 2592 562 Αύξάνεσθε
2624 496 2718 549 καὶ
2751 493 3110 564 πληθύνεσθε,
3140 491 3236 546 καὶ
3261 490 3592 562 πληρώσατε
3640 491 3732 563 τήν

471 578 728 634 [ενι-σω.»
767 587 878 632 non
911 589 1028 630 eam
1061 577 1283 646 quidem
1319 577 1747 643 inhabitatione,
1802 584 1898 638 sed
1944 583 2052 638 im-

2161 569 2479 658 γῆν.ιΠλὴν
2495 587 2556 642 οὐ
2580 589 2646 658 τῇ
2670 587 2904 658 οἰκήσει,
2925 585 3060 639 ἀλλὰ
3077 587 3143 656 τῇ
3166 583 3409 655 ἐξουσίᾳ,
3433 582 3508 647 ὡς
3526 585 3554 636 6
3573 583 3732 653 μέγας

465 663 624 730 perio
653 671 855 730 vestro,
886 667 1347 736 quemadmodum
1414 669 1530 725 haec
1588 671 1756 726 verba
1821 689 2040 744 magnus

2160 679 2294 750 (moi
2330 679 2628 742 Βασίλειος.
2673 678 2749 734 Οὔ
2781 679 2890 749 γὰρ
2918 678 3090 749 δήπου
3128 677 3224 730 καὶ
3245 677 3346 748 τὴν
3375 675 3732 746 διακεκαυμέ-

469 751 563 807 ille
585 753 818 813 Basilius
854 757 1272 831 interpretatur.
1332 761 1445 817 Nec
1481 763 1628 817 enim
1664 764 1921 821 homines
1955 783 2054 822 ne-

469 860 625 901 cesse
657 844 995 928 habent
1021 853 1104 905 vel
1135 862 1412 926 perustam
1446 853 1595 908 illam
1644 868 1674 910 a
1702 855 1816 911 sole
1845 864 2047 913 terram

473 940 560 993 vel
586 939 765 995 cultus
783 942 962 1002 omnis
987 951 1264 1015 expertem
1283 945 1369 1000 vel
1391 945 1594 1016 frigore
1613 945 1782 1003 nimio
1804 946 2051 1004 inutilem

467 1029 550 1084 vel
579 1030 916 1088 inaccessam
948 1034 1166 1104 replere
1207 1054 1220 1090 :
1260 1037 1356 1092 sed
1389 1036 1492 1092 hac
1542 1051 1677 1092 voce
1711 1037 1854 1095 Deus
1888 1039 2049 1094 nobis

459 1122 550 1190 jus
583 1123 861 1193 replenda:
899 1135 1060 1189 terra:
1091 1129 1391 1185 concessit.
1432 1130 1657 1201 Nosque
1695 1131 1835 1188 adeo
1867 1132 2047 1204 reple-

464 1232 588 1273 mus
616 1224 737 1274 eam
769 1235 836 1296 ex
873 1221 1102 1278 rationis
1161 1222 1410 1279 arbitrio.
1469 1223 1831 1296 Posteaquam
1895 1226 2043 1281 enim

460 1309 849 1378 perspeximus
880 1321 1145 1384 quantum
1185 1315 1420 1385 spatium
1457 1324 1600 1373 terra
1624 1326 1847 1387 perusta
1876 1325 1928 1374 et
1961 1317 2046 1372 in-

465 1400 780 1457 habitabilis
812 1416 1064 1476 occupet,
1131 1415 1398 1475 quantum
1466 1408 1780 1478 aquilonale
1855 1409 2040 1476 clima,

459 1492 606 1559 quod
642 1493 791 1548 nimii
826 1494 1043 1567 frigoris
1070 1512 1232 1553 causa
1265 1499 1455 1569 nequit
1505 1500 1680 1555 excoli
1733 1478 1788 1555 εἰ
1844 1510 1930 1555 est
1965 1501 2044 1556 in-

2159 789 2256 842 νην
2310 772 2406 825 καὶ
2463 769 2824 842 ἀγεώργητον
2875 772 2972 825 καὶ
3028 771 3130 842 τὴν
3188 769 3616 840 κατεψυγμένην
3645 769 3732 822 καὶ

2160 863 2361 925 ἄϐατον
2392 864 2513 920 κατ’
2539 865 2786 937 ἀνάγκην
2838 866 2886 918 οί
2918 863 3199 936 ἄνθρωποι
3231 859 3567 934 πληροῦσιν·
3606 859 3732 913 ἀλλὰ

2158 958 2384 1028 κυρίους
2406 959 2552 1029 ἡμᾶς
2591 958 2815 1029 ἐποίησε
2847 955 3115 1030 πληροῦν.
3152 956 3264 1010 Καὶ
3295 951 3618 1027 πληροῦμεν
3645 951 3732 1007 αὐ-

2155 1049 2256 1120 τὴν
2283 1050 2360 1120 τῷ
2381 1049 2832 1120 λογισμῷ.”οταν
2855 1049 2968 1120 γὰρ
3000 1049 3199 1119 ἴδωμεν
3228 1047 3397 1101 πόσον
3427 1045 3623 1117 μέτρον
3642 1046 3733 1114 τῆς

2150 1143 2590 1215 διακεκαυμένης
2615 1145 2710 1198 καὶ
2740 1145 3026 1214 ἀοικήτου,
3055 1143 3185 1196 ὅταν
3235 1137 3442 1208 ἴδωμεν
3471 1140 3631 1192 πόσον
3670 1137 3727 1190 τὸ

2152 1234 2321 1304 κλίμα
2359 1235 2419 1289 τὸ
2466 1235 2700 1306 βόρειον,
2749 1236 2778 1290 δ
2819 1236 2907 1291 διά
2940 1235 3040 1306 τὴν
3072 1231 3532 1303 ὑπερϐάλλουσαν
3576 1229 3728 1299 ψύξιν

2150 1319 2506 1392 ἀγεώργητόν
2532 1324 2650 1376 ἐστι
2667 1325 2762 1378 καὶ
2785 1323 3078 1396 ἄχρηστον,
3105 1323 3206 1376 οὐκ
3222 1319 3624 1393 ὲπληρὼσαμεν
3639 1316 3728 1390 τὴν

2149 1414 2272 1482 ﬁt":
2309 1413 2444 1468 ἀλλά
2494 1415 2556 1468 τδ
2587 1417 2858 1486 χρήσιμον
2903 1415 3283 1485 ἐκλεξάμενοι,
3327 1415 3392 1466 τὸ
3422 1414 3547 1466 ὅσον
3573 1411 3731 1480 ἀχρη-

2150 1520 2276 1556 στον
2301 1507 2382 1568 είς
2412 1505 2673 1578 διαμονὴν
2699 1505 3008 1578 ἀνθρώποις
3039 1504 3550 1578 ἀπεπεμψάμεθα.⁶

463 1584 618 1653 util'e,
659 1601 842 1641 annon
880 1599 1080 1644 terram
1152 1591 1416 1662 reliquam
1458 1593 1905 1672 complevitnus?
1953 1589 2152 1652 Annon
2217 1599 2423 1663 delecta
2497 1602 2620 1672 ejus
2653 1602 2774 1658 utili
2843 1613 3024 1674 parte,
3083 1601 3354 1673 quidquid
3405 1597 3723 1656 habitationi

464 1682 746 1738 hominum
776 1693 863 1736 est
896 1683 1110 1752 inutile,
1152 1686 1560 1756 relinquimus?

540 1776 717 1830 «Dixit
748 1777 877 1831 item
909 1776 1055 1855 Deus
1084 1794 1098 1832 :
1137 1778 1213 1832 En
1249 1795 1351 1851 ego
1383 1780 1629 1835 concessi
1660 1778 1819 1836 vobis
1849 1794 2040 1836 omnes

2222 1800 2240 1834 ι
2282 1784 2388 1835 Καὶ
2416 1778 2572 1837 εἶπεν
2597 1786 2624 1838 6
2645 1784 2778 1849 Θεός
2800 1801 2814 1817 ο
2851 1786 2984 1840 Ἰδοὺ
3015 1784 3227 1840 δέδωκα
3263 1785 3398 1856 ὑμῖν
3437 1786 3548 1840 πᾶν
3586 1785 3728 1852 ξύλον

462 1867 755 1939 frugiferas
780 1869 1030 1934 arbores,
1065 1871 1263 1940 quibus
1289 1871 1358 1926 ad
1387 1872 1702 1927 alimoniam
1726 1878 1782 1927 et
1807 1887 1904 1928 vos
1926 1881 2045 1926 uta-

433 1961 596 2026 ,mini
629 1970 685 2016 et
728 1977 921 2018 omnes
977 1963 1167 2018 bestiae
1223 1972 1510 2020 terrestres
1536 1966 1602 2020 ⁸³.
1643 1965 1744 2020 Hic
1802 1965 2043 2020 animum

461 2052 748 2106 advertito.
786 2051 927 2108 Dens
955 2053 1172 2123 quidem
1199 2054 1448 2124 piscium
1478 2064 1533 2110 et
1577 2056 1900 2110 animalium
1951 2071 2045 2120 re-

461 2145 732 2216 liquorum
788 2145 1071 2200 dominum
1134 2146 1263 2201 fecit
1297 2147 1597 2212 hominem,
1651 2163 1840 2203 verum
1889 2157 1949 2203 ut
1978 2149 2048 2203 iis

461 2249 784 2294 vesceretur
813 2255 923 2310 non
956 2240 1228 2310 permisit.
1267 2241 1536 2296 Nimirum
1575 2241 1691 2295 hazc
1739 2241 1913 2310 prima
1959 2242 2045 2296 lex

467 2337 679 2384 tantum
735 2329 946 2384 homini
991 2330 1266 2385 fructuum
1298 2347 1456 2386 usum
1501 2331 1860 2391 concedebat.
1917 2347 2044 2386 cum

463 2422 644 2478 adhuc
669 2422 928 2492 paradiso
961 2422 1161 2494 dignus
1191 2431 1358 2479 esset.
1413 2424 1606 2494 Itaque
1638 2432 1748 2479 tam
1794 2425 2046 2480 homines

461 2527 627 2582 quam
659 2527 836 2569 aereae
865 2513 1118 2571 volucres
1148 2525 1204 2570 et
1235 2522 1496 2570 terestres
1539 2515 1730 2572 bestiae
1775 2515 2044 2574 fructibus

462 2609 748 2674 arborum,
783 2607 991 2672 herbis,
1027 2607 1277 2678 gramine
1310 2607 1700 2663 vescebantur.
1770 2607 1838 2664 Et
1867 2623 2044 2677 quan-

458 2715 621 2770 quam
651 2700 818 2755 bodie
845 2701 952 2768 leo,
979 2699 1242 2777 pardalis,
1270 2700 1387 2756 alia
1415 2699 1546 2756 fera:
1569 2699 1815 2755 cruentis
1840 2709 2046 2755 macta:

460 2791 704 2848 tionibus
735 2791 984 2862 cibisque
1016 2787 1379 2855 delectentur,
1441 2801 1629 2847 tamen
1677 2790 1733 2847 id
1776 2791 2042 2862 temporis

459 2886 576 2941 haec
611 2885 776 2940 etiam
808 2883 1067 2940 animalia
1093 2885 1197 2955 legi
1223 2894 1438 2939 naturae
1497 2884 1720 2939 subdita
1769 2883 2042 2939 fructibus

459 2986 671 3032 tantum
704 2977 1019 3032 alebantur.
1061 2978 1141 3032 Ac
1179 2985 1540 3050 posteaquam
1574 2975 1722 3030 Deus
1757 2975 2037 3030 hominem

437 3071 566 3138 'jam
620 3067 822 3124 factum
875 3067 1424 3137 intemperantiorem
1482 3065 1641 3132 vidit,
1694 3065 1863 3122 altera
1921 3067 2039 3137 lege

2151 1873 2180 1925 ὃ
2211 1873 2323 1945 ἔχει
2347 1875 2561 1946 καρπὸν
2592 1877 2646 1930 ἐν
2668 1875 2868 1948 ἐαυτῷ.
2907 1875 3070 1948 Ὑμῖν
3104 1875 3259 1931 ἔσται
3296 1878 3381 1938 είς
3408 1875 3612 1947 βρῶσιν
3639 1872 3728 1929 καὶ

2152 1969 2290 2021 πᾶσι
2318 1969 2426 2030 τοῖς
2463 1968 2670 2040 θηρίοις
2700 1969 2800 2040 τῆς
2823 1970 2951 2040 γῆς.
2992 1988 3012 2022 ι
3048 1969 3298 2040 Πρόσεχε
3326 1968 3422 2022 οῦν
3449 1985 3462 1999 ·
3503 1969 3725 2039 ἄρχοντα

2155 2061 2254 2130 μὲν
2285 2061 2396 2131 γὰρ
2439 2059 2548 2114 τῶν
2597 2061 2799 2131 ἰχθύων
2844 2061 2941 2114 καὶ
2990 2061 3102 2116 τῶν
3129 2061 3340 2114 λοιπῶν
3387 2060 3611 2131 εποίησε
3644 2059 3727 2114 τὸν

2151 2154 2437 2225 ἄνθρωπον
2465 2154 2493 2206 6
2526 2154 2678 2217 Θεὸς,
2718 2153 2779 2206 ού
2802 2153 2911 2224 μὴν
2942 2152 3000 2206 δὲ
3048 2152 3142 2206 καὶ
3165 2153 3266 2222 τὴν
3301 2153 3608 2207 ἀπόλαυσιν
3635 2152 3725 2205 αὖ·

2151 2247 2261 2301 τῶν
2289 2244 2439 2316 αὐτῷ
2467 2243 2916 2315 συγκεχώρηκεν.
2944 2245 3109 2296 Ὥστε
3137 2245 3171 2315 ἡ
3201 2243 3305 2313 μὲν
3338 2245 3533 2315 πρώτη
3578 2259 3725 2312 νομο-

2155 2342 2307 2396 θεσία
2335 2341 2567 2413 καρπῶν
2617 2341 2916 2395 ἀπολαύειν
2967 2340 3292 2396 ὲνδέδωκεν.
3332 2341 3456 2402 Ἔτι
3486 2342 3592 2410 γὰρ
3625 2343 3725 2394 ὲνο-

2157 2433 2433 2504 μιζόμεθα
2474 2433 2615 2497 ἄξιοι
2663 2432 2758 2486 τοῦ
2795 2431 3129 2504 παραδείσου
3165 2424 3312 2486 εῖναι
3335 2450 3350 2464 ·
3387 2433 3596 2504 καρπὸς
3620 2432 3722 2485 λοι-

2153 2526 2254 2578 πὸν
2289 2524 2384 2578 καὶ
2421 2523 2556 2593 χλόη
2584 2523 2680 2577 καὶ
2711 2523 2906 2593 χόρτος
2940 2524 3076 2594 ἡμῖν
3110 2523 3190 2586 είς
3221 2522 3454 2594 βρῶσιν,
3486 2525 3595 2588 τοῖς
3638 2539 3721 2575 πε-

2149 2619 2351 2682 τεινοῖς
2381 2634 2440 2671 τε
2471 2616 2568 2670 τοῦ
2620 2614 2856 2686 ούρανοῦ
2911 2615 3005 2669 καὶ
3059 2615 3197 2669 πᾶσι
3235 2618 3355 2680 τοῖς
3393 2616 3600 2687 θηρίοις
3630 2613 3720 2682 τῆς

2151 2710 2274 2781 γῆς.
2316 2709 2380 2762 Εἰ
2415 2707 2525 2779 γὰρ
2569 2708 2664 2762 καὶ
2712 2707 2808 2760 νῦν
2845 2708 3042 2778 αἷμασι
3099 2708 3396 2778 χαίρουσιν
3445 2708 3472 2760 ὅ
3505 2725 3560 2760 τε
3599 2706 3718 2758 λέων

2151 2798 2245 2855 καὶ
2292 2800 2325 2870 ἡ
2357 2797 2645 2868 πάρδαλις,
2675 2795 2792 2851 ἀλλ’
2812 2796 2963 2868 ὅμως
2993 2797 3087 2850 καὶ
3118 2795 3297 2850 ταῦτα
3325 2795 3404 2867 τῷ
3449 2797 3594 2866 νόμῳ
3629 2794 3717 2862 τῆς

2151 2891 2365 2961 φύσεως
2403 2888 2822 2960 ὑποτεταγμένα
2861 2889 3098 2960 καρποῖς
3131 2887 3472 2960 διετρέφετο.
3514 2885 3714 2953 Ἐπειδὴ

2148 2983 2206 3038 δὲ
2235 2985 2262 3037 6
2287 2981 2418 3046 Θεὸς
2465 2981 2918 3052 ὲκδεδιῃτημένον
2972 2978 3080 3036 εἶδε
3111 2981 3204 3034 τὸν
3256 2982 3569 3052 ἄνθρωπον,
3609 2979 3717 3031 δευ-

2149 3079 2293 3150 τέρῳ
2351 3078 2501 3147 νόμῳ
2539 3076 2680 3146 μετά
2726 3075 2819 3129 τὸν
2870 3075 3258 3148 κατακλυσμὸν
3315 3077 3529 3132 πάντων
3578 3071 3712 3140 αὐτῷ

455 3170 580 3232 post
603 3160 868 3230 diluvium
898 3169 1229 3230 potestatem
1259 3159 1308 3214 ei
1330 3158 1735 3214 facitomnibus
1755 3159 2035 3214 vescendi.

2147 3144 2426 3240 συγ-λωρεῖ
2445 3144 2551 3238 τὴν
2580 3167 2906 3236 ἀπόλαυσιν,
2948 3185 2966 3220 ι
3001 3144 3189 3222 Ταῦτα
3215 3169 3398 3223 πάντα
3427 3169 3500 3232 ὡς
3523 3167 3712 3236 λάχανα

454 3253 665 3308 (iuncta
697 3249 875 3318 vobis,
906 3251 1002 3315 ait,
1037 3249 1266 3321 perinde
1289 3250 1524 3306 fruenda
1555 3251 1797 3307 concedo
1833 3263 1888 3306 ut
1911 3253 2038 3308 her-

457 3345 652 3398 barum
681 3344 854 3398 olera.
904 3343 1140 3413 Propter
1169 3341 1312 3400 banc
1342 3344 1762 3400 concessionem
1816 3345 2029 3415 reliqua

454 3435 618 3490 etiam
648 3435 904 3509 animalia
939 3433 1275 3504 quibuslibet
1305 3437 1456 3512 vesci
1486 3431 1793 3507 coeperunt.
1848 3435 2038 3508 itaque

454 3529 543 3582 leo
571 3529 894 3584 carnivorus
958 3519 1027 3583 ab
1056 3543 1122 3583 eo
1177 3536 1423 3599 tempore
1477 3528 1602 3598 fuit,
1657 3539 1712 3585 et
1745 3531 2038 3586 morticina

454 3620 704 3674 vultures
733 3622 1052 3676 observant.
1090 3609 1202 3676 Nec
1232 3619 1380 3700 enim
1411 3620 1462 3675 id
1493 3623 1756 3692 temporis
1781 3638 1892 3692 quo
1915 3622 2036 3694 pri-

453 3729 602 3768 mum
635 3714 955 3768 oriebantur
981 3713 1264 3780 animalia,
1296 3724 1498 3770 terram
1517 3716 1764 3770 vultures
1796 3716 2037 3772 circum-

454 3805 797 3874 spectabant,
821 3814 878 3860 ut
903 3806 968 3860 ad
1003 3804 1218 3876 pastum
1249 3806 1513 3862 cadavera
1535 3821 2032 3878 consequerentur,

457 3899 553 3952 sed
617 3897 669 3952 in
707 3898 880 3967 pratis
932 3898 1248 3954 alimoniam
1287 3899 1627 3970 quaerebant.
1686 3901 1947 3973 Videmus
1982 3912 2037 3958 et

458 3988 620 4044 hodie
652 4003 816 4044 canes
847 3981 1228 4046 medicamenti
1287 4006 1452 4047 causa
1483 3985 1728 4064 gramine
1785 4004 2036 4062 saepenu-

456 4096 610 4136 mero
647 4079 814 4150 pasci,
845 4096 953 4135 non
985 4081 1132 4152 quod
1159 4082 1267 4139 hoc
1289 4082 1627 4139 nutrimento
1650 4084 1801 4138 velut
1839 4084 2036 4138 idoneo

457 4181 770 4240 vescantur,
799 4173 894 4228 sed
924 4174 1052 4254 quia
1080 4167 1330 4230 doctrina
1367 4175 1602 4245 quadam
1662 4169 1894 4236 naturae,
1949 4175 2035 4229 di-

456 4266 662 4323 scendo
698 4283 807 4320 non
851 4276 1131 4336 percepta,
1185 4269 1420 4340 tendunt
1467 4269 1533 4322 ad
1574 4283 1639 4323 ea
1674 4269 1902 4322 rationis
1936 4283 2034 4324 cx-

454 4349 636 4430 pertes
666 4360 857 4416 bestia
888 4376 1008 4430 qua:
1031 4361 1166 4431 ipsis
1189 4347 1344 4416 utilia
1375 4371 1524 4416 sunt.
1556 4361 1838 4435 Ejusmodi
1864 4362 2035 4422 fuisse

452 4440 585 4506 tunc
613 4449 868 4506 animalia
896 4453 1187 4508 carnivora
1240 4455 1508 4525 cogitabis
1537 4495 1552 4520 ,
1607 4471 1729 4526 qua:
1786 4457 2034 4527 gramine

453 4543 664 4598 scilicet
701 4543 849 4599 vesci
876 4546 1299 4611 consueverint,
1344 4553 1456 4602 nan
1482 4547 1587 4602 sibi
1627 4547 1864 4616 invicem
1897 4549 2033 4604 insiq
2069 4543 2082 4557 “

453 4633 611 4690 diari.
649 4635 811 4690 Fat-ta
844 4645 928 4691 est
955 4638 1120 4708 igitur
1145 4635 1429 4694 fruitionis
1495 4639 1690 4694 borum
1745 4641 2033 4696 concessio

453 4735 571 4795 post
611 4726 895 4794 diluvium,
920 4729 1066 4785 sicut
1097 4713 1394 4790 indicatum
1416 4739 1499 4786 est
1534 4731 1825 4787 hactenus.
1855 4733 2034 4787 Enim-

456 4833 586 4871 vero
615 4829 742 4872 sunt
777 4819 1054 4891 hodieque
1107 4820 1384 4885 nonnulli,
1434 4821 1526 4889 qui
1560 4809 1724 4877 vitam
1771 4838 1923 4879 suam
1965 4826 2032 4879 ad

455 4907 820 4963 imitationem
853 4911 979 4966 vitae
1010 4911 1274 4980 paradisi,
1303 4922 1569 4981 quantum
1603 4914 1726 4982 ejus
1751 4914 1865 4970 ﬁeri
1908 4925 2032 4986 pot-

451 5005 552 5062 est,
590 4997 941 5055 instituentes
973 5017 1001 5054 a
1039 5001 1272 5055 nimium
1305 4988 1607 5058 crassa'illa
1630 4990 1873 5059 ciborum
1901 5005 2034 5062 frui-

454 5095 600 5143 tione
627 5091 918 5159 abhore‘nt,
956 5103 1020 5146 ac
1055 5101 1168 5146 tum
1195 5092 1461 5149 fructibus
1496 5104 1608 5168 tum
1639 5084 1944 5152 seminibus
1976 5107 2032 5153 et

450 5180 704 5236 otttnibus
735 5180 800 5235 iis
840 5187 961 5250 qua:
990 5178 1057 5235 de
1089 5182 1380 5239 arboribus
1411 5174 1744 5255 proveniunt
1766 5185 2028 5244 'utuntur.

450 5267 802 5340 Qitazcunque
833 5272 1042 5327 scilicet
1074 5286 1273 5343 prteter
1320 5279 1434 5332 hanc
1480 5271 1822 5349 supervanea
1874 5283 2027 5348 sunt,

2141 3263 2336 3335 χόρτου
2356 3261 2600 3330 φάγεσθε
2642 3277 2662 3313 ι
2701 3259 2896 3315 εἰπών.
2926 3260 3113 3330 Ταύτῃ
3153 3261 3255 3329 μὲν
3299 3257 3391 3316 οῦν
3420 3263 3484 3331 τῇ
3519 3275 3711 3328 συγχω-

2143 3357 2300 3429 ρήσει
2327 3355 2422 3407 καὶ
2451 3352 2520 3406 τά
2554 3353 2718 3408 λοιπὰ
2762 3352 2881 3417 ζῶα
2911 3354 3004 3407 τοῦ
3034 3353 3233 3407 ἐσθίειν
3291 3354 3484 3409 ἔλαϐον
3513 3351 3706 3408 ἄδειαν.

2153 3444 2244 3510 Ἐξ
2267 3444 2474 3496 ἐκείνου
2505 3440 2564 3495 δὲ
2591 3437 2781 3494 λοιπὸν
2831 3439 3134 3510 αίμοόόρος
3165 3441 3193 3494 6
3224 3441 3389 3507 λέων,
3435 3439 3490 3511 ἐξ
3520 3437 3708 3493 ἐκείνω

2139 3535 2233 3586 καὶ
2258 3533 2431 3602 γῦπες
2460 3528 2793 3599 ἀναμένουσι
2823 3527 3144 3601 θνησιμαῖα.
3182 3528 3259 3582 Οὐ
3294 3531 3464 3601 δήπου
3499 3528 3599 3596 γὰρ
3624 3523 3710 3577 καὶ

2139 3611 2314 3695 γῦπες
2370 3623 2489 3694 ἅμα
2546 3622 2625 3694 τῷ
2655 3622 2988 3694 γεννηθῆναι
3027 3619 3143 3685 ζῶα
3189 3622 3588 3691 περιεσκόπουν
3621 3618 3707 3686 τὴν

2140 3718 2264 3787 γῆν,
2295 3716 2370 3780 ὡς
2404 3715 2612 3770 ἐκεῖθεν
2643 3711 2788 3770 οῦτοι
2818 3713 3108 3784 τραφῶσιν
3129 3729 3144 3746 ⁶
3184 3714 3324 3768 ἀλλά
3356 3713 3524 3768 ταῦτα
3547 3711 3707 3765 πάντα

2139 3809 2264 3871 τοὺς
2288 3806 2565 3876 λειμῶνας
2587 3805 2972 3876 περιήρχοντο.
3008 3805 3119 3858 Καὶ
3139 3804 3235 3859 νῦν
3263 3806 3377 3878 γὰρ
3408 3807 3566 3865 κύνας
3587 3800 3710 3872 ὁρῶ-

2140 3917 2244 3970 μεν
2274 3897 2573 3968 θεραπείας
2614 3887 2817 3950 ἕνεκεν
2843 3893 3106 3957 πολλάκις
3152 3880 3436 3965 ἄγρωστιν
3482 3895 3708 3958 ὲπινεμο·

2143 3992 2358 4061 μένους,
2410 3990 2511 4050 οὐκ
2562 3974 2752 4060 ἐπειδὴ
2802 3988 3064 4058 συμφυής
3107 3989 3255 4041 ἐστιν
3310 3989 3342 4060 ἡ
3385 3987 3574 4059 τροφὴ,
3603 3981 3704 4036 ἀλλ’

2138 4082 2328 4154 ἐπειδὴ
2357 4082 2627 4153 ἀδιδάκτῳ
2645 4081 2751 4136 τινὶ
2783 4080 3001 4149 φύσεως
3033 4080 3358 4154 διδασκαλίᾳ
3389 4080 3558 4137 ἐπίτὸ
3583 4093 3705 4145 συμ-

2139 4175 2305 4246 φέρον
2351 4175 2574 4244 ἔρχεται
2612 4174 2682 4228 τὰ
2715 4173 2910 4254 ἄλογα.
2937 4172 3183 4230 Τοιαῦτα
3208 4174 3424 4252 λόγισαι
3458 4167 3703 4227 εἶναικαὶ

2139 4271 2262 4324 τότε
2293 4268 2360 4323 τὰ
2392 4268 2663 4342 αἱμοδόρα
2691 4269 2800 4338 τῶν
2819 4268 2974 4334 ζώων
2993 4309 3008 4332 ,
3039 4268 3236 4339 χόρτον
3258 4271 3469 4334 ἑαυτοῖς
3499 4269 3574 4330 είς
3593 4279 3703 4336 τρο-

2140 4363 2247 4436 φὴν
2276 4363 2532 4426 ἐπινοεῖν,
2555 4364 2615 4415 οὗ
2642 4361 2752 4434 μὴν
2773 4361 3029 4434 ἀλλήλοις
3047 4363 3489 4418 ἐπιϐουλεύοντα.
3519 4361 3703 4427 Συγκε-

2141 4455 2390 4527 χώρηται
2419 4451 2534 4522 οὖν,
2563 4455 2638 4518 ὡς
2658 4454 2908 4526 εῐρηται,
2945 4455 3088 4524 μετά
3121 4455 3214 4510 τὸν
3244 4453 3623 4524 κατακλυσμὸν
3670 4447 3699 4517 ἠ

2142 4547 2465 4615 ἀπόλαυσις,
2500 4546 2641 4618 πλὴν
2668 4545 2805 4614 ἀλλὰ
2831 4547 2927 4600 καὶ
2956 4546 3052 4602 νῦν
3105 4548 3249 4603 κατά
3280 4549 3512 4626 μίμησιν
3538 4544 3630 4612 τῆς
3650 4542 3700 4592 ὲν

2141 4640 2220 4710 τῷ
2242 4638 2561 4709 παραδείσῳ
2603 4635 2751 4716 ζῳῆς
2787 4638 3001 4702 ἑαυτοῖς
3031 4639 3187 4716 ἀγειν
3216 4641 3552 4712 βουλόμενοι,
3586 4631 3700 4704 φεύ-

2141 4746 2333 4800 γοντες
2356 4729 2565 4802 ταύτην
2592 4728 2692 4802 τὴν
2733 4727 3000 4805 πολύυλον
3030 4731 3333 4786 ἀπόλαυσιν
3358 4731 3465 4786 τῶν
3493 4724 3698 4800 βρωμά-

2140 4835 2272 4887 των,
2301 4821 2386 4874 ἐπ’
2419 4821 2624 4873 ἐκεῖνον
2673 4819 2764 4874 τὸν
2823 4820 2961 4890 βίον,
3017 4820 3232 4885 καθὼς
3269 4817 3382 4876 οἷόν
3429 4819 3488 4872 τέ
3543 4819 3696 4876 ἐστιν,

2138 4911 2368 4974 ἑαυτοὺς
2398 4911 2685 4982 ἀγόμενοι,
2739 4915 2978 4984 καρποῖς
3020 4916 3116 4968 καὶ
3150 4917 3432 4986 σπέρμασι
3479 4905 3696 4964 καὶτοῖς

2139 5005 2200 5056 ἐκ
2238 5001 2347 5057 τῶν
2374 5003 2696 5076 ἀκροδρύων
2740 5005 2820 5068 είς
2868 5006 3149 5078 διαγωγὴν
3192 5007 3497 5080 χρώμενον
3549 4999 3604 5054 τὸ
3643 4993 3694 5046 δδ

2138 5095 2403 5168 περισσὸν
2425 5096 2634 5150 τούτων
2653 5096 2728 5161 ὡς
2749 5097 2850 5151 οὐκ
2889 5099 3190 5167 ἀναγκαῖον
3221 5091 3660 5169 ἀποστρεφόμεθα
3677 5101 3690 5116 '

2136 5190 2196 5242 ού
2219 5189 2330 5260 γὰρ
2365 5188 2630 5260 βδελυκτὰ
2657 5189 2745 5244 διὰ
2779 5193 2870 5245 τὸν
2900 5188 3168 5248 κτίσαντα
3187 5233 3202 5262 ,
3250 5192 3369 5247 οὐδὲ
3400 5187 3587 5258 αἱρετά
3613 5177 3692 5236 διὰ

2135 5277 2236 5350 τῆν
2264 5282 2365 5353 τῆς
2397 5283 2598 5351 σαρκὸς
2628 5283 2943 5340 εὐπάθειαν.

454 5375 708 5436 tanquam
737 5378 845 5419 non
878 5370 1184 5424 necessaria
1249 5385 1590 5430 recusamus.
1645 5361 1860 5430 Etenim
1925 5390 2027 5431 nec
2066 5375 2460 5433 abominabilia
2489 5378 2674 5456 putari
2741 5375 2942 5435 debent
2973 5388 3201 5452 propter
3259 5380 3576 5439 creatorem.
3600 5374 3692 5422 nec

448 5453 754 5522 expetenda
785 5468 1120 5527 magnopere
1140 5469 1368 5531 prepter
1403 5465 1590 5521 carnis
1624 5465 1814 5523 luxum
1857 5477 1914 5524 et
1961 5459 2026 5523 ad
2070 5467 2296 5524 delicias
2334 5453 2788 5540 propensionem.
3066 5469 3068 5472 ’

865 5551 939 5607 De
966 5557 1206 5634 carnium
1238 5561 1605 5617 visceratione.

518 5641 628 5712 35
661 5641 795 5699 Novi
830 5658 902 5715 te,
945 5649 1144 5708 dilecte
1177 5655 1272 5728 ﬁli,
1312 5657 1413 5713 hac
1445 5659 1611 5715 etiam
1642 5659 1695 5716 in
1734 5670 1886 5731 parte
1907 5675 2016 5718 non

517 5803 561 5835 "
591 5787 727 5857 Gen.
755 5808 908 5871 1,29.

2645 5561 2785 5638 Περὶ
2809 5569 3227 5641 κρεωδαισίας.

2195 5653 2327 5717 Οἶδα
2382 5661 2462 5731 δὲ,
2499 5661 2776 5738 ἀγαπητὲ,
2810 5665 2892 5721 ὅτι
2951 5665 3049 5721 καὶ
3097 5667 3190 5722 ἐπὶ
3227 5663 3401 5732 τούτῳ
3423 5655 3688 5729 ἡπόρηκαϐ
